3956 6324
126 275 213 338 3⁷21
1173 284 1560 346 Dl;\I.OGUS
1599 284 1906 344 CONTRA
1933 284 2265 344 JUD.’EOS.

3255 285 3359 350 922

121 389 398 442 emundant
441 389 576 446 sicut
629 398 953 459 argentum,
1007 399 1061 445 et
1107 393 1248 447 sicut
1304 410 1494 448 aurum
1547 396 1611 448 ".
1659 414 1677 446 ι
1715 405 1757 460 Α
1791 397 2105 450 incoctum:
2139 405 2192 448 et
2238 395 2401 448 homo
2450 395 2623 464 magis
2680 395 2978 449 honoratus
3022 396 3150 457 erit,
3188 411 3350 465 quam

123 479 261 544 de
290 481 365 532 illi
399 481 614 534 Davidis
645 482 918 550 geminum
950 490 1033 536 est
1067 501 1081 537 :
1118 502 1137 535 ι
1172 484 1314 553 lgnis
1349 495 1475 540 ante
1503 487 1678 554 ipsum

121 573 396 638 przecetlet,
461 581 517 626 et
591 573 945 626 inﬂammabit
1012 575 1064 628 in
1131 576 1364 631 circuitu
1430 578 1681 635 inimicos

117 663 314 731 ejus".
352 683 369 713 ι
407 662 667 717 Salomon
703 665 774 716 ita
821 677 935 716 rem
978 666 1234 734 proponit
1267 684 1282 721 :
1321 685 1339 719 t
1379 667 1530 723 Tunc
1562 679 1680 722 sta-

120 753 391 819 buntjusti
429 755 481 806 in
538 770 726 824 magna
762 755 1070 808 constantia
1110 757 1374 814 adversus
1423 773 1536 822 eos,
1587 760 1677 827 qui

115 860 166 895 se
185 845 712 911 angustiaverunt,et
735 846 823 912 qui
860 846 1196 900 abstulerunt
1223 848 1434 902 labores
1463 865 1676 902 eorum.

118 936 362 987 Videntcs
393 935 752 988 turbabuntur
787 938 985 989 timore
1015 937 1284 1001 horribili.
1313 949 1368 994 et
1400 942 1680 994 mirabmh

116 1039 190 1077 tur
224 1028 274 1078 in
308 1027 642 1082 subitatione
672 1030 965 1096 inteperatm
994 1031 1185 1085 salutis
1215 1032 1279 1088 ".
1315 1050 1334 1082 ι

173 1148 434 1201 Ca‘tcmm
475 1147 640 1198 David
676 1159 778 1198 non
823 1146 1087 1212 judicium
1138 1147 1320 1210 modo,
1363 1149 1458 1202 sed
1499 1149 1676 1202 locum

111 1239 444 1307 adeojutlicii
473 1238 734 1306 prodidit,
762 1238 813 1290 in
850 1237 967 1291 hate
1001 1241 1162 1293 verba
1192 1256 1206 1293 :
1240 1258 1258 1289 ι
1297 1239 1532 1294 L:etatus
1557 1256 1677 1293 sum

109 1332 156 1382 in
207 1333 291 1383 his
339 1346 457 1398 qua:
513 1329 656 1383 dicta
709 1340 835 1383 sunt
875 1330 1027 1394 ntihi,
1088 1331 1141 1384 in
1198 1332 1415 1385 domum
1469 1331 1676 1384 Domini

110 1419 346 1472 ibimus:
380 1421 602 1475 Stantes
650 1429 809 1473 erunt
850 1423 1013 1488 pedes
1059 1423 1229 1475 nostri
1285 1423 1335 1474 in
1389 1422 1542 1474 atriis
1574 1423 1679 1475 tuis

108 1509 447 1587 Jerusalem:
477 1511 799 1574 Jerusalem,
850 1529 972 1581 qua:
1017 1512 1325 1566 aedificatur
1373 1523 1430 1565 ut
1458 1513 1674 1576 civitas,

106 1602 254 1670 cujus
313 1605 662 1671 participatin
716 1604 835 1668 ejus
902 1606 953 1657 in
1015 1606 1280 1673 idipsum;
1341 1605 1468 1657 illuc
1531 1605 1674 1656 enim

104 1695 457 1747 ascenderunt
497 1697 690 1757 tribus,
746 1697 919 1750 tribus
974 1698 1238 1761 Domini,
1305 1697 1674 1750 testimonium

104 1787 279 1853 lsrael,
334 1790 396 1840 ad
449 1776 812 1841 conﬁtendum
867 1790 1071 1842 numini
1115 1789 1368 1844 Domini:
1401 1791 1527 1856 quia
1565 1789 1672 1841 illic

105 1879 356 1931 sederunt
391 1880 443 1932 in
471 1879 700 1947 judicio,
733 1880 890 1931 stult's
925 1897 1094 1948 super
1123 1883 1339 1933 domum
1375 1881 1540 1933 David
1567 1881 1664 1932 ι’.»

104 1968 162 2020 ΕΙ.
196 1969 403 2026 Isaias:
447 1990 463 2022 ι
504 1970 656 2023 Tunc
717 1973 878 2024 stabit
931 1974 982 2024 itt
1033 1973 1236 2040 judicio
1286 1972 1564 2036 Dominus,
1618 1981 1673 2027 et

101 2070 296 2114 statuet
335 2063 396 2115 ad
439 2063 705 2129 judicium
757 2063 1010 2130 populum
1045 2079 1225 2116 suum.
1260 2061 1374 2132 Ipse
1413 2064 1672 2116 Dominus

104 2153 451 2220 adjudicium
487 2155 667 2206 veniet
703 2168 823 2206 cum
873 2154 1182 2206 senioribus
1231 2152 1430 2220 populi,
1465 2161 1518 2205 et
1549 2167 1669 2205 cum

104 2244 430 2313 principibus
477 2247 593 2312 ejus
619 2245 682 2297 η.
718 2263 736 2295 ι
779 2245 842 2297 Et
871 2259 1090 2296 rursum
1126 2260 1141 2296 :
1184 2263 1200 2294 ι
1243 2245 1364 2297 Haec
1400 2246 1533 2298 dicit
1570 2245 1671 2297 Do-

108 2335 294 2388 minus.
351 2336 443 2388 Die
496 2335 583 2386 illa
641 2335 918 2387 illucescet
979 2333 1119 2387 Deus
1169 2334 1220 2386 in
1272 2333 1497 2388 consilio
1547 2347 1669 2386 eum

104 2424 263 2488 gloria
319 2439 479 2490 super
528 2430 754 2487 terram,
808 2433 865 2478 ut
899 2423 1107 2476 exaltet
1143 2431 1197 2477 et
1238 2423 1502 2490 gloriticet
1536 2422 1671 2477 resi-

103 2514 257 2565 duum
292 2511 479 2566 Israel.
515 2513 580 2564 Et
610 2514 738 2576 erit,
765 2514 906 2579 quod
936 2512 1202 2578 reliqutun
1237 2511 1398 2565 fuerit
1430 2513 1482 2564 in
1514 2511 1666 2576 Sion,

103 2615 147 2655 et
175 2604 313 2670 quod
344 2604 670 2656 remanserit
700 2603 754 2656 in
779 2602 1109 2668 Jerusalem,
1135 2603 1308 2657 sancti
1334 2604 1671 2657 vocabuntur

103 2710 280 2748 mones
320 2695 506 2763 scripti
545 2696 610 2748 ad
649 2695 810 2749 vitam
854 2695 906 2749 in
935 2685 1263 2750 Jerusalem.
1302 2695 1495 2748 Abluet
1523 2695 1666 2749 enim

110 2782 356 2839 Dominus
379 2785 596 2838 sordem
622 2785 853 2839 liliorum
879 2796 933 2840 et
961 2785 1192 2838 filiarum
1224 2786 1379 2848 Sion,
1401 2796 1454 2839 et
1475 2801 1671 2840 emun-

103 2874 237 2928 dabit
267 2876 590 2944 sanguinem
623 2879 688 2931 de
712 2877 891 2931 medio
918 2891 1112 2929 eorum
1143 2877 1195 2928 in
1227 2878 1423 2944 spiritu
1452 2876 1666 2946 judicii,

105 2973 152 3016 et
181 2965 374 3033 spiritu
433 2967 826 3021 combustionis
849 2969 916 3024 ”.
948 2986 965 3018 ι
995 2967 1096 3022 Ubi
1161 2983 1259 3036 per
1317 2969 1422 3023 duo
1465 2967 1666 3031 judicia

110 3058 391 3122 requietem
419 3070 580 3126 atque
604 3060 1120 3128 pmnamsignilicat.
1155 3059 1264 3126 «Et
1285 3062 1464 3113 veniet
1490 3061 1670 3113 Domi-
1700 3097 1741 3152 Ο

112 3158 296 3210 nus,et
315 3149 420 3201 erit
442 3151 620 3204 ontnis
659 3150 810 3205 locus
850 3153 1049 3206 montis
1079 3151 1234 3217 Sion,
1261 3161 1316 3206 et
1342 3153 1522 3204 omnia
1551 3167 1669 3219 quzc

113 3238 156 3289 in
189 3239 414 3293 circuitu
443 3240 558 3310 ejus
603 3250 751 3304 sunt,
776 3243 1132 3296 εοιιιιιιιὶπτώἰι
1173 3247 1346 3296 nubes
1377 3258 1473 3309 per
1505 3244 1669 3309 diem,

109 3337 154 3380 et
177 3338 428 3399 tanquam
467 3332 638 3397 fumo,
663 3342 716 3386 et
743 3334 862 3387 luce
897 3335 1035 3403 ignis
1061 3335 1285 3387 ardente
1317 3348 1413 3402 per
1437 3343 1670 3398 noctem,

107 3437 153 3478 et
184 3430 324 3481 omni
367 3428 540 3496 gloria
575 3439 908 3498 protegi-tur.
965 3429 1030 3482 Et
1079 3432 1185 3484 erit
1235 3429 1288 3482 in
1325 3430 1570 3483 umbram
1602 3432 1671 3483 ab

107 3529 222 3569 aastu
262 3535 358 3586 per
390 3520 555 3580 diem,
605 3529 658 3572 et
703 3520 758 3572 in
805 3521 1225 3587 pretectlonem,
1258 3527 1312 3573 et
1357 3521 1408 3572 in
1444 3521 1670 3573 abscon-

109 3608 299 3660 siunem
355 3611 422 3662 ab
472 3610 762 3678 asperitate
805 3619 858 3663 et
893 3610 1068 3678 pluvia
1101 3611 1166 3664 ’⁸.
1207 3629 1224 3661 ι
1261 3626 1280 3659 ‹
1318 3609 1382 3662 Et
1416 3610 1670 3664 humilia-

112 3701 238 3751 bitur
269 3698 452 3764 homo,
484 3710 537 3752 et
561 3701 992 3754 debonorabitur
1019 3704 1122 3764 vir,
1157 3712 1210 3755 et
1231 3701 1372 3754 oculi
1409 3701 1670 3756 sublimes

112 3792 560 3850 bumilinbttntttr;
598 3801 652 3844 et
694 3793 1022 3846 exaltabitur
1061 3792 1320 3846 Dominus
1349 3791 1587 3846 Sabaoth
1616 3793 1667 3844 in

111 3886 309 3951 iudicio,
334 3896 388 3940 et
412 3885 552 3940 Dens
575 3895 797 3940 sanctus
819 3883 1211 3954 glorineabitur
1244 3885 1296 3938 in
1320 3883 1535 3951 justitia
1563 3884 1628 3932 ‘9.
1645 3900 1664 3934 ι

112 3982 162 4033 Et
201 3981 325 4035 alibi
358 3998 372 4034 :
405 3999 424 4031 ι
461 3980 634 4046 Prope
683 3989 766 4034 est
821 3981 935 4034 dies
981 3979 1215 4042 Domini,
1261 3989 1314 4031 et
1355 3977 1610 4031 contritio
1635 3991 1668 4030 a

111 4070 200 4123 Deo
223 4072 423 4124 veniet.
476 4072 706 4138 Pr0pter
749 4071 848 4123 hoc
890 4071 1065 4122 omnis
1099 4084 1291 4122 manus
1322 4067 1667 4133 dissolvetur,

113 4169 157 4213 et
181 4146 354 4215 omnis
391 4161 570 4211 anima
624 4159 860 4212 hominis
905 4159 1238 4212 formidabit.
1281 4157 1672 4213 Turbabuntur

115 4251 280 4320 legati,
314 4258 372 4302 et
404 4249 620 4302 dolores
655 4263 746 4301 eos
776 4248 1050 4308 tenebunt,
1080 4249 1233 4316 quasi
1270 4248 1516 4302 mulieris
1545 4264 1671 4318 par-

115 4341 352 4394 lurientis
383 4359 397 4392 :
434 4348 489 4392 et
519 4338 884 4391 contlolebunt
913 4337 1050 4392 alter
1083 4339 1148 4391 ad
1192 4337 1446 4402 alterum,
1478 4349 1533 4394 et
1556 4346 1672 4391 stu-

1792 484 1926 552 lapis
1955 484 2022 535 de
2052 481 2272 550 Snpltir.
2298 480 2507 541 Caelum
2533 484 2677 536 enim
2711 484 3105 551 indignabitur,
3137 493 3192 538 et
3218 495 3360 539 terra

1791 576 2135 630 concutietur
2165 590 2192 624 a
2249 563 2618 628 fundamentis
2666 577 2799 641 suis,
2854 586 3074 643 prepter
3124 576 3363 629 furorem

1780 655 1882 725 ira:
1919 668 2128 722 Domini
2167 669 2431 733 Sabaoth,
2467 669 2518 721 in
2549 669 2635 721 die
2664 669 2777 733 illa,
2826 685 2945 738 qua:
2988 671 3366 738 supervenerit
3390 677 3402 689 '

1785 760 1940 812 furor
1956 758 2146 828 ejus".
2165 777 2182 809 ι
2211 758 2329 812 Alio
2354 758 2471 810 loco
2494 757 2570 811 sic
2595 758 2734 809 idem
2763 759 2947 811 i5lhzec
2971 759 3361 827 prcscquilur:

1791 869 1810 901 ι
1850 850 2157 919 Consurget
2203 849 2462 903 Dominus
2515 849 2753 901 Sabaoth
2811 850 2862 900 in
2915 852 3050 904 valle
3095 851 3360 906 Gabaon:

1784 957 1906 995 cum
1948 939 2132 994 furore
2163 940 2329 994 faciet
2368 950 2528 1009 opera
2577 955 2698 1005 sua,
2742 940 3118 993 amaritudinis
3155 957 3357 1009 Opera:

1787 1031 1936 1085 furor
1992 1033 2108 1101 ejus
2168 1032 2348 1099 alieno
2420 1042 2625 1096 utetur,
2703 1043 2759 1087 et
2819 1033 3122 1086 amaritudo
3191 1036 3364 1090 aliena

1783 1132 1838 1176 et
1905 1138 1998 1175 vos
2048 1125 2215 1176 nolite
2271 1125 2463 1189 laetari,
2522 1140 2697 1194 neque
2744 1125 3123 1179 confortentur
3148 1125 3362 1180 vincula

1784 1223 1963 1266 vestra
2000 1230 2014 1264 :
2049 1215 2173 1283 quia
2217 1226 2626 1268 consummatas
2670 1224 2724 1269 et
2765 1216 3109 1270 abbreviatas
3153 1231 3241 1270 res
3271 1232 3368 1270 au-

1783 1307 1890 1360 divi
1925 1322 1954 1359 a
1993 1307 2221 1372 Domino
2285 1306 2546 1368 Sabaoth,
2591 1321 2728 1374 quas
2780 1307 3030 1369 [πριιιιιῦ
3071 1318 3153 1361 est
3203 1321 3366 1373 super

1783 1414 2000 1452 onmem
2036 1409 2238 1452 terram
2265 1400 2331 1452 “.
2371 1418 2390 1450 ι
2431 1399 2490 1452 Ει
2527 1398 2705 1466 capite
2738 1401 2984 1466 sequenti
3019 1400 3133 1454 ltmc
3165 1400 3360 1458 habet:

1789 1505 1808 1538 ‹
1846 1489 1977 1542 Cum
2012 1489 2250 1543 viderint
2277 1504 2441 1558 opera
2491 1505 2646 1554 mea,
2697 1490 3114 1544 sanctiﬁcabunt
3163 1506 3360 1545 nomen

1783 1596 1987 1645 meum,
2024 1589 2078 1635 et
2129 1582 2552 1636 sanetiticabunt
2592 1592 2838 1635 sanctum
2888 1583 3056 1650 ipsius
3097 1582 3263 1636 Jacob
3309 1566 3364 1638 e't

1783 1670 1948 1724 Deum
2002 1672 2167 1725 Israel
2220 1672 2577 1727 timebunt".
2628 1692 2647 1724 ι
2712 1676 2880 1727 Amos
2935 1673 3048 1726 luce
3099 1673 3361 1741 reliquit:

1712 1741 1754 1796 Β
1792 1781 1810 1812 ι
1849 1761 1950 1828 Qui
1979 1763 2212 1817 aedificat
2241 1765 2297 1815 in
2344 1764 2482 1818 coelo
2543 1764 2915 1818 ascensionem
2963 1779 3137 1828 suam,
3194 1773 3246 1818 et
3282 1779 3367 1819 se-

1784 1855 2074 1907 curitatem
2139 1870 2294 1908 suam
2352 1871 2515 1923 super
2566 1863 2766 1908 terram
2832 1853 3022 1907 fundat
3070 1871 3084 1908 :
3129 1856 3221 1922 qui
3275 1855 3370 1926 νζ)-

1782 1953 1871 1997 cat
1925 1959 2120 2012 aquam
2171 1948 2361 2008 maris,
2416 1956 2472 2000 et
2525 1945 2751 1999 eﬂ’undit
2797 1961 2916 1999 eam
2969 1959 3131 2014 super
3168 1945 3366 2000 faciem

1782 2044 1941 2090 terrae
1968 2036 2034 2088 ”.
2073 2055 2092 2088 ι

1853 2146 2050 2202 Notate
2080 2147 2370 2217 diligenter
2399 2155 2718 2215 conceptam
2752 2147 2972 2202 inverso
3001 2149 3191 2204 ordine
3230 2164 3360 2205 sen-

1784 2240 2034 2291 tentiam.
2094 2237 2227 2291 Nam
2274 2239 2415 2306 quod
2470 2238 2626 2302 dicit,
2667 2239 2972 2305 hujttsmodi
3015 2249 3139 2293 est:
3168 2240 3360 2300 Omni-,-

1781 2343 1974 2400 potens
2006 2332 2132 2396 ille,
2181 2340 2235 2385 et
2282 2331 2524 2387 universi
2574 2331 2794 2386 molitor
2847 2332 3011 2397 Deus,
3061 2331 3152 2402 qui
3201 2333 3368 2390 maris

1783 2437 1957 2490 aquas
1991 2421 2047 2475 in
2083 2422 2248 2476 totius
2279 2433 2436 2476 terrae
2468 2423 2643 2477 solum
2675 2421 2921 2488 elTundit,
2958 2423 3024 2477 ad
3060 2429 3364 2477 extremum

1781 2514 1837 2568 in
1872 2525 2072 2568 terram
2119 2529 2272 2567 suam
2318 2514 2672 2569 stabilitatem
2710 2514 2969 2584 deﬁgens,
3003 2515 3054 2570 id
3086 2526 3192 2577 est,
3224 2515 3364 2579 citra

1783 2615 2066 2672 peccatum
2101 2604 2261 2658 homo
2294 2603 2472 2658 factus
2503 2605 2657 2674 (nam
2687 2606 2960 2659 stabilitas
2982 2607 3052 2659 sit
3091 2603 3216 2659 Filii
3245 2619 3367 2658 cor-

1782 2692 1916 2760 pus)
1974 2694 2307 2758 incarnatus,
2364 2702 2419 2748 et
2462 2699 2749 2749 contraeto
2799 2694 3030 2764 carpere
3082 2693 3223 2749 inter
3269 2708 3368 2749 nos

1781 2798 1971 2838 servos
2013 2793 2285 2846 versatus,
2343 2799 2472 2838 suos
2522 2786 2576 2839 in
2621 2787 2760 2840 coelo
2805 2787 3006 2855 gradus
3054 2786 3363 2840 aediﬁcavit.

1780 2869 1896 2926 Joel
1931 2889 1944 2925 :
1984 2890 2002 2922 ‹
2042 2870 2133 2926 Sol
2163 2884 2513 2929 convertetur
2545 2875 2598 2928 itt
2629 2874 2904 2941 tenebras,
2931 2886 2983 2930 et
3009 2875 3136 2930 luna
3162 2877 3213 2929 in
3239 2891 3364 2931 san-

1781 2965 2021 3030 guinem,
2072 2975 2366 3036 antequam
2423 2966 2603 3019 veniat
2650 2968 2764 3020 dies
2800 2966 3012 3020 Domini
3046 2951 3272 3036 magnus
3309 2976 3368 3021 et

1781 3057 2030 3111 illustris.
2079 3059 2144 3110 Et
2182 3059 2285 3112 erit
2327 3075 2342 3115 :
2395 3057 2590 3112 Omnis
2641 3059 2731 3127 qui
2780 3059 3120 3112 invocarerit
3169 3061 3402 3113 nomen

1781 3148 2015 3215 Domini,
2057 3149 2238 3203 salvus
2268 3148 2376 3203 erit
2397 3149 2465 3202 ".
2502 3167 2520 3200 ι
2570 3147 2632 3204 lit
2671 3165 2766 3216 per
2797 3150 3130 3218 Sophoniam
3180 3147 3362 3205 Deus:-

1784 3259 1804 3292 ι
1845 3240 2144 3294 Tribulabo
2177 3241 2445 3306 homines,
2482 3250 2535 3295 et
2566 3240 2919 3296 ambulabunt
2952 3249 3020 3316 ,ιιι
3053 3241 3204 3305 caeci,
3231 3242 3360 3310 quia

1784 3332 2012 3386 Domino
2045 3335 2501 3402 peccaverunt".
2535 3351 2552 3384 ι
2594 3331 2854 3400 Equidem
2881 3348 2984 3386 non
3024 3332 3158 3386 dixit
3187 3334 3361 3397 Deus;

1778 3425 1903 3490 quia
1937 3425 2071 3477 mihi
2099 3426 2506 3490 peccaverunt,
2554 3425 2648 3478 sed
2701 3423 2929 3481 Domino
2993 3423 3200 3478 scilicet
3232 3425 3364 3479 cha-
3400 3411 3404 3415 ’

1776 3518 1995 3572 rissimo
2047 3516 2207 3571 Filio.
2251 3513 2439 3584 itaque
2488 3525 2550 3569 et‘
2597 3513 2858 3569 Dominus
2928 3531 3079 3570 meus
3130 3516 3363 3585 majores

1729 3676 1736 3682 _
1775 3619 1988 3663 vestros
2039 3607 2324 3677 alloquens
2370 3608 2447 3661 ait
2483 3622 2498 3662 :
2539 3625 2557 3659 ι
2595 3606 2655 3662 ln
2690 3607 2954 3678 judicium
2997 3622 3098 3672 ego
3132 3606 3184 3662 in
3218 3608 3362 3663 hune

1778 3695 2039 3748 mundum
2075 3694 2196 3750 veni
2232 3711 2246 3748 :
2281 3704 2340 3748 ut
2368 3694 2458 3761 qui
2489 3709 2592 3748 non
2637 3695 2840 3752 vident.
2879 3694 3119 3762 videant,
3165 3703 3220 3749 et
3266 3696 3357 3764 qui

1776 3788 1980 3851 vident,
2032 3786 2160 3840 caeci
2213 3785 2432 3839 ﬁant".
2479 3803 2496 3835 ι
2537 3783 2844 3840 Jeremias:
2884 3803 2902 3834 ι
2932 3783 3136 3854 Aspexi
3187 3781 3361 3854 super

1779 3887 1977 3930 terram
2005 3895 2018 3931 :
2043 3886 2097 3930 et
2125 3891 2251 3929 ecce
2283 3874 2415 3929 nihil
2449 3893 2463 3929 :
2499 3883 2553 3929 et
2579 3876 2630 3929 in
2668 3875 2861 3930 ccelum
2890 3891 2904 3940 ;
2944 3883 2997 3929 et
3041 3892 3145 3929 non
3191 3885 3348 3930 erant

1746 3966 1980 4022 'lmnina
2025 3966 2160 4034 ejus,
2224 3975 2280 4019 et
2332 3965 2440 4018 vidi
2496 3973 2743 4031 montes;
2789 3975 2845 4019 et
2882 3980 3011 4019 ecce
3048 3973 3203 4020 erant
3251 3975 3361 4022 tre-

1776 4066 2012 4123 mentes,
2035 4067 2090 4112 et
2111 4072 2305 4113 omnes
2336 4057 2501 4111 colles
2528 4057 2772 4112 turbatos
2797 4073 2825 4110 a
2852 4058 2992 4112 facie
3010 4059 3222 4113 Domini
3243 4059 3309 4113 ".
3335 4078 3354 4112 ι

1779 4152 1845 4206 Et
1872 4149 2086 4205 David:
2119 4167 2138 4201 ι
2178 4149 2345 4215 Vidit,
2384 4157 2440 4204 et
2474 4159 2747 4203 commota
2789 4157 2875 4204 est
2924 4159 3064 4203 terra
3096 4168 3109 4204 :
3140 4159 3356 4207 montes

1776 4257 1833 4301 et
1863 4261 2053 4301 omnes
2095 4244 2264 4299 colles
2306 4243 2452 4296 sicut
2501 4256 2626 4295 cera
2677 4242 2990 4296 ﬂuxerunt:
3031 4242 3156 4311 quia
3208 4244 3359 4297 venit

1779 4337 2079 4402 Dominus,
2148 4336 2402 4402 quoniam
2469 4334 2616 4387 venit
2659 4333 2907 4404 judicare
2967 4343 3166 4388 terram
3211 4336 3277 4390 ".
3332 4353 3351 4388 ι

114 4432 315 4496 pcbuttt,
358 4429 638 4483 etfaciem
689 4443 839 4482 suam
881 4429 1038 4497 quasi
1074 4426 1313 4494 ﬂamma,
1360 4429 1670 4483 mutabunt.
1708 4438 1752 4493 υ
1784 4456 1850 4469 -ρ
1893 4447 1910 4479 ι
1945 4427 2216 4482 Judicabit
2265 4424 2450 4479 orbem
2496 4435 2657 4478 teme
2712 4425 2765 4478 in
2820 4428 3097 4494 atquitate,
3148 4436 3204 4481 et
3257 4442 3357 4497 po-

113 4521 232 4576 llcce
264 4523 409 4576 enim
435 4521 553 4574 dies
594 4518 808 4594 Domini
835 4523 980 4574 venit
1013 4520 1356 4586 insanabilis,
1385 4520 1587 4576 furoris
1615 4529 1670 4575 et

114 4614 210 4676 iraa,
244 4613 309 4666 ad
339 4615 645 4681 ponendum
674 4614 858 4665 orbem
891 4621 1049 4666 terra:
1081 4610 1380 4678 desertum,
1403 4621 1455 4665 et
1481 4628 1670 4681 pecca-

117 4714 241 4755 tores
276 4703 584 4769 perdendos
614 4718 678 4755 ex
714 4716 800 4755 eo.
841 4700 1024 4755 Stella:
1061 4707 1205 4756 enim
1238 4701 1358 4757 caeli
1386 4712 1441 4756 et
1480 4702 1667 4767 Orion,

114 4805 156 4845 et
178 4795 350 4848 omnis
381 4801 608 4848 ornatus
639 4794 784 4859 cmli,
818 4809 924 4848 non
958 4794 1167 4848 dabunt
1188 4795 1402 4860 lumen;
1439 4805 1492 4849 et
1517 4796 1668 4850 obte-

117 4887 467 4939 ucbrabttntur
493 4886 706 4938 oriente
737 4887 886 4950 sole;
933 4894 984 4939 et
1018 4885 1141 4938 luna
1174 4903 1280 4940 non
1315 4888 1460 4941 dabit
1488 4887 1667 4941 lumen

116 4995 274 5033 suum.
308 4979 376 5032 Et
415 4979 683 5033 mandabo
713 4978 982 5032 universae
1017 4989 1172 5032 terra:
1211 4986 1374 5042 mala,
1408 4989 1461 5034 et
1492 4981 1669 5049 impiis

119 5085 313 5139 peccata
352 5087 540 5126 eorum
572 5087 590 5124 :
618 5080 672 5124 et
713 5072 932 5139 perdam
979 5070 1288 5138 superbiam
1332 5071 1665 5137 iniquorum,

118 5173 162 5216 et
193 5145 569 5218 contumeliam
619 5160 974 5230 superborum
1022 5160 1341 5215 bumiliabo.
1394 5162 1461 5215 Et
1505 5168 1669 5216 erunt

120 5257 196 5325 qui
227 5255 468 5312 derelicti
503 5254 720 5318 fuerint,
765 5253 1015 5307 honorati
1066 5234 1241 5322 magis
1273 5269 1436 5324 quam
1470 5269 1665 5308 aurum

180 5476 218 5506 "
245 5473 358 5527 lmo
387 5470 616 5524 Malaeh.
651 5484 734 5535 ιιι,
764 5469 822 5522 ‘2.
902 5467 946 5499 "
976 5467 1120 5521 Psal.
1154 5484 1300 5531 xcvr,
1338 5467 1391 5522 5.
1472 5465 1516 5499 “
1547 5468 1615 5521 Sa

125 5546 215 5599 1-1.
291 5541 338 5573 ³⁸
381 5542 518 5595 lbitl.
555 5541 609 5603 5,
643 5541 699 5594 6.
787 5540 836 5602 _"
877 5539 979 5593 lsa.
1018 5554 1071 5605 v,
1115 5538 1205 5601 15,
1241 5540 1326 5592 16.

124 5623 262 5669 Amos
298 5629 374 5672 Ix.
410 5614 467 5665 ϐ.
569 5611 616 5642 ³⁸
656 5610 770 5664 .loel
811 5625 873 5673 ιι,
905 5610 995 5662 51.
1102 5610 1148 5640 ⁸⁸
1185 5610 1352 5676 Seph.
1397 5625 1450 5672 ι,
1493 5609 1580 5661 17.

124 5688 166 5739 ὃ.
231 5689 273 5718 ³³
307 5684 452 5738 l‘sal.
501 5697 626 5750 xcv,
666 5681 753 5736 15.
831 5681 875 5711 ³ο
905 5679 1064 5734 Joan.
1105 5694 1217 5745 xiv,
1251 5680 1303 5734 ti.

1623 5483 1675 5536 p.
1715 5484 1768 5536 ν,
1811 5469 1862 5522 1.

1429 5539 1476 5570 ’⁸
1517 5537 1618 5592 Isa.
1651 5554 1776 5603 xm,

1689 5610 1736 5639 “
1763 5610 1919 5668 Joan.
1951 5628 2031 5675 XI,
2073 5612 2164 5668 59.

1384 5681 1425 5712 ³¹
1466 5679 1564 5732 lsa.
1607 5696 1661 5747 tt,
1707 5681 1794 5747 ll,
1834 5683 1888 5735 4.

1781 4523 1935 4592 pulos
1990 4520 2041 4574 in
2089 4522 2316 4573 veritate
2358 4533 2456 4571 sua
2481 4519 2550 4572 ”.
2585 4535 2605 4570 ›
2649 4515 2870 4573 Veritas
2915 4531 3094 4575 autem
3135 4527 3219 4573 est
3272 4521 3360 4591 ip-

1778 4615 1891 4670 sius
1953 4609 2295 4679 Unigenitus,
2373 4621 2431 4663 ut
2460 4609 2519 4663 in
2563 4609 2856 4678 Evangelio
2890 4612 3002 4680 ipse
3031 4612 3358 4666 conﬁrmat:

1784 4733 1802 4756 ι
1839 4705 1952 4774 Ego
1983 4719 2101 4758 sum
2144 4704 2256 4767 via,
2288 4703 2489 4758 veritas
2522 4711 2577 4758 et
2609 4702 2719 4757 vita
2745 4703 2813 4758 ³ο.
2850 4722 2869 4754 ι
2938 4703 3002 4756 Ει
3042 4702 3210 4758 Isaias
3257 4707 3360 4760 ite-

1778 4813 1898 4852 rum
1935 4814 1950 4851 :
1987 4816 2004 4848 ι
2040 4795 2386 4850 Exaltabitur
2420 4793 2686 4851 Dominus
2725 4797 2875 4851 solus
2925 4797 2976 4850 in
3008 4797 3094 4851 die
3141 4798 3264 4862 illa;
3304 4808 3361 4855 et

1779 4897 1971 4959 arguet
1998 4889 2252 4958 pupulum
2287 4886 2512 4942 multum
2536 4888 2603 4946 ³¹.
2638 4907 2656 4941 ι
2688 4887 2932 4955 Quorum
2957 4889 3241 4944 verborum
3269 4891 3360 4946 hie

1778 4990 1864 5036 est
1906 4997 2122 5036 sensus.
2159 4979 2353 5034 Veniet
2389 4980 2643 5035 Christus
2692 4981 2745 5036 in
2790 4981 3032 5048 sublimi,
3069 4982 3230 5051 inque
3258 4997 3356 5037 sua

1778 5075 1961 5128 divina
2003 5072 2314 5141 majestate,
2366 5072 2457 5142 qui
2488 5072 2873 5127 condemnabit
2898 5089 3001 5126 non
3023 5089 3234 5136 omnes,
3262 5076 3356 5129 sed

1779 5166 2162 5231 refractarios,
2200 5172 2252 5219 et
2301 5181 2426 5219 eum
2471 5179 2582 5218 non
2640 5165 2923 5218 reveritos.
2974 5165 3042 5218 Et
3090 5159 3186 5231 per
3222 5164 3359 5219 Eze-

1780 5258 2008 5313 chielem
2044 5258 2226 5312 Deus:
2267 5277 2284 5310 ι
2325 5243 2777 5327 Unumquemque
2827 5258 2882 5310 in
2930 5258 3032 5313 viis
3062 5259 3173 5312 suis
3208 5257 3361 5327 judi-

1946 5472 1988 5501 ’⁵
2025 5470 2172 5524 Psai.
2196 5481 2344 5533 cxxt,
2378 5470 2500 5524 1-5.

1875 5539 2026 5594 6-15.

2579 5471 2623 5502 ’⁸
2658 5469 2760 5526 lsa.
2789 5486 2871 5535 ιιι,
2904 5472 2989 5524 15.
3068 5471 3111 5501 ⁸⁷
3135 5469 3239 5524 lsa.
3282 5474 3358 5530 iv.

2103 5542 2147 5571 ”
2207 5541 2354 5594 Psal.
2394 5557 2586 5604 xxvm,
2617 5542 2710 5594 2|.
2788 5543 2832 5572 "
2873 5543 2973 5594 lsa.
3005 5558 3094 5606 xx,
3138 5541 3231 5594 25.
3312 5541 3358 5570 ”

2262 5612 2306 5643 ³⁷
2346 5608 2548 5666 Jerem.
2595 5623 2667 5676 ιν,
2697 5611 2786 5665 25.
2867 5612 2912 5643 ’⁸
2951 5611 3097 5666 Psal.
3127 5625 3273 5674 XCVI,
3303 5609 3359 5676 4,
