3956 6324
595 307 704 371 923
799 343 805 350 ~

1864 308 2190 372 JOANNIS
2229 307 2501 370 PHOCIE

3755 313 3847 376 935

582 400 721 453 cabo
744 413 838 454 vos
863 400 1058 456 domus
1081 401 1244 458 Israel
1265 403 1330 455 ¹¹.
1365 421 1384 456 ι
1415 400 1548 480 Vivo
1568 393 1690 472 ego,
1715 399 1846 456 dicit
1874 399 2164 455 Dominus.
2195 403 2242 458 Α
2274 398 2533 452 transibit
2565 412 2579 450 :
2616 405 2670 453 et
2701 412 2926 468 regnum
2967 400 3108 468 ejus,
3139 400 3280 469 quod
3317 414 3418 454 non
3450 414 3846 471 corrumpetur.

586 490 726 555 Quid
755 491 834 546 ait
878 495 1070 546 vates?
1102 495 1253 549 Itane
1283 504 1343 548 ut
1372 494 1497 548 vitae
1521 503 1796 550 auctorem
1830 491 2013 545 vivere
2037 502 2163 560 pro-

589 584 796 646 titeare,
852 582 943 651 qui
992 583 1240 649 spiritum
1292 593 1345 638 et
1385 585 1552 638 vitam
1599 580 1813 636 cunctis
1855 577 2179 651 viventibus.

589 670 957 738 inspiraverit.
990 669 1154 734 Sane,
1194 673 1401 741 inquit,
1446 688 1552 726 non
1588 668 1884 726 secundum
1920 667 2164 722 divinam

588 773 834 814 naturam
873 761 1036 814 Deum
1073 763 1256 818 vivere
1301 762 1597 824 conﬁrmo,
1631 760 1768 818 nihil
1805 759 1984 813 minus
2017 756 2164 829 (jam

586 865 648 903 ea
681 850 1006 929 iuuuortalis
1039 862 1123 906 est
1168 868 1230 906 ac
1263 852 1539 922 perennis)
1592 853 1688 908 sed
1726 850 2028 907 secundum
2063 850 2166 905 hu-

585 958 821 996 manam.
879 941 1075 999 Factus
1126 947 1270 998 enim
1308 955 1392 1000 est
1441 954 1665 1015 propter
1708 960 1804 1000 nos
1859 944 2023 1000 homo
2078 942 2168 997 ille

589 1034 870 1089 hominum
907 1036 1338 1101 amantissimus,
1385 1048 1440 1091 et
1482 1038 1807 1107 corruptela:
1839 1036 2167 1106 permissum

585 1139 780 1194 corpus
837 1126 904 1179 ad
965 1115 1270 1180 extremum
1325 1128 1633 1181 immortale
1689 1135 1744 1181 et
1793 1127 2167 1195 incorruptum

587 1216 846 1280 reddidit,
899 1232 962 1270 ac
1014 1224 1276 1286 perpetuo
1325 1215 1591 1268 victurum
1642 1216 1916 1286 produxit.
1954 1214 2020 1267 Et
2049 1214 2171 1282 quis

587 1324 716 1364 vero
748 1322 850 1372 eat,
883 1310 974 1378 qui
1004 1324 1126 1364 eum
1171 1309 1447 1377 peremit?
1479 1309 1696 1364 lsraelis
1732 1322 1922 1379 genus,
1958 1308 2047 1375 qui
2083 1303 2174 1358 Pi-

590 1401 761 1455 latum
797 1402 875 1454 sic
916 1403 1156 1472 aggressi
1212 1411 1381 1455 sunt:
1421 1420 1440 1453 ε
1481 1403 1706 1456 Domine
1757 1399 2025 1454 recordati
2079 1412 2174 1452 su-

585 1487 750 1564 unus,
773 1495 898 1563 quia
943 1496 1198 1548 seductor
1235 1495 1328 1549 ille
1365 1494 1503 1548 dixit
1550 1495 1727 1548 adhuc
1769 1494 1956 1548 vivens
1993 1511 2005 1545 :
2045 1490 2175 1545 Post

592 1597 706 1641 tres
742 1590 854 1642 dies
879 1603 1184 1658 resurgam.
1221 1587 1356 1652 Jube
1384 1603 1515 1658 ergo
1547 1586 1810 1641 custodiri
1840 1584 2172 1652 sepulcrum,

589 1695 761 1749 usque
787 1681 839 1734 in
870 1682 1012 1734 dietn
1051 1681 1269 1734 tertium
1304 1699 1317 1734 :
1359 1697 1428 1734 ne
1473 1679 1612 1735 forte
1660 1679 1883 1732 veniant
1924 1677 2173 1746 discipuli

2271 486 2497 544 Horruit
2544 489 2768 556 spiritus
2820 504 2994 556 meus,
3051 490 3103 543 in
3159 492 3343 545 habitu
3383 507 3534 554 meo,
3564 501 3616 544 et
3664 507 3849 548 sensus

2269 594 2448 646 meus,
2476 589 2531 634 et
2561 596 2657 637 cor
2689 597 2868 635 meum
2916 583 3193 636 turbatum
3245 582 3367 637 fuit.
3421 584 3486 638 Et
3531 584 3743 639 accessi
3789 587 3846 637 ad

2269 684 2436 723 unum
2487 670 2883 733 assistentium,
2931 681 2986 726 et
3036 673 3317 726 veritatem
3349 675 3662 743 quzerebam
3699 674 3847 726 abeo
3909 704 3912 705 ν

2270 765 2485 819 discere
2518 768 2584 821 de
2620 767 2876 820 omnibus
2910 768 3017 822 his.
3066 767 3146 822 Er
3175 768 3316 822 dixit
3362 769 3491 822 mihi
3540 770 3843 825 veritatem.

2269 868 2326 912 et
2354 855 2862 926 interpretationem
2886 872 3200 913 sermonum
3226 870 3408 914 notam
3435 861 3563 914 mihi
3598 860 3732 915 fecit
3753 860 3848 919 ".i

2269 974 2342 984 ——
2372 963 2392 998 ι
2429 943 2518 1009 Et,
2549 946 2606 1000 in
2644 954 2887 1016 tempore
2909 948 3003 1001 illo
3025 959 3319 1016 consurget
3343 948 3568 1002 Michael
3601 952 3847 1017 princeps

2272 1052 2525 1106 magnus,
2556 1039 2647 1107 qui
2675 1047 2780 1092 stat
2809 1045 2907 1106 pro
2933 1039 3057 1095 ﬁliis
3081 1041 3259 1108 p0puli
3295 1041 3390 1094 tui.
3424 1039 3489 1093 Et
3513 1041 3611 1093 erit
3641 1049 3845 1108 tempus

2275 1130 2646 1186 tribulationis
2669 1131 2949 1194 tribulatio
2975 1132 3152 1200 qualis
3179 1147 3284 1185 non
3316 1131 3434 1196 fuit,
3463 1146 3527 1185 ex
3552 1145 3665 1199 quo
3683 1131 3846 1184 factus

2273 1231 2358 1275 est
2388 1222 2552 1276 homo
2596 1238 2764 1291 super
2800 1232 3024 1283 terram,
3060 1237 3234 1291 usque
3268 1222 3333 1275 ad
3365 1233 3574 1291 tempus
3614 1221 3761 1274 illud.
3791 1219 3850 1272 Et

2274 1309 2329 1364 in
2368 1320 2610 1379 tempore
2641 1311 2729 1364 illo
2763 1311 3063 1367 salvabitur
3098 1310 3328 1381 populus
3376 1318 3496 1364 tuus
3537 1309 3738 1376 omnis,
3763 1308 3846 1378 qui

2275 1404 2515 1471 scriptus
2549 1405 2713 1458 fuerit
2744 1405 2799 1457 in
2847 1403 2986 1457 libro
3019 1420 3034 1457 :
3067 1413 3121 1458 et
3171 1403 3323 1456 multi
3367 1401 3434 1456 de
3465 1402 3547 1455 his
3595 1400 3690 1468 qui
3735 1400 3849 1453 dor-

2277 1497 2451 1551 miunt
2491 1496 2548 1550 in
2582 1503 2743 1549 terra:
2788 1494 3028 1564 pulvere,
3068 1479 3439 1564 evigilabunt,
3465 1492 3554 1561 alii
3597 1493 3650 1545 in
3694 1491 3848 1544 vitam

2277 1595 2560 1652 reternam,
2582 1586 2738 1642 etalii
2762 1587 2814 1640 in
2839 1587 3186 1656 approbrium
3215 1594 3269 1640 et
3303 1585 3672 1639 confusionem
3703 1595 3850 1636 :eter-

2281 1698 2430 1737 nam.
2468 1681 2536 1735 Et
2565 1681 2929 1748 intelligentes
2961 1678 3245 1749 fulgebunt
3289 1677 3440 1745 quasi
3469 1676 3641 1731 stella:
3675 1677 3729 1729 in
3760 1688 3851 1729 sa-

585 1777 741 1844 ejus,
802 1786 855 1829 et
909 1775 1157 1828 furentur
1203 1790 1324 1828 eum
1378 1785 1568 1838 nocte,
1646 1781 1700 1826 et
1748 1771 1932 1826 dicant
1984 1769 2168 1840 plebi:
2201 1744 2422 1838 Bcuia,
2471 1783 2526 1827 et
2565 1744 2839 1827 ultrafEt
2889 1783 2943 1825 tu
2991 1744 3178 1826 Daniel
3215 1744 3404 1826 claude
3454 1783 3758 1832 sermones,
3805 1776 3852 1820 et

591 1867 842 1921 Surrexit
872 1883 899 1920 a
935 1869 1164 1922 mortuis
1194 1885 1206 1922 :
1247 1877 1301 1921 et
1336 1868 1442 1921 erit
1471 1867 1800 1920 novissimus
1833 1878 1988 1918 error
2019 1863 2172 1932 pejor

591 1961 772 2026 priore
799 1960 866 2013 ⁸⁸.
895 1979 912 2010 ι
943 1958 1285 2028 Quapropter
1312 1959 1454 2012 velut
1477 1973 1540 2010 ex
1568 1957 1686 2024 ejus
1720 1970 1951 2027 persona
1975 1955 2173 2008 clamat

592 2051 842 2106 Ezechiel
881 2070 893 2105 :
934 2052 1191 2119 Equidem
1249 2064 1354 2102 non
1406 2063 1547 2110 sum,
1600 2047 1745 2117 quod
1798 2045 1935 2100 falso
1978 2045 2176 2120 remini

588 2142 778 2205 ludmi,
813 2125 1083 2205 mortuus,
1121 2140 1215 2193 sed
1255 2140 1328 2192 ita
1357 2137 1505 2200 vivo,
1540 2147 1598 2191 ut
1627 2152 1727 2205 pro
1761 2138 1878 2191 suis
1903 2149 2173 2204 quemque

588 2231 828 2298 moribus
891 2232 993 2285 sim
1052 2230 1418 2299 judicaturus.
1483 2225 1626 2280 Vere
1674 2227 1820 2280 enim
1873 2226 2167 2294 gloriosum

585 2323 857 2388 videbitis,
897 2333 954 2377 ut
999 2338 1120 2379 cum
1157 2323 1341 2376 divino
1372 2321 1638 2373 Zacharia
1674 2318 1865 2387 loquar
1892 2317 1960 2382 “,
2007 2330 2168 2387 quem

586 2414 927 2470 coulixistis.‘
969 2414 1275 2468 Salomonis
1333 2425 1550 2482 quoque
1609 2412 1724 2465 haec
1785 2417 1912 2463 sunt
1962 2409 2164 2463 verba:

593 2526 610 2558 ι
644 2505 904 2561 Dominus
938 2507 1101 2560 corda
1137 2505 1380 2559 omnium
1429 2504 1603 2558 noscit
1633 2520 1646 2557 :
1677 2514 1729 2557 et
1776 2501 1866 2572 qui
1916 2499 2170 2569 ﬁguravit

583 2597 834 2667 spiritum
871 2597 1146 2659 omnibus,
1199 2581 1314 2665 ipse
1367 2597 1520 2650 novit
1577 2595 1786 2659 omnia,
1845 2594 1935 2663 qui
1990 2592 2171 2646 reddit

497 2748 509 2758 ν
585 2687 879 2756 unicuique
916 2687 1066 2757 juxta
1098 2701 1263 2754 opera
1298 2686 1414 2754 ejus
1438 2685 1505 2740 ".
1539 2703 1556 2735 )
1597 2682 1750 2738 Unde
1796 2691 1851 2736 et
1908 2682 2169 2736 Dominus

586 2795 738 2833 meus
796 2779 1102 2833 Salomonis
1152 2779 1478 2831 sententiam
1511 2776 1844 2829 confirmans
1887 2775 1938 2836 in
1987 2774 2168 2828 Evan-

586 2871 724 2938 geiio
755 2871 828 2922 ait
859 2888 871 2924 :
908 2889 925 2921 ι
965 2871 1121 2924 Pater
1157 2885 1257 2923 non
1281 2871 1490 2939 judicat
1511 2885 1858 2939 quemquam,
1885 2871 1976 2924 sed
2005 2883 2166 2923 omne

580 2963 838 3029 judicium
872 2963 1018 3017 dedit
1062 2963 1195 3017 Filio
1219 2963 1338 3018 ".1

655 3052 943 3118 Cmterum,
972 3063 1030 3107 ut
1060 3054 1352 3109 ﬁrmiorem
1385 3070 1570 3110 eorum
1619 3070 1740 3125 quae
1779 3055 2032 3119 diximus,
2077 3070 2164 3108 ve-

587 3145 803 3198 ritatem
840 3155 1162 3209 statuamus,
1207 3149 1386 3200 veniat
1416 3148 1482 3201 ad
1523 3159 1706 3216 partes
1745 3158 1799 3202 et
1845 3147 2032 3201 Daniel
2077 3149 2162 3202 ille

585 3237 939 3303 admirabilis,
971 3238 1050 3290 vir
1081 3240 1378 3307 gratiosus,
1411 3250 1462 3295 et
1494 3255 1614 3310 qua:
1645 3253 1963 3310 corporatus
1987 3243 2161 3294 adhuc

583 3331 771 3383 obiens
830 3331 880 3383 in
940 3340 1119 3396 terra,
1182 3332 1441 3398 iugentia,
1514 3349 1785 3402 supraque
1855 3335 2150 3389 humanum

584 3433 794 3494 captum
833 3427 1024 3491 posita,
1066 3427 1369 3493 conspexit,
1403 3427 1547 3480 edat.
1589 3445 1607 3478 ι
1643 3429 1982 3498 Aspiciebam
2007 3468 2021 3491 ,
2074 3431 2158 3481 iu-

583 3522 736 3588 quit,
774 3520 824 3570 in
862 3521 1064 3572 visione
1094 3522 1267 3574 ncctis
1304 3537 1316 3573 :
1349 3529 1403 3573 et
1432 3535 1559 3575 ecce
1591 3536 1710 3574 cum
1744 3523 1975 3576 nubibus
2009 3523 2156 3586 coeli,

583 3616 732 3680 quasi
758 3614 922 3673 Filius
949 3614 1178 3669 heminis
1212 3618 1463 3679 veniens;
1497 3623 1550 3670 et
1581 3633 1750 3686 usque
1774 3621 1838 3670 ad
1871 3619 2165 3690 Αιιιῑιμιιιιιι

582 3715 788 3766 dierum
817 3711 1094 3777 pervenit;
1121 3712 1384 3764 etuhlulit
1410 3727 1467 3765 se
1493 3711 1545 3763 in
1576 3725 1925 3780 conspectum
1958 3714 2162 3782 ipsius:

583 3814 635 3858 et
670 3805 829 3856 datus
862 3814 942 3856 est
977 3803 1048 3856 illi
1084 3804 1437 3872 principatus,
1482 3814 1535 3856 et
1585 3805 1777 3869 honor,
1828 3815 1881 3858 et
1914 3821 2162 3875 regnum.

585 3897 646 3949 Et
694 3911 882 3949 utnnes
929 3897 1130 3962 populi,
1164 3896 1357 3958 tribus,
1413 3907 1466 3949 ct
1512 3896 1709 3964 linguae
1747 3897 1846 3966 ipsi
1897 3898 2158 3950 servient.

2275 1865 2431 1934 signa
2480 1864 2679 1918 librum
2736 1879 2908 1932 usque
2953 1863 3019 1916 ad
3081 1875 3292 1933 tempus
3337 1861 3852 1927 consummationis,

2275 1959 2451 2012 donec
2479 1957 2779 2011 doceantur
2802 1955 2981 2019 multi,
3008 1964 3062 2009 et
3087 1953 3476 2023 multiplicetur
3504 1954 3733 2008 scientia
3757 1953 3845 2005 ⁸³.»

2344 2050 2524 2115 Atque
2561 2048 2613 2101 iu
2666 2049 2810 2101 hunc
2860 2048 3079 2101 modum
3127 2063 3223 2102 nos
3263 2061 3478 2117 quoque
3527 2057 3718 2101 contra
3757 2045 3852 2100 Ec-

2272 2137 2448 2193 clesia.-
2467 2138 2642 2207 lupos,
2667 2138 2813 2191 velut
2844 2137 2958 2204 ejus
2985 2139 3187 2192 alumni
3217 2139 3638 2193 decertavimus.
3669 2137 3729 2191 ln
3753 2152 3851 2213 quo

2272 2226 2317 2280 si
2345 2239 2447 2296 pro
2475 2226 2740 2296 dignitate
2766 2225 3042 2292 diximus;
3078 2227 3340 2280 habenda:
3373 2228 3481 2282 Deo
3525 2237 3736 2296 grates,
3774 2227 3849 2283 sin

2274 2318 2477 2381 minus,
2522 2317 2684 2372 etiam
2739 2317 2819 2371 sic
2858 2316 3120 2371 habenda
3153 2327 3336 2388 grates
3383 2317 3766 2384 inenarrabili,
3805 2328 3853 2371 et

2273 2409 2747 2477 incomprehensaa
2773 2424 2835 2462 ac
2868 2410 3147 2480 prazstanti
3179 2408 3295 2477 ejus
3325 2408 3628 2462 divinitatis
3651 2409 3850 2477 gloriae.

2273 2515 2434 2570 quam
2481 2514 2585 2553 non
2639 2500 2876 2553 humana
2918 2500 3094 2554 solum
3131 2516 3193 2554 ac
3229 2501 3508 2555 terrestris
3551 2510 3766 2566 natura,
3800 2512 3850 2553 ut

2273 2603 2514 2648 meretur
2554 2590 2800 2647 laudare
2831 2593 3054 2662 nequit,
3107 2595 3199 2648 sed
3245 2594 3377 2664 ipsa:
3429 2586 3566 2648 adeo
3608 2593 3851 2649 ccelestes

2273 2685 2502 2740 virtutes
2530 2687 2581 2739 id
2613 2687 2832 2755 assequi
2865 2701 2970 2739 non
3007 2696 3252 2755 possunt.
3289 2686 3350 2750 Si
3383 2687 3528 2741 enim
3563 2687 3647 2741 vel
3679 2686 3850 2756 angeli

2271 2790 2412 2846 aegre
2438 2777 2504 2831 ad
2531 2787 2738 2830 tantam
2781 2777 3102 2846 dignitatem
3140 2786 3454 2848 assurgant,
3488 2779 3685 2848 inquit,
3720 2779 3851 2833 Gre-

2273 2871 2456 2940 gorius
2495 2871 2583 2925 ille
2619 2871 2886 2940 theologia
2923 2871 3194 2928 excellens
3227 2870 3371 2943 (55);
3401 2873 3532 2939 quin
3563 2872 3750 2938 addit;
3784 2872 3852 2924 si-

2271 2964 2488 3032 quidem
2520 2964 2630 3018 illis
2663 2966 2825 3019 etiam
2871 2967 2936 3020 ad
2979 2980 3224 3020 summas
3266 2974 3321 3020 et
3352 2972 3626 3018 extremas
3666 2963 3849 3018 laudes

2272 3055 2354 3109 fas
2378 3055 2446 3109 sit
2471 3055 2808 3125 contingere.
2831 3054 2939 3110 Nos
2967 3055 3181 3124 quidem
3210 3063 3356 3110 certe
3375 3053 3546 3124 (illius
3569 3054 3848 3109 clementia

2270 3146 2577 3217 perspecta)
2616 3149 2864 3201 veritatis
2905 3147 3167 3212 studium,
3190 3145 3356 3216 quasi
3397 3145 3556 3199 vidua
3597 3145 3686 3198 illa
3725 3148 3850 3199 duos

2271 3239 2570 3303 teruncios,
2603 3248 2854 3293 sanctum
2890 3250 2945 3294 et
2973 3254 3188 3294 sacrum
3229 3253 3350 3294 esse
3386 3237 3673 3308 jussimus.
3719 3237 3848 3291 Nam

2272 3349 2336 3388 ex
2385 3347 2544 3387 sacra
2585 3329 2865 3402 Scriptura
2911 3333 2964 3388 id
3009 3332 3117 3388 Deo
3141 3343 3354 3404 gratum
3391 3346 3512 3388 esse
3543 3331 3846 3390 didicimus,

2266 3429 2408 3496 quod
2459 3441 2557 3494 pro
2607 3425 2749 3480 virili
2795 3426 3132 3480 elaboratum
3185 3436 3286 3481 est.
3341 3425 3513 3494 Igitur
3554 3423 3688 3495 Regi
3735 3425 3849 3478 sine

2268 3521 2575 3590 principio,
2619 3531 2671 3574 et
2724 3520 3019 3574 immortali
3062 3518 3382 3574 surculorum
3441 3516 3697 3581 Auctori,
3753 3516 3848 3571 soli

2269 3613 2502 3680 sapienti
2551 3611 2682 3676 Deo,
2713 3612 2908 3683 gloria,
2963 3619 3222 3682 potestas,
3271 3611 3444 3664 honor
3472 3621 3636 3680 atque
3673 3599 3848 3663 cultus

2269 3723 2391 3761 cum
2431 3705 2741 3774 Uuigenito,
2772 3717 2822 3758 et
2854 3705 3097 3774 ejusdem
3132 3712 3360 3767 naturae,
3403 3718 3468 3756 ac
3499 3701 3846 3771 compercnui

2269 3800 2443 3862 Filio,
2500 3811 2555 3853 et
2601 3810 2681 3852 ter
2742 3808 2963 3857 sancto.
3026 3797 3168 3851 b‘ono
3226 3812 3288 3851 ac
3347 3795 3562 3850 vivitico
3620 3795 3842 3864 Spiritu,

2268 3909 2412 3946 nunc
2455 3904 2508 3947 ct
2559 3906 2796 3960 semper,
2847 3899 3009 3959 atque
3059 3889 3110 3943 iu
3149 3902 3361 3944 omnem
3402 3888 3846 3957 perpetuitatem.

581 3987 825 4042 l’oteStas
861 3988 998 4056 ejus,
1037 3999 1275 4056 putestas
1308 3988 1668 4056 sempiterna,
1715 4005 1835 4056 quae
1881 4004 1986 4041 non
2033 4005 2159 4056 per-
2212 3987 2217 3990 ’
2265 3991 2458 4041 Amen.

652 4104 695 4133 ⁸⁵
736 4103 931 4158 Ezech.
975 4121 1204 4168 ιαμ-ιιι,
1250 4105 1333 4157 Η.

581 4191 633 4240 v,
665 4174 757 4228 22.
835 4175 879 4205 ⁸⁷
921 4175 1053 4227 [).ιιι.
1089 4193 1182 4239 \‘ll,
1211 4176 1388 4228 1516.

654 4299 763 4371 (55)
793 4298 849 4351 S.
881 4298 1041 4367 Gt'eg.
1075 4297 1345 4352 Nazianz.
1392 4299 1442 4351 in
1488 4297 1546 4350 S.
1585 4295 1815 4353 Pascha.

1469 4176 1513 4204 ³⁸
1559 4176 1691 4228 Dan.
1738 4192 1830 4239 xu,
1877 4177 1989 4228 1-2.

586 4447 1480 4490 επ

1430 4105 1476 4135 ³³
1518 4102 1710 4157 Matth.
1758 4120 1926 4168 xxvn,
1975 4105 2063 4168 63,
2098 4102 2191 4157 64.

1480 4577 1783 4693 SZEG
1809 4576 2036 4690 ULI
2138 4578 2166 4686 l

2273 4574 2948 4723 JODECIMI
3669 4628 3671 4631 ι

2268 4098 2317 4132 ³⁸
2357 4099 2594 4154 Zachar.
2640 4115 2741 4160 xtl,
2785 4097 2873 4151 10.
2953 4097 2999 4127 ³³
3042 4095 3202 4150 Prov.
3249 4111 3394 4162 xxiv,
3435 4096 3521 4149 1‘2.
3598 4097 3650 4127 ³⁸
3690 4093 3842 4149 Joan.

706 4823 879 4986 DE
989 4820 1434 4987 TERllA
1545 4817 2051 4985 SANCTA
2168 4811 2995 4980 SCRIPTORES
3110 4811 3720 5006 QUINQUE.

1318 5233 1750 5323 [.EONIS
1851 5230 2344 5318 ALLATII
2456 5230 3092 5320 PRZEFA'I‘IO

1570 5413 1626 5461 ιιι
1651 5408 1932 5476 Symmii'tis
1953 5408 2168 5477 (plumae
2194 5407 2485 5470 Agrippina:
2520 5406 2658 5467 16.35,
2684 5408 2840 5456 in-l2.

2179 5548 2248 5561 ..ο

658 5678 787 5728 ilum
820 5678 934 5728 (Zhii
971 5692 1112 5728 varia
1165 5676 1553 5741 manuscripta,
1614 5673 1805 5727 Nihusi
1841 5669 2311 5739 praestantissime,
2366 5666 2502 5720 locis
2539 5680 2568 5719 e
2610 5665 2773 5718 variis
2801 5663 3133 5732 conquisita,
3166 5666 3355 5720 evolvo
3403 5665 3644 5724 sedulus,
3687 5662 3830 5714 venit

582 5767 635 5818 in
674 5783 861 5818 manus
899 5783 1041 5819 meas
1079 5763 1305 5819 Joannis
1338 5765 1532 5818 i'huca:
1569 5763 1809 5817 lucorum
1871 5759 2167 5813 l’almstiua:
2213 5766 2266 5812 ct
2330 5754 2501 5823 Syria:
2550 5752 2960 5822 compendiaria
3013 5752 3332 5821 descriptio,
3378 5755 3700 5806 charactere
3739 5751 3832 5801 ttll-
