  <div class='ocr_page' id='page_1' title='image "/cluster/home/n/w/nwhite01/storage/ocr_20150623/133/pst.000005714490/528.png"; bbox 0 0 3956 6324; ppageno 0'>
   <div class='ocr_carea' id='block_1_1' title="bbox 2857 358 2887 373">
    <p class='ocr_par' dir='ltr' id='par_1_1' title="bbox 2857 358 2887 373">
     <span class='ocr_line' id='line_1_1' title="bbox 2857 358 2887 373; baseline 0 0"><span class='ocrx_word' id='word_1_1' title='bbox 2857 358 2887 373; x_wconf 66' lang='grc' dir='ltr'><em>κ</em></span> 
     </span>
    </p>
   </div>
   <div class='ocr_carea' id='block_1_2' title="bbox 263 324 3555 444">
    <p class='ocr_par' dir='ltr' id='par_1_2' title="bbox 263 324 3555 444">
     <span class='ocr_line' id='line_1_2' title="bbox 263 324 3555 444; baseline 0.007 -24"><span class='ocrx_word' id='word_1_2' title='bbox 263 358 379 420; x_wconf 72' lang='lat'><strong>925</strong></span> <span class='ocrx_word' id='word_1_3' title='bbox 1329 363 1790 428; x_wconf 84' lang='lat' dir='ltr'><strong>DESCRIPTIO</strong></span> <span class='ocrx_word' id='word_1_4' title='bbox 1827 366 2108 429; x_wconf 73' lang='lat' dir='ltr'><strong>TERRtE</strong></span> <span class='ocrx_word' id='word_1_5' title='bbox 2148 370 2481 434; x_wconf 70' lang='lat' dir='ltr'><strong>sanam.</strong></span> <span class='ocrx_word' id='word_1_6' title='bbox 2857 358 2887 373; x_wconf 85' lang='lat'><em>’</em></span> <span class='ocrx_word' id='word_1_7' title='bbox 3266 324 3267 327; x_wconf 4' lang='grc' dir='ltr'>γ</span> <span class='ocrx_word' id='word_1_8' title='bbox 3446 379 3555 444; x_wconf 73' lang='lat'><strong>926</strong></span> 
     </span>
    </p>
   </div>
   <div class='ocr_carea' id='block_1_3' title="bbox 259 477 3527 566">
    <p class='ocr_par' dir='ltr' id='par_1_3' title="bbox 259 477 3527 566">
     <span class='ocr_line' id='line_1_3' title="bbox 259 477 3527 566; baseline 0.006 -37"><span class='ocrx_word' id='word_1_9' title='bbox 259 477 584 546; x_wconf 80' lang='lat' dir='ltr'><strong>notissimo,</strong></span> <span class='ocrx_word' id='word_1_10' title='bbox 643 478 697 533; x_wconf 95' lang='lat' dir='ltr'><strong>in</strong></span> <span class='ocrx_word' id='word_1_11' title='bbox 748 479 942 534; x_wconf 91' lang='lat' dir='ltr'><strong>charta</strong></span> <span class='ocrx_word' id='word_1_12' title='bbox 986 479 1339 566; x_wconf 60' lang='lat' dir='ltr'><strong>bombycina,</strong></span> <span class='ocrx_word' id='word_1_13' title='bbox 1398 498 1509 538; x_wconf 89' lang='lat' dir='ltr'><strong>non</strong></span> <span class='ocrx_word' id='word_1_14' title='bbox 1561 483 1793 537; x_wconf 90' lang='lat' dir='ltr'><strong>multum</strong></span> <span class='ocrx_word' id='word_1_15' title='bbox 1848 486 2134 555; x_wconf 78' lang='lat' dir='ltr'><strong>eleganter</strong></span> <span class='ocrx_word' id='word_1_16' title='bbox 2170 496 2419 542; x_wconf 84' lang='lat' dir='ltr'><strong>exarata.</strong></span> <span class='ocrx_word' id='word_1_17' title='bbox 2479 486 2730 545; x_wconf 83' lang='lat' dir='ltr'><strong>Novitate</strong></span> <span class='ocrx_word' id='word_1_18' title='bbox 2770 490 3082 561; x_wconf 65' lang='lat' dir='ltr'><strong>argum‘enti</strong></span> <span class='ocrx_word' id='word_1_19' title='bbox 3125 500 3289 562; x_wconf 90' lang='lat' dir='ltr'><strong>atque</strong></span> <span class='ocrx_word' id='word_1_20' title='bbox 3313 495 3527 548; x_wconf 91' lang='lat' dir='ltr'><strong>auctori</strong></span> 
     </span>
    </p>
   </div>
   <div class='ocr_carea' id='block_1_4' title="bbox 258 566 3556 650">
    <p class='ocr_par' dir='ltr' id='par_1_4' title="bbox 258 566 3556 650">
     <span class='ocr_line' id='line_1_4' title="bbox 258 566 3556 650; baseline 0.005 -33"><span class='ocrx_word' id='word_1_21' title='bbox 258 566 558 634; x_wconf 78' lang='lat' dir='ltr'><strong>pellectus,</strong></span> <span class='ocrx_word' id='word_1_22' title='bbox 620 568 865 620; x_wconf 86' lang='lat' dir='ltr'><strong>animum</strong></span> <span class='ocrx_word' id='word_1_23' title='bbox 916 567 1043 636; x_wconf 87' lang='lat' dir='ltr'><strong>ligo,</strong></span> <span class='ocrx_word' id='word_1_24' title='bbox 1104 576 1156 623; x_wconf 90' lang='lat' dir='ltr'><strong>et</strong></span> <span class='ocrx_word' id='word_1_25' title='bbox 1186 569 1429 639; x_wconf 82' lang='lat' dir='ltr'><strong>perlego.</strong></span> <span class='ocrx_word' id='word_1_26' title='bbox 1478 572 1688 626; x_wconf 85' lang='lat' dir='ltr'><strong>Auctor</strong></span> <span class='ocrx_word' id='word_1_27' title='bbox 1723 571 1947 640; x_wconf 75' lang='lat' dir='ltr'><strong>elegans</strong></span> <span class='ocrx_word' id='word_1_28' title='bbox 1979 581 2035 628; x_wconf 90' lang='lat' dir='ltr'><strong>et</strong></span> <span class='ocrx_word' id='word_1_29' title='bbox 2067 583 2383 640; x_wconf 88' lang='lat' dir='ltr'><strong>accuratus,</strong></span> <span class='ocrx_word' id='word_1_30' title='bbox 2441 584 2603 645; x_wconf 89' lang='lat' dir='ltr'><strong>prout</strong></span> <span class='ocrx_word' id='word_1_31' title='bbox 2651 578 2737 631; x_wconf 89' lang='lat' dir='ltr'><strong>illa</strong></span> <span class='ocrx_word' id='word_1_32' title='bbox 2770 577 3021 636; x_wconf 85' lang='lat' dir='ltr'><strong>ferebant</strong></span> <span class='ocrx_word' id='word_1_33' title='bbox 3076 589 3348 650; x_wconf 89' lang='lat' dir='ltr'><strong>tempora,</strong></span> <span class='ocrx_word' id='word_1_34' title='bbox 3400 581 3556 636; x_wconf 79' lang='lat' dir='ltr'><strong>visus</strong></span> 
     </span>
    </p>
   </div>
   <div class='ocr_carea' id='block_1_5' title="bbox 256 654 3567 739">
    <p class='ocr_par' dir='ltr' id='par_1_5' title="bbox 256 654 3567 739">
     <span class='ocr_line' id='line_1_5' title="bbox 256 654 3567 739; baseline 0.005 -34"><span class='ocrx_word' id='word_1_35' title='bbox 256 665 399 707; x_wconf 67' lang='lat' dir='ltr'><strong>est:</strong></span> <span class='ocrx_word' id='word_1_36' title='bbox 424 670 597 724; x_wconf 90' lang='lat' dir='ltr'><strong>quare</strong></span> <span class='ocrx_word' id='word_1_37' title='bbox 650 655 866 725; x_wconf 77' lang='lat' dir='ltr'><strong>mpiam</strong></span> <span class='ocrx_word' id='word_1_38' title='bbox 911 654 1058 712; x_wconf 82' lang='lat' dir='ltr'><strong>illius</strong></span> <span class='ocrx_word' id='word_1_39' title='bbox 1096 656 1229 711; x_wconf 90' lang='lat' dir='ltr'><strong>mihi</strong></span> <span class='ocrx_word' id='word_1_40' title='bbox 1278 657 1683 714; x_wconf 75' lang='lat' dir='ltr'><strong>destinaveram</strong></span> <span class='ocrx_word' id='word_1_41' title='bbox 1718 678 1733 726; x_wconf 89' lang='lat'><strong>;</strong></span> <span class='ocrx_word' id='word_1_42' title='bbox 1776 659 1896 724; x_wconf 86' lang='lat' dir='ltr'><strong>sed,</strong></span> <span class='ocrx_word' id='word_1_43' title='bbox 1936 660 2058 718; x_wconf 89' lang='lat' dir='ltr'><strong>aliis</strong></span> <span class='ocrx_word' id='word_1_44' title='bbox 2099 660 2434 732; x_wconf 88' lang='lat' dir='ltr'><strong>interceptus</strong></span> <span class='ocrx_word' id='word_1_45' title='bbox 2486 664 2744 732; x_wconf 86' lang='lat' dir='ltr'><strong>negotiis,</strong></span> <span class='ocrx_word' id='word_1_46' title='bbox 2773 664 3006 733; x_wconf 77' lang='lat' dir='ltr'><strong>neglexi.</strong></span> <span class='ocrx_word' id='word_1_47' title='bbox 3056 665 3185 721; x_wconf 87' lang='lat' dir='ltr'><strong>Post</strong></span> <span class='ocrx_word' id='word_1_48' title='bbox 3228 668 3430 722; x_wconf 86' lang='lat' dir='ltr'><strong>multos</strong></span> <span class='ocrx_word' id='word_1_49' title='bbox 3460 683 3567 739; x_wconf 43' lang='lat' dir='ltr'><strong>an:</strong></span> 
     </span>
    </p>
   </div>
   <div class='ocr_carea' id='block_1_6' title="bbox 260 743 3558 819">
    <p class='ocr_par' dir='ltr' id='par_1_6' title="bbox 260 743 3558 819">
     <span class='ocr_line' id='line_1_6' title="bbox 260 743 3558 819; baseline 0.004 -26"><span class='ocrx_word' id='word_1_50' title='bbox 260 755 392 807; x_wconf 85' lang='lat' dir='ltr'><strong>nos,</strong></span> <span class='ocrx_word' id='word_1_51' title='bbox 426 759 551 797; x_wconf 89' lang='lat' dir='ltr'><strong>cum</strong></span> <span class='ocrx_word' id='word_1_52' title='bbox 606 743 1032 814; x_wconf 86' lang='lat' dir='ltr'><strong>mannscriptos,</strong></span> <span class='ocrx_word' id='word_1_53' title='bbox 1066 762 1204 815; x_wconf 90' lang='lat' dir='ltr'><strong>quos</strong></span> <span class='ocrx_word' id='word_1_54' title='bbox 1234 747 1350 814; x_wconf 87' lang='lat' dir='ltr'><strong>ipse</strong></span> <span class='ocrx_word' id='word_1_55' title='bbox 1388 747 1656 812; x_wconf 81' lang='lat' dir='ltr'><strong>videram,</strong></span> <span class='ocrx_word' id='word_1_56' title='bbox 1686 749 1917 813; x_wconf 69' lang='lat' dir='ltr'><strong>codices</strong></span> <span class='ocrx_word' id='word_1_57' title='bbox 1957 749 2145 804; x_wconf 64' lang='lat' dir='ltr'><strong>Romae</strong></span> <span class='ocrx_word' id='word_1_58' title='bbox 2173 748 2226 803; x_wconf 92' lang='lat' dir='ltr'><strong>in</strong></span> <span class='ocrx_word' id='word_1_59' title='bbox 2260 751 2585 806; x_wconf 82' lang='lat' dir='ltr'><strong>memoriam</strong></span> <span class='ocrx_word' id='word_1_60' title='bbox 2645 765 2981 817; x_wconf 85' lang='lat' dir='ltr'><strong>revocarem,</strong></span> <span class='ocrx_word' id='word_1_61' title='bbox 3031 754 3282 819; x_wconf 77' lang='lat' dir='ltr'><strong>interque</strong></span> <span class='ocrx_word' id='word_1_62' title='bbox 3314 754 3558 809; x_wconf 82' lang='lat' dir='ltr'><strong>familia-</strong></span> 
     </span>
    </p>
   </div>
   <div class='ocr_carea' id='block_1_7' title="bbox 259 831 3556 910">
    <p class='ocr_par' dir='ltr' id='par_1_7' title="bbox 259 831 3556 910">
     <span class='ocr_line' id='line_1_7' title="bbox 259 831 3556 910; baseline 0.005 -26"><span class='ocrx_word' id='word_1_63' title='bbox 259 832 349 885; x_wconf 83' lang='lat' dir='ltr'><strong>ria</strong></span> <span class='ocrx_word' id='word_1_64' title='bbox 400 831 671 897; x_wconf 82' lang='lat' dir='ltr'><strong>colloquia</strong></span> <span class='ocrx_word' id='word_1_65' title='bbox 721 847 903 885; x_wconf 83' lang='lat' dir='ltr'><strong>sermo</strong></span> <span class='ocrx_word' id='word_1_66' title='bbox 933 832 1002 887; x_wconf 89' lang='lat' dir='ltr'><strong>de</strong></span> <span class='ocrx_word' id='word_1_67' title='bbox 1031 833 1165 889; x_wconf 88' lang='lat' dir='ltr'><strong>locis</strong></span> <span class='ocrx_word' id='word_1_68' title='bbox 1216 836 1421 891; x_wconf 87' lang='lat' dir='ltr'><strong>sanetis</strong></span> <span class='ocrx_word' id='word_1_69' title='bbox 1450 834 1756 901; x_wconf 69' lang='lat' dir='ltr'><strong>incidisset“;</strong></span> <span class='ocrx_word' id='word_1_70' title='bbox 1803 835 2012 892; x_wconf 70' lang='lat' dir='ltr'><strong>Ph‘ocas</strong></span> <span class='ocrx_word' id='word_1_71' title='bbox 2053 838 2106 892; x_wconf 92' lang='lat' dir='ltr'><strong>in</strong></span> <span class='ocrx_word' id='word_1_72' title='bbox 2142 839 2385 894; x_wconf 89' lang='lat' dir='ltr'><strong>animum</strong></span> <span class='ocrx_word' id='word_1_73' title='bbox 2420 839 2609 904; x_wconf 82' lang='lat' dir='ltr'><strong>rediit,</strong></span> <span class='ocrx_word' id='word_1_74' title='bbox 2644 841 2945 910; x_wconf 79' lang='lat' dir='ltr'><strong>ingensque</strong></span> <span class='ocrx_word' id='word_1_75' title='bbox 2968 840 3316 896; x_wconf 74' lang='lat' dir='ltr'><strong>subsecutum</strong></span> <span class='ocrx_word' id='word_1_76' title='bbox 3350 852 3434 898; x_wconf 86' lang='lat' dir='ltr'><strong>est</strong></span> <span class='ocrx_word' id='word_1_77' title='bbox 3456 843 3556 898; x_wconf 86' lang='lat' dir='ltr'><strong>de-</strong></span> 
     </span>
    </p>
   </div>
   <div class='ocr_carea' id='block_1_8' title="bbox 260 917 3555 1002">
    <p class='ocr_par' dir='ltr' id='par_1_8' title="bbox 260 917 3555 1002">
     <span class='ocr_line' id='line_1_8' title="bbox 260 917 3555 1002; baseline 0.004 -27"><span class='ocrx_word' id='word_1_78' title='bbox 260 922 553 987; x_wconf 83' lang='lat' dir='ltr'><strong>siderium,</strong></span> <span class='ocrx_word' id='word_1_79' title='bbox 602 923 732 977; x_wconf 88' lang='lat' dir='ltr'><strong>illud</strong></span> <span class='ocrx_word' id='word_1_80' title='bbox 783 924 957 983; x_wconf 53' lang='lat' dir='ltr'><strong>mihi,</strong></span> <span class='ocrx_word' id='word_1_81' title='bbox 994 934 1271 993; x_wconf 80' lang='lat' dir='ltr'><strong>utcunque</strong></span> <span class='ocrx_word' id='word_1_82' title='bbox 1302 942 1543 995; x_wconf 89' lang='lat' dir='ltr'><strong>possem,</strong></span> <span class='ocrx_word' id='word_1_83' title='bbox 1593 929 1966 996; x_wconf 86' lang='lat' dir='ltr'><strong>comparandi.</strong></span> <span class='ocrx_word' id='word_1_84' title='bbox 2021 931 2255 1000; x_wconf 89' lang='lat' dir='ltr'><strong>Scripsi,</strong></span> <span class='ocrx_word' id='word_1_85' title='bbox 2324 932 2579 1000; x_wconf 86' lang='lat' dir='ltr'><strong>rescripsi</strong></span> <span class='ocrx_word' id='word_1_86' title='bbox 2636 933 2853 997; x_wconf 79' lang='lat' dir='ltr'><strong>amicis,</strong></span> <span class='ocrx_word' id='word_1_87' title='bbox 2916 932 2992 986; x_wconf 91' lang='lat' dir='ltr'><strong>illi</strong></span> <span class='ocrx_word' id='word_1_88' title='bbox 3049 933 3210 987; x_wconf 88' lang='lat' dir='ltr'><strong>etiam</strong></span> <span class='ocrx_word' id='word_1_89' title='bbox 3271 935 3361 1002; x_wconf 88' lang='lat' dir='ltr'><strong>qui</strong></span> <span class='ocrx_word' id='word_1_90' title='bbox 3420 917 3555 990; x_wconf 83' lang='lat' dir='ltr'><strong>mihi</strong></span> 
     </span>
    </p>
   </div>
   <div class='ocr_carea' id='block_1_9' title="bbox 262 1008 3549 1096">
    <p class='ocr_par' dir='ltr' id='par_1_9' title="bbox 262 1008 3549 1096">
     <span class='ocr_line' id='line_1_9' title="bbox 262 1008 3549 1096; baseline 0.004 -29"><span class='ocrx_word' id='word_1_91' title='bbox 262 1016 533 1068; x_wconf 87' lang='lat' dir='ltr'><strong>utendum</strong></span> <span class='ocrx_word' id='word_1_92' title='bbox 572 1017 841 1080; x_wconf 82' lang='lat' dir='ltr'><strong>dederat;</strong></span> <span class='ocrx_word' id='word_1_93' title='bbox 903 1008 1121 1085; x_wconf 81' lang='lat' dir='ltr'><strong>rogans,</strong></span> <span class='ocrx_word' id='word_1_94' title='bbox 1172 1034 1456 1089; x_wconf 85' lang='lat' dir='ltr'><strong>rerogans,</strong></span> <span class='ocrx_word' id='word_1_95' title='bbox 1506 1023 1830 1087; x_wconf 83' lang='lat' dir='ltr'><strong>obsecrans,</strong></span> <span class='ocrx_word' id='word_1_96' title='bbox 1882 1024 2167 1091; x_wconf 83' lang='lat' dir='ltr'><strong>promissis</strong></span> <span class='ocrx_word' id='word_1_97' title='bbox 2220 1026 2386 1080; x_wconf 90' lang='lat' dir='ltr'><strong>etiam</strong></span> <span class='ocrx_word' id='word_1_98' title='bbox 2440 1041 2555 1080; x_wconf 90' lang='lat' dir='ltr'><strong>rem</strong></span> <span class='ocrx_word' id='word_1_99' title='bbox 2620 1029 2726 1096; x_wconf 87' lang='lat' dir='ltr'><strong>egi.</strong></span> <span class='ocrx_word' id='word_1_100' title='bbox 2790 1027 2895 1082; x_wconf 83' lang='lat' dir='ltr'><strong>Sed</strong></span> <span class='ocrx_word' id='word_1_101' title='bbox 2925 1028 3091 1082; x_wconf 85' lang='lat' dir='ltr'><strong>verba</strong></span> <span class='ocrx_word' id='word_1_102' title='bbox 3130 1028 3231 1083; x_wconf 85' lang='lat' dir='ltr'><strong>feci</strong></span> <span class='ocrx_word' id='word_1_103' title='bbox 3281 1029 3549 1083; x_wconf 87' lang='lat' dir='ltr'><strong>mortuis:</strong></span> 
     </span>
    </p>
   </div>
   <div class='ocr_carea' id='block_1_10' title="bbox 266 1103 3555 1187">
    <p class='ocr_par' dir='ltr' id='par_1_10' title="bbox 266 1103 3555 1187">
     <span class='ocr_line' id='line_1_10' title="bbox 266 1103 3555 1187; baseline 0.005 -32"><span class='ocrx_word' id='word_1_104' title='bbox 266 1103 336 1155; x_wconf 89' lang='lat' dir='ltr'><strong>ad</strong></span> <span class='ocrx_word' id='word_1_105' title='bbox 396 1103 607 1173; x_wconf 83' lang='lat' dir='ltr'><strong>reliqua</strong></span> <span class='ocrx_word' id='word_1_106' title='bbox 660 1121 867 1169; x_wconf 77' lang='lat' dir='ltr'><strong>omnia,</strong></span> <span class='ocrx_word' id='word_1_107' title='bbox 902 1116 1267 1175; x_wconf 71' lang='lat' dir='ltr'><strong>prmterquam</strong></span> <span class='ocrx_word' id='word_1_108' title='bbox 1299 1108 1365 1162; x_wconf 88' lang='lat' dir='ltr'><strong>ad</strong></span> <span class='ocrx_word' id='word_1_109' title='bbox 1423 1111 1524 1163; x_wconf 91' lang='lat' dir='ltr'><strong>hoc</strong></span> <span class='ocrx_word' id='word_1_110' title='bbox 1580 1125 1767 1177; x_wconf 88' lang='lat' dir='ltr'><strong>unum,</strong></span> <span class='ocrx_word' id='word_1_111' title='bbox 1821 1126 2038 1180; x_wconf 90' lang='lat' dir='ltr'><strong>semper</strong></span> <span class='ocrx_word' id='word_1_112' title='bbox 2074 1113 2126 1167; x_wconf 92' lang='lat' dir='ltr'><strong>in</strong></span> <span class='ocrx_word' id='word_1_113' title='bbox 2171 1124 2794 1187; x_wconf 62' lang='lat' dir='ltr'><strong>prompturesponsum</strong></span> <span class='ocrx_word' id='word_1_114' title='bbox 2844 1116 2963 1170; x_wconf 89' lang='lat' dir='ltr'><strong>fuit.</strong></span> <span class='ocrx_word' id='word_1_115' title='bbox 2996 1118 3177 1181; x_wconf 81' lang='lat' dir='ltr'><strong>Quare</strong></span> <span class='ocrx_word' id='word_1_116' title='bbox 3220 1118 3399 1186; x_wconf 83' lang='lat' dir='ltr'><strong>quievi</strong></span> <span class='ocrx_word' id='word_1_117' title='bbox 3431 1126 3555 1171; x_wconf 84' lang='lat' dir='ltr'><strong>tau-</strong></span> 
     </span>
    </p>
   </div>
   <div class='ocr_carea' id='block_1_11' title="bbox 266 1192 3553 1281">
    <p class='ocr_par' dir='ltr' id='par_1_11' title="bbox 266 1192 3553 1281">
     <span class='ocr_line' id='line_1_11' title="bbox 266 1192 3553 1281; baseline 0.004 -31"><span class='ocrx_word' id='word_1_118' title='bbox 266 1197 397 1252; x_wconf 84' lang='lat' dir='ltr'><strong>dem</strong></span> <span class='ocrx_word' id='word_1_119' title='bbox 454 1200 660 1251; x_wconf 88' lang='lat' dir='ltr'><strong>animo.</strong></span> <span class='ocrx_word' id='word_1_120' title='bbox 736 1197 1123 1253; x_wconf 78' lang='lat' dir='ltr'><strong>Verumtamen</strong></span> <span class='ocrx_word' id='word_1_121' title='bbox 1167 1192 1310 1253; x_wconf 79' lang='lat' dir='ltr'><strong>anno</strong></span> <span class='ocrx_word' id='word_1_122' title='bbox 1343 1202 1551 1271; x_wconf 84' lang='lat' dir='ltr'><strong>elapsn,</strong></span> <span class='ocrx_word' id='word_1_123' title='bbox 1596 1217 1719 1279; x_wconf 83' lang='lat' dir='ltr'><strong>cum</strong></span> <span class='ocrx_word' id='word_1_124' title='bbox 1776 1203 1828 1255; x_wconf 92' lang='lat' dir='ltr'><strong>iu</strong></span> <span class='ocrx_word' id='word_1_125' title='bbox 1861 1218 1957 1273; x_wconf 91' lang='lat' dir='ltr'><strong>spe</strong></span> <span class='ocrx_word' id='word_1_126' title='bbox 1996 1217 2174 1257; x_wconf 87' lang='lat' dir='ltr'><strong>rerum</strong></span> <span class='ocrx_word' id='word_1_127' title='bbox 2205 1206 2434 1260; x_wconf 82' lang='lat' dir='ltr'><strong>aliarum</strong></span> <span class='ocrx_word' id='word_1_128' title='bbox 2496 1222 2769 1272; x_wconf 84' lang='lat' dir='ltr'><strong>versarer,</strong></span> <span class='ocrx_word' id='word_1_129' title='bbox 2818 1208 3015 1281; x_wconf 64' lang='lat' dir='ltr'><strong>littera;</strong></span> <span class='ocrx_word' id='word_1_130' title='bbox 3076 1209 3205 1262; x_wconf 89' lang='lat' dir='ltr'><strong>mihi</strong></span> <span class='ocrx_word' id='word_1_131' title='bbox 3234 1210 3299 1263; x_wconf 83' lang='lat' dir='ltr'><strong>ab</strong></span> <span class='ocrx_word' id='word_1_132' title='bbox 3353 1211 3553 1274; x_wconf 78' lang='lat' dir='ltr'><strong>arnico,</strong></span> 
     </span>
    </p>
   </div>
   <div class='ocr_carea' id='block_1_12' title="bbox 264 1284 3552 1366">
    <p class='ocr_par' dir='ltr' id='par_1_12' title="bbox 264 1284 3552 1366">
     <span class='ocr_line' id='line_1_12' title="bbox 264 1284 3552 1366; baseline 0.004 -29"><span class='ocrx_word' id='word_1_133' title='bbox 264 1285 365 1352; x_wconf 89' lang='lat' dir='ltr'><strong>qui</strong></span> <span class='ocrx_word' id='word_1_134' title='bbox 412 1284 551 1339; x_wconf 89' lang='lat' dir='ltr'><strong>Chio</strong></span> <span class='ocrx_word' id='word_1_135' title='bbox 616 1295 745 1340; x_wconf 93' lang='lat' dir='ltr'><strong>tunc</strong></span> <span class='ocrx_word' id='word_1_136' title='bbox 801 1289 1074 1353; x_wconf 86' lang='lat' dir='ltr'><strong>veniebat,</strong></span> <span class='ocrx_word' id='word_1_137' title='bbox 1131 1290 1304 1343; x_wconf 84' lang='lat' dir='ltr'><strong>reddi.</strong></span> <span class='ocrx_word' id='word_1_138' title='bbox 1365 1289 1499 1342; x_wconf 89' lang='lat' dir='ltr'><strong>Dum</strong></span> <span class='ocrx_word' id='word_1_139' title='bbox 1553 1290 1775 1344; x_wconf 88' lang='lat' dir='ltr'><strong>nomina</strong></span> <span class='ocrx_word' id='word_1_140' title='bbox 1828 1294 2183 1362; x_wconf 74' lang='lat' dir='ltr'><strong>recognosco,</strong></span> <span class='ocrx_word' id='word_1_141' title='bbox 2250 1310 2342 1359; x_wconf 90' lang='lat' dir='ltr'><strong>en,</strong></span> <span class='ocrx_word' id='word_1_142' title='bbox 2393 1295 2533 1352; x_wconf 75' lang='lat' dir='ltr'><strong>ctelo</strong></span> <span class='ocrx_word' id='word_1_143' title='bbox 2590 1296 2788 1350; x_wconf 86' lang='lat' dir='ltr'><strong>missus</strong></span> <span class='ocrx_word' id='word_1_144' title='bbox 2857 1296 3068 1351; x_wconf 72' lang='lat' dir='ltr'><strong>Phocus</strong></span> <span class='ocrx_word' id='word_1_145' title='bbox 3121 1298 3393 1366; x_wconf 83' lang='lat' dir='ltr'><strong>apparuit,</strong></span> <span class='ocrx_word' id='word_1_146' title='bbox 3444 1313 3552 1351; x_wconf 91' lang='lat' dir='ltr'><strong>non</strong></span> 
     </span>
    </p>
   </div>
   <div class='ocr_carea' id='block_1_13' title="bbox 271 1374 3551 1458">
    <p class='ocr_par' dir='ltr' id='par_1_13' title="bbox 271 1374 3551 1458">
     <span class='ocr_line' id='line_1_13' title="bbox 271 1374 3551 1458; baseline 0.004 -27"><span class='ocrx_word' id='word_1_147' title='bbox 271 1378 459 1433; x_wconf 80' lang='lat' dir='ltr'><strong>aliena</strong></span> <span class='ocrx_word' id='word_1_148' title='bbox 512 1393 676 1432; x_wconf 86' lang='lat' dir='ltr'><strong>manu</strong></span> <span class='ocrx_word' id='word_1_149' title='bbox 745 1374 1075 1449; x_wconf 81' lang='lat' dir='ltr'><strong>descriptus,</strong></span> <span class='ocrx_word' id='word_1_150' title='bbox 1131 1386 1225 1436; x_wconf 90' lang='lat' dir='ltr'><strong>sed</strong></span> <span class='ocrx_word' id='word_1_151' title='bbox 1274 1383 1453 1453; x_wconf 83' lang='lat' dir='ltr'><strong>ipsum</strong></span> <span class='ocrx_word' id='word_1_152' title='bbox 1490 1383 1910 1453; x_wconf 80' lang='lat' dir='ltr'><strong>autographum,</strong></span> <span class='ocrx_word' id='word_1_153' title='bbox 1947 1385 2091 1454; x_wconf 89' lang='lat' dir='ltr'><strong>quod</strong></span> <span class='ocrx_word' id='word_1_154' title='bbox 2127 1385 2246 1440; x_wconf 79' lang='lat' dir='ltr'><strong>Chii</strong></span> <span class='ocrx_word' id='word_1_155' title='bbox 2305 1402 2721 1454; x_wconf 74' lang='lat' dir='ltr'><strong>conspexeram,</strong></span> <span class='ocrx_word' id='word_1_156' title='bbox 2772 1403 2803 1443; x_wconf 91' lang='lat' dir='ltr'><strong>a</strong></span> <span class='ocrx_word' id='word_1_157' title='bbox 2864 1389 3069 1458; x_wconf 88' lang='lat' dir='ltr'><strong>reliquo</strong></span> <span class='ocrx_word' id='word_1_158' title='bbox 3107 1391 3402 1453; x_wconf 82' lang='lat' dir='ltr'><strong>volumine,</strong></span> <span class='ocrx_word' id='word_1_159' title='bbox 3459 1389 3551 1443; x_wconf 89' lang='lat' dir='ltr'><strong>cui</strong></span> 
     </span>
    </p>
   </div>
   <div class='ocr_carea' id='block_1_14' title="bbox 266 1469 3603 1549">
    <p class='ocr_par' dir='ltr' id='par_1_14' title="bbox 266 1469 3603 1549">
     <span class='ocr_line' id='line_1_14' title="bbox 266 1469 3603 1549; baseline 0.004 -31"><span class='ocrx_word' id='word_1_160' title='bbox 266 1477 397 1518; x_wconf 88' lang='lat' dir='ltr'><strong>erat</strong></span> <span class='ocrx_word' id='word_1_161' title='bbox 449 1480 749 1529; x_wconf 73' lang='lat' dir='ltr'><strong>annexum,</strong></span> <span class='ocrx_word' id='word_1_162' title='bbox 802 1470 1070 1522; x_wconf 78' lang='lat' dir='ltr'><strong>avulsum.</strong></span> <span class='ocrx_word' id='word_1_163' title='bbox 1124 1469 1335 1536; x_wconf 83' lang='lat' dir='ltr'><strong>Quanta</strong></span> <span class='ocrx_word' id='word_1_164' title='bbox 1398 1470 1652 1549; x_wconf 81' lang='lat' dir='ltr'><strong>perfusus</strong></span> <span class='ocrx_word' id='word_1_165' title='bbox 1700 1472 1896 1526; x_wconf 80' lang='lat' dir='ltr'><strong>fuerim</strong></span> <span class='ocrx_word' id='word_1_166' title='bbox 1957 1474 2144 1528; x_wconf 78' lang='lat' dir='ltr'><strong>laetitia</strong></span> <span class='ocrx_word' id='word_1_167' title='bbox 2195 1475 2402 1530; x_wconf 85' lang='lat' dir='ltr'><strong>frustra</strong></span> <span class='ocrx_word' id='word_1_168' title='bbox 2455 1490 2687 1530; x_wconf 90' lang='lat' dir='ltr'><strong>conarer</strong></span> <span class='ocrx_word' id='word_1_169' title='bbox 2740 1476 2941 1531; x_wconf 89' lang='lat' dir='ltr'><strong>dicere.</strong></span> <span class='ocrx_word' id='word_1_170' title='bbox 2996 1479 3113 1532; x_wconf 89' lang='lat' dir='ltr'><strong>Non</strong></span> <span class='ocrx_word' id='word_1_171' title='bbox 3180 1490 3551 1547; x_wconf 63' lang='lat' dir='ltr'><strong>reportassent]</strong></span> <span class='ocrx_word' id='word_1_172' title='bbox 3590 1474 3603 1478; x_wconf 80' lang='grc'><em>’</em></span> 
     </span>
    </p>
   </div>
   <div class='ocr_carea' id='block_1_15' title="bbox 267 1560 3553 1641">
    <p class='ocr_par' dir='ltr' id='par_1_15' title="bbox 267 1560 3553 1641">
     <span class='ocr_line' id='line_1_15' title="bbox 267 1560 3553 1641; baseline 0.004 -26"><span class='ocrx_word' id='word_1_173' title='bbox 267 1560 479 1615; x_wconf 74' lang='lat' dir='ltr'><strong>bonum</strong></span> <span class='ocrx_word' id='word_1_174' title='bbox 520 1573 753 1626; x_wconf 89' lang='lat' dir='ltr'><strong>tantum,</strong></span> <span class='ocrx_word' id='word_1_175' title='bbox 793 1564 835 1618; x_wconf 87' lang='lat' dir='ltr'><strong>si</strong></span> <span class='ocrx_word' id='word_1_176' title='bbox 894 1564 1206 1619; x_wconf 86' lang='lat' dir='ltr'><strong>thesaurum</strong></span> <span class='ocrx_word' id='word_1_177' title='bbox 1246 1568 1600 1622; x_wconf 86' lang='lat' dir='ltr'><strong>invenissem.</strong></span> <span class='ocrx_word' id='word_1_178' title='bbox 1637 1566 1783 1621; x_wconf 89' lang='lat' dir='ltr'><strong>Illius</strong></span> <span class='ocrx_word' id='word_1_179' title='bbox 1822 1568 2003 1639; x_wconf 89' lang='lat' dir='ltr'><strong>itaque</strong></span> <span class='ocrx_word' id='word_1_180' title='bbox 2039 1569 2277 1625; x_wconf 87' lang='lat' dir='ltr'><strong>versioni</strong></span> <span class='ocrx_word' id='word_1_181' title='bbox 2337 1585 2422 1624; x_wconf 88' lang='lat' dir='ltr'><strong>me</strong></span> <span class='ocrx_word' id='word_1_182' title='bbox 2455 1572 2695 1635; x_wconf 80' lang='lat' dir='ltr'><strong>accinxi,</strong></span> <span class='ocrx_word' id='word_1_183' title='bbox 2723 1582 2777 1627; x_wconf 91' lang='lat' dir='ltr'><strong>et</strong></span> <span class='ocrx_word' id='word_1_184' title='bbox 2805 1574 3012 1641; x_wconf 84' lang='lat' dir='ltr'><strong>aliquot</strong></span> <span class='ocrx_word' id='word_1_185' title='bbox 3044 1573 3158 1625; x_wconf 76' lang='lat' dir='ltr'><strong>dies</strong></span> <span class='ocrx_word' id='word_1_186' title='bbox 3207 1575 3260 1627; x_wconf 90' lang='lat' dir='ltr'><strong>in</strong></span> <span class='ocrx_word' id='word_1_187' title='bbox 3290 1589 3354 1627; x_wconf 90' lang='lat' dir='ltr'><strong>eo</strong></span> <span class='ocrx_word' id='word_1_188' title='bbox 3384 1589 3553 1641; x_wconf 78' lang='lat' dir='ltr'><strong>expo—</strong></span> 
     </span>
    </p>
   </div>
   <div class='ocr_carea' id='block_1_16' title="bbox 268 1647 3535 1729">
    <p class='ocr_par' dir='ltr' id='par_1_16' title="bbox 268 1647 3535 1729">
     <span class='ocr_line' id='line_1_16' title="bbox 268 1647 3535 1729; baseline 0.004 -28"><span class='ocrx_word' id='word_1_189' title='bbox 268 1647 461 1703; x_wconf 87' lang='lat' dir='ltr'><strong>Iiendo</strong></span> <span class='ocrx_word' id='word_1_190' title='bbox 496 1650 783 1719; x_wconf 89' lang='lat' dir='ltr'><strong>insumpsi.</strong></span> <span class='ocrx_word' id='word_1_191' title='bbox 826 1651 1083 1719; x_wconf 83' lang='lat' dir='ltr'><strong>Joannes,</strong></span> <span class='ocrx_word' id='word_1_192' title='bbox 1121 1653 1284 1708; x_wconf 86' lang='lat' dir='ltr'><strong>Creta</strong></span> <span class='ocrx_word' id='word_1_193' title='bbox 1333 1656 1621 1719; x_wconf 90' lang='lat' dir='ltr'><strong>oriundus,</strong></span> <span class='ocrx_word' id='word_1_194' title='bbox 1679 1665 1887 1724; x_wconf 89' lang='lat' dir='ltr'><strong>patrem</strong></span> <span class='ocrx_word' id='word_1_195' title='bbox 1936 1658 2124 1711; x_wconf 82' lang='lat' dir='ltr'><strong>habuit</strong></span> <span class='ocrx_word' id='word_1_196' title='bbox 2174 1659 2517 1722; x_wconf 68' lang='lat' dir='ltr'><strong>Matthaeum,</strong></span> <span class='ocrx_word' id='word_1_197' title='bbox 2559 1659 2652 1729; x_wconf 89' lang='lat' dir='ltr'><strong>qui</strong></span> <span class='ocrx_word' id='word_1_198' title='bbox 2701 1669 2888 1729; x_wconf 89' lang='lat' dir='ltr'><strong>postea</strong></span> <span class='ocrx_word' id='word_1_199' title='bbox 2946 1650 3273 1714; x_wconf 75' lang='lat' dir='ltr'><strong>monachum</strong></span> <span class='ocrx_word' id='word_1_200' title='bbox 3306 1662 3535 1714; x_wconf 87' lang='lat' dir='ltr'><strong>induens</strong></span> 
     </span>
    </p>
   </div>
   <div class='ocr_carea' id='block_1_17' title="bbox 273 1742 3550 1823">
    <p class='ocr_par' dir='ltr' id='par_1_17' title="bbox 273 1742 3550 1823">
     <span class='ocr_line' id='line_1_17' title="bbox 273 1742 3550 1823; baseline 0.002 -26"><span class='ocrx_word' id='word_1_201' title='bbox 273 1744 333 1798; x_wconf 87' lang='lat' dir='ltr'><strong>in</strong></span> <span class='ocrx_word' id='word_1_202' title='bbox 370 1742 564 1800; x_wconf 86' lang='lat' dir='ltr'><strong>Patmo</strong></span> <span class='ocrx_word' id='word_1_203' title='bbox 608 1748 784 1803; x_wconf 87' lang='lat' dir='ltr'><strong>insula</strong></span> <span class='ocrx_word' id='word_1_204' title='bbox 842 1764 901 1802; x_wconf 84' lang='lat' dir='ltr'><strong>se</strong></span> <span class='ocrx_word' id='word_1_205' title='bbox 932 1765 1217 1823; x_wconf 84' lang='lat' dir='ltr'><strong>exercens,</strong></span> <span class='ocrx_word' id='word_1_206' title='bbox 1267 1752 1408 1805; x_wconf 89' lang='lat' dir='ltr'><strong>diem</strong></span> <span class='ocrx_word' id='word_1_207' title='bbox 1429 1750 1604 1805; x_wconf 88' lang='lat' dir='ltr'><strong>ob&#39;it:</strong></span> <span class='ocrx_word' id='word_1_208' title='bbox 1683 1752 1820 1820; x_wconf 89' lang='lat' dir='ltr'><strong>ipse,</strong></span> <span class='ocrx_word' id='word_1_209' title='bbox 1873 1761 2034 1807; x_wconf 71' lang='lat' dir='ltr'><strong>aetate</strong></span> <span class='ocrx_word' id='word_1_210' title='bbox 2094 1754 2374 1823; x_wconf 75' lang='lat' dir='ltr'><strong>grandior,</strong></span> <span class='ocrx_word' id='word_1_211' title='bbox 2427 1754 2529 1808; x_wconf 91' lang='lat' dir='ltr'><strong>sub</strong></span> <span class='ocrx_word' id='word_1_212' title='bbox 2591 1754 2947 1809; x_wconf 81' lang='lat' dir='ltr'><strong>Emmanuele</strong></span> <span class='ocrx_word' id='word_1_213' title='bbox 3007 1752 3284 1807; x_wconf 86' lang='lat' dir='ltr'><strong>Conmeno</strong></span> <span class='ocrx_word' id='word_1_214' title='bbox 3332 1766 3550 1807; x_wconf 76' lang='lat' dir='ltr'><strong>munera</strong></span> 
     </span>
    </p>
   </div>
   <div class='ocr_carea' id='block_1_18' title="bbox 277 1822 1839 1912">
    <p class='ocr_par' dir='ltr' id='par_1_18' title="bbox 277 1822 1839 1905">
     <span class='ocr_line' id='line_1_18' title="bbox 277 1822 1839 1905; baseline 0.008 -23"><span class='ocrx_word' id='word_1_215' title='bbox 277 1830 493 1885; x_wconf 63' lang='lat' dir='ltr'><strong>militiae</strong></span> <span class='ocrx_word' id='word_1_216' title='bbox 536 1833 680 1889; x_wconf 86' lang='lat' dir='ltr'><strong>tulit.</strong></span> <span class='ocrx_word' id='word_1_217' title='bbox 743 1822 1120 1903; x_wconf 69' lang='lat' dir='ltr'><strong>Meminitipse</strong></span> <span class='ocrx_word' id='word_1_218' title='bbox 1151 1851 1272 1905; x_wconf 87' lang='lat' dir='ltr'><strong>cap.</strong></span> <span class='ocrx_word' id='word_1_219' title='bbox 1320 1837 1412 1903; x_wconf 72' lang='grc'><strong>24,</strong></span> <span class='ocrx_word' id='word_1_220' title='bbox 1448 1839 1515 1893; x_wconf 91' lang='lat' dir='ltr'><strong>de</strong></span> <span class='ocrx_word' id='word_1_221' title='bbox 1558 1853 1688 1894; x_wconf 89' lang='lat' dir='ltr'><strong>sene</strong></span> <span class='ocrx_word' id='word_1_222' title='bbox 1724 1839 1839 1894; x_wconf 87' lang='lat' dir='ltr'><strong>lbet</strong></span> 
     </span>
    </p>
   </div>
   <div class='ocr_carea' id='block_1_19' title="bbox 1984 1822 3546 1912">
    <p class='ocr_par' dir='ltr' id='par_1_19' title="bbox 1984 1822 3546 1912">
     <span class='ocr_line' id='line_1_19' title="bbox 1984 1822 3546 1912; baseline -0.003 -19"><span class='ocrx_word' id='word_1_223' title='bbox 1984 1822 2129 1893; x_wconf 62' lang='lat' dir='ltr'><strong>[ﬂat</strong></span> <span class='ocrx_word' id='word_1_224' title='bbox 2163 1840 2258 1893; x_wconf 72' lang='grc' dir='ltr'><strong>ἐπὶ</strong></span> <span class='ocrx_word' id='word_1_225' title='bbox 2298 1842 2516 1911; x_wconf 79' lang='grc' dir='ltr'><strong>χρόνοις</strong></span> <span class='ocrx_word' id='word_1_226' title='bbox 2546 1842 2761 1912; x_wconf 80' lang='grc' dir='ltr'><strong>συχνοῖς</strong></span> <span class='ocrx_word' id='word_1_227' title='bbox 2783 1842 2841 1893; x_wconf 83' lang='grc' dir='ltr'><strong>ὲν</strong></span> <span class='ocrx_word' id='word_1_228' title='bbox 2870 1841 2947 1911; x_wconf 84' lang='grc' dir='ltr'><strong>τῷ</strong></span> <span class='ocrx_word' id='word_1_229' title='bbox 2978 1840 3110 1911; x_wconf 71' lang='grc' dir='ltr'>περὶ</span> <span class='ocrx_word' id='word_1_230' title='bbox 3146 1840 3244 1911; x_wconf 72' lang='grc' dir='ltr'><strong>τὴν</strong></span> <span class='ocrx_word' id='word_1_231' title='bbox 3277 1839 3546 1894; x_wconf 59' lang='grc' dir='ltr'>θάλασσακ</span> 
     </span>
    </p>
   </div>
   <div class='ocr_carea' id='block_1_20' title="bbox 264 1923 3547 2007">
    <p class='ocr_par' dir='ltr' id='par_1_20' title="bbox 264 1923 3547 2007">
     <span class='ocr_line' id='line_1_20' title="bbox 264 1923 3547 2007; baseline -0.001 -22"><span class='ocrx_word' id='word_1_232' title='bbox 264 1923 377 1992; x_wconf 82' lang='grc' dir='ltr'><strong>τῆς</strong></span> <span class='ocrx_word' id='word_1_233' title='bbox 414 1924 706 2007; x_wconf 59' lang='grc' dir='ltr'><strong>Ἀτταᾈίας</strong></span> <span class='ocrx_word' id='word_1_234' title='bbox 737 1930 1012 1999; x_wconf 79' lang='grc' dir='ltr'><strong>πεπηγότι</strong></span> <span class='ocrx_word' id='word_1_235' title='bbox 1047 1930 1200 2002; x_wconf 82' lang='grc' dir='ltr'>λίθῳ,</span> <span class='ocrx_word' id='word_1_236' title='bbox 1236 1934 1364 1994; x_wconf 74' lang='grc' dir='ltr'>τοὺς</span> <span class='ocrx_word' id='word_1_237' title='bbox 1396 1934 1733 2003; x_wconf 78' lang='grc' dir='ltr'><strong>ἁσκητικοὺς</strong></span> <span class='ocrx_word' id='word_1_238' title='bbox 1765 1934 2031 1997; x_wconf 81' lang='grc' dir='ltr'>διανύσας</span> <span class='ocrx_word' id='word_1_239' title='bbox 2077 1936 2294 1999; x_wconf 73' lang='grc' dir='ltr'>πόνους,</span> <span class='ocrx_word' id='word_1_240' title='bbox 2328 1936 2415 1987; x_wconf 84' lang='grc' dir='ltr'><strong>ὅτε</strong></span> <span class='ocrx_word' id='word_1_241' title='bbox 2453 1933 2551 1988; x_wconf 78' lang='grc' dir='ltr'><strong>καὶ</strong></span> <span class='ocrx_word' id='word_1_242' title='bbox 2585 1936 2746 2004; x_wconf 79' lang='grc' dir='ltr'>ἡμεῖς</span> <span class='ocrx_word' id='word_1_243' title='bbox 2771 1934 2849 2003; x_wconf 83' lang='grc' dir='ltr'><strong>τῷ</strong></span> <span class='ocrx_word' id='word_1_244' title='bbox 2912 1934 3068 2001; x_wconf 79' lang='grc' dir='ltr'>ἀνδρὶ</span> <span class='ocrx_word' id='word_1_245' title='bbox 3100 1932 3446 2002; x_wconf 74' lang='grc' dir='ltr'><strong>ἐνετύχομεν,</strong></span> <span class='ocrx_word' id='word_1_246' title='bbox 3478 1930 3547 2001; x_wconf 66' lang='grc' dir='ltr'><strong>τᾷ</strong></span> 
     </span>
    </p>
   </div>
   <div class='ocr_carea' id='block_1_21' title="bbox 266 2013 1828 2091">
    <p class='ocr_par' dir='ltr' id='par_1_21' title="bbox 266 2013 1828 2091">
     <span class='ocr_line' id='line_1_21' title="bbox 266 2013 1828 2091; baseline 0.006 -26"><span class='ocrx_word' id='word_1_247' title='bbox 266 2013 510 2083; x_wconf 76' lang='grc' dir='ltr'>ἀοιδίμῳ</span> <span class='ocrx_word' id='word_1_248' title='bbox 561 2015 779 2085; x_wconf 72' lang='grc' dir='ltr'><strong>βασιλεῖ</strong></span> <span class='ocrx_word' id='word_1_249' title='bbox 819 2020 914 2071; x_wconf 78' lang='grc' dir='ltr'><strong>καὶ</strong></span> <span class='ocrx_word' id='word_1_250' title='bbox 947 2019 1453 2091; x_wconf 79' lang='grc' dir='ltr'>Πορφυρογεννήτῳ</span> <span class='ocrx_word' id='word_1_251' title='bbox 1496 2021 1575 2091; x_wconf 84' lang='grc' dir='ltr'><strong>τῷ</strong></span> <span class='ocrx_word' id='word_1_252' title='bbox 1638 2024 1828 2091; x_wconf 84' lang='grc' dir='ltr'>Κομνη</span> 
     </span>
    </p>
   </div>
   <div class='ocr_carea' id='block_1_22' title="bbox 1984 2013 3546 2091">
    <p class='ocr_par' dir='ltr' id='par_1_22' title="bbox 1984 2020 3546 2091">
     <span class='ocr_line' id='line_1_22' title="bbox 1984 2020 3546 2091; baseline -0.003 -15"><span class='ocrx_word' id='word_1_253' title='bbox 1984 2023 2471 2091; x_wconf 80' lang='grc' dir='ltr'><strong>υστρατευόμενος.</strong></span> <span class='ocrx_word' id='word_1_254' title='bbox 2534 2021 2638 2087; x_wconf 85' lang='lat' dir='ltr'><strong>Qui</strong></span> <span class='ocrx_word' id='word_1_255' title='bbox 2672 2022 2873 2085; x_wconf 78' lang='lat' dir='ltr'><strong>pridem</strong></span> <span class='ocrx_word' id='word_1_256' title='bbox 2916 2038 3008 2088; x_wconf 74' lang='lat' dir='ltr'><strong>per</strong></span> <span class='ocrx_word' id='word_1_257' title='bbox 3045 2020 3222 2084; x_wconf 82' lang='lat' dir='ltr'><strong>plures</strong></span> <span class='ocrx_word' id='word_1_258' title='bbox 3276 2035 3444 2072; x_wconf 84' lang='lat' dir='ltr'><strong>annos</strong></span> <span class='ocrx_word' id='word_1_259' title='bbox 3489 2020 3546 2071; x_wconf 77' lang='lat' dir='ltr'><strong>in</strong></span> 
     </span>
    </p>
   </div>
   <div class='ocr_carea' id='block_1_23' title="bbox 268 2104 3549 2185">
    <p class='ocr_par' dir='ltr' id='par_1_23' title="bbox 268 2104 3549 2185">
     <span class='ocr_line' id='line_1_23' title="bbox 268 2104 3549 2185; baseline 0.001 -25"><span class='ocrx_word' id='word_1_260' title='bbox 268 2104 431 2173; x_wconf 65' lang='lat'><strong>315:0,</strong></span> <span class='ocrx_word' id='word_1_261' title='bbox 483 2110 554 2162; x_wconf 88' lang='lat' dir='ltr'><strong>ad</strong></span> <span class='ocrx_word' id='word_1_262' title='bbox 587 2127 733 2165; x_wconf 86' lang='lat' dir='ltr'><strong>mare</strong></span> <span class='ocrx_word' id='word_1_263' title='bbox 778 2110 996 2166; x_wconf 74' lang='lat' dir='ltr'><strong>Attalia:</strong></span> <span class='ocrx_word' id='word_1_264' title='bbox 1048 2114 1294 2181; x_wconf 81' lang='lat' dir='ltr'><strong>fundato,</strong></span> <span class='ocrx_word' id='word_1_265' title='bbox 1355 2115 1628 2170; x_wconf 86' lang='lat' dir='ltr'><strong>laboribus</strong></span> <span class='ocrx_word' id='word_1_266' title='bbox 1667 2119 1936 2170; x_wconf 84' lang='lat' dir='ltr'><strong>coutinuis</strong></span> <span class='ocrx_word' id='word_1_267' title='bbox 1982 2116 2371 2185; x_wconf 74' lang='lat' dir='ltr'><strong>sudoribusque</strong></span> <span class='ocrx_word' id='word_1_268' title='bbox 2411 2131 2522 2173; x_wconf 81' lang='lat' dir='ltr'><strong>sese</strong></span> <span class='ocrx_word' id='word_1_269' title='bbox 2561 2123 2911 2178; x_wconf 80' lang='lat' dir='ltr'><strong>exercuerat;</strong></span> <span class='ocrx_word' id='word_1_270' title='bbox 2961 2113 3137 2181; x_wconf 77' lang='lat' dir='ltr'><strong>ibique</strong></span> <span class='ocrx_word' id='word_1_271' title='bbox 3189 2129 3281 2166; x_wconf 79' lang='lat' dir='ltr'><strong>nos</strong></span> <span class='ocrx_word' id='word_1_272' title='bbox 3320 2129 3437 2165; x_wconf 84' lang='lat' dir='ltr'><strong>eum</strong></span> <span class='ocrx_word' id='word_1_273' title='bbox 3474 2112 3549 2165; x_wconf 85' lang='lat' dir='ltr'><strong>al-</strong></span> 
     </span>
    </p>
   </div>
   <div class='ocr_carea' id='block_1_24' title="bbox 269 2200 3549 2279">
    <p class='ocr_par' dir='ltr' id='par_1_24' title="bbox 269 2200 3549 2279">
     <span class='ocr_line' id='line_1_24' title="bbox 269 2200 3549 2279; baseline 0.001 -25"><span class='ocrx_word' id='word_1_274' title='bbox 269 2200 443 2255; x_wconf 81' lang='lat' dir='ltr'><strong>locuti</strong></span> <span class='ocrx_word' id='word_1_275' title='bbox 481 2202 684 2271; x_wconf 77' lang='lat' dir='ltr'><strong>fuimus</strong></span> <span class='ocrx_word' id='word_1_276' title='bbox 711 2244 725 2265; x_wconf 90' lang='lat'><strong>,</strong></span> <span class='ocrx_word' id='word_1_277' title='bbox 782 2206 909 2258; x_wconf 84' lang='lat' dir='ltr'><strong>dum</strong></span> <span class='ocrx_word' id='word_1_278' title='bbox 947 2223 1052 2260; x_wconf 83' lang='lat' dir='ltr'><strong>una</strong></span> <span class='ocrx_word' id='word_1_279' title='bbox 1108 2224 1228 2261; x_wconf 82' lang='lat' dir='ltr'><strong>cum</strong></span> <span class='ocrx_word' id='word_1_280' title='bbox 1270 2208 1607 2263; x_wconf 81' lang='lat' dir='ltr'><strong>celeberrimo</strong></span> <span class='ocrx_word' id='word_1_281' title='bbox 1667 2211 1983 2276; x_wconf 79' lang='lat' dir='ltr'><strong>imperatore</strong></span> <span class='ocrx_word' id='word_1_282' title='bbox 2035 2218 2085 2263; x_wconf 88' lang='lat' dir='ltr'><strong>et</strong></span> <span class='ocrx_word' id='word_1_283' title='bbox 2144 2209 2644 2279; x_wconf 79' lang='lat' dir='ltr'><strong>Porphyrogenneta</strong></span> <span class='ocrx_word' id='word_1_284' title='bbox 2678 2206 2941 2262; x_wconf 85' lang='lat' dir='ltr'><strong>Comneno</strong></span> <span class='ocrx_word' id='word_1_285' title='bbox 2978 2207 3350 2260; x_wconf 77' lang='lat' dir='ltr'><strong>militaremus.</strong></span> <span class='ocrx_word' id='word_1_286' title='bbox 3381 2205 3549 2275; x_wconf 87' lang='lat' dir='ltr'><strong>Ejus-</strong></span> 
     </span>
    </p>
   </div>
   <div class='ocr_carea' id='block_1_25' title="bbox 266 2291 3549 2369">
    <p class='ocr_par' dir='ltr' id='par_1_25' title="bbox 266 2291 3549 2369">
     <span class='ocr_line' id='line_1_25' title="bbox 266 2291 3549 2369; baseline -0.001 -16"><span class='ocrx_word' id='word_1_287' title='bbox 266 2297 401 2353; x_wconf 87' lang='lat' dir='ltr'><strong>dem</strong></span> <span class='ocrx_word' id='word_1_288' title='bbox 445 2296 813 2353; x_wconf 86' lang='lat' dir='ltr'><strong>Emmanuelis</strong></span> <span class='ocrx_word' id='word_1_289' title='bbox 872 2302 1114 2354; x_wconf 83' lang='lat' dir='ltr'><strong>meminit</strong></span> <span class='ocrx_word' id='word_1_290' title='bbox 1155 2302 1283 2356; x_wconf 88' lang='lat' dir='ltr'><strong>alibi</strong></span> <span class='ocrx_word' id='word_1_291' title='bbox 1344 2303 1541 2369; x_wconf 84' lang='lat' dir='ltr'><strong>saepius</strong></span> <span class='ocrx_word' id='word_1_292' title='bbox 1589 2303 1690 2357; x_wconf 89' lang='lat' dir='ltr'><strong>hoc</strong></span> <span class='ocrx_word' id='word_1_293' title='bbox 1721 2291 1937 2355; x_wconf 73' lang='lat' dir='ltr'><strong>eodem</strong></span> <span class='ocrx_word' id='word_1_294' title='bbox 1994 2300 2193 2357; x_wconf 88' lang='lat' dir='ltr'><strong>libello.</strong></span> <span class='ocrx_word' id='word_1_295' title='bbox 2242 2301 2409 2356; x_wconf 86' lang='lat' dir='ltr'><strong>Ducta</strong></span> <span class='ocrx_word' id='word_1_296' title='bbox 2464 2314 2670 2365; x_wconf 83' lang='lat' dir='ltr'><strong>uxore,</strong></span> <span class='ocrx_word' id='word_1_297' title='bbox 2701 2298 2783 2354; x_wconf 72' lang='grc' dir='ltr'>ὀι</span> <span class='ocrx_word' id='word_1_298' title='bbox 2839 2316 2903 2355; x_wconf 90' lang='lat' dir='ltr'><strong>ea</strong></span> <span class='ocrx_word' id='word_1_299' title='bbox 2949 2300 3115 2354; x_wconf 89' lang='lat' dir='ltr'><strong>lilium</strong></span> <span class='ocrx_word' id='word_1_300' title='bbox 3172 2298 3379 2353; x_wconf 82' lang='lat' dir='ltr'><strong>habuit.</strong></span> <span class='ocrx_word' id='word_1_301' title='bbox 3430 2298 3549 2367; x_wconf 83' lang='lat' dir='ltr'><strong>Ejus</strong></span> 
     </span>
    </p>
   </div>
   <div class='ocr_carea' id='block_1_26' title="bbox 274 2389 3549 2458">
    <p class='ocr_par' dir='ltr' id='par_1_26' title="bbox 274 2389 3549 2458">
     <span class='ocr_line' id='line_1_26' title="bbox 274 2389 3549 2458; baseline 0 -19"><span class='ocrx_word' id='word_1_302' title='bbox 274 2400 482 2441; x_wconf 76' lang='lat' dir='ltr'><strong>nomen</strong></span> <span class='ocrx_word' id='word_1_303' title='bbox 534 2402 565 2440; x_wconf 86' lang='lat' dir='ltr'><strong>a</strong></span> <span class='ocrx_word' id='word_1_304' title='bbox 600 2389 1154 2458; x_wconf 25' lang='lat' dir='ltr'><strong>rcompaginatoribus</strong></span> <span class='ocrx_word' id='word_1_305' title='bbox 1191 2391 1335 2455; x_wconf 88' lang='lat' dir='ltr'><strong>libri,</strong></span> <span class='ocrx_word' id='word_1_306' title='bbox 1385 2391 1511 2445; x_wconf 88' lang='lat' dir='ltr'><strong>dum</strong></span> <span class='ocrx_word' id='word_1_307' title='bbox 1547 2390 1724 2444; x_wconf 82' lang='lat' dir='ltr'><strong>cultro</strong></span> <span class='ocrx_word' id='word_1_308' title='bbox 1779 2390 2027 2443; x_wconf 84' lang='lat' dir='ltr'><strong>foliorum</strong></span> <span class='ocrx_word' id='word_1_309' title='bbox 2084 2391 2461 2445; x_wconf 78' lang='lat' dir='ltr'><strong>extremitates</strong></span> <span class='ocrx_word' id='word_1_310' title='bbox 2510 2398 2835 2456; x_wconf 78' lang='lat' dir='ltr'><strong>aequarunt,</strong></span> <span class='ocrx_word' id='word_1_311' title='bbox 2871 2390 3171 2443; x_wconf 84' lang='lat' dir='ltr'><strong>abscissum</strong></span> <span class='ocrx_word' id='word_1_312' title='bbox 3200 2398 3302 2443; x_wconf 88' lang='lat' dir='ltr'><strong>est.</strong></span> <span class='ocrx_word' id='word_1_313' title='bbox 3352 2389 3549 2441; x_wconf 86' lang='lat' dir='ltr'><strong>Postea</strong></span> 
     </span>
    </p>
   </div>
   <div class='ocr_carea' id='block_1_27' title="bbox 276 2464 3549 2546">
    <p class='ocr_par' dir='ltr' id='par_1_27' title="bbox 276 2464 3549 2546">
     <span class='ocr_line' id='line_1_27' title="bbox 276 2464 3549 2546; baseline 0.001 -19"><span class='ocrx_word' id='word_1_314' title='bbox 276 2474 588 2528; x_wconf 79' lang='lat' dir='ltr'><strong>monachus</strong></span> <span class='ocrx_word' id='word_1_315' title='bbox 634 2476 830 2542; x_wconf 80' lang='lat' dir='ltr'><strong>factus,</strong></span> <span class='ocrx_word' id='word_1_316' title='bbox 891 2478 1075 2530; x_wconf 86' lang='lat' dir='ltr'><strong>invisit</strong></span> <span class='ocrx_word' id='word_1_317' title='bbox 1118 2479 1231 2531; x_wconf 87' lang='lat' dir='ltr'><strong>loca</strong></span> <span class='ocrx_word' id='word_1_318' title='bbox 1272 2489 1457 2531; x_wconf 88' lang='lat' dir='ltr'><strong>sancta</strong></span> <span class='ocrx_word' id='word_1_319' title='bbox 1495 2494 1637 2532; x_wconf 80' lang='lat' dir='ltr'><strong>anno</strong></span> <span class='ocrx_word' id='word_1_320' title='bbox 1694 2477 1853 2533; x_wconf 77' lang='lat' dir='ltr'><strong>H85.</strong></span> <span class='ocrx_word' id='word_1_321' title='bbox 1908 2466 1976 2531; x_wconf 86' lang='lat' dir='ltr'><strong>Et</strong></span> <span class='ocrx_word' id='word_1_322' title='bbox 2025 2479 2139 2531; x_wconf 68' lang='lat' dir='ltr'><strong>haec</strong></span> <span class='ocrx_word' id='word_1_323' title='bbox 2185 2478 2368 2530; x_wconf 86' lang='lat' dir='ltr'><strong>omnia</strong></span> <span class='ocrx_word' id='word_1_324' title='bbox 2409 2476 2584 2531; x_wconf 85' lang='lat' dir='ltr'><strong>habeo</strong></span> <span class='ocrx_word' id='word_1_325' title='bbox 2617 2493 2679 2530; x_wconf 85' lang='lat' dir='ltr'><strong>cx</strong></span> <span class='ocrx_word' id='word_1_326' title='bbox 2730 2477 2933 2538; x_wconf 89' lang='lat' dir='ltr'><strong>notula,</strong></span> <span class='ocrx_word' id='word_1_327' title='bbox 2977 2493 3096 2546; x_wconf 72' lang='lat' dir='ltr'><strong>quae</strong></span> <span class='ocrx_word' id='word_1_328' title='bbox 3153 2476 3329 2531; x_wconf 83' lang='lat' dir='ltr'><strong>rubeis</strong></span> <span class='ocrx_word' id='word_1_329' title='bbox 3361 2464 3549 2537; x_wconf 77' lang='lat' dir='ltr'><strong>litteris</strong></span> 
     </span>
    </p>
   </div>
   <div class='ocr_carea' id='block_1_28' title="bbox 272 2566 1834 2642">
    <p class='ocr_par' dir='ltr' id='par_1_28' title="bbox 272 2566 1834 2642">
     <span class='ocr_line' id='line_1_28' title="bbox 272 2566 1834 2642; baseline 0.004 -24"><span class='ocrx_word' id='word_1_330' title='bbox 272 2566 337 2619; x_wconf 84' lang='lat' dir='ltr'><strong>iu</strong></span> <span class='ocrx_word' id='word_1_331' title='bbox 390 2569 634 2636; x_wconf 76' lang='lat' dir='ltr'><strong>margine</strong></span> <span class='ocrx_word' id='word_1_332' title='bbox 692 2570 950 2623; x_wconf 81' lang='lat' dir='ltr'><strong>additur:</strong></span> <span class='ocrx_word' id='word_1_333' title='bbox 1000 2572 1390 2642; x_wconf 61' lang='grc' dir='ltr'><strong>Συγγραφεῖσα</strong></span> <span class='ocrx_word' id='word_1_334' title='bbox 1448 2571 1606 2642; x_wconf 79' lang='grc' dir='ltr'><strong>παρὰ</strong></span> <span class='ocrx_word' id='word_1_335' title='bbox 1663 2572 1834 2625; x_wconf 68' lang='grc' dir='ltr'><strong>Ἰωάνε</strong></span> 
     </span>
    </p>
   </div>
   <div class='ocr_carea' id='block_1_29' title="bbox 1986 2566 3548 2642">
    <p class='ocr_par' dir='ltr' id='par_1_29' title="bbox 1986 2568 3548 2639">
     <span class='ocr_line' id='line_1_29' title="bbox 1986 2568 3548 2639; baseline -0.001 -16"><span class='ocrx_word' id='word_1_336' title='bbox 1986 2572 2169 2639; x_wconf 79' lang='grc' dir='ltr'><strong>ἱερέως</strong></span> <span class='ocrx_word' id='word_1_337' title='bbox 2223 2570 2318 2623; x_wconf 81' lang='grc' dir='ltr'><strong>τοῦ</strong></span> <span class='ocrx_word' id='word_1_338' title='bbox 2380 2570 2781 2624; x_wconf 76' lang='grc' dir='ltr'>εὐσεϐεστάτου</span> <span class='ocrx_word' id='word_1_339' title='bbox 2848 2572 3035 2635; x_wconf 80' lang='grc' dir='ltr'><strong>Φωκᾶ,</strong></span> <span class='ocrx_word' id='word_1_340' title='bbox 3089 2570 3207 2622; x_wconf 78' lang='grc' dir='ltr'>υἱοῦ</span> <span class='ocrx_word' id='word_1_341' title='bbox 3262 2568 3548 2623; x_wconf 80' lang='grc' dir='ltr'><strong>Ματθαίου</strong></span> 
     </span>
    </p>
   </div>
   <div class='ocr_carea' id='block_1_30' title="bbox 274 2649 3549 2737">
    <p class='ocr_par' dir='ltr' id='par_1_30' title="bbox 274 2649 3549 2737">
     <span class='ocr_line' id='line_1_30' title="bbox 274 2649 3549 2737; baseline 0 -30"><span class='ocrx_word' id='word_1_342' title='bbox 274 2656 524 2726; x_wconf 80' lang='grc' dir='ltr'><strong>μοναχοῦ</strong></span> <span class='ocrx_word' id='word_1_343' title='bbox 567 2657 662 2711; x_wconf 82' lang='grc' dir='ltr'><strong>τοῦ</strong></span> <span class='ocrx_word' id='word_1_344' title='bbox 703 2659 1060 2723; x_wconf 81' lang='grc' dir='ltr'><strong>ἐνασκοῢντος</strong></span> <span class='ocrx_word' id='word_1_345' title='bbox 1108 2662 1166 2713; x_wconf 80' lang='grc' dir='ltr'><strong>ἐν</strong></span> <span class='ocrx_word' id='word_1_346' title='bbox 1199 2663 1408 2731; x_wconf 81' lang='grc' dir='ltr'><strong>Πάτμῳ</strong></span> <span class='ocrx_word' id='word_1_347' title='bbox 1445 2665 1509 2732; x_wconf 84' lang='grc' dir='ltr'><strong>τῇ</strong></span> <span class='ocrx_word' id='word_1_348' title='bbox 1563 2649 1736 2729; x_wconf 57' lang='grc' dir='ltr'>νήσιρ,</span> <span class='ocrx_word' id='word_1_349' title='bbox 1768 2661 1942 2731; x_wconf 67' lang='grc' dir='ltr'>ὄσὴερ</span> <span class='ocrx_word' id='word_1_350' title='bbox 1982 2654 2090 2737; x_wconf 63' lang='grc' dir='ltr'>εἶδε</span> <span class='ocrx_word' id='word_1_351' title='bbox 2126 2659 2248 2721; x_wconf 80' lang='grc' dir='ltr'>τοὺς</span> <span class='ocrx_word' id='word_1_352' title='bbox 2303 2659 2496 2726; x_wconf 76' lang='grc' dir='ltr'>ἁγίους</span> <span class='ocrx_word' id='word_1_353' title='bbox 2555 2658 2752 2724; x_wconf 76' lang='grc' dir='ltr'>τόπους</span> <span class='ocrx_word' id='word_1_354' title='bbox 2791 2658 2868 2719; x_wconf 78' lang='grc' dir='ltr'>εἰς</span> <span class='ocrx_word' id='word_1_355' title='bbox 2920 2656 3126 2727; x_wconf 72' lang='grc' dir='ltr'>χιλίους</span> <span class='ocrx_word' id='word_1_356' title='bbox 3160 2654 3300 2726; x_wconf 79' lang='grc' dir='ltr'>ρπε’.</span> <span class='ocrx_word' id='word_1_357' title='bbox 3342 2653 3549 2721; x_wconf 84' lang='lat' dir='ltr'><strong>Scripta</strong></span> 
     </span>
    </p>
   </div>
   <div class='ocr_carea' id='block_1_31' title="bbox 274 2747 3549 2830">
    <p class='ocr_par' dir='ltr' id='par_1_31' title="bbox 274 2747 3549 2830">
     <span class='ocr_line' id='line_1_31' title="bbox 274 2747 3549 2830; baseline -0 -30"><span class='ocrx_word' id='word_1_358' title='bbox 274 2764 317 2800; x_wconf 80' lang='grc' dir='ltr'><strong>ο</strong></span> <span class='ocrx_word' id='word_1_359' title='bbox 365 2747 572 2802; x_wconf 82' lang='lat' dir='ltr'><strong>Joanne</strong></span> <span class='ocrx_word' id='word_1_360' title='bbox 626 2752 901 2807; x_wconf 81' lang='lat' dir='ltr'><strong>sacerdote</strong></span> <span class='ocrx_word' id='word_1_361' title='bbox 952 2754 1190 2830; x_wconf 76' lang='lat' dir='ltr'><strong>piissimo</strong></span> <span class='ocrx_word' id='word_1_362' title='bbox 1244 2754 1443 2818; x_wconf 82' lang='lat' dir='ltr'><strong>Phoco,</strong></span> <span class='ocrx_word' id='word_1_363' title='bbox 1478 2755 1591 2824; x_wconf 78' lang='lat' dir='ltr'><strong>ﬁlio</strong></span> <span class='ocrx_word' id='word_1_364' title='bbox 1628 2752 1873 2807; x_wconf 75' lang='lat' dir='ltr'><strong>Matthwi</strong></span> <span class='ocrx_word' id='word_1_365' title='bbox 1927 2752 2197 2815; x_wconf 84' lang='lat' dir='ltr'><strong>monachi,</strong></span> <span class='ocrx_word' id='word_1_366' title='bbox 2247 2752 2340 2819; x_wconf 84' lang='lat' dir='ltr'><strong>qui</strong></span> <span class='ocrx_word' id='word_1_367' title='bbox 2372 2768 2427 2806; x_wconf 86' lang='lat' dir='ltr'><strong>se</strong></span> <span class='ocrx_word' id='word_1_368' title='bbox 2472 2762 2677 2805; x_wconf 76' lang='lat' dir='ltr'><strong>exercet</strong></span> <span class='ocrx_word' id='word_1_369' title='bbox 2720 2753 2775 2805; x_wconf 82' lang='lat' dir='ltr'><strong>in</strong></span> <span class='ocrx_word' id='word_1_370' title='bbox 2823 2749 3009 2803; x_wconf 86' lang='lat' dir='ltr'><strong>Patmo</strong></span> <span class='ocrx_word' id='word_1_371' title='bbox 3053 2749 3389 2819; x_wconf 82' lang='lat' dir='ltr'><strong>insula;qui</strong></span> <span class='ocrx_word' id='word_1_372' title='bbox 3421 2748 3549 2802; x_wconf 82' lang='lat' dir='ltr'><strong>vidit</strong></span> 
     </span>
    </p>
   </div>
   <div class='ocr_carea' id='block_1_32' title="bbox 270 2842 1832 2917">
    <p class='ocr_par' dir='ltr' id='par_1_32' title="bbox 270 2844 1832 2905">
     <span class='ocr_line' id='line_1_32' title="bbox 270 2844 1832 2905; baseline 0.004 -9"><span class='ocrx_word' id='word_1_373' title='bbox 270 2854 466 2897; x_wconf 80' lang='lat' dir='ltr'><strong>sancta</strong></span> <span class='ocrx_word' id='word_1_374' title='bbox 519 2844 636 2898; x_wconf 88' lang='lat' dir='ltr'><strong>loca</strong></span> <span class='ocrx_word' id='word_1_375' title='bbox 684 2863 821 2900; x_wconf 88' lang='lat' dir='ltr'><strong>anno</strong></span> <span class='ocrx_word' id='word_1_376' title='bbox 868 2848 1025 2903; x_wconf 78' lang='lat'><strong>“85.</strong></span> <span class='ocrx_word' id='word_1_377' title='bbox 1057 2848 1112 2902; x_wconf 88' lang='lat' dir='ltr'><strong>In</strong></span> <span class='ocrx_word' id='word_1_378' title='bbox 1162 2849 1340 2903; x_wconf 87' lang='lat' dir='ltr'><strong>fronte</strong></span> <span class='ocrx_word' id='word_1_379' title='bbox 1394 2866 1519 2904; x_wconf 88' lang='lat' dir='ltr'><strong>vero</strong></span> <span class='ocrx_word' id='word_1_380' title='bbox 1572 2850 1695 2904; x_wconf 88' lang='lat' dir='ltr'><strong>lihri</strong></span> <span class='ocrx_word' id='word_1_381' title='bbox 1754 2864 1832 2905; x_wconf 84' lang='lat' dir='ltr'><strong>Scr</strong></span> 
     </span>
    </p>
   </div>
   <div class='ocr_carea' id='block_1_33' title="bbox 1985 2842 3547 2917">
    <p class='ocr_par' dir='ltr' id='par_1_33' title="bbox 1985 2842 3547 2916">
     <span class='ocr_line' id='line_1_33' title="bbox 1985 2842 3547 2916; baseline -0.006 -14"><span class='ocrx_word' id='word_1_382' title='bbox 1985 2864 2015 2902; x_wconf 87' lang='lat' dir='ltr'><strong>n</strong></span> <span class='ocrx_word' id='word_1_383' title='bbox 2070 2856 2236 2902; x_wconf 81' lang='lat' dir='ltr'><strong>erat:</strong></span> <span class='ocrx_word' id='word_1_384' title='bbox 2290 2847 2422 2908; x_wconf 79' lang='grc' dir='ltr'><strong>Υἱὸς</strong></span> <span class='ocrx_word' id='word_1_385' title='bbox 2482 2847 2674 2916; x_wconf 76' lang='grc' dir='ltr'><strong>ἱερέως</strong></span> <span class='ocrx_word' id='word_1_386' title='bbox 2730 2844 2824 2897; x_wconf 79' lang='grc' dir='ltr'><strong>τοῦ</strong></span> <span class='ocrx_word' id='word_1_387' title='bbox 2872 2844 3036 2897; x_wconf 77' lang='grc' dir='ltr'><strong>Φωκᾶ</strong></span> <span class='ocrx_word' id='word_1_388' title='bbox 3091 2846 3154 2896; x_wconf 83' lang='grc' dir='ltr'><strong>ὲκ</strong></span> <span class='ocrx_word' id='word_1_389' title='bbox 3192 2843 3290 2914; x_wconf 80' lang='grc' dir='ltr'><strong>τῆς</strong></span> <span class='ocrx_word' id='word_1_390' title='bbox 3331 2842 3547 2912; x_wconf 75' lang='grc' dir='ltr'><strong>Κρήτη,</strong></span> 
     </span>
    </p>
   </div>
   <div class='ocr_carea' id='block_1_34' title="bbox 268 2930 2858 3011">
    <p class='ocr_par' dir='ltr' id='par_1_34' title="bbox 268 2930 2858 3011">
     <span class='ocr_line' id='line_1_34' title="bbox 268 2930 2858 3011; baseline 0.001 -26"><span class='ocrx_word' id='word_1_391' title='bbox 268 2933 480 3002; x_wconf 76' lang='grc' dir='ltr'><strong>γράφω</strong></span> <span class='ocrx_word' id='word_1_392' title='bbox 520 2934 636 2996; x_wconf 75' lang='grc' dir='ltr'><strong>νῦν,</strong></span> <span class='ocrx_word' id='word_1_393' title='bbox 670 2935 1002 3005; x_wconf 57' lang='lat' dir='ltr'><strong>vobiscum...</strong></span> <span class='ocrx_word' id='word_1_394' title='bbox 1065 2936 1240 2991; x_wconf 80' lang='lat' dir='ltr'><strong>Filius</strong></span> <span class='ocrx_word' id='word_1_395' title='bbox 1286 2939 1573 2991; x_wconf 79' lang='lat' dir='ltr'><strong>sacerdotis</strong></span> <span class='ocrx_word' id='word_1_396' title='bbox 1606 2930 1796 2990; x_wconf 77' lang='lat' dir='ltr'><strong>Phoco:</strong></span> <span class='ocrx_word' id='word_1_397' title='bbox 1836 2935 2311 3011; x_wconf 53' lang='lat' dir='ltr'><strong>Cretensisjscribo</strong></span> <span class='ocrx_word' id='word_1_398' title='bbox 2359 2951 2517 2997; x_wconf 84' lang='lat' dir='ltr'><strong>nunc,</strong></span> <span class='ocrx_word' id='word_1_399' title='bbox 2553 2936 2858 2989; x_wconf 84' lang='lat' dir='ltr'><strong>nomine....</strong></span> 
     </span>
    </p>
   </div>
   <div class='ocr_carea' id='block_1_35' title="bbox 360 3016 3547 3100">
    <p class='ocr_par' dir='ltr' id='par_1_35' title="bbox 360 3016 3547 3100">
     <span class='ocr_line' id='line_1_35' title="bbox 360 3016 3547 3100; baseline -0.001 -20"><span class='ocrx_word' id='word_1_400' title='bbox 360 3020 465 3081; x_wconf 41' lang='lat' dir='ltr'><strong>Sed</strong></span> <span class='ocrx_word' id='word_1_401' title='bbox 502 3044 569 3082; x_wconf 86' lang='lat' dir='ltr'><strong>ne</strong></span> <span class='ocrx_word' id='word_1_402' title='bbox 619 3028 828 3084; x_wconf 74' lang='lat' dir='ltr'><strong>Phocus</strong></span> <span class='ocrx_word' id='word_1_403' title='bbox 879 3043 1065 3085; x_wconf 87' lang='lat' dir='ltr'><strong>noster</strong></span> <span class='ocrx_word' id='word_1_404' title='bbox 1116 3032 1322 3100; x_wconf 75' lang='lat' dir='ltr'><strong>palaret</strong></span> <span class='ocrx_word' id='word_1_405' title='bbox 1378 3016 1546 3097; x_wconf 82' lang='lat' dir='ltr'><strong>solus,</strong></span> <span class='ocrx_word' id='word_1_406' title='bbox 1578 3032 1754 3085; x_wconf 87' lang='lat' dir='ltr'><strong>socios</strong></span> <span class='ocrx_word' id='word_1_407' title='bbox 1798 3030 1848 3083; x_wconf 91' lang='lat' dir='ltr'><strong>ei</strong></span> <span class='ocrx_word' id='word_1_408' title='bbox 1884 3028 2135 3085; x_wconf 90' lang='lat' dir='ltr'><strong>dedimus</strong></span> <span class='ocrx_word' id='word_1_409' title='bbox 2192 3029 2367 3091; x_wconf 88' lang='lat' dir='ltr'><strong>binos,</strong></span> <span class='ocrx_word' id='word_1_410' title='bbox 2395 3028 2529 3081; x_wconf 86' lang='lat' dir='ltr'><strong>alias</strong></span> <span class='ocrx_word' id='word_1_411' title='bbox 2558 3042 2584 3081; x_wconf 88' lang='lat' dir='ltr'><strong>a</strong></span> <span class='ocrx_word' id='word_1_412' title='bbox 2632 3026 2879 3090; x_wconf 84' lang='lat' dir='ltr'><strong>Morello,</strong></span> <span class='ocrx_word' id='word_1_413' title='bbox 2912 3026 3003 3097; x_wconf 88' lang='lat' dir='ltr'><strong>qui</strong></span> <span class='ocrx_word' id='word_1_414' title='bbox 3037 3041 3129 3080; x_wconf 90' lang='lat' dir='ltr'><strong>eos</strong></span> <span class='ocrx_word' id='word_1_415' title='bbox 3161 3040 3192 3079; x_wconf 91' lang='lat' dir='ltr'><strong>e</strong></span> <span class='ocrx_word' id='word_1_416' title='bbox 3222 3024 3547 3079; x_wconf 87' lang='lat' dir='ltr'><strong>bibliotheca</strong></span> 
     </span>
    </p>
   </div>
   <div class='ocr_carea' id='block_1_36' title="bbox 281 3112 3548 3184">
    <p class='ocr_par' dir='ltr' id='par_1_36' title="bbox 281 3112 3548 3184">
     <span class='ocr_line' id='line_1_36' title="bbox 281 3112 3548 3184; baseline -0.001 -16"><span class='ocrx_word' id='word_1_417' title='bbox 281 3112 551 3168; x_wconf 80' lang='lat' dir='ltr'><strong>Vaticana</strong></span> <span class='ocrx_word' id='word_1_418' title='bbox 604 3132 699 3184; x_wconf 87' lang='lat' dir='ltr'><strong>per</strong></span> <span class='ocrx_word' id='word_1_419' title='bbox 753 3117 1106 3173; x_wconf 86' lang='lat' dir='ltr'><strong>Sirmundum</strong></span> <span class='ocrx_word' id='word_1_420' title='bbox 1166 3119 1449 3183; x_wconf 80' lang='lat' dir='ltr'><strong>habuerat,</strong></span> <span class='ocrx_word' id='word_1_421' title='bbox 1493 3120 1694 3172; x_wconf 90' lang='lat' dir='ltr'><strong>misere</strong></span> <span class='ocrx_word' id='word_1_422' title='bbox 1734 3126 1789 3171; x_wconf 89' lang='lat' dir='ltr'><strong>et</strong></span> <span class='ocrx_word' id='word_1_423' title='bbox 1841 3117 2132 3171; x_wconf 81' lang='lat' dir='ltr'><strong>infeliciter</strong></span> <span class='ocrx_word' id='word_1_424' title='bbox 2192 3118 2389 3179; x_wconf 86' lang='lat' dir='ltr'><strong>editos,</strong></span> <span class='ocrx_word' id='word_1_425' title='bbox 2448 3114 2807 3184; x_wconf 83' lang='lat' dir='ltr'><strong>Epiphaniqu</strong></span> <span class='ocrx_word' id='word_1_426' title='bbox 2865 3116 3190 3168; x_wconf 82' lang='lat' dir='ltr'><strong>monachum</strong></span> <span class='ocrx_word' id='word_1_427' title='bbox 3232 3112 3548 3182; x_wconf 75' lang='lat' dir='ltr'><strong>Hagiopoli-</strong></span> 
     </span>
    </p>
   </div>
   <div class='ocr_carea' id='block_1_37' title="bbox 280 3192 3549 3276">
    <p class='ocr_par' dir='ltr' id='par_1_37' title="bbox 280 3192 3549 3276">
     <span class='ocr_line' id='line_1_37' title="bbox 280 3192 3549 3276; baseline 0 -22"><span class='ocrx_word' id='word_1_428' title='bbox 280 3213 401 3256; x_wconf 84' lang='lat' dir='ltr'><strong>tam</strong></span> <span class='ocrx_word' id='word_1_429' title='bbox 435 3219 592 3271; x_wconf 89' lang='lat' dir='ltr'><strong>prosa</strong></span> <span class='ocrx_word' id='word_1_430' title='bbox 625 3206 894 3270; x_wconf 87' lang='lat' dir='ltr'><strong>oratione,</strong></span> <span class='ocrx_word' id='word_1_431' title='bbox 949 3217 1000 3260; x_wconf 78' lang='lat' dir='ltr'><strong>et</strong></span> <span class='ocrx_word' id='word_1_432' title='bbox 1050 3207 1211 3260; x_wconf 87' lang='lat' dir='ltr'><strong>alium</strong></span> <span class='ocrx_word' id='word_1_433' title='bbox 1260 3208 1499 3267; x_wconf 85' lang='lat' dir='ltr'><strong>carmine</strong></span> <span class='ocrx_word' id='word_1_434' title='bbox 1551 3207 1793 3276; x_wconf 82' lang='lat' dir='ltr'><strong>politieo,</strong></span> <span class='ocrx_word' id='word_1_435' title='bbox 1853 3206 1969 3260; x_wconf 68' lang='lat' dir='ltr'><strong>haec</strong></span> <span class='ocrx_word' id='word_1_436' title='bbox 2002 3208 2191 3259; x_wconf 79' lang='lat' dir='ltr'><strong>eadem</strong></span> <span class='ocrx_word' id='word_1_437' title='bbox 2234 3206 2350 3260; x_wconf 88' lang='lat' dir='ltr'><strong>loca</strong></span> <span class='ocrx_word' id='word_1_438' title='bbox 2415 3192 2827 3273; x_wconf 86' lang='lat' dir='ltr'><strong>persequentes.</strong></span> <span class='ocrx_word' id='word_1_439' title='bbox 2889 3201 3108 3264; x_wconf 79' lang='lat' dir='ltr'><strong>Omnia,</strong></span> <span class='ocrx_word' id='word_1_440' title='bbox 3181 3202 3428 3270; x_wconf 89' lang='lat' dir='ltr'><strong>inquam,</strong></span> <span class='ocrx_word' id='word_1_441' title='bbox 3470 3201 3549 3267; x_wconf 88' lang='lat' dir='ltr'><strong>ibi</strong></span> 
     </span>
    </p>
   </div>
   <div class='ocr_carea' id='block_1_38' title="bbox 274 3290 3547 3373">
    <p class='ocr_par' dir='ltr' id='par_1_38' title="bbox 274 3290 3547 3373">
     <span class='ocr_line' id='line_1_38' title="bbox 274 3290 3547 3373; baseline -0.001 -24"><span class='ocrx_word' id='word_1_442' title='bbox 274 3296 367 3350; x_wconf 85' lang='lat' dir='ltr'><strong>sic</strong></span> <span class='ocrx_word' id='word_1_443' title='bbox 400 3309 612 3352; x_wconf 86' lang='lat' dir='ltr'><strong>scatent</strong></span> <span class='ocrx_word' id='word_1_444' title='bbox 676 3300 979 3368; x_wconf 89' lang='lat' dir='ltr'><strong>erroribus,</strong></span> <span class='ocrx_word' id='word_1_445' title='bbox 1018 3311 1075 3367; x_wconf 88' lang='lat' dir='ltr'><strong>ut</strong></span> <span class='ocrx_word' id='word_1_446' title='bbox 1127 3301 1311 3355; x_wconf 86' lang='lat' dir='ltr'><strong>multis</strong></span> <span class='ocrx_word' id='word_1_447' title='bbox 1350 3301 1402 3373; x_wconf 89' lang='lat' dir='ltr'><strong>in</strong></span> <span class='ocrx_word' id='word_1_448' title='bbox 1458 3301 1592 3355; x_wconf 87' lang='lat' dir='ltr'><strong>locis</strong></span> <span class='ocrx_word' id='word_1_449' title='bbox 1638 3302 1723 3354; x_wconf 81' lang='lat' dir='ltr'><strong>vix</strong></span> <span class='ocrx_word' id='word_1_450' title='bbox 1758 3301 1981 3370; x_wconf 76' lang='lat' dir='ltr'><strong>intelligi</strong></span> <span class='ocrx_word' id='word_1_451' title='bbox 2043 3298 2279 3373; x_wconf 66' lang='lat' dir='ltr'><strong>possint.</strong></span> <span class='ocrx_word' id='word_1_452' title='bbox 2324 3297 2524 3364; x_wconf 86' lang='lat' dir='ltr'><strong>Quare,</strong></span> <span class='ocrx_word' id='word_1_453' title='bbox 2560 3306 2618 3351; x_wconf 92' lang='lat' dir='ltr'><strong>ut</strong></span> <span class='ocrx_word' id='word_1_454' title='bbox 2657 3298 2886 3351; x_wconf 89' lang='lat' dir='ltr'><strong>cultiore</strong></span> <span class='ocrx_word' id='word_1_455' title='bbox 2952 3296 3141 3351; x_wconf 87' lang='lat' dir='ltr'><strong>habitu</strong></span> <span class='ocrx_word' id='word_1_456' title='bbox 3175 3290 3547 3364; x_wconf 84' lang='lat' dir='ltr'><strong>compareant,</strong></span> 
     </span>
    </p>
   </div>
   <div class='ocr_carea' id='block_1_39' title="bbox 274 3372 3548 3457">
    <p class='ocr_par' dir='ltr' id='par_1_39' title="bbox 274 3372 3548 3457">
     <span class='ocr_line' id='line_1_39' title="bbox 274 3372 3548 3457; baseline 0 -20"><span class='ocrx_word' id='word_1_457' title='bbox 274 3383 655 3453; x_wconf 86' lang='lat' dir='ltr'><strong>Epiphanium</strong></span> <span class='ocrx_word' id='word_1_458' title='bbox 686 3391 750 3439; x_wconf 81' lang='lat' dir='ltr'><strong>ad</strong></span> <span class='ocrx_word' id='word_1_459' title='bbox 809 3390 1240 3456; x_wconf 89' lang='lat' dir='ltr'><strong>manuscriptum</strong></span> <span class='ocrx_word' id='word_1_460' title='bbox 1279 3372 1616 3451; x_wconf 65' lang='lat' dir='ltr'><strong>Vaiicanum,</strong></span> <span class='ocrx_word' id='word_1_461' title='bbox 1655 3389 1795 3441; x_wconf 89' lang='lat' dir='ltr'><strong>unde</strong></span> <span class='ocrx_word' id='word_1_462' title='bbox 1838 3399 2240 3457; x_wconf 75' lang='lat' dir='ltr'><strong>transsumptus</strong></span> <span class='ocrx_word' id='word_1_463' title='bbox 2270 3372 2419 3452; x_wconf 86' lang='lat' dir='ltr'><strong>erat,</strong></span> <span class='ocrx_word' id='word_1_464' title='bbox 2479 3387 2729 3453; x_wconf 89' lang='lat' dir='ltr'><strong>restitui;</strong></span> <span class='ocrx_word' id='word_1_465' title='bbox 2759 3400 2823 3439; x_wconf 82' lang='lat' dir='ltr'><strong>ex</strong></span> <span class='ocrx_word' id='word_1_466' title='bbox 2847 3402 2951 3454; x_wconf 88' lang='lat' dir='ltr'><strong>quo</strong></span> <span class='ocrx_word' id='word_1_467' title='bbox 2990 3389 3161 3440; x_wconf 82' lang='lat' dir='ltr'><strong>ferme</strong></span> <span class='ocrx_word' id='word_1_468' title='bbox 3188 3388 3393 3450; x_wconf 86' lang='lat' dir='ltr'><strong>omnia,</strong></span> <span class='ocrx_word' id='word_1_469' title='bbox 3433 3399 3548 3453; x_wconf 64' lang='lat' dir='ltr'><strong>quae</strong></span> 
     </span>
    </p>
   </div>
   <div class='ocr_carea' id='block_1_40' title="bbox 274 3476 3547 3549">
    <p class='ocr_par' dir='ltr' id='par_1_40' title="bbox 274 3476 3547 3549">
     <span class='ocr_line' id='line_1_40' title="bbox 274 3476 3547 3549; baseline -0.001 -18"><span class='ocrx_word' id='word_1_470' title='bbox 274 3478 603 3547; x_wconf 72' lang='lat' dir='ltr'><strong>Scrupulum</strong></span> <span class='ocrx_word' id='word_1_471' title='bbox 629 3480 852 3549; x_wconf 82' lang='lat' dir='ltr'><strong>injicere</strong></span> <span class='ocrx_word' id='word_1_472' title='bbox 887 3490 1158 3548; x_wconf 86' lang='lat' dir='ltr'><strong>poterant,</strong></span> <span class='ocrx_word' id='word_1_473' title='bbox 1197 3482 1569 3547; x_wconf 75' lang='lat' dir='ltr'><strong>corriguntur.</strong></span> <span class='ocrx_word' id='word_1_474' title='bbox 1620 3477 2129 3549; x_wconf 85' lang='lat' dir='ltr'><strong>Interpretationem</strong></span> <span class='ocrx_word' id='word_1_475' title='bbox 2166 3481 2343 3541; x_wconf 88' lang='lat' dir='ltr'><strong>etiam</strong></span> <span class='ocrx_word' id='word_1_476' title='bbox 2380 3479 2628 3533; x_wconf 87' lang='lat' dir='ltr'><strong>Latinam</strong></span> <span class='ocrx_word' id='word_1_477' title='bbox 2671 3479 2738 3534; x_wconf 89' lang='lat' dir='ltr'><strong>ad</strong></span> <span class='ocrx_word' id='word_1_478' title='bbox 2769 3479 2931 3532; x_wconf 89' lang='lat' dir='ltr'><strong>verba</strong></span> <span class='ocrx_word' id='word_1_479' title='bbox 2966 3476 3154 3533; x_wconf 68' lang='lat' dir='ltr'><strong>Grrrca</strong></span> <span class='ocrx_word' id='word_1_480' title='bbox 3190 3476 3547 3547; x_wconf 84' lang='lat' dir='ltr'><strong>interpolavi:</strong></span> 
     </span>
    </p>
   </div>
   <div class='ocr_carea' id='block_1_41' title="bbox 281 3552 3547 3635">
    <p class='ocr_par' dir='ltr' id='par_1_41' title="bbox 281 3552 3547 3635">
     <span class='ocr_line' id='line_1_41' title="bbox 281 3552 3547 3635; baseline 0.001 -18"><span class='ocrx_word' id='word_1_481' title='bbox 281 3575 353 3617; x_wconf 89' lang='lat' dir='ltr'><strong>ut</strong></span> <span class='ocrx_word' id='word_1_482' title='bbox 402 3582 507 3621; x_wconf 87' lang='lat' dir='ltr'><strong>non</strong></span> <span class='ocrx_word' id='word_1_483' title='bbox 553 3576 765 3621; x_wconf 88' lang='lat' dir='ltr'><strong>tantum</strong></span> <span class='ocrx_word' id='word_1_484' title='bbox 813 3568 1022 3635; x_wconf 72' lang='lat' dir='ltr'><strong>Graece,</strong></span> <span class='ocrx_word' id='word_1_485' title='bbox 1077 3568 1172 3623; x_wconf 87' lang='lat' dir='ltr'><strong>sed</strong></span> <span class='ocrx_word' id='word_1_486' title='bbox 1237 3552 1400 3623; x_wconf 83' lang='lat' dir='ltr'><strong>etiam</strong></span> <span class='ocrx_word' id='word_1_487' title='bbox 1462 3568 1677 3632; x_wconf 82' lang='lat' dir='ltr'><strong>Latine,</strong></span> <span class='ocrx_word' id='word_1_488' title='bbox 1727 3569 2047 3623; x_wconf 89' lang='lat' dir='ltr'><strong>concinnior</strong></span> <span class='ocrx_word' id='word_1_489' title='bbox 2090 3570 2284 3623; x_wconf 81' lang='lat' dir='ltr'><strong>exiret.</strong></span> <span class='ocrx_word' id='word_1_490' title='bbox 2336 3568 2594 3623; x_wconf 86' lang='lat' dir='ltr'><strong>Carmina</strong></span> <span class='ocrx_word' id='word_1_491' title='bbox 2650 3566 2837 3621; x_wconf 68' lang='lat' dir='ltr'><strong>Graeca</strong></span> <span class='ocrx_word' id='word_1_492' title='bbox 2880 3583 2945 3620; x_wconf 83' lang='lat' dir='ltr'><strong>ex</strong></span> <span class='ocrx_word' id='word_1_493' title='bbox 3001 3567 3371 3633; x_wconf 85' lang='lat' dir='ltr'><strong>manuscripto</strong></span> <span class='ocrx_word' id='word_1_494' title='bbox 3431 3581 3547 3619; x_wconf 90' lang='lat' dir='ltr'><strong>meo</strong></span> 
     </span>
    </p>
   </div>
   <div class='ocr_carea' id='block_1_42' title="bbox 275 3657 3547 3729">
    <p class='ocr_par' dir='ltr' id='par_1_42' title="bbox 275 3657 3547 3729">
     <span class='ocr_line' id='line_1_42' title="bbox 275 3657 3547 3729; baseline -0.002 -16"><span class='ocrx_word' id='word_1_495' title='bbox 275 3658 572 3727; x_wconf 77' lang='lat' dir='ltr'><strong>supplevi;</strong></span> <span class='ocrx_word' id='word_1_496' title='bbox 631 3676 752 3728; x_wconf 69' lang='lat' dir='ltr'><strong>quae</strong></span> <span class='ocrx_word' id='word_1_497' title='bbox 782 3675 849 3713; x_wconf 90' lang='lat' dir='ltr'><strong>an</strong></span> <span class='ocrx_word' id='word_1_498' title='bbox 896 3661 1110 3715; x_wconf 83' lang='lat' dir='ltr'><strong>Maximi</strong></span> <span class='ocrx_word' id='word_1_499' title='bbox 1172 3660 1424 3714; x_wconf 65' lang='lat' dir='ltr'><strong>Planudte</strong></span> <span class='ocrx_word' id='word_1_500' title='bbox 1453 3662 1581 3725; x_wconf 92' lang='lat' dir='ltr'><strong>sint,</strong></span> <span class='ocrx_word' id='word_1_501' title='bbox 1632 3663 1682 3714; x_wconf 93' lang='lat' dir='ltr'><strong>in</strong></span> <span class='ocrx_word' id='word_1_502' title='bbox 1738 3660 1957 3713; x_wconf 86' lang='lat' dir='ltr'><strong>dubium</strong></span> <span class='ocrx_word' id='word_1_503' title='bbox 1982 3660 2121 3713; x_wconf 90' lang='lat' dir='ltr'><strong>verti</strong></span> <span class='ocrx_word' id='word_1_504' title='bbox 2161 3663 2380 3729; x_wconf 88' lang='lat' dir='ltr'><strong>poterit,</strong></span> <span class='ocrx_word' id='word_1_505' title='bbox 2415 3676 2535 3714; x_wconf 89' lang='lat' dir='ltr'><strong>cum</strong></span> <span class='ocrx_word' id='word_1_506' title='bbox 2570 3663 2625 3714; x_wconf 90' lang='lat' dir='ltr'><strong>in</strong></span> <span class='ocrx_word' id='word_1_507' title='bbox 2679 3674 2800 3712; x_wconf 88' lang='lat' dir='ltr'><strong>meo</strong></span> <span class='ocrx_word' id='word_1_508' title='bbox 2844 3658 3050 3711; x_wconf 87' lang='lat' dir='ltr'><strong>nullmu</strong></span> <span class='ocrx_word' id='word_1_509' title='bbox 3095 3657 3330 3712; x_wconf 86' lang='lat' dir='ltr'><strong>auctoris</strong></span> <span class='ocrx_word' id='word_1_510' title='bbox 3352 3669 3547 3709; x_wconf 89' lang='lat' dir='ltr'><strong>nomen</strong></span> 
     </span>
    </p>
   </div>
   <div class='ocr_carea' id='block_1_43' title="bbox 279 3742 3545 3815">
    <p class='ocr_par' dir='ltr' id='par_1_43' title="bbox 279 3742 3545 3815">
     <span class='ocr_line' id='line_1_43' title="bbox 279 3742 3545 3815; baseline -0.001 -17"><span class='ocrx_word' id='word_1_511' title='bbox 279 3747 599 3815; x_wconf 66' lang='lat' dir='ltr'><strong>praeferant,</strong></span> <span class='ocrx_word' id='word_1_512' title='bbox 650 3749 1108 3814; x_wconf 87' lang='lat' dir='ltr'><strong>quemadmodum</strong></span> <span class='ocrx_word' id='word_1_513' title='bbox 1161 3758 1215 3801; x_wconf 83' lang='lat' dir='ltr'><strong>ct</strong></span> <span class='ocrx_word' id='word_1_514' title='bbox 1268 3748 1318 3800; x_wconf 92' lang='lat' dir='ltr'><strong>in</strong></span> <span class='ocrx_word' id='word_1_515' title='bbox 1364 3746 1662 3813; x_wconf 83' lang='lat' dir='ltr'><strong>Vaticano;</strong></span> <span class='ocrx_word' id='word_1_516' title='bbox 1700 3748 1949 3815; x_wconf 86' lang='lat' dir='ltr'><strong>quamvis</strong></span> <span class='ocrx_word' id='word_1_517' title='bbox 2000 3747 2051 3799; x_wconf 91' lang='lat' dir='ltr'><strong>in</strong></span> <span class='ocrx_word' id='word_1_518' title='bbox 2095 3746 2220 3810; x_wconf 92' lang='lat' dir='ltr'><strong>hoc,</strong></span> <span class='ocrx_word' id='word_1_519' title='bbox 2276 3757 2403 3801; x_wconf 87' lang='lat' dir='ltr'><strong>ante</strong></span> <span class='ocrx_word' id='word_1_520' title='bbox 2469 3758 2525 3801; x_wconf 87' lang='lat' dir='ltr'><strong>et</strong></span> <span class='ocrx_word' id='word_1_521' title='bbox 2578 3757 2699 3814; x_wconf 90' lang='lat' dir='ltr'><strong>post</strong></span> <span class='ocrx_word' id='word_1_522' title='bbox 2752 3746 2894 3800; x_wconf 85' lang='lat' dir='ltr'><strong>dicta</strong></span> <span class='ocrx_word' id='word_1_523' title='bbox 2951 3747 3221 3806; x_wconf 74' lang='lat' dir='ltr'><strong>carmina,</strong></span> <span class='ocrx_word' id='word_1_524' title='bbox 3285 3742 3545 3807; x_wconf 85' lang='lat' dir='ltr'><strong>nonnulla</strong></span> 
     </span>
    </p>
   </div>
   <div class='ocr_carea' id='block_1_44' title="bbox 282 3820 3589 3905">
    <p class='ocr_par' dir='ltr' id='par_1_44' title="bbox 282 3820 3589 3905">
     <span class='ocr_line' id='line_1_44' title="bbox 282 3820 3589 3905; baseline -0.001 -18"><span class='ocrx_word' id='word_1_525' title='bbox 282 3842 443 3895; x_wconf 87' lang='lat' dir='ltr'><strong>sunt,</strong></span> <span class='ocrx_word' id='word_1_526' title='bbox 498 3846 617 3900; x_wconf 75' lang='lat' dir='ltr'><strong>qua:</strong></span> <span class='ocrx_word' id='word_1_527' title='bbox 658 3832 913 3905; x_wconf 63' lang='lat' dir='ltr'><strong>Planuda</strong></span> <span class='ocrx_word' id='word_1_528' title='bbox 975 3836 1195 3888; x_wconf 88' lang='lat' dir='ltr'><strong>nomine</strong></span> <span class='ocrx_word' id='word_1_529' title='bbox 1242 3820 1541 3901; x_wconf 80' lang='lat' dir='ltr'><strong>notantur,</strong></span> <span class='ocrx_word' id='word_1_530' title='bbox 1583 3850 1687 3887; x_wconf 88' lang='lat' dir='ltr'><strong>non</strong></span> <span class='ocrx_word' id='word_1_531' title='bbox 1728 3834 1909 3887; x_wconf 88' lang='lat' dir='ltr'><strong>alieno</strong></span> <span class='ocrx_word' id='word_1_532' title='bbox 1961 3844 2024 3887; x_wconf 76' lang='lat' dir='ltr'><strong>at:</strong></span> <span class='ocrx_word' id='word_1_533' title='bbox 2079 3834 2181 3887; x_wconf 85' lang='lat' dir='ltr'><strong>ista</strong></span> <span class='ocrx_word' id='word_1_534' title='bbox 2240 3833 2484 3893; x_wconf 78' lang='lat' dir='ltr'><strong>carmina</strong></span> <span class='ocrx_word' id='word_1_535' title='bbox 2522 3834 2842 3888; x_wconf 88' lang='lat' dir='ltr'><strong>charactere</strong></span> <span class='ocrx_word' id='word_1_536' title='bbox 2868 3833 3188 3887; x_wconf 73' lang='lat' dir='ltr'><strong>exarataJn</strong></span> <span class='ocrx_word' id='word_1_537' title='bbox 3216 3831 3401 3885; x_wconf 88' lang='lat' dir='ltr'><strong>codice</strong></span> <span class='ocrx_word' id='word_1_538' title='bbox 3434 3826 3589 3885; x_wconf 48' lang='lat' dir='ltr'><strong>man,</strong></span> 
     </span>
    </p>
   </div>
   <div class='ocr_carea' id='block_1_45' title="bbox 280 3917 3542 3990">
    <p class='ocr_par' dir='ltr' id='par_1_45' title="bbox 280 3917 3542 3990">
     <span class='ocr_line' id='line_1_45' title="bbox 280 3917 3542 3990; baseline -0.002 -15"><span class='ocrx_word' id='word_1_539' title='bbox 280 3920 573 3989; x_wconf 85' lang='lat' dir='ltr'><strong>nuscripto</strong></span> <span class='ocrx_word' id='word_1_540' title='bbox 628 3919 943 3987; x_wconf 84' lang='lat' dir='ltr'><strong>Viennensi,</strong></span> <span class='ocrx_word' id='word_1_541' title='bbox 1001 3937 1160 3990; x_wconf 89' lang='lat' dir='ltr'><strong>quem</strong></span> <span class='ocrx_word' id='word_1_542' title='bbox 1216 3923 1349 3977; x_wconf 88' lang='lat' dir='ltr'><strong>vidit</strong></span> <span class='ocrx_word' id='word_1_543' title='bbox 1405 3923 1826 3977; x_wconf 89' lang='lat' dir='ltr'><strong>doctissimuset</strong></span> <span class='ocrx_word' id='word_1_544' title='bbox 1876 3922 2281 3976; x_wconf 87' lang='lat' dir='ltr'><strong>eruditissimus</strong></span> <span class='ocrx_word' id='word_1_545' title='bbox 2322 3919 2498 3974; x_wconf 84' lang='lat' dir='ltr'><strong>Lucas</strong></span> <span class='ocrx_word' id='word_1_546' title='bbox 2543 3920 2879 3981; x_wconf 86' lang='lat' dir='ltr'><strong>Holstenius,</strong></span> <span class='ocrx_word' id='word_1_547' title='bbox 2912 3920 3025 3972; x_wconf 82' lang='lat' dir='ltr'><strong>haec</strong></span> <span class='ocrx_word' id='word_1_548' title='bbox 3048 3919 3308 3972; x_wconf 78' lang='lat' dir='ltr'><strong>Carmina</strong></span> <span class='ocrx_word' id='word_1_549' title='bbox 3340 3917 3542 3974; x_wconf 73' lang='lat' dir='ltr'><strong>tribue-</strong></span> 
     </span>
    </p>
   </div>
   <div class='ocr_carea' id='block_1_46' title="bbox 277 4004 1839 4083">
    <p class='ocr_par' dir='ltr' id='par_1_46' title="bbox 277 4009 1839 4083">
     <span class='ocr_line' id='line_1_46' title="bbox 277 4009 1839 4083; baseline -0.003 -15"><span class='ocrx_word' id='word_1_550' title='bbox 277 4017 488 4068; x_wconf 82' lang='lat' dir='ltr'><strong>bantur</strong></span> <span class='ocrx_word' id='word_1_551' title='bbox 543 4009 834 4079; x_wconf 58' lang='lat' dir='ltr'><strong>Perdiccae,</strong></span> <span class='ocrx_word' id='word_1_552' title='bbox 893 4014 1267 4083; x_wconf 86' lang='lat' dir='ltr'><strong>protonotario</strong></span> <span class='ocrx_word' id='word_1_553' title='bbox 1310 4013 1603 4082; x_wconf 86' lang='lat' dir='ltr'><strong>Ephesino.</strong></span> <span class='ocrx_word' id='word_1_554' title='bbox 1650 4010 1839 4081; x_wconf 59' lang='lat' dir='ltr'><strong>negat.</strong></span> 
     </span>
    </p>
   </div>
   <div class='ocr_carea' id='block_1_47' title="bbox 1980 4004 3542 4083">
    <p class='ocr_par' dir='ltr' id='par_1_47' title="bbox 1985 4004 3542 4079">
     <span class='ocr_line' id='line_1_47' title="bbox 1985 4004 3542 4079; baseline -0.004 -18"><span class='ocrx_word' id='word_1_555' title='bbox 1985 4007 2433 4079; x_wconf 81' lang='grc' dir='ltr'><strong>Πρωτονοταρὶου</strong></span> <span class='ocrx_word' id='word_1_556' title='bbox 2460 4008 2561 4075; x_wconf 78' lang='grc' dir='ltr'><strong>τῆς</strong></span> <span class='ocrx_word' id='word_1_557' title='bbox 2614 4007 2844 4073; x_wconf 73' lang='grc' dir='ltr'>Ἐφέσου</span> <span class='ocrx_word' id='word_1_558' title='bbox 2874 4007 3189 4076; x_wconf 70' lang='grc' dir='ltr'><strong>Ἐκφρασις</strong></span> <span class='ocrx_word' id='word_1_559' title='bbox 3221 4004 3311 4057; x_wconf 85' lang='grc' dir='ltr'>διὰ</span> <span class='ocrx_word' id='word_1_560' title='bbox 3347 4004 3542 4074; x_wconf 64' lang='grc' dir='ltr'><strong>στείχω)Ι</strong></span> 
     </span>
    </p>
   </div>
   <div class='ocr_carea' id='block_1_48' title="bbox 281 4098 1843 4179">
    <p class='ocr_par' dir='ltr' id='par_1_48' title="bbox 281 4106 1834 4179">
     <span class='ocr_line' id='line_1_48' title="bbox 281 4106 1834 4179; baseline -0.003 -17"><span class='ocrx_word' id='word_1_561' title='bbox 281 4110 419 4179; x_wconf 71' lang='grc' dir='ltr'><strong>περὶ</strong></span> <span class='ocrx_word' id='word_1_562' title='bbox 465 4127 574 4161; x_wconf 82' lang='grc' dir='ltr'><strong>των</strong></span> <span class='ocrx_word' id='word_1_563' title='bbox 623 4110 681 4162; x_wconf 84' lang='grc' dir='ltr'><strong>ὲν</strong></span> <span class='ocrx_word' id='word_1_564' title='bbox 745 4108 1151 4179; x_wconf 73' lang='grc' dir='ltr'><strong>Ἱεροσολύμοις</strong></span> <span class='ocrx_word' id='word_1_565' title='bbox 1207 4109 1490 4179; x_wconf 82' lang='grc' dir='ltr'><strong>κυριακῶν</strong></span> <span class='ocrx_word' id='word_1_566' title='bbox 1540 4106 1834 4173; x_wconf 84' lang='grc' dir='ltr'><strong>θεαμάτων</strong></span> 
     </span>
    </p>
   </div>
   <div class='ocr_carea' id='block_1_49' title="bbox 1979 4098 3541 4179">
    <p class='ocr_par' dir='ltr' id='par_1_49' title="bbox 1979 4098 3541 4170">
     <span class='ocr_line' id='line_1_49' title="bbox 1979 4098 3541 4170; baseline -0.003 -15"><span class='ocrx_word' id='word_1_567' title='bbox 1979 4106 2187 4156; x_wconf 65' lang='lat' dir='ltr'><strong>erdicca:</strong></span> <span class='ocrx_word' id='word_1_568' title='bbox 2236 4100 2600 4170; x_wconf 84' lang='lat' dir='ltr'><strong>protonotarii</strong></span> <span class='ocrx_word' id='word_1_569' title='bbox 2639 4100 2893 4167; x_wconf 81' lang='lat' dir='ltr'><strong>Ephesini</strong></span> <span class='ocrx_word' id='word_1_570' title='bbox 2926 4100 3227 4170; x_wconf 77' lang='lat' dir='ltr'><strong>Expositio,</strong></span> <span class='ocrx_word' id='word_1_571' title='bbox 3292 4098 3541 4162; x_wconf 81' lang='lat' dir='ltr'><strong>carmine,</strong></span> 
     </span>
    </p>
   </div>
   <div class='ocr_carea' id='block_1_50' title="bbox 281 4192 3544 4269">
    <p class='ocr_par' dir='ltr' id='par_1_50' title="bbox 281 4192 3544 4269">
     <span class='ocr_line' id='line_1_50' title="bbox 281 4192 3544 4269; baseline -0.003 -14"><span class='ocrx_word' id='word_1_572' title='bbox 281 4202 712 4269; x_wconf 71' lang='lat' dir='ltr'><strong>spectaculorum</strong></span> <span class='ocrx_word' id='word_1_573' title='bbox 766 4200 1165 4255; x_wconf 82' lang='lat' dir='ltr'><strong>Dominicorum</strong></span> <span class='ocrx_word' id='word_1_574' title='bbox 1206 4212 1252 4253; x_wconf 87' lang='lat' dir='ltr'><strong>et</strong></span> <span class='ocrx_word' id='word_1_575' title='bbox 1314 4200 1754 4259; x_wconf 83' lang='lat' dir='ltr'><strong>memorabilium,</strong></span> <span class='ocrx_word' id='word_1_576' title='bbox 1788 4214 1907 4265; x_wconf 80' lang='lat' dir='ltr'><strong>qua:</strong></span> <span class='ocrx_word' id='word_1_577' title='bbox 1960 4195 2344 4265; x_wconf 79' lang='lat' dir='ltr'><strong>Hierosolymis</strong></span> <span class='ocrx_word' id='word_1_578' title='bbox 2396 4197 2664 4249; x_wconf 80' lang='lat' dir='ltr'><strong>uidentur.</strong></span> <span class='ocrx_word' id='word_1_579' title='bbox 2705 4193 2921 4248; x_wconf 87' lang='lat' dir='ltr'><strong>Titulus</strong></span> <span class='ocrx_word' id='word_1_580' title='bbox 2970 4208 3073 4247; x_wconf 90' lang='lat' dir='ltr'><strong>non</strong></span> <span class='ocrx_word' id='word_1_581' title='bbox 3122 4208 3261 4246; x_wconf 89' lang='lat' dir='ltr'><strong>unus</strong></span> <span class='ocrx_word' id='word_1_582' title='bbox 3293 4193 3342 4245; x_wconf 91' lang='lat' dir='ltr'><strong>in</strong></span> <span class='ocrx_word' id='word_1_583' title='bbox 3371 4192 3544 4246; x_wconf 69' lang='lat' dir='ltr'><strong>omnio</strong></span> 
     </span>
    </p>
   </div>
   <div class='ocr_carea' id='block_1_51' title="bbox 284 4279 1846 4358">
    <p class='ocr_par' dir='ltr' id='par_1_51' title="bbox 284 4287 1810 4358">
     <span class='ocr_line' id='line_1_51' title="bbox 284 4287 1810 4358; baseline -0.004 -12"><span class='ocrx_word' id='word_1_584' title='bbox 284 4292 392 4346; x_wconf 84' lang='lat' dir='ltr'><strong>bus</strong></span> <span class='ocrx_word' id='word_1_585' title='bbox 427 4299 545 4354; x_wconf 85' lang='lat' dir='ltr'><strong>est;</strong></span> <span class='ocrx_word' id='word_1_586' title='bbox 580 4291 668 4343; x_wconf 82' lang='lat' dir='ltr'><strong>alii</strong></span> <span class='ocrx_word' id='word_1_587' title='bbox 722 4291 866 4343; x_wconf 84' lang='lat' dir='ltr'><strong>enim</strong></span> <span class='ocrx_word' id='word_1_588' title='bbox 917 4291 1121 4358; x_wconf 81' lang='lat' dir='ltr'><strong>legunt,</strong></span> <span class='ocrx_word' id='word_1_589' title='bbox 1181 4289 1311 4358; x_wconf 74' lang='grc' dir='ltr'><strong>περὶ</strong></span> <span class='ocrx_word' id='word_1_590' title='bbox 1364 4290 1679 4357; x_wconf 73' lang='grc' dir='ltr'><strong>θεαμάτων,</strong></span> <span class='ocrx_word' id='word_1_591' title='bbox 1738 4287 1810 4340; x_wconf 84' lang='lat' dir='ltr'><strong>De</strong></span> 
     </span>
    </p>
   </div>
   <div class='ocr_carea' id='block_1_52' title="bbox 1980 4279 3542 4358">
    <p class='ocr_par' dir='ltr' id='par_1_52' title="bbox 1981 4279 3542 4355">
     <span class='ocr_line' id='line_1_52' title="bbox 1981 4279 3542 4355; baseline -0.003 -18"><span class='ocrx_word' id='word_1_592' title='bbox 1981 4284 2206 4347; x_wconf 84' lang='lat' dir='ltr'><strong>taculis;</strong></span> <span class='ocrx_word' id='word_1_593' title='bbox 2239 4284 2351 4346; x_wconf 87' lang='lat' dir='ltr'><strong>alii,</strong></span> <span class='ocrx_word' id='word_1_594' title='bbox 2401 4283 2532 4355; x_wconf 71' lang='grc' dir='ltr'><strong>περὶ</strong></span> <span class='ocrx_word' id='word_1_595' title='bbox 2574 4283 2861 4353; x_wconf 82' lang='grc' dir='ltr'><strong>Θεμάτων,</strong></span> <span class='ocrx_word' id='word_1_596' title='bbox 2911 4280 2986 4334; x_wconf 89' lang='lat' dir='ltr'><strong>De</strong></span> <span class='ocrx_word' id='word_1_597' title='bbox 3017 4282 3383 4351; x_wconf 72' lang='lat' dir='ltr'><strong>t/iematibus;</strong></span> <span class='ocrx_word' id='word_1_598' title='bbox 3433 4279 3542 4345; x_wconf 78' lang='lat' dir='ltr'><strong>alii,</strong></span> 
     </span>
    </p>
   </div>
   <div class='ocr_carea' id='block_1_53' title="bbox 285 4376 1847 4446">
    <p class='ocr_par' dir='ltr' id='par_1_53' title="bbox 285 4376 1835 4445">
     <span class='ocr_line' id='line_1_53' title="bbox 285 4376 1835 4445; baseline 0.001 -16"><span class='ocrx_word' id='word_1_599' title='bbox 285 4378 425 4445; x_wconf 74' lang='grc' dir='ltr'>περὶ</span> <span class='ocrx_word' id='word_1_600' title='bbox 484 4376 808 4445; x_wconf 74' lang='grc' dir='ltr'><strong>θαυμάτων,</strong></span> <span class='ocrx_word' id='word_1_601' title='bbox 869 4376 942 4429; x_wconf 89' lang='lat' dir='ltr'><strong>De</strong></span> <span class='ocrx_word' id='word_1_602' title='bbox 970 4377 1264 4430; x_wconf 84' lang='lat' dir='ltr'><strong>miraculis.</strong></span> <span class='ocrx_word' id='word_1_603' title='bbox 1298 4376 1601 4444; x_wconf 82' lang='grc' dir='ltr'><strong>Θεαμάτων</strong></span> <span class='ocrx_word' id='word_1_604' title='bbox 1656 4385 1835 4429; x_wconf 84' lang='lat' dir='ltr'><strong>tamen</strong></span> 
     </span>
    </p>
   </div>
   <div class='ocr_carea' id='block_1_54' title="bbox 889 4376 2451 4446">
    <p class='ocr_par' dir='ltr' id='par_1_54' title="bbox 889 4376 2451 4446">
     <span class='ocr_line' id='line_1_54' title="bbox 889 4376 2451 4446; baseline 0.001 -19"><span class='ocrx_word' id='word_1_605' title='bbox 889 4377 942 4429; x_wconf 71' lang='lat' dir='ltr'><strong>De</strong></span> <span class='ocrx_word' id='word_1_606' title='bbox 970 4377 1264 4430; x_wconf 82' lang='lat' dir='ltr'><strong>miraculis.</strong></span> <span class='ocrx_word' id='word_1_607' title='bbox 1298 4376 1601 4444; x_wconf 83' lang='grc' dir='ltr'><strong>Θεαμάτων</strong></span> <span class='ocrx_word' id='word_1_608' title='bbox 1656 4385 1835 4429; x_wconf 86' lang='lat' dir='ltr'><strong>tamen</strong></span> <span class='ocrx_word' id='word_1_609' title='bbox 1876 4378 1998 4431; x_wconf 87' lang='lat' dir='ltr'><strong>aliis</strong></span> <span class='ocrx_word' id='word_1_610' title='bbox 2052 4377 2451 4446; x_wconf 88' lang='lat' dir='ltr'><strong>proposuerim.</strong></span> 
     </span>
    </p>
   </div>
   <div class='ocr_carea' id='block_1_55' title="bbox 363 4456 3541 4535">
    <p class='ocr_par' dir='ltr' id='par_1_55' title="bbox 363 4456 3541 4535">
     <span class='ocr_line' id='line_1_55' title="bbox 363 4456 3541 4535; baseline -0.003 -16"><span class='ocrx_word' id='word_1_611' title='bbox 363 4466 598 4519; x_wconf 85' lang='lat' dir='ltr'><strong>Additur</strong></span> <span class='ocrx_word' id='word_1_612' title='bbox 657 4465 973 4535; x_wconf 87' lang='lat' dir='ltr'><strong>Anonymus</strong></span> <span class='ocrx_word' id='word_1_613' title='bbox 1008 4465 1073 4518; x_wconf 90' lang='lat' dir='ltr'><strong>de</strong></span> <span class='ocrx_word' id='word_1_614' title='bbox 1126 4465 1314 4519; x_wconf 89' lang='lat' dir='ltr'><strong>iisdem</strong></span> <span class='ocrx_word' id='word_1_615' title='bbox 1345 4464 1496 4527; x_wconf 87' lang='lat' dir='ltr'><strong>locis,</strong></span> <span class='ocrx_word' id='word_1_616' title='bbox 1559 4465 1835 4518; x_wconf 90' lang='lat' dir='ltr'><strong>communi</strong></span> <span class='ocrx_word' id='word_1_617' title='bbox 1868 4463 2182 4519; x_wconf 63' lang='lat' dir='ltr'><strong>Graecorum</strong></span> <span class='ocrx_word' id='word_1_618' title='bbox 2218 4465 2398 4531; x_wconf 79' lang='lat' dir='ltr'><strong>lingua</strong></span> <span class='ocrx_word' id='word_1_619' title='bbox 2435 4462 2678 4532; x_wconf 87' lang='lat' dir='ltr'><strong>quidem,</strong></span> <span class='ocrx_word' id='word_1_620' title='bbox 2716 4460 3006 4532; x_wconf 84' lang='lat' dir='ltr'><strong>diligenter</strong></span> <span class='ocrx_word' id='word_1_621' title='bbox 3060 4470 3263 4522; x_wconf 89' lang='lat' dir='ltr'><strong>tamen,</strong></span> <span class='ocrx_word' id='word_1_622' title='bbox 3296 4456 3541 4513; x_wconf 83' lang='lat' dir='ltr'><strong>conscri-</strong></span> 
     </span>
    </p>
   </div>
   <div class='ocr_carea' id='block_1_56' title="bbox 287 4552 3543 4630">
    <p class='ocr_par' dir='ltr' id='par_1_56' title="bbox 287 4552 3543 4630">
     <span class='ocr_line' id='line_1_56' title="bbox 287 4552 3543 4630; baseline -0.002 -18"><span class='ocrx_word' id='word_1_623' title='bbox 287 4568 439 4630; x_wconf 87' lang='lat' dir='ltr'><strong>ptus,</strong></span> <span class='ocrx_word' id='word_1_624' title='bbox 485 4567 541 4613; x_wconf 89' lang='lat' dir='ltr'><strong>et</strong></span> <span class='ocrx_word' id='word_1_625' title='bbox 585 4559 637 4611; x_wconf 91' lang='lat' dir='ltr'><strong>in</strong></span> <span class='ocrx_word' id='word_1_626' title='bbox 675 4558 838 4612; x_wconf 87' lang='lat' dir='ltr'><strong>rebus</strong></span> <span class='ocrx_word' id='word_1_627' title='bbox 896 4559 1184 4613; x_wconf 88' lang='lat' dir='ltr'><strong>narrandis</strong></span> <span class='ocrx_word' id='word_1_628' title='bbox 1229 4565 1555 4621; x_wconf 86' lang='lat' dir='ltr'><strong>accuratus;</strong></span> <span class='ocrx_word' id='word_1_629' title='bbox 1599 4572 1627 4609; x_wconf 93' lang='lat' dir='ltr'><strong>a</strong></span> <span class='ocrx_word' id='word_1_630' title='bbox 1681 4572 1789 4625; x_wconf 93' lang='lat' dir='ltr'><strong>quo</strong></span> <span class='ocrx_word' id='word_1_631' title='bbox 1820 4558 2194 4613; x_wconf 87' lang='lat' dir='ltr'><strong>tantummodo</strong></span> <span class='ocrx_word' id='word_1_632' title='bbox 2233 4567 2479 4625; x_wconf 86' lang='lat' dir='ltr'><strong>repetere</strong></span> <span class='ocrx_word' id='word_1_633' title='bbox 2505 4552 2687 4608; x_wconf 86' lang='lat' dir='ltr'><strong>valeas</strong></span> <span class='ocrx_word' id='word_1_634' title='bbox 2747 4554 3071 4609; x_wconf 73' lang='lat' dir='ltr'><strong>Christiana:</strong></span> <span class='ocrx_word' id='word_1_635' title='bbox 3111 4554 3328 4622; x_wconf 86' lang='lat' dir='ltr'><strong>pietatis</strong></span> <span class='ocrx_word' id='word_1_636' title='bbox 3360 4568 3422 4606; x_wconf 89' lang='lat' dir='ltr'><strong>ac</strong></span> <span class='ocrx_word' id='word_1_637' title='bbox 3455 4567 3543 4605; x_wconf 91' lang='lat' dir='ltr'><strong>re-</strong></span> 
     </span>
    </p>
   </div>
   <div class='ocr_carea' id='block_1_57' title="bbox 288 4641 3536 4717">
    <p class='ocr_par' dir='ltr' id='par_1_57' title="bbox 288 4641 3536 4717">
     <span class='ocr_line' id='line_1_57' title="bbox 288 4641 3536 4717; baseline -0.002 -17"><span class='ocrx_word' id='word_1_638' title='bbox 288 4645 528 4717; x_wconf 77' lang='lat' dir='ltr'><strong>ligionis,</strong></span> <span class='ocrx_word' id='word_1_639' title='bbox 580 4661 707 4715; x_wconf 83' lang='lat' dir='ltr'><strong>erga</strong></span> <span class='ocrx_word' id='word_1_640' title='bbox 759 4648 875 4701; x_wconf 90' lang='lat' dir='ltr'><strong>loca</strong></span> <span class='ocrx_word' id='word_1_641' title='bbox 934 4658 1307 4709; x_wconf 81' lang='lat' dir='ltr'><strong>sacrosancta,</strong></span> <span class='ocrx_word' id='word_1_642' title='bbox 1355 4643 1771 4712; x_wconf 67' lang='lat' dir='ltr'><strong>praeclarissima</strong></span> <span class='ocrx_word' id='word_1_643' title='bbox 1810 4646 2082 4715; x_wconf 89' lang='lat' dir='ltr'><strong>vestigia;</strong></span> <span class='ocrx_word' id='word_1_644' title='bbox 2125 4644 2196 4699; x_wconf 90' lang='lat' dir='ltr'><strong>ob</strong></span> <span class='ocrx_word' id='word_1_645' title='bbox 2239 4644 2397 4698; x_wconf 89' lang='lat' dir='ltr'><strong>molis</strong></span> <span class='ocrx_word' id='word_1_646' title='bbox 2448 4644 2801 4714; x_wconf 83' lang='lat' dir='ltr'><strong>exiguitatem</strong></span> <span class='ocrx_word' id='word_1_647' title='bbox 2840 4642 2927 4696; x_wconf 80' lang='lat' dir='ltr'><strong>vix</strong></span> <span class='ocrx_word' id='word_1_648' title='bbox 2988 4642 3136 4696; x_wconf 90' lang='lat' dir='ltr'><strong>visus</strong></span> <span class='ocrx_word' id='word_1_649' title='bbox 3167 4641 3536 4696; x_wconf 71' lang='lat' dir='ltr'><strong>traducendus</strong></span> 
     </span>
    </p>
   </div>
   <div class='ocr_carea' id='block_1_58' title="bbox 286 4738 1503 4805">
    <p class='ocr_par' dir='ltr' id='par_1_58' title="bbox 286 4738 1503 4805">
     <span class='ocr_line' id='line_1_58' title="bbox 286 4738 1503 4805; baseline -0.004 -9"><span class='ocrx_word' id='word_1_650' title='bbox 286 4744 344 4796; x_wconf 87' lang='lat' dir='ltr'><strong>in</strong></span> <span class='ocrx_word' id='word_1_651' title='bbox 395 4741 635 4805; x_wconf 84' lang='lat' dir='ltr'><strong>linguam</strong></span> <span class='ocrx_word' id='word_1_652' title='bbox 672 4738 945 4804; x_wconf 71' lang='lat' dir='ltr'><strong>Latinam,</strong></span> <span class='ocrx_word' id='word_1_653' title='bbox 990 4740 1270 4795; x_wconf 83' lang='lat' dir='ltr'><strong>traductus</strong></span> <span class='ocrx_word' id='word_1_654' title='bbox 1306 4752 1503 4793; x_wconf 89' lang='lat' dir='ltr'><strong>tamen.</strong></span> 
     </span>
    </p>
   </div>
   <div class='ocr_carea' id='block_1_59' title="bbox 367 4824 3541 4900">
    <p class='ocr_par' dir='ltr' id='par_1_59' title="bbox 367 4824 3541 4900">
     <span class='ocr_line' id='line_1_59' title="bbox 367 4824 3541 4900; baseline -0.001 -18"><span class='ocrx_word' id='word_1_655' title='bbox 367 4829 753 4900; x_wconf 81' lang='lat' dir='ltr'><strong>Eugesippum,</strong></span> <span class='ocrx_word' id='word_1_656' title='bbox 799 4830 865 4883; x_wconf 92' lang='lat' dir='ltr'><strong>de</strong></span> <span class='ocrx_word' id='word_1_657' title='bbox 924 4829 1193 4883; x_wconf 87' lang='lat' dir='ltr'><strong>distantiis</strong></span> <span class='ocrx_word' id='word_1_658' title='bbox 1235 4829 1684 4883; x_wconf 69' lang='grc' dir='ltr'><strong>ῙοοωτυιιιΤοιτίε</strong></span> <span class='ocrx_word' id='word_1_659' title='bbox 1712 4830 1954 4894; x_wconf 67' lang='lat' dir='ltr'><strong>Sanctae,</strong></span> <span class='ocrx_word' id='word_1_660' title='bbox 2011 4828 2389 4883; x_wconf 83' lang='lat' dir='ltr'><strong>humanissimi</strong></span> <span class='ocrx_word' id='word_1_661' title='bbox 2442 4828 2621 4884; x_wconf 81' lang='lat' dir='ltr'><strong>Caroli</strong></span> <span class='ocrx_word' id='word_1_662' title='bbox 2671 4827 2877 4880; x_wconf 70' lang='grc' dir='ltr'><strong>Μονοηί</strong></span> <span class='ocrx_word' id='word_1_663' title='bbox 2945 4824 3298 4880; x_wconf 80' lang='lat' dir='ltr'><strong>beneficentia</strong></span> <span class='ocrx_word' id='word_1_664' title='bbox 3358 4825 3541 4880; x_wconf 89' lang='lat' dir='ltr'><strong>habui.</strong></span> 
     </span>
    </p>
   </div>
   <div class='ocr_carea' id='block_1_60' title="bbox 285 4918 3539 4990">
    <p class='ocr_par' dir='ltr' id='par_1_60' title="bbox 285 4918 3539 4990">
     <span class='ocr_line' id='line_1_60' title="bbox 285 4918 3539 4990; baseline -0.001 -13"><span class='ocrx_word' id='word_1_665' title='bbox 285 4921 409 4977; x_wconf 84' lang='lat' dir='ltr'><strong>Non</strong></span> <span class='ocrx_word' id='word_1_666' title='bbox 447 4922 733 4978; x_wconf 81' lang='lat' dir='ltr'><strong>videbatur</strong></span> <span class='ocrx_word' id='word_1_667' title='bbox 765 4924 897 4977; x_wconf 88' lang='lat' dir='ltr'><strong>tanti</strong></span> <span class='ocrx_word' id='word_1_668' title='bbox 940 4937 1043 4976; x_wconf 90' lang='lat' dir='ltr'><strong>non</strong></span> <span class='ocrx_word' id='word_1_669' title='bbox 1084 4924 1327 4978; x_wconf 90' lang='lat' dir='ltr'><strong>nemini:</strong></span> <span class='ocrx_word' id='word_1_670' title='bbox 1374 4940 1585 4986; x_wconf 88' lang='lat' dir='ltr'><strong>verum,</strong></span> <span class='ocrx_word' id='word_1_671' title='bbox 1611 4982 1616 4989; x_wconf 86' lang='lat'><em>_</em></span> <span class='ocrx_word' id='word_1_672' title='bbox 1642 4938 1764 4976; x_wconf 89' lang='lat' dir='ltr'><strong>cum</strong></span> <span class='ocrx_word' id='word_1_673' title='bbox 1820 4938 1971 4977; x_wconf 88' lang='lat' dir='ltr'><strong>rarus</strong></span> <span class='ocrx_word' id='word_1_674' title='bbox 2005 4923 2299 4977; x_wconf 88' lang='lat' dir='ltr'><strong>admodum</strong></span> <span class='ocrx_word' id='word_1_675' title='bbox 2342 4922 2414 4976; x_wconf 91' lang='lat' dir='ltr'><strong>sit</strong></span> <span class='ocrx_word' id='word_1_676' title='bbox 2444 4931 2499 4976; x_wconf 91' lang='lat' dir='ltr'><strong>et</strong></span> <span class='ocrx_word' id='word_1_677' title='bbox 2540 4922 2821 4990; x_wconf 85' lang='lat' dir='ltr'><strong>antiquus,</strong></span> <span class='ocrx_word' id='word_1_678' title='bbox 2859 4936 2926 4973; x_wconf 90' lang='lat' dir='ltr'><strong>ne</strong></span> <span class='ocrx_word' id='word_1_679' title='bbox 2976 4918 3120 4989; x_wconf 87' lang='lat' dir='ltr'><strong>quis,</strong></span> <span class='ocrx_word' id='word_1_680' title='bbox 3162 4918 3539 4985; x_wconf 85' lang='lat' dir='ltr'><strong>hujuscemodi</strong></span> 
     </span>
    </p>
   </div>
   <div class='ocr_carea' id='block_1_61' title="bbox 287 5010 3541 5086">
    <p class='ocr_par' dir='ltr' id='par_1_61' title="bbox 287 5010 3541 5086">
     <span class='ocr_line' id='line_1_61' title="bbox 287 5010 3541 5086; baseline -0.003 -13"><span class='ocrx_word' id='word_1_681' title='bbox 287 5017 515 5073; x_wconf 84' lang='lat' dir='ltr'><strong>nomine</strong></span> <span class='ocrx_word' id='word_1_682' title='bbox 554 5016 759 5086; x_wconf 84' lang='lat' dir='ltr'><strong>majora</strong></span> <span class='ocrx_word' id='word_1_683' title='bbox 788 5017 890 5071; x_wconf 89' lang='lat' dir='ltr'><strong>sibi</strong></span> <span class='ocrx_word' id='word_1_684' title='bbox 937 5017 1163 5083; x_wconf 76' lang='lat' dir='ltr'><strong>ﬁngens,</strong></span> <span class='ocrx_word' id='word_1_685' title='bbox 1217 5018 1362 5072; x_wconf 88' lang='lat' dir='ltr'><strong>illius</strong></span> <span class='ocrx_word' id='word_1_686' title='bbox 1408 5018 1715 5086; x_wconf 86' lang='lat' dir='ltr'><strong>privatione</strong></span> <span class='ocrx_word' id='word_1_687' title='bbox 1764 5016 2027 5081; x_wconf 85' lang='lat' dir='ltr'><strong>indoleat,</strong></span> <span class='ocrx_word' id='word_1_688' title='bbox 2069 5016 2286 5070; x_wconf 86' lang='lat' dir='ltr'><strong>hortatu</strong></span> <span class='ocrx_word' id='word_1_689' title='bbox 2334 5016 2632 5068; x_wconf 88' lang='lat' dir='ltr'><strong>amicorum</strong></span> <span class='ocrx_word' id='word_1_690' title='bbox 2683 5030 2804 5069; x_wconf 89' lang='lat' dir='ltr'><strong>cum</strong></span> <span class='ocrx_word' id='word_1_691' title='bbox 2849 5011 2972 5067; x_wconf 83' lang='lat' dir='ltr'><strong>aliis</strong></span> <span class='ocrx_word' id='word_1_692' title='bbox 3015 5013 3080 5067; x_wconf 90' lang='lat' dir='ltr'><strong>de</strong></span> <span class='ocrx_word' id='word_1_693' title='bbox 3134 5010 3305 5066; x_wconf 88' lang='lat' dir='ltr'><strong>Terra</strong></span> <span class='ocrx_word' id='word_1_694' title='bbox 3336 5010 3541 5065; x_wconf 86' lang='lat' dir='ltr'><strong>Sancta</strong></span> 
     </span>
    </p>
   </div>
   <div class='ocr_carea' id='block_1_62' title="bbox 286 5101 3471 5180">
    <p class='ocr_par' dir='ltr' id='par_1_62' title="bbox 286 5101 3471 5180">
     <span class='ocr_line' id='line_1_62' title="bbox 286 5101 3471 5180; baseline -0.004 -14"><span class='ocrx_word' id='word_1_695' title='bbox 286 5107 662 5179; x_wconf 84' lang='lat' dir='ltr'><strong>scriptoribus</strong></span> <span class='ocrx_word' id='word_1_696' title='bbox 718 5108 1101 5180; x_wconf 86' lang='lat' dir='ltr'><strong>publicandum</strong></span> <span class='ocrx_word' id='word_1_697' title='bbox 1156 5110 1486 5166; x_wconf 72' lang='lat' dir='ltr'><strong>censuimus.</strong></span> <span class='ocrx_word' id='word_1_698' title='bbox 1526 5108 1769 5165; x_wconf 87' lang='lat' dir='ltr'><strong>Aliorum</strong></span> <span class='ocrx_word' id='word_1_699' title='bbox 1810 5108 2094 5177; x_wconf 87' lang='lat' dir='ltr'><strong>dignitate,</strong></span> <span class='ocrx_word' id='word_1_700' title='bbox 2142 5108 2389 5178; x_wconf 89' lang='lat' dir='ltr'><strong>gloriam,</strong></span> <span class='ocrx_word' id='word_1_701' title='bbox 2448 5106 2492 5162; x_wconf 88' lang='lat' dir='ltr'><strong>si</strong></span> <span class='ocrx_word' id='word_1_702' title='bbox 2533 5122 2655 5176; x_wconf 69' lang='lat' dir='ltr'><strong>qua:</strong></span> <span class='ocrx_word' id='word_1_703' title='bbox 2708 5105 2894 5171; x_wconf 90' lang='lat' dir='ltr'><strong>fuerit,</strong></span> <span class='ocrx_word' id='word_1_704' title='bbox 2929 5105 2982 5160; x_wconf 92' lang='lat' dir='ltr'><strong>in</strong></span> <span class='ocrx_word' id='word_1_705' title='bbox 3033 5118 3092 5159; x_wconf 89' lang='lat' dir='ltr'><strong>se</strong></span> <span class='ocrx_word' id='word_1_706' title='bbox 3130 5101 3471 5158; x_wconf 84' lang='lat' dir='ltr'><strong>trausvehet.</strong></span> 
     </span>
    </p>
   </div>
  </div>
