  <div class='ocr_page' id='page_1' title='image "/cluster/home/n/w/nwhite01/storage/ocr_20150623/133/pst.000005714490/529.png"; bbox 0 0 3956 6324; ppageno 0'>
   <div class='ocr_carea' id='block_1_1' title="bbox 373 495 482 508">
    <p class='ocr_par' dir='ltr' id='par_1_1' title="bbox 373 495 482 508">
     <span class='ocr_line' id='line_1_1' title="bbox 373 495 482 508; baseline -0.009 -2"><span class='ocrx_word' id='word_1_1' title='bbox 373 495 482 508; x_wconf 64' lang='grc' dir='ltr'><strong>..νο-ι-</strong></span> 
     </span>
    </p>
   </div>
   <div class='ocr_carea' id='block_1_2' title="bbox 1653 273 2315 343">
    <p class='ocr_par' dir='ltr' id='par_1_2' title="bbox 1653 273 2315 343">
     <span class='ocr_line' id='line_1_2' title="bbox 1653 273 2315 343; baseline -0.011 -2"><span class='ocrx_word' id='word_1_2' title='bbox 1653 280 1689 341; x_wconf 84' lang='lat' dir='ltr'><strong>J</strong></span> <span class='ocrx_word' id='word_1_3' title='bbox 1692 281 1902 343; x_wconf 77' lang='lat' dir='ltr'><strong>OANN</strong></span> <span class='ocrx_word' id='word_1_4' title='bbox 1908 279 1986 341; x_wconf 86' lang='lat' dir='ltr'><strong>IS</strong></span> <span class='ocrx_word' id='word_1_5' title='bbox 2022 273 2315 341; x_wconf 62' lang='grc' dir='ltr'><strong>ΡῌΟΟᾸΞ</strong></span> 
     </span>
    </p>
   </div>
   <div class='ocr_carea' id='block_1_3' title="bbox 446 452 2169 511">
    <p class='ocr_par' dir='ltr' id='par_1_3' title="bbox 446 452 2169 511">
     <span class='ocr_line' id='line_1_3' title="bbox 446 452 2169 511; baseline 0.001 -6"><span class='ocrx_word' id='word_1_6' title='bbox 446 452 2169 511; x_wconf 54' lang='lat' dir='ltr'>W</span> 
     </span>
    </p>
   </div>
   <div class='ocr_carea' id='block_1_4' title="bbox 3486 272 3682 373">
    <p class='ocr_par' dir='ltr' id='par_1_4' title="bbox 3486 272 3682 373">
     <span class='ocr_line' id='line_1_4' title="bbox 3486 272 3682 373; baseline -0.005 -38"><span class='ocrx_word' id='word_1_7' title='bbox 3486 366 3497 373; x_wconf 26' lang='grc' dir='ltr'><strong>Α</strong></span> <span class='ocrx_word' id='word_1_8' title='bbox 3550 272 3682 336; x_wconf 71' lang='lat'><strong>925</strong></span> 
     </span>
    </p>
   </div>
   <div class='ocr_carea' id='block_1_5' title="bbox 2176 474 3670 505">
    <p class='ocr_par' dir='ltr' id='par_1_5' title="bbox 2176 474 3670 505">
     <span class='ocr_line' id='line_1_5' title="bbox 2176 474 3670 505; baseline -0.001 -1"><span class='ocrx_word' id='word_1_9' title='bbox 2176 474 3670 505; x_wconf 67' lang='lat' dir='ltr'><em>W</em></span> 
     </span>
    </p>
   </div>
   <div class='ocr_carea' id='block_1_6' title="bbox 1132 570 2902 833">
    <p class='ocr_par' dir='ltr' id='par_1_6' title="bbox 1132 570 2902 833">
     <span class='ocr_line' id='line_1_6' title="bbox 1132 570 2902 833; baseline 0.001 -44"><span class='ocrx_word' id='word_1_10' title='bbox 1135 622 1904 795; x_wconf 69' lang='lat' dir='ltr'><strong>mA‘NNOY</strong></span> <span class='ocrx_word' id='word_1_11' title='bbox 1977 656 2344 791; x_wconf 84' lang='grc' dir='ltr'><strong>ΤΟΥ</strong></span> <span class='ocrx_word' id='word_1_12' title='bbox 2428 652 2902 791; x_wconf 83' lang='grc' dir='ltr'><strong>ΦΩΚΑ</strong></span> 
     </span>
    </p>
   </div>
   <div class='ocr_carea' id='block_1_7' title="bbox 1728 904 2295 943">
    <p class='ocr_par' dir='ltr' id='par_1_7' title="bbox 1728 904 2295 943">
     <span class='ocr_line' id='line_1_7' title="bbox 1728 904 2295 943; baseline -0.004 -1"><span class='ocrx_word' id='word_1_13' title='bbox 1728 906 1960 943; x_wconf 54' lang='lat' dir='ltr'><strong>Ilii“!!!</strong></span> <span class='ocrx_word' id='word_1_14' title='bbox 1988 906 2052 943; x_wconf 68' lang='lat' dir='ltr'><strong>IN</strong></span> <span class='ocrx_word' id='word_1_15' title='bbox 2078 904 2295 941; x_wconf 67' lang='lat' dir='ltr'><strong>movu</strong></span> 
     </span>
    </p>
   </div>
   <div class='ocr_carea' id='block_1_8' title="bbox 364 995 3669 1109">
    <p class='ocr_par' dir='ltr' id='par_1_8' title="bbox 364 1034 3669 1109">
     <span class='ocr_line' id='line_1_8' title="bbox 364 1034 3669 1109; baseline -0.003 -13"><span class='ocrx_word' id='word_1_16' title='bbox 364 1044 503 1097; x_wconf 83' lang='grc' dir='ltr'><strong>ΤΩΝ</strong></span> <span class='ocrx_word' id='word_1_17' title='bbox 554 1042 665 1098; x_wconf 82' lang='grc' dir='ltr'>ΑΠ’</span> <span class='ocrx_word' id='word_1_18' title='bbox 695 1044 1119 1099; x_wconf 81' lang='grc' dir='ltr'><strong>ΔΝἸἹΟΧΕΙΛΣ</strong></span> <span class='ocrx_word' id='word_1_19' title='bbox 1165 1042 1435 1105; x_wconf 78' lang='grc' dir='ltr'><strong>ΜΕΧΡΙΣ</strong></span> <span class='ocrx_word' id='word_1_20' title='bbox 1462 1040 1970 1100; x_wconf 76' lang='grc' dir='ltr'><strong>ΙΕΡΟΣΟΛΥΜΩΝ</strong></span> <span class='ocrx_word' id='word_1_21' title='bbox 1996 1039 2345 1105; x_wconf 71' lang='grc' dir='ltr'><strong>ΚΔΣΤΡΩΝ,</strong></span> <span class='ocrx_word' id='word_1_22' title='bbox 2382 1039 2505 1093; x_wconf 79' lang='grc' dir='ltr'><strong>ΚΑΙ</strong></span> <span class='ocrx_word' id='word_1_23' title='bbox 2542 1038 2796 1107; x_wconf 82' lang='grc' dir='ltr'><strong>ΧΩΡΩΝ,</strong></span> <span class='ocrx_word' id='word_1_24' title='bbox 2823 1038 3094 1109; x_wconf 81' lang='grc' dir='ltr'><strong>ΣΥΡΙΑΣ,</strong></span> <span class='ocrx_word' id='word_1_25' title='bbox 3134 1034 3507 1096; x_wconf 68' lang='grc' dir='ltr'><strong>ΦΟΙΝῙΚΙΙΣ,</strong></span> <span class='ocrx_word' id='word_1_26' title='bbox 3540 1035 3669 1089; x_wconf 74' lang='grc' dir='ltr'><strong>ΚΑΙ</strong></span> 
     </span>
    </p>
   </div>
   <div class='ocr_carea' id='block_1_9' title="bbox 740 1135 2703 1221">
    <p class='ocr_par' dir='ltr' id='par_1_9' title="bbox 740 1135 2703 1221">
     <span class='ocr_line' id='line_1_9' title="bbox 740 1135 2703 1221; baseline -0.003 -27"><span class='ocrx_word' id='word_1_27' title='bbox 740 1174 743 1177; x_wconf 61' lang='grc' dir='ltr'>η</span> <span class='ocrx_word' id='word_1_28' title='bbox 1012 1206 1017 1211; x_wconf 88' lang='lat'><em>_</em></span> <span class='ocrx_word' id='word_1_29' title='bbox 1302 1137 1445 1192; x_wconf 86' lang='grc' dir='ltr'><strong>ΤΩΝ</strong></span> <span class='ocrx_word' id='word_1_30' title='bbox 1473 1136 1671 1193; x_wconf 71' lang='grc' dir='ltr'>ΚΑΤΑ</span> <span class='ocrx_word' id='word_1_31' title='bbox 1698 1136 2184 1221; x_wconf 64' lang='grc' dir='ltr'><strong>ΠΑΛΑΙΣΤΙΝΙξῙΝ</strong></span> <span class='ocrx_word' id='word_1_32' title='bbox 2216 1136 2431 1191; x_wconf 81' lang='grc' dir='ltr'><strong>ΔΠΩΝ</strong></span> <span class='ocrx_word' id='word_1_33' title='bbox 2463 1135 2703 1189; x_wconf 83' lang='grc' dir='ltr'>ΤΟΠΩΝ</span> 
     </span>
    </p>
   </div>
   <div class='ocr_carea' id='block_1_10' title="bbox 1074 1467 3323 1678">
    <p class='ocr_par' dir='ltr' id='par_1_10' title="bbox 1074 1467 3323 1678">
     <span class='ocr_line' id='line_1_10' title="bbox 1074 1467 3323 1678; baseline 0.001 -53"><span class='ocrx_word' id='word_1_34' title='bbox 1074 1467 2009 1628; x_wconf 67' lang='lat' dir='ltr'><strong>‘JOANNIS</strong></span> <span class='ocrx_word' id='word_1_35' title='bbox 2162 1467 2911 1678; x_wconf 67' lang='lat' dir='ltr'><strong>PHOCZE</strong></span> <span class='ocrx_word' id='word_1_36' title='bbox 3294 1488 3323 1515; x_wconf 60' lang='grc' dir='ltr'><em>ν</em></span> 
     </span>
    </p>
   </div>
   <div class='ocr_carea' id='block_1_11' title="bbox 1440 1730 2490 1825">
    <p class='ocr_par' dir='ltr' id='par_1_11' title="bbox 1440 1730 2490 1825">
     <span class='ocr_line' id='line_1_11' title="bbox 1440 1730 2490 1825; baseline 0.001 -26"><span class='ocrx_word' id='word_1_37' title='bbox 1440 1730 1449 1761; x_wconf 70' lang='grc'><em>³</em></span> <span class='ocrx_word' id='word_1_38' title='bbox 1514 1742 2043 1800; x_wconf 77' lang='lat' dir='ltr'><strong>COMPENDIARIA</strong></span> <span class='ocrx_word' id='word_1_39' title='bbox 2074 1737 2490 1825; x_wconf 74' lang='lat' dir='ltr'><strong>DESCRIPTIO</strong></span> 
     </span>
    </p>
   </div>
   <div class='ocr_carea' id='block_1_12' title="bbox 279 1880 3650 2003">
    <p class='ocr_par' dir='ltr' id='par_1_12' title="bbox 279 1880 3650 2003">
     <span class='ocr_line' id='line_1_12' title="bbox 279 1880 3650 2003; baseline -0.001 -38"><span class='ocrx_word' id='word_1_40' title='bbox 279 1912 284 1918; x_wconf 83' lang='grc'><strong><em>“</em></strong></span> <span class='ocrx_word' id='word_1_41' title='bbox 360 1900 833 1965; x_wconf 84' lang='lat' dir='ltr'><strong>CASTRORUM</strong></span> <span class='ocrx_word' id='word_1_42' title='bbox 867 1902 969 1962; x_wconf 87' lang='lat' dir='ltr'><strong>ET</strong></span> <span class='ocrx_word' id='word_1_43' title='bbox 1006 1900 1338 1975; x_wconf 81' lang='lat' dir='ltr'><strong>URBIUM,</strong></span> <span class='ocrx_word' id='word_1_44' title='bbox 1380 1900 1482 1960; x_wconf 84' lang='lat' dir='ltr'><strong>AB</strong></span> <span class='ocrx_word' id='word_1_45' title='bbox 1511 1899 1726 1961; x_wconf 81' lang='lat' dir='ltr'><strong>URBE</strong></span> <span class='ocrx_word' id='word_1_46' title='bbox 1753 1898 2206 2003; x_wconf 56' lang='lat' dir='ltr'><strong>ANTIQCHIA</strong></span> <span class='ocrx_word' id='word_1_47' title='bbox 2243 1880 2500 1973; x_wconf 39' lang='lat' dir='ltr'><strong>USQ‘JE</strong></span> <span class='ocrx_word' id='word_1_48' title='bbox 2531 1893 3195 1961; x_wconf 78' lang='lat' dir='ltr'><strong>HIEROSOLYMAM</strong></span> <span class='ocrx_word' id='word_1_49' title='bbox 3223 1920 3243 1972; x_wconf 83' lang='lat'><strong>;</strong></span> <span class='ocrx_word' id='word_1_50' title='bbox 3276 1900 3436 1962; x_wconf 79' lang='lat' dir='ltr'><strong>NEC</strong></span> <span class='ocrx_word' id='word_1_51' title='bbox 3477 1900 3650 1962; x_wconf 68' lang='lat' dir='ltr'><strong>NON</strong></span> 
     </span>
    </p>
   </div>
   <div class='ocr_carea' id='block_1_13' title="bbox 697 2000 3621 2076">
    <p class='ocr_par' dir='ltr' id='par_1_13' title="bbox 697 2000 3621 2076">
     <span class='ocr_line' id='line_1_13' title="bbox 697 2000 3621 2076; baseline -0 -12"><span class='ocrx_word' id='word_1_52' title='bbox 697 2003 983 2076; x_wconf 66' lang='lat' dir='ltr'><strong>SYBIIE,</strong></span> <span class='ocrx_word' id='word_1_53' title='bbox 1025 2002 1127 2064; x_wconf 84' lang='lat' dir='ltr'><strong>AC</strong></span> <span class='ocrx_word' id='word_1_54' title='bbox 1158 2000 1606 2074; x_wconf 66' lang='lat' dir='ltr'><strong>PHtENICUE,</strong></span> <span class='ocrx_word' id='word_1_55' title='bbox 1642 2002 1749 2061; x_wconf 90' lang='grc' dir='ltr'>ΕΤ</span> <span class='ocrx_word' id='word_1_56' title='bbox 1780 2001 1862 2061; x_wconf 82' lang='lat' dir='ltr'><strong>1N</strong></span> <span class='ocrx_word' id='word_1_57' title='bbox 1892 2000 2371 2063; x_wconf 65' lang='grc' dir='ltr'><strong>ΡἉΙΛΕΒΤΙΝΑ</strong></span> <span class='ocrx_word' id='word_1_58' title='bbox 2401 2001 2837 2064; x_wconf 76' lang='lat' dir='ltr'><strong>SACRORUM</strong></span> <span class='ocrx_word' id='word_1_59' title='bbox 2879 2001 3298 2064; x_wconf 71' lang='lat' dir='ltr'><strong>LOCORUH.</strong></span> <span class='ocrx_word' id='word_1_60' title='bbox 3616 2038 3621 2041; x_wconf 89' lang='lat'><strong>-</strong></span> 
     </span>
    </p>
   </div>
   <div class='ocr_carea' id='block_1_14' title="bbox 428 2270 1946 2385">
    <p class='ocr_par' dir='ltr' id='par_1_14' title="bbox 428 2305 1946 2379">
     <span class='ocr_line' id='line_1_14' title="bbox 428 2305 1946 2379; baseline -0.001 -14"><span class='ocrx_word' id='word_1_61' title='bbox 428 2310 482 2367; x_wconf 77' lang='lat' dir='ltr'><strong>l.</strong></span> <span class='ocrx_word' id='word_1_62' title='bbox 522 2310 592 2363; x_wconf 77' lang='lat' dir='ltr'><strong>\n</strong></span> <span class='ocrx_word' id='word_1_63' title='bbox 616 2321 749 2363; x_wconf 80' lang='lat' dir='ltr'><strong>vero</strong></span> <span class='ocrx_word' id='word_1_64' title='bbox 790 2321 891 2363; x_wconf 87' lang='lat' dir='ltr'><strong>nos</strong></span> <span class='ocrx_word' id='word_1_65' title='bbox 919 2305 1047 2375; x_wconf 88' lang='lat' dir='ltr'><strong>ipsi,</strong></span> <span class='ocrx_word' id='word_1_66' title='bbox 1094 2305 1187 2377; x_wconf 98' lang='lat' dir='ltr'><strong>qui</strong></span> <span class='ocrx_word' id='word_1_67' title='bbox 1224 2308 1591 2375; x_wconf 76' lang='lat' dir='ltr'><strong>sacrosanctis</strong></span> <span class='ocrx_word' id='word_1_68' title='bbox 1626 2308 1946 2379; x_wconf 75' lang='lat' dir='ltr'><strong>spectaculis</strong></span> 
     </span>
    </p>
   </div>
   <div class='ocr_carea' id='block_1_15' title="bbox 2057 2270 3658 2385">
    <p class='ocr_par' dir='ltr' id='par_1_15' title="bbox 2131 2270 3658 2385">
     <span class='ocr_line' id='line_1_15' title="bbox 2131 2270 3658 2385; baseline 0.005 -22"><span class='ocrx_word' id='word_1_69' title='bbox 2131 2314 2201 2365; x_wconf 83' lang='lat' dir='ltr'><strong>a&#39;.</strong></span> <span class='ocrx_word' id='word_1_70' title='bbox 2235 2310 2305 2362; x_wconf 92' lang='grc' dir='ltr'>Τί</span> <span class='ocrx_word' id='word_1_71' title='bbox 2331 2306 2388 2364; x_wconf 68' lang='grc' dir='ltr'>δὲ</span> <span class='ocrx_word' id='word_1_72' title='bbox 2426 2310 2477 2363; x_wconf 81' lang='grc' dir='ltr'><strong>σί</strong></span> <span class='ocrx_word' id='word_1_73' title='bbox 2523 2311 2633 2364; x_wconf 82' lang='grc' dir='ltr'><strong>τῶν</strong></span> <span class='ocrx_word' id='word_1_74' title='bbox 2668 2310 2832 2383; x_wconf 81' lang='grc' dir='ltr'>ιερῶν</span> <span class='ocrx_word' id='word_1_75' title='bbox 2866 2270 3396 2384; x_wconf 69' lang='grc' dir='ltr'>καταὲρυφήσαντες</span> <span class='ocrx_word' id='word_1_76' title='bbox 3435 2312 3658 2385; x_wconf 76' lang='grc' dir='ltr'>θεαμά-</span> 
     </span>
    </p>
   </div>
   <div class='ocr_carea' id='block_1_16' title="bbox 355 2398 1953 2470">
    <p class='ocr_par' dir='ltr' id='par_1_16' title="bbox 355 2398 1953 2470">
     <span class='ocr_line' id='line_1_16' title="bbox 355 2398 1953 2470; baseline -0.002 -12"><span class='ocrx_word' id='word_1_77' title='bbox 355 2402 603 2458; x_wconf 66' lang='grc' dir='ltr'>οιιὶιηηιιιι</span> <span class='ocrx_word' id='word_1_78' title='bbox 631 2399 990 2470; x_wconf 77' lang='lat' dir='ltr'><strong>explevimus,</strong></span> <span class='ocrx_word' id='word_1_79' title='bbox 1052 2398 1278 2467; x_wconf 90' lang='lat' dir='ltr'><strong>locaque</strong></span> <span class='ocrx_word' id='word_1_80' title='bbox 1329 2398 1507 2455; x_wconf 89' lang='lat' dir='ltr'><strong>oculis</strong></span> <span class='ocrx_word' id='word_1_81' title='bbox 1544 2401 1953 2470; x_wconf 88' lang='lat' dir='ltr'><strong>usurpavimus,</strong></span> 
     </span>
    </p>
   </div>
   <div class='ocr_carea' id='block_1_17' title="bbox 353 2486 1953 2561">
    <p class='ocr_par' dir='ltr' id='par_1_17' title="bbox 353 2486 1953 2561">
     <span class='ocr_line' id='line_1_17' title="bbox 353 2486 1953 2561; baseline -0.001 -14"><span class='ocrx_word' id='word_1_82' title='bbox 353 2493 409 2547; x_wconf 90' lang='lat' dir='ltr'><strong>in</strong></span> <span class='ocrx_word' id='word_1_83' title='bbox 459 2490 659 2559; x_wconf 55' lang='lat' dir='ltr'><strong>qubus</strong></span> <span class='ocrx_word' id='word_1_84' title='bbox 701 2487 845 2543; x_wconf 89' lang='lat' dir='ltr'><strong>Deus</strong></span> <span class='ocrx_word' id='word_1_85' title='bbox 894 2486 1025 2541; x_wconf 91' lang='lat' dir='ltr'><strong>olim</strong></span> <span class='ocrx_word' id='word_1_86' title='bbox 1078 2491 1330 2541; x_wconf 85' lang='lat' dir='ltr'><strong>versatus</strong></span> <span class='ocrx_word' id='word_1_87' title='bbox 1387 2495 1493 2553; x_wconf 88' lang='lat' dir='ltr'><strong>est,</strong></span> <span class='ocrx_word' id='word_1_88' title='bbox 1528 2498 1583 2543; x_wconf 89' lang='lat' dir='ltr'><strong>et</strong></span> <span class='ocrx_word' id='word_1_89' title='bbox 1651 2488 1953 2561; x_wconf 78' lang='lat' dir='ltr'><strong>fugientem</strong></span> 
     </span>
    </p>
   </div>
   <div class='ocr_carea' id='block_1_18' title="bbox 353 2572 1957 2655">
    <p class='ocr_par' dir='ltr' id='par_1_18' title="bbox 353 2572 1957 2655">
     <span class='ocr_line' id='line_1_18' title="bbox 353 2572 1957 2655; baseline -0.001 -17"><span class='ocrx_word' id='word_1_90' title='bbox 353 2582 611 2655; x_wconf 82' lang='lat' dir='ltr'><strong>populum</strong></span> <span class='ocrx_word' id='word_1_91' title='bbox 667 2595 765 2650; x_wconf 89' lang='lat' dir='ltr'><strong>per</strong></span> <span class='ocrx_word' id='word_1_92' title='bbox 793 2572 1017 2649; x_wconf 50' lang='lat' dir='ltr'><strong>Mo&#39;ysen</strong></span> <span class='ocrx_word' id='word_1_93' title='bbox 1054 2592 1121 2632; x_wconf 82' lang='lat' dir='ltr'><strong>ex</strong></span> <span class='ocrx_word' id='word_1_94' title='bbox 1170 2577 1407 2651; x_wconf 69' lang='lat' dir='ltr'><strong>Egypto</strong></span> <span class='ocrx_word' id='word_1_95' title='bbox 1443 2581 1498 2635; x_wconf 92' lang='lat' dir='ltr'><strong>in</strong></span> <span class='ocrx_word' id='word_1_96' title='bbox 1543 2581 1716 2652; x_wconf 80' lang='lat' dir='ltr'><strong>signis</strong></span> <span class='ocrx_word' id='word_1_97' title='bbox 1753 2594 1806 2636; x_wconf 86' lang='lat' dir='ltr'><strong>et</strong></span> <span class='ocrx_word' id='word_1_98' title='bbox 1829 2598 1957 2652; x_wconf 86' lang='lat' dir='ltr'><strong>pro-</strong></span> 
     </span>
    </p>
   </div>
   <div class='ocr_carea' id='block_1_19' title="bbox 354 2668 1955 2747">
    <p class='ocr_par' dir='ltr' id='par_1_19' title="bbox 354 2668 1955 2747">
     <span class='ocr_line' id='line_1_19' title="bbox 354 2668 1955 2747; baseline -0.002 -16"><span class='ocrx_word' id='word_1_99' title='bbox 354 2673 516 2747; x_wconf 76' lang='lat' dir='ltr'><strong>digiis</strong></span> <span class='ocrx_word' id='word_1_100' title='bbox 565 2671 829 2737; x_wconf 81' lang='lat' dir='ltr'><strong>deduxit;</strong></span> <span class='ocrx_word' id='word_1_101' title='bbox 892 2685 1055 2724; x_wconf 92' lang='lat' dir='ltr'><strong>manu</strong></span> <span class='ocrx_word' id='word_1_102' title='bbox 1110 2668 1313 2723; x_wconf 68' lang='lat' dir='ltr'><strong>valida‘</strong></span> <span class='ocrx_word' id='word_1_103' title='bbox 1345 2670 1584 2741; x_wconf 87' lang='lat' dir='ltr'><strong>populis,</strong></span> <span class='ocrx_word' id='word_1_104' title='bbox 1648 2682 1955 2741; x_wconf 87' lang='lat' dir='ltr'><strong>eorumque</strong></span> 
     </span>
    </p>
   </div>
   <div class='ocr_carea' id='block_1_20' title="bbox 354 2758 1927 2837">
    <p class='ocr_par' dir='ltr' id='par_1_20' title="bbox 354 2758 1927 2837">
     <span class='ocr_line' id='line_1_20' title="bbox 354 2758 1927 2837; baseline -0.004 -15"><span class='ocrx_word' id='word_1_105' title='bbox 354 2765 628 2837; x_wconf 86' lang='lat' dir='ltr'><strong>dynastis,</strong></span> <span class='ocrx_word' id='word_1_106' title='bbox 662 2758 806 2819; x_wconf 83' lang='lat' dir='ltr'><strong>Seon</strong></span> <span class='ocrx_word' id='word_1_107' title='bbox 839 2776 965 2833; x_wconf 84' lang='lat' dir='ltr'><strong>rege</strong></span> <span class='ocrx_word' id='word_1_108' title='bbox 994 2761 1463 2828; x_wconf 72' lang='lat' dir='ltr'><strong>Amnrrhteorum,</strong></span> <span class='ocrx_word' id='word_1_109' title='bbox 1488 2758 1545 2817; x_wconf 83' lang='lat' dir='ltr'><strong>et</strong></span> <span class='ocrx_word' id='word_1_110' title='bbox 1576 2759 1657 2834; x_wconf 79' lang='lat' dir='ltr'><strong>Og</strong></span> <span class='ocrx_word' id='word_1_111' title='bbox 1693 2778 1823 2835; x_wconf 76' lang='lat' dir='ltr'><strong>rege</strong></span> <span class='ocrx_word' id='word_1_112' title='bbox 1852 2762 1927 2817; x_wconf 91' lang='lat' dir='ltr'><strong>Ba</strong></span> 
     </span>
    </p>
   </div>
   <div class='ocr_carea' id='block_1_21' title="bbox 352 2851 1954 2924">
    <p class='ocr_par' dir='ltr' id='par_1_21' title="bbox 352 2851 1954 2924">
     <span class='ocr_line' id='line_1_21' title="bbox 352 2851 1954 2924; baseline -0.002 -12"><span class='ocrx_word' id='word_1_113' title='bbox 352 2870 475 2921; x_wconf 85' lang='lat' dir='ltr'><strong>san,</strong></span> <span class='ocrx_word' id='word_1_114' title='bbox 500 2864 555 2910; x_wconf 90' lang='lat' dir='ltr'><strong>et</strong></span> <span class='ocrx_word' id='word_1_115' title='bbox 586 2853 852 2909; x_wconf 86' lang='lat' dir='ltr'><strong>universis</strong></span> <span class='ocrx_word' id='word_1_116' title='bbox 896 2852 1077 2922; x_wconf 76' lang='lat' dir='ltr'><strong>regnis</strong></span> <span class='ocrx_word' id='word_1_117' title='bbox 1124 2851 1385 2907; x_wconf 79' lang='lat' dir='ltr'><strong>Chanaan</strong></span> <span class='ocrx_word' id='word_1_118' title='bbox 1446 2853 1755 2920; x_wconf 79' lang='lat' dir='ltr'><strong>debellatis,</strong></span> <span class='ocrx_word' id='word_1_119' title='bbox 1787 2864 1954 2924; x_wconf 88' lang='lat' dir='ltr'><strong>atque</strong></span> 
     </span>
    </p>
   </div>
   <div class='ocr_carea' id='block_1_22' title="bbox 351 2943 1951 3017">
    <p class='ocr_par' dir='ltr' id='par_1_22' title="bbox 351 2943 1951 3017">
     <span class='ocr_line' id='line_1_22' title="bbox 351 2943 1951 3017; baseline -0.001 -15"><span class='ocrx_word' id='word_1_120' title='bbox 351 2946 574 3003; x_wconf 81' lang='lat' dir='ltr'><strong>excelso</strong></span> <span class='ocrx_word' id='word_1_121' title='bbox 618 2943 870 3008; x_wconf 85' lang='lat' dir='ltr'><strong>brachio,</strong></span> <span class='ocrx_word' id='word_1_122' title='bbox 908 2944 963 2999; x_wconf 92' lang='lat' dir='ltr'><strong>in</strong></span> <span class='ocrx_word' id='word_1_123' title='bbox 1017 2958 1206 2999; x_wconf 90' lang='lat' dir='ltr'><strong>eorum</strong></span> <span class='ocrx_word' id='word_1_124' title='bbox 1245 2943 1388 3010; x_wconf 83' lang='lat' dir='ltr'><strong>loco,</strong></span> <span class='ocrx_word' id='word_1_125' title='bbox 1428 2946 1716 3017; x_wconf 77' lang='lat' dir='ltr'><strong>peregrino</strong></span> <span class='ocrx_word' id='word_1_126' title='bbox 1748 2946 1951 3017; x_wconf 80' lang='lat' dir='ltr'><strong>pupuio</strong></span> 
     </span>
    </p>
   </div>
   <div class='ocr_carea' id='block_1_23' title="bbox 351 3037 1946 3109">
    <p class='ocr_par' dir='ltr' id='par_1_23' title="bbox 351 3037 1946 3109">
     <span class='ocr_line' id='line_1_23' title="bbox 351 3037 1946 3109; baseline -0.001 -15"><span class='ocrx_word' id='word_1_127' title='bbox 351 3037 623 3095; x_wconf 86' lang='lat' dir='ltr'><strong>collocato</strong></span> <span class='ocrx_word' id='word_1_128' title='bbox 652 3054 668 3105; x_wconf 89' lang='lat'><strong>;</strong></span> <span class='ocrx_word' id='word_1_129' title='bbox 700 3052 861 3108; x_wconf 87' lang='lat' dir='ltr'><strong>quem</strong></span> <span class='ocrx_word' id='word_1_130' title='bbox 908 3037 976 3090; x_wconf 78' lang='lat' dir='ltr'><strong>in.</strong></span> <span class='ocrx_word' id='word_1_131' title='bbox 998 3045 1209 3090; x_wconf 87' lang='lat' dir='ltr'><strong>tantum</strong></span> <span class='ocrx_word' id='word_1_132' title='bbox 1251 3037 1405 3091; x_wconf 78' lang='lat' dir='ltr'><strong>auxit</strong></span> <span class='ocrx_word' id='word_1_133' title='bbox 1436 3046 1602 3107; x_wconf 88' lang='lat' dir='ltr'><strong>atque</strong></span> <span class='ocrx_word' id='word_1_134' title='bbox 1635 3039 1946 3109; x_wconf 77' lang='lat' dir='ltr'><strong>ampliavit,</strong></span> 
     </span>
    </p>
   </div>
   <div class='ocr_carea' id='block_1_24' title="bbox 352 3128 1959 3204">
    <p class='ocr_par' dir='ltr' id='par_1_24' title="bbox 352 3128 1959 3204">
     <span class='ocr_line' id='line_1_24' title="bbox 352 3128 1959 3204; baseline 0.002 -19"><span class='ocrx_word' id='word_1_135' title='bbox 352 3134 616 3202; x_wconf 86' lang='lat' dir='ltr'><strong>quautum</strong></span> <span class='ocrx_word' id='word_1_136' title='bbox 660 3131 818 3185; x_wconf 88' lang='lat' dir='ltr'><strong>nobis</strong></span> <span class='ocrx_word' id='word_1_137' title='bbox 850 3129 1045 3184; x_wconf 81' lang='lat' dir='ltr'><strong>divinae</strong></span> <span class='ocrx_word' id='word_1_138' title='bbox 1100 3129 1326 3184; x_wconf 67' lang='lat' dir='ltr'><strong>Litterae</strong></span> <span class='ocrx_word' id='word_1_139' title='bbox 1377 3132 1655 3197; x_wconf 79' lang='lat' dir='ltr'><strong>ingerunt,</strong></span> <span class='ocrx_word' id='word_1_140' title='bbox 1715 3128 1959 3204; x_wconf 69' lang='lat' dir='ltr'><strong>quaeque</strong></span> 
     </span>
    </p>
   </div>
   <div class='ocr_carea' id='block_1_25' title="bbox 352 3219 1948 3295">
    <p class='ocr_par' dir='ltr' id='par_1_25' title="bbox 352 3219 1948 3295">
     <span class='ocr_line' id='line_1_25' title="bbox 352 3219 1948 3295; baseline 0.002 -20"><span class='ocrx_word' id='word_1_141' title='bbox 352 3219 649 3292; x_wconf 84' lang='lat' dir='ltr'><strong>postremis</strong></span> <span class='ocrx_word' id='word_1_142' title='bbox 698 3220 894 3275; x_wconf 83' lang='lat' dir='ltr'><strong>deinde</strong></span> <span class='ocrx_word' id='word_1_143' title='bbox 965 3220 1299 3290; x_wconf 86' lang='lat' dir='ltr'><strong>temporibus</strong></span> <span class='ocrx_word' id='word_1_144' title='bbox 1362 3235 1460 3288; x_wconf 87' lang='lat' dir='ltr'><strong>per</strong></span> <span class='ocrx_word' id='word_1_145' title='bbox 1518 3219 1797 3295; x_wconf 68' lang='lat' dir='ltr'><strong>Unigeniti</strong></span> <span class='ocrx_word' id='word_1_146' title='bbox 1862 3224 1948 3279; x_wconf 91' lang='lat' dir='ltr'><strong>sui</strong></span> 
     </span>
    </p>
   </div>
   <div class='ocr_carea' id='block_1_26' title="bbox 353 3316 1951 3384">
    <p class='ocr_par' dir='ltr' id='par_1_26' title="bbox 353 3316 1951 3384">
     <span class='ocr_line' id='line_1_26' title="bbox 353 3316 1951 3384; baseline 0.003 -13"><span class='ocrx_word' id='word_1_147' title='bbox 353 3316 597 3372; x_wconf 81' lang='lat' dir='ltr'><strong>divinam</strong></span> <span class='ocrx_word' id='word_1_148' title='bbox 673 3317 1114 3372; x_wconf 86' lang='lat' dir='ltr'><strong>incarnationem</strong></span> <span class='ocrx_word' id='word_1_149' title='bbox 1177 3317 1566 3384; x_wconf 81' lang='lat' dir='ltr'><strong>sanctiﬁcavit,</strong></span> <span class='ocrx_word' id='word_1_150' title='bbox 1621 3318 1951 3375; x_wconf 88' lang='lat' dir='ltr'><strong>admirando</strong></span> 
     </span>
    </p>
   </div>
   <div class='ocr_carea' id='block_1_27' title="bbox 353 3408 1949 3482">
    <p class='ocr_par' dir='ltr' id='par_1_27' title="bbox 353 3408 1949 3482">
     <span class='ocr_line' id='line_1_27' title="bbox 353 3408 1949 3482; baseline 0.001 -17"><span class='ocrx_word' id='word_1_151' title='bbox 353 3419 553 3466; x_wconf 71' lang='lat' dir='ltr'><strong>nostrae</strong></span> <span class='ocrx_word' id='word_1_152' title='bbox 584 3408 953 3471; x_wconf 82' lang='lat' dir='ltr'><strong>renovationis</strong></span> <span class='ocrx_word' id='word_1_153' title='bbox 972 3423 1136 3477; x_wconf 88' lang='lat' dir='ltr'><strong>opere</strong></span> <span class='ocrx_word' id='word_1_154' title='bbox 1157 3408 1401 3463; x_wconf 87' lang='lat' dir='ltr'><strong>absoluto</strong></span> <span class='ocrx_word' id='word_1_155' title='bbox 1428 3426 1443 3463; x_wconf 89' lang='lat'><strong>:</strong></span> <span class='ocrx_word' id='word_1_156' title='bbox 1466 3411 1546 3464; x_wconf 85' lang='lat' dir='ltr'><strong>An</strong></span> <span class='ocrx_word' id='word_1_157' title='bbox 1575 3425 1696 3477; x_wconf 90' lang='lat' dir='ltr'><strong>nos,</strong></span> <span class='ocrx_word' id='word_1_158' title='bbox 1726 3412 1949 3482; x_wconf 84' lang='lat' dir='ltr'><strong>inquam</strong></span> 
     </span>
    </p>
   </div>
   <div class='ocr_carea' id='block_1_28' title="bbox 351 3498 1947 3571">
    <p class='ocr_par' dir='ltr' id='par_1_28' title="bbox 351 3498 1947 3571">
     <span class='ocr_line' id='line_1_28' title="bbox 351 3498 1947 3571; baseline 0.001 -16"><span class='ocrx_word' id='word_1_159' title='bbox 351 3500 445 3571; x_wconf 87' lang='lat' dir='ltr'><strong>qui</strong></span> <span class='ocrx_word' id='word_1_160' title='bbox 479 3501 598 3557; x_wconf 72' lang='lat' dir='ltr'><strong>inec</strong></span> <span class='ocrx_word' id='word_1_161' title='bbox 647 3501 1049 3570; x_wconf 83' lang='lat' dir='ltr'><strong>perspeximus,</strong></span> <span class='ocrx_word' id='word_1_162' title='bbox 1078 3498 1179 3553; x_wconf 85' lang='lat' dir='ltr'><strong>soli</strong></span> <span class='ocrx_word' id='word_1_163' title='bbox 1232 3501 1535 3568; x_wconf 89' lang='lat' dir='ltr'><strong>participes</strong></span> <span class='ocrx_word' id='word_1_164' title='bbox 1584 3502 1815 3571; x_wconf 87' lang='lat' dir='ltr'><strong>erimus,</strong></span> <span class='ocrx_word' id='word_1_165' title='bbox 1851 3505 1947 3558; x_wconf 83' lang='lat' dir='ltr'><strong>lie-</strong></span> 
     </span>
    </p>
   </div>
   <div class='ocr_carea' id='block_1_29' title="bbox 352 3592 1950 3664">
    <p class='ocr_par' dir='ltr' id='par_1_29' title="bbox 352 3592 1950 3664">
     <span class='ocr_line' id='line_1_29' title="bbox 352 3592 1950 3664; baseline 0 -15"><span class='ocrx_word' id='word_1_166' title='bbox 352 3595 549 3652; x_wconf 90' lang='lat' dir='ltr'><strong>luones</strong></span> <span class='ocrx_word' id='word_1_167' title='bbox 596 3603 653 3651; x_wconf 91' lang='lat' dir='ltr'><strong>et</strong></span> <span class='ocrx_word' id='word_1_168' title='bbox 700 3595 941 3664; x_wconf 74' lang='lat' dir='ltr'><strong>gurgites</strong></span> <span class='ocrx_word' id='word_1_169' title='bbox 1008 3593 1063 3650; x_wconf 94' lang='lat' dir='ltr'><strong>in</strong></span> <span class='ocrx_word' id='word_1_170' title='bbox 1116 3594 1253 3650; x_wconf 85' lang='lat' dir='ltr'><strong>cibis</strong></span> <span class='ocrx_word' id='word_1_171' title='bbox 1302 3592 1633 3649; x_wconf 87' lang='lat' dir='ltr'><strong>devorandis</strong></span> <span class='ocrx_word' id='word_1_172' title='bbox 1663 3594 1950 3649; x_wconf 72' lang='lat' dir='ltr'><strong>aemulati?</strong></span> 
     </span>
    </p>
   </div>
   <div class='ocr_carea' id='block_1_30' title="bbox 350 3685 1950 3757">
    <p class='ocr_par' dir='ltr' id='par_1_30' title="bbox 350 3685 1950 3757">
     <span class='ocr_line' id='line_1_30' title="bbox 350 3685 1950 3757; baseline -0.001 -14"><span class='ocrx_word' id='word_1_173' title='bbox 350 3689 451 3743; x_wconf 83' lang='lat' dir='ltr'><strong>Ast</strong></span> <span class='ocrx_word' id='word_1_174' title='bbox 501 3687 721 3742; x_wconf 86' lang='lat' dir='ltr'><strong>ubinam</strong></span> <span class='ocrx_word' id='word_1_175' title='bbox 774 3687 1020 3757; x_wconf 78' lang='lat' dir='ltr'><strong>gentium</strong></span> <span class='ocrx_word' id='word_1_176' title='bbox 1051 3685 1318 3739; x_wconf 85' lang='lat' dir='ltr'><strong>naturalis</strong></span> <span class='ocrx_word' id='word_1_177' title='bbox 1364 3686 1606 3741; x_wconf 83' lang='lat' dir='ltr'><strong>societas</strong></span> <span class='ocrx_word' id='word_1_178' title='bbox 1632 3697 1690 3741; x_wconf 89' lang='lat' dir='ltr'><strong>et</strong></span> <span class='ocrx_word' id='word_1_179' title='bbox 1728 3694 1950 3741; x_wconf 88' lang='lat' dir='ltr'><strong>mutuus</strong></span> 
     </span>
    </p>
   </div>
   <div class='ocr_carea' id='block_1_31' title="bbox 354 3778 1947 3850">
    <p class='ocr_par' dir='ltr' id='par_1_31' title="bbox 354 3778 1947 3850">
     <span class='ocr_line' id='line_1_31' title="bbox 354 3778 1947 3850; baseline -0.001 -13"><span class='ocrx_word' id='word_1_180' title='bbox 354 3796 534 3845; x_wconf 84' lang='lat' dir='ltr'><strong>amor,</strong></span> <span class='ocrx_word' id='word_1_181' title='bbox 599 3794 695 3850; x_wconf 76' lang='lat' dir='ltr'><strong>per</strong></span> <span class='ocrx_word' id='word_1_182' title='bbox 753 3794 875 3849; x_wconf 70' lang='lat' dir='ltr'><strong>qum</strong></span> <span class='ocrx_word' id='word_1_183' title='bbox 932 3779 1151 3833; x_wconf 86' lang='lat' dir='ltr'><strong>dilectio</strong></span> <span class='ocrx_word' id='word_1_184' title='bbox 1207 3778 1542 3844; x_wconf 88' lang='lat' dir='ltr'><strong>ostenditur,</strong></span> <span class='ocrx_word' id='word_1_185' title='bbox 1588 3788 1644 3835; x_wconf 91' lang='lat' dir='ltr'><strong>et</strong></span> <span class='ocrx_word' id='word_1_186' title='bbox 1691 3780 1947 3836; x_wconf 65' lang='lat' dir='ltr'><strong>humanae</strong></span> 
     </span>
    </p>
   </div>
   <div class='ocr_carea' id='block_1_32' title="bbox 353 3871 1993 3941">
    <p class='ocr_par' dir='ltr' id='par_1_32' title="bbox 353 3871 1993 3941">
     <span class='ocr_line' id='line_1_32' title="bbox 353 3871 1993 3941; baseline 0 -13"><span class='ocrx_word' id='word_1_187' title='bbox 353 3873 600 3929; x_wconf 87' lang='lat' dir='ltr'><strong>conditio</strong></span> <span class='ocrx_word' id='word_1_188' title='bbox 668 3882 897 3937; x_wconf 70' lang='lat' dir='ltr'><strong>naturae,</strong></span> <span class='ocrx_word' id='word_1_189' title='bbox 964 3872 1129 3927; x_wconf 79' lang='lat' dir='ltr'><strong>veluti</strong></span> <span class='ocrx_word' id='word_1_190' title='bbox 1187 3871 1535 3928; x_wconf 82' lang='lat' dir='ltr'><strong>lineamentis</strong></span> <span class='ocrx_word' id='word_1_191' title='bbox 1591 3872 1993 3941; x_wconf 87' lang='lat' dir='ltr'><strong>quibusdam,.</strong></span> 
     </span>
    </p>
   </div>
   <div class='ocr_carea' id='block_1_33' title="bbox 353 3962 1945 4037">
    <p class='ocr_par' dir='ltr' id='par_1_33' title="bbox 353 3962 1945 4037">
     <span class='ocr_line' id='line_1_33' title="bbox 353 3962 1945 4037; baseline 0 -18"><span class='ocrx_word' id='word_1_192' title='bbox 353 3962 680 4037; x_wconf 75' lang='lat' dir='ltr'><strong>exprimitur</strong></span> <span class='ocrx_word' id='word_1_193' title='bbox 699 3963 724 4017; x_wconf 73' lang='grc' dir='ltr'><strong><em>Ἰ</em></strong></span> <span class='ocrx_word' id='word_1_194' title='bbox 742 3963 851 4018; x_wconf 82' lang='lat' dir='ltr'><strong>Res</strong></span> <span class='ocrx_word' id='word_1_195' title='bbox 883 3963 1067 4033; x_wconf 84' lang='lat' dir='ltr'><strong>itaque</strong></span> <span class='ocrx_word' id='word_1_196' title='bbox 1090 3977 1188 4031; x_wconf 90' lang='lat' dir='ltr'><strong>pro</strong></span> <span class='ocrx_word' id='word_1_197' title='bbox 1214 3963 1422 4017; x_wconf 84' lang='lat' dir='ltr'><strong>viribus</strong></span> <span class='ocrx_word' id='word_1_198' title='bbox 1452 3963 1817 4033; x_wconf 75' lang='lat' dir='ltr'><strong>aggredienda</strong></span> <span class='ocrx_word' id='word_1_199' title='bbox 1840 3975 1945 4031; x_wconf 88' lang='lat' dir='ltr'><strong>est,</strong></span> 
     </span>
    </p>
   </div>
   <div class='ocr_carea' id='block_1_34' title="bbox 353 4054 1946 4124">
    <p class='ocr_par' dir='ltr' id='par_1_34' title="bbox 353 4054 1946 4124">
     <span class='ocr_line' id='line_1_34' title="bbox 353 4054 1946 4124; baseline -0.001 -13"><span class='ocrx_word' id='word_1_200' title='bbox 353 4065 412 4111; x_wconf 89' lang='lat' dir='ltr'><strong>ut</strong></span> <span class='ocrx_word' id='word_1_201' title='bbox 450 4055 617 4110; x_wconf 87' lang='lat' dir='ltr'><strong>veluti</strong></span> <span class='ocrx_word' id='word_1_202' title='bbox 649 4056 701 4109; x_wconf 91' lang='lat' dir='ltr'><strong>in</strong></span> <span class='ocrx_word' id='word_1_203' title='bbox 750 4055 955 4121; x_wconf 87' lang='lat' dir='ltr'><strong>tabula,</strong></span> <span class='ocrx_word' id='word_1_204' title='bbox 1008 4055 1254 4110; x_wconf 91' lang='lat' dir='ltr'><strong>locorum</strong></span> <span class='ocrx_word' id='word_1_205' title='bbox 1304 4054 1495 4120; x_wconf 89' lang='lat' dir='ltr'><strong>situm,</strong></span> <span class='ocrx_word' id='word_1_206' title='bbox 1525 4069 1678 4124; x_wconf 68' lang='lat' dir='ltr'><strong>mque</strong></span> <span class='ocrx_word' id='word_1_207' title='bbox 1706 4070 1773 4111; x_wconf 80' lang='lat' dir='ltr'><strong>ac</strong></span> <span class='ocrx_word' id='word_1_208' title='bbox 1806 4060 1946 4110; x_wconf 84' lang='lat' dir='ltr'><strong>ima-</strong></span> 
     </span>
    </p>
   </div>
   <div class='ocr_carea' id='block_1_35' title="bbox 353 4146 1946 4219">
    <p class='ocr_par' dir='ltr' id='par_1_35' title="bbox 353 4146 1946 4219">
     <span class='ocr_line' id='line_1_35' title="bbox 353 4146 1946 4219; baseline 0.001 -18"><span class='ocrx_word' id='word_1_209' title='bbox 353 4147 531 4218; x_wconf 74' lang='lat' dir='ltr'><strong>gines,</strong></span> <span class='ocrx_word' id='word_1_210' title='bbox 583 4146 769 4201; x_wconf 82' lang='lat' dir='ltr'><strong>verbis</strong></span> <span class='ocrx_word' id='word_1_211' title='bbox 809 4147 1187 4215; x_wconf 64' lang='lat' dir='ltr'><strong>depingamus,</strong></span> <span class='ocrx_word' id='word_1_212' title='bbox 1232 4156 1310 4215; x_wconf 93' lang='lat' dir='ltr'><strong>et,</strong></span> <span class='ocrx_word' id='word_1_213' title='bbox 1361 4162 1486 4219; x_wconf 71' lang='lat' dir='ltr'><strong>qua:</strong></span> <span class='ocrx_word' id='word_1_214' title='bbox 1510 4161 1610 4201; x_wconf 93' lang='lat' dir='ltr'><strong>nos</strong></span> <span class='ocrx_word' id='word_1_215' title='bbox 1640 4146 1743 4215; x_wconf 90' lang='lat' dir='ltr'><strong>ipsi</strong></span> <span class='ocrx_word' id='word_1_216' title='bbox 1786 4162 1946 4218; x_wconf 80' lang='lat' dir='ltr'><strong>aspe-</strong></span> 
     </span>
    </p>
   </div>
   <div class='ocr_carea' id='block_1_36' title="bbox 354 4239 1948 4311">
    <p class='ocr_par' dir='ltr' id='par_1_36' title="bbox 354 4239 1948 4311">
     <span class='ocr_line' id='line_1_36' title="bbox 354 4239 1948 4311; baseline 0.003 -18"><span class='ocrx_word' id='word_1_217' title='bbox 354 4239 644 4302; x_wconf 81' lang='lat' dir='ltr'><strong>ctavimus,</strong></span> <span class='ocrx_word' id='word_1_218' title='bbox 709 4239 884 4311; x_wconf 83' lang='lat' dir='ltr'><strong>media</strong></span> <span class='ocrx_word' id='word_1_219' title='bbox 958 4241 1256 4309; x_wconf 87' lang='lat' dir='ltr'><strong>scriptura,</strong></span> <span class='ocrx_word' id='word_1_220' title='bbox 1312 4255 1497 4295; x_wconf 89' lang='lat' dir='ltr'><strong>rerum</strong></span> <span class='ocrx_word' id='word_1_221' title='bbox 1568 4240 1948 4309; x_wconf 76' lang='lat' dir='ltr'><strong>hujuscemodi</strong></span> 
     </span>
    </p>
   </div>
   <div class='ocr_carea' id='block_1_37' title="bbox 351 4329 1945 4404">
    <p class='ocr_par' dir='ltr' id='par_1_37' title="bbox 351 4329 1945 4404">
     <span class='ocr_line' id='line_1_37' title="bbox 351 4329 1945 4404; baseline 0.003 -20"><span class='ocrx_word' id='word_1_222' title='bbox 351 4329 615 4385; x_wconf 81' lang='lat' dir='ltr'><strong>studiosis</strong></span> <span class='ocrx_word' id='word_1_223' title='bbox 639 4346 973 4386; x_wconf 85' lang='lat' dir='ltr'><strong>euarremus.</strong></span> <span class='ocrx_word' id='word_1_224' title='bbox 1029 4332 1094 4385; x_wconf 83' lang='lat' dir='ltr'><strong>At</strong></span> <span class='ocrx_word' id='word_1_225' title='bbox 1132 4346 1261 4387; x_wconf 80' lang='lat' dir='ltr'><strong>vero</strong></span> <span class='ocrx_word' id='word_1_226' title='bbox 1300 4331 1407 4386; x_wconf 88' lang='lat' dir='ltr'><strong>illis</strong></span> <span class='ocrx_word' id='word_1_227' title='bbox 1447 4333 1537 4402; x_wconf 86' lang='lat' dir='ltr'><strong>qui</strong></span> <span class='ocrx_word' id='word_1_228' title='bbox 1566 4347 1632 4387; x_wconf 86' lang='lat' dir='ltr'><strong>ea</strong></span> <span class='ocrx_word' id='word_1_229' title='bbox 1672 4332 1790 4387; x_wconf 75' lang='lat' dir='ltr'><strong>loca</strong></span> <span class='ocrx_word' id='word_1_230' title='bbox 1816 4348 1945 4404; x_wconf 85' lang='lat' dir='ltr'><strong>per-</strong></span> 
     </span>
    </p>
   </div>
   <div class='ocr_carea' id='block_1_38' title="bbox 351 4421 1932 4493">
    <p class='ocr_par' dir='ltr' id='par_1_38' title="bbox 351 4421 1932 4493">
     <span class='ocr_line' id='line_1_38' title="bbox 351 4421 1932 4493; baseline 0.004 -19"><span class='ocrx_word' id='word_1_231' title='bbox 351 4421 628 4486; x_wconf 78' lang='lat' dir='ltr'><strong>videt-unt,</strong></span> <span class='ocrx_word' id='word_1_232' title='bbox 685 4421 883 4477; x_wconf 78' lang='lat' dir='ltr'><strong>frustra</strong></span> <span class='ocrx_word' id='word_1_233' title='bbox 919 4438 1020 4476; x_wconf 88' lang='lat' dir='ltr'><strong>nos</strong></span> <span class='ocrx_word' id='word_1_234' title='bbox 1081 4438 1305 4493; x_wconf 85' lang='lat' dir='ltr'><strong>operam</strong></span> <span class='ocrx_word' id='word_1_235' title='bbox 1351 4439 1567 4477; x_wconf 89' lang='lat' dir='ltr'><strong>sumere</strong></span> <span class='ocrx_word' id='word_1_236' title='bbox 1599 4424 1932 4491; x_wconf 80' lang='lat' dir='ltr'><strong>videbimur,</strong></span> 
     </span>
    </p>
   </div>
   <div class='ocr_carea' id='block_1_39' title="bbox 351 4512 1944 4585">
    <p class='ocr_par' dir='ltr' id='par_1_39' title="bbox 351 4512 1944 4585">
     <span class='ocr_line' id='line_1_39' title="bbox 351 4512 1944 4585; baseline 0.004 -17"><span class='ocrx_word' id='word_1_237' title='bbox 351 4512 559 4569; x_wconf 88' lang='lat' dir='ltr'><strong>etenim</strong></span> <span class='ocrx_word' id='word_1_238' title='bbox 590 4514 639 4568; x_wconf 83' lang='lat' dir='ltr'><strong>si</strong></span> <span class='ocrx_word' id='word_1_239' title='bbox 692 4517 928 4569; x_wconf 87' lang='lat' dir='ltr'><strong>sermoni</strong></span> <span class='ocrx_word' id='word_1_240' title='bbox 956 4530 1018 4570; x_wconf 85' lang='lat' dir='ltr'><strong>ea</strong></span> <span class='ocrx_word' id='word_1_241' title='bbox 1053 4532 1209 4572; x_wconf 87' lang='lat' dir='ltr'><strong>meus</strong></span> <span class='ocrx_word' id='word_1_242' title='bbox 1239 4525 1343 4575; x_wconf 83' lang='lat' dir='ltr'><strong>est.</strong></span> <span class='ocrx_word' id='word_1_243' title='bbox 1390 4524 1449 4570; x_wconf 90' lang='lat' dir='ltr'><strong>ut</strong></span> <span class='ocrx_word' id='word_1_244' title='bbox 1493 4526 1775 4585; x_wconf 84' lang='lat' dir='ltr'><strong>aspectum</strong></span> <span class='ocrx_word' id='word_1_245' title='bbox 1819 4519 1944 4574; x_wconf 89' lang='lat' dir='ltr'><strong>imi-</strong></span> 
     </span>
    </p>
   </div>
   <div class='ocr_carea' id='block_1_40' title="bbox 355 4608 1942 4673">
    <p class='ocr_par' dir='ltr' id='par_1_40' title="bbox 355 4608 1942 4673">
     <span class='ocr_line' id='line_1_40' title="bbox 355 4608 1942 4673; baseline 0.009 -16"><span class='ocrx_word' id='word_1_246' title='bbox 355 4615 541 4673; x_wconf 86' lang='lat' dir='ltr'><strong>tetur;</strong></span> <span class='ocrx_word' id='word_1_247' title='bbox 595 4617 654 4663; x_wconf 87' lang='lat' dir='ltr'><strong>et</strong></span> <span class='ocrx_word' id='word_1_248' title='bbox 682 4609 861 4662; x_wconf 89' lang='lat' dir='ltr'><strong>omnis</strong></span> <span class='ocrx_word' id='word_1_249' title='bbox 908 4608 1138 4662; x_wconf 87' lang='lat' dir='ltr'><strong>imitatio</strong></span> <span class='ocrx_word' id='word_1_250' title='bbox 1188 4620 1381 4664; x_wconf 83' lang='lat' dir='ltr'><strong>exacta</strong></span> <span class='ocrx_word' id='word_1_251' title='bbox 1420 4610 1764 4667; x_wconf 86' lang='lat' dir='ltr'><strong>discussione</strong></span> <span class='ocrx_word' id='word_1_252' title='bbox 1800 4611 1942 4671; x_wconf 80' lang='lat' dir='ltr'><strong>infe.-</strong></span> 
     </span>
    </p>
   </div>
   <div class='ocr_carea' id='block_1_41' title="bbox 355 4698 1941 4768">
    <p class='ocr_par' dir='ltr' id='par_1_41' title="bbox 355 4698 1941 4768">
     <span class='ocr_line' id='line_1_41' title="bbox 355 4698 1941 4768; baseline 0.005 -17"><span class='ocrx_word' id='word_1_253' title='bbox 355 4698 466 4752; x_wconf 89' lang='lat' dir='ltr'><strong>rior</strong></span> <span class='ocrx_word' id='word_1_254' title='bbox 490 4708 598 4767; x_wconf 89' lang='lat' dir='ltr'><strong>est,</strong></span> <span class='ocrx_word' id='word_1_255' title='bbox 630 4700 903 4768; x_wconf 83' lang='lat' dir='ltr'><strong>sequitur,</strong></span> <span class='ocrx_word' id='word_1_256' title='bbox 935 4716 1018 4754; x_wconf 90' lang='lat' dir='ltr'><strong>me</strong></span> <span class='ocrx_word' id='word_1_257' title='bbox 1052 4703 1216 4755; x_wconf 90' lang='lat' dir='ltr'><strong>etiam</strong></span> <span class='ocrx_word' id='word_1_258' title='bbox 1250 4704 1516 4758; x_wconf 84' lang='lat' dir='ltr'><strong>minorem</strong></span> <span class='ocrx_word' id='word_1_259' title='bbox 1550 4704 1660 4758; x_wconf 89' lang='lat' dir='ltr'><strong>illis</strong></span> <span class='ocrx_word' id='word_1_260' title='bbox 1698 4703 1941 4759; x_wconf 65' lang='lat' dir='ltr'><strong>laetitiam</strong></span> 
     </span>
    </p>
   </div>
   <div class='ocr_carea' id='block_1_42' title="bbox 352 4791 1940 4866">
    <p class='ocr_par' dir='ltr' id='par_1_42' title="bbox 352 4791 1940 4866">
     <span class='ocr_line' id='line_1_42' title="bbox 352 4791 1940 4866; baseline 0.006 -23"><span class='ocrx_word' id='word_1_261' title='bbox 352 4800 819 4857; x_wconf 80' lang='lat' dir='ltr'><strong>comparaturum,</strong></span> <span class='ocrx_word' id='word_1_262' title='bbox 851 4806 915 4845; x_wconf 82' lang='lat' dir='ltr'><strong>ea</strong></span> <span class='ocrx_word' id='word_1_263' title='bbox 971 4791 1247 4860; x_wconf 84' lang='lat' dir='ltr'><strong>voluptate</strong></span> <span class='ocrx_word' id='word_1_264' title='bbox 1301 4808 1423 4862; x_wconf 66' lang='lat' dir='ltr'><strong>quae</strong></span> <span class='ocrx_word' id='word_1_265' title='bbox 1452 4796 1581 4862; x_wconf 84' lang='lat' dir='ltr'><strong>ipsis</strong></span> <span class='ocrx_word' id='word_1_266' title='bbox 1621 4809 1721 4866; x_wconf 80' lang='lat' dir='ltr'><strong>per</strong></span> <span class='ocrx_word' id='word_1_267' title='bbox 1749 4797 1940 4853; x_wconf 88' lang='lat' dir='ltr'><strong>oculos</strong></span> 
     </span>
    </p>
   </div>
   <div class='ocr_carea' id='block_1_43' title="bbox 351 4875 1937 4954">
    <p class='ocr_par' dir='ltr' id='par_1_43' title="bbox 351 4875 1937 4954">
     <span class='ocr_line' id='line_1_43' title="bbox 351 4875 1937 4954; baseline 0.008 -24"><span class='ocrx_word' id='word_1_268' title='bbox 351 4875 573 4933; x_wconf 79' lang='lat' dir='ltr'><strong>insedit.</strong></span> <span class='ocrx_word' id='word_1_269' title='bbox 604 4879 742 4945; x_wconf 74' lang='lat' dir='ltr'><strong>Quid</strong></span> <span class='ocrx_word' id='word_1_270' title='bbox 779 4895 941 4950; x_wconf 89' lang='lat' dir='ltr'><strong>porro</strong></span> <span class='ocrx_word' id='word_1_271' title='bbox 970 4896 1151 4938; x_wconf 87' lang='lat' dir='ltr'><strong>sermo</strong></span> <span class='ocrx_word' id='word_1_272' title='bbox 1172 4881 1195 4935; x_wconf 88' lang='lat'><strong>?</strong></span> <span class='ocrx_word' id='word_1_273' title='bbox 1216 4898 1311 4939; x_wconf 89' lang='lat' dir='ltr'><strong>eos</strong></span> <span class='ocrx_word' id='word_1_274' title='bbox 1347 4887 1660 4951; x_wconf 82' lang='lat' dir='ltr'><strong>expressius</strong></span> <span class='ocrx_word' id='word_1_275' title='bbox 1683 4876 1937 4954; x_wconf 75' lang='lat' dir='ltr'><strong>instruet,</strong></span> 
     </span>
    </p>
   </div>
   <div class='ocr_carea' id='block_1_44' title="bbox 2058 2396 3658 2473">
    <p class='ocr_par' dir='ltr' id='par_1_44' title="bbox 2058 2396 3658 2473">
     <span class='ocr_line' id='line_1_44' title="bbox 2058 2396 3658 2473; baseline 0.004 -19"><span class='ocrx_word' id='word_1_276' title='bbox 2058 2399 2391 2473; x_wconf 77' lang='grc' dir='ltr'>των·ἠμεῖς,</span> <span class='ocrx_word' id='word_1_277' title='bbox 2426 2401 2521 2470; x_wconf 79' lang='grc' dir='ltr'><strong>καὶ</strong></span> <span class='ocrx_word' id='word_1_278' title='bbox 2543 2401 2744 2465; x_wconf 82' lang='grc' dir='ltr'>τόπους</span> <span class='ocrx_word' id='word_1_279' title='bbox 2791 2402 3014 2465; x_wconf 76' lang='grc' dir='ltr'>ἰδόντες,</span> <span class='ocrx_word' id='word_1_280' title='bbox 3056 2401 3142 2471; x_wconf 74' lang='grc' dir='ltr'><strong>ἐφ’</strong></span> <span class='ocrx_word' id='word_1_281' title='bbox 3171 2396 3253 2466; x_wconf 76' lang='grc' dir='ltr'>οἷς</span> <span class='ocrx_word' id='word_1_282' title='bbox 3290 2402 3427 2466; x_wconf 74' lang='grc' dir='ltr'>Θεὸς</span> <span class='ocrx_word' id='word_1_283' title='bbox 3475 2405 3658 2460; x_wconf 76' lang='grc' dir='ltr'>πάλαι</span> 
     </span>
    </p>
   </div>
   <div class='ocr_carea' id='block_1_45' title="bbox 2063 2489 3658 2567">
    <p class='ocr_par' dir='ltr' id='par_1_45' title="bbox 2063 2489 3658 2567">
     <span class='ocr_line' id='line_1_45' title="bbox 2063 2489 3658 2567; baseline 0.003 -19"><span class='ocrx_word' id='word_1_284' title='bbox 2063 2489 2162 2567; x_wconf 76' lang='grc' dir='ltr'>μὲν</span> <span class='ocrx_word' id='word_1_285' title='bbox 2190 2494 2557 2567; x_wconf 65' lang='grc' dir='ltr'>ἐχρημάτισε,</span> <span class='ocrx_word' id='word_1_286' title='bbox 2588 2494 2719 2550; x_wconf 78' lang='grc' dir='ltr'>λαὸν</span> <span class='ocrx_word' id='word_1_287' title='bbox 2747 2495 2969 2565; x_wconf 80' lang='grc' dir='ltr'><strong>φυγάδα</strong></span> <span class='ocrx_word' id='word_1_288' title='bbox 2990 2494 3079 2548; x_wconf 78' lang='grc' dir='ltr'>διὰ</span> <span class='ocrx_word' id='word_1_289' title='bbox 3103 2495 3353 2558; x_wconf 78' lang='grc' dir='ltr'>Μωσέως</span> <span class='ocrx_word' id='word_1_290' title='bbox 3383 2494 3444 2562; x_wconf 65' lang='grc' dir='ltr'>ἔξ</span> <span class='ocrx_word' id='word_1_291' title='bbox 3473 2498 3658 2567; x_wconf 78' lang='grc' dir='ltr'>Αίγύ-</span> 
     </span>
    </p>
   </div>
   <div class='ocr_carea' id='block_1_46' title="bbox 2032 2582 3659 2670">
    <p class='ocr_par' dir='ltr' id='par_1_46' title="bbox 2032 2582 3659 2670">
     <span class='ocr_line' id='line_1_46' title="bbox 2032 2582 3659 2670; baseline 0.001 -30"><span class='ocrx_word' id='word_1_292' title='bbox 2032 2603 2198 2670; x_wconf 70' lang='grc' dir='ltr'><strong>Δπττου</strong></span> <span class='ocrx_word' id='word_1_293' title='bbox 2225 2588 2286 2640; x_wconf 80' lang='grc' dir='ltr'>ἐν</span> <span class='ocrx_word' id='word_1_294' title='bbox 2316 2586 2512 2658; x_wconf 81' lang='grc' dir='ltr'><strong>τέρασι</strong></span> <span class='ocrx_word' id='word_1_295' title='bbox 2545 2587 2640 2640; x_wconf 74' lang='grc' dir='ltr'>καὶ</span> <span class='ocrx_word' id='word_1_296' title='bbox 2681 2588 2933 2657; x_wconf 76' lang='grc' dir='ltr'><strong>σημείοις</strong></span> <span class='ocrx_word' id='word_1_297' title='bbox 2962 2584 3290 2656; x_wconf 86' lang='grc' dir='ltr'>μεταγαγὼν</span> <span class='ocrx_word' id='word_1_298' title='bbox 3331 2582 3481 2657; x_wconf 62' lang='grc' dir='ltr'><strong>χειρὶ¹</strong></span> <span class='ocrx_word' id='word_1_299' title='bbox 3508 2605 3659 2657; x_wconf 80' lang='grc' dir='ltr'>κρα-</span> 
     </span>
    </p>
   </div>
   <div class='ocr_carea' id='block_1_47' title="bbox 2055 2676 3765 2752">
    <p class='ocr_par' dir='ltr' id='par_1_47' title="bbox 2055 2676 3765 2752">
     <span class='ocr_line' id='line_1_47' title="bbox 2055 2676 3765 2752; baseline 0.001 -19"><span class='ocrx_word' id='word_1_300' title='bbox 2055 2679 2211 2752; x_wconf 54' lang='lat' dir='ltr'><strong>«atq,</strong></span> <span class='ocrx_word' id='word_1_301' title='bbox 2240 2679 2494 2743; x_wconf 83' lang='grc' dir='ltr'>πατάξας</span> <span class='ocrx_word' id='word_1_302' title='bbox 2524 2677 2655 2750; x_wconf 73' lang='grc' dir='ltr'>ἔθνη</span> <span class='ocrx_word' id='word_1_303' title='bbox 2697 2680 2792 2732; x_wconf 74' lang='grc' dir='ltr'><strong>καὶ</strong></span> <span class='ocrx_word' id='word_1_304' title='bbox 2820 2676 3091 2741; x_wconf 76' lang='grc' dir='ltr'><strong>δυνάστας</strong></span> <span class='ocrx_word' id='word_1_305' title='bbox 3118 2678 3326 2741; x_wconf 84' lang='grc' dir='ltr'>αὐτῶν,</span> <span class='ocrx_word' id='word_1_306' title='bbox 3360 2680 3456 2734; x_wconf 79' lang='grc' dir='ltr'><strong>τὸν</strong></span> <span class='ocrx_word' id='word_1_307' title='bbox 3490 2680 3663 2751; x_wconf 81' lang='grc' dir='ltr'><strong>Σηὼν</strong></span> <span class='ocrx_word' id='word_1_308' title='bbox 3757 2740 3765 2745; x_wconf 53' lang='grc'><strong>,</strong></span> 
     </span>
    </p>
   </div>
   <div class='ocr_carea' id='block_1_48' title="bbox 2060 2766 3661 2844">
    <p class='ocr_par' dir='ltr' id='par_1_48' title="bbox 2060 2766 3661 2844">
     <span class='ocr_line' id='line_1_48' title="bbox 2060 2766 3661 2844; baseline -0.001 -21"><span class='ocrx_word' id='word_1_309' title='bbox 2060 2770 2289 2842; x_wconf 80' lang='grc' dir='ltr'><strong>βασιλέα</strong></span> <span class='ocrx_word' id='word_1_310' title='bbox 2317 2770 2432 2824; x_wconf 62' lang='grc' dir='ltr'><strong>⁸τῶν</strong></span> <span class='ocrx_word' id='word_1_311' title='bbox 2464 2770 2859 2841; x_wconf 74' lang='grc' dir='ltr'>’Δμωρῤαίων,</span> <span class='ocrx_word' id='word_1_312' title='bbox 2886 2771 2985 2822; x_wconf 73' lang='grc' dir='ltr'><strong>καὶ</strong></span> <span class='ocrx_word' id='word_1_313' title='bbox 3021 2768 3114 2822; x_wconf 78' lang='grc' dir='ltr'><strong>τὸν</strong></span> <span class='ocrx_word' id='word_1_314' title='bbox 3147 2768 3250 2837; x_wconf 87' lang='grc' dir='ltr'>Ὢγ</span> <span class='ocrx_word' id='word_1_315' title='bbox 3289 2766 3520 2844; x_wconf 81' lang='grc' dir='ltr'>βασιλέα</span> <span class='ocrx_word' id='word_1_316' title='bbox 3545 2769 3661 2841; x_wconf 79' lang='grc' dir='ltr'>τῆς</span> 
     </span>
    </p>
   </div>
   <div class='ocr_carea' id='block_1_49' title="bbox 2056 2860 3660 2931">
    <p class='ocr_par' dir='ltr' id='par_1_49' title="bbox 2056 2860 3660 2931">
     <span class='ocr_line' id='line_1_49' title="bbox 2056 2860 3660 2931; baseline 0.002 -17"><span class='ocrx_word' id='word_1_317' title='bbox 2056 2860 2263 2928; x_wconf 84' lang='grc' dir='ltr'>Βασάν,</span> <span class='ocrx_word' id='word_1_318' title='bbox 2308 2862 2403 2917; x_wconf 73' lang='grc' dir='ltr'><strong>καὶ</strong></span> <span class='ocrx_word' id='word_1_319' title='bbox 2452 2863 2636 2926; x_wconf 85' lang='grc' dir='ltr'>πάσας</span> <span class='ocrx_word' id='word_1_320' title='bbox 2682 2862 2782 2927; x_wconf 78' lang='grc' dir='ltr'><strong>τὰς</strong></span> <span class='ocrx_word' id='word_1_321' title='bbox 2827 2861 3110 2931; x_wconf 77' lang='grc' dir='ltr'><strong>βασιλείας</strong></span> <span class='ocrx_word' id='word_1_322' title='bbox 3148 2862 3376 2916; x_wconf 78' lang='grc' dir='ltr'><strong>Χαναὰν</strong></span> <span class='ocrx_word' id='word_1_323' title='bbox 3435 2864 3531 2917; x_wconf 79' lang='grc' dir='ltr'><strong>καὶ</strong></span> <span class='ocrx_word' id='word_1_324' title='bbox 3592 2866 3660 2918; x_wconf 75' lang='grc' dir='ltr'>ἐν</span> 
     </span>
    </p>
   </div>
   <div class='ocr_carea' id='block_1_50' title="bbox 2062 2950 3657 3025">
    <p class='ocr_par' dir='ltr' id='par_1_50' title="bbox 2062 2950 3657 3025">
     <span class='ocr_line' id='line_1_50' title="bbox 2062 2950 3657 3025; baseline 0.001 -18"><span class='ocrx_word' id='word_1_325' title='bbox 2062 2952 2314 3025; x_wconf 81' lang='grc' dir='ltr'><strong>βραχίονι</strong></span> <span class='ocrx_word' id='word_1_326' title='bbox 2361 2950 2554 3025; x_wconf 78' lang='grc' dir='ltr'><strong>ὑψηλῷ</strong></span> <span class='ocrx_word' id='word_1_327' title='bbox 2598 2950 3008 3022; x_wconf 76' lang='grc' dir='ltr'>ὲγκαθιδρῦσας</span> <span class='ocrx_word' id='word_1_328' title='bbox 3064 2954 3186 3006; x_wconf 75' lang='grc' dir='ltr'>ἐκεῖ</span> <span class='ocrx_word' id='word_1_329' title='bbox 3228 2952 3360 3007; x_wconf 78' lang='grc' dir='ltr'>λαὸν</span> <span class='ocrx_word' id='word_1_330' title='bbox 3409 2954 3657 3024; x_wconf 73' lang='grc' dir='ltr'>ἔπηλυν,</span> 
     </span>
    </p>
   </div>
   <div class='ocr_carea' id='block_1_51' title="bbox 2054 3039 3659 3119">
    <p class='ocr_par' dir='ltr' id='par_1_51' title="bbox 2054 3039 3659 3119">
     <span class='ocr_line' id='line_1_51' title="bbox 2054 3039 3659 3119; baseline 0 -21"><span class='ocrx_word' id='word_1_331' title='bbox 2054 3045 2151 3100; x_wconf 74' lang='grc' dir='ltr'><strong>καὶ</strong></span> <span class='ocrx_word' id='word_1_332' title='bbox 2184 3039 2442 3098; x_wconf 78' lang='grc' dir='ltr'>τοσοῦτον</span> <span class='ocrx_word' id='word_1_333' title='bbox 2475 3044 2720 3115; x_wconf 81' lang='grc' dir='ltr'>αὐξήσας</span> <span class='ocrx_word' id='word_1_334' title='bbox 2746 3044 2871 3098; x_wconf 83' lang='grc' dir='ltr'>ὅσον</span> <span class='ocrx_word' id='word_1_335' title='bbox 2896 3045 2953 3097; x_wconf 91' lang='grc' dir='ltr'><strong>αί</strong></span> <span class='ocrx_word' id='word_1_336' title='bbox 2991 3045 3133 3098; x_wconf 83' lang='grc' dir='ltr'>θεῖαι</span> <span class='ocrx_word' id='word_1_337' title='bbox 3157 3047 3473 3116; x_wconf 84' lang='grc' dir='ltr'>παριστῶσι</span> <span class='ocrx_word' id='word_1_338' title='bbox 3504 3048 3659 3119; x_wconf 80' lang='grc' dir='ltr'>Γρα-</span> 
     </span>
    </p>
   </div>
   <div class='ocr_carea' id='block_1_52' title="bbox 2053 3133 3655 3205">
    <p class='ocr_par' dir='ltr' id='par_1_52' title="bbox 2053 3133 3655 3205">
     <span class='ocr_line' id='line_1_52' title="bbox 2053 3133 3655 3205; baseline 0.003 -18"><span class='ocrx_word' id='word_1_339' title='bbox 2053 3135 2178 3203; x_wconf 72' lang='grc' dir='ltr'>φαὶ,</span> <span class='ocrx_word' id='word_1_340' title='bbox 2218 3133 2307 3189; x_wconf 76' lang='grc' dir='ltr'><strong>ἐπ’</strong></span> <span class='ocrx_word' id='word_1_341' title='bbox 2350 3135 2602 3205; x_wconf 80' lang='grc' dir='ltr'><strong>ἐσχάτων</strong></span> <span class='ocrx_word' id='word_1_342' title='bbox 2634 3135 2691 3188; x_wconf 80' lang='grc' dir='ltr'>δὲ</span> <span class='ocrx_word' id='word_1_343' title='bbox 2721 3135 2812 3189; x_wconf 84' lang='grc' dir='ltr'><strong>διὰ</strong></span> <span class='ocrx_word' id='word_1_344' title='bbox 2851 3137 2949 3205; x_wconf 79' lang='grc' dir='ltr'>τῆς</span> <span class='ocrx_word' id='word_1_345' title='bbox 2981 3137 3075 3189; x_wconf 82' lang='grc' dir='ltr'>τοῦ</span> <span class='ocrx_word' id='word_1_346' title='bbox 3102 3136 3448 3205; x_wconf 78' lang='grc' dir='ltr'>Μονογενοῦς</span> <span class='ocrx_word' id='word_1_347' title='bbox 3475 3138 3655 3192; x_wconf 82' lang='grc' dir='ltr'>αὑτοῦ</span> 
     </span>
    </p>
   </div>
   <div class='ocr_carea' id='block_1_53' title="bbox 2055 3226 3658 3298">
    <p class='ocr_par' dir='ltr' id='par_1_53' title="bbox 2055 3226 3658 3298">
     <span class='ocr_line' id='line_1_53' title="bbox 2055 3226 3658 3298; baseline 0.003 -18"><span class='ocrx_word' id='word_1_348' title='bbox 2055 3227 2209 3290; x_wconf 81' lang='grc' dir='ltr'>Θείας</span> <span class='ocrx_word' id='word_1_349' title='bbox 2247 3226 2723 3298; x_wconf 82' lang='grc' dir='ltr'>ὲνανθρωπήσεως</span> <span class='ocrx_word' id='word_1_350' title='bbox 2762 3226 3108 3295; x_wconf 85' lang='grc' dir='ltr'>καθαγιάσας</span> <span class='ocrx_word' id='word_1_351' title='bbox 3164 3229 3386 3294; x_wconf 78' lang='grc' dir='ltr'>αὐτοὺς,</span> <span class='ocrx_word' id='word_1_352' title='bbox 3440 3232 3537 3282; x_wconf 78' lang='grc' dir='ltr'><strong>καὶ</strong></span> <span class='ocrx_word' id='word_1_353' title='bbox 3583 3231 3658 3285; x_wconf 76' lang='grc' dir='ltr'>τὸ</span> 
     </span>
    </p>
   </div>
   <div class='ocr_carea' id='block_1_54' title="bbox 2054 3298 3653 3388">
    <p class='ocr_par' dir='ltr' id='par_1_54' title="bbox 2054 3298 3653 3388">
     <span class='ocr_line' id='line_1_54' title="bbox 2054 3298 3653 3388; baseline 0.003 -18"><span class='ocrx_word' id='word_1_354' title='bbox 2054 3317 2376 3388; x_wconf 84' lang='grc' dir='ltr'>θαυμαστὸν</span> <span class='ocrx_word' id='word_1_355' title='bbox 2404 3317 2568 3388; x_wconf 78' lang='grc' dir='ltr'>ἔργον</span> <span class='ocrx_word' id='word_1_356' title='bbox 2606 3320 2705 3387; x_wconf 79' lang='grc' dir='ltr'>τῆς</span> <span class='ocrx_word' id='word_1_357' title='bbox 2736 3317 2895 3388; x_wconf 82' lang='grc' dir='ltr'>ἡμῶν</span> <span class='ocrx_word' id='word_1_358' title='bbox 2928 3298 3224 3381; x_wconf 63' lang='grc' dir='ltr'>ὲέτελέσας</span> <span class='ocrx_word' id='word_1_359' title='bbox 3254 3318 3653 3387; x_wconf 75' lang='grc' dir='ltr'>ἀναπλάσεως,</span> 
     </span>
    </p>
   </div>
   <div class='ocr_carea' id='block_1_55' title="bbox 2055 3409 3655 3484">
    <p class='ocr_par' dir='ltr' id='par_1_55' title="bbox 2055 3409 3655 3484">
     <span class='ocr_line' id='line_1_55' title="bbox 2055 3409 3655 3484; baseline 0.001 -20"><span class='ocrx_word' id='word_1_360' title='bbox 2055 3411 2209 3480; x_wconf 81' lang='grc' dir='ltr'>μόνοι</span> <span class='ocrx_word' id='word_1_361' title='bbox 2238 3411 2334 3465; x_wconf 81' lang='grc' dir='ltr'>τοῦ</span> <span class='ocrx_word' id='word_1_362' title='bbox 2380 3409 2593 3479; x_wconf 79' lang='grc' dir='ltr'>ἀγαθοῦ</span> <span class='ocrx_word' id='word_1_363' title='bbox 2624 3409 2784 3463; x_wconf 83' lang='grc' dir='ltr'>τοῦδε</span> <span class='ocrx_word' id='word_1_364' title='bbox 2829 3411 3213 3480; x_wconf 80' lang='grc' dir='ltr'>μετάσχωμεν,</span> <span class='ocrx_word' id='word_1_365' title='bbox 3249 3412 3379 3475; x_wconf 84' lang='grc' dir='ltr'>τοὺς</span> <span class='ocrx_word' id='word_1_366' title='bbox 3424 3412 3655 3484; x_wconf 81' lang='grc' dir='ltr'>λίχνους</span> 
     </span>
    </p>
   </div>
   <div class='ocr_carea' id='block_1_56' title="bbox 2051 3498 3657 3573">
    <p class='ocr_par' dir='ltr' id='par_1_56' title="bbox 2051 3498 3657 3573">
     <span class='ocr_line' id='line_1_56' title="bbox 2051 3498 3657 3573; baseline 0.002 -20"><span class='ocrx_word' id='word_1_367' title='bbox 2051 3504 2185 3571; x_wconf 76' lang='grc' dir='ltr'>περὶ</span> <span class='ocrx_word' id='word_1_368' title='bbox 2208 3502 2309 3566; x_wconf 65' lang='grc' dir='ltr'><strong>τὰς</strong></span> <span class='ocrx_word' id='word_1_369' title='bbox 2334 3498 2569 3573; x_wconf 83' lang='grc' dir='ltr'>βρώσεις</span> <span class='ocrx_word' id='word_1_370' title='bbox 2603 3501 2966 3573; x_wconf 83' lang='grc' dir='ltr'>μιμούμενοι;</span> <span class='ocrx_word' id='word_1_371' title='bbox 3002 3504 3112 3555; x_wconf 71' lang='grc' dir='ltr'><strong>Καὶ</strong></span> <span class='ocrx_word' id='word_1_372' title='bbox 3158 3501 3261 3555; x_wconf 81' lang='grc' dir='ltr'><strong>ποῦ</strong></span> <span class='ocrx_word' id='word_1_373' title='bbox 3296 3498 3657 3557; x_wconf 64' lang='grc' dir='ltr'>τδκοινωνι-</span> 
     </span>
    </p>
   </div>
   <div class='ocr_carea' id='block_1_57' title="bbox 2052 3587 3655 3667">
    <p class='ocr_par' dir='ltr' id='par_1_57' title="bbox 2052 3587 3655 3667">
     <span class='ocr_line' id='line_1_57' title="bbox 2052 3587 3655 3667; baseline 0.002 -23"><span class='ocrx_word' id='word_1_374' title='bbox 2052 3592 2150 3645; x_wconf 80' lang='grc' dir='ltr'><strong>κδν</strong></span> <span class='ocrx_word' id='word_1_375' title='bbox 2181 3590 2277 3645; x_wconf 72' lang='grc' dir='ltr'><strong>καὶ</strong></span> <span class='ocrx_word' id='word_1_376' title='bbox 2306 3592 2633 3662; x_wconf 73' lang='grc' dir='ltr'>φιλάλληλον</span> <span class='ocrx_word' id='word_1_377' title='bbox 2667 3593 2947 3663; x_wconf 83' lang='grc' dir='ltr'>φανεῖται,</span> <span class='ocrx_word' id='word_1_378' title='bbox 2973 3593 3044 3647; x_wconf 85' lang='grc' dir='ltr'><strong>δι’</strong></span> <span class='ocrx_word' id='word_1_379' title='bbox 3089 3587 3165 3648; x_wconf 86' lang='grc' dir='ltr'>ὧν</span> <span class='ocrx_word' id='word_1_380' title='bbox 3198 3590 3260 3647; x_wconf 62' lang='grc' dir='ltr'><strong>τό</strong></span> <span class='ocrx_word' id='word_1_381' title='bbox 3288 3598 3388 3665; x_wconf 79' lang='grc' dir='ltr'>τῆς</span> <span class='ocrx_word' id='word_1_382' title='bbox 3418 3597 3655 3667; x_wconf 81' lang='grc' dir='ltr'>ἀγάπης</span> 
     </span>
    </p>
   </div>
   <div class='ocr_carea' id='block_1_58' title="bbox 2056 3675 3653 3756">
    <p class='ocr_par' dir='ltr' id='par_1_58' title="bbox 2056 3675 3653 3756">
     <span class='ocr_line' id='line_1_58' title="bbox 2056 3675 3653 3756; baseline 0.004 -22"><span class='ocrx_word' id='word_1_383' title='bbox 2056 3684 2385 3751; x_wconf 76' lang='grc' dir='ltr'>ἐμφαίνεται</span> <span class='ocrx_word' id='word_1_384' title='bbox 2433 3684 2646 3753; x_wconf 82' lang='grc' dir='ltr'>χρῆμα,</span> <span class='ocrx_word' id='word_1_385' title='bbox 2698 3683 2793 3737; x_wconf 78' lang='grc' dir='ltr'><strong>καὶ</strong></span> <span class='ocrx_word' id='word_1_386' title='bbox 2838 3682 2899 3737; x_wconf 79' lang='grc' dir='ltr'>τὸ</span> <span class='ocrx_word' id='word_1_387' title='bbox 2934 3684 3033 3752; x_wconf 78' lang='grc' dir='ltr'>τῆς</span> <span class='ocrx_word' id='word_1_388' title='bbox 3064 3682 3227 3756; x_wconf 81' lang='grc' dir='ltr'>ἡμῶν</span> <span class='ocrx_word' id='word_1_389' title='bbox 3254 3686 3475 3755; x_wconf 82' lang='grc' dir='ltr'>φύσεως</span> <span class='ocrx_word' id='word_1_390' title='bbox 3510 3675 3653 3741; x_wconf 76' lang='grc' dir='ltr'>ἴδιον</span> 
     </span>
    </p>
   </div>
   <div class='ocr_carea' id='block_1_59' title="bbox 2052 3768 3655 3849">
    <p class='ocr_par' dir='ltr' id='par_1_59' title="bbox 2052 3768 3655 3849">
     <span class='ocr_line' id='line_1_59' title="bbox 2052 3768 3655 3849; baseline 0.004 -22"><span class='ocrx_word' id='word_1_391' title='bbox 2052 3770 2162 3828; x_wconf 77' lang='grc' dir='ltr'>οἵδε</span> <span class='ocrx_word' id='word_1_392' title='bbox 2188 3776 2728 3846; x_wconf 73' lang='grc' dir='ltr'>χαρακτηρίζεσθαι;</span> <span class='ocrx_word' id='word_1_393' title='bbox 2774 3768 3161 3849; x_wconf 80' lang='grc' dir='ltr'>Ἐγχειρητὲον</span> <span class='ocrx_word' id='word_1_394' title='bbox 3182 3778 3279 3831; x_wconf 66' lang='grc' dir='ltr'>οὖν</span> <span class='ocrx_word' id='word_1_395' title='bbox 3311 3778 3447 3832; x_wconf 75' lang='grc' dir='ltr'>ὡσεὶ</span> <span class='ocrx_word' id='word_1_396' title='bbox 3478 3779 3655 3833; x_wconf 69' lang='grc' dir='ltr'>δύναο</span> 
     </span>
    </p>
   </div>
   <div class='ocr_carea' id='block_1_60' title="bbox 2055 3868 3651 3939">
    <p class='ocr_par' dir='ltr' id='par_1_60' title="bbox 2055 3868 3651 3939">
     <span class='ocr_line' id='line_1_60' title="bbox 2055 3868 3651 3939; baseline 0.004 -19"><span class='ocrx_word' id='word_1_397' title='bbox 2055 3884 2169 3938; x_wconf 88' lang='grc' dir='ltr'>μις,</span> <span class='ocrx_word' id='word_1_398' title='bbox 2212 3868 2279 3921; x_wconf 81' lang='grc' dir='ltr'><strong>ἵν’</strong></span> <span class='ocrx_word' id='word_1_399' title='bbox 2313 3868 2479 3931; x_wconf 81' lang='grc' dir='ltr'>ὡςὲν</span> <span class='ocrx_word' id='word_1_400' title='bbox 2514 3868 2705 3923; x_wconf 84' lang='grc' dir='ltr'>πίνακι</span> <span class='ocrx_word' id='word_1_401' title='bbox 2748 3869 2811 3921; x_wconf 81' lang='grc' dir='ltr'><strong>τδ</strong></span> <span class='ocrx_word' id='word_1_402' title='bbox 2841 3868 3171 3939; x_wconf 83' lang='grc' dir='ltr'>διάγραμμα</span> <span class='ocrx_word' id='word_1_403' title='bbox 3202 3869 3294 3923; x_wconf 81' lang='grc' dir='ltr'>διὰ</span> <span class='ocrx_word' id='word_1_404' title='bbox 3340 3870 3435 3924; x_wconf 85' lang='grc' dir='ltr'><strong>τοῦ</strong></span> <span class='ocrx_word' id='word_1_405' title='bbox 3474 3871 3651 3939; x_wconf 81' lang='grc' dir='ltr'>λόγου</span> 
     </span>
    </p>
   </div>
   <div class='ocr_carea' id='block_1_61' title="bbox 2051 3952 3649 4031">
    <p class='ocr_par' dir='ltr' id='par_1_61' title="bbox 2051 3952 3649 4031">
     <span class='ocr_line' id='line_1_61' title="bbox 2051 3952 3649 4031; baseline 0.003 -18"><span class='ocrx_word' id='word_1_406' title='bbox 2051 3960 2597 4031; x_wconf 74' lang='grc' dir='ltr'>εἰκονουργήσωμεν,</span> <span class='ocrx_word' id='word_1_407' title='bbox 2635 3960 2730 4013; x_wconf 80' lang='grc' dir='ltr'><strong>καὶ</strong></span> <span class='ocrx_word' id='word_1_408' title='bbox 2761 3959 2906 4025; x_wconf 76' lang='grc' dir='ltr'>άπερ</span> <span class='ocrx_word' id='word_1_409' title='bbox 2962 3960 3190 4030; x_wconf 81' lang='grc' dir='ltr'>ἀμέσως</span> <span class='ocrx_word' id='word_1_410' title='bbox 3241 3952 3483 4029; x_wconf 78' lang='grc' dir='ltr'>εἴδομεν,</span> <span class='ocrx_word' id='word_1_411' title='bbox 3548 3963 3649 4018; x_wconf 72' lang='grc' dir='ltr'><strong>διὰ</strong></span> 
     </span>
    </p>
   </div>
   <div class='ocr_carea' id='block_1_62' title="bbox 2055 4050 3651 4122">
    <p class='ocr_par' dir='ltr' id='par_1_62' title="bbox 2055 4050 3651 4122">
     <span class='ocr_line' id='line_1_62' title="bbox 2055 4050 3651 4122; baseline 0.002 -19"><span class='ocrx_word' id='word_1_412' title='bbox 2055 4051 2225 4121; x_wconf 78' lang='grc' dir='ltr'>μέσου</span> <span class='ocrx_word' id='word_1_413' title='bbox 2251 4050 2347 4105; x_wconf 82' lang='grc' dir='ltr'>τοῦ</span> <span class='ocrx_word' id='word_1_414' title='bbox 2383 4050 2715 4119; x_wconf 80' lang='grc' dir='ltr'>γράμματος</span> <span class='ocrx_word' id='word_1_415' title='bbox 2752 4052 2866 4113; x_wconf 83' lang='grc' dir='ltr'>τοῖς</span> <span class='ocrx_word' id='word_1_416' title='bbox 2899 4050 3172 4119; x_wconf 83' lang='grc' dir='ltr'>φιλοθέοις</span> <span class='ocrx_word' id='word_1_417' title='bbox 3219 4051 3651 4122; x_wconf 73' lang='grc' dir='ltr'>καθιστορήσω-</span> 
     </span>
    </p>
   </div>
   <div class='ocr_carea' id='block_1_63' title="bbox 2053 4133 3652 4211">
    <p class='ocr_par' dir='ltr' id='par_1_63' title="bbox 2053 4133 3652 4211">
     <span class='ocr_line' id='line_1_63' title="bbox 2053 4133 3652 4211; baseline 0.001 -20"><span class='ocrx_word' id='word_1_418' title='bbox 2053 4156 2176 4208; x_wconf 84' lang='grc' dir='ltr'>μεν.</span> <span class='ocrx_word' id='word_1_419' title='bbox 2210 4133 2336 4200; x_wconf 84' lang='grc' dir='ltr'>Τοῖς</span> <span class='ocrx_word' id='word_1_420' title='bbox 2373 4137 2474 4208; x_wconf 83' lang='grc' dir='ltr'>μὲν</span> <span class='ocrx_word' id='word_1_421' title='bbox 2500 4135 2593 4189; x_wconf 79' lang='grc' dir='ltr'>οὖν</span> <span class='ocrx_word' id='word_1_422' title='bbox 2621 4137 2747 4200; x_wconf 83' lang='grc' dir='ltr'>τοὺς</span> <span class='ocrx_word' id='word_1_423' title='bbox 2771 4139 2977 4201; x_wconf 78' lang='grc' dir='ltr'>τόπους</span> <span class='ocrx_word' id='word_1_424' title='bbox 2996 4138 3382 4210; x_wconf 81' lang='grc' dir='ltr'>θεασαμένοις,</span> <span class='ocrx_word' id='word_1_425' title='bbox 3411 4138 3613 4211; x_wconf 83' lang='grc' dir='ltr'>περίερ</span> <span class='ocrx_word' id='word_1_426' title='bbox 3630 4169 3652 4181; x_wconf 87' lang='lat'><strong>-</strong></span> 
     </span>
    </p>
   </div>
   <div class='ocr_carea' id='block_1_64' title="bbox 2050 4226 3648 4303">
    <p class='ocr_par' dir='ltr' id='par_1_64' title="bbox 2050 4226 3648 4303">
     <span class='ocr_line' id='line_1_64' title="bbox 2050 4226 3648 4303; baseline 0.001 -20"><span class='ocrx_word' id='word_1_427' title='bbox 2050 4232 2146 4299; x_wconf 83' lang='grc' dir='ltr'><strong>γόν</strong></span> <span class='ocrx_word' id='word_1_428' title='bbox 2175 4249 2229 4284; x_wconf 87' lang='grc' dir='ltr'><strong>τι</strong></span> <span class='ocrx_word' id='word_1_429' title='bbox 2258 4229 2395 4295; x_wconf 88' lang='grc' dir='ltr'>δόξω</span> <span class='ocrx_word' id='word_1_430' title='bbox 2429 4232 2628 4284; x_wconf 87' lang='grc' dir='ltr'>ποιεῖν.</span> <span class='ocrx_word' id='word_1_431' title='bbox 2663 4230 2727 4283; x_wconf 75' lang='grc' dir='ltr'><strong>Εἰ</strong></span> <span class='ocrx_word' id='word_1_432' title='bbox 2759 4231 2871 4300; x_wconf 80' lang='grc' dir='ltr'><strong>γὰρ</strong></span> <span class='ocrx_word' id='word_1_433' title='bbox 2902 4226 2980 4302; x_wconf 80' lang='grc' dir='ltr'><strong>τῷ</strong></span> <span class='ocrx_word' id='word_1_434' title='bbox 3014 4231 3161 4303; x_wconf 87' lang='grc' dir='ltr'>λόγῳ</span> <span class='ocrx_word' id='word_1_435' title='bbox 3196 4232 3401 4295; x_wconf 72' lang='grc' dir='ltr'>σκοπὸς</span> <span class='ocrx_word' id='word_1_436' title='bbox 3442 4235 3648 4303; x_wconf 84' lang='grc' dir='ltr'>μιμεῖ-</span> 
     </span>
    </p>
   </div>
   <div class='ocr_carea' id='block_1_65' title="bbox 2052 4314 3646 4394">
    <p class='ocr_par' dir='ltr' id='par_1_65' title="bbox 2052 4314 3646 4394">
     <span class='ocr_line' id='line_1_65' title="bbox 2052 4314 3646 4394; baseline 0.004 -19"><span class='ocrx_word' id='word_1_437' title='bbox 2052 4323 2181 4377; x_wconf 81' lang='grc' dir='ltr'>σθαι</span> <span class='ocrx_word' id='word_1_438' title='bbox 2203 4321 2304 4393; x_wconf 80' lang='grc' dir='ltr'>τὴν</span> <span class='ocrx_word' id='word_1_439' title='bbox 2328 4320 2484 4386; x_wconf 82' lang='grc' dir='ltr'>θέαν,</span> <span class='ocrx_word' id='word_1_440' title='bbox 2516 4322 2668 4374; x_wconf 81' lang='grc' dir='ltr'>πᾶσα</span> <span class='ocrx_word' id='word_1_441' title='bbox 2694 4314 2751 4374; x_wconf 79' lang='grc' dir='ltr'>δὲ</span> <span class='ocrx_word' id='word_1_442' title='bbox 2788 4321 3020 4394; x_wconf 86' lang='grc' dir='ltr'>μίμησις</span> <span class='ocrx_word' id='word_1_443' title='bbox 3044 4319 3209 4393; x_wconf 79' lang='grc' dir='ltr'>ἧττόν</span> <span class='ocrx_word' id='word_1_444' title='bbox 3234 4343 3353 4381; x_wconf 79' lang='grc' dir='ltr'><strong>πως</strong></span> <span class='ocrx_word' id='word_1_445' title='bbox 3382 4325 3646 4394; x_wconf 81' lang='grc' dir='ltr'>φαίνεται</span> 
     </span>
    </p>
   </div>
   <div class='ocr_carea' id='block_1_66' title="bbox 2046 4408 3647 4491">
    <p class='ocr_par' dir='ltr' id='par_1_66' title="bbox 2046 4408 3647 4491">
     <span class='ocr_line' id='line_1_66' title="bbox 2046 4408 3647 4491; baseline 0.002 -22"><span class='ocrx_word' id='word_1_446' title='bbox 2046 4416 2149 4486; x_wconf 83' lang='grc' dir='ltr'>τῆς</span> <span class='ocrx_word' id='word_1_447' title='bbox 2180 4413 2495 4491; x_wconf 68' lang='grc' dir='ltr'>ἀκριβείας,</span> <span class='ocrx_word' id='word_1_448' title='bbox 2519 4411 2677 4481; x_wconf 83' lang='grc' dir='ltr'>δῆλον</span> <span class='ocrx_word' id='word_1_449' title='bbox 2708 4413 2784 4477; x_wconf 84' lang='grc' dir='ltr'>ὡς</span> <span class='ocrx_word' id='word_1_450' title='bbox 2803 4408 2969 4486; x_wconf 80' lang='grc' dir='ltr'>ἦττον</span> <span class='ocrx_word' id='word_1_451' title='bbox 3001 4414 3260 4486; x_wconf 83' lang='grc' dir='ltr'>εὐφρανῶ</span> <span class='ocrx_word' id='word_1_452' title='bbox 3279 4416 3383 4485; x_wconf 84' lang='grc' dir='ltr'>τῆς</span> <span class='ocrx_word' id='word_1_453' title='bbox 3408 4417 3498 4470; x_wconf 80' lang='grc' dir='ltr'>διὰ</span> <span class='ocrx_word' id='word_1_454' title='bbox 3522 4417 3647 4472; x_wconf 82' lang='grc' dir='ltr'><strong>τῶν</strong></span> 
     </span>
    </p>
   </div>
   <div class='ocr_carea' id='block_1_67' title="bbox 2047 4496 3642 4580">
    <p class='ocr_par' dir='ltr' id='par_1_67' title="bbox 2047 4496 3642 4580">
     <span class='ocr_line' id='line_1_67' title="bbox 2047 4496 3642 4580; baseline 0.003 -19"><span class='ocrx_word' id='word_1_455' title='bbox 2047 4496 2317 4579; x_wconf 84' lang='grc' dir='ltr'>ὀμμάτων</span> <span class='ocrx_word' id='word_1_456' title='bbox 2354 4508 2728 4579; x_wconf 75' lang='grc' dir='ltr'>ὲνιδρυθείσης</span> <span class='ocrx_word' id='word_1_457' title='bbox 2775 4508 2944 4573; x_wconf 83' lang='grc' dir='ltr'>αὐτῆς</span> <span class='ocrx_word' id='word_1_458' title='bbox 2976 4504 3088 4580; x_wconf 85' lang='grc' dir='ltr'><strong>[ἱσ.</strong></span> <span class='ocrx_word' id='word_1_459' title='bbox 3150 4507 3357 4580; x_wconf 82' lang='grc' dir='ltr'>αὐτοῖς]</span> <span class='ocrx_word' id='word_1_460' title='bbox 3415 4508 3642 4580; x_wconf 73' lang='grc' dir='ltr'>ἡδονῆς.</span> 
     </span>
    </p>
   </div>
   <div class='ocr_carea' id='block_1_68' title="bbox 2048 4594 3647 4671">
    <p class='ocr_par' dir='ltr' id='par_1_68' title="bbox 2048 4594 3647 4671">
     <span class='ocr_line' id='line_1_68' title="bbox 2048 4594 3647 4671; baseline 0.001 -15"><span class='ocrx_word' id='word_1_461' title='bbox 2048 4602 2115 4656; x_wconf 86' lang='grc' dir='ltr'>Τί</span> <span class='ocrx_word' id='word_1_462' title='bbox 2138 4600 2231 4655; x_wconf 75' lang='grc' dir='ltr'>οὖν</span> <span class='ocrx_word' id='word_1_463' title='bbox 2279 4604 2307 4655; x_wconf 88' lang='grc' dir='ltr'>ὁ</span> <span class='ocrx_word' id='word_1_464' title='bbox 2356 4600 2557 4669; x_wconf 76' lang='grc' dir='ltr'>λόγος;</span> <span class='ocrx_word' id='word_1_465' title='bbox 2605 4600 2731 4663; x_wconf 83' lang='grc' dir='ltr'>τοὺς</span> <span class='ocrx_word' id='word_1_466' title='bbox 2760 4598 2878 4666; x_wconf 77' lang='grc' dir='ltr'>ὄψει</span> <span class='ocrx_word' id='word_1_467' title='bbox 2934 4601 3009 4670; x_wconf 84' lang='grc' dir='ltr'>μὴ</span> <span class='ocrx_word' id='word_1_468' title='bbox 3062 4600 3477 4671; x_wconf 80' lang='grc' dir='ltr'>παρειληφότας</span> <span class='ocrx_word' id='word_1_469' title='bbox 3506 4594 3647 4667; x_wconf 72' lang='grc' dir='ltr'>τοὺς</span> 
     </span>
    </p>
   </div>
   <div class='ocr_carea' id='block_1_69' title="bbox 2048 4691 3647 4767">
    <p class='ocr_par' dir='ltr' id='par_1_69' title="bbox 2048 4691 3647 4767">
     <span class='ocr_line' id='line_1_69' title="bbox 2048 4691 3647 4767; baseline -0.005 -20"><span class='ocrx_word' id='word_1_470' title='bbox 2048 4695 2312 4765; x_wconf 74' lang='grc' dir='ltr'>ἀρίστους</span> <span class='ocrx_word' id='word_1_471' title='bbox 2362 4694 2563 4756; x_wconf 84' lang='grc' dir='ltr'>τόπους</span> <span class='ocrx_word' id='word_1_472' title='bbox 2596 4692 2770 4745; x_wconf 76' lang='grc' dir='ltr'>ἐνίοτε</span> <span class='ocrx_word' id='word_1_473' title='bbox 2816 4692 2872 4745; x_wconf 78' lang='grc' dir='ltr'><em>δέ</em></span> <span class='ocrx_word' id='word_1_474' title='bbox 2896 4709 2998 4743; x_wconf 89' lang='grc' dir='ltr'><strong>που</strong></span> <span class='ocrx_word' id='word_1_475' title='bbox 3033 4693 3148 4755; x_wconf 87' lang='grc' dir='ltr'>τοῖς</span> <span class='ocrx_word' id='word_1_476' title='bbox 3182 4691 3507 4767; x_wconf 68' lang='grc' dir='ltr'>λεγομένοις</span> <span class='ocrx_word' id='word_1_477' title='bbox 3543 4697 3647 4749; x_wconf 79' lang='grc' dir='ltr'><strong>ὲν.</strong></span> 
     </span>
    </p>
   </div>
   <div class='ocr_carea' id='block_1_70' title="bbox 2045 4779 3649 4859">
    <p class='ocr_par' dir='ltr' id='par_1_70' title="bbox 2045 4779 3649 4859">
     <span class='ocr_line' id='line_1_70' title="bbox 2045 4779 3649 4859; baseline 0 -18"><span class='ocrx_word' id='word_1_478' title='bbox 2045 4788 2431 4859; x_wconf 83' lang='grc' dir='ltr'>τευξομένους,</span> <span class='ocrx_word' id='word_1_479' title='bbox 2470 4787 2886 4856; x_wconf 73' lang='grc' dir='ltr'>ἐναργέστερον,</span> <span class='ocrx_word' id='word_1_480' title='bbox 2919 4779 3099 4853; x_wconf 76' lang='grc' dir='ltr'>οἶμαι,</span> <span class='ocrx_word' id='word_1_481' title='bbox 3133 4785 3335 4849; x_wconf 80' lang='grc' dir='ltr'>διδάξει</span> <span class='ocrx_word' id='word_1_482' title='bbox 3358 4786 3466 4838; x_wconf 85' lang='grc' dir='ltr'><strong>τῶν</strong></span> <span class='ocrx_word' id='word_1_483' title='bbox 3497 4787 3649 4841; x_wconf 63' lang='lat' dir='ltr'><strong>d61-</strong></span> 
     </span>
    </p>
   </div>
   <div class='ocr_carea' id='block_1_71' title="bbox 2048 4878 3645 4950">
    <p class='ocr_par' dir='ltr' id='par_1_71' title="bbox 2048 4878 3645 4950">
     <span class='ocr_line' id='line_1_71' title="bbox 2048 4878 3645 4950; baseline -0.007 -15"><span class='ocrx_word' id='word_1_484' title='bbox 2048 4883 2317 4945; x_wconf 84' lang='grc' dir='ltr'>σανίστως</span> <span class='ocrx_word' id='word_1_485' title='bbox 2363 4880 2841 4950; x_wconf 80' lang='grc' dir='ltr'>ὲπαγγελλόντων.</span> <span class='ocrx_word' id='word_1_486' title='bbox 2888 4878 3108 4933; x_wconf 83' lang='grc' dir='ltr'>Μᾶλλον</span> <span class='ocrx_word' id='word_1_487' title='bbox 3133 4879 3189 4930; x_wconf 81' lang='grc' dir='ltr'>δὲ</span> <span class='ocrx_word' id='word_1_488' title='bbox 3219 4878 3318 4931; x_wconf 73' lang='grc' dir='ltr'><strong>καὶ</strong></span> <span class='ocrx_word' id='word_1_489' title='bbox 3355 4882 3469 4943; x_wconf 87' lang='grc' dir='ltr'>τοῖς</span> <span class='ocrx_word' id='word_1_490' title='bbox 3500 4879 3645 4934; x_wconf 80' lang='grc' dir='ltr'>θεα-</span> 
     </span>
    </p>
   </div>
   <div class='ocr_carea' id='block_1_72' title="bbox 352 4970 1946 5056">
    <p class='ocr_par' dir='ltr' id='par_1_72' title="bbox 352 4970 1946 5050">
     <span class='ocr_line' id='line_1_72' title="bbox 352 4970 1946 5050; baseline 0.01 -32"><span class='ocrx_word' id='word_1_491' title='bbox 352 4970 443 5037; x_wconf 90' lang='lat' dir='ltr'><strong>qui</strong></span> <span class='ocrx_word' id='word_1_492' title='bbox 483 4970 657 5025; x_wconf 83' lang='lat' dir='ltr'><strong>oculis</strong></span> <span class='ocrx_word' id='word_1_493' title='bbox 686 4986 839 5027; x_wconf 86' lang='lat' dir='ltr'><strong>sacra</strong></span> <span class='ocrx_word' id='word_1_494' title='bbox 870 4973 958 5027; x_wconf 89' lang='lat' dir='ltr'><strong>illa</strong></span> <span class='ocrx_word' id='word_1_495' title='bbox 992 4974 1109 5029; x_wconf 84' lang='lat' dir='ltr'><strong>loca</strong></span> <span class='ocrx_word' id='word_1_496' title='bbox 1148 4990 1258 5029; x_wconf 88' lang='lat' dir='ltr'><strong>non</strong></span> <span class='ocrx_word' id='word_1_497' title='bbox 1320 4977 1743 5045; x_wconf 82' lang='lat' dir='ltr'><strong>perlustrarnut,</strong></span> <span class='ocrx_word' id='word_1_498' title='bbox 1803 4993 1946 5050; x_wconf 68' lang='lat' dir='ltr'><strong>saepe</strong></span> 
     </span>
    </p>
   </div>
   <div class='ocr_carea' id='block_1_73' title="bbox 2057 4970 3643 5056">
    <p class='ocr_par' dir='ltr' id='par_1_73' title="bbox 2057 4970 3643 5046">
     <span class='ocr_line' id='line_1_73' title="bbox 2057 4970 3643 5046; baseline -0.001 -17"><span class='ocrx_word' id='word_1_499' title='bbox 2057 4976 2311 5046; x_wconf 81' lang='grc' dir='ltr'>σαμένοις</span> <span class='ocrx_word' id='word_1_500' title='bbox 2345 4974 2555 5039; x_wconf 74' lang='grc' dir='ltr'>εἰσάξει</span> <span class='ocrx_word' id='word_1_501' title='bbox 2585 4974 2709 5027; x_wconf 81' lang='grc' dir='ltr'>τινὰ</span> <span class='ocrx_word' id='word_1_502' title='bbox 2744 4973 2958 5044; x_wconf 75' lang='grc' dir='ltr'>τέρψιν,</span> <span class='ocrx_word' id='word_1_503' title='bbox 2989 4970 3153 5043; x_wconf 78' lang='grc' dir='ltr'>εἴπερ</span> <span class='ocrx_word' id='word_1_504' title='bbox 3186 4970 3223 5026; x_wconf 79' lang='grc' dir='ltr'>ἃ</span> <span class='ocrx_word' id='word_1_505' title='bbox 3250 4970 3475 5042; x_wconf 80' lang='grc' dir='ltr'>βλέπειν</span> <span class='ocrx_word' id='word_1_506' title='bbox 3503 4974 3643 5046; x_wconf 74' lang='grc' dir='ltr'>ἡδὺ,</span> 
     </span>
    </p>
   </div>
   <div class='ocr_carea' id='block_1_74' title="bbox 350 5062 1934 5141">
    <p class='ocr_par' dir='ltr' id='par_1_74' title="bbox 350 5062 1934 5141">
     <span class='ocr_line' id='line_1_74' title="bbox 350 5062 1934 5141; baseline 0.006 -28"><span class='ocrx_word' id='word_1_507' title='bbox 350 5062 515 5115; x_wconf 85' lang='lat' dir='ltr'><strong>etiam</strong></span> <span class='ocrx_word' id='word_1_508' title='bbox 546 5070 603 5115; x_wconf 90' lang='lat' dir='ltr'><strong>et</strong></span> <span class='ocrx_word' id='word_1_509' title='bbox 643 5077 761 5129; x_wconf 89' lang='lat' dir='ltr'><strong>eos,</strong></span> <span class='ocrx_word' id='word_1_510' title='bbox 793 5066 887 5133; x_wconf 93' lang='lat' dir='ltr'><strong>qui</strong></span> <span class='ocrx_word' id='word_1_511' title='bbox 940 5080 1004 5120; x_wconf 89' lang='lat' dir='ltr'><strong>ea</strong></span> <span class='ocrx_word' id='word_1_512' title='bbox 1030 5066 1379 5122; x_wconf 86' lang='lat' dir='ltr'><strong>narrantibus</strong></span> <span class='ocrx_word' id='word_1_513' title='bbox 1420 5078 1739 5134; x_wconf 85' lang='lat' dir='ltr'><strong>oecurrunt,</strong></span> <span class='ocrx_word' id='word_1_514' title='bbox 1772 5086 1934 5141; x_wconf 86' lang='lat' dir='ltr'><strong>quam</strong></span> 
     </span>
    </p>
   </div>
   <div class='ocr_carea' id='block_1_75' title="bbox 2045 5067 2883 5138">
    <p class='ocr_par' dir='ltr' id='par_1_75' title="bbox 2045 5067 2883 5138">
     <span class='ocr_line' id='line_1_75' title="bbox 2045 5067 2883 5138; baseline -0.004 -16"><span class='ocrx_word' id='word_1_515' title='bbox 2045 5069 2252 5123; x_wconf 82' lang='grc' dir='ltr'>τούτων</span> <span class='ocrx_word' id='word_1_516' title='bbox 2281 5068 2589 5138; x_wconf 81' lang='grc' dir='ltr'>ἀκροᾶσθαι</span> <span class='ocrx_word' id='word_1_517' title='bbox 2626 5067 2883 5137; x_wconf 82' lang='grc' dir='ltr'>τερπνόν.</span> 
     </span>
    </p>
   </div>
   <div class='ocr_carea' id='block_1_76' title="bbox 352 5155 3641 5233">
    <p class='ocr_par' dir='ltr' id='par_1_76' title="bbox 352 5155 3641 5233">
     <span class='ocr_line' id='line_1_76' title="bbox 352 5155 3641 5233; baseline 0.002 -25"><span class='ocrx_word' id='word_1_518' title='bbox 352 5155 452 5220; x_wconf 89' lang='lat' dir='ltr'><strong>illi,</strong></span> <span class='ocrx_word' id='word_1_519' title='bbox 501 5157 593 5227; x_wconf 88' lang='lat' dir='ltr'><strong>qui</strong></span> <span class='ocrx_word' id='word_1_520' title='bbox 625 5156 742 5213; x_wconf 88' lang='lat' dir='ltr'><strong>sine</strong></span> <span class='ocrx_word' id='word_1_521' title='bbox 779 5157 888 5213; x_wconf 90' lang='lat' dir='ltr'><strong>ullo</strong></span> <span class='ocrx_word' id='word_1_522' title='bbox 936 5162 1185 5216; x_wconf 78' lang='lat' dir='ltr'><strong>examine</strong></span> <span class='ocrx_word' id='word_1_523' title='bbox 1242 5164 1551 5230; x_wconf 89' lang='lat' dir='ltr'><strong>enuntiant,</strong></span> <span class='ocrx_word' id='word_1_524' title='bbox 1613 5163 1723 5218; x_wconf 90' lang='lat' dir='ltr'><strong>imo</strong></span> <span class='ocrx_word' id='word_1_525' title='bbox 1755 5172 1811 5220; x_wconf 91' lang='lat' dir='ltr'><strong>et</strong></span> <span class='ocrx_word' id='word_1_526' title='bbox 1871 5164 1939 5220; x_wconf 91' lang='lat' dir='ltr'><strong>iis</strong></span> <span class='ocrx_word' id='word_1_527' title='bbox 1976 5164 2070 5233; x_wconf 83' lang='lat' dir='ltr'><strong>qui</strong></span> <span class='ocrx_word' id='word_1_528' title='bbox 2108 5162 2287 5221; x_wconf 87' lang='lat' dir='ltr'><strong>intuiti</strong></span> <span class='ocrx_word' id='word_1_529' title='bbox 2352 5170 2501 5228; x_wconf 86' lang='lat' dir='ltr'><strong>sunt,</strong></span> <span class='ocrx_word' id='word_1_530' title='bbox 2569 5159 2895 5230; x_wconf 87' lang='lat' dir='ltr'><strong>voluptatem</strong></span> <span class='ocrx_word' id='word_1_531' title='bbox 2956 5159 3193 5230; x_wconf 84' lang='lat' dir='ltr'><strong>aliquam</strong></span> <span class='ocrx_word' id='word_1_532' title='bbox 3255 5157 3582 5214; x_wconf 76' lang='lat' dir='ltr'><strong>conciliabit</strong></span> <span class='ocrx_word' id='word_1_533' title='bbox 3619 5199 3641 5229; x_wconf 88' lang='lat'><strong>,</strong></span> 
     </span>
    </p>
   </div>
   <div class='ocr_carea' id='block_1_77' title="bbox 353 5245 2053 5331">
    <p class='ocr_par' dir='ltr' id='par_1_77' title="bbox 353 5245 2053 5331">
     <span class='ocr_line' id='line_1_77' title="bbox 353 5245 2053 5331; baseline 0.004 -30"><span class='ocrx_word' id='word_1_534' title='bbox 353 5245 403 5301; x_wconf 83' lang='lat' dir='ltr'><strong>si</strong></span> <span class='ocrx_word' id='word_1_535' title='bbox 430 5262 552 5310; x_wconf 79' lang='lat' dir='ltr'><strong>quae</strong></span> <span class='ocrx_word' id='word_1_536' title='bbox 589 5248 909 5315; x_wconf 88' lang='lat' dir='ltr'><strong>conspicere</strong></span> <span class='ocrx_word' id='word_1_537' title='bbox 938 5251 1115 5316; x_wconf 85' lang='lat' dir='ltr'><strong>dulce,</strong></span> <span class='ocrx_word' id='word_1_538' title='bbox 1147 5266 1212 5307; x_wconf 85' lang='lat' dir='ltr'><strong>ea</strong></span> <span class='ocrx_word' id='word_1_539' title='bbox 1246 5253 1427 5331; x_wconf 85' lang='lat' dir='ltr'><strong>etiam</strong></span> <span class='ocrx_word' id='word_1_540' title='bbox 1480 5267 1649 5309; x_wconf 83' lang='lat' dir='ltr'><strong>suave</strong></span> <span class='ocrx_word' id='word_1_541' title='bbox 1702 5265 1789 5310; x_wconf 87' lang='lat' dir='ltr'><strong>est</strong></span> <span class='ocrx_word' id='word_1_542' title='bbox 1845 5255 2053 5311; x_wconf 86' lang='lat' dir='ltr'><strong>audire.</strong></span> 
     </span>
    </p>
   </div>
   <div class='ocr_carea' id='block_1_78' title="bbox 422 5341 1937 5409">
    <p class='ocr_par' dir='ltr' id='par_1_78' title="bbox 422 5341 1937 5409">
     <span class='ocr_line' id='line_1_78' title="bbox 422 5341 1937 5409; baseline 0.004 -10"><span class='ocrx_word' id='word_1_543' title='bbox 422 5341 480 5399; x_wconf 75' lang='grc'><strong>9..</strong></span> <span class='ocrx_word' id='word_1_544' title='bbox 510 5342 799 5409; x_wconf 78' lang='lat' dir='ltr'><strong>Exstabat,</strong></span> <span class='ocrx_word' id='word_1_545' title='bbox 837 5354 948 5397; x_wconf 92' lang='lat' dir='ltr'><strong>tum</strong></span> <span class='ocrx_word' id='word_1_546' title='bbox 987 5359 1110 5400; x_wconf 91' lang='lat' dir='ltr'><strong>cum</strong></span> <span class='ocrx_word' id='word_1_547' title='bbox 1148 5358 1267 5402; x_wconf 90' lang='lat' dir='ltr'><strong>erat</strong></span> <span class='ocrx_word' id='word_1_548' title='bbox 1296 5349 1364 5404; x_wconf 81' lang='lat' dir='ltr'><strong>ad</strong></span> <span class='ocrx_word' id='word_1_549' title='bbox 1388 5348 1649 5404; x_wconf 88' lang='lat' dir='ltr'><strong>Orontem</strong></span> <span class='ocrx_word' id='word_1_550' title='bbox 1680 5348 1937 5405; x_wconf 82' lang='lat' dir='ltr'><strong>Antiochi</strong></span> 
     </span>
    </p>
   </div>
   <div class='ocr_carea' id='block_1_79' title="bbox 355 5433 1944 5511">
    <p class='ocr_par' dir='ltr' id='par_1_79' title="bbox 355 5433 1944 5511">
     <span class='ocr_line' id='line_1_79' title="bbox 355 5433 1944 5511; baseline 0.004 -22"><span class='ocrx_word' id='word_1_551' title='bbox 355 5433 669 5506; x_wconf 82' lang='lat' dir='ltr'><strong>&#39;l&#39;lieopolis,</strong></span> <span class='ocrx_word' id='word_1_552' title='bbox 701 5438 1037 5492; x_wconf 89' lang='lat' dir='ltr'><strong>theatrorum</strong></span> <span class='ocrx_word' id='word_1_553' title='bbox 1066 5442 1459 5511; x_wconf 78' lang='lat' dir='ltr'><strong>magnitudine,</strong></span> <span class='ocrx_word' id='word_1_554' title='bbox 1489 5450 1731 5498; x_wconf 87' lang='lat' dir='ltr'><strong>stoarum</strong></span> <span class='ocrx_word' id='word_1_555' title='bbox 1759 5443 1944 5511; x_wconf 87' lang='lat' dir='ltr'><strong>splen-</strong></span> 
     </span>
    </p>
   </div>
   <div class='ocr_carea' id='block_1_80' title="bbox 355 5528 1938 5604">
    <p class='ocr_par' dir='ltr' id='par_1_80' title="bbox 355 5528 1938 5604">
     <span class='ocr_line' id='line_1_80' title="bbox 355 5528 1938 5604; baseline 0.004 -24"><span class='ocrx_word' id='word_1_556' title='bbox 355 5528 603 5593; x_wconf 81' lang='lat' dir='ltr'><strong>doribus,</strong></span> <span class='ocrx_word' id='word_1_557' title='bbox 642 5530 966 5597; x_wconf 89' lang='lat' dir='ltr'><strong>templorum</strong></span> <span class='ocrx_word' id='word_1_558' title='bbox 1024 5531 1336 5598; x_wconf 80' lang='lat' dir='ltr'><strong>structuris,</strong></span> <span class='ocrx_word' id='word_1_559' title='bbox 1367 5534 1519 5604; x_wconf 89' lang='lat' dir='ltr'><strong>copia</strong></span> <span class='ocrx_word' id='word_1_560' title='bbox 1551 5535 1680 5589; x_wconf 88' lang='lat' dir='ltr'><strong>item</strong></span> <span class='ocrx_word' id='word_1_561' title='bbox 1708 5534 1938 5601; x_wconf 84' lang='lat' dir='ltr'><strong>civium,</strong></span> 
     </span>
    </p>
   </div>
   <div class='ocr_carea' id='block_1_81' title="bbox 2115 5310 3638 5419">
    <p class='ocr_par' dir='ltr' id='par_1_81' title="bbox 2115 5310 3638 5419">
     <span class='ocr_line' id='line_1_81' title="bbox 2115 5310 3638 5419; baseline -0.001 -15"><span class='ocrx_word' id='word_1_562' title='bbox 2115 5340 2298 5417; x_wconf 66' lang='grc' dir='ltr'><strong>β’.*Ην</strong></span> <span class='ocrx_word' id='word_1_563' title='bbox 2328 5310 2429 5404; x_wconf 78' lang='grc' dir='ltr'>ὅτε</span> <span class='ocrx_word' id='word_1_564' title='bbox 2449 5349 2557 5418; x_wconf 82' lang='grc' dir='ltr'><strong>ἀρα</strong></span> <span class='ocrx_word' id='word_1_565' title='bbox 2592 5349 2685 5402; x_wconf 81' lang='grc' dir='ltr'><strong>καὶ</strong></span> <span class='ocrx_word' id='word_1_566' title='bbox 2729 5342 2797 5417; x_wconf 81' lang='grc' dir='ltr'>ἦν</span> <span class='ocrx_word' id='word_1_567' title='bbox 2834 5349 2868 5419; x_wconf 79' lang='grc' dir='ltr'>ἡ</span> <span class='ocrx_word' id='word_1_568' title='bbox 2891 5349 3024 5419; x_wconf 64' lang='lat' dir='ltr'><strong>napi.</strong></span> <span class='ocrx_word' id='word_1_569' title='bbox 3054 5347 3147 5401; x_wconf 77' lang='grc' dir='ltr'><strong>τὸν</strong></span> <span class='ocrx_word' id='word_1_570' title='bbox 3169 5349 3429 5418; x_wconf 78' lang='grc' dir='ltr'>Ὀρόντην</span> <span class='ocrx_word' id='word_1_571' title='bbox 3456 5349 3638 5402; x_wconf 72' lang='grc' dir='ltr'>θεοῦ·</span> 
     </span>
    </p>
   </div>
   <div class='ocr_carea' id='block_1_82' title="bbox 2043 5438 3632 5511">
    <p class='ocr_par' dir='ltr' id='par_1_82' title="bbox 2043 5438 3632 5511">
     <span class='ocr_line' id='line_1_82' title="bbox 2043 5438 3632 5511; baseline -0.001 -16"><span class='ocrx_word' id='word_1_572' title='bbox 2043 5444 2200 5505; x_wconf 82' lang='grc' dir='ltr'>πολις</span> <span class='ocrx_word' id='word_1_573' title='bbox 2238 5440 2514 5511; x_wconf 84' lang='grc' dir='ltr'>Ἀντιόχου</span> <span class='ocrx_word' id='word_1_574' title='bbox 2544 5439 2764 5508; x_wconf 79' lang='grc' dir='ltr'>μεγέθει</span> <span class='ocrx_word' id='word_1_575' title='bbox 2791 5438 3061 5510; x_wconf 82' lang='grc' dir='ltr'>θεάτρων,</span> <span class='ocrx_word' id='word_1_576' title='bbox 3094 5439 3267 5493; x_wconf 82' lang='grc' dir='ltr'>στοῶν</span> <span class='ocrx_word' id='word_1_577' title='bbox 3305 5438 3632 5507; x_wconf 76' lang='grc' dir='ltr'>καλλοναῖς,</span> 
     </span>
    </p>
   </div>
   <div class='ocr_carea' id='block_1_83' title="bbox 2044 5529 3632 5601">
    <p class='ocr_par' dir='ltr' id='par_1_83' title="bbox 2044 5529 3632 5601">
     <span class='ocr_line' id='line_1_83' title="bbox 2044 5529 3632 5601; baseline -0.002 -14"><span class='ocrx_word' id='word_1_578' title='bbox 2044 5534 2140 5587; x_wconf 73' lang='grc' dir='ltr'><strong>καὶ</strong></span> <span class='ocrx_word' id='word_1_579' title='bbox 2168 5534 2311 5587; x_wconf 86' lang='grc' dir='ltr'>ναῶν</span> <span class='ocrx_word' id='word_1_580' title='bbox 2349 5531 2711 5601; x_wconf 75' lang='grc' dir='ltr'>ἀφιδρύμασι,</span> <span class='ocrx_word' id='word_1_581' title='bbox 2745 5530 2943 5601; x_wconf 80' lang='grc' dir='ltr'>πλήθει</span> <span class='ocrx_word' id='word_1_582' title='bbox 2984 5547 3044 5583; x_wconf 85' lang='grc' dir='ltr'><strong>τε</strong></span> <span class='ocrx_word' id='word_1_583' title='bbox 3091 5529 3353 5594; x_wconf 82' lang='grc' dir='ltr'>πολιτῶν,</span> <span class='ocrx_word' id='word_1_584' title='bbox 3383 5533 3481 5584; x_wconf 78' lang='grc' dir='ltr'><strong>καὶ</strong></span> <span class='ocrx_word' id='word_1_585' title='bbox 3517 5550 3632 5584; x_wconf 58' lang='grc' dir='ltr'><strong>που</strong></span> 
     </span>
    </p>
   </div>
   <div class='ocr_carea' id='block_1_84' title="bbox 356 5606 1946 5697">
    <p class='ocr_par' dir='ltr' id='par_1_84' title="bbox 356 5618 1937 5696">
     <span class='ocr_line' id='line_1_84' title="bbox 356 5618 1937 5696; baseline 0.006 -24"><span class='ocrx_word' id='word_1_586' title='bbox 356 5627 412 5672; x_wconf 87' lang='lat' dir='ltr'><strong>et</strong></span> <span class='ocrx_word' id='word_1_587' title='bbox 436 5618 747 5676; x_wconf 83' lang='lat' dir='ltr'><strong>divitiarum</strong></span> <span class='ocrx_word' id='word_1_588' title='bbox 804 5624 1232 5692; x_wconf 73' lang='lat' dir='ltr'><strong>magniﬁcentia,</strong></span> <span class='ocrx_word' id='word_1_589' title='bbox 1284 5628 1519 5696; x_wconf 83' lang='lat' dir='ltr'><strong>superba</strong></span> <span class='ocrx_word' id='word_1_590' title='bbox 1566 5642 1631 5679; x_wconf 86' lang='lat' dir='ltr'><strong>ac</strong></span> <span class='ocrx_word' id='word_1_591' title='bbox 1686 5635 1937 5682; x_wconf 88' lang='lat' dir='ltr'><strong>tumens:</strong></span> 
     </span>
    </p>
   </div>
   <div class='ocr_carea' id='block_1_85' title="bbox 2057 5606 3630 5697">
    <p class='ocr_par' dir='ltr' id='par_1_85' title="bbox 2057 5606 3630 5697">
     <span class='ocr_line' id='line_1_85' title="bbox 2057 5606 3630 5697; baseline -0.001 -19"><span class='ocrx_word' id='word_1_592' title='bbox 2057 5625 2266 5697; x_wconf 67' lang='grc' dir='ltr'>ιυολὸίᾳ</span> <span class='ocrx_word' id='word_1_593' title='bbox 2284 5623 2589 5696; x_wconf 81' lang='grc' dir='ltr'>χρημάτων</span> <span class='ocrx_word' id='word_1_594' title='bbox 2623 5606 2961 5694; x_wconf 79' lang='grc' dir='ltr'>βρενθιῶσα,</span> <span class='ocrx_word' id='word_1_595' title='bbox 2984 5627 3081 5676; x_wconf 70' lang='grc' dir='ltr'><strong>καὶ</strong></span> <span class='ocrx_word' id='word_1_596' title='bbox 3113 5621 3330 5695; x_wconf 81' lang='grc' dir='ltr'>λαύρως</span> <span class='ocrx_word' id='word_1_597' title='bbox 3358 5623 3630 5693; x_wconf 76' lang='grc' dir='ltr'>ὑπερκει-</span> 
     </span>
    </p>
   </div>
   <div class='ocr_carea' id='block_1_86' title="bbox 352 5709 1936 5793">
    <p class='ocr_par' dir='ltr' id='par_1_86' title="bbox 352 5709 1936 5793">
     <span class='ocr_line' id='line_1_86' title="bbox 352 5709 1936 5793; baseline 0.005 -30"><span class='ocrx_word' id='word_1_598' title='bbox 352 5709 571 5780; x_wconf 83' lang='lat' dir='ltr'><strong>lateque</strong></span> <span class='ocrx_word' id='word_1_599' title='bbox 595 5722 818 5770; x_wconf 69' lang='lat' dir='ltr'><strong>cazteras</strong></span> <span class='ocrx_word' id='word_1_600' title='bbox 841 5714 958 5773; x_wconf 78' lang='lat' dir='ltr'><strong>fere</strong></span> <span class='ocrx_word' id='word_1_601' title='bbox 1002 5718 1299 5793; x_wconf 85' lang='lat' dir='ltr'><strong>orientales</strong></span> <span class='ocrx_word' id='word_1_602' title='bbox 1336 5717 1499 5773; x_wconf 87' lang='lat' dir='ltr'><strong>urbes</strong></span> <span class='ocrx_word' id='word_1_603' title='bbox 1535 5718 1936 5785; x_wconf 62' lang='lat' dir='ltr'><strong>exsuperabat:</strong></span> 
     </span>
    </p>
   </div>
   <div class='ocr_carea' id='block_1_87' title="bbox 2046 5713 3629 5791">
    <p class='ocr_par' dir='ltr' id='par_1_87' title="bbox 2046 5713 3629 5791">
     <span class='ocr_line' id='line_1_87' title="bbox 2046 5713 3629 5791; baseline -0.001 -19"><span class='ocrx_word' id='word_1_604' title='bbox 2046 5719 2185 5791; x_wconf 71' lang='grc' dir='ltr'>μόνη</span> <span class='ocrx_word' id='word_1_605' title='bbox 2239 5718 2349 5770; x_wconf 89' lang='grc' dir='ltr'><strong>τῶν</strong></span> <span class='ocrx_word' id='word_1_606' title='bbox 2408 5715 2507 5785; x_wconf 83' lang='grc' dir='ltr'>τῆς</span> <span class='ocrx_word' id='word_1_607' title='bbox 2560 5713 2831 5785; x_wconf 83' lang='grc' dir='ltr'>ἀνατολῆς</span> <span class='ocrx_word' id='word_1_608' title='bbox 2888 5715 3075 5784; x_wconf 70' lang='grc' dir='ltr'>σχεδον</span> <span class='ocrx_word' id='word_1_609' title='bbox 3136 5715 3347 5769; x_wconf 84' lang='grc' dir='ltr'>πασῶν</span> <span class='ocrx_word' id='word_1_610' title='bbox 3382 5715 3629 5771; x_wconf 78' lang='grc' dir='ltr'>πόλεων.</span> 
     </span>
    </p>
   </div>
  </div>
