3956 6324
251 281 378 339 9‘29

1308 271 1772 335 DESCRIPTIO
1811 270 2096 331 TERR.E
2143 267 2478 330 SANCTE.

3460 277 3566 340 920

251 390 432 446 Ἀ).λᾶ
474 394 664 464 χρόνος
697 392 791 445 καὶ
823 389 1102 461 βάρϐαρος
1142 391 1266 460 χεὶρ
1299 387 1510 458 ταύτης
1555 388 1650 440 τὸν
1695 385 1847 440 δλδον

1965 385 2060 439 sed
2106 395 2343 453 tempus,
2385 383 2565 438 ac'vis
2615 382 2870 450 barbara,
2931 381 3252 437 beatitatem
3295 383 3440 441 illius
3463 404 3564 444 ex-

254 486 526 553 ἦφάνισε,
551 485 656 537 κᾶν
684 485 762 535 ἔτι
811 481 1240 553 περιαστράπτη
1271 480 1663 551 πυργώμασιν,
1694 479 1865 530 ἐπάλ-

257 578 405 642 ξεών
439 596 497 630 τε
532 577 698 647 ίσχύῖ,
743 576 970 647 εὐανθίᾳ
1007 576 1488 647 περισχιζομὲνων
1521 575 1732 627 ὑδάτων
1771 591 1863 626 κε-

253 671 578 739 λαρισμοῖς,
637 668 826 738 ἡρέμα
885 684 1006 731 πως
1027 667 1400 736 ⁴διαχεομένου
1446 667 1512 734 τῇ
1562 664 1718 716 πόλει
1762 661 1859 715 τοῦ

253 758 514 825 ποταμοῦ
563 758 657 809 καὶ
713 755 1203 827 περιζωννύοντος,
1240 755 1336 808 καί
1384 756 1580 824 ὑγραῖς
1617 754 1860 819 ἐπαφαῖς

257 848 747 919 περιπλεκομένου
802 867 912 902 των
966 849 1359 920 πυργωμάτων
1394 847 1590 917 αὐτῆς.
1635 847 1756 901 Ἔτι
1803 845 1860 899 δὲ

253 944 376 1010 τεοῖς
405 943 470 996 ὲκ
494 941 596 1012 τῆς
632 942 948 1002 Κασταλίας
979 946 1165 1012 πηγῆς
1211 942 1584 1010 διαφερόντως
1632 941 1860 1011 ἀρδευο-

260 1035 406 1107 μένη
435 1040 663 1106 νάμασι,
691 1037 993 1108 κρουνηδδν
1025 1037 1459 1108 περιῤῥεομένου
1502 1039 1598 1090 καὶ
1647 1037 1858 1108 ταύτης

254 1127 358 1180 τοῦ
395 1129 617 1198 ῥείθρου
654 1128 743 1180 καὶ
774 1129 1001 1197 συχναῖς
1031 1127 1266 1198 ἀμαρῶν
1296 1130 1451 1197 χοαῖς
1480 1128 1542 1181 τὸ
1573 1127 1723 1181 ἆπαν
1756 1145 1858 1180 πε-

259 1224 548 1289 ριχέοντος
598 1222 760 1283 ἄστυ,
807 1222 904 1272 καὶ
955 1221 1114 1274 τοῦτο
1146 1224 1258 1283 τοῖς
1285 1220 1529 1291 χεύμασι
1571 1221 1860 1276 καταπλύ-

251 1329 466 1377 νοντος,
519 1313 773 1382 δαψιλείᾳ
823 1313 1010 1384 χειρὸς
1059 1315 1156 1367 καὶ
1184 1314 1575 1386 μεγαλοψύχου
1615 1315 1711 1368 τοῦ
1757 1319 1858 1385 τῆς

255 1405 475 1468 πόλεως
510 1407 783 1471 οίκιστοῦ,
824 1410 887 1459 ὲκ
921 1407 1032 1461 τῶν
1077 1409 1249 1478 αὐτῆς
1284 1411 1477 1480 πηγῶν
1528 1428 1857 1483 μετοχετεύ-

251 1494 446 1558 θέντος
480 1496 576 1550 τοῦ
608 1497 876 1568 νάματος,
906 1500 1016 1558 διόιΝ
1038 1501 1147 1554 τῶν
1181 1501 1351 1572 ὀρέων
1411 1505 1574 1575 μέχρι
1611 1503 1712 1572 τῆς
1755 1506 1856 1558 πό-

251 1587 414 1652 λεως.
461 1591 748 1669 Ἐντεῦθεν
785 1593 845 1646 τὸ
890 1594 1223 1665 περιϐόητον
1270 1595 1369 1664 τῆς
1412 1596 1631 1667 Δάφνης
1677 1597 1854 1666 προάο

254 1693 438 1730 στειον
467 1683 742 1735 παντοίων
784 1685 969 1760 φυτῶν
999 1685 1506 1756 περιστεφανοῦται
1538 1689 1844 1760 ἀναδρομῇ,

251 1770 350 1820 καὶ
386 1770 446 1820 τὸ
480 1769 798 1841 θαυμαστόν
836 1776 984 1832 ἐστιν
1005 1775 1153 1842 ὅρος,
1190 1773 1250 1831 οὗ
1280 1777 1543 1850 πολιστὴς
1579 1781 1608 1832 ό
1633 1779 1848 1850 θαυμα-

251 1864 385 1926 στὸς
418 1864 676 1934 Συμεών.
724 1865 951 1932 Τούτοις
983 1873 1177 1940 ὀμορεῖ
1205 1871 1266 1924 τὸ
1300 1873 1524 1944 Μαῦρον
1549 1873 1676 1944 ὅρος
1699 1875 1792 1927 καὶ
1821 1875 1850 1928 ό

171 2003 175 2005 ,
244 1954 554 2022 Σκόπελος,
581 1961 641 2012 ὲν
665 1954 749 2024 οἷς
781 1963 952 2018 πάλαι
979 1964 1078 2034 μὲν
1104 1966 1291 2018 πολλοὶ
1316 1967 1600 2036 Θεοφιλεῖς
1634 1969 1851 2041 ἅνθρω-

244 2066 347 2102 ποι
384 2050 478 2103 τὸν
507 2052 642 2106 Θεὸν
666 2053 1079 2125 ὲκξητὴσαντες
1110 2052 1301 2128 εὗρον,
1333 2061 1428 2112 καὶ
1462 2058 1558 2119 νῦν
1598 2061 1708 2116 τῶν
1735 2078 1849 2115 σω-

244 2143 504 2212 ζομένων
539 2145 667 2211 eici,
698 2148 795 2200 καὶ
823 2147 925 2211 τάς
969 2150 1177 2220 λόχμας
1231 2153 1338 2205 τῶν
1370 2148 1556 2207 αὐτῶν
1592 2155 1843 2210 οἰκοῦσιν

246 2233 450 2302 ὁρέων,
481 2236 697 2289 ἐκείνου
742 2241 842 2306 τῆς
896 2240 1162 2312 καλλονῆς
1192 2242 1494 2313 ἐφιέμενοι.
1541 2245 1607 2298 Ἦ
1636 2247 1694 2300 δὲ
1728 2247 1852 2300 Κα-

243 2326 450 2380 σταλία
485 2330 638 2400 πηγὴ
699 2333 872 2402 μέσον
906 2333 1001 2386 δύο
1059 2332 1270 2403 βουνῶν
1302 2337 1756 2410 ἀποθρώσκουσα
1782 2339 1849 2394 ἐκ

245 2418 366 2473 τῶν
391 2424 686 2492 προπόδων
706 2426 804 2478 τοῦ
835 2427 974 2497 πρὸς
998 2428 1280 2484 Θάλασσαν
1310 2431 1428 2496 ἑνὸς
1459 2433 1848 2500 ἀπονεύοντος,

239 2512 491 2578 ἐξαίσιόν
543 2532 597 2568 τι
649 2518 798 2588 νᾶμα
845 2521 1038 2589 χανδὸν
1082 2522 1510 2595 ἀπερῤεύγεται,
1559 2526 1620 2580 ὲν
1754 2526 1852 2582 καὶ

244 2608 386 2660 στοά
421 2611 789 2682 παμμεγέθης
819 2615 1039 2682 ὁρᾶται,
1071 2618 1480 2690 περιοροφοῦσα
1504 2621 1574 2674 τά
1604 2624 1704 2692 τῆς
1738 2641 1847 2691 πη-

243 2696 358 2766 γῆς
401 2700 786 2772 νά·ματα,νάφ’
838 2700 907 2776 ἧς
937 2706 998 2758 τὸ
1045 2706 1193 2777 ὕδωρ
1230 2710 1519 2780 πλησμίως
1562 2714 1848 2769 ἀποπτυό-

248 2805 421 2857 μενον
451 2790 577 2842 δυσὶ
628 2796 1012 2864 περισχίζεται
1058 2795 1322 2866 χεύμασι.
1359 2800 1470 2854 Καὶ
1502 2801 1564 2854 τὸ
1593 2802 1695 2872 μὲν
1731 2803 1852 2857 δια-

247 2877 636 2946 μαρευόμενον
668 2882 728 2933 ὲν
778 2881 1116 2951 ὑψιδάμοσιν
1147 2885 1387 2955 ὀχετοῖς,
1448 2887 1547 2941 καὶ
1599 2890 1852 2963 ὲναέριος

243 2969 552 3038 γενόμενον
586 2973 830 3044 ποταμὸς
878 2975 938 3040 ἐξ
983 2976 1325 3045 ὑπερδεξίων
1371 2983 1439 3052 τῇ
1484 2983 1638 3037 πόλει
1685 3002 1850 3056 περι·-

1969 478 2187 543 hausit;
2232 478 2374 547 licet
2424 478 2720 545 conspicua
2745 477 2927 532 adhuc
2953 475 3045 542 sit,
3101 486 3157 532 et
3183 478 3414 533 turrium
3437 480 3564 535 alti-

1967 569 2175 632 tudine,
2211 566 2815 638 etprnpuguaculorum
2859 566 3157 632 validitate,
3194 577 3249 636 et
3283 581 3561 634 pratorum

1963 677 2028 718 ac
2059 662 2250 717 ﬂorum
2302 664 2588 733 omnigena
2639 659 2999 728 fecunditate,
3031 672 3086 716 et
3132 662 3185 716 in
3219 663 3403 732 plures
3435 680 3562 734 par-

1965 763 2045 810 tes
2083 772 2204 810 sese
2234 757 2591 812 dividentium
2628 771 2897 827 aquarum
2931 756 3144 822 sibilis;
3179 773 3299 811 cum
3334 758 3546 826 placide

1962 846 2157 901 ﬂuvius
2191 847 2533 904 circumﬂuat
2584 849 2775 904 urbem
2809 857 2866 902 et
2905 847 3107 917 cingat,
3142 858 3198 900 et
3227 847 3374 900 molli
3405 857 3556 903 tactu

1962 943 2082 1014 ejus
2142 952 2324 997 turres
2391 943 2898 1012 circumplectatur.
2947 941 3174 1018 insuper
3237 956 3268 995 e
3328 942 3554 997 Castalii

1964 1037 2128 1092 fontis
2161 1035 2380 1092 ﬂuentis
2409 1051 2624 1108 egregie
2649 1037 2907 1106 irrigatur
2939 1033 3127 1103 ;cujus
3161 1049 3310 1111 aqua:
3344 1045 3558 1089 torren-

1966 1131 2097 1183 tium
2134 1129 2310 1185 instar
2357 1128 2652 1199 pelluntur,
2717 1138 2773 1184 et
2835 1127 3218 1197 frequentibus
3281 1126 3559 1181 sulcorum

1965 1225 2093 1279 rivis
2125 1223 2315 1278 urbem
2338 1223 2650 1277 universam
2682 1220 3035 1290 perfundunt,
3065 1234 3297 1290 eamque
3323 1218 3560 1274 ﬂuxibus

1961 1324 2288 1384 aspergunt;
2328 1329 2620 1384 operarum
2657 1313 2833 1383 copia,
2869 1322 2924 1368 et
2975 1312 3279 1368 conditoris
3310 1310 3564 1381 magniﬁ-

1959 1408 2161 1472 centia,
2192 1422 2259 1462 ex
2291 1408 2435 1462 illius
2495 1406 2740 1461 fontibus
2794 1421 2890 1476 per
2921 1414 3136 1460 montes
3167 1405 3233 1460 ad
3255 1403 3430 1474 ipsam
3473 1403 3560 1457 ci-

1958 1509 2183 1563 vitatem
2221 1508 2472 1563 laticibus
2509 1508 2824 1564 corrivatis.
2882 1505 2982 1561 Hic
3030 1505 3176 1560 fama
3239 1521 3336 1575 per
3362 1495 3552 1560 orbem

1960 1601 2235 1672 vulgatum
2261 1601 2512 1671 Daphnes
2541 1600 2886 1665 suburbium,
2905 1591 3148 1668 proceris
3195 1613 3359 1653 omne
3388 1612 3558 1665 genus

1959 1694 2248 1749 arboribus
2315 1703 2660 1756 exornatum,
2690 1705 2745 1748 et
2788 1707 2946 1748 mons
2995 1701 3079 1748 est
3113 1692 3354 1746 maxime
3402 1691 3560 1746 nobi-

1956 1791 2027 1845 lis
2053 1803 2212 1858 quem
2261 1788 2618 1842 admiraudus
2647 1785 2867 1842 Simeon
2923 1787 2975 1840 in
3007 1776 3398 1840 habitationem
3458 1783 3558 1839 ad-

1954 1881 2185 1951 aptavit.
2235 1881 2399 1935 Hisce
2457 1881 2722 1935 ﬁnitimus
2755 1889 2839 1934 est
2865 1893 3021 1934 mons
3059 1879 3299 1944 Maurus,
3334 1887 3388 1932 et
3421 1877 3560 1932 Sco-

1958 1974 2142 2044 pulus,
2207 1974 2262 2028 in
2301 1974 2499 2044 quibus
2523 1958 2824 2041 antiquitus
2859 1973 3012 2028 multi
3059 1973 3169 2027 Deo
3198 1971 3558 2027 addictissimi

1955 2067 2081 2131 viri,
2127 2067 2300 2120 Deum
2328 2064 2330 2067 ’
2359 2065 2766 2152 conquirentes,
2807 2067 3159 2131 invenerunt,
3194 2073 3250 2122 et
3316 2064 3386 2121 ad
3440 2065 3558 2122 haec

1909 2192 1913 2195 ι
1954 2176 2201 2239 tempora
2237 2169 2573 2239 perdurant,
2602 2176 2678 2232 et,
2734 2167 3074 2225 laudatorum
3131 2169 3396 2222 montium
3432 2168 3557 2238 pul-

1955 2260 2271 2316 chritudine
2302 2261 2547 2332 pellecti,
2585 2261 2750 2316 silvas
2781 2260 3107 2315 inhabitant.
3138 2259 3410 2315 Castalius
3432 2258 3558 2316 fons

1959 2354 2102 2411 inter
2154 2353 2291 2433 duos
2320 2354 2487 2410 colles
2541 2354 2825 2418 exsiliens,
2885 2367 2952 2407 ex
2989 2353 3106 2422 ejus
3136 2354 3226 2423 qui
3295 2355 3347 2408 in
3403 2369 3557 2408 mare

1957 2448 2259 2518 procurrit,
2332 2448 2440 2502 ima
2498 2459 2672 2516 parte,
2735 2446 2938 2502 eximia
3000 2447 3248 2514 quaedam
3285 2461 3551 2514 aquarum

1953 2539 2157 2611 irrigua
2186 2540 2429 2606 evomh;
2481 2540 2534 2594 in
2584 2555 2694 2609 quo
2738 2538 3074 2610 praegrandis
3118 2538 3354 2608 assurgit
3383 2536 3556 2612 porti-

1956 2647 2077 2699 cus,
2124 2648 2346 2688 cursum
2376 2633 2549 2698 fontis
2579 2646 2973 2688 concamerans
3001 2648 3015 2685 :
3053 2630 3183 2685 hinc
3209 2645 3366 2700 aqua?
3396 2628 3554 2683 aﬂlu-

1953 2734 2111 2779 euter
2144 2723 2514 2793 prosilientes,
2547 2723 2602 2777 in
2629 2723 2762 2776 duos
2795 2721 2942 2775 rivos
2972 2718 3290 2774 dividuntur
3318 2732 3550 2772 :earum

1955 2831 2062 2884 uua
2110 2830 2238 2886 pars
2275 2831 2372 2887 per
2399 2815 2697 2871 altissimos
2732 2815 2948 2879 ductus,
2991 2812 3156 2867 veluti
3199 2811 3402 2878 sulcos,
3429 2826 3556 2866 cor-

1955 2909 2153 2975 rivata,
2187 2924 2341 2977 aeque
2366 2924 2435 2964 ac
2460 2923 2653 2963 aereus
2686 2907 2883 2961 ﬂuvius
2935 2921 3000 2960 ex
3043 2913 3200 2974 parte
3231 2904 3421 2958 dextra
3459 2918 3556 2958 su-

1955 2999 2267 3068 periorique
2307 3000 2360 3054 in
2413 2999 2615 3056 Urbem
2652 2998 2850 3062 inﬂuit,
2910 2997 3106 3059 altera,
3152 2997 3397 3051 sinistris
3416 2995 3556 3050 fonti

246 3061 452 3131 φοιτᾷο
512 3063 574 3115 τὸ
619 3063 676 3116 δὲ
710 3067 836 3129 ταῖς
867 3068 957 3121 ἐπ’
1008 3070 1278 3139 ἀριστερᾷ
1320 3072 1389 3140 τῇ
1438 3076 1589 3143 πηγῇ
1622 3075 1844 3129 πεδιάσι

1953 3061 2084 3145 locis
2127 3061 2530 3161 campestribus
2580 3061 2893 3154 exundans,
2949 3089 3004 3141 in
3038 3087 3329 3157 paludibus
3364 3103 3556 3157 super-
3591 3127 3594 3129 Α

243 3153 549 3222 πελαγίζον
580 3156 936 3228 ὲπιλιμνάζει
968 3161 1082 3222 τοῖς
1117 3160 1270 3212 ἕλεσι
1308 3164 1403 3216 καὶ
1445 3163 1570 3217 ὅλον
1604 3165 1698 3217 τὸν
1742 3167 1844 3236 τῆς

244 3245 473 3316 Δάφνης
521 3248 750 3317 ἐπάρδει
777 3248 1042 3320 λειμῶνα,
1075 3253 1169 3304 καὶ
1195 3257 1318 3329 ταῖς
1348 3253 1443 3307 τοῦ
1499 3257 1752 3326 Ὀρόντου
1785 3257 1847 3324 ἐξ

247 3338 560 3408 εὐωνύμων
620 3343 772 3408 ῥοαῖς
830 3342 1213 3413 ὲπιμίγνυται.
1288 3347 1363 3398 Τὸ
1420 3348 1477 3400 δὲ
1528 3347 1846 3420 θαυμαστὸν

242 3430 377 3502 ὅρος
409 3431 619 3501 μεταξῦ
646 3433 744 3501 τῆς
791 3435 1007 3499 πόλεως
1041 3437 1136 3490 καὶ
1167 3438 1269 3507 τῆς
1324 3437 1622 3510 Θαλάσσης,
1645 3442 1847 3512 λοφού-

249 3540 417 3593 μενον
445 3523 686 3589 ἐξαίσιόν
717 3543 770 3578 τι
807 3528 997 3596 χρῆμα
1029 3527 1126 3581 καὶ
1157 3528 1456 3598 ὀφθαλμῶν
1487 3532 1700 3602 ἀγλαΐᾳ.
1730 3537 1851 3598 τοῖς,

244 3616 649 3684 ἐντυγχάνουσι
679 3616 964 3686 βλέπεται,
1007 3619 1333 3688 μεθοριάξον
1363 3621 1473 3691 γάρ
1507 3623 1606 3691 τήν
1639 3639 1698 3674 τε
1741 3624 1844 3676 πό-

245 3703 356 3767 λιν,
396 3705 491 3756 καὶ
520 3705 620 3772 τὴν
651 3705 813 3775 ρωσῶ
857 3705 914 3770 ἐξ
947 3707 1231 3777 ἑκατέρων
1262 3708 1431 3760 αὐτοῦ
1483 3710 1594 3763 τῶν
1657 3714 1846 3783 μερῶν

245 3797 308 3847 τὸ
328 3795 457 3866 ὅρος
489 3795 607 3866 ἔχει
643 3797 736 3849 τὸν
785 3797 1083 3862 Σκόπελον,
1119 3801 1213 3852 καὶ
1245 3800 1335 3852 τὸν
1361 3800 1659 3871 λεγόμενον
1696 3805 1848 3858 Καύ-

245 3903 444 3943 κασον.
480 3889 541 3942 Ὀ
596 3890 654 3942 δὲ
687 3892 933 3960 ποταμὸς
982 3892 1243 3962 Ὀρόντης
1290 3893 1555 3963 είλιγμῶν
1599 3895 1847 3965 ἀπείρων

247 3979 629 4050 περιδινήσεσι
670 3984 800 4051 περὶ
855 3983 982 4046 τοὺς
1035 3983 1315 4053 πρόποδας
1371 3987 1481 4056 ῥέει
1518 3987 1613 4039 τοῦ
1659 3986 1842 4056 ὅρους,

246 4073 342 4123 καὶ
367 4073 438 4140 τῇ
467 4072 711 4144 Θαλάσσῃ
738 4073 801 4125 τὸ
823 4073 1042 4144 ῥεῖθρον
1063 4072 1312 4130 ἐκπτύει.
1343 4075 1546 4128 Τούτου
1565 4075 1660 4128 τοῦ
1683 4077 1842 4145 ὅρους

245 4165 313 4233 τῇ
352 4166 575 4233 κορυφῇ
605 4167 632 4216 ὁ
683 4165 859 4233 μέγας
893 4167 1253 4236 ὲφησυχάσας
1290 4169 1430 4237 ἀνὴρ
1473 4169 1704 4233 ἐκεῖνος,
1748 4170 1845 4223 καὶ

248 4249 556 4336 ἀχαῦάσεις
585 4250 816 4321 θέμενος
850 4254 909 4305 ὲν
944 4253 1162 4323 καρδίᾳ,
1209 4254 1507 4324 μετάρσιος
1536 4257 1596 4309 ἐν
1627 4257 1844 4330 σῶματι

243 4343 484 4410 γίνεται,
512 4344 609 4399 καὶ
647 4346 952 4412 φιλονεικεῖ
975 4346 1121 4415 μετά
1159 4345 1422 4414 σώματος
1457 4347 1720 4416 γενέσθαι
1754 4351 1842 4404 αί-

1951 3192 2190 3251 stagnat,
2220 3181 2587 3249 universaque
2649 3180 2906 3249 Daphnes
2961 3190 3119 3248 prata
3181 3178 3424 3243 irrorat;
3459 3178 3553 3233 deo

1950 3289 2097 3328 mum
2160 3273 2313 3328 lmvis
2347 3271 2570 3328 Orontis
2598 3274 2814 3325 fluentis
2847 3270 3205 3324 immiscetur.
3241 3269 3392 3323 Mons
3422 3285 3554 3323 vero

1949 3365 2306 3420 admirandus
2338 3365 2483 3419 inter
2503 3365 2691 3419 urbem
2727 3371 2782 3416 et
2813 3375 2964 3415 mare
2997 3361 3196 3420 elatus.
3224 3375 3311 3414 res
3337 3362 3553 3431 egregia

1948 3472 2014 3510 ac
2075 3456 2410 3526 spectabilis.
2464 3463 2520 3510 et
2562 3453 2973 3508 advenientium
3036 3451 3211 3505 oculis
3269 3451 3550 3517 delicium,

1948 3546 2310 3615 conspicitur.
2357 3545 2608 3614 Namque
2657 3543 2777 3607 urbi
2840 3543 3105 3610 Rosoque
3142 3541 3552 3606 comerminus,

1953 3639 2203 3704 utrisque
2258 3637 2586 3706 epartibus,
2635 3645 2838 3699 monte,
2890 3633 3136 3704 scopulo,
3198 3634 3556 3702 Caucasoque

1949 3729 2366 3800 constringitur.
2431 3727 2667 3782 Orontes
2701 3725 2896 3780 ﬂuvius
2931 3725 3232 3778 innumeris
3300 3724 3553 3778 inﬂexio-

1950 3840 2077 3878 num
2103 3823 2405 3877 vorticibus
2439 3821 2504 3874 ad
2537 3823 2701 3889 pedes
2731 3819 2926 3872 montis
2965 3817 3206 3888 proﬂuit,
3239 3827 3290 3871 et
3317 3817 3369 3869 in
3404 3830 3553 3868 mare

1949 3928 2120 3981 aquas
2161 3909 2424 3965 immittit.
2488 3907 2548 3961 In
2589 3907 2791 3961 montis
2835 3905 3064 3974 hujusce
3096 3906 3299 3961 vertice
3328 3919 3552 3974 magnus

1950 4004 2044 4072 ille
2086 4008 2190 4066 vir,
2229 3997 2526 4069 tranquille
2561 3998 2729 4052 vitam
2758 4012 2945 4066 agens,
2981 4006 3034 4049 et
3087 3998 3140 4051 in
3172 3998 3335 4050 corde
3360 4011 3552 4049 ascen-

1948 4095 2131 4147 sioncs
2182 4092 2503 4160 disponens,
2563 4103 2793 4162 corpore
2853 4088 3100 4142 sublimis
3143 4087 3440 4153 extollitur,
3498 4095 3552 4142 et

1947 4199 2072 4238 cum
2109 4184 2226 4252 ipso
2255 4194 2485 4250 corpore
2512 4180 2789 4234 aethereus
2830 4178 2970 4255 tieri,
3010 4179 3265 4246 interque
3299 4179 3464 4232 Deum
3492 4186 3554 4236 et

1946 4275 2199 4330 homines
2246 4275 2456 4329 medius
2509 4287 2650 4338 esse,
2697 4271 2996 4326 contendit.
3053 4271 3123 4324 At
3175 4285 3283 4337 qua
3335 4274 3552 4324 ratione

1948 4366 2061 4420 Deo
2094 4366 2274 4420 dedito
2310 4365 2429 4421 viro
2456 4406 2459 4414 ί
2487 4365 2589 4420 ista
2637 4379 2726 4417 res
2755 4361 3118 4440 admiratione
3156 4361 3316 4432 digna
3341 4377 3546 4416 evene-

246 4434 458 4502 θέριος,
507 4437 600 4486 καὶ
646 4435 812 4504 μέσον
849 4430 990 4490 εἷναι
1029 4437 1167 4490 Θεοῦ
1201 4441 1296 4491 καὶ
1348 4439 1682 4510 ἀνθρώπων.
1729 4443 1840 4497 Καὶ

1953 4453 2044 4516 rit,
2101 4453 2221 4522 ipse
2299 4453 2502 4507 dicam.
2562 4429 2948 4521 Lapicidarum
3013 4463 3179 4518 Opera
3220 4429 3548 4504 summitate

245 4529 399 4585 ὅπως
454 4525 748 4595 εἴργασται
801 4532 950 4582 τουτὶ
997 4530 1058 4582 τὸ
1115 4530 1425 4600 παράδοξον
1478 4532 1556 4602 τῷ
1598 4534 1844 4602 θεοφιλεῖ

247 4622 449 4689 ἐκείνῳ
476 4621 653 4691 ἀνδρὶ,
679 4621 792 4688 ἐγὼ
823 4622 1075 4691 δηλώσω.
1105 4623 1279 4693 Χερσὶ
1307 4624 1586 4687 λαξευτῶν
1622 4626 1702 4682 είς
1739 4626 1840 4697 βά-

245 4710 338 4770 θος
387 4709 649 4774 κοιλάνας
705 4711 798 4779 τὴν
840 4712 935 4763 τοῦ
989 4708 1312 4781 θαυμαστοῦ
1367 4716 1620 4786 κορυφὴν
1673 4717 1839 4785 ὅρους

248 4802 561 4870 μονόλιθον,
596 4805 628 4873 ἦ
660 4804 906 4874 μονοφυῆ
945 4805 1113 4873 μονὴν
1150 4807 1549 4880 ἀπειργάσατο,
1575 4802 1642 4879 ἦς
1672 4811 1838 4878 μέσον

245 4895 498 4965 αὐτοφυῆ
532 4895 801 4960 λαξεύσας
828 4897 1003 4961 κίονα,
1035 4891 1093 4947 ὲν
1115 4898 1266 4969 αύτῷ
1298 4899 1396 4962 τὰς
1430 4898 1619 4968 βάσεις
1656 4899 1833 4966 ἔθετο,

243 4990 342 5042 ἐπὶ
392 4990 603 5061 πέτρας
658 4991 799 5043 κατά
850 4991 910 5042 τὸ
957 4990 1140 5058 λόγιον
1186 4996 1314 5056 τοὺς
1372 4993 1542 5054 πόδας
1585 4991 1831 5063 ἐρείσας,

245 5086 378 5152 περὶ
411 5084 468 5137 δὲ
520 5084 812 5152 ἀνίσχοντα
837 5084 992 5152 ἥλιον
1023 5085 1150 5135 ναὸν
1193 5085 1383 5154 ἤγειρε
1423 5084 1730 5154 περικαλλῆ
1758 5083 1835 5152 τῷ

245 5177 390 5246 Θεῷ,
428 5177 484 5229 ὲν
512 5177 661 5247 αὐτῷ
696 5176 984 5229 συνεκάλει
1027 5177 1150 5238 τοὺς
1184 5175 1350 5228 αὑτοῦ
1404 5176 1652 5248 μαθητάς
1691 5192 1703 5205 °
1737 5178 1832 5232 καὶ

242 5271 399 5329 ὄντος
446 5270 550 5339 μὲν
605 5274 664 5323 ὲν
719 5269 996 5339 ὑπαίθρῳ,
1041 5263 1186 5322 οῦτοι
1237 5269 1293 5320 δὲ
1324 5268 1537 5322 ἔνδοθεν
1571 5270 1665 5323 τοῦ
1700 5273 1829 5325 ναοῦ

176 5365 181 5369 ’
242 5363 552 5424 ὁλονύκτως
609 5364 914 5432 ἱστάμενοι,
969 5365 1084 5424 τοῖς
1132 5362 1309 5428 ἁγίοις
1351 5364 1681 5434 πρέπουσαν
1736 5363 1831 5419 λαο

243 5454 439 5523 τρείαν
468 5455 585 5522 Θεῷ
616 5456 984 5525 προσέφερον.

315 5546 386 5614 γ’.
421 5546 577 5599 Μετὰ
633 5546 687 5598 δὲ
723 5545 899 5605 ταῦτα
939 5547 1034 5599 καὶ
1085 5545 1183 5616 τὴν
1240 5546 1570 5614 Ἀντιόχειάν
1611 5548 1760 5600 ἐστιν
1794 5550 1826 5618 ἡ

246 5641 563 5705 Λαοδίκεια,
601 5641 758 5702 πόλις
801 5641 1011 5711 μεγάλη
1065 5645 1156 5693 καὶ
1220 5641 1677 5712 πολυάνθρωπος,
1718 5646 1827 5699 κᾶν

166 5784 171 5790 .
258 5740 284 5789 ὸ
330 5735 520 5807 χρόνος
568 5736 660 5788 καὶ
696 5733 900 5803 ταύτης
948 5734 1006 5786 τὸ
1062 5736 1349 5804 μεγαλεῖον
1405 5735 1670 5808 ἐλώόησε,
1729 5741 1826 5793 καὶ

1949 4547 2149 4600 montis
2182 4543 2488 4597 admirandi
2539 4544 2648 4600 alte
2697 4554 2982 4606 excavata,
3038 4544 3442 4596 monasterium
3475 4557 3542 4601 ex

1945 4653 2051 4692 uno
2081 4638 2372 4692 conﬂatum
2411 4636 2965 4705 compaginatumque
3010 4633 3189 4705 lapide
3227 4635 3497 4688 exstruxit
3526 4636 3567 4684 ς’

1945 4730 1998 4784 iu
2073 4731 2250 4785 media
2325 4729 2642 4783 monasterii
2709 4730 2849 4781 inter
2898 4728 3116 4781 excisos
3171 4726 3378 4794 lapides
3443 4740 3544 4786 sua

1941 4833 2132 4895 sponte
2156 4832 2283 4877 nata
2313 4822 2568 4878 columna
2601 4823 2802 4891 gradus
2825 4819 3094 4889 appinxit,
3118 4833 3280 4886 super
3307 4827 3539 4888 petram,

1941 4927 2000 4971 ut
2031 4931 2189 4972 sacro
2237 4915 2466 4984 Eloquio
2493 4913 2749 4974 traditur,
2784 4912 3013 4981 pedibus
3051 4910 3307 4975 firmatis,
3348 4925 3541 4971 versus

1937 5017 2277 5075 exorientem
2321 5015 2490 5072 solem
2522 5013 2777 5083 templum
2801 5003 3241 5081 pulcherrimum
3281 5010 3389 5066 Deo
3415 5027 3540 5066 erc-a

1941 5111 2042 5174 xit,
2097 5109 2149 5163 in
2192 5109 2333 5180 quod
2367 5107 2670 5178 discipulos
2697 5107 3036 5161 convocabat
3065 5123 3078 5159 :
3113 5115 3280 5174 atque
3318 5106 3388 5158 ita
3421 5108 3526 5165 sub

1932 5199 2029 5270 dio
2064 5200 2181 5269 ipse
2209 5213 2577 5264 commorans,
2615 5198 2694 5254 illi
2728 5205 2840 5252 tota
2877 5206 3036 5276 nocte
3069 5197 3120 5250 in
3146 5197 3348 5265 templo
3381 5208 3533 5251 stan-

1941 5299 2044 5355 tes,
2099 5298 2160 5343 ut
2188 5288 2417 5351 decebat
2469 5297 2710 5355 sanctos,
2769 5285 3006 5345 debitum
3064 5285 3178 5344 Deo
3209 5288 3411 5343 cultum
3443 5289 3528 5344 of-

1935 5381 2203 5438 ferebant.

2004 5561 2056 5614 '5.
2095 5562 2226 5615 Post
2265 5561 2377 5614 luet:
2416 5570 2470 5612 et
2499 5559 2861 5623 Antiochiam,
2918 5558 3182 5615 Laodicea
3250 5562 3520 5629 sequitur,

1933 5651 2126 5705 civitas
2194 5650 2405 5719 ingens,
2458 5651 2611 5718 copia
2675 5652 2954 5704 hominum
3004 5651 3302 5720 frequens;
3384 5653 3511 5706 licet

1934 5752 2141 5814 tempus
2176 5743 2314 5799 illius
2350 5757 2562 5813 quoque
2617 5745 2956 5816 splendorem
2989 5744 3339 5806 imtuinucrit.
3365 5743 3511 5808 illam
