3956 6324
405 235 515 301 931

1713 238 1901 298 ΙΟΛΝ
1918 239 1959 298 Ν
1972 239 2041 297 IS
2084 238 2352 299 PHOC/E

3601 243 3708 307 93?.

405 350 689 421 excipiunt
733 350 959 416 Gabala,
985 351 1097 406 sive
1129 350 1312 408 Zebel.
1337 351 1468 409 Post
1503 352 1736 416 Gabnla,
1762 362 2002 409 castrum

2141 353 2237 407 ιετ’
2267 352 2488 423 ἐκείνην
2537 352 2606 409 τά
2654 324 2875 408 Γάϐαλα
2912 356 3037 427 ἦτοι
3095 354 3156 409 τὸ
3214 355 3425 418 Ζὲδελ,
3469 357 3615 424 μετὰ
3662 356 3720 409 δὲ

408 445 705 515 sequitur,
740 443 1036 499 Autarada'
1065 444 1296 511 dictum,
1353 448 1469 503 sive
1508 447 1765 523 Tortosa.
1826 446 1893 498 Et
1940 444 2019 499 sic

409 536 601 597 IlUOI‘i,
650 533 897 604 Tripolin
954 550 1149 606 usque,
1199 538 1351 593 varia
1388 546 1568 593 castra
1618 538 1894 607 adjacent.
1960 535 2017 590 ln

412 631 835 688 mediterraneis
892 632 1084 703 jugum
1154 649 1406 703 maguum
1492 635 1813 706 porrigitur,
1874 633 2020 704 quod

408 725 661 795 Chasysii
693 724 973 789 accolunt,
1032 740 1167 793 gens
1205 724 1503 804 Saracena,
1535 740 1711 794 neque
1733 723 2017 780 Christum

326 812 329 817 ’
411 816 771 887 amplectens,
826 831 1003 887 neque
1045 834 1170 873 cum
1216 818 1559 907 Maeltutneto
1611 819 1874 881 sentiens,
1914 820 2009 872 sed

411 911 651 982 propria:
699 922 878 967 sectte
921 926 1085 966 tenax
1113 910 1323 977 ,-Deum
1353 912 1688 978 conﬁtetur;
1733 918 1808 975 et,
1878 910 2024 963 inter

416 1017 513 1057 eos
534 1003 741 1072 primas
791 994 1172 1071 occupantem,
1208 1002 1446 1071 legatum
1506 1001 1601 1056 Dei
1656 1008 2016 1069 nuncupant;

414 1094 575 1163 cujus
632 1095 859 1165 imperio
886 1096 954 1149 ad
1006 1110 1326 1165 magnarum
1359 1088 1573 1149 urbium
1629 1094 1904 1163 principes
1938 1093 2022 1146 di—

352 1191 359 1195 ·
413 1188 593 1253 missi,
646 1202 740 1241 eos
803 1187 1029 1243 ensibus
1073 1188 1442 1255 obtruncant;
1507 1202 1629 1240 nam
1663 1195 1866 1256 prater
1919 1200 2021 1240 es-

404 1281 807 1351 ‘spectationetu
849 1279 902 1333 in
953 1295 1049 1335 eos
1077 1278 1330 1347 irruunt;
1379 1291 1455 1341 et,
1510 1277 1751 1333 facinore
1790 1278 1847 1332 in
1881 1278 2021 1346 ipso,

420 1380 648 1424 mortem
690 1380 978 1441 oppetunt,
1034 1390 1062 1425 ο
1101 1372 1285 1426 multis
1304 1371 1461 1440 pauci
1489 1370 1563 1424 illi
1599 1380 1721 1439 post
1751 1378 2021 1437 patratum

417 1459 600 1513 scelus
628 1460 993 1516 circumventi
1022 1479 1037 1529 ;
1104 1462 1266 1531 idque
1294 1461 1621 1532 martyrium
1651 1476 1795 1526 esse,
1826 1470 1881 1515 et
1913 1461 2023 1513 im-

417 1552 770 1608 mortalitatis
824 1554 1252 1624 perceptionem,
1276 1553 1615 1607 existimant.

488 1741 545 1795 ι.
571 1738 711 1810 Iugo
746 1740 975 1795 inhaeret
1021 1744 1421 1813 pulcherrimus
1447 1755 1502 1800 et
1535 1758 1822 1799 sacrarum
1862 1743 2014 1799 Scri.

417 1840 703 1899 pturarum
768 1832 924 1888 laude
979 1832 1147 1915 digne
1201 1838 1489 1893 decoratus
1548 1838 1810 1902 Libauus,
1866 1853 2022 1895 mons

418 1924 775 1994 praegrandis,
805 1940 835 1978 a
877 1927 1086 1982 vertice
1134 1929 1203 1983 ad
1241 1930 1379 1984 imos
1409 1931 1578 2000 pedes
1640 1930 1781 1985 nivis
1816 1942 2023 1987 tractus

417 2013 587 2069 veluti
625 2015 911 2071 cincinnos
937 2016 1190 2083 induens,
1237 2020 1385 2088 pino,
1418 2023 1603 2086 cedro,
1652 2036 2023 2090 cupressoque

424 2108 699 2176 consitus,
750 2118 804 2160 et
865 2108 987 2163 aliis
1031 2109 1313 2181 frugiferis
1374 2113 1550 2182 iisque
1606 2114 1774 2167 variis
1831 2124 2024 2181 satque

422 2198 836 2255 abundantibus
908 2201 1107 2269 plantis
1174 2203 1429 2257 refertus.
1487 2202 1699 2268 Partes,
1752 2204 1807 2257 in
1872 2218 2025 2257 mare

422 2292 703 2353 nutantes,
739 2287 926 2342 colunt
970 2287 1316 2345 Christiani:
1349 2289 1675 2345 Damascum
1723 2291 2025 2359 respicien-

426 2387 507 2435 tes
536 2387 591 2434 et
644 2379 924 2444 Arabiam,
987 2380 1248 2437 Saraceni
1302 2383 1624 2449 possident:
1658 2397 1722 2437 ex
1753 2382 1907 2437 rimis
1962 2397 2027 2438 ac

422 2469 657 2524 vallibus
707 2471 854 2528 ﬂuvii
884 2475 952 2526 ad
1005 2488 1159 2528 mare
1208 2474 1887 2546 pulehrt’gelidissimique
1920 2474 2021 2528 de-

387 2573 390 2576 '
423 2572 692 2627 currunt;
732 2577 855 2617 cum
894 2579 1090 2619 recens
1125 2565 1217 2620 nix
1246 2566 1533 2633 dissoluta,
1564 2564 1742 2621 fluxus
1799 2580 2029 2621 curren-

428 2657 562 2709 tium
596 2670 860 2722 aquarum
893 2658 1136 2729 crystalli
1175 2660 1349 2714 instar
1403 2660 1627 2715 elliciat.
1686 2659 1766 2713 Ad
1826 2659 2028 2713 montis

426 2748 593 2817 pedes
630 2748 893 2819 Tripolis
920 2751 1067 2820 jacet
1098 2767 1113 2818 ;
1170 2766 1331 2821 quam
1379 2753 1630 2808 conditor
1653 2754 1705 2805 in
1737 2751 2027 2818 peninsnla

425 2839 650 2905 posuit:
699 2856 939 2912 namque
965 2857 1030 2897 ex
1063 2842 1275 2899 Libano
1314 2852 1475 2897 tenue
1526 2843 1751 2899 dorsum
1818 2843 2023 2898 sensim

428 2932 791 2998 descendens,
848 2933 1152 3004 lingnaaqne
1184 2934 1358 2989 instar
1416 2934 1471 2989 in
1530 2949 1680 2988 mare
1716 2948 1838 2989 sese
1894 2933 2028 2988 insi—

2122 448 2296 500 ταῦτα
2330 448 2391 498 τὸ
2419 447 2660 517 κάστρον
2690 447 3078 519 ἡἈντάραδα,
3120 449 3243 518 ἦτοι
3295 448 3327 516 ἠ
3367 446 3717 515 Τουρτοῦσα.

2125 540 2237 592 Καὶ
2264 536 2441 601 οὕτως
2470 540 2598 611 περὶ
2636 539 2852 610 μέντδν
2885 540 3135 607 αἰγιαλὸν
3171 538 3449 591 καστέλλα
3480 538 3721 606 διάφορα

2124 632 2230 694 ἕως
2248 630 2591 701 Τριπόλεως,
2617 633 2745 703 περὶ
2774 631 2831 686 δὲ
2852 634 2913 686 τδ
2935 633 3227 707 μεσόγειον
3248 633 3527 703 διέρχεται
3557 630 3722 698 ζυγὸς

2128 725 2324 791 μέγας,
2359 726 2439 786 είς
2471 723 2528 776 ὃν
2552 723 2797 776 οἰκοῦσιν
2827 723 2877 776 οί
2901 722 3191 792 λεγόμενοι
3232 720 3531 781 Χασύσιοι,
3566 720 3721 781 ἔθνος

2126 817 2532 888 Σαρακηνικὸν,
2572 818 2711 885 μήτε
2736 815 3147 885 Χριστιανίζον,
3183 816 3323 884 μήτε
3346 813 3416 867 τά
3446 812 3547 866 τοῦ
3573 814 3723 865 Μου-

2126 913 2369 983 χουμέτη
2407 911 2651 980 φρονῶν,
2692 910 2809 964 ἀλλ’
2840 908 2978 962 ἰδίαν
3006 907 3130 977 ἔχον
3169 906 3389 978 αἵρεσιν
3433 906 3528 959 τὸν
3587 904 3722 957 Θεὸν

2120 1000 2431 1076 ομολογεῖν,
2461 1003 2555 1055 καὶ
2585 1002 2676 1055 τὸν
2705 1004 2763 1054 ἐν
2799 1002 3015 1065 τούτοις
3070 998 3427 1069 πρωτεύοντα
3472 997 3723 1067 πρέσϐυν

2126 1096 2423 1166 ὀνομάζειν
2471 1094 2634 1157 Θεοῦ,
2668 1088 2729 1147 οὗ
2762 1098 2826 1165 τῇ
2863 1094 3115 1171 κελεύσει
3146 1093 3283 1164 πρδς
3321 1092 3585 1162 μεγάλων
3618 1107 3726 1159 χω-

2128 1192 2242 1263 ρῶν
2282 1190 2699 1260 ἐκπεμπόμενοι
2727 1187 3026 1257 ἄρχοντας,
3058 1186 3459 1241 κατακαίνουσι
3492 1186 3723 1245 τούτους

2130 1284 2460 1356 μαχαίραις,
2501 1285 2565 1335 ἐκ
2590 1280 2683 1335 τοῦ
2718 1282 3114 1352 ἀπροδοκήτως
3145 1281 3383 1343 ἐκείνοις
3411 1278 3721 1348 ἐπιπηδᾷν,

2126 1378 2225 1429 καὶ
2256 1375 2771 1446 συναποθνῄσκουσι
2812 1372 2890 1443 τῷ
2928 1372 3266 1443 τολμήματι,
3301 1373 3409 1424 bnis
3441 1372 3556 1423 τῶν
3590 1369 3728 1421 πολι

2125 1465 2238 1517 λῶν
2276 1465 2418 1534 μετὰ
2474 1466 2575 1531 τὴν
2634 1463 2729 1517 τοῦ
2781 1463 3062 1533 δράματος
3106 1465 3427 1532 ἐγχείρησιν
3468 1464 3519 1512 ol
3551 1460 3727 1526 ὀλίγοι

2130 1556 2490 1625 κτεννύμενοι
2516 1572 2531 1586 ⁸
2567 1555 2733 1609 τοῦτο
2756 1553 3060 1626 μαρτύριον
3090 1555 3327 1625 ἥγηνται
3387 1553 3485 1605 καὶ
3523 1551 3729 1604 ἀθανα-

2130 1648 2251 1711 σίας
2276 1648 2597 1716 περιϐολήν.

2166 1732 2169 1735 ’
2200 1742 2263 1795 δ’.
2296 1741 2455 1794 Μετὰ
2488 1739 2546 1792 δὲ
2578 1740 2672 1792 τὸν
2709 1738 2956 1793 τοιοῦτον
2982 1738 3146 1805 ζυγὸν
3175 1737 3324 1789 ἐστιν
3360 1736 3388 1788 ὁ
3438 1732 3726 1801 πάγκαλος

2128 1829 2224 1881 καὶ
2247 1826 2415 1891 ἀξίως
2443 1826 2777 1897 περιϐόητος
2809 1829 2865 1879 ὲν
2892 1830 3016 1889 ταῖς
3043 1829 3287 1895 Γραφαῖς
3337 1825 3595 1887 Λίϐανος,
3635 1821 3732 1886 ζυ-

2126 1920 2223 1988 γὸς
2258 1919 2588 1989 πάμμεγας,
2631 1919 2940 1988 κορυφὸθεν
2978 1920 3142 1989 μέχρι
3180 1920 3471 1989 προπόδων
3506 1932 3730 1989 συρμα-

2127 2012 2222 2074 δας
2279 2012 2460 2080 χιόνος
2496 2010 2571 2073 ὡς
2613 2009 2951 2081 βοστρύχους
2994 2011 3492 2080 περιϐαλλόμενος,
3543 2011 3745 2084 πεύκη·

2129 2106 2225 2154 καὶ
2263 2101 2444 2171 κέδρῳ
2488 2102 2583 2154 καὶ
2640 2102 2969 2174 κυπαρίττῳ
3030 2102 3602 2171 καταδενδρούμενος,
3636 2102 3732 2156 καὶ

2127 2194 2306 2247 ἄλλων
2366 2194 2742 2265 ὀπωροφόρων
2802 2196 2991 2263 φυτῶν
3032 2197 3312 2265 διαφόρων
3349 2196 3624 2265 πλήθεσιν
3654 2194 3729 2248 ὼε

2132 2287 2481 2357 ραῖζόμενος.
2517 2288 2725 2339 Τούτου
2755 2288 2825 2340 τὰ
2862 2287 2997 2357 πρὸς
3029 2288 3313 2341 Θάλασσαν
3354 2288 3573 2340 οἰκοῦσι
3604 2288 3741 2355 Χρι-

2133 2376 2367 2445 στιανοὶ,
2390 2380 2458 2432 τὰ
2492 2370 2547 2433 δὲ
2586 2380 2722 2449 πρὸς
2744 2381 2844 2451 την
2870 2383 3170 2449 Δαμασκὸν
3205 2381 3300 2432 καὶ
3331 2382 3429 2448 τὴν
3459 2378 3736 2449 Ἀραϐίαν

2131 2471 2445 2541 Σαρακηνοὶ
2472 2473 2755 2540 νέμονται,
2791 2473 2855 2523 ἐκ
2880 2471 2990 2524 τῶν
3021 2470 3188 2524 αὐτοῦ
3224 2472 3463 2541 ῥωχμῶν
3491 2475 3592 2525 καὶ
3616 2489 3737 2524 κοι-

2130 2560 2310 2616 λάδων
2347 2562 2686 2634 ἀπορρέουσι
2722 2563 2961 2633 ποταμοὶ
2999 2561 3164 2632 μέχρι
3193 2562 3499 2633 θαλάσσης,
3534 2564 3735 2633 ὼραίοι

2132 2651 2231 2705 καὶ
2263 2653 2621 2723 πάμψυχροι,
2646 2655 2746 2723 τῆς
2778 2654 2961 2723 χιόνος
3008 2655 3137 2724 ἄρτι
3168 2655 3465 2723 λυομένης,
3506 2656 3609 2713 καὶ
3646 2672 3741 2706 καο

2134 2744 2659 2814 τακρυσταλλούσης
2676 2745 2774 2807 τὰς
2798 2746 2907 2798 τῶν
2923 2746 3185 2814 ναμάτων
3215 2745 3503 2815 ἐπιρῤοάς.
3519 2744 3735 2797 Τούτου

2136 2836 2271 2905 περὶ
2296 2838 2423 2889 τοὺς
2457 2837 2736 2907 πρόποδας
2769 2839 2919 2889 ἐστὶν
2969 2838 3000 2907 ἡ
3048 2837 3334 2903 Τρίπολις,
3370 2837 3438 2907 ἢν
3466 2839 3494 2889 ό
3532 2836 3739 2905 δειμά-

2141 2942 2304 2995 μενος
2338 2926 2431 2978 ἐπὶ
2474 2929 2845 2997 χερσοννήσου
2879 2928 3145 2995 ἐπήξατο.
3211 2929 3321 2980 Καὶ
3367 2928 3479 2996 γάρ
3534 2929 3603 2980 ἐκ
3636 2925 3734 2979 τοῦ

430 3039 630 3087 nuans,
700 3024 768 3079 ad
821 3026 1244 3082 orientaliorem'
1288 3037 1501 3097 partem
1565 3027 1905 3091 ineurvatur,
1970 3025 2026 3080 in

2141 3017 2371 3072 Λιϐάνου
2416 3019 2617 3071 λεπτον
2650 3019 2839 3087 ῥαχίον
2872 3020 3307 3088 κατερχόμενον,
3348 3018 3736 3084 γλωσσοειδῶς

429 3116 587 3187 cujus
614 3118 843 3181 vertice,
894 3118 985 3186 qui
1018 3119 1207 3173 urbem
1253 3119 1638 3183 exaediﬁcavit,
1670 3118 2029 3173 fundamenta

431 3210 729 3279 illiusjecit
761 3229 776 3264 :
810 3204 1045 3266 circuitu
1076 3210 1396 3279 ambituque
1422 3226 1523 3265 suo
1546 3212 1833 3265 admodum
1864 3224 2029 3279 parva

431 3313 537 3365 est,
568 3318 754 3356 verum
806 3319 1088 3358 murorum
1124 3295 1447 3371 altitudine,
1503 3313 1559 3359 et
1621 3302 2031 3375 pulchritudine

432 3392 807 3461 mdiﬁciorum,
841 3393 1175 3465 spectabilis.

508 3576 564 3631 5.
604 3576 739 3632 Eam
786 3579 1035 3647 sequitur
1061 3576 1314 3641 Zebelet;
1342 3593 1463 3633 mox
1505 3578 1735 3648 Berytus
1754 3580 2032 3645 obiicitur,

438 3669 570 3745 urbs
624 3670 835 3736 ingens,
897 3680 953 3722 et
1017 3668 1367 3725 multitudine
1442 3670 1723 3724 hominum
1782 3668 2033 3734 allluens.

438 3773 719 3833 pratorum
767 3762 1008 3830 undique
1046 3762 1203 3832 copia
1262 3772 1439 3833 septa,
1467 3773 1523 3816 et
1555 3774 1742 3833 portus
1793 3764 2036 3833 pulchri-

442 3854 639 3910 tudine
707 3853 1064 3924 percelebris.
1116 3853 1342 3910 Portum
1416 3856 1615 3910 etenim
1675 3870 1783 3909 non
1840 3865 2034 3909 natura

440 3944 609 4009 dedit,
641 3944 735 3999 sed
767 3945 813 3999 is
863 3948 996 4001 artis
1029 3946 1301 4004 industria
1339 3948 1697 4015 fabrefactus,
1752 3950 1806 4005 in
1853 3951 2034 4007 sinum

441 4037 596 4092 urbis
624 4040 692 4091 ad
743 4036 885 4092 lunre
939 4040 1159 4095 modum
1213 4040 1531 4108 ingeritur;
1573 4050 1628 4096 et
1654 4042 1710 4096 in
1746 4042 2035 4108 extremis,

442 4145 564 4201 quae
618 4130 777 4199 quasi
821 4145 1025 4185 cornua
1076 4144 1397 4201 egeruntur,
1427 4134 1548 4189 duae
1599 4149 1810 4203 magna
1862 4144 2040 4190 turres

442 4231 733 4283 exstructa:
768 4234 917 4286 sunt,
972 4238 1204 4292 quarum
1242 4241 1307 4280 ex
1353 4242 1457 4281 una
1524 4224 1579 4280 ln
1630 4225 1858 4281 alteram
1910 4241 2041 4296 pro-

443 4320 599 4367 tonsa
628 4322 817 4369 catena
856 4330 1021 4370 naves
1059 4315 1111 4370 in
1148 4326 1307 4385 portu
1362 4312 1571 4372 stantes
1599 4315 1843 4372 obserat.
1912 4314 2040 4372 Haec

447 4412 501 4457 et
531 4401 702 4473 Syria:
732 4402 1139 4476 Pbmniciaaque
1168 4408 1435 4461 terminus
1464 4414 1573 4464 est.

518 4589 571 4644 6.
604 4588 812 4644 Dehinc
863 4587 1053 4654 Sidon,
1094 4599 1148 4645 et
1188 4591 1241 4645 in
1291 4605 1354 4646 ea
1402 4600 1618 4659 portus,
1668 4589 1881 4664 Didymi
1939 4605 2039 4645 no-

448 4682 596 4737 mine
648 4683 860 4737 cluens.
907 4682 1055 4736 Illius
1112 4682 1247 4737 situs
1278 4668 1723 4753 descriptionem,
1777 4684 1869 4752 qui
1903 4683 2043 4737 Len-

449 4773 632 4842 cippes
658 4788 745 4827 res
769 4781 950 4842 gestas
982 4771 1185 4839 scripto
1220 4772 1467 4836 tradidit,
1486 4771 1690 4841 optime
1722 4773 1991 4840 expressit
2024 4790 2039 4839 ;

455 4880 687 4933 namque
718 4866 762 4919 si
797 4864 862 4917 ad
912 4864 1089 4917 locum
1133 4864 1429 4934 appuleris,
1469 4876 1708 4935 portum,
1759 4873 1813 4919 et
1858 4865 2038 4918 sinum

455 4967 581 5011 ante
614 4965 852 5024 portum,
899 4969 958 5011 ut
1008 4957 1213 5023 scripto
1241 4956 1557 5021 delineatur,
1593 4970 1790 5011 revera
1828 4956 1900 5008 ita
1923 4970 2043 5009 esse

460 5049 781 5104 intueberis.
822 5051 991 5104 Extra
1046 5051 1254 5111 urbem,
1289 5050 1356 5103 ad
1391 5050 1552 5103 trium
1610 5049 1931 5119 sagittarum
1960 5049 2045 5119 ja-

459 5153 629 5209 ctum,
667 5145 919 5211 templum
970 5145 1184 5207 visitur,
1238 5143 1449 5211 porticu
1504 5142 1779 5211 prmlonga
1840 5158 2041 5195 conca-

464 5245 731 5289 meratum
759 5253 774 5301 ;
823 5242 876 5289 ct
918 5237 1101 5307 templi
1150 5235 1360 5307 mytnlo
1387 5236 1680 5301 quadratus
1707 5234 1843 5302 lapis
1877 5233 2047 5287 inlim-

464 5336 569 5387 ret,
600 5328 651 5380 in
685 5342 815 5395 quo,
843 5336 901 5380 ut
923 5328 1211 5382 multorum
1233 5337 1287 5380 et
1326 5326 1565 5388 traditio,
1588 5323 1843 5379 Salvator
1858 5324 2045 5378 mundi

460 5422 711 5477 Christus
738 5428 910 5483 stans,
948 5418 1131 5472 turbas
1164 5416 1496 5472 instituebat.

538 5608 591 5660 7.
619 5603 747 5660 Post
787 5603 1045 5658 Sidonem
1097 5599 1359 5667 Sarepbta
1385 5597 1623 5656 castrum
1661 5602 1711 5654 in
1780 5599 2049 5654 alluvione

472 5699 587 5769 ipsa
625 5696 787 5754 maris
823 5694 1100 5762 fundatur,
1128 5702 1183 5751 et
1209 5692 1466 5761 templum
1523 5692 1801 5765 prophetae
1831 5688 1961 5744 Elia:
1997 5689 2049 5741 in

2138 3112 2205 3181 τῇ
2243 3108 2494 3183 Θαλάσσῃ
2522 3112 2814 3180 ἐμφύεται,
2849 3112 3224 3182 κυρτούμενον
3269 3113 3402 3180 περὶ
3434 3114 3496 3165 τὸ
3532 3114 3741 3165 ἀνατο-

2137 3200 2443 3272 λικώτερον
2472 3204 2659 3271 μέρος,
2717 3204 2802 3273 ἐφ’
2834 3198 2895 3257 οῦ
2927 3204 2989 3255 τὸ
3037 3204 3209 3274 ἄκρον
3240 3206 3267 3256 ό
3310 3204 3410 3271 τὴν
3445 3203 3606 3257 πόλιν
3638 3205 3742 3257 δει-

2141 3294 2388 3363 μάμενος
2421 3295 2521 3353 τὰς
2562 3294 2749 3363 βάσεις
2780 3296 2988 3363 ταύτης
3027 3296 3294 3363 ἐπήξατο.
3332 3295 3494 3347 Ἔστι
3520 3295 3566 3347 δ’
3590 3294 3738 3361 αῦτη
3830 3368 3835 3371 ﬁ

2140 3389 2492 3455 σμικροτάτη
2523 3386 2668 3453 ἄγαν
2698 3388 2757 3437 ἐν
2791 3389 2857 3455 τῇ
2885 3404 2951 3438 πε
2966 3388 3181 3456 ριὸόλου
3215 3386 3566 3456 περιγραφῇ,
3608 3386 3740 3455 ὕψει

2136 3472 2193 3526 δὲ
2231 3474 2463 3544 τειχέων
2498 3477 2594 3527 καὶ
2638 3476 2867 3544 καλλονῇ
2927 3476 3248 3542 κτισμάτων
3302 3474 3739 3545 καθῳραῒζετιι.

2210 3564 2273 3618 ε’.
2312 3566 2447 3617 Μετ’
2512 3565 2683 3633 αὑτήν
2712 3566 2828 3617 ἐστι
2883 3565 2944 3617 τὸ
2994 3565 3295 3633 λεγόμενον
3328 3564 3590 3619 Ζεῆελὲτ.
3627 3564 3745 3617 Καὶ

2139 3652 2314 3715 οὕτως
2346 3654 2382 3723 ἡ
2406 3653 2654 3722 Βηρυτὸς
2685 3654 2839 3717 πόλις
2878 3654 3094 3724 μεγάλη
3130 3656 3225 3707 καὶ
3278 3654 3740 3723 πολυάνθρωπος.

2138 3744 2425 3813 λειμώνων
2485 3746 3035 3815 περιστοιχειουμένη
3079 3747 3356 3816 πλήθεσι,
3412 3747 3507 3799 καὶ
3548 3746 3744 3801 κάλλει

2139 3838 2361 3907 λιμένος
2392 3838 2851 3909 λαμπρυνομένη.
2879 3840 2955 3891 Ού
2988 3839 3098 3909 γὰρ
3137 3844 3371 3907 φυσικός
3416 3842 3568 3895 ἐστιν
3600 3840 3632 3891 ὀ
3662 3841 3745 3894 λι-

2144 3930 2275 3998 μὴν,
2316 3928 2456 3982 ἀλλὰ
2485 3928 2758 3998 τεχνικῶς
2795 3930 3118 3999 γενόμενος,
3184 3930 3490 3999 μηνοειδῶς
3541 3932 3745 4000 ἐγκολ-

2141 4018 2342 4072 ποῦται
2370 4022 2437 4089 τῇ
2494 4020 2671 4085 πόλει,
2717 4020 2812 4072 καὶ
2846 4022 2978 4091 περὶ
3006 4023 3090 4075 ’τά
3140 4020 3235 4075 τοῦ
3273 4021 3590 4091 μονοειδοῦς
3623 4020 3740 4094 [τον.
3840 4032 3843 4037 ’

2144 4110 2496 4182 μηνοειδοῦς]
2554 4112 2836 4187 σχήματα,
2872 4111 3085 4181 κέρατα
3134 4112 3231 4165 δύο
3268 4111 3499 4181 μεγάλοι
3529 4104 3746 4181 πύργοι

2143 4204 2485 4276 ἐφίδρυνται,
2518 4198 2595 4257 ὧν
2625 4206 2689 4257 ἐκ
2744 4203 2843 4256 τοῦ
2878 4204 3116 4275 θατέρου
3151 4204 3293 4275 πρὸς
3324 4204 3419 4258 τὸν
3449 4205 3646 4277 ἕτερον
3682 4205 3747 4260 ἆ-

2146 4295 2302 4362 λυσις
2365 4297 2664 4352 ἐκταθεῖσα
2719 4297 2819 4361 τὰς
2884 4298 3017 4361 ναῦς
3078 4298 3287 4352 ἔσωθεν
3348 4296 3446 4352 τοῦ
3510 4298 3745 4369 λιμένος

2073 4383 2115 4437 Β
2147 4389 2517 4445 ἐναποκλείει.
2552 4390 2703 4461 Λῠτη
2746 4389 3065 4461 μεθοριάζει
3104 4390 3305 4461 Συρίαν
3335 4407 3394 4443 τε
3430 4389 3529 4443 καὶ
3562 4390 3747 4444 Φοινί-

2142 4500 2270 4552 κην.
3198 4534 3201 4537 ,

2218 4582 2298 4640 ς’.
2349 4574 2640 4627 Ἐντεῦθεν
2674 4574 2706 4642 ἡ
2742 4572 2913 4626 Σιδὼν
2940 4574 3040 4627 καὶ
3065 4576 3093 4626 ό
3124 4575 3183 4627 ἐν
3222 4572 3362 4644 αὐτῇ
3417 4573 3591 4643 λιμὴν
3621 4574 3748 4645 ᾀδό-

2148 4684 2313 4739 μενος
2347 4666 2605 4736 Δίδυμος,
2639 4661 2700 4721 οὗ
2733 4667 2833 4735 τῆς
2866 4665 3073 4729 θέσεως
3102 4668 3203 4735 τὴν
3232 4665 3551 4735 διαγραφὴν
3580 4668 3608 4720 ὁ
3641 4666 3748 4736 τὴν

2146 4762 2477 4831 Λευκίππην
2535 4760 2865 4829 συγγράψας
2917 4760 3163 4830 ἀρίστως
3220 4758 3551 4829 ἐξέφρασεν.
3595 4760 3747 4833 Ἷδῃς

2146 4861 2255 4926 γάρ
2286 4855 2351 4910 ἂν
2396 4856 2746 4925 ἐπιδημήσας
2778 4852 2857 4922 τῷ
2892 4852 3168 4922 τόπῳ.τόν
3214 4868 3273 4904 τε
3301 4850 3523 4919 λιμένα,
3546 4852 3646 4904 καὶ
3685 4850 3748 4903 τὺ

2150 4948 2488 5018 προκόλπιον
2552 4946 2695 4999 κατὰ
2722 4945 2821 5014 τὴν
2872 4946 2971 5011 τῆς
3029 4943 3249 5014 γραφῆς
3279 4942 3746 5011 διαζωγράφησιν

2148 5044 2215 5113 τῇ
2242 5040 2475 5111 ἀληθεὲᾳ
2510 5038 2841 5108 φαινόμενα.
2872 5037 2985 5105 Τῆς
3015 5036 3069 5089 δέ
3117 5036 3326 5098 πόλεως
3366 5033 3573 5099 ἔξωθεν
3607 5036 3748 5087 ὡσεὶ

2150 5134 2317 5205 τριῶν
2357 5134 2526 5197 τόξων
2559 5131 2717 5201 βολῆς
2750 5128 2954 5183 ἄποθεν
2990 5129 3107 5180 ἐστι
3146 5128 3277 5192 ναδς
3318 5128 3453 5198 στοᾷ
3482 5139 3749 5198 περιορο-

2152 5226 2424 5295 φούμενος
2462 5226 2754 5293 ἐπιμήκει,
2788 5221 2884 5274 xal
2934 5222 3066 5291 περ)⁵
3110 5222 3172 5274 τὸ
3204 5220 3442 5291 μυάκιον
3485 5219 3583 5271 τοῦ
3610 5220 3745 5273 ναοῦ

2150 5317 2496 5387 τετράγωνος
2525 5315 2802 5368 ἐπίκειται
2829 5314 2999 5379 λίθος,
3044 5315 3123 5377 εἰς
3154 5312 3234 5377 ὃν,
3262 5312 3341 5378 ὡς
3381 5309 3493 5364 τῶν
3523 5311 3747 5369 πολλῶν

2152 5409 2264 5479 ἔχει
2296 5409 2476 5474 λόγος,
2506 5410 2533 5460 ό
2558 5407 2751 5476 Σωτὴρ
2780 5405 2877 5457 τοῦ
2907 5408 3117 5476 κόσμου
3146 5404 3386 5478 Χριστὸς
3413 5403 3589 5468 ἑστὼς
3613 5404 3746 5467 τοὺς

2152 5502 2344 5571 ὄχλους
2378 5500 2684 5552 ἐδίδασκεν.

2227 5591 2291 5656 ζ’.
2332 5594 2485 5645 Μετὰ
2536 5591 2635 5660 τὴν
2670 5592 2860 5644 Σιδόνα
2908 5593 2969 5644 τὸ
3024 5578 3299 5661 ΣαραορθέιΔ
3328 5589 3571 5661 κάστρον
3610 5589 3743 5661 περὶ

2160 5686 2218 5737 τὸ
2266 5682 2485 5753 κλύσμα
2520 5682 2617 5751 τῆς
2654 5682 2933 5753 θαλάσσης
2988 5680 3408 5753 τεθεμελίωται,
3457 5678 3553 5734 καὶ
3615 5678 3747 5743 ναὸς
