3956 6324
32 82 334 149 5T

102 319 200 380 933

1156 307 1613 372 DESCRIPTIO
1653 305 1935 367 ΤΕΠΒελΕ
1979 303 2311 366 SANCT/E.

3275 301 3391 364 934

100 425 188 477 τοῦ
239 429 534 498 προφήτου
585 423 774 477 ’Πλιοῦ
839 421 932 474 ἐπὶ
967 424 1034 493 τῇ
1077 422 1225 492 οἰκίᾳ
1272 423 1369 491 τῆς
1406 421 1694 488 ξενισάσης

1818 417 1924 468 ante
1955 417 2152 480 vidum,
2203 430 2325 484 qua:
2364 428 2485 466 cum
2519 412 2753 482 hospitio
2778 419 3090 479 exceperat,
3117 414 3292 469 media
3343 419 3397 470 in

100 518 258 569 αὑτὸν
290 520 501 588 χήρας,
534 518 703 584 μέσον
744 512 840 566 τοῦ
882 513 1218 583 πολίσματος
1249 514 1485 583 ἵδρυται.

163 613 232 674 η’,
281 607 541 660 Ἐκεῖθεν
575 608 608 674 ἠ
647 605 824 676 Τύρος
867 606 986 658 ἐστὶ
1037 605 1214 668 πόλις,
1263 604 1454 673 σχεδὸν
1507 603 1700 655 πασῶν

102 699 203 751 τῶν
243 699 348 765 τῆς
382 699 646 766 Φοινίκης
687 697 1001 766 ὲξοχωτέρα
1032 697 1092 748 ὲν
1126 697 1362 764 καλλονῇ
1395 710 1409 725 ”
1461 697 1558 747 καὶ
1590 695 1702 764 γὰρ

104 792 236 858 αῦτη
273 790 354 858 τῷ
415 791 659 860 σχήματι
693 791 792 856 τῆς
819 789 1140 858 Τριπόλεως
1161 790 1219 839 ὲν
1243 787 1407 856 ὁμοίᾳ
1438 787 1702 856 χερρονή-

107 902 180 954 σῳ
207 882 633 954 τεθεμελίωται.
671 882 835 934 Ἀλλὰ
864 882 1040 952 ταύτῃ
1069 881 1293 949 μεγέθει
1324 879 1509 948 πολλῷ
1537 878 1701 931 πλέον

108 975 322 1042 ἐκείνης
377 975 714 1044 εὐρύνεται,
774 975 874 1025 καὶ
923 973 1162 1042 καλλονῇ
1219 970 1546 1041 κτισμάτων
1607 969 1702 1022 καὶ

106 1046 429 1136 ὡραιότητιξ
462 1066 534 1117 Τὸ
588 1066 644 1116 δὲ
673 1065 883 1132 ταύτης
935 1065 1270 1134 προκόλπιον
1317 1065 1433 1115 ἔστι
1487 1078 1705 1130 παρεμ-

106 1153 264 1218 φερὲς
313 1152 426 1232 τῷἣ
446 1152 629 1222 λιμένι
677 1154 793 1232 τῇς-
826 1152 1102 1222 Βηρυτοῦ,
1139 1151 1246 1204 κᾶν
1281 1152 1466 1203 έκεῖνο
1517 1147 1701 1216 πολλῷ

105 1243 264 1295 πλέον
303 1224 526 1312 ἐκείνης
585 1224 885 1312 εὑρύνηται
929 1241 1152 1312 μεγέθει
1205 1243 1303 1294 καὶ
1342 1241 1554 1304 κάλλει,
1605 1242 1701 1294 καὶ

106 1334 176 1403 τῷ
212 1335 324 1386 τῶν
388 1335 620 1403 πύργων
656 1335 778 1404 ὕψει
823 1335 1176 1403 ὑπέρκειται.
1230 1334 1342 1402 Τῆς
1394 1333 1453 1386 δὲ
1488 1332 1702 1394 πόλεως

107 1422 304 1487 ἔξωθεν
327 1423 464 1473 ὡσεὶ
491 1422 586 1473 δύο
608 1424 778 1485 τόξων
809 1421 966 1491 βολῆς
999 1419 1204 1473 ἄποθεν
1230 1419 1380 1482 λίθος
1406 1419 1524 1472 ἐστὶ
1556 1420 1704 1488 πάμ-

112 1526 304 1577 μεγας,
339 1513 402 1561 ὲν
429 1503 471 1576 ᾧ
502 1509 1114 1578 προσαναπαυσάμενσς
1148 1507 1176 1558 ὁ
1201 1506 1458 1575 Χριστὸς,
1495 1506 1704 1574 Πέτρον

108 1602 197 1652 xxi.
215 1601 476 1670 Ἰωάννην
509 1603 636 1663 τοὺς
659 1600 838 1669 ἱεροὺς
859 1600 1219 1662 ἀποστόλους,
1237 1599 1310 1661 ὡς
1333 1597 1530 1666 ὁλόγος
1564 1596 1699 1666 ἔχει,

110 1693 239 1760 πρὸς
261 1692 365 1762 τὴν
389 1695 542 1746 πόλιν
565 1692 866 1761 ἐξέπεμψε,
888 1693 1050 1761 χάριν
1078 1692 1257 1760 ἄρτων
1280 1691 1574 1760 εὑρέσεως,
1601 1688 1698 1742 οἵδ’

110 1755 459 1849 ἀπελθόῖιτες,
481 1789 578 1839 καὶ
599 1755 1257 1854 ἀγαγόντεςαὺτοὺςνᾶμα
1279 1755 1362 1852 τῶ
1381 1783 1597 1853 Σωτῆρι
1620 1783 1701 1845 είς
1737 1755 1778 1810 Β

108 1878 200 1943 τὴν
232 1876 554 1946 πρόσιγγυς
575 1877 708 1930 ώσεὶ
730 1877 907 1946 μίλιον
928 1875 985 1927 ἐν
1010 1876 1218 1945 κρήνην
1250 1873 1557 1927 ἁπέλθοσαν
1582 1871 1642 1925 ὲν
1668 1865 1703 1946 ᾗ

108 1971 133 2019 ὁ
153 1969 344 2040 Σωτὴρ
363 1970 619 2031 καθίσας,
648 1969 743 2022 καὶ
771 1967 868 2020 σὺν
885 1971 998 2030 τοῖς
1021 1965 1339 2028 ἀποστόλοις
1366 1965 1699 2030 ἑστιασθεὶς,

111 2063 200 2112 καὶ
234 2060 380 2114 πιὼν
423 2063 487 2114 ὲκ
523 2061 616 2113 τοῦ
656 2060 872 2123 ὕδατος,
906 2059 1187 2128 ηὑλόγησε
1218 2057 1318 2126 τὴν
1359 2057 1566 2127 πηγὴν,
1606 2055 1701 2108 καί

115 2154 259 2203 ἐστιν
288 2153 387 2222 ’ἐπ’
416 2151 646 2222 ἀληθείᾳ
671 2149 774 2212 ἓως
809 2150 903 2202 τοῦ
937 2149 1033 2202 νῦν
1074 2151 1108 2218 ή
1136 2149 1363 2217 τοιαύτη
1395 2149 1546 2218 πηγὴ
1575 2147 1704 2198 δυσ-

111 2244 417 2314 έκφραῗᾶτον
441 2245 698 2314 ὁρωμένη
730 2243 912 2311 θέαμα
1005 2241 1170 2311 μέσον
1195 2241 1304 2310 γὰρ
1333 2239 1697 2308 άναδιδομένη

111 2337 214 2390 τῶν
246 2338 370 2389 ἐκεῖ
397 2336 706 2406 λειμώνων,
743 2333 1064 2400 θαυμαστόν
1102 2347 1158 2386 τι
1188 2333 1402 2402 χρῆμα,
1434 2333 1532 2384 καὶ
1571 2317 1702 2401 τερ-

115 2425 354 2495 ψόθυμον
397 2429 512 2488 τοῖς
551 2425 756 2486 ὁδίταις
792 2423 1162 2476 ἐνδείκνυται.
1205 2422 1442 2496 Λέγεται
1472 2421 1528 2472 δὲ
1557 2414 1701 2472 εἶναι

115 2523 315 2589 ταύτην
342 2520 438 2572 καὶ
468 2519 731 2589 άὸαθρον.
757 2517 830 2569 Τὸ
860 2517 916 2569 δὲ
945 2517 1076 2585 περὶ
1115 2515 1324 2583 ταύτην
1355 2514 1564 2582 κτίσμα
1606 2513 1701 2565 καὶ

121 2613 299 2681 σχῆμά
362 2613 480 2664 ἐστι
545 2591 813 2664 τοιοῦτον.
880 2608 1088 2678 Πύργῳ
1148 2607 1701 2677 περιθριγκώσαντες

119 2700 412 2770 ὀκταγώνῳ
438 2703 488 2754 oi
540 2701 774 2770 πρώτως
805 2693 1310 2770 φιλοπονησάμενοι
1359 2699 1459 2766 τὴν
1492 2698 1697 2768 πηγὴν,

121 2793 192 2854 είς
209 2793 270 2845 οὑ
313 2794 536 2864 μέτριον
577 2792 710 2861 ὓψος
756 2793 847 2845 τὸν
879 2792 1090 2861 πύργον
1125 2793 1428 2862 ἀνήγαγον,
1483 2791 1583 2842 καὶ
1619 2790 1692 2842 τὰ

122 2882 306 2937 τούτου
369 2885 749 2954 φιαλώσαντες
790 2884 937 2954 ἄκρα
970 2883 1078 2938 ἀνὰ
1119 2887 1218 2946 τὰς
1254 2883 1462 2950 γωνίας
1504 2871 1602 2934 ιτξι
1628 2881 1701 2935 τὰ

125 2976 316 3029 κάτισα
353 2981 562 3031 τούτων
595 2959 716 3031 τοῦξ
755 2969 1027 3047 λειμῶνος
1067 2979 1225 3047 μήκη
1274 2975 1370 3028 ἐπὶ
1423 2973 1702 3044 καμαρῶν

1805 506 1938 557 urbe
1963 505 2220 571 assurgit.

1877 594 1926 646 8.
1966 592 2092 648 lnile
2140 601 2224 647 est
2269 592 2447 662 Tyrus
2490 592 2880 655 uros,cteteris
2906 592 3022 647 fere
3111 591 3403 647 rnmnicim

1807 684 2034 738 urbibus
2058 682 2462 752 pulchritudine
2485 691 2774 750 praestans.
2811 681 3030 735 Etenim
3067 681 3212 750 ipsa,
3248 696 3403 750 aeque.

1762 770 1767 775 ’
1806 789 1869 826 ac
1912 773 2169 841 Tripolis,
2218 775 2270 825 lu
2301 773 2464 826 simili
2523 771 2807 839 peninsula
2865 772 2966 824 sita
3000 781 3126 836 est;
3172 786 3397 826 verum-

1807 873 1987 918 tamen
2033 867 2146 920 hac
2203 863 2584 934 magnitudine
2620 864 2798 917 multo
2829 863 2915 941 illa
2951 866 3141 931 niagis,
3179 875 3232 919 et
3265 868 3398 920 tedi-

1809 950 2054 1010 liciorum
2119 957 2404 1025 majestate
2441 970 2504 1009 ac
2546 955 2976 1026 pulchritudine,
3010 956 3291 1010 dilatatur.
3318 954 3398 1009 Si-

1807 1057 1910 1095 nus
1963 1041 2151 1106 maris,
2224 1043 2317 1110 qui
2381 1052 2507 1095 ante
2580 1042 2752 1111 ipsam
2803 1041 3162 1109 conspicitur,
3213 1043 3394 1110 portui

1808 1133 2078 1204 Beryteuo
2112 1135 2254 1189 haud
2289 1132 2572 1188 dissimilis
2623 1143 2746 1188 est:
2786 1133 3057 1201 quamvis.
3085 1134 3177 1189 ille
3224 1144 3276 1190 et
3304 1137 3404 1188 de-

1806 1240 1935 1280 core
1966 1233 2018 1279 et
2047 1226 2443 1294 magnitudine,
2474 1234 2529 1280 et
2561 1225 2888 1278 celsitudine
2918 1225 3149 1280 turrium
3173 1225 3403 1294 amplior

1804 1327 1861 1370 et
1903 1315 2255 1384 spectabilior
2309 1317 2402 1370 sit.
2437 1313 2602 1368 Extra
2637 1317 2824 1369 urbem
2881 1316 2946 1369 ad
2993 1316 3269 1385 geminum
3301 1331 3394 1370 sa-

1805 1405 1953 1474 gittas
2003 1406 2212 1475 iactum
2263 1405 2706 1472 conspicitur,in
2753 1420 2880 1473 quo,
2919 1414 2978 1459 ut
3011 1405 3118 1459 fert
3147 1405 3394 1469 traditio,

1806 1497 2060 1551 Christus
2106 1497 2366 1551 Dominus
2402 1499 2689 1565 quiescens
2723 1496 2942 1550 Petrum
2997 1508 3052 1551 et
3109 1497 3402 1565 Joannem,

1807 1600 2189 1662 sacrosanctos
2249 1588 2543 1657 apostolos,
2588 1589 2656 1656 in
2691 1588 2968 1642 civitatem
3005 1588 3172 1652 misit,
3197 1590 3264 1642 ad
3298 1605 3397 1660 pa-

1808 1693 1906 1733 nes
1942 1679 2382 1744 comparandos;
2419 1678 2492 1731 illi
2545 1677 2834 1744 abeuntes,
2860 1665 2916 1732 et
2963 1677 3273 1743 aﬂ'erentes,
3298 1696 3401 1736 una

1806 1785 1931 1826 cum
1972 1770 2255 1824 Salvatore
2309 1771 2375 1824 ad
2406 1771 2642 1824 vicinum
2681 1770 2906 1835 fontem,
2946 1771 3094 1825 mille
3147 1786 3256 1824 non
3279 1786 3401 1826 am-

1807 1860 1949 1929 plius
1977 1862 2225 1930 passibus
2270 1860 2587 1925 distantem,
2625 1841 3057 1930 profecti'suut:
3093 1878 3218 1917 cum
3246 1862 3406 1918 Chri-

1806 1963 1924 2007 stus
1963 1952 2216 2015 sedisset,
2260 1953 2582 2007 convivatus
2625 1969 2746 2006 cum
2803 1955 3086 2022 apostolis,
3143 1971 3209 2009 ex
3261 1969 3403 2025 aqua

1807 2044 1964 2108 bibit,
2016 2043 2263 2113 fontique
2287 2043 2606 2109 benedixit;
2645 2053 2701 2099 et
2744 2047 2810 2098 ad
2867 2047 2980 2099 hac
3016 2056 3255 2115 tempora
3283 2048 3402 2104 fons

1811 2136 1927 2203 ille,
1961 2135 2006 2192 si
2039 2151 2227 2192 verum
2253 2134 2414 2190 fateri
2450 2136 2720 2203 volumus,
2759 2138 3080 2191 miraculum
3107 2149 3191 2192 est
3217 2139 3406 2193 viden-

1808 2230 1974 2292 tibus,
2035 2229 2181 2300 quod
2226 2228 2407 2283 verbis
2458 2227 2690 2297 exprimi
2743 2244 2849 2282 non
2908 2238 3107 2298 potest,
3169 2245 3405 2300 namque

1807 2319 2120 2384 inmed'u’s,
2180 2318 2275 2390 qui
2336 2319 2533 2373 ibidem
2573 2317 2736 2374 latius
2801 2321 3173 2386 effunduntur,
3234 2324 3404 2392 pratis

1805 2411 2024 2476 saliens,
2061 2412 2360 2480 peregrinis
2417 2411 2472 2465 in
2508 2411 2875 2466 admiratione
2934 2422 3040 2479 est,
3081 2423 3134 2469 et
3189 2430 3403 2470 summo

1805 2501 2222 2564 delectamento,
2254 2502 2562 2572 dieitur-que
2581 2516 2702 2555 esse
2743 2501 3131 2571 profunditatis
3177 2517 3401 2571 expers.

1807 2599 2095 2654 Structura
2151 2613 2282 2654 vero
2335 2599 2481 2654 illius
2543 2600 2826 2669 figuraque
2903 2599 3016 2653 haec
3069 2608 3174 2672 est.
3234 2600 3400 2655 Turri

1804 2690 2095 2760 octangula
2125 2690 2630 2762 circumsepientes,
2659 2693 2748 2761 qui
2775 2691 2932 2761 primi
2964 2691 3163 2745 fontem
3196 2694 3248 2745 in
3277 2706 3401 2746 eum

1806 2793 2155 2851 prospecmm
2196 2781 2543 2850 redegerunt,
2585 2782 2638 2837 in
2676 2799 2780 2837 non
2841 2784 3168 2838 mediocrem
3215 2783 3406 2838 altitu-

1807 2872 1988 2928 dinem
2023 2873 2166 2927 illam
2198 2875 2528 2940 excitarunt,
2561 2874 2915 2943 ejusdemque
2942 2874 3262 2943 angulorum
3287 2889 3398 2930 ,ετ-

1809 2965 2199 3029 tremitatibus,
2230 2965 2299 3021 ad
2332 2967 2549 3019 modum
2604 2960 2796 3034 phiala:
2859 2967 3307 3028 accommodatis,
3330 2967 3398 3020 ad

128 3063 250 3134 ὕψη.
279 3067 506 3135 ἀμάρας
539 3053 1030 3129 ὑποκοιλάναντες,
1066 3064 1368 3136 κρουνηδὸν
1415 3061 1706 3132 ὲκχείσθαι

1818 3056 2048 3124 aequales
2086 3065 2367 3125 pratorum
2406 3054 2738 3121 altitudines,
2781 3055 2832 3107 in
2863 3053 3265 3109 summitatibus
3293 3054 3403 3109 for-

128 3153 178 3202 τὸ
205 3153 634 3223 ὰναθλιὸόμενον
680 3152 824 3222 ὕδωρ
863 3155 1224 3222 εἰργάσαντο,
1281 3152 1420 3222 ὅπερ
1475 3150 1717 3219 κελαριοι

132 3243 274 3306 σμοῖς
331 3240 596 3310 ὲπηχοῦν,
652 3242 781 3303 τοὺς
819 3242 950 3310 περὶ
984 3241 1084 3308 τὴν
1148 3240 1363 3308 κρήνην
1423 3237 1704 3308 λειμῶνας

133 3335 329 3401 συχνοῖς
363 3334 591 3401 ὲπάρδει
621 3335 734 3394 τοῖς
772 3335 1000 3402 νάμασι.
1039 3331 1146 3382 Καὶ
1189 3330 1340 3382 ἐστιν
1368 3329 1445 3390 ὡς
1480 3329 1542 3392 ἑξ
1570 3329 1706 3382 ἁπόο

136 3440 256 3475 πτου
286 3427 380 3477 τοῦ
415 3427 628 3494 πύργου
667 3442 740 3486 τις
769 3425 1139 3493 ἐφιστάμενος
1170 3423 1231 3474 τὸ
1272 3422 1578 3489 συνκρεφὲς
1598 3421 1708 3472 τῶν

137 3515 304 3579 φυτῶν
338 3517 588 3570 πετάλων
633 3516 1036 3585 σαλευομένων,
1070 3514 1168 3566 καὶ
1206 3516 1264 3566 ὲν
1314 3513 1571 3585 σταθηρᾲ
1607 3530 1701 3582 με·

141 3609 372 3679 σημῆρίᾳ
401 3609 923 3678 καταψεκαζόμενον
947 3607 1008 3659 τὸ
1031 3607 1124 3658 τοῦ
1148 3606 1416 3676 λειμῶνος
1442 3607 1562 3659 ὅλον
1587 3621 1710 3657 στε-

143 3701 376 3768 ράνωμα.

203 3789 262 3842 θ’.
295 3789 544 3842 Ἐκεῐθέν
586 3792 734 3843 ἔστιν
783 3791 815 3860 ὴ
862 3788 1171 3858 Πτολεμαῒς
1227 3789 1346 3858 ἦτοι
1395 3785 1459 3838 τὸ
1494 3787 1666 3838 "Axx:
1692 3800 1708 3814 ’

148 3879 251 3947 ᾐδὲ
305 3868 461 3944 πόλις
516 3880 657 3953 αὕτη
694 3884 812 3933 ἐστὶ
850 3883 1088 3953 μεγάλη,
1140 3882 1238 3933 καὶ
1284 3877 1712 3948 πολυάνθρωπος

147 3974 318 4026 πασῶν
345 3974 456 4028 τῶν
493 3975 673 4029 ἄλλων
706 3975 1111 4045 ὑπερκειμένη,
1141 3974 1174 4042 ἣ
1207 3976 1390 4036 πάσας
1417 3971 1517 4036 τὰς
1563 3977 1716 4040 ἀγω-

154 4069 322 4134 τίμους
357 4069 683 4137 ὑποδέχεται
713 4067 848 4130 ναῦς
879 4069 938 4119 ὲν
1055 4068 1162 4128 πᾶς
1196 4068 1223 4118 ὁ
1245 4067 1332 4119 διὰ
1355 4065 1592 4134 Χριστὸν
1622 4063 1713 4127 ξε-

152 4161 359 4214 νιτεύων
411 4161 540 4224 λαὸς
583 4162 674 4216 διά
725 4179 784 4212 τε
818 4162 920 4230 γῆς
976 4161 1068 4211 καὶ
1098 4159 1372 4229 θαλάττης
1425 4159 1709 4227 ἐπιφοιτᾷ.

155 4249 444 4306 Κάντεῦθεν
490 4253 583 4306 τοῦ
642 4254 805 4322 ἀέρος
861 4251 1229 4322 φθειρομένου
1284 4251 1390 4304 ὑπὸ
1456 4252 1554 4321 τῆς
1605 4251 1715 4302 τῶν

154 4344 414 4414 ἐπηλύδων
478 4343 865 4415 πολυπληθοῦς
911 4346 1250 4417 παρουσίας,
1303 4345 1714 4414 άλληπάλληλοι

1810 3146 1988 3207 nicum
2017 3148 2178 3204 sulcis
2225 3147 2523 3211 excavatis,
2549 3146 2862 3216 depressam
2895 3160 3090 3215 aquam
3121 3147 3170 3200 in
3204 3147 3407 3201 salien-

1809 3243 1879 3295 tis
1931 3239 2164 3308 spcciem
2207 3236 2410 3293 effundi
2445 3247 2840 3305 procurarunt;
2885 3253 3004 3306 quae
3064 3253 3226 3293 cursu
3259 3254 3407 3294 reso-

1811 3346 1967 3393 nans,
2001 3339 2178 3399 prata,
2209 3327 2414 3383 fontem
2464 3330 2782 3390 ambientia,
2805 3329 3177 3396 frequentibus
3210 3332 3404 3400 irrigat

1810 3421 2070 3476 ﬂuentis:
2104 3431 2159 3476 et
2201 3422 2530 3490 quandoque
2581 3421 2852 3490 quispiam
2883 3421 2948 3473 in'
2978 3422 3112 3473 turri
3148 3430 3403 3490 tanquam

1812 3514 1867 3568 in
1919 3513 2132 3581 specula
2168 3523 2320 3566 stans
2357 3513 2541 3566 videre
2593 3511 2790 3582 poterit
2849 3511 3068 3565 densam
3100 3511 3402 3581 plantarum

1815 3601 2152 3669 congeriem,
2180 3611 2254 3666 et,
2286 3602 2413 3653 dum
2447 3599 2573 3655 folia
2616 3612 3032 3656 commoventur
3059 3612 3113 3656 et
3145 3602 3404 3658 meridies

1813 3693 2010 3759 fervet,
2054 3694 2194 3760 prati
2229 3692 2538 3746 universam
2562 3707 2818 3748 coronam
2853 3693 3154 3763 irrigatam.

1886 3791 1939 3848 9.
1982 3791 2110 3846 Inde
2141 3790 2453 3858 Ptolemais,
2482 3791 2597 3846 sive
2646 3796 2810 3856 Acce,
2845 3792 2948 3846 sita
2995 3801 3079 3847 est
3110 3808 3125 3857 ;
3169 3796 3297 3847 urbs
3323 3793 3408 3847 in-

1817 3899 1972 3954 gens,
2007 3892 2061 3937 et
2118 3882 2269 3950 copia
2307 3883 2589 3937 hominum
2645 3865 2816 3949 dives,
2873 3883 2995 3937 aliis
3026 3884 3280 3938 omnibus
3312 3901 3409 3938 ex-

1821 3977 2038 4030 celsior.
2075 3974 2151 4043 Ea
2215 3987 2380 4031 naves
2412 3989 2605 4029 omnes
2654 3977 2934 4029 onerarias
2984 3976 3322 4043 excipit‘;.et
3355 3979 3408 4030 in

1821 4082 1940 4120 eam
1982 4080 2078 4134 pro
2106 4066 2326 4121 Christo
2364 4068 2798 4136 peregrinatores
2837 4079 2979 4122 terra
3012 4071 3260 4138 marique
3289 4084 3411 4124 sese

1823 4159 2111 4229 recipiunt.
2180 4157 2315 4213 llinc
2361 4160 2694 4214 advenarum
2731 4144 3011 4216 immensas
3049 4157 3410 4217 multitudinis

1821 4256 2070 4317 accessu,
2105 4251 2227 4305 dum
2245 4265 2339 4305 aer
2373 4253 2761 4321 corrumpitur,
2797 4255 3110 4308 morborum
3155 4253 3411 4324 frequen-

1824 4343 1953 4396 tium
2001 4355 2200 4410 genera
2255 4341 2462 4396 exitiali
2517 4341 3039 4410 desaeviuntclade;
3079 4351 3192 4398 tum
3212 4344 3408 4401 odores

156 4435 284 4489 νόσοι
325 4439 716 4508 συμϐαίνουσι,
748 4438 845 4492 καὶ
882 4439 1098 4501 τούτοις
1131 4438 1434 4506 ἐπάγονται
1469 4437 1710 4502 θάνατοι,

1828 4433 2079 4502 pessimi,
2115 4449 2183 4487 ex
2241 4447 2369 4488 aere
2418 4437 2766 4503 putrescente
2804 4434 3076 4490 funestum
3105 4436 3412 4494 hominibus

158 4526 206 4590 ἐξ
250 4520 318 4580 ὧν
348 4529 629 4594 δυσωδίαι,
665 4527 968 4582 κάντεῦθεν
999 4530 1028 4582 ὁ
1079 4528 1190 4599 ἀὴρ
1225 4528 1552 4600 ἐπιφέρεται
1606 4525 1719 4599 [ἷσ.

159 4620 567 4694 ἐπιφθείρετος],
623 4625 720 4676 καὶ
768 4622 885 4675 ἐστι
937 4621 997 4674 τὸ
1049 4623 1220 4675 κακὸν
1258 4621 1479 4692 ἄμαχον
1516 4621 1726 4690 ταύτης

161 4715 242 4782 τῆς
289 4717 522 4779 πόλεως.
563 4715 726 4785 Δεξιᾷ
783 4715 884 4785 μέν
915 4716 1070 4769 ἐστιν
1123 4715 1158 4784 ἡ
1194 4715 1502 4784 Κάρμηλος
1559 4713 1655 4766 καὶ
1690 4715 1724 4783 ή

164 4806 408 4873 παράλιος
444 4807 636 4860 πασῶν
674 4807 777 4875 τῆς
815 4805 1208 4877 Παλαιστίνης.
1239 4805 1322 4857 Τὰ
1371 4805 1429 4857 δὲ
1461 4803 1728 4874 εὐώνυμα.

164 4897 342 4968 ταύτης
374 4899 474 4969 τὴν
502 4899 798 4952 Γαλιλαίαν
825 4900 920 4952 καὶ
939 4901 1040 4971 τὴν
1067 4899 1386 4968 Σαμάρειαν
1407 4898 1614 4968 ἔχουσι.

229 4993 275 5045 ι’.
325 4991 569 5061 Πρώτως
604 4988 698 5042 οὑν
757 4990 901 5043 κατὰ
955 4990 1057 5061 τὴν
1110 4989 1455 5059 Πτολεμαΐδα
1495 4990 1648 5042 ἐστὶν
1693 4990 1727 5058 η

171 5076 429 5151 Σεμφωρὶ,
457 5080 614 5145 πόλις
637 5081 740 5151 τῆς
771 5081 1066 5144 Γαλιλαίας
1095 5081 1273 5151 πάντη
1307 5081 1494 5144 ἄοικος
1514 5081 1728 5151 σχεδὸν.

176 5173 288 5240 μηδὲ
316 5174 570 5243 λείψανον
600 5175 702 5242 τῆς
757 5171 952 5244 πρώην
985 5173 1181 5243 «αὑτῆς
1215 5174 1565 5243 εὐδαιμονίας
1622 5173 1728 5241 έμ-

174 5264 438 5327 φαίνουσα.
467 5267 622 5322 Μετὰ
651 5267 712 5320 δὲ
751 5265 952 5335 ταύτην
981 5265 1129 5318 ἐστὶν
1183 5267 1214 5336 ἡ
1262 5265 1442 5331 Κανὰ,
1496 5265 1730 5318 καστέλ-

177 5354 269 5410 λιον
298 5361 478 5430 πάντη
513 5359 734 5430 μικρὸν,
786 5360 849 5411 τὸ
883 5358 1028 5422 τέως
1077 5357 1173 5411 νῦν
1215 5358 1514 5428 ὁρώμενον.
1561 5357 1734 5412 Ἔνθα

178 5446 225 5497 τὸ
247 5447 381 5520 ὕδωρ
411 5453 440 5504 ὀ
484 5451 679 5522 Σωτὴρ
710 5453 792 5514 είς
834 5446 980 5504 οἶνον
1013 5453 1371 5522 μετεποίησε.
1415 5451 1528 5506 Καὶ
1557 5449 1734 5513 οὑτως

185 5541 322 5608 μέσον
349 5545 628 5615 διαφόρων
663 5543 872 5615 βουνῶν
907 5545 1001 5597 ἐπὶ
1036 5545 1114 5614 τῷ
1146 5545 1304 5615 βάθει
1329 5545 1426 5616 τῆς
1456 5544 1517 5612 ἐξ
1550 5544 1735 5598 αὐτῶν

185 5634 442 5706 φάραγγος
477 5639 512 5706 ἡ
542 5635 802 5706 Ναζαρὲτ
851 5635 1004 5700 πόλις
1044 5634 1462 5706 τεθεμελίωται,
1500 5631 1644 5709 έφ⁹ᾖ
1677 5637 1738 5689 τὸ

189 5731 307 5798 μέγα
358 5729 656 5801 μυστήριον
703 5727 791 5782 διὰ
839 5730 934 5785 τοῦ
988 5730 1332 5802 ἀρχαγγέλου
1379 5729 1619 5799 Γαῆριὴλ
1667 5732 1736 5800 τῇ

1828 4526 2101 4580 excidium
2152 4524 2433 4580 afferunt:
2477 4537 2533 4581 et
2581 4535 2726 4581 tanta
2773 4543 2914 4582 noxa
2974 4543 3085 4582 non
3123 4530 3192 4583 ita
3235 4530 3413 4585 facilis

1828 4631 2140 4689 expugnato
2196 4628 2323 4685 est;
2372 4631 2472 4674 nec
2508 4621 2805 4674 remedium
2853 4621 2997 4678 malo
3022 4622 3294 4678 inveneris
3323 4639 3416 4679 ur-

1827 4712 1912 4766 bis
1965 4713 2202 4772 dexterte
2231 4693 2413 4780 partes
2462 4711 2769 4766 Carmelum
2793 4721 2849 4768 et
2891 4713 3223 4768 maritimam
3252 4713 3416 4768 Palae-

1829 4804 1989 4857 stina:
2015 4817 2195 4867 oram,
2251 4803 2492 4857 sinistrae
2544 4799 2821 4858 Galilaeam
2857 4814 2911 4859 et
2954 4802 3257 4869 Samariam
3316 4807 3418 4861 ha-

1828 4895 1978 4948 bent.

1904 4994 1989 5050 l0.
2018 4993 2197 5049 Prima
2233 4994 2416 5062 itaque
2446 5003 2568 5064 post
2607 4992 2997 5050 Ptolemaidem
3028 4998 3157 5053 urbs
3185 4995 3419 5053 Galilmte

1834 5085 2122 5154 Seinphori
2175 5087 2278 5140 sita
2313 5095 2421 5150 est,
2469 5100 2692 5154 prorsus
2733 5087 2957 5152 inculta,
3010 5097 3173 5156 atque
3202 5070 3387 5145 inhabi

1835 5179 2033 5245 tabilis,
2071 5178 2386 5246 nullumque
2439 5176 2557 5232 fere
2611 5165 2856 5246 pristina-
2893 5180 3172 5234 beatitatts
3213 5195 3322 5249 prae
3356 5197 3415 5236 se

1835 5273 1941 5326 fert
1987 5271 2293 5342 vestigium.
2340 5271 2472 5325 Eam
2504 5273 2707 5340 excipit
2755 5273 2928 5338 Caua,
2955 5273 3237 5328 castellum
3297 5290 3421 5343 par-

1835 5379 1983 5429 vum,
2022 5372 2079 5417 ut
2103 5377 2246 5417 nunc
2288 5360 2493 5416 videnti
2525 5360 2799 5432 objicitur.
2859 5362 2932 5414 lbi
2973 5377 3170 5431 aquam
3222 5361 3420 5416 Salva-

1841 5466 1925 5508 tor
1983 5455 2036 5506 in
2076 5453 2255 5506 vinum
2315 5454 2602 5507 convertit.
2639 5451 2774 5506 Tum
2830 5453 2974 5508 inter
3015 5453 3213 5523 .varios
3262 5454 3423 5509 co'les
3503 5512 3505 5514 ,

1843 5547 2036 5611 media,
2074 5548 2142 5600 ad
2176 5549 2279 5600 ima
2342 5547 2412 5601 ab
2478 5546 2683 5600 eisdem
2731 5546 3028 5602 edet-mata
3064 5547 3240 5613 vallis,
3294 5549 3422 5599 urbs

1843 5639 2114 5694 Nazarcth
2141 5640 2317 5694 locum
2356 5639 2519 5693 habet
2549 5653 2564 5704 ;
2601 5639 2654 5692 in
2687 5654 2789 5707 qua
2841 5637 3033 5707 ingens
3064 5653 3159 5707 per
3188 5635 3423 5691 Gsbrie-
3461 5693 3482 5700 _

1843 5736 1946 5788 lem
1997 5730 2383 5802 archangelum
2440 5732 2758 5802 mysterium
2804 5730 3043 5801 Deiparze
3077 5729 3280 5800 Virgini
3331 5745 3423 5782 an-
