3956 6324
99 285 195 345 937

1119 272 1578 336 DESCRIPTIO
1617 266 1901 333 TERRIE
1940 269 2280 332 SANCT/E.

3249 266 3358 330 9-38

98 395 166 466 τῷ
193 395 310 466 opst
353 395 670 464 πρόσεστιν,
699 389 728 442 ὃ
758 388 850 442 καὶ
883 368 1059 460 χαρὰν
1101 385 1370 442 ἀποπνέει
1424 401 1670 455 πνευμα-

1778 381 2158 453 spirat.Collis
2179 390 2262 436 cst
2287 379 2548 435 rotundus
2581 390 2634 435 ct
2658 383 2934 436 moderate
2976 396 3091 436 sese
3120 380 3354 449 crigcns.

102 487 273 557 ςικήν.
303 483 496 560 Ἔστιν
521 478 614 534 οὖν
639 483 667 534 ό
693 468 891 551 βουνὸς
936 477 1272 549 στρογγύλος
1299 477 1396 538 καὶ,
1425 477 1661 546 μετρίως

100 578 414 650 ὑᾲοόμενος.
449 573 572 626 Εἰσὶ
600 573 656 626 δὲ
695 573 838 626 κατὰ
875 571 974 642 τὴν
1015 569 1183 624 αὑτοῦ
1211 563 1459 640 κορυφὴν
1499 568 1664 638 μοναὶ

98 669 200 734 δύο,
240 668 324 738 ἐφ’
350 665 417 730 ἃς
437 667 497 718 ὲν
523 663 883 734 ἀλλογλώσσῳ
910 663 1066 735 ὕμνῳ
1092 662 1408 733 Χριστιανοί
1431 661 1662 732 ὁμότροο

103 779 185 813 ποι
212 758 273 811 τὸ
297 757 456 810 Θετον
487 755 916 830 ὲξευμενίζουσι,
969 755 1066 808 καὶ
1097 753 1222 807 καθ’
1249 754 1317 825 ἢν
1353 750 1456 822 μὲν
1481 752 1516 823 η
1555 752 1667 804 Σω-

98 853 275 921 τήριος
301 850 494 918 γέγονε
528 848 971 918 Μεταμόρφωσις
1003 847 1096 899 τοῦ
1122 844 1387 918 Χριστοῦ,
1415 842 1666 898 Λατίνων

100 942 342 1014 μοναχῶν
411 942 648 1014 ὑπάρχει
683 930 940 1012 πληθύς.
997 938 1086 992 Ἐν
1143 937 1202 991 δὲ
1266 940 1332 1009 τῇ
1401 935 1670 1008 ἀριστερᾷ

97 1036 138 1086 oi
198 1033 321 1087 καθ’
351 1035 500 1104 ἡμᾶς
572 1033 893 1104 Ναζηραῖοι
935 1029 1029 1084 τὸν
1091 1030 1234 1098 ἱερὸν
1298 1031 1506 1083 ἐκεῖνον
1552 1029 1666 1099 χῶ-

98 1144 183 1195 ρον
229 1126 585 1196 ἁγιαζόμενοι
637 1123 947 1194 άγιάξουσι.
997 1122 1063 1176 Ἦ
1117 1122 1176 1176 δὲ
1234 1123 1512 1198 Σωτήριος
1569 1120 1666 1175 τοῦ

99 1217 330 1286 Χριστοῦ
359 1217 810 1288 Μεταμόρφωσις
866 1217 925 1269 ὲν
966 1219 1034 1287 τῇ
1064 1217 1279 1286 κορυφῇ
1337 1215 1532 1285 γέγονε
1570 1215 1666 1270 τοῦ

98 1309 309 1381 βουνοῦ,
337 1310 460 1364 καθ’
500 1312 566 1381 ἢν
592 1312 690 1364 καὶ
722 1293 832 1364 τῶν
862 1308 1114 1363 Λατίνων
1141 1307 1262 1361 ἐστὶ
1289 1308 1450 1379 μονὴ,
1486 1300 1556 1378 ἧς
1607 1306 1666 1359 ὲν

96 1373 169 1468 id
197 1373 458 1454 τοῦνθεοῦ
488 1373 600 1473 [ian
641 1398 800 1472 ναοῦ]
839 1397 1213 1469 θυσιαστηρίῳ
1251 1373 1451 1452 ἐστὶν-ό
1478 1373 1666 1461 τόπος,
1692 1444 1697 1448 .

99 1495 174 1560 ἐρ’
206 1486 252 1561 ᾧ
282 1495 310 1546 ό
332 1493 541 1565 Κύριος
574 1491 975 1565 μετεμορφώθη
1008 1478 1113 1545 ἀνὰ
1154 1491 1322 1561 μέσον
1353 1489 1542 1544 Ἠλιοῦ
1572 1490 1670 1543 καὶ

97 1586 389 1650 Μωῠσέως,
431 1585 529 1639 καὶ
577 1586 687 1640 τῶν
717 1585 884 1656 τριῶν
918 1583 1085 1638 αὑτοῦ
1139 1583 1455 1655 προκρίτων
1489 1582 1668 1654 μαθη-

97 1677 218 1742 τῶν,
251 1677 455 1747 Πέτρου
495 1694 553 1729 τε
583 1678 680 1732 καὶ
700 1675 950 1732 Ἰωάννου
981 1676 1070 1729 καὶ
1097 1673 1669 1747 Ἰακώϐου.⁴Υπάρχει

1772 472 1828 526 In
1865 473 2069 527 vertice
2102 472 2211 527 duo
2242 478 2523 526 exstructa
2577 482 2704 526 sunt
2743 472 3112 535 monasteria;
3170 471 3221 524 in
3275 469 3360 524 his

1769 549 2046 617 extranea:
2100 559 2296 632 lingua:
2351 557 2602 615 laudibus
2661 560 2982 628 Christiani,
3053 562 3357 617 solitariam

1768 653 1934 708 vitam
1962 653 2278 723 amplexati,
2318 651 2530 713 Numen
2586 652 2882 722 prepitium
2941 655 3190 711 reddunt.
3246 653 3360 706 Mo-

1770 745 2095 812 nasterium,
2135 745 2190 800 in
2243 759 2350 816 quo
2383 745 2640 801 salutaris
2674 743 2878 800 Christi
2922 743 3359 818 Transliguratit)

1771 839 1993 905 accidit,
2032 836 2352 915 Latinorum
2388 838 2779 912 monachorum
2830 837 3118 892 multitudo
3177 849 3357 905 tenet;

1770 931 1989 997 laevum,
2030 929 2121 1001 qui
2160 939 2350 985 nostra
2378 929 2772 984 consuetudine
2805 930 3131 984 monachum
3167 929 3360 986 induc-

1773 1033 1902 1080 runt
1951 1022 2222 1079 Nazareni
2251 1033 2665 1078 sacrosanctum
2692 1022 2842 1077 illum
2890 1022 3066 1076 locum
3117 1024 3363 1075 sanctili-

1775 1117 1882 1173 cati
1942 1114 2306 1173 sanctiﬁcant.
2364 1112 2631 1170 Salutaris
2660 1115 2862 1170 Christi
2915 1112 3356 1183 Transliguntiu

1772 1209 1828 1264 in
1850 1208 2055 1264 vertice
2081 1206 2239 1262 collis
2267 1206 2475 1270 evenit,
2499 1204 2591 1259 ubi
2621 1205 2936 1260 Latinorum
2961 1206 3360 1260 "inonasterium

1771 1301 2000 1367 visitur;
2029 1302 2082 1355 in
2112 1299 2271 1370 cujus
2299 1299 2488 1354 divino
2509 1298 2668 1353 altari
2701 1298 2960 1353 Dominus
3019 1300 3160 1354 inter
3189 1299 3362 1352 Eliam

1772 1399 1829 1445 et
1881 1384 2119 1461 Moysen,
2162 1404 2227 1444 ac
2256 1397 2370 1443 tres
2396 1390 2698 1459 praecipuos
2749 1386 3062 1455 discipulos,
3114 1386 3390 1452 Pctrum,’

1771 1479 2058 1552 Joannem,
2107 1487 2165 1534 et
2218 1477 2505 1542 Iacobum,
2547 1478 2971 1549 transﬁguratus
3022 1488 3126 1533 est.
3184 1479 3364 1534 Locus

1773 1573 1931 1628 aereis
1977 1571 2236 1627 cancellis
2287 1555 2736 1641 circumsepitur.
2781 1571 2883 1628 Ubi
2939 1585 3068 1626 vero
3095 1579 3369 1626 steterunt

1776 1665 1991 1721 Domini
2041 1665 2228 1735 pedes,
2273 1664 2650 1736 praecandidns
2677 1665 2841 1720 umbo
2874 1672 3168 1734 spectatur,
3217 1675 3269 1720 et
3315 1666 3366 1718 in

98 1767 147 1819 δὲ
179 1768 206 1817 ὁ
234 1742 410 1838 χῶρος
462 1769 672 1834 ἐκεῖνος
718 1767 825 1820 ὑπὸ
855 1766 1124 1839 χαλκείων
1159 1765 1449 1834 κιγκλίδων
1500 1742 1659 1835 περ-ι-

1778 1759 1919 1815 illius
1969 1748 2148 1814 medio
2196 1758 2370 1828 ligura
2426 1755 2623 1813 divinae
2677 1742 2879 1822 crucis,
2933 1774 2998 1811 cx
3062 1773 3167 1827 qua
3224 1757 3368 1811 haud

101 1859 504 1931 θριγγούμειιος.
536 1859 656 1930 Ἐφ’
681 1859 740 1913 ὃν
768 1860 825 1912 δὲ
856 1859 1020 1912 τόπον
1062 1858 1299 1929 ἔστησαν
1336 1859 1387 1912 οί
1418 1855 1513 1911 τοῦ
1556 1858 1669 1909 Κυ-

102 1953 212 2020 ρίου
246 1953 427 2018 πόδες,
460 1953 656 2022 ὁρᾶται
679 1949 947 2022 ὀμφάλιον
979 1947 1375 2013 πάνυλευκὸν,
1410 1948 1467 2001 ὲν
1497 1940 1541 2015 ᾧ
1575 1947 1671 2017 μέ⁹

103 2054 185 2090 σον
213 2041 525 2101 έκτύπωσις
558 2039 706 2092 θείου
742 2037 1010 2110 Σταυροῢ,
1058 2035 1118 2114 ἐξ
1158 2033 1225 2108 ἦς
1263 2036 1502 2107 ἅρῤητος
1531 2036 1668 2088 suto-

99 2128 178 2180 δία
226 2132 553 2197 ὲκπνέουσα,
595 2131 703 2204 τῶν
757 2131 1094 2201 προσιόντων
1140 2127 1542 2204 κατευφραίνει,
1571 2126 1670 2194 τὴν

103 2223 382 2294 ὗσφρησιν.
420 2222 663 2289 Ἔξωθεν
681 2223 735 2276 δὲ
763 2224 861 2293 τῆς
895 2222 1094 2292 μονῆς,
1136 2221 1268 2274 ὡσεὶ
1302 2219 1451 2272 λίθου
1481 2217 1669 2288 βολῆς,

105 2314 212 2367 ἐστι
239 2315 434 2387 μικρὸν
459 2317 746 2388 σπήλαιον,
777 2316 836 2367 ὲν
857 2307 903 2383 ᾧ
931 2313 1067 2385 μετὰ
1096 2311 1196 2383 τὴν
1221 2311 1456 2383 φρικτὴν
1484 2311 1670 2363 Μετα-

109 2407 399 2478 μόρφωσιν,
429 2408 686 2463 εἰσελθὼν
713 2409 742 2462 ό
789 2407 1045 2478 Χριστὸς,
1072 2407 1201 2469 τοὺς
1243 2404 1491 2476 μαθητὰς
1550 2404 1670 2455 tua-

108 2501 329 2567 τείλατο,
367 2501 560 2572 μηδενὶ
600 2504 775 2556 εἰπεῖν
805 2501 1006 2564 αὐτοὺς
1036 2501 1098 2554 τὸ
1125 2501 1333 2570 ὅραμα,
1375 2494 1572 2568 μέχρις
1604 2493 1671 2552 ἂν

108 2587 166 2638 ἐκ
188 2587 391 2657 νεκρῶν
427 2588 658 2658 ἀνιστῇ.
697 2589 833 2659 Περὶ
872 2588 930 2642 δὲ
965 2586 1027 2640 τὸ
1072 2584 1321 2658 ἂρκτῷον
1371 2583 1537 2653 μέρος
1576 2579 1670 2633 τοῦ

109 2675 258 2743 ὅρους
304 2675 540 2747 ὑπάρχει
570 2675 632 2728 τὸ
663 2675 756 2728 τοῦ
813 2673 1154 2747 Μελχισεδὲκ
1204 2670 1493 2743 σπήλαιον,
1531 2669 1672 2736 ὅπερ

110 2766 249 2818 ἐστὶν
273 2767 610 2833 άξιοθέατονο
643 2768 912 2838 τέτρωται
941 2767 1050 2837 γὰρ
1085 2769 1166 2829 εις
1193 2764 1484 2833 διαφόρους
1506 2761 1670 2829 ὀπὰς,

112 2855 197 2906 καὶ
244 2859 379 2910 είσὶν
413 2857 474 2909 ἑν
510 2858 659 2929 αὐτῷ
698 2859 948 2931 ὑπερῷα,
986 2860 1079 2912 καὶ
1115 2859 1376 2927 ὑπόγαια,
1427 2858 1523 2912 καὶ
1545 2856 1668 2909 διά-

113 2962 244 3015 ιξορα
268 2949 390 3019 uixi)
401 2967 550 3020 ματα
583 2951 681 3005 καὶ
725 2952 913 3005 κελλία
940 2952 1023 3014 είς
1056 2952 1324 3022 ,ἀσκητῶν
1353 2945 1673 3019 καταμονὰς

1777 1858 1959 1915 facilis
1988 1868 2251 1914 enarratu
2291 1844 2429 1914 oder
2447 1873 2734 1925 emanans,
2765 1860 3172 1915 advenientium
3208 1869 3378 1914 narcs‘

1780 1952 2039 2007 delectat.
2095 1953 2260 2008 Extra
2311 1949 2735 2018 monasterium,
2791 1956 2856 2007 ad
2891 1953 3098 2022 jactum
3156 1953 3367 2023 lapidis,

1779 2046 1973 2116 pusilla
2012 2046 2257 2116 aperitur
2279 2045 2562 2115 spelunca,
2598 2046 2650 2099 in
2701 2062 2865 2116 quam
2913 2057 3036 2116 post
3072 2048 3368 2102 admirabi-

1779 2137 1883 2190 lem
1916 2135 2477 2206 Transligurationetn
2532 2137 2792 2193 Dominus
2835 2139 3140 2207 ingressus,
3206 2140 3371 2195 disci-

1779 2229 1918 2299 pulis
1940 2230 2215 2299 prazcepit,
2239 2245 2307 2285 ne
2336 2231 2570 2302 cuipiam
2603 2228 2852 2287 dicerent
2882 2233 3172 2301 visionem,
3199 2235 3372 2288 donec

1781 2322 1898 2390 ipse
1962 2339 1991 2377 a
2041 2323 2273 2378 mortuis
2320 2333 2653 2393 resurgeret.
2717 2323 2799 2379 Ad
2837 2324 3113 2385 borealem
3159 2337 3371 2396 partem

1783 2411 2002 2472 montis,
2041 2411 2421 2468 Melchisedeci
2468 2414 2722 2489 spelunca
2782 2415 3152 2483 censpicitur,
3207 2417 3370 2487 digna

1764 2497 1993 2572 'quze‘ab
2033 2503 2286 2558 omnibus
2321 2503 2614 2574 videatur,
2665 2505 2896 2561 diversis
2941 2507 3177 2575 undique
3232 2507 3374 2563 fura-

1784 2595 2020 2650 minibus
2061 2598 2297 2666 patens:
2335 2595 2389 2650 in
2440 2611 2617 2666 eaque
2659 2595 2774 2653 loca
2813 2599 3125 2667 Superiora,
3153 2608 3207 2654 et
3251 2601 3375 2653 sub-

1783 2697 2060 2755 lcrranea,
2093 2695 2147 2742 et
2199 2687 2362 2743 varia:
2416 2687 2800 2755 habitationes,
2857 2699 2910 2744 et
2940 2689 3087 2745 cellae
3122 2691 3175 2745 in
3209 2693 3374 2746 Asce-

1782 2792 1959 2836 tarum
2024 2782 2326 2853 ministeria
2379 2783 2751 2852 exercitiaque
2819 2782 3266 2854 dispertiuntur;
3319 2795 3373 2840 et

1789 2873 2270 2945 multiingentium
2296 2882 2636 2941 sanctorum,
2667 2873 3082 2932 exercitationis
3110 2891 3223 2931 suae
3253 2892 3374 2930 cur-

1782 2965 1970 3026 sunrin
1982 2963 2089 3020 illis
2105 2965 2471 3021 absolverunt.
2486 2965 2807 3035 Speluncam
2822 2981 2987 3036 prope
2999 2978 3080 3023 est
3097 2956 3292 3037 templu
3304 2986 3344 3019 us
3358 3010 3372 3033 ,
3429 2985 3432 2989 ’

114 3041 528 3110 χρηματίζοντα,
554 3046 635 3106 είς
664 3043 701 3098 ἆ
739 3048 835 3098 καὶ
867 3043 1055 3097 πολλοὶ⁸
1082 3061 1192 3097 των
1225 3043 1478 3113 μεγάλων
1505 3042 1674 3108 ἁγίων

1781 3056 1970 3111 eodem
2025 3054 2116 3110 illo
2143 3057 2195 3110 in
2242 3055 2378 3121 loco,
2409 3060 2462 3110 in
2494 3071 2600 3124 quo
2635 3055 2869 3112 Abraha:
2915 3072 3212 3114 occurrens
3242 3057 3374 3112 Mcl-

113 3133 196 3186 τὸν
220 3137 516 3209 ἀσκητικὸν
537 3138 738 3209 δρόμον
760 3138 1043 3211 διήνυσαν.
1064 3139 1266 3208 Ἐγγὺς
1289 3139 1384 3191 τοῦ
1410 3137 1678 3209 σπηλαίου

116 3227 299 3281 τούτου
329 3216 452 3282 ἐστὶ
481 3230 630 3296 ναὸς,
678 3232 802 3284 κατ’
848 3233 1014 3287 αὑτὸν
1050 3231 1121 3302 δὴ
1149 3231 1244 3285 τὸν
1289 3231 1477 3296 τόπον,
1515 3232 1593 3293 είς
1620 3231 1681 3284 ὃν

117 3319 216 3372 ἀπὸ
238 3323 334 3392 τῆς
363 3324 542 3395 κοπῆς
576 3325 671 3378 τὸν
701 3325 954 3396 Ἀϐραὰμ
980 3325 1398 3394 ἀποστρέφοντα
1425 3325 1453 3376 ὁ
1477 3324 1684 3394 Μελχι-

120 3413 265 3468 σεδὲκ
309 3418 673 3486 συναντήσας,
733 3420 828 3473 καὶ
882 3417 1187 3488 εὐλογήσας
1232 3417 1491 3481 ἐξένισεν.
1547 3416 1682 3468 Ἀπὸ

119 3502 202 3555 τοῦ
227 3507 473 3559 τοιούτου
496 3506 659 3576 ἁγίου
705 3507 898 3578 βουνοῦ
932 3508 1069 3577 πρὸς
1096 3506 1194 3577 τὴν
1226 3506 1450 3577 πρώτην
1480 3507 1678 3559 ἀνατο-

118 3594 206 3666 λὴν
237 3600 514 3664 ἀτενίσας,
549 3599 620 3654 τὰ
649 3600 749 3670 ἓλη
794 3602 888 3654 καὶ
916 3601 1014 3671 τὴν
1045 3597 1453 3672 φάραγγαςὸψει
1500 3598 1595 3651 τοῦ
1624 3599 1680 3650 ὲν

122 3695 375 3760 ποταμοῖς
426 3693 737 3762 ἁγιωτάτου
780 3693 1077 3765 Ἰορδάνου.
1110 3691 1236 3745 Ἐπὶ
1285 3692 1451 3745 πλέον
1483 3691 1540 3745 δὲ
1588 3689 1679 3744 τὸν

121 3782 383 3853 ὀφθαλμὸν
409 3774 662 3849 ὲκῖείνας
698 3783 768 3839 τὰ
802 3784 896 3838 τοῦ
934 3784 1171 3840 Λιϐάνου
1213 3784 1350 3855 πρὸς
1390 3782 1681 3853 ἀνίσχοντα

122 3873 376 3941 βλέποντα
409 3877 564 3948 ἥλιον
595 3878 738 3949 μέρη
765 3877 960 3950 θεάσῃ,
1003 3876 1216 3930 καὶδύο
1250 3875 1523 3946 μεγάλους
1555 3875 1679 3945 βου-

121 3968 232 4032 νοὺς
257 3964 333 4024 ῶν
366 3972 534 4040 μέσον
559 3972 594 4043 η
626 3971 918 4041 Δαμασκδς
958 3969 1197 4040 ἵδρυται.
1227 3965 1604 4037 Παρεκκλίνας
1624 3965 1682 4018 δὲ

124 4062 305 4130 μικρὸν
333 4060 473 4129 πρὸς
499 4062 562 4114 τὸ
599 4062 1028 4133 εὐωνυμώτατον
1062 4062 1224 4132 μέρος
1265 4059 1359 4113 τοῦ
1409 4058 1679 4128 Ἰορδάνου

122 4148 203 4201 τὸν
221 4150 527 4222 ὀφθαλμὸν,
550 4155 685 4224 δρᾷς
698 4154 798 4225 τὴν
827 4152 1408 4223 Τιϐεριάδαθάλασσαν
1430 4151 1570 4207 πάνυ
1587 4167 1682 4204 κα-

124 4239 292 4311 θαρῶς
319 4244 416 4298 καὶ
440 4245 831 4317 άνενοχλητως,
853 4240 922 4318 ἧς
945 4245 1005 4300 ὲν
1033 4245 1110 4315 τῷ
1139 4245 1500 4316 ἀντιπέραθεν
1526 4245 1683 4316 μέρει

127 4337 307 4406 μικρόν
342 4353 397 4390 τι
433 4335 637 4407 ὕψωμα
669 4337 1000 4410 ἐμφαίνεται
1050 4337 1324 4409 χώματος,
1373 4340 1430 4390 ἐν
1462 4332 1506 4406 ᾧ
1551 4339 1680 4402 τοὺς

124 4428 305 4497 ἄρτους
332 4434 362 4485 ὁ
390 4430 583 4503 Σωτὴρ
613 4432 913 4502 ηὑλόγησε,
941 4432 1185 4494 καὶκτοὺς
1210 4429 1683 4501 πεντακισχιλίους

126 4521 377 4594 ἐψώμισε,
408 4525 616 4593 persas
640 4524 740 4597 τὴν
766 4526 1063 4580 ἀνάστασιν
1099 4527 1211 4594 τοῖς
1238 4524 1508 4596 μαθηταῖς
1540 4541 1679 4577 συν-

123 4603 430 4684 ηρίστησεν,
489 4617 548 4668 ὲν
592 4620 658 4688 τῇ
715 4617 824 4671 τῶν
874 4618 1069 4680 έκατδν
1122 4619 1472 4686 πεντήκοντα
1512 4616 1686 4688 τριῶν¹

129 4706 310 4775 ἰχθύων
336 4709 506 4780 ἄγρᾳ.
543 4710 703 4763 Κατὰ
743 4711 802 4764 δὲ.
847 4712 908 4764 τὸ
949 4711 1197 4781 ἀρκτῷον
1245 4711 1408 4781 μέρος
1456 4710 1546 4763 τοῦ
1580 4710 1680 4762 αὺ-

127 4798 210 4851 τοῦ
235 4798 448 4875 βουνοῦ,
478 4801 666 4873 ἕτερος
696 4802 796 4872 τὴν
822 4803 1050 4857 πεδιάδα
1074 4803 1291 4874 ἐκείνην
1316 4801 1678 4881 περιζωννύει

128 4887 294 4958 ζυγὸς,
343 4892 478 4946 ὡσεὶ
499 4893 709 4969 δώδεκα
741 4895 972 4949 σταδίων
1005 4896 1281 4967 διάστημα
1311 4899 1344 4967 ἢ
1377 4899 1468 4951 καὶ
1493 4896 1679 4950 πλεῖον

130 4980 282 5033 αὐτοῦ
305 4984 710 5055 διαιρούμενον.
749 4986 1017 5058 ’Υπάρχει
1051 4988 1106 5041 δὲ
1136 4991 1194 5042 ὲν
1228 4992 1342 5051 τοῖς
1379 4989 1544 5042 αὐτοῦ
1579 5008 1681 5047 κα-

130 5073 422 5144 ταχύμασιν
443 5079 478 5148 ἡ
509 5077 663 5141 πόλις
691 5078 893 5148 Ναεὶμ,
922 5083 999 5143 εἰς
1024 5082 1093 5152 ἢν
1126 5085 1154 5134 ὁ
1204 5082 1408 5150 Κύριος
1455 5084 1549 5136 τὸν
1579 5084 1681 5152 τῆς

132 5166 286 5234 χήρας
312 5172 430 5223 υἱόν
454 5173 520 5224 ἐκ
548 5174 756 5242 νεκρῶν
785 5174 1027 5245 ἤγειρεν.
1075 5176 1163 5229 Ἐν
1211 5176 1267 5228 δὲ
1299 5176 1377 5246 τῷ
1430 5177 1678 5230 ἀνατολι-

134 5263 340 5334 κωτέρῳ
365 5265 547 5337 μέρει·
571 5268 669 5336 τῆς
702 5269 875 5338 αὐτῆς
913 5268 1121 5331 πόλεως
1150 5272 1342 5340 ὁρᾶται
1375 5272 1436 5322 τὸ
1475 5271 1678 5340 χωρίον

1783 3147 2053 3212 cbisedec,
2112 3146 2403 3202 revertenti
2465 3162 2494 3201 a
2554 3148 2722 3217 caede,
2785 3148 3081 3212 benedixit,
3120 3150 3376 3217 hospitiu-

1735 3280 1738 3282 η
1782 3253 1888 3306 que
1935 3239 2182 3294 eumdem
2244 3239 2480 3308 excepit.
2517 3241 2593 3293 Ex
2652 3242 2755 3294 hoc
2793 3239 2994 3306 colle,
3056 3240 3121 3293 ad
3172 3239 3373 3308 primos

1781 3331 1914 3386 solis
1961 3338 2116 3384 ortus
2163 3329 2336 3385 aciem
2380 3331 2661 3385 oculorum
2738 3331 3061 3397 intendens,
3124 3331 3368 3397 paludes,

1784 3423 2088 3492 vallemque
2129 3460 2144 3487 ,
2190 3416 2519 3478 sanctissimi
2571 3421 2825 3477 Jordanis
2866 3423 3004 3476 inter
3059 3421 3269 3485 ﬂuvios,
3298 3434 3371 3486 et,

1781 3516 1828 3570 si
1859 3514 2084 3570 ulterius
2110 3515 2280 3570 aciem
2309 3510 2593 3579 direxeris,
2629 3525 2812 3585 partes
2842 3514 3055 3581 Libani,
3086 3514 3152 3568 ad
3185 3517 3369 3570 orien-

1783 3617 1891 3662 tem
1923 3607 2090 3662 solem
2122 3617 2414 3672 vertentes,
2458 3606 2790 3672 intueberis;
2828 3608 3098 3676 simulque
3153 3617 3206 3662 ct
3239 3610 3370 3662 duos

1785 3687 2032 3766 ingentes
2100 3705 2333 3762 montes,
2368 3699 2420 3752 in
2472 3713 2702 3768 quorum
2730 3699 2906 3752 medio
2934 3699 3224 3752 Damascus
3260 3698 3371 3750 col-

1785 3786 2018 3841 locatur.
2053 3787 2339 3841 Declinans
2361 3802 2488 3841 vero
2540 3787 2814 3856 paululum
2850 3790 2916 3841 ad
2937 3788 3214 3842 sinistram
3248 3784 3369 3839 Jor~

1785 3876 1941 3932 danis
1999 3877 2213 3944 oculos,
2254 3876 2570 3933 Tiberiadis
2622 3892 2771 3932 mare
2827 3891 3085 3946 perquam
3135 3877 3278 3929 clare
3311 3892 3372 3928 at:

1783 3969 1902 4024 sine
1935 3969 2041 4023 ullo
2075 3965 2463 4039 impedimento
2503 3968 2794 4039 spectabis.
2844 3970 3014 4037 Cujus
3047 3969 3100 4022 in
3146 3970 3368 4022 adversa

1785 4073 1939 4130 parte
1997 4076 2194 4132 parvus
2232 4077 2398 4133 agger
2443 4063 2724 4130 attollitur,
2771 4061 2825 4115 in
2889 4076 3059 4130 eoque
3125 4060 3370 4113 Salvator

1786 4153 2014 4224 panibus
2100 4155 2398 4219 benedixit,
2469 4163 2521 4209 ct
2579 4156 2815 4223 quinque
2877 4154 3046 4207 millia
3091 4152 3368 4208 hominum

1785 4246 2139 4314 exsaturavit,
2175 4256 2371 4316 etpost
2393 4247 2846 4302 resurrectionem
2899 4261 3007 4300 una
3043 4260 3165 4300 cum
3208 4245 3369 4299 discio‘

1786 4337 1947 4406 pulis,
1980 4347 2102 4407 post
2133 4349 2351 4394 centum
2372 4337 2763 4408 quinquaginta
2818 4338 2980 4393 trium
3013 4337 3241 4407 piscium
3272 4351 3368 4392 ca-

1713 4407 1760 4467 D
1787 4441 2026 4501 ptnram,
2059 4445 2290 4504 pransus
2322 4442 2428 4487 est.
2451 4431 2703 4500 Ejusdem
2729 4431 2928 4485 montis
2952 4431 3018 4485 ad
3040 4431 3365 4500 septentrio-

1782 4523 1962 4578 nalem
2011 4523 2406 4592 partem,aliud
2441 4525 2629 4593 jugum
2670 4523 2948 4592 planitiem
2987 4524 3174 4593 cingit,
3233 4524 3371 4578 dno-

1782 4618 1954 4672 decim
1988 4618 2290 4672 stadiorum
2323 4616 2493 4671 ferme
2537 4618 2823 4671 intervallo
2854 4627 2908 4672 ct
2942 4618 3172 4686 amplius
3204 4617 3365 4671 etiam

1783 4710 2142 4764 subdivisum.
2201 4710 2262 4763 In
2295 4709 2442 4765 illius
2493 4726 2729 4767 excursu
2766 4713 2912 4782 jacet
2951 4711 3079 4766 urbs
3103 4708 3283 4774 Naim,
3312 4709 3366 4763 in

1781 4817 1885 4872 qua
1918 4801 2181 4859 Dominus
2203 4803 2373 4880 lilium
2428 4804 2604 4860 vidua:
2634 4821 2701 4860 ex
2737 4807 2968 4874 mortuis
3011 4804 3061 4856 in
3093 4803 3260 4856 vitam
3283 4817 3366 4855 rc-

1789 4895 2021 4949 vocavit.
2069 4893 2128 4948 In
2193 4896 2475 4952 orientalis
2510 4896 2746 4953 civitatis
2789 4905 2966 4968 parte,
2999 4893 3260 4964 oppidum
3284 4894 3360 4945 vi-

1781 4987 1920 5041 situr
1977 4987 2216 5042 Aendor.
2245 4988 2393 5043 Inter
2428 4989 2784 5054 Thaborium,
2841 4987 3020 5055 Naim,
3049 4996 3103 5042 ct
3130 4987 3363 5046 Acutior,

1785 5089 1995 5133 torrens
2059 5079 2254 5136 Cisson
2313 5081 2563 5150 perﬂuit,
2600 5083 2669 5138 de
2709 5098 2814 5152 quo
2874 5083 2951 5136 ait
3024 5072 3366 5135 David:Fac

1779 5182 1885 5236 illis
1916 5185 2053 5238 sicut
2076 5184 2300 5239 .iladt'an
2340 5197 2386 5240 et
2426 5187 2646 5253 Sicana,
2675 5191 2810 5242 sicut
2868 5187 3030 5241 labia
3053 5187 3106 5238 in
3135 5195 3365 5238 torrente

1779 5273 1964 5330 Cisson
2005 5292 2023 5330 :
2048 5278 2400 5347 disperierunt
2425 5281 2480 5333 in
2503 5282 2715 5335 Aendar
2739 5283 2782 5334 ³.

132 5348 368 5427 ’Δενδὼρ,
403 5361 569 5428 μέσον
597 5359 656 5412 δὲ
678 5361 772 5412 τοῦ
820 5359 1020 5428 Θαδὼρ
1056 5361 1156 5430 τῆς
1195 5361 1378 5431 Ναείμ
1408 5378 1468 5414 τε
1507 5363 1601 5415 καὶ
1639 5364 1733 5417 τοῦ
1772 5365 2008 5435 Ἀενδὼρ
2054 5370 2342 5449 περιρρέει
2391 5373 2422 5423 ὁ
2462 5371 2767 5442 χείμαρῤος
2827 5371 3071 5430 Κίσσων,
3132 5366 3262 5433 περὶ
3299 5353 3360 5411 οὗ

135 5471 283 5524 φησιν
314 5456 342 5507 ό
362 5457 528 5510 Δαόίδ
548 5475 563 5489 ο
589 5459 857 5530 Ποίησον
879 5457 1100 5521 αὐτοὺς
1133 5457 1213 5522 ὠς
1237 5457 1351 5527 τὴν
1377 5455 1613 5529 Μαδιάμ
1641 5458 1740 5512 καὶ
1769 5455 1850 5521 τῷ
1876 5459 2124 5527 Σισάρςι,
2157 5461 2260 5526 ὡς.
2284 5461 2351 5514 τὸ
2399 5462 2616 5532 Ἰαϐεὶμ
2660 5464 2730 5516 ἐν
2766 5460 2846 5524 τῷ
2889 5457 3185 5528 χειμάρρῳ
3219 5456 3362 5506 Κισο

135 5546 244 5599 σώτ-
267 5567 279 5579 ·
315 5550 848 5616 ἐξωλοθρεύθησαν
872 5551 941 5602 ἐν
982 5548 1242 5620 Ἀενδὼρ.

190 5710 208 5739 ³
236 5709 373 5766 Psal.
404 5726 576 5776 nm,
622 5712 707 5766 l0.
813 5752 816 5754 η

438 5807 709 5865 Parnm.
749 5808 864 5866 Gn.
912 5803 1227 5865 CXXXI“.

2978 5800 3050 5865 30
