3956 6324
88 272 164 335 941

143 385 210 436 ιδ’.
259 380 396 436 ’Λπδ
447 380 546 448 τῆς
590 373 908 445 Σαμαρείας
939 370 1042 435 ἕως
1091 371 1190 441 τῆς
1217 369 1380 438 ἁγίας
1422 363 1633 426 πόλεώς
1665 375 1704 426 Α

84 479 167 529 είσι
198 475 377 528 στάδια
407 470 746 540 ὀγδοήκοντα
800 466 1066 536 τέσσαρα,
1100 458 1176 520 ὦν
1207 464 1238 534 ἡ
1266 460 1442 523 διόδος
1475 459 1630 512 πᾶσα

84 566 433 635 λιθόστρωτος,
465 561 561 614 καὶ
598 558 774 612 ταῦτα
821 558 1131 629 κατάξηρος
1187 551 1324 610 οὖσα
1387 555 1420 623 ὴ
1474 553 1632 605 πᾶσα

83 657 276 725 τοιαύτη
312 655 492 725 χώρα,
544 654 641 707 καὶ
687 654 951 725 αὐχμηρὰ
982 654 1099 705 ἐστι
1133 653 1229 705 καὶ
1278 642 1632 717 κατάμπελος

83 749 156 798 καὶ
182 743 523 811 ὑπόόενδρος,
572 743 606 812 ἡ
647 740 705 796 δὲ
737 741 870 810 ἁγία
901 740 1056 802 πόλις
1090 739 1270 791 κεῖται
1311 735 1478 804 μέσον
1518 733 1635 783 δια-

82 833 232 902 φόρων
259 830 587 900 φαράγγων,
623 831 718 884 καὶ
752 828 982 897 βουνῶν,
1021 829 1116 879 καὶ
1153 825 1273 877 ἐστὶ
1300 821 1362 875 τό
1396 822 1454 874 ὲν
1493 819 1632 889 αὐτῇ

82 921 426 990 θεωρούμενον
473 922 817 990 θαυμαστόν.
860 917 953 968 Ἐν
989 913 1166 985 ταύτῃ
1204 912 1313 984 γὰρ
1359 911 1635 994 ὑπερανε-

84 1016 281 1080 στηκυῖα
330 1013 525 1084 ὁρᾶται
572 1014 606 1084 ὴ
649 1012 804 1073 πόλις
857 1010 951 1062 καὶ
1023 1007 1302 1079 χθαμαλὴ,
1349 1003 1484 1074 πρὸς
1524 1003 1635 1071 γὰρ

81 1106 160 1175 τὴν
190 1106 282 1176 τῆς
317 1104 585 1168 Ἰουδαίας
614 1105 802 1175 χώραν
850 1085 1004 1155 ὲστλν
1041 1099 1445 1172 ὑπερκειμένη,
1496 1094 1635 1166 πρὸς

80 1197 124 1249 δε
149 1196 209 1250 τὰ
247 1197 490 1267 ἐχόμενα
519 1197 726 1266 ταύτης
765 1192 1013 1264 γηόλοφα
1045 1190 1472 1263 χθαμαλίζεται.
1541 1187 1637 1250 Εἰς

80 1291 169 1358 γὰρ
198 1289 287 1343 δύο
321 1290 463 1360 μέρη
506 1291 534 1342 6
575 1288 720 1349 θεῖος
761 1279 919 1350 οὗτος
961 1285 1261 1356 διαιρεῖται
1300 1282 1502 1353 χῶρος,
1540 1279 1639 1333 καὶ

80 1381 194 1450 πρὸς
226 1382 323 1452 μὲν
353 1381 415 1433 τὸ
444 1379 540 1433 τοῦ
577 1377 756 1444 δεξιοῦ
789 1378 979 1450 βουνοῦ
1003 1375 1436 1448 χθαμαλώτερον
1471 1374 1639 1451 μέρος

78 1476 102 1540 ἡ
135 1472 254 1540 ἁγία
301 1471 455 1534 πόλις
488 1470 794 1540 ὲφίδρυται,
830 1466 897 1543 ἧς
935 1472 963 1523 6
1003 1468 1289 1540 περίϐολος
1323 1468 1487 1538 μέχρι
1539 1467 1638 1535 τῆς

80 1565 339 1633 φάραγγος
364 1564 725 1635 καταντᾷ,“τδ
763 1562 807 1616 δ’
839 1561 1080 1633 ὕπερθεν
1109 1561 1319 1630 ταύτης
1350 1560 1501 1612 ἐστὶν
1517 1558 1639 1610 δλον

79 1657 407 1726 ὑπάμπελον,
442 1659 501 1710 ὲν
532 1649 575 1724 ᾧ
607 1657 700 1713 καὶ
737 1657 766 1708 6
796 1655 1064 1726 λιθασμὸς
1098 1653 1195 1706 τοῦ
1234 1650 1641 1721 πρωτομάρτυ-

1081 253 1538 320 DESCRIPTIO
1572 224 1863 329 renus
1905 246 2242 310 simam.

3217 240 3327 305 942

1813 361 1902 418 Η.
1935 362 1974 414 Α
2013 358 2259 413 Samaria
2286 356 2366 422 ad
2423 370 2635 410 sacram
2670 353 2964 426 .civitatcm
3009 354 3182 406 stadia
3225 372 3327 408 nu-

1733 463 2016 507 merantur
2067 462 2300 520 quatuor
2329 459 2382 504 et
2409 451 2706 519 octoginta.
2753 446 2850 501 Via
2894 457 2978 501 est
3039 447 3217 500 omnis
3249 447 3327 500 la-

1740 545 1958 615 pidibus
1986 553 2177 607 strata,
2215 553 2287 606 et,
2342 543 2467 596 licet
2493 552 2604 596 tota
2646 557 2708 596 ea
2743 540 2890 610 regio
2929 541 3175 595 siccitate
3204 554 3329 593 are-

1735 643 1854 699 scat
1901 642 1956 690 et
2009 633 2282 703 squaleat,
2318 633 2515 703 ubique
2557 642 2735 686 tamen
2786 633 2989 688 viribus
3039 644 3095 687 et
3122 632 3332 686 arbori-

1735 725 2255 802 busjconstipatur.
2300 724 2503 779 Sancta
2555 724 2748 780 civitas
2805 724 2970 781 variis
3017 724 3250 780 vallibus
3278 734 3333 779 et

1737 799 2018 872 montibus
2072 799 2511 884 circumsepitur,
2578 830 2678 870 nec
2735 815 3094 871 admiratione
3144 825 3329 881 caret,

1736 907 1964 978 quodin
2027 922 2090 961 ea
2143 907 2690 980 spcctatur;reodem
2725 905 2871 960 enim
2923 891 3329 974 teniporismo-

1740 1010 1943 1064 mento,
2007 1008 2062 1052 et
2138 999 2551 1067 supereminens
2618 1009 2672 1053 et
2723 1000 2980 1068 depressa
3047 1010 3323 1068 apparet:

1738 1105 1977 1159 namque
2025 1084 2070 1145 si
2121 1089 2320 1146 Iudaeae
2358 1105 2510 1146 oram
2559 1092 2875 1160 inspexeris.
2919 1091 3329 1160 supereminet;

1739 1184 1785 1238 si
1828 1184 1996 1238 colles
2061 1181 2135 1236 illi
2213 1183 2576 1254 adhaerentes,
2670 1184 3065 1269 complanatur.
3109 1182 3334 1238 Divinus
3429 1172 3437 1181 ”

1739 1277 1939 1346 quippe
1985 1276 2136 1331 locus
2160 1273 2210 1330 in
2264 1287 2447 1346 partcs
2475 1277 2606 1331 duas
2633 1274 2913 1342 dividitur,
2957 1285 3008 1329 et
3031 1276 3095 1330 ad
3133 1277 3335 1331 montis

1740 1367 1949 1422 dexteri
1983 1376 2194 1436 partem
2226 1367 2576 1421 decliviorem
2603 1377 2788 1422 sancta
2819 1365 3012 1421 civitas
3040 1365 3332 1429 fundatur;

1743 1458 1896 1526 cujus
1953 1459 2190 1513 ambitus
2245 1459 2313 1513 ad
2358 1459 2547 1512 vallem
2581 1474 2750 1528 usque
2789 1457 3154 1523 dill‘unditur;
3212 1455 3368 1524 pars

1745 1551 1890 1606 illius
1944 1553 2193 1620 superior
2234 1561 2344 1606 tota
2388 1551 2587 1606 vitibus
2629 1555 2836 1606 consita
2866 1563 2970 1616 est,
3002 1554 3088 1605 ubi
3113 1563 3336 1606 sanctus

1745 1653 2114 1713 protomartyr
2159 1643 2470 1714 Stephanus
2528 1644 2792 1713 lapidibus
2853 1644 3098 1712 obrutus,
3148 1645 3336 1700 laevam

83 1767 157 1818 ρος
182 1750 336 1820 ἁγίου
366 1750 641 1820 Στεφάνου
668 1751 906 1819 ἐγένετο.
934 1749 1006 1801 Τὸ
1028 1748 1086 1801 δὲ
1114 1745 1308 1801 τούτου
1329 1744 1634 1814 εὐώνυμον,

1768 1734 1887 1789 llius
1917 1747 2128 1804 partem
2163 1749 2311 1791 trans
2342 1737 2533 1790 vallem
2572 1750 2726 1791 mons
2771 1735 3046 1791 Olivarum
3071 1748 3337 1806 occupat;

78 1845 158 1898 καὶ
186 1845 281 1916 τῆς
339 1845 628 1918 φάραγγος
662 1842 907 1912 πέραθεν
939 1841 1002 1895 τὸ
1045 1840 1139 1895 τοῦ
1170 1839 1466 1902 Ἐλαιῶνος
1509 1840 1640 1910 ὅρος

77 1940 313 2010 ὑπάρχει,
365 1929 500 1996 ἔνθα
536 1943 564 1994 6
599 1939 803 2007 Κύριος
845 1937 1110 2001 πολλάκις
1151 1934 1638 2006 ἐμφιλοχωρήσας,

74 2021 150 2073 τὸν
180 2022 297 2075 ὅλον
323 2026 534 2077 ἐκεῖνον
562 2022 871 2094 ,καθηγίασε
921 2023 1088 2075 τόπον
1125 2023 1194 2092 τῇ
1232 2021 1539 2090 προσευχῇ,
1575 2019 1639 2087 τῇ

73 2114 398 2185 διδασκαλίᾳ,
437 2112 536 2167 καὶ
584 2114 736 2178 τέλος
784 2116 848 2185 τῇ
901 2114 1023 2184 θείᾳ
1081 2111 1220 2183 πρὸς
1270 2115 1362 2165 τδν
1419 2110 1643 2180 Πατέρα

74 2205 319 2275 ἀναλήψει
384 2205 572 2261 αὐτοῦ.
616 2207 680 2259 Ἡ
715 2205 773 2258 δὲ
822 2205 958 2274 ἁγία
988 2205 1156 2276 ,Σιὼν
1201 2201 1512 2275 ἔμπροσθεν
1542 2201 1644 2272 τῆς

73 2297 214 2361 ἁγίας
273 2298 482 2362 πόλεώς
527 2299 688 2364 ἔστι,
739 2300 972 2370 κειμένη
1007 2299 1139 2370 περὶ
1189 2299 1258 2351 τὰ
1291 2295 1446 2364 δεξιὰ
1500 2296 1644 2366 μέρη

75 2388 250 2457 αὐτῆς.
282 2388 437 2458 Ἔχει
470 2385 564 2442 οὖν
599 2389 630 2458 ὴ
660 2388 868 2458 ταύτης
903 2388 1226 2459 περιγραφὴ
1253 2386 1449 2451 οὕτως.
1483 2378 1646 2438 Ἐστι

76 2480 398 2544 κτστέλλιον,
448 2481 507 2535 ὲν
554 2475 598 2548 ᾧ
639 2479 884 2551 ὑπάρχει
923 2483 954 2551 ἡ
998 2480 1132 2549 ἁγία
1178 2481 1340 2544 Σιὼν,
1389 2481 1423 2550 ὴ
1463 2479 1647 2550 μήτηρ

75 2575 170 2641 τῶν
189 2573 554 2642 Ἐκκλησιὼνο
575 2575 601 2625 ό
630 2572 686 2626 δὲ
718 2571 962 2636 τοιοῦτος
993 2572 1119 2633 ναός
1157 2574 1274 2624 ἐστι
1308 2571 1636 2641 πάμμεγας,

76 2663 420 2734 κυλινδρωτδν
462 2659 605 2731 ἔχων
639 2661 736 2731 τὴν
774 2661 1000 2734 ὀροφὴν.
1047 2654 1122 2714 Οὗ
1166 2647 1501 2722 εἰσελθόντος
1548 2659 1649 2722 τὰς

75 2756 266 2824 ὡραίας
297 2738 493 2818 πύλας,
523 2757 639 2807 ἐστι
680 2755 820 2807 κατὰ
855 2755 915 2806 τὸ
936 2753 1252 2824 εὑνώνυμον
1289 2755 1458 2823 μέρος
1498 2755 1646 2807 οίκία

78 2846 157 2897 ῗυῦ
192 2846 348 2913 ἁγίου
384 2844 634 2899 Ἰωάννου
667 2845 762 2897 τοῦ
799 2844 1086 2913 Θεολόγου,
1119 2846 1177 2897 ὲν
1285 2846 1316 2912 ἡ
1368 2843 1648 2914 ὑπεραγία

77 2940 324 3002 Θεοτὸκος
357 2938 498 3010 μετὰ
524 2941 623 3008 τὴν
654 2939 956 2992 ἀνάστασιν
987 2939 1294 3007 κατέμενεν
1323 2954 1338 2969 ο
1371 2939 1502 2990 ἑνθα
1549 2939 1646 2991 καὶ

77 3026 356 3098 εκοιμήθη.
393 3028 503 3080 Καὶ
527 3028 672 3079 ἔστιν
703 3027 759 3079 ὲν
786 3025 863 3097 τῷ
894 3027 1048 3097 τόπῳ
1077 3027 1271 3098 ἐκείνῳ
1314 3025 1525 3080 χελλίον
1558 3026 1650 3079 διὰ

81 3121 330 3190 οιόηρὲων
373 3119 667 3188 κιγκλίδων
715 3117 1272 3189 περιθριγγούμενον,
1324 3121 1417 3183 καὶ
1479 3121 1536 3171 ὲν
1569 3114 1647 3186 τῷ
1676 3099 1720 3158 c

77 3211 235 3280 τόπῳ,
272 3213 330 3263 ὲν
357 3204 401 3279 ᾧ
428 3209 527 3280 τὴν
559 3211 834 3278 παναγίαν
863 3209 1036 3278 αὐτῆς
1060 3207 1238 3279 ψυχὴν
1271 3207 1543 3280 παρέθετο
1576 3209 1654 3278 τῷ

83 3304 302 3372 Υιῴκαὶ
329 3303 475 3374 θεῷ,
510 3303 762 3373 όμφάλια
810 3301 924 3357 δύο.
975 3304 1138 3372 Δεξιᾷ
1167 3302 1222 3354 δὲ
1263 3300 1358 3353 τοῦ
1402 3301 1654 3354 τοιούτου

81 3395 200 3449 ναοῦ
226 3399 347 3448 ἐστι
385 3398 535 3466 πρὸς.
563 3397 623 3449 τὸ
655 3393 981 3466 δεξιώτερον
1016 3397 1184 3466 μέρος
1219 3396 1312 3448 τοῦ
1356 3397 1655 3468 θυσιαστη-

84 3487 194 3553 ρίου
234 3488 298 3538 τὸ
349 3486 628 3556 ὑπερῷον,
681 3487 822 3556 ἔχων
862 3486 963 3557 τὴν
1014 3470 1327 3541 ἄνοδοίδιὰ
1374 3489 1658 3560 βαθμίδων

85 3576 175 3641 ἐπ’.
245 3579 522 3650 ’Υπάρχει
570 3575 666 3632 οὖν
705 3581 732 3632 6
766 3580 1007 3643 τοιοῦτος
1053 3580 1182 3644 ναὸς
1226 3585 1658 3653 τετρακάμαρος

81 3671 436 3740 τρουλλωτός.
462 3670 554 3724 Ἐν
586 3672 643 3723 δὲ
675 3672 752 3743 τῷ
785 3671 1059 3743 εὐωνύμῳ
1085 3673 1242 3743 μέρει
1266 3674 1362 3727 τοῦ
1404 3675 1659 3745 ὑπερῴου

78 3767 264 3835 ὁρᾶται
297 3767 324 3818 6
354 3764 548 3828 τόπος,
580 3763 711 3819 ἔνθα
743 3764 971 3832 γέγονεν
1001 3766 1029 3818 6
1067 3765 1390 3828 δεσποτικὸς
1420 3765 1659 3830 δεῖπνος.

85 3857 186 3908 Καὶ
207 3860 269 3911 ὲν
295 3858 374 3925 τῷ
407 3857 584 3928 μύακι
614 3855 710 3908 τοῦ
746 3856 995 3925 βήματος
1037 3859 1070 3926 ἡ
1100 3856 1238 3927 πρὸς
1276 3857 1402 3920 τοὺς
1430 3858 1663 3912 ἀποστό-

85 3950 200 4013 λους
225 3949 456 4012 κάθοδος
490 3946 587 4000 τοῦ
610 3945 772 4015 ἁγίου
803 3946 1146 4016 Πνεύματος.
1191 3945 1583 4001 ’Υποκάτωθεν
1605 3945 1663 3999 δὲ

83 4042 168 4093 ταῦ
208 4041 461 4096 τοιούτου
515 4039 644 4093 ναοῦ
677 4041 908 4109 γέγονεν
954 4042 981 4092 ὀ
1009 4039 1248 4110 νιπτήρ⁶
1293 4042 1387 4094 καὶ
1422 4041 1660 4110 ὰκτικρὺ

84 4136 274 4189 τούτου
298 4133 442 4188 ἐστι
463 4134 611 4198 ναὸς,
642 4134 775 4187 ἔνθα
799 4133 875 4204 τὸ,
897 4133 1111 4203 οἴκημα
1137 4129 1225 4203 ἦν,
1258 4133 1316 4186 ὲν
1349 4124 1393 4200 ᾧ
1425 4133 1536 4188 τῶν
1567 4132 1662 4186 θυ-

87 4229 187 4296 ρῶν
244 4227 662 4297 κεκλεισμένων
700 4227 728 4276 6
758 4225 997 4295 Χριστὸς
1045 4224 1300 4294 εἰσῆλθεν
1346 4224 1488 4296 πρὸς
1538 4225 1667 4288 τοὺς

85 4321 441 4383 οποστόλους.
482 4316 656 4373 Ἔνθα
692 4322 834 4388 μετὰ
885 4317 948 4369 τὸ
991 4302 1316 4388 λιθασθῆναι
1361 4319 1390 4370 6
1448 4333 1666 4388 πρωτο-

1751 1843 1912 1898 quem
1979 1829 2242 1883 Dominus
2309 1828 2623 1898 frequenter
2652 1829 2913 1893 invisens,
2966 1827 3108 1883 etin
3149 1830 3342 1883 coim-

1753 1935 1999 1986 morans,
2067 1922 2380 1975 universum
2437 1921 2726 1977 sanctitate
2788 1921 3033 1991 replevit,
3071 1922 3338 1987 oratione,

1754 2013 2161 2082 praedicatione,
2191 2023 2244 2068 et
2274 2014 2488 2068 demum
2517 2023 2866 2069 sacrosancta
2909 2027 3004 2068 sua
3029 2015 3094 2068 ad
3123 2013 3338 2070 Patrem

1753 2107 2095 2161 ascensione.
2156 2105 2354 2161 Sancta
2383 2121 2513 2163 vero
2546 2107 2676 2163 Sion
2713 2116 2838 2162 ante
2876 2116 3120 2185 sanctam
3148 2107 3339 2163 urbem

1750 2197 1939 2259 sedem
1975 2198 2079 2253 sibi
2121 2200 2305 2265 habet,
2329 2200 2393 2255 ad
2423 2210 2633 2269 partem
2657 2198 2799 2256 illius
2833 2199 3110 2255 dexteram
3126 2199 3339 2269 jacens.

1754 2294 1923 2365 Cujus
1945 2295 2240 2364 descriptio
2262 2297 2376 2351 haec
2430 2296 2637 2351 fuerit:
2671 2294 2964 2353 Castellum
3011 2304 3115 2364 est,
3151 2298 3203 2353 in
3234 2313 3343 2367 quo

1754 2398 1942 2444 sancta
1990 2387 2143 2454 Sion,
2176 2387 2541 2444 Ecclesiarum
2592 2400 2785 2457 mater,
2822 2374 3151 2459 collocatur;
3206 2405 3345 2461 prae-

1752 2482 1944 2551 grandi
1987 2482 2358 2552 magnitudine
2383 2482 2612 2538 ecclesia
2662 2483 2953 2554 conspicua
2994 2494 3340 2550 est;tectum

1756 2573 1809 2626 iu
1846 2573 2233 2641 proceritatem
2265 2573 2574 2643 aequaliter
2637 2573 2992 2629 orbiculatam
3038 2572 3354 2644 etiiugitur;

1757 2665 1913 2735 cujus
1969 2666 2244 2734 speciosus
2288 2677 2472 2740 portas
2501 2667 2747 2735 ingresso
2774 2665 2892 2736 tibi,
2930 2666 2996 2721 ad
3017 2676 3228 2735 partem
3253 2665 3347 2720 lano

1757 2773 1882 2811 vam
1938 2757 2193 2826 ohjicitur
2238 2758 2414 2813 sancti
2461 2756 2689 2814 Joannis
2740 2757 2998 2830 'l'heologi
3041 2759 3254 2824 domus,
3289 2760 3345 2814 in

1757 2865 1865 2918 qua
1895 2849 2238 2909 sanctissima
2267 2849 2496 2920 Deipara
2533 2857 2654 2919 post
2709 2850 3163 2906 resurrectionem
3197 2865 3346 2905 como

1759 2942 2097 3004 morabatur,
2129 2941 2219 2996 ubi
2250 2950 2303 2996 et
2333 2952 2564 3000 mortem
2599 2941 2788 3009 obiit;.
2822 2941 3122 3011 visiturque
3145 2941 3343 2998 ibidem

1757 3021 1954 3088 cellula
2006 3032 2201 3089 ferreis
2237 3034 2490 3089 cancellis
2521 3033 2975 3099 circummunita,
3010 3033 3146 3089 etin
3200 3033 3341 3112 loco,

1759 3127 1848 3181 ubi
1916 3125 2313 3183 sanctissimam
2373 3127 2607 3180 animam
2643 3126 2750 3182 Deo
2812 3125 3056 3197 Filioque
3085 3127 3341 3194 reddidit,

1759 3219 2029 3273 umbones
2052 3219 2182 3272 bini.
2211 3218 2438 3280 Dextera
2474 3217 2675 3287 templi,
2709 3219 2776 3273 ad
2821 3219 3182 3281 dexteriorem
3205 3219 3349 3289 par;

1761 3317 1868 3361 tem
1926 3309 2546 3374 altaris,'cuenacu!um,
2603 3310 2655 3363 in
2709 3311 2851 3378 quod
2875 3309 3130 3378 gradibus
3163 3325 3269 3365 uno
3292 3322 3345 3366 et

1760 3402 2041 3470 sexaginta
2094 3401 2428 3456 ascenditur.
2489 3400 2768 3471 Templum
2823 3414 3060 3472 quatuor
3109 3404 3344 3459 fornices

1760 3507 1816 3548 et
1861 3494 2076 3547 trullam
2113 3492 2301 3547 habet.
2347 3491 2640 3548 lusinistra
2664 3503 2820 3563 parte
2856 3494 3141 3561 cmuaculi,
3172 3495 3342 3562 locus,

1763 3586 1817 3640 iu
1847 3601 1956 3656 quo
1982 3585 2136 3641 facta.
2154 3596 2238 3640 est
2263 3576 2543 3653 Domini‘ca
2569 3597 2757 3652 creua;
2788 3581 2842 3640 in
2860 3585 3098 3642 Bematis
3119 3587 3343 3658 mytulo,

1764 3682 1942 3738 sancti
1985 3680 2222 3752 Spiritus
2253 3681 2309 3748 in
2356 3679 2643 3751 Ap03tolos
2693 3681 3008 3739 descensus.
3043 3680 3114 3738 lu
3160 3684 3344 3753 templi
3379 3753 3391 3760 _

1765 3775 2023 3829 inferiore
2083 3782 2237 3843 parte
2268 3770 2518 3829 Christus
2552 3773 2715 3844 pedes
2770 3773 3133 3843 apostolorum
3173 3772 3344 3844 lavit,

1765 3874 1918 3940 cujus
1952 3871 2069 3926 loco
2107 3871 2336 3924 adverso
2369 3869 2624 3938 templqu
2663 3871 2917 3939 erigitur;
2961 3869 3014 3924 in
3042 3885 3108 3925 eo
3130 3872 3344 3940 domus,

1767 3964 1820 4017 lu
1856 3978 2019 4032 quam
2052 3961 2302 4018 Christus
2328 3962 2509 4032 januis
2535 3961 2732 4016 clausis
2759 3961 2826 4014 ad
2853 3967 3129 4030 apostolos
3155 3963 3348 4019 introi-

1769 4060 1885 4126 vit;
1922 4058 2010 4112 ubi
2071 4067 2192 4126 post
2222 4051 2606 4126 lapidationem
2639 4062 3004 4125 protomartyr
3037 4046 3346 4127 Stephanus

1769 4150 2011 4220 sepultus
2037 4158 2144 4214 est,
2173 4157 2283 4202 tum
2318 4147 2479 4226 alioa
2505 4145 2799 4202 Guntaliele
2857 4156 3098 4204 avectus.
3123 4147 3347 4204 Davidis

1772 4247 1936 4302 tnrris
1962 4247 2015 4300 in
2049 4242 2458 4314 septentrionali
2488 4243 2634 4296 urbis
2657 4251 2806 4309 parte
2844 4242 2947 4296 sita
2977 4243 3349 4320 est,-~immani

1773 4339 2146 4408 magnitudine
2197 4332 2553 4406 superbiens;
2609 4343 2662 4389 et
2694 4334 2819 4390 licet
2852 4336 2920 4390 ab
2943 4329 3348 4409 Hierosolomy-
3455 4356 3457 4359 τ

89 4415 303 4484 μάρτυρ
349 4412 627 4481 Στέφανος
663 4408 960 4473 τέθαπται,
1005 4411 1099 4463 καὶ
1137 4409 1290 4478 παρὰ
1323 4408 1419 4477 τοῦ
1471 4402 1655 4480 Γαμα-

1773 4433 1916 4488 tanis
1942 4431 2144 4495 accolis
2173 4439 2455 4485 ssseratur
2491 4442 2614 4483 esse
2646 4427 2880 4492 Davidis,
2911 4444 2939 4481 a
2983 4442 3070 4483 me
3111 4443 3216 4482 nou
3251 4423 3349 4482 im-

84 4506 202 4576 λιὴλ
237 4504 513 4576 μετετέθη
547 4506 630 4568 είς
664 4503 855 4574 ἕτερον
905 4503 1100 4555 τόπον,
1157 4501 1217 4553 ’0
1269 4501 1326 4553 δὲ
1366 4502 1666 4570 λεγόμενος

83 4598 171 4650 τοῦ
203 4597 377 4650 Δαὸιδ
396 4597 609 4667 πύργος
637 4596 818 4647 κεῖται
843 4594 973 4662 περὶ
998 4593 1060 4646 τὸ
1083 4592 1334 4662 ἀρκτῷον
1366 4593 1535 4662 μέρος
1568 4595 1667 4661 τῆς

85 4690 318 4753 πόλεως,
352 4690 451 4742 καὶ
481 4689 638 4741 ἔστιν
672 4690 700 4741 6
743 4685 956 4755 πύργος
989 4685 1545 4757 παμμεγεθέστατος,
1574 4689 1668 4737 και

85 4781 180 4832 κᾶν
229 4781 330 4834 τοῦ
377 4778 545 4833 Δαὸιδ
594 4778 747 4848 παρᾶ
797 4779 1020 4832 πάντων
1057 4777 1164 4829 τῶν
1195 4779 1254 4828 ἐν
1307 4773 1669 4845 Ἰερουσαλὴμ

84 4875 462 4943 ὡμολόγηται,
514 4871 631 4925 ἀλλ’
663 4873 878 4942 ἔμοιγε,
940 4869 1017 4934 ὡς
1065 4865 1244 4940 οἶμαι,
1293 4869 1360 4923 δι’
1411 4870 1670 4936 εὐλόγους

86 4966 489 5036 ἀμφιϐάλλεται
522 4959 724 5028 αίτίας.
757 4966 869 5017 Καὶ
900 4963 1006 5034 γὰρ
1030 4963 1118 5016 διὰ
1155 4962 1344 5027 ξεστοῦ
1361 4961 1510 5016 λίθου
1546 4965 1671 5014 λευ-

87 5061 177 5111 κοῦ
209 5063 240 5114 6
281 5060 550 5130 Ἰώσηπος
580 5059 672 5111 τὸν
716 5058 964 5112 τοιοῦτον
997 5057 1208 5128 πύργον
1257 5057 1462 5126 ἱστορεῖ
1512 5054 1672 5123 γενέ-

89 5159 230 5218 σθαι,
263 5155 357 5208 τόν
385 5172 447 5206 τε
495 5153 641 5217 ναὸν,
681 5155 777 5207 καὶ
815 5155 942 5215 τοὺς
970 5153 1194 5222 ἑτέρους
1231 5153 1286 5214 ὲς
1319 5150 1547 5220 ὔστερον
1580 5147 1676 5203 δύο

90 5251 340 5319 πύργους
372 5247 524 5319 παρὰ
561 5246 920 5316 τοῦἫρὼδου
949 5248 1027 5308 είς
1057 5244 1228 5315 ὄνομα
1252 5244 1548 5309 Φισαίλου,
1579 5242 1675 5294 καὶ

88 5344 390 5413 Μαριάμης
418 5341 763 5403 κτισθέντας.
807 5340 868 5392 Ὀ
899 5340 955 5392 δὲ
985 5341 1049 5391 ὲκ
1078 5337 1260 5391 κοινοῦ
1292 5337 1442 5389 λίθου
1474 5338 1670 5406 ἀνεγη-

90 5439 358 5511 γερμένος
395 5436 614 5507 ὁρᾶται.
651 5436 762 5487 Καὶ
807 5435 937 5496 ἴσως
964 5434 992 5486 6
1021 5433 1115 5486 νῦν
1148 5430 1422 5502 ὁρώμενος
1454 5433 1546 5482 ἐπὶ
1577 5429 1706 5500 τοῦ.

93 5531 434 5586 minuam.
456 5527 708 5599 θεμέλιος
728 5524 943 5598 πύργου
964 5524 1678 5595 ἁνῳκοδόμηται.Ἒχόμενα

91 5626 286 5677 τούτου
312 5623 552 5693 ὑπάρχει
580 5622 614 5690 ή
649 5620 786 5689 πρὸς
817 5620 915 5689 τὴν
949 5618 1105 5671 πόλιν
1134 5618 1382 5687 φέρουσα
1414 5615 1580 5685 πύλη,
1611 5617 1677 5686 ἣν

91 5717 356 5773 εἰσελθὼν
395 5714 645 5788 πορεύσῃ
692 5714 955 5768 πλατεῖαν
979 5712 1119 5778 ὁδὸν,
1153 5706 1220 5785 ἧς
1255 5711 1407 5781 δεξιᾷ
1447 5707 1678 5783 πλησίον

1771 4521 2054 4593 probabili,
2098 4529 2156 4573 ut
2205 4535 2348 4582 reor,
2398 4517 2608 4572 ratione
2670 4517 2724 4570 in
2773 4515 3000 4588 dubium.
3066 4516 3294 4570 vertitur
3328 4532 3348 4570 :
3421 4519 3424 4521 λ

1771 4627 2005 4682 namque
2037 4612 2224 4665 turrim
2250 4608 2469 4662 Davidis
2490 4622 2555 4659 ex
2581 4605 2729 4660 rasili
2757 4605 2879 4660 albo
2930 4603 3107 4676 lapide
3132 4615 3348 4662 exstru-

1770 4712 1911 4757 ctam
1972 4700 2159 4764 fuisse,
2229 4699 2484 4766 templum
2515 4705 2564 4750 et
2628 4695 2764 4751 alias
2798 4697 2932 4750 duas
2964 4705 3142 4750 turres
3164 4706 3345 4766 postea

1772 4794 1841 4850 ab
1869 4792 2077 4848 Herode
2105 4791 2157 4844 in
2215 4792 2470 4844 honorem
2505 4787 2732 4842 Phasmli
2771 4797 2825 4842 et
2879 4786 3189 4842 Mat-iamne
3207 4801 3349 4858 csa-

1774 4884 2016 4940 diﬁcatas
2067 4881 2332 4952 Josephus
2386 4882 2530 4949 fert;
2565 4890 2639 4944 at,
2674 4896 2793 4949 qua:
2825 4880 2984 4934 modo
3037 4878 3249 4946 visitur,
3281 4896 3349 4934 et

1774 4975 2047 5032 communi
2102 4975 2276 5043 lapide
2333 4983 2642 5028 constructa
2700 4982 2801 5040 est.
2861 4970 2928 5025 Et
2985 4969 3146 5038 ferte,
3186 4986 3345 5053 quam

1777 5082 1919 5122 nunc
1974 5054 2271 5143 intuemur,
2319 5059 2503 5135 super
2535 5065 2914 5119 vetustissima:
2961 5065 3126 5119 turris
3161 5063 3350 5119 funda-

1777 5171 1970 5228 menta
1991 5159 2244 5230 assurgit.
2282 5158 2453 5228 Prope
2482 5160 2693 5223 turrim,
2719 5172 2838 5227 quze
2857 5156 2923 5209 ad
2952 5158 3142 5210 urbem
3185 5156 3350 5218 ducit,

1777 5260 1952 5320 porta,
1984 5266 2144 5321 quam
2168 5253 2432 5319 ingresso,
2480 5250 2582 5302 lata
2617 5250 2787 5317 platea
2819 5248 2920 5302 iter
2949 5248 3142 5316 aperit,
3172 5248 3225 5302 in
3259 5262 3354 5301 cu-

1772 5329 1861 5409 jus
1917 5341 2045 5396 laeva
2101 5349 2251 5410 parte
2309 5339 2469 5407 regiis
2503 5340 2712 5408 palatiis
2747 5338 2920 5394 sancti
2955 5337 3128 5392 Patris
3182 5337 3350 5392 nostri

1781 5435 1975 5490 Sabbze
2023 5434 2347 5490 Metochium
2385 5437 2642 5487 adhaeel.
2687 5419 2954 5497 Viam,iad
3004 5436 3213 5501 sagitta:
3259 5429 3358 5498 ,με

1747 5569 1754 5579 .
1781 5535 1950 5592 ctum,
1981 5540 2252 5589 emensus,
2305 5525 2513 5579 celebre
2540 5524 2797 5577 Dominici
2822 5523 3064 5593 Sepulcri
3099 5520 3352 5590 templum

1784 5621 2056 5689 reperies;
2091 5619 2246 5688 cujus
2279 5633 2386 5670 non
2415 5617 2515 5670 alia
2550 5616 2719 5686 ﬁgura
2749 5615 2931 5681 fuerit,
2997 5628 3156 5684 quam
3185 5626 3304 5680 quas
3324 5628 3354 5664 ει

1785 5711 1951 5770 variis
1987 5713 2188 5779 scripto
2213 5709 2517 5764 mandatur.
2557 5705 2826 5771 Spelunca
2868 5708 2917 5760 in
2946 5705 3204 5760 Dominici
3234 5719 3353 5758 cor-
