3956 6324
574 285 681 350 943

1859 282 2182 343 JOANNIS

2285 281 2501 342 HOCJE
3457 279 3462 283 ’
3749 281 3832 346 illi

572 399 721 466 poris
750 397 1063 468 sepulcrum
1111 409 1394 458 conversa,
1452 394 1588 447 duas
1637 393 1690 447 in
1719 404 1902 463 partes
1932 395 2172 465 rcjuugi-

2285 392 2390 447 τῶν
2440 392 2715 462 Ῥηγικῶν
2761 393 3081 462 ἀνακτόρων
3132 391 3350 463 πέπηγε
3379 393 3440 445 τὸ
3487 394 3732 462 μετόχιον
3763 398 3839 446 τοῦ

573 500 690 556 tur;
723 504 951 559 quarum
983 489 1034 542 in
1075 503 1188 540 una
1213 487 1350 555 lapis
1381 485 1658 541 revolutus
1700 486 1991 555 repositus,
2025 501 2161 540 can-

571 585 711 638 didis
746 581 1110 636 marmoribus
1145 579 1489 645 cuStoditur;
1521 579 1574 632 in
1599 578 1767 633 altera
1799 581 1864 634 ad
1890 580 2164 635 borealem
2218 600 2223 604 -

572 685 802 743 partem,
826 671 963 740 lapis
995 686 1090 742 pro
1122 670 1414 740 pavimenti
1443 684 1700 724 mensura
1734 665 2054 739 “expolitus,
2077 684 2167 724 cu-

573 766 687 820 bito
742 780 851 818 uno
897 763 1298 832 supereminet;
1328 760 1384 815 in
1416 777 1523 830 quo
1577 759 1844 828 mortuus,
1873 763 2166 833 nudusque

570 862 697 914 vitae
736 858 956 928 largitor
1001 857 1216 927 positus
1240 865 1360 922 est;
1414 870 1548 909 auro
1583 868 1740 922 puro,
1793 865 1859 910 ex
1891 853 2167 910 desiderio

572 951 750 1007 cttide
783 949 985 1005 domini
1013 948 1118 1002 mei
1171 947 1521 1017 imperatoris
1560 944 1825 1002 Manuelis
1860 944 2171 1018 Porphyrn-

571 1051 819 1110 gennetzn
870 1037 1128 1093 Conmeni
1174 1037 1638 1092 circumornatus.
1698 1034 1878 1108 Prope
1930 1051 2054 1092 eum
2085 1045 2169 1092 est

571 1130 864 1199 Golgotlta,
920 1128 973 1181 i'n
1015 1142 1121 1196 quo
1165 1125 1429 1181 Calvarim
1494 1124 1668 1190 locus,
1722 1135 1778 1180 et
1805 1124 1988 1179 excisa
2015 1122 2171 1179 cruci

576 1223 748 1287 basis,
813 1230 868 1276 et
894 1220 1095 1290 dirupti
1155 1219 1296 1284 saxi,
1328 1229 1571 1287 tempore
1623 1217 1921 1288 passionis,
1947 1215 2132 1296 hiatus
2152 1226 2181 1283 ;'

573 1317 674 1373 sub
707 1330 834 1385 quo,
878 1314 1190 1369 in'cavitate
1230 1313 1461 1384 lapidis,
1489 1312 1686 1367 Adami
1731 1311 1994 1380 Calvarla,
2053 1326 2176 1367 sca—

573 1409 849 1474 tebraeque
903 1394 1187 1461 Dominici
1245 1405 1548 1476 sanguinis,
1602 1415 1767 1476 super
1807 1399 1928 1459 eam
1959 1402 2170 1461 emisre.

575 1497 856 1566 Templum
915 1511 1079 1567 super
1105 1492 1385 1568 ‘Gnlgotha
1439 1505 1673 1565 quatuor
1731 1497 1888 1551 tectis
1935 1507 1992 1550 et
2025 1495 2193 1550 tholo

578 1593 816 1661 assurgit
857 1591 1145 1662 :proxime
1194 1591 1430 1646 inhaaret
1470 1591 1885 1644 subterraneum
1917 1588 2176 1659 templum

579 1688 791 1756 ingens,
843 1684 895 1738 in
938 1699 1046 1753 quo
1093 1685 1328 1750 pretiosa
1369 1692 1422 1736 et
1472 1680 1682 1736 viviﬁea
1720 1679 1925 1736 Christi
1957 1679 2172 1735 Domini

2273 486 2424 538 ὁσίου
2460 486 2670 556 Πατρὸς
2700 485 2858 554 ἡμῶν
2892 484 3099 538 Σάόϐα.
3129 486 3242 556 Τὴν
3277 487 3334 539 δὲ
3363 487 3485 540 ὁδὸν
3513 486 3642 539 ὡσεὶ
3677 485 3840 557 βέλους

2279 577 2446 651 βολὴν
2476 579 2704 633 διελθὼν
2739 580 2999 648 εὑρήσεις
3022 578 3114 632 τὸν
3149 581 3430 650 περιφανῆ
3457 580 3587 633 ναὸν
3616 581 3711 633 τοῦ
3745 582 3838 633 Κυ-

2279 671 2473 744 ριακοῦ
2501 672 2676 741 τάφου
2702 667 2763 727 οὗ
2799 673 2858 724 τὸ
2896 673 3083 742 σχῆμα
3108 670 3246 742 ἔχει,
3269 674 3456 734 καθὼς
3486 672 3637 742 παρὰ
3671 673 3838 740 διαςὸ-

2277 783 2391 837 ρων
2434 765 2738 835 ἱστόρηται.
2773 765 2848 819 Τὸ
2902 765 2960 818 δὲ
2997 765 3079 827 είς
3109 765 3282 833 τάφον
3327 766 3686 835 χρηματίσαι»
3718 770 3840 832 σπή-

2279 860 2435 913 λαιον
2461 857 2556 912 τοῦ
2579 857 2924 912 Δεσποτικοῦ
2955 859 3212 928 σώματός
3243 859 3363 910 ἐστι
3395 859 3640 923 διπλοῦν,
3674 860 3763 911 xal.
3794 859 3840 909 ἐν

2282 951 2384 1021 μὲν
2419 951 2498 1021 τῷ
2533 950 2614 1004 ἑνὶ
2651 949 2931 1005 ἐπίκειται
2959 951 2988 1003 6
3028 949 3421 1013 ἀποκυλισθεὶς
3453 951 3621 1016 λίθος,
3653 951 3842 1010 λευκοῖς

2283 1046 2602 1115 μαρμάροις
2641 1044 3209 1116 περιφρουροὺμενος,
3237 1045 3297 1097 ὲν
3320 1043 3376 1095 δὲ
3406 1045 3484 1113 τῷ
3509 1044 3680 1114 ἑτέρῳ
3710 1044 3844 1114 μέρει

2278 1135 2341 1188 τὸ
2391 1133 2524 1204 περὶ
2559 1133 2622 1186 τὸ
2657 1134 2913 1204 άρκτῷον
2948 1135 2976 1187 6
3022 1133 3170 1196 λίθος
3199 1131 3528 1197 λελάξευται
3555 1133 3647 1187 τοῦ
3686 1135 3847 1186 locari-

2257 1227 2374 1280 ’δου
2419 1226 2597 1280 πάτου
2652 1225 3008 1298 ὑπερανέχων
3058 1223 3195 1279 ὡσεὶ
3234 1225 3416 1296 πῆχυν
3452 1225 3572 1290 ἕνα,
3615 1226 3672 1278 ὲν
3773 1240 3846 1274 νε-

2282 1304 2419 1387 κρὸς
2457 1315 2554 1368 καὶ
2587 1315 2798 1382 γυμνὸς
2841 1313 2869 1366 6
2902 1313 3004 1382 τῆς
3034 1310 3182 1381 ζωῆς
3214 1311 3448 1387 ἀνετέθη
3492 1313 3678 1383 δοτὴρ,
3709 1312 3765 1374 ὃς
3797 1313 3847 1361 ἐκ

2282 1385 2492 1479 χρυσοῦ
2539 1405 2785 1475 καθαροῦ
2840 1405 3194 1474 ἐνδεδυμένος
3239 1385 3436 1476 δρᾶται
3463 1407 3529 1458 ἐκ
3574 1407 3847 1459 πόθου.κ.ιι

2280 1496 2523 1558 πίστεως
2550 1493 2646 1548 τοῦ
2690 1494 2828 1566 ἐμοῦ
2858 1492 3122 1546 δεσπότου
3159 1493 3256 1546 καὶ
3305 1487 3574 1563 βασιλέως
3611 1493 3846 1561 Μανουὴλ

2281 1585 2379 1641 τοῦ
2425 1585 2949 1658 Πορφυρογεννήτου
2989 1588 3085 1640 καὶ
3111 1579 3431 1658 Κομνηνοῦ.
3481 1587 3593 1640 Καὶ
3640 1586 3848 1656 πλησίον

2286 1680 2456 1735 αὑτοῦ
2487 1682 2643 1735 ἐστιν
2676 1682 2703 1734 6
2731 1678 2828 1734 τοῦ
2868 1679 3113 1748 Γολγοθὰ⁹
3139 1679 3330 1748 τόπος,
3367 1680 3427 1734 ὲν
3456 1673 3500 1748 ᾧ
3538 1682 3697 1743 τόπος
3718 1680 3744 1730 ὁ
3767 1679 3848 1730 τοῦ

577 1761 1098 1836 crux‘in’ventaest.
1127 1774 1206 1827 Ad
1229 1773 1636 1830 orientaliorem
1674 1783 1885 1842 partem
1913 1773 2170 1838 civitatis,

2285 1773 2523 1843 Κρανίου
2556 1773 2652 1828 καὶ
2682 1773 2716 1844 ἡ
2741 1772 3071 1837 λαξευθεῖσα
3091 1772 3171 1843 τῷ
3207 1772 3444 1847 Σταυρῷ
3476 1773 3656 1843 βάσις,
3690 1772 3780 1825 καὶ
3803 1771 3850 1821 τί»

580 1869 837 1938 templum
870 1868 1085 1932 visitur,
1134 1865 1338 1922 Sancta
1371 1875 1696 1932 sanctorum
1755 1864 1972 1919 nomine
2013 1882 2028 1920 :
2062 1879 2178 1918 om-

580 1963 727 2014 nium
795 1960 1222 2028 pulcherrimum
1294 1968 1496 2013 tectum
1575 1956 1628 2012 in
1702 1956 1875 2024 trulla:
1943 1956 2174 2012 formum

579 2050 800 2113 desinit,
830 2051 882 2104 in
913 2057 1124 2103 vetusto
1147 2048 1458 2118 pavimento
1488 2044 1832 2101 celeberrimi
1867 2046 2012 2102 illius
2036 2056 2175 2101 tem-

581 2141 652 2208 pli
677 2138 1006 2203 Salomonis,
1035 2138 1182 2193 intus
1206 2137 1556 2206 exteriusque
1594 2135 1763 2189 variis
1813 2134 2180 2188 marmoribus

581 2231 938 2287 et'tessellato
999 2243 1165 2299 Opere
1193 2216 1614 2284 cendecoratum
1649 2244 1663 2282 :
1696 2229 1763 2281 ad
1806 2226 1995 2281 laevam
2052 2235 2178 2296 par-

584 2335 690 2380 tem
745 2326 958 2394 templi,
1021 2323 1258 2378 fornices
1319 2309 1742 2390 binaafqunrum
1789 2320 1842 2374 in
1874 2321 2044 2373 aftera
2081 2333 2177 2373 σοι

583 2433 777 2473 cursus
812 2415 1034 2473 .Cltristi
1090 2413 1325 2477 Domini,
1394 2413 1538 2481 quod
1582 2410 1656 2466 ibi
1713 2411 1892 2480 iusms
1954 2411 2176 2464 Simeo‘n

583 2511 860 2564 Christum
887 2507 1172 2562 Dominum
1201 2505 1342 2560 ulnis
1361 2503 1676 2573 eici-perit;
1713 2504 1764 2557 in
1793 2502 1988 2566 altera,
2012 2517 2178 2571 quant

581 2598 818 2655 Jacobus
845 2598 1046 2654 scalam
1078 2596 1479 2662 admirandam,
1521 2596 1588 2649 ad
1623 2596 1818 2651 C(Blum
1850 2607 2022 2663 usque
2053 2609 2180 2664 per-

586 2694 903 2761 tingentem,
949 2697 1004 2745 et
1041 2688 1263 2759 angelos
1321 2688 1414 2742 Dei
1483 2687 1539 2742 in
1584 2699 1648 2741 ea
1721 2689 2077 2763 ascendentes
2126 2693 2183 2740 et

584 2783 999 2849 descendentes,
1069 2786 1452 2852 conspexerat,
1502 2781 1712 2850 depicta
1764 2791 1911 2851 sunt.
1945 2777 2015 2833 Et
2047 2779 2183 2848 lapis

587 2875 688 2931 sub
735 2875 962 2943 depictas
1009 2873 1175 2928 scalte
1231 2872 1494 2941 imagine,
1527 2871 1623 2927 ille
1670 2867 1785 2943 ipse
1803 2881 1906 2936 est,
1960 2871 2051 2940 qui
2083 2871 2183 2924 sub

585 2966 774 3022 Jacobi
795 2963 1206 3035 eapite'l‘uerat.
1243 2963 1346 3020 Per
1404 2965 1578 3034 partis
1606 2965 1812 3019 dextra:
1867 2963 2076 3018 hiatum
2115 2964 2184 3017 ad

593 3060 914 3130 speluncam
952 3057 1089 3113 infra
1126 3056 1383 3126 templum
1439 3057 1835 3120 descenditur;
1870 3056 1925 3110 in
1964 3069 2075 3125 qua
2099 3068 2184 3108 re-

2281 1867 2476 1937 ῥῆγμα
2540 1867 2642 1938 τῆς
2715 1865 3112 1938 διαρῥαγείσης
3178 1866 3386 1937 πέτρας
3471 1868 3529 1918 ἐν
3613 1865 3687 1934 τῷ
3733 1862 3850 1914 λτιῦ

2279 1958 2532 2030 Σταυροῦ
2568 1957 2734 2012 πάθει
2768 1975 2784 1990 ο
2831 1959 2927 2012 καὶ
2972 1956 3070 2013 τοῦ
3103 1958 3389 2031 ρήγματος
3434 1959 3680 2013 κάτωθεν
3731 1957 3850 2009 ὑπὸ·

2279 2038 2465 2114 κοιλος
2496 2052 2556 2104 ὲν
2578 2054 2652 2122 τῇ
2687 2044 2869 2123 πέτρᾳ
2897 2052 3085 2117 τόπος,
3132 2053 3190 2104 ὲν
3295 2051 3358 2104 τὸ
3385 2050 3480 2103 τοῦ
3506 2051 3679 2119 ’Λδὰμ
3731 2066 3850 2119 κρα-

2279 2144 2417 2210 νίον,
2450 2143 2544 2197 καὶ
2575 2143 2626 2196 οἱ
2659 2142 2887 2214 ῥυέντες
2922 2143 3011 2196 ἐπ’
3037 2143 3185 2212 αὺτῷ
3208 2141 3304 2195 τοῦ
3329 2140 3665 2195 Δεσποτικοῦ
3701 2154 3850 2208 κρονο

2280 2235 2363 2288 vol.
2394 2234 2656 2305 αἵματος.
2701 2234 2762 2288 ’0
2789 2234 2845 2287 δὲ
2888 2235 3013 2297 vah;
3048 2236 3076 2288 6
3107 2235 3296 2288 ἐπάνω
3339 2232 3435 2286 τοῦ
3467 2228 3708 2301 Γολγοθά
3749 2232 3851 2282 ἐστι

2280 2323 2731 2394 τετρακάμαρος,
2771 2322 3032 2385 θολωτός.
3077 2321 3189 2376 Καὶ
3229 2321 3463 2392 πλησίον
3497 2320 3595 2373 τοῦ
3625 2318 3852 2371 τοιούτου

2282 2417 2416 2470 ναοῦ
2476 2418 2628 2470 ἐστιν
2683 2416 2949 2484 ὑπόγαιος
2984 2419 3114 2479 ναὸς
3169 2416 3369 2486 μέγας,
3425 2417 3483 2466 ὲν
3514 2408 3559 2482 ᾧ
3585 2412 3858 2483 εὖρηταιό

2281 2509 2470 2578 τίμιος
2500 2509 2596 2562 καὶ
2617 2507 2888 2571 ζωοποιδς
2910 2509 3152 2579 Σταυρὸς
3179 2507 3275 2560 τοῦ
3296 2508 3576 2560 Δεσπότου
3608 2502 3853 2576 Χριστοῦ.

2283 2602 2421 2671 Περὶ
2444 2601 2500 2654 δὲ
2530 2601 2588 2652 τὸ
2611 2590 3087 2671 ἀνατολικώτερον
3126 2602 3292 2672 μέρος
3329 2603 3429 2672 τῆς
3453 2601 3662 2664 πόλεως
3695 2599 3857 2668 ὑπάρ-

2285 2711 2369 2764 χει
2394 2695 2421 2747 6
2452 2694 2602 2759 ναὸς,
2635 2685 2902 2763 τάᾊγια
2924 2695 3034 2748 τῶν
3073 2695 3267 2763 ἁγίων.
3312 2695 3371 2747 '0
3395 2694 3453 2748 δὲ
3485 2694 3726 2755 τοιοῦτος
3742 2692 3857 2752 ναός

2285 2786 2404 2838 ἐστι
2441 2785 2587 2839 πάνυ
2637 2787 3164 2856 περικαλλέστατος,
3210 2786 3558 2857 τρουλλωτὺν
3609 2787 3746 2855 ἔχων
3771 2785 3858 2855 τὴν

2284 2877 2511 2947 ὀροφὴν,
2541 2880 2599 2928 ὲν
2629 2876 2707 2947 τῷ
2735 2878 2954 2948 ἀρχαίῳ
2984 2878 3201 2950 δαπέδῳ
3233 2878 3329 2932 τοῦ
3364 2878 3717 2948 περιωνύμου
3741 2875 3858 2929 ναοῦ

2283 2971 2498 3022 ἐκείνου
2551 2969 2648 3024 τοῦ
2707 2971 3062 3040 Σολομῶντος
3114 2971 3515 3042 θεωρούμενος,
3573 2969 3722 3030 ἐντὸς
3777 2975 3861 3018 καὶ

2287 3064 2475 3130 ἐκτὸς,
2508 3063 2780 3127 ποικίλοις
2815 3065 3143 3136 μαρμάροις
3202 3065 3299 3118 καὶ
3329 3065 3565 3134 ψηφῖσιν
3609 3059 3861 3129 ὲγκαλλυ-

590 3153 796 3221 positus
843 3148 1020 3206 fuerat
1050 3146 1348 3202 Zacharias
1383 3146 1665 3218 propheta,
1694 3147 2075 3216 interemptus,
2132 3155 2182 3200 ut

2293 3150 2539 3221 νόμενος.
2580 3150 2734 3204 Είσὶν
2757 3149 2850 3204 οὖν
2879 3152 3012 3224 περὶ
3041 3151 3108 3205 τὰ
3139 3150 3403 3222 εὐώνυμα
3439 3151 3582 3221 μέρη
3623 3147 3716 3203 τοῦ
3741 3145 3861 3202 ναοῦ

591 3243 940 3315 Evangelium
966 3242 1154 3309 tradit,
1189 3257 1219 3296 a
1241 3239 1444 3298 Judtels
1465 3241 1609 3297 inter
1634 3241 1892 3311 templum
1909 3249 1965 3295 et
1987 3240 2182 3295 altare.

2287 3242 2543 3314 καμάραι
2573 3237 2688 3309 δύο,
2747 3242 2833 3312 ἐφ’
2863 3240 2954 3306 αἷς
3004 3244 3344 3314 ἱστόρηνται,
3378 3244 3437 3296 ὲν
3483 3243 3585 3313 μὲν
3613 3244 3677 3312 τῇ
3707 3239 3862 3311 μιᾷὴ

591 3337 758 3392 Extra
790 3334 1072 3405 templum,
1104 3334 1378 3404 lapidibus
1437 3340 1687 3397 stratum
1716 3331 2038 3403 impluvium
2062 3346 2182 3386 ma-

2302 3322 2636 3404 Ὕπαπαντὴ
2664 3333 2760 3387 τοῦ
2796 3336 3074 3388 Δεσπότου
3105 3334 3374 3405 Χριστοῦ,
3401 3334 3486 3387 ὅτι
3515 3334 3614 3386 καὶ
3637 3335 3695 3386 έν
3723 3328 3864 3398 αὐτῷ

594 3445 756 3499 gnum
825 3429 1182 3494 extenditur;
1224 3426 1529 3496 antiquum,
1584 3431 1645 3479 ut
1712 3427 1925 3494 opinor,
2006 3424 2182 3493 magni

2287 3422 2367 3491 τῷ
2397 3419 2552 3493 τόπῳ
2602 3424 2630 3474 6
2666 3421 2877 3486 δίκαιος
2907 3421 3140 3492 Συμεὼν
3170 3423 3265 3476 τὸν
3301 3421 3592 3491 Δεσπότην
3640 3417 3863 3490 Χριστὸν

597 3519 782 3586 templi
829 3522 1226 3589 pavimentum.
1264 3517 1336 3572 Et
1394 3517 1450 3571 in
1487 3523 1666 3586 porta,
1693 3529 1813 3584 qua:
1843 3515 1897 3570 in
1941 3524 2182 3570 sanctam

2289 3511 2653 3582 ὴγκαλίσατο.
2677 3510 2770 3564 Ἐν
2797 3510 2856 3564 δὲ
2892 3514 2958 3582 τῇ
2989 3511 3181 3583 ἑτέρᾳ,
3213 3510 3282 3582 ἢν
3309 3512 3338 3565 6
3376 3507 3578 3564 Ἰακὼϐ
3603 3505 3710 3561 εἶδε
3739 3507 3863 3559 θαυ-

597 3610 931 3666 Getsemaue
976 3609 1146 3674 ducit,
1203 3607 1460 3678 templum
1526 3617 1836 3664 sanctorum
1875 3607 2105 3664 Joaeimi
2135 3619 2182 3663 el

2291 3601 2508 3672 μαστὴν
2529 3599 2803 3669 κλίμακα,
2839 3601 3247 3672 έστηριγμένην
3282 3600 3449 3671 μέχρι
3478 3598 3577 3653 τοῦ
3613 3596 3864 3669 οὐρανοῦ,

601 3706 771 3757 Anna:
800 3701 1175 3773 censpicitur;
1203 3700 1261 3756 in
1293 3715 1401 3770 quo
1421 3698 1925 3755 immaculatissima
1950 3699 2182 3768 Deipara

2289 3696 2537 3758 καὶτοὺς
2565 3693 2832 3763 ἀγγέλους
2879 3694 2975 3747 τοῦ
3010 3693 3151 3748 Θεοῦ
3184 3695 3588 3757 ἀναϐαίνοντας
3635 3694 3731 3746 καὶ
3774 3709 3863 3743 κα·

601 3795 655 3849 in
690 3792 859 3848 vitam
886 3795 1056 3850 venit.
1088 3792 1366 3859 Proxime,
1391 3790 1696 3847 Prohatiw
1744 3790 1967 3860 piscinae
1991 3789 2182 3846 ﬂuenta

2289 3788 2648 3850 ταδαίνοντας
2708 3787 2797 3841 ἐπ’
2851 3787 3019 3858 αὐτῇ,
3049 3787 3148 3840 καὶ
3209 3789 3237 3840 6
3282 3787 3430 3850 λίθος
3475 3786 3741 3840 ὑποκάτω
3777 3784 3866 3851 τῆς

604 3888 933 3942 scaturiunt.

2293 3866 2678 3951 ίστᾶρηθείσης
2705 3879 2978 3950 κλίμακος
3011 3879 3175 3955 αὑτὸς
3218 3881 3428 3943 ἐκεῖνος
3459 3881 3681 3950 ὁρᾶται,
3720 3879 3749 3930 6
3779 3877 3866 3929 ἐπὶ

607 3979 708 4048 τὴν
749 3977 998 4046 κεφαλὴν
1052 3976 1234 4041 τεθεὶς
1282 3973 1378 4029 τοῦ
1407 3975 1629 4031 Ἰακώϐ.
1673 3977 1765 4030 Ἐν
1796 3973 1854 4029 δὲ
1913 3974 1999 4046 τῷ,
2035 3973 2197 4046 δεξιῷ
2238 3974 2397 4047 μέρει
2424 3974 2532 4045 ὀπὴ
2561 3973 2878 4044 εὑρίσκεται
2939 3972 3349 4027 καταϐαίνουσα
3411 3972 3574 4044 μέχρι
3609 3970 3865 4041 σπηλαίου

609 4074 752 4136 τινὸς
773 4072 1036 4126 ὑποκάτω
1064 4069 1158 4124 τοῦ
1182 4070 1336 4126 ναοῦ.
1361 4069 1480 4138 Ἐφ’
1510 4063 1555 4137 ᾧ
1580 4069 1822 4126 τέθειται
1848 4071 1878 4124 6
1903 4072 2194 4142 προφήτης
2231 4069 2535 4140 Ζαχαρίας,
2579 4066 2639 4121 ὃν
2669 4065 2941 4134 ἔσφαξαν,
2979 4065 3122 4120 κατὰ
3176 4064 3239 4119 τὸ
3273 4063 3611 4132 Εὑαγγέλιον
3659 4065 3713 4115 οἱ
3743 4063 3866 4115 Ἰου-

606 4166 746 4220 δαῖοι
772 4162 980 4235 μεταξὺ
1015 4160 1114 4234 τοῦ
1141 4159 1274 4214 ναοῦ
1297 4159 1394 4216 καὶ
1422 4159 1518 4213 τοῦ
1565 4159 1986 4232 θυσιαστηρίου.
2025 4159 2269 4224 Ἐξωθεν
2307 4160 2362 4213 δὲ
2398 4159 2495 4212 τοῦ
2548 4158 2679 4212 ναοῦ
2738 4160 2858 4211 ἐστι
2900 4159 3224 4230 περιαύλιον
3295 4157 3440 4230 μέγα
3507 4156 3865 4229 λιθόστρωτον

607 4261 669 4316 τδ
717 4257 965 4324 παλαιὸν,
991 4256 1068 4321 ὥς
1111 4251 1288 4327 οἶμαι,
1326 4255 1451 4310 τόδ’
1468 4255 1712 4327 μεγάλου
1743 4255 1875 4310 ναοῦ
1924 4254 2182 4310 δάπεδον.
2219 4255 2331 4308 Καὶ
2373 4254 2504 4324 περὶ
2569 4251 2672 4324 τὴν
2713 4253 2893 4323 πύλην
2947 4253 3048 4324 τὴν
3103 4253 3407 4322 ἐξάγουσαν
3455 4253 3538 4314 είς
3577 4250 3680 4321 τὴν
3716 4255 3868 4323 ἁγίαν

608 4350 926 4424 Γεθσιμανή
963 4351 1082 4405 ἐστι
1107 4349 1236 4416 ναὸς
1269 4347 1382 4402 τῶν
1421 4347 1624 4417 Ἀγίων
1658 4347 1925 4418 Ἰωακείμ
1987 4349 2086 4401 καὶ
2132 4348 2359 4416 ’Δννής,
2403 4349 2485 4410 είς
2537 4345 2598 4399 ὃν
2660 4346 2695 4415 ἡ
2745 4347 2844 4416 τῆς
2902 4345 3288 4416 παναχράντου
3343 4345 3611 4399 Θεοτόκου
3684 4348 3866 4417 γέγονε

609 4448 888 4517 γέννησις,
927 4443 1021 4496 καὶ
1073 4441 1266 4495 τούτου
1322 4441 1553 4512 πλησίον
1597 4441 1668 4494 τὰ
1709 4441 1812 4511 τῆς
1846 4439 2202 4512 Προϐατικῆς
2241 4441 2638 4517 κολυμδήθρας
2668 4441 3094 4513 άναπηγάζουσι
3124 4442 3366 4512 νάματα.

684 4538 774 4592 15.
825 4534 961 4588 Hinc
985 4543 1136 4588 extra
1181 4535 1479 4599 civitatem,
1510 4534 1578 4588 ad
1600 4534 2008 4606 orientallorem
2045 4533 2182 4588 illius

2334 4515 2339 4520 ’
2375 4534 2458 4591 ιε’.
2506 4533 2795 4589 Ἐντεῦθεν
2827 4537 2928 4606 τῆς
2961 4536 3172 4598 πόλεως
3205 4535 3427 4604 ἔξωθεν,
3466 4537 3596 4608 περὶ
3624 4537 3690 4590 τὸ
3742 4539 3865 4592 ἄικα-

613 4627 846 4698 plagam,
899 4623 954 4676 in
1009 4623 1188 4675 medio
1216 4636 1425 4691 magna
1483 4632 1877 4691 praeruptaeque
1900 4620 2196 4689 voraginis,

613 4726 851 4774 montem
902 4712 1177 4769 Olivarum
1230 4727 1260 4765 ιι
1305 4721 1505 4767 sancta
1563 4712 1788 4768 civitate
1838 4711 2195 4782 sejungentis,

615 4811 938 4866 Getsemane
965 4806 1218 4874 oppidum
1245 4803 1563 4871 collocatur,
1596 4804 1648 4859 in
1680 4818 1792 4873 quo
1835 4805 2194 4860 sanctissima;

616 4901 855 4956 Dominae
876 4911 1079 4954 nostra:
1109 4897 1352 4966 Deiparae
1401 4898 1730 4964 sepulcrum,
1756 4906 1812 4952 et
1859 4898 2074 4962 hortus,
2104 4897 2193 4951 ubi

613 4994 813 5062 saepius
871 4990 1120 5045 Salvator
1175 4999 1364 5043 noster
1407 5003 1512 5042 una
1567 5003 1690 5045 cum
1760 4990 2038 5060 discipulis
2083 4990 2196 5045 suis

617 5090 935 5139 innnoratus
971 5091 1078 5140 est.
1125 5082 1265 5138 Sunt
1291 5082 1434 5136 ineo
1482 5077 1677 5151 templa
1706 5083 1809 5137 tria
1841 5101 1854 5137 :
1881 5084 1944 5137 'in
1981 5083 2198 5138 siniste-

615 5180 779 5242 riore,
805 5183 861 5230 et
886 5174 1218 5228 concavitate
1241 5174 1620 5237 subterranea,
1656 5173 1900 5228 divinum
1954 5175 2198 5242 Deipara:

613 5270 921 5339 sepulcrum
972 5272 1248 5335 spectatur
1289 5284 1304 5320 :
1337 5266 1593 5334 templum
1653 5268 1708 5318 in
1749 5268 1951 5320 tholum
1976 5267 2193 5330 desinit,

614 5360 966 5431 ptmlongum,
993 5355 1276 5425 aequaliter
1302 5356 1680 5411 orbiculatum.
1706 5357 1761 5410 lo
1784 5359 1966 5426 templi
1994 5358 2190 5420 medio,

613 5453 785 5505 instar
816 5451 1086 5514 ambonis,
1151 5447 1456 5518 sepulcrum
1512 5449 1748 5518 Virginis
1799 5464 2024 5527 exsaxu
2045 5451 2197 5504 exci—

613 5558 732 5597 sum
781 5553 886 5610 est,
944 5544 1011 5597 ad
1066 5542 1283 5598 modum
1345 5542 1580 5608 aedilicii,
1625 5552 1861 5612 quatuor
1896 5542 2196 5596 fornicibus

613 5637 804 5690 structi
847 5652 865 5689 :
895 5638 961 5692 ad
1023 5636 1289 5691 orientale
1353 5636 1496 5689 latus
1538 5636 1592 5689 in
1638 5637 1858 5706 capsula
1887 5651 1950 5691 ex
2008 5638 2196 5691 eodem

612 5725 795 5799 lapide
847 5728 1103 5798 expolita,
1135 5740 1190 5785 et
1229 5729 1474 5784 candidis
1523 5729 1880 5784 marmoribus
1918 5739 2196 5798 cooperta,

2293 4628 2658 4698 τολικώτερον
2687 4627 2897 4697 ταύτης
2945 4629 3139 4700 μέρος,
3183 4629 3353 4697 μέσον
3374 4629 3470 4683 τοῦ
3510 4630 3759 4700 μεγάλου
3786 4649 3869 4701 χα-

2299 4718 2610 4788 ραδρώδους
2635 4723 2942 4795 χάσματος,
2968 4719 3062 4774 τοῦ
3088 4719 3510 4791 διαχωρίξοντος
3528 4721 3587 4773 τὸ
3610 4721 3742 4790 ὅρος
3773 4722 3868 4774 τῶν

2295 4812 2527 4866 Ἐλαιῶν
2575 4811 2687 4864 ἀπὸ
2747 4812 2848 4882 τῆς
2900 4812 3066 4880 ἁγίας
3127 4812 3374 4878 πόλεως,
3427 4813 3768 4881 παράκειται
3818 4816 3869 4864 τὸ

2296 4904 2501 4975 χωρίον
2539 4905 2575 4973 ἡ
2607 4902 2944 4974 Γεθσιμανὴ,
2989 4904 3050 4956 έν
3084 4900 3129 4971 ᾧ
3166 4903 3196 4956 6
3228 4885 3399 4972 τάτρος
3439 4904 3538 4972 τῆς
3567 4904 3868 4974 ὑπερατίας

2294 4995 2597 5066 Δεσποίνης
2628 4994 2789 5066 ἡμῶν
2813 4995 3105 5061 Θεοτόκου,
3130 4996 3227 5048 καὶ
3247 4995 3276 5046 6
3305 4995 3508 5064 κῆπος,
3541 4995 3715 5060 εἰς’ὃν
3746 4999 3865 5049 πολι

2295 5085 2453 5150 λάκις
2479 5087 2508 5139 6
2544 5086 2737 5155 Σωτὴρ
2764 5088 2926 5156 ἡμῶν
2962 5087 3106 5155 μετά
3133 5079 3246 5141 τῶν
3272 5086 3539 5156 μαθητῶν
3571 5088 3749 5142 αὑτοῦ
3778 5091 3867 5156 ηὑ-

2296 5177 2483 5248 λὶσθη.
2525 5178 2643 5245 Ἐφ’
2689 5172 2733 5245 ᾧ
2774 5177 2871 5230 καὶ
2901 5179 3022 5230 ναοὶ
3049 5179 3224 5249 τρεῖς,
3253 5180 3282 5230 6
3313 5177 3413 5247 μὲν
3443 5179 3867 5248 εὐωνυμοτέρως

2296 5270 2392 5322 καὶ
2431 5272 2559 5341 περὶ
2589 5270 2652 5323 τὸ
2699 5271 2948 5338 κοίλωμα
3001 5270 3156 5324 κάτω
3206 5270 3307 5341 τῆς
3355 5271 3460 5342 γῆς
3511 5273 3682 5335 ἐστιν,
3719 5275 3796 5334 είς
3815 5272 3866 5323 ὃν

2296 5367 2325 5417 6
2355 5366 2498 5428 θεῖος
2524 5366 2697 5434 τάφος
2724 5364 2824 5432 τῆς
2849 5363 3143 5416 Θεοτόκουο
3164 5362 3193 5415 6
3225 5362 3284 5414 δὲ
3308 5363 3550 5425 τοιοῦτος
3575 5365 3706 5427 ναός
3734 5367 3869 5419 ἐστιν

2298 5459 2325 5508 6
2349 5457 2457 5519 πᾶς
2489 5455 2747 5518 θολωτὸς,¹
2775 5454 3083 5524 ἐπιμήκης,
3118 5452 3508 5524 κυλινδρωτός.
3557 5455 3669 5508 Καὶ
3714 5457 3869 5525 μέσον

2299 5549 2466 5601 αὑτοῦ
2496 5547 2654 5615 δίκην
2683 5545 2940 5621 ᾷμϐωνος
2974 5545 3193 5599 ἵσταται
3225 5545 3253 5596 6
3274 5546 3447 5614 τάφος
3490 5547 3687 5617 αὐτῆς,
3729 5549 3869 5601 λελα-

2297 5635 2606 5707 τομημένος
2636 5637 2702 5687 ἐκ
2723 5638 2936 5705 πέτρας
2961 5637 3021 5691 έν
3050 5635 3289 5705 σχήματι
3311 5638 3743 5708 τετρακαμάρῳ.
3775 5639 3870 5692 Καὶ

2301 5733 2360 5783 ὲν
2400 5731 2469 5801 τῇ
2502 5729 2796 5800 ἀνατολικῇ
2829 5728 3024 5783 τούτου
3063 5728 3281 5799 πλευρᾷ
3304 5729 3462 5783 ἐστιν
3489 5730 3556 5782 ὲκ
3584 5734 3688 5800 τῆς
3717 5733 3870 5801 αὑτῆς
