3956 6324
140 338 239 402 sta

1153 335 1607 400 DESCRIPTIO
1642 334 1924 397 TERRIE
1962 330 2290 393 SANCTE.

3269 326 3374 393 950

137 469 244 514 σεις
275 450 515 520 πλαγίαν
542 450 682 521 ὀπὴν
703 449 895 518 ἐτέρου
919 447 1210 519 σπηλαίου,
1239 449 1316 510 είς
1343 450 1410 516 ἣν
1437 446 1698 500 εἰσελθὼν

1812 446 2009 512 venies,
2034 446 2088 498 in
2113 459 2275 513 quam
2307 445 2479 499 sancti
2512 440 2810 512 discipulus
2829 437 3060 495 Basilius
3087 437 3373 503 lntroicus,

136 545 160 594 ό
199 542 451 613 μαθητὴς
510 541 606 595 τοῦ
666 542 824 608 άγίου
876 541 1156 604 Βασίλειος
1185 541 1248 594 τὺ
1293 540 1484 610 μνῆμα
1531 540 1698 593 αὑτοῦ

138 634 470 701 ἀνεκαίνισε,
530 633 626 687 τοῦ
657 635 815 701 ἁγίου
852 633 1233 696 κελεύσαντος,
1274 632 1458 696 καθὼς
1490 633 1549 685 τὸ
1588 635 1700 686 [Ια-

139 726 352 794 τερικδν
372 727 638 797 παριστᾷ,
680 729 777 778 καὶ
817 725 909 776 ἐπὶ
946 727 1358 794 τεσσαράκοντα
1395 725 1609 796 ἡμέρας
1640 725 1700 776 ἐν

139 815 213 884 τῷ
243 815 423 886 καιρῷ
448 816 548 884 τῆς
576 815 850 880 συνάξεως
874 813 1084 881 ἑώρατο
1115 816 1442 886 συμψάλλων
1459 813 1700 883 τῷςάγίῳ

141 903 230 954 καὶ
255 905 370 964 τοῖς
398 903 669 971 ἀδελφοῖς.
753 972 760 978 ,
983 916 986 918 ⁷

208 1001 297 1061 ιη’.
331 994 588 1065 Ἀντικρῦ
621 995 678 1047 δὲ
744 997 843 1064 τῆς
873 994 1129 1063 τοιαύτης
1164 995 1334 1064 μονῆς
1376 991 1699 1059 δεξιώτερον

139 1085 266 1154 περ)
289 1084 349 1139 τὺ
382 1085 546 1156 βάθος
588 1090 684 1155 τῆς
731 1088 942 1157 ἐρήμου
986 1087 1078 1139 τοῦ
1115 1087 1404 1157 Ἰορδάνου,
1456 1085 1694 1153 ὑπάρχει

140 1175 171 1242 ἡ
203 1175 342 1243 μονὴ
368 1176 461 1228 τοῦ
503 1176 661 1242 άγίου
689 1177 968 1248 Εὑθυμίου
1003 1178 1097 1230 τοῦ
1147 1177 1406 1247 μεγάλου,
1439 1177 1533 1228 καὶ
1558 1173 1698 1240 αὑτὴ

140 1269 646 1338 περιτετειχισμένη
666 1269 770 1321 ὑπό
785 1286 844 1322 τε
867 1269 1114 1338 πύργων,
1137 1274 1229 1321 καὶ
1251 1266 1502 1338 μεγάλων
1529 1256 1737 1319 enati

139 1352 290 1415 ξεων.
329 1355 510 1409 Μέσον
525 1355 582 1408 δὲ
609 1355 812 1426 ταύτης
843 1355 1062 1409 ἵσταται
1090 1358 1118 1408 ὁ
1147 1355 1296 1421 ναὸς,
1330 1352 1700 1435 κυλινδρωτὴν

140 1445 230 1498 καὶ
264 1439 420 1508 οὗτος
460 1445 601 1516 ἔχων
634 1447 732 1517 τὴν
763 1447 990 1518 ὀροφὴν,
1019 1447 1380 1500 ὑποκάτωθεν
1428 1445 1697 1499 δὲτούτου

138 1537 251 1587 ἐστὶ
283 1537 568 1606 σπήλαιον,
601 1539 698 1592 καὶ⁵
732 1540 902 1606 μέσον
935 1540 1102 1592 αὑτοῦ
1138 1541 1310 1607 τάφος
1331 1539 1426 1591 τοῦ
1455 1536 1697 1606 μεγάλου

1803 539 2107 606 sepulcrum
2166 538 2460 605 proprium,
2525 537 2597 591 ita
2647 545 2838 611 sancto
2882 535 3126 604 iubente,
3161 532 3376 586 utilitas

1801 628 2021 683 Patrum
2075 639 2350 692 asserunt,
2382 627 2702 697 designavit,
2735 626 2786 680 in
2814 639 2984 694 eoque
3029 633 3270 678 mortuus
3294 621 3374 689 ja-

1802 720 1934 785 cuit,
1993 727 2046 774 et
2101 730 2284 789 postea
2355 734 2450 789 per
2485 719 2839 788 quadraginta
2899 717 3182 771 continuos
3237 715 3368 776 dies,

1803 814 2037 884 Synaxis
2099 822 2364 882 tempore,
2420 827 2522 865 una
2581 824 2704 865 cum
2760 820 2947 862 sancto
3001 822 3066 861 ac
3119 805 3374 860 fratribus

1802 907 2092 961 concinens
2114 905 2421 958 videbatur.

1846 998 1962 1052 '18.
2010 997 2164 1051 Dicto
2211 995 2535 1049 monasterio
2606 995 2913 1056 adversum,
2977 989 3251 1065 dexterius
3318 988 3373 1040 in
3456 1022 3474 1032 -

1802 1087 2128 1158 profundunt
2188 1085 2356 1140 eremi
2386 1081 2656 1148 Iordanis,
2692 1082 2861 1137 sancti
2893 1079 3161 1150 Eutbymii
3195 1079 3371 1148 magni

1804 1178 2186 1234 monasterium
2240 1188 2359 1242 est;
2400 1175 2639 1230 turribus
2681 1174 2996 1244 magnis-quc
3049 1171 3231 1224 fulcris
3267 1186 3373 1222 cur-

1803 1267 2175 1333 cumvallatur,
2229 1277 2283 1320 et
2331 1267 2381 1320 iu
2425 1266 2601 1319 medio
2629 1265 2884 1333 templum
2935 1263 3189 1330 assurgit,
3236 1268 3376 1314 ιρι-ω

1804 1360 1855 1413 in
1886 1360 2099 1413 modum
2155 1358 2382 1428 cylindri
2407 1357 2648 1411 directo:
2678 1357 2866 1410 subtus
2913 1354 3165 1423 spelunca
3207 1362 3374 1421 patet.

1803 1451 1984 1520 ibique
2013 1453 2244 1504 medium
2283 1450 2457 1504 sancti
2515 1448 2790 1518 Euthymii
2833 1448 3157 1515 sepulcrum,
3183 1444 3371 1512 deiferi

1803 1539 1956 1596 Saba:
2011 1541 2260 1608 sepulcro
2305 1541 2444 1594 haud
2480 1537 2760 1602 diSsimile,
2819 1538 3054 1593 candido
3108 1550 3376 1592 marmore

139 1624 432 1697 Εὑθυμίου,
479 1631 840 1701 παρεμφερὴς
873 1631 950 1700 τῷ
996 1631 1248 1702 μνήματι
1281 1630 1376 1684 τοῦ
1433 1630 1696 1700 θεοφόρου

1807 1648 1950 1702 reque
1980 1649 2042 1686 ac
2068 1633 2196 1687 illud
2242 1641 2528 1700 opertum;
2567 1641 2620 1684 et
2659 1646 2779 1685 cum
2812 1638 3018 1693 sancto,
3064 1636 3371 1682 sanctorum

140 1713 308 1780 Σὰὃα,
341 1716 430 1770 διὰ
458 1715 654 1770 λευκοῦ
687 1722 983 1791 μαρμάρου
1013 1723 1106 1777 καὶ
1131 1713 1289 1785 οὗτος
1329 1721 1696 1790 σκεπόμενος,

136 1805 192 1856 ἓν
256 1801 300 1874 ᾧ
336 1809 430 1860 καὶ
488 1781 939 1880 συναπέτέθήσάν
983 1811 1062 1881 τῷ
1113 1781 1282 1881 ἁγίῳ,
1336 1813 1432 1866 καὶ
1476 1781 1546 1865 τά
1590 1781 1700 1864 τῶν

1807 1817 2185 1869 reconduntur.

142 1894 309 1959 ἁγίων
338 1897 862 1969 Πατέρωνλείψανα
890 1902 1248 1970 Πασαρίωνος
1294 1903 1389 1956 καὶ
1444 1902 1703 1971 Δομετια-

138 1997 252 2036 νου.

206 2073 292 2128 ιθ¹.
335 2077 442 2130 Καὶ
471 2077 610 2147 μετὰ
659 2078 760 2148 τὴν
815 2073 983 2150 μονήν
1013 2080 1240 2150 ταύτην,
1276 2079 1702 2150 ἐστιδιάστημα

138 2162 265 2219 ὡσεὶ
301 2167 492 2236 μιλίων
532 2167 619 2238 ιβ’.
655 2171 768 2224 Καὶ
792 2171 977 2235 οὑτως
1012 2173 1326 2243 εὑρίσκεται
1351 2171 1571 2242 φάραγξ
1605 2188 1701 2241 με·

140 2254 301 2326 γάλη,
355 2258 451 2310 καὶ
510 2260 690 2328 μέσον.
720 2262 924 2332 ταύτης
968 2264 1244 2334 διέρχεται
1279 2245 1602 2336 χείμαρρος.
1633 2256 1702 2330 ἦς

121 2347 265 2426 ⁴περὶ
300 2348 360 2418 τὸ
405 2351 638 2419 ἀντικρὺ
686 2352 854 2428 μέρος
885 2354 1033 2405 ἐστὶν
1073 2356 1106 2422 ή
1148 2353 1284 2424 μονὴ
1333 2353 1427 2406 τοῦ
1466 2351 1696 2414 Χοζιθᾶ,

139 2437 367 2505 πρᾶγμα
390 2443 455 2512 τῇ
492 2440 593 2509 μὲν
618 2443 894 2512 ἀφηγήσει
922 2445 996 2513 μὴ
1025 2447 1436 2515 πιστευόμενον,
1471 2446 1536 2512 τῇ
1560 2441 1699 2495 θέω.

140 2527 229 2596 ρίᾳ
266 2529 320 2581 δὲ
351 2530 782 2608 θαυμαζόμενον.
831 2535 936 2594 Καὶ,
964 2536 1072 2606 γὰρ
1117 2536 1395 2607 σπηλαίων
1423 2535 1554 2589 όπαί
1594 2536 1699 2586 είσι

141 2617 205 2668 τὰ
235 2619 344 2671 τῶν
381 2623 632 2691 μοναχῶν
662 2625 868 2679 κελλία.
914 2629 1026 2680 Καὶ
1058 2627 1220 2690 αὐτὸς
1251 2629 1278 2681 ὁ
1316 2627 1462 2690 ναὸς,
1505 2627 1601 2679 καὶ
1639 2625 1701 2677 τὸ

141 2713 496 2783 κοιμητήριον
521 2716 578 2767 ἐν
607 2717 682 2783 τῷ
710 2718 951 2786 ρήγματι
973 2719 1084 2788 ,τῆς
1115 2721 1320 2790 πέτρας
1345 2717 1702 2788 τεθεμελίων-

138 2814 245 2863 ται,
277 2803 333 2864 ἐς
361 2803 615 2858 τοσοῦτον
635 2807 738 2860 ὑπὸ
763 2810 860 2876 τῆς
887 2810 983 2862 τοῦ
1013 2811 1160 2880 ήλίου
1186 2811 1504 2880 φλογώσεως
1523 2827 1698 2863 καταο

139 2891 416 2960 καιόμενα,
470 2896 546 2958 ὡς
598 2901 770 2967 πυρὸς
815 2903 1202 2970 γλωττίσμ.ατα
1249 2899 1541 2974 ἐνορᾶσθαι
1591 2903 1700 2956 ἀπὸ

137 2978 242 3032 τῶν
279 2984 493 3051 πετρῶν
545 2987 606 3041 ἐν
666 2976 797 3042 είδει
846 2992 1166 3063 πυραμίδων
1236 2994 1693 3064 ἀναπεμπόμενα.

139 3071 207 3122 Τὸ
227 3071 286 3124 δέ
311 3090 374 3140 γε
402 3078 554 3146 παρά
581 3079 692 3131 τῶν
726 3065 981 3155 μοναχῶν
1017 3085 1306 3153 πινόμενον
1336 3085 1480 3157 ὕδωρ
1522 3085 1700 3141 colos-

139 3161 225 3213 τόν
255 3164 427 3226 ἐστιν,
460 3163 574 3219 οἷον
609 3169 718 3222 ἀπὸ
752 3171 951 3240 λίμνης
973 3173 1221 3243 ἑστώσης
1258 3177 1419 3230 ὁπότε
1463 3162 1615 3247 ἥλιος
1641 3181 1697 3229 ἐν

141 3257 449 3327 μεσαιτάτῳ
480 3258 632 3328 θέρει
677 3263 798 3324 ταῖς
835 3263 1054 3333 λίμναις
1088 3267 1368 3339 ἐπιφοιτᾷ,
1400 3271 1492 3320 καὶ
1517 3269 1698 3337 βολαῖς

139 3343 403 3414 ἐμπύροις
446 3349 840 3420 ’ὑποθερμαίνει
881 3355 1091 3426 ταύτην
1138 3357 1215 3426 τῷ
1269 3358 1569 3428 βράσματι.
1609 3361 1698 3412 Ἑν

140 3432 308 3504 ταύτῃ
342 3439 408 3506 τῇ
451 3442 586 3509 μονῇ
625 3441 917 3512 διαφόρους
947 3444 1048 3513 μὲν
1074 3448 1287 3516 εἴδομεν
1330 3448 1699 3518 ήγιασμένους

141 3525 362 3595 ἄνδρας,
415 3531 512 3583 ἕνα
540 3533 597 3586 δὲ
634 3535 844 3587 τούτων
876 3537 1240 3605 σημειοφόρου
1262 3533 1569 3604 ἄνθρωπον,
1601 3540 1698 3590 καὶ

139 3617 356 3683 ἀμέσως
395 3624 830 3702 προσομιλοῦντα
851 3626 988 3695 Θεῷ,
1023 3629 1236 3689 Λουκᾶς
1267 3629 1412 3679 ἐστιν
1439 3631 1472 3697 ή
1507 3627 1698 3696 κλῆσις

139 3707 210 3776 τῷ
241 3711 476 3781 γέροντι.
521 3714 610 3768 Ἑν
700 3720 834 3787 μονῇ
860 3718 1218 3780 ἐπικινδύνως
1246 3719 1567 3788 ἀνήλθομεν,
1611 3719 1698 3772 διά

141 3798 195 3846 τε
225 3798 285 3850 τὸ
312 3803 637 3870 κρημνῶδες
668 3803 762 3856 τοῦ
783 3805 969 3869 τόπου,
994 3797 1088 3858 καὶ
1122 3805 1218 3877 τήν
1249 3806 1697 3878 ὑπερϐάλλουσαν

141 3889 231 3942 τοῦ
258 3891 404 3960 ἡλίου
429 3895 627 3963 φοράν.

209 3990 278 4038 κ’.
301 3985 456 4040 Μετά
481 3987 656 4041 ταῦτα
693 3989 932 4060 ὑπάρχει
975 3994 1409 4062 στενοεπιμήκης
1447 3992 1541 4045 καὶ
1567 4010 1697 4062 τραο

145 4075 344 4144 χυτάτη
373 4077 490 4140 ὁδὸς
539 4081 677 4148 πρὸς
704 4081 765 4132 τὸ
799 4082 1030 4135 κατόπιν
1073 4083 1308 4135 ἀπιοῦσα
1336 4084 1434 4153 τῆς
1464 4085 1694 4154 ἐρήμου,

145 4162 334 4232 μέχρις
354 4160 423 4236 ἦς
463 4169 521 4219 ἐν
551 4169 630 4238 τῷ
669 4170 872 4238 μεταξὺ
908 4172 1074 4240 ῥαχία
1107 4172 1444 4240 καθορῶνται
1469 4173 1582 4240 δύο,
1623 4171 1698 4230 ὧν

147 4248 309 4314 μέσον
349 4255 381 4322 ή
417 4252 537 4315 όδὸς
572 4256 810 4309 ἀπιοῦσα
852 4257 1128 4328 μέχριτῆς
1181 4259 1389 4329 Ἱεριχῶ
1431 4264 1694 4332 καταντᾷ*

142 4340 230 4393 ἐπὶ
263 4343 321 4395 δέ
367 4345 540 4415 ταύτῃ
583 4346 705 4400 οὑδέ
740 4348 885 4411 λίθος
919 4348 1168 4418 θεμελίου
1203 4351 1540 4420 εὑρίσκεται.
1580 4354 1697 4406 ἀλλ’

1721 3098 1768 3191 .C

1803 1724 1962 1779 simul
2014 1724 2233 1778 Patrum
2294 1723 2631 1778 Passarionis
2694 1731 2745 1776 et
2796 1721 3093 1775 Dometiani
3141 1719 3375 1787 reliquias

1875 2078 1961 2132 l9.
2031 2075 2153 2130 Post
2196 2077 2296 2132 hoc
2356 2078 2764 2142 monasterium,
2825 2075 3106 2131 duodecim
3149 2073 3373 2128 millium

1803 2181 2054 2234 passuum
2105 2166 2446 2220 intervallum
2508 2168 2802 2222 excurrit:
2852 2177 3069 2234 tumque
3125 2165 3281 2220 obvia
3317 2166 3377 2226 lit,

1804 2258 1991 2327 ingens
2050 2271 2274 2327 vorago,
2332 2271 2494 2326 quam
2544 2265 2754 2312 torrens
2778 2257 3002 2311 mediam
3027 2264 3193 2310 secat.
3230 2255 3373 2308 Illius

1803 2351 1856 2404 in
1914 2353 2139 2405 adversa
2186 2360 2336 2419 parte
2394 2351 2777 2407 monasterium
2807 2349 3372 2420 Chozibmjacetncs

1801 2438 2068 2506 equidem,
2131 2455 2247 2508 qum
2279 2441 2404 2494 dum
2435 2450 2712 2502 narratur.
2751 2457 2858 2496 non
2901 2443 3160 2506 creditur,
3185 2451 3239 2498 et
3254 2457 3376 2513 spe-

1801 2528 2072 2582 culatione
2118 2529 2278 2582 etiam
2327 2529 2520 2598 ipsa‘in
2567 2531 2925 2587 admiratione
2973 2541 3056 2588 est
3091 2549 3106 2598 ;
3141 2549 3375 2602 namque

1801 2619 2178 2686 speluncarum
2213 2623 2323 2689 ipsa
2355 2622 2617 2676 foramina
2642 2627 3028 2680 monachorum
3060 2637 3182 2680 sunt
3203 2625 3372 2679 Cellae.

1801 2705 1867 2759 Et
1903 2710 2155 2777 templum
2187 2711 2382 2778 ipsum
2412 2720 2466 2766 et
2527 2715 2899 2769 cmmeterium
2949 2716 3004 2769 in
3046 2725 3210 2783 petrae
3241 2715 3376 2770 scis-

1801 2813 1926 2852 sura
1983 2811 2332 2865 excavautur,
2372 2805 2546 2871 adeo
2603 2798 2736 2860 solis
2786 2806 2966 2861 calore
3020 2808 3247 2870 deusta,
3315 2814 3374 2860 ut

1801 2901 1866 2941 ex
1892 2888 2038 2942 saxis
2062 2888 2187 2954 illis,
2214 2892 2281 2943 ad
2309 2893 2524 2946 modum
2553 2895 2914 2964 pyramidum,
2961 2897 3097 2964 ignis
3127 2896 3375 2966 linguula:

1799 2977 2017 3033 exsilire
2040 2980 2478 3049 conspiciantur,
2512 2998 2759 3054 aquaque
2806 2989 3196 3041 monachorum
3227 2989 3373 3058 potui
3404 3036 3415 3046 .

1801 3079 2057 3138 congesta
2117 3071 2237 3125 talis
2286 3073 2378 3134 sit.
2411 3074 2625 3142 qualem
2677 3091 2709 3132 e
2757 3087 2948 3148 Stagna
2985 3080 3221 3146 hauries,
3249 3096 3374 3135 cum

1804 3160 1905 3223 sol,
1931 3169 2120 3218 testate
2143 3164 2310 3218 media
2337 3166 2860 3232 lacubusinsistens,
2892 3167 2983 3224 eas
3002 3171 3184 3241 ignitis
3212 3172 3378 3226 radiis

1805 3261 2049 3321 aestuque
2098 3253 2496 3310 ferventissimo
2537 3259 2796 3312 Incendit.
2824 3258 2878 3314 ln
2913 3262 3013 3316 hoc
3046 3262 3376 3320 monasterio

1806 3341 2045 3417 diyersos
2065 3346 2347 3400 sanctitate
2367 3350 2685 3416 conspicuos
2712 3352 2856 3405 visos
2884 3351 3202 3418 iuvisimus‘;
3235 3342 3374 3409 inter

1804 3447 1896 3486 eos
1919 3449 2083 3487 unum
2109 3435 2453 3506 signiferum,
2480 3455 2659 3494 coram
2682 3456 2801 3495 cum
2831 3444 2937 3496 Deo
2955 3443 3371 3513 colloquentem,

1805 3524 1889 3576 cui
1953 3523 2112 3580 Luca:
2149 3527 2265 3582 seni
2315 3544 2507 3583 nomen
2558 3541 2661 3586 est.
2706 3531 2809 3586 Sed
2842 3534 3070 3588 enim’in
3102 3544 3374 3591 monaste-

1805 3615 1965 3681 rium,
1997 3633 2099 3673 non
2124 3620 2243 3674 sine
2273 3620 2606 3694 discrimine,
2649 3631 2758 3676 tum
2794 3624 2862 3679 ob
2901 3635 3166 3694 praerupta
3224 3628 3372 3695 rupis

1807 3708 1945 3775 loca,
2007 3716 2117 3762 tum
2179 3712 2249 3764 ob
2283 3713 2817 3769 rebementissimum
2871 3713 2999 3770 solis
3025 3715 3372 3780 ardorem,et

1806 3800 2186 3854 descendimus
2209 3813 2260 3856 et
2277 3804 2640 3858 ascendimus.

1873 3980 1962 4035 ευ.
1988 3980 2247 4050 Deinceps
2289 3982 2634 4049 subsequitur
2690 3994 2936 4055 angusta,
2991 3993 3272 4054 protensa,
3314 3996 3368 4042 et

1804 4059 2098 4142 asperrima
2168 4071 2275 4137 via,
2327 4073 2396 4127 ad
2442 4075 2612 4129 eremi
2656 4083 2807 4143 terga
2854 4076 3180 4132 conducens.
3206 4076 3371 4132 Ante-

1803 4178 1963 4234 quam
2012 4163 2079 4217 ad
2125 4163 2293 4232 ipsam
2353 4168 2684 4233 perveneris,
2743 4166 2798 4220 in
2824 4167 2939 4235 ejus
2995 4169 3171 4223 medio
3208 4169 3370 4224 dorsa

1806 4256 2067 4311 montium
2119 4256 2225 4309 duo
2270 4256 2697 4323 conspiciuntur,
2753 4271 2866 4327 per.
2897 4257 3020 4327 qua:
3067 4259 3152 4312 via
3197 4247 3369 4314 media

1804 4340 2085 4412 adaperta,
2142 4340 2210 4396 ad
2241 4345 2429 4398 urbem
2450 4342 2667 4401 Jericho
2691 4342 2914 4400 εισι-ἐει
2944 4364 2960 4399 :
2985 4346 3039 4401 in
3089 4360 3150 4400 ea
3187 4348 3369 4401 nullus

139 4427 332 4500 δμωςή
363 4435 514 4486 πᾶσα
534 4435 736 4505 ταύτης
760 4437 1033 4509 διαγραφή
1060 4440 1316 4507 ἀμυδρῶς
1343 4458 1458 4504 πως
1499 4445 1700 4511 ἐμφαί-

1807 4433 2270 4508 fundamentorum
2291 4431 2436 4501 lapis
2467 4436 2836 4502 conspicitur;
2862 4438 3111 4491 uuiversa
3169 4437 3368 4492 nihilo-

140 4534 316 4574 νεταιο
343 4523 437 4577 νῦν
465 4522 560 4578 οὖν
589 4527 975 4597 ἐπείπερέστὶν
1003 4531 1035 4598 ή
1058 4532 1205 4583 πᾶσα
1226 4533 1531 4603 περίχωρος
1560 4536 1698 4587 κάθ-

142 4624 322 4677 υγρος,
379 4614 460 4676 είς
539 4615 811 4695 κήπευσιν
884 4617 1306 4685 χρηματίζουσα
1355 4611 1463 4672 τῶν
1514 4622 1574 4672 ἐν
1631 4625 1696 4692 τῇ

143 4700 329 4771 ἐρήμῳ
376 4703 683 4773 ίδρυμένων
716 4705 912 4774 μονῶν.
969 4709 1338 4777 Δια-τμηθεῖσα
1382 4712 1487 4779 γὰρ
1534 4713 1567 4782 η
1603 4712 1697 4780 γῆ,

144 4787 232 4838 καὶ
269 4788 680 4859 διαμερισθεῖσα
705 4795 825 4855 ταῖς
853 4791 1033 4860 ἁγίαις
1061 4797 1294 4858 ἐκείναις
1322 4800 1532 4866 μοναίς,
1563 4815 1701 4849 κατ-

142 4876 432 4949 εδενδρώθη
471 4881 504 4949 ή
553 4883 724 4947 πάσας
763 4883 856 4934 καὶ
889 4867 1208 4951 ὑπάμπελος
1241 4887 1473 4952 γέγονε,·
1494 4887 1575 4939 διὸ
1604 4892 1698 4940 καὶ

146 4968 381 5038 πύργους
404 4974 501 5025 ἐπὶ
529 4973 599 5026 τά
634 4973 743 5025 τῶν
773 4974 1025 5043 μοναχῶν
1066 4975 1203 5044 λάχη
1240 4977 1288 5026 oi
1329 4977 1557 5047 μοναχοὶ
1589 4978 1698 5047 πή-

147 5059 327 5123 ξαντες
366 5062 690 5133 τοολυφόρως
729 5067 854 5128 τοὺς
892 5069 1137 5132 καρποὺς
1188 5069 1411 5120 ἐκείνων
1452 5068 1698 5137 πορίζον-

146 5168 249 5206 ται.
285 5137 619 5223 Ἔχειδγξοῧν
671 5156 950 5224 σχήματος
995 5157 1027 5225 ή
1085 5159 1233 5209 πᾶσα
1266 5159 1491 5226 ἔρημος,
1547 5161 1642 5211 καὶ
1675 5162 1702 5212 ὁ

147 5245 410 5316 Ἰορδάνης
430 5246 549 5315 ἅμα
576 5251 643 5316 τῇ
667 5249 984 5318 Νεκρᾷτῶν
1013 5248 1264 5316 Σοδόμων
1286 5249 1527 5321 θαλάσσῃ
1556 5253 1701 5303 κατὰ

147 5339 232 5390 τὸν
262 5341 533 5409 ἡμέτερον
564 5341 869 5408 στοχασμὸν
907 5340 996 5408 τῆς
1043 5339 1138 5391 τοῦ
1169 5342 1440 5409 θεάματος
1497 5342 1701 5404 θέσεως

147 5430 406 5499 ’Δχρίδος,
455 5432 514 5482 ἐν
552 5422 730 5502 τούτῳ
755 5432 853 5502 τὴν
892 5431 1194 5501 ἐναλλαγὴν
1244 5434 1412 5502 μόνην
1443 5435 1702 5502 φαινομέ-

149 5539 260 5590 νην,
279 5524 338 5576 ἐν
360 5522 436 5592 τῷ
468 5522 579 5577 ἀπὸ
615 5525 714 5591 μὲν
751 5526 851 5595 τῆς
883 5525 1082 5594 λίμνης
1102 5527 1346 5594 Ἀχρίδος
1383 5525 1699 5595 ἐξέρχεσθαι

149 5612 287 5685 ὕδωρ
328 5617 406 5678 είς
435 5616 728 5685 διαφόρους
763 5616 863 5685 τῆς
903 5620 1006 5685 γῆς
1042 5617 1566 5687 περιλιμναζόμενον
1601 5619 1702 5686 φάε·

151 5725 376 5778 ραγγας,
405 5709 473 5772 ἃς
503 5709 778 5781 στρούγας
817 5711 864 5763 οί
908 5710 1004 5779 τῆς
1045 5711 1221 5763 ἐκεῖσε
1265 5710 1368 5780 γῆς
1415 5709 1702 5780 οἰκήτορες

1803 4527 1980 4579 minus
2027 4525 2170 4579 illius
2224 4524 2511 4579 delineatio
2551 4525 2780 4581 obscure
2827 4517 3284 4594 deprehenditur:
3318 4541 3370 4581 at

1803 4631 1967 4683 nunc,
2003 4625 2252 4672 cumtota
2284 4631 2345 4670 ea
2387 4617 2779 4683 circumjacens
2824 4619 2971 4687 regio
3009 4620 3166 4686 aquis
3195 4621 3370 4670 abun-

1801 4709 1912 4771 det,
1973 4708 2442 4769 monasteriorum,
2469 4723 2586 4776 qua:
2640 4707 2690 4759 in
2724 4722 2908 4762 eremo
2946 4719 3092 4773 sunt,
3117 4722 3214 4776 pro
3247 4708 3370 4761 cul-

1805 4807 1920 4851 tura
1980 4800 2276 4861 hortorum,
2313 4800 2430 4852 usui
2482 4799 2734 4851 deservit.
2775 4797 3012 4866 Namque
3062 4799 3211 4866 regio
3257 4798 3367 4866 ilia,

1802 4888 1855 4941 in
1891 4898 2071 4956 partes
2092 4889 2285 4951 scissa,
2316 4888 2625 4954 snnctisque
2657 4886 2765 4940 illis
2793 4887 3134 4940 monasteriis
3170 4885 3368 4952 divisa,

1806 4979 2054 5030 universa
2109 4986 2162 5030 et
2193 4977 2473 5030 arboribus
2507 4977 2930 5052 obumbraturet
2975 4977 3142 5030 vincis
3195 4973 3369 5030 abun-

1805 5066 1914 5119 dat.
1978 5064 2316 5131 Quapmplcr
2371 5075 2425 5119 et
2457 5068 2696 5120 turribus
2726 5067 2778 5118 in
2827 5066 3158 5133 singulorum
3187 5079 3371 5118 mena—

1805 5157 2094 5211 steriorum
2129 5158 2324 5223 hortis,
2387 5174 2416 5231 _a
2443 5156 2718 5213 monachis
2762 5159 3125 5220 exmdiﬁcatis,
3163 5155 3372 5209 fructus

1803 5251 1978 5303 omnis
2007 5249 2220 5317 generis
2244 5248 2449 5301 abunde
2494 5231 2924 5314 suppeditantur.
2961 5247 3234 5301 Universae
3275 5248 3371 5300 ita-

1803 5357 1907 5409 que
1933 5357 2138 5407 eremo,
2166 5351 2219 5395 et
2244 5338 2484 5402 Jordani,
2519 5355 2734 5408 unaque
2769 5349 2991 5399 mortuo
3012 5336 3367 5393 Sodomorum

1806 5435 1966 5497 mari,
2033 5441 2213 5488 nostra
2281 5433 2609 5501 conjectura,
2675 5447 2778 5484 non
2834 5432 2937 5485 alia
2984 5431 3152 5502 ﬁgura
3187 5434 3367 5496 fuerit,

1806 5538 1970 5592 quam
2025 5537 2146 5590 qua:
2187 5520 2440 5576 Acbridis
2491 5523 2627 5576 situs
2662 5535 2783 5575 esse
2826 5522 3151 5576 videturzat
3206 5525 3256 5576 in
3308 5539 3371 5577 eo

1803 5612 2139 5668 solummodo
2188 5611 2461 5677 differunt,
2495 5613 2637 5682 quod
2683 5627 2714 5665 e
2736 5610 2929 5682 palude
2960 5614 3207 5667 Achridis
3236 5630 3369 5684 aqua

1805 5717 2075 5775 mcrgcns,
2122 5702 2194 5758 .in
2237 5703 2463 5760 diversis
2515 5712 2673 5759 terra:
2731 5705 3064 5760 convallibus
3131 5715 3367 5774 stagnat,
