3956 6324
161 291 269 356 95-3

158 405 442 475 ἑϐδομάδος
518 400 1008 472 είσπαρεγένοντο,

159 495 392 567 κεφαλὰς
419 492 861 567 προσερείδοντες
894 495 959 562 τῇ
1010 493 1116 544 τῶν
1151 493 1448 561 ὀφθαλμῶν
1494 490 1715 545 ἐπινεύο

159 604 245 641 σει
275 587 466 658 τροφὴν
491 586 680 657 ᾔτουν,
699 579 766 658 ἧς
795 584 1271 654 ἐπιτυγχάνοντες,
1297 584 1553 654 εὐμαρῶς
1576 585 1713 652 πρὸς

155 677 258 740 τὰς
288 677 524 745 συνήθεις
553 674 702 738 δίνας
746 672 838 728 τοῦ
868 674 1118 739 ποταμοῦ
1159 673 1356 726 ἀπίασι
1403 672 1710 742 χαίροντες.

166 765 236 817 Ἦ
267 759 413 835 δὲῆν
459 764 663 833 δσπρια
692 762 964 833 βραχέντα
1009 765 1065 813 ἐν
1110 761 1286 825 ὕδατι,
1325 764 1418 814 καὶ
1460 760 1712 830 όλυρίτης

159 843 360 924 tamen
384 855 629 923 κριθίνου
657 855 968 922 κλάσματος
989 855 1173 922 ἄρτος.
1203 854 1422 907 Τούτων
1445 853 1578 906 ποτέ
1603 869 1711 906 πα-

160 941 550 1010 ραγενομένων,
587 943 682 995 καὶ
719 941 818 1011 τὴν
849 941 1053 1011 συνήθη
1089 941 1468 994 ἀπαιτούντων
1497 941 1584 993 διὰ
1612 941 1712 1008 τῆς

157 1031 481 1094 ἐπινεύσεως
510 1032 618 1085 τῶν
640 1033 904 1103 ὀμμάτων
930 1032 1162 1103 τροφὴν,
1215 1033 1244 1084 δ
1294 1028 1472 1102 γέρων
1511 1031 1586 1100 μὴ
1620 1031 1711 1083 εὐη-

155 1123 354 1191 πορῶν,
407 1122 511 1191 ὅτῳ
576 1122 914 1192 θεραπεῦσαι
958 1110 1147 1192 τρόπῳ
1199 1124 1300 1193 τὴν
1347 1122 1456 1175 τῶν
1503 1121 1709 1191 θηρίων

154 1213 562 1281 ἔφεσινοέτυχε
600 1212 708 1283 γὰρ
760 1213 853 1265 ἐπὶ
913 1213 1139 1283 ἡμερῶν
1186 1213 1465 1279 διάστημα
1512 1210 1707 1276 εἴκοσι,

157 1305 289 1371 μήτι
308 1301 411 1354 τῶν
429 1301 705 1370 ἐδωδίμων
729 1303 818 1354 τὸν
840 1302 982 1370 ἱερὸν
1006 1305 1212 1355 ἐκεῖνον
1237 1303 1494 1368 εὐπορεῖν
1514 1301 1703 1369 ἀνδραο

153 1389 287 1458 φησὶ
307 1389 437 1459 πρὸς
471 1389 691 1455 αὐτοὺς,
741 1389 1023 1457 Ἐπείπερ,
1048 1383 1092 1442 ὦ
1117 1389 1304 1459 θηρία,
1351 1390 1489 1458 μήτε
1521 1390 1580 1440 τὸ
1609 1387 1710 1459 τῆς

154 1479 420 1548 ἡμετέρας
471 1477 690 1546 φύσεως
731 1479 954 1542 ἀσθενὲς
980 1479 1068 1532 διὰ
1099 1495 1244 1542 τινος
1285 1478 1396 1530 τῶν
1432 1477 1709 1546 ἐδωδίμων

155 1568 525 1636 παρακαλέσαι
575 1567 793 1637 ἔχομεν,
825 1566 946 1619 ἐπεὶ
977 1566 1192 1637 ἡμέρας
1235 1568 1409 1620 εῐκοσι
1443 1566 1543 1635 ἥδη
1582 1565 1709 1634 μήθ’

153 1659 283 1726 ἡμῖν
298 1658 593 1727 ἐπαρκέσαι
619 1656 695 1710 τάν
714 1657 901 1726 δέοντα
921 1657 1060 1710 κατά
1086 1657 1414 1727 τὸξσύνηθες,
1446 1656 1544 1708 τοῦ
1569 1653 1705 1708 Θεοῦ

1172 288 1628 349 DESCRIPTIO
1668 284 1946 346 TERRJE
1989 289 2320 350 SANCT/E.
2876 379 2881 383 ι

1104 402 1197 453 καὶ
1251 403 1330 471 τῷ
1387 401 1566 471 στύλῳ
1617 399 1707 463 τὰς

1821 407 1922 469 tes,
1956 414 2012 457 et
2039 405 2303 459 columnae
2358 402 2533 472 capita
2589 402 2942 473 applicantes,
2993 405 3268 460 oculorum
3297 423 3399 462 nu-

3280 268 3396 358 954'

1823 496 1988 560 tibus,
2044 496 2222 550 cibum
2275 496 2375 551 sibi
2411 495 2815 550 subministrari
2864 498 3211 565 poscebant:
3243 499 3399 569 cujus

1820 601 1942 641 cum
1992 585 2150 641 facile
2195 587 2484 656 participes
2536 587 2664 642 facti
2719 597 2924 650 essent.
2984 589 3050 641 ad
3103 600 3397 644 consuetos

1820 677 2057 731 fluminis
2104 679 2337 732 vortices
2415 679 2520 732 laeti
2590 678 2958 732 revetriebant.
3014 680 3178 734 Cibus
3235 690 3395 735 erant

1819 767 2128 838 legumina,
2186 783 2322 837 aqua
2402 768 2748 832 madefacta,
2805 777 2895 822 aut
2944 769 3082 824 forte
3139 771 3392 840 olyrites,

1816 860 1901 913 vel
1959 860 2113 928 panis
2164 861 2446 915 hordeacei
2509 861 2700 915 frusta.
2757 860 2822 914 Hi
2897 875 3017 914 cum
3104 863 3395 932 aliquando

1818 951 2185 1016 advenissent,
2245 959 2320 1017 et,
2344 965 2443 1017 pro
2473 966 2645 1018 more,
2685 953 2966 1007 oculorum
3029 953 3249 1007 nutibus
3299 953 3399 1008 ali-

1818 1045 2004 1097 menta
2056 1043 2159 1097 sibi
2216 1044 2570 1112 postularent,
2632 1044 2760 1098 dum
2818 1045 2936 1098 seni
2967 1060 3071 1099 non
3136 1046 3395 1114 suppetit.

1823 1131 2058 1202 quanam
2089 1134 2299 1186 ratione
2327 1131 2562 1186 ferarum
2586 1132 2867 1186 desideriis
2919 1141 3208 1191 occurrat:
3240 1147 3396 1186 nam-
3488 1181 3497 1192 ,

1816 1239 1923 1292 que
1982 1225 2192 1277 dierum
2254 1223 2448 1292 viginti
2505 1224 2786 1277 intervallo
2834 1223 2966 1276 nihil
3015 1239 3081 1278 eo
3119 1224 3396 1291 temporis,

1815 1316 1898 1369 vir
1925 1315 2011 1369 ille
2033 1329 2208 1380 sacer,
2236 1315 2628 1369 esculentorum
2660 1315 2759 1369 sibi
2793 1325 3104 1384 paraverat;
3149 1314 3255 1387 illis
3279 1315 3396 1368 hac

1816 1407 1935 1461 infit
1967 1423 1981 1457 :
2009 1406 2257 1472 Quando,
2293 1421 2325 1460 o
2355 1406 2565 1470 bellum,
2589 1421 2763 1473 neque
2791 1416 3030 1461 vestram
3058 1404 3392 1460 debilitatem

1815 1497 2071 1555 alimento
2125 1495 2304 1565 aliquo
2363 1511 2609 1550 recreare
2654 1498 2940 1564 possimus,
2999 1512 3124 1551 cum
3168 1511 3265 1565 per
3295 1498 3393 1549 hos

1815 1586 2012 1656 viginti
2038 1587 2151 1656 jam
2191 1587 2405 1655 elapsos
2435 1587 2551 1641 dies
2579 1601 2676 1641 nec
2703 1572 2918 1656 quidem
2962 1589 3151 1651 nobis,
3191 1597 3250 1642 ut
3277 1601 3394 1641 mo-

1814 1681 1890 1734 ris
1940 1687 2077 1742 erat,
2111 1694 2230 1748 qtue
2265 1680 2571 1733 necessaria
2630 1691 2807 1743 erant,
2868 1679 3260 1742 suffecerimus,
3316 1679 3391 1732 ita
3434 1709 3438 1712 -

154 1745 350 1816 λόγοις,
381 1739 461 1810 οἷς
491 1745 820 1818 εὐμηχάνως
843 1741 971 1812 οἶδε,
1005 1744 1356 1818 καταρτίζειν
1379 1747 1526 1818 ἡμᾶς
1550 1743 1706 1797 τοῦτο

1812 1769 1943 1835 Deo,
1975 1784 2080 1838 qua
2109 1755 2291 1823 nostra
2310 1779 2463 1824 curat
2484 1770 2843 1837 providentia,
2905 1771 3181 1838 sapienter
3201 1770 3389 1840 dispar

157 1837 625 1906 οίκονομήσαντος,
672 1837 790 1889 δέον
826 1838 959 1890 ἐστὶ
1010 1836 1345 1907 πορευθῆναι
1387 1838 1535 1908 ἡμᾶς
1570 1833 1708 1906 πρὸς

154 1924 254 1984 τὰς
309 1922 400 1976 τοῦ
454 1923 722 1994 Ἰορδάνου
766 1923 918 1994 ῥοὰς,
971 1925 1065 1978 καὶ
1099 1925 1298 1994 μικρόν
1347 1942 1402 1978 τι
1453 1925 1710 1994 ξυλάριον

158 2010 294 2090 πρὸς
352 2011 500 2078 ἡμᾶς
549 2013 798 2079 ἀγαγεῖν.
839 2009 962 2080 'Atp‘
993 2003 1052 2064 οὗ
1086 2011 1319 2081 σταυρία
1359 2011 1709 2065 κατασκευά-

157 2116 347 2163 σαντες
367 2100 546 2170 ήμῶν,
573 2103 687 2162 τοῖς
717 2101 1035 2170 ἐπευχίταις
1065 2101 1233 2171 χάριν
1253 2102 1508 2169 εὐλογίας
1534 2103 1709 2155 ταῦτα

157 2188 482 2258 παρέξομεν.
507 2190 628 2260 Ἀφ’
661 2185 736 2244 ὧν
756 2191 1249 2256 ἀντιδεξιωθέντες,
1277 2194 1417 2246 κατὰ
1450 2194 1550 2263 τὴν
1581 2195 1711 2246 ἐκά-
1741 2208 1748 2218 ·

157 2297 280 2333 στου
340 2282 683 2352 προαίρεσιν,
747 2285 922 2353 μικρά
973 2301 1096 2338 τινα
1127 2286 1403 2354 κερμάτια
1455 2285 1525 2338 τὰ
1573 2287 1710 2355 πρὸς

157 2370 354 2438 τροφὴν
401 2371 537 2439 ἐμοῦ
569 2389 630 2425 τε
682 2374 777 2426 καὶ
803 2373 958 2441 ὑμῶν
996 2372 1260 2437 ἐξαύτῶν
1286 2375 1707 2446 εὐπορήσωμεν.

161 2456 310 2524 Eius,
339 2462 436 2515 xui.
483 2465 535 2515 οι
576 2464 742 2533 θῆρες
784 2465 1049 2535 ἥκουσαν,
1083 2466 1160 2532 ὣς
1183 2470 1262 2521 ,ἑν
1316 2467 1518 2537 λογικῷ
1555 2471 1710 2537 κινή⁴

160 2567 306 2617 ματι,
360 2553 457 2605 καὶ
494 2552 788 2622 βαδίσματι
843 2556 982 2624 πρὸς
1015 2557 1118 2619 τὰς
1162 2557 1258 2610 τοῦ
1293 2557 1565 2627 Ἰορδάνου
1599 2578 1709 2628 xm-

159 2642 304 2709 ροῦσι
365 2644 516 2712 ροἀς.
561 2645 672 2697 Καὶ
714 2645 849 2713 μετά
879 2648 1104 2716 μικρὸν,
1140 2648 1186 2700 ὣ
1237 2648 1331 2701 τοῦ
1389 2649 1704 2719 θαύματοςί

158 2731 432 2801 ὐπαύχενα
467 2733 697 2802 φέρουσι
748 2735 841 2788 δύο
898 2736 1151 2805 ξυλάρια.
1199 2739 1292 2790 καὶ
1326 2742 1392 2808 τῇ
1436 2739 1588 2808 βάσει
1614 2739 1709 2792 ⁴τοῦ

160 2821 345 2873 στύλου
381 2822 566 2883 θέντες
592 2823 752 2886 αὐτὰ,
785 2825 853 2876 τά
895 2826 1032 2895 πρὸς
1073 2825 1342 2894 Ἰορδάνου
1373 2828 1469 2895 ἕλη
1502 2828 1710 2897 προθύ-

160 2927 272 2997 μ-ιυς
313 2913 620 2982 ἐχώρησαν.
657 2913 827 2997 “Alli
860 2913 1037 2968 ταῦτα
1091 2917 1191 2984 μὲν
1249 2916 1386 2979 ἃλις.
1429 2918 1616 2984 Ἡμεῖς
1651 2916 1710 2969 δὲ

157 2995 255 3066 τῆς
274 2998 380 3051 τῶν
402 3000 588 3052 τάττων
620 2995 867 3069 ἱστορίας
887 3001 1148 3070 ἐχόμεθα.

221 3107 317 3162 κδ’.
359 3109 528 3164 Ἀλλά
555 3102 650 3163 καὶ
675 3113 716 3181 ἡ
739 3112 834 3164 τοῦ
872 3112 1214 3181 Καλαμῶνος
1245 3116 1404 3185 μονὴ,
1439 3119 1532 3168 καὶ
1565 3117 1707 3188 αὕτη

158 3199 258 3250 ὑπὸ
285 3199 510 3270 πύργων
532 3215 624 3252 και
650 3200 938 3270 κορτίνων,
959 3201 1070 3253 ἀπὸ
1083 3202 1429 3270 τετραγώνου
1449 3202 1707 3266 λαξευτοῦ

156 3288 299 3341 λίθου
329 3276 760 3359 ἀνῳκοδόμηται,
794 3291 890 3343 καὶ
940 3292 968 3343 ὁ
1021 3292 1148 3354 ναὸς
1196 3293 1362 3361 μέσον
1393 3295 1562 3361 αὐτῆς
1615 3296 1707 3360 ἐγ-

157 3381 380 3450 χόρηγος
403 3381 739 3451 τρουλλωτὺς
778 3381 989 3453 ῑδρυται
1024 3383 1083 3434 ἐν
1117 3384 1499 3454 κυλινδρωτοίς
1530 3387 1708 3449 θόλοις

157 3472 578 3542 ἐπικαθήμενος.
621 3472 824 3525 Τούτου
855 3462 1238 3536 ’συνέζευκται
1291 3479 1348 3528 ἐν
1382 3477 1486 3545 ,τῷ
1544 3477 1708 3548 δεξιῷ

161 3564 308 3632 μέρει
336 3565 462 3626 ναὸς
513 3563 702 3633 ἕτερος
739 3564 968 3627 θολωτὺς
1003 3567 1146 3618 πάνυ
1210 3567 1618 3637 σμικρώτατος,
1651 3572 1708 3622 ἐν

156 3657 262 3716 τοῖς
289 3657 519 3724 χρόνοις,
553 3654 627 3716 ὡς
653 3654 896 3722 λέγεται,
942 3655 1051 3707 τῶν
1094 3657 1436 3710 Ἀποστόλων
1481 3660 1708 3728 ἀνεγερ-

158 3743 285 3806 θεὶς,
322 3738 381 3797 οὗ
413 3748 470 3797 ἐν
494 3732 572 3814 τῷ
601 3744 772 3813 μύακι
794 3746 958 3797 εἰκὼν
978 3744 1076 3814 τῆς
1101 3745 1366 3799 Θεοτόκου
1403 3749 1704 3818 ἱστόρηται,

158 3834 210 3884 ἐν
261 3835 527 3900 ἀγκάλαις
579 3835 854 3904 φερούσης
915 3835 1005 3887 τὸν
1049 3837 1278 3906 Σωτῆρα
1338 3839 1595 3908 Χριστὸν,
1649 3841 1708 3893 τὸ

159 3921 355 3990 σχῆμα,
390 3923 486 3975 καὶ
518 3923 579 3974 τὸ
643 3924 862 3992 χρῶμα,
895 3926 990 3976 καὶ
1040 3925 1102 3977 τὸ
1139 3909 1315 3994 μῆκος
1367 3931 1708 3996 ἐμφαίνουσα

156 4015 244 4082 τῆς
304 4015 362 4065 ἐν
429 4016 495 4082 τῇ
554 4014 916 4084 Βασιλευούσῃ
982 4015 1342 4086 Ὀδηγητρίας
1401 4021 1709 4087 ύπεραγίας

156 4099 379 4166 εἰκόνος.
410 4105 649 4170 Λέγεται
717 4105 774 4156 δὲ
808 4107 872 4157 ἐκ
924 4105 1170 4158 παλαιῶν
1225 4108 1598 4178 παραδόσεων,
1632 4113 1708 4174 ὡς

160 4189 428 4263 ἱστόρηται
455 4192 592 4262 αὕτη
639 4194 782 4262 χειρὶ
823 4193 915 4246 τοῦ
948 4196 1248 4248 ἀποστόλου
1291 4199 1382 4250 καὶ
1425 4199 1709 4266 εὐαγγελι-

161 4284 279 4336 στοῦ
309 4283 405 4335 τοῦ
427 4283 581 4350 ἁγίου
615 4285 820 4337 Λουκᾶ.
858 4285 967 4336 Καὶ
997 4287 1354 4340 πιστεύεσθαι
1387 4288 1484 4359 τὴν
1518 4293 1708 4360 φήμην

1812 1866 1993 1918 nente,
2046 1871 2180 1925 opus
2210 1846 2314 1921 est,
2346 1865 2405 1910 ut
2435 1870 2530 1911 vos
2551 1872 2580 1910 a
2608 1855 2865 1912 Iordanis
2924 1857 3119 1911 ﬂuenta
3163 1870 3390 1926 progre-

1813 1947 2052 2012 diamini,
2112 1947 2342 2016 indeque
2397 1947 2600 2016 lignum
2674 1948 2928 2016 pusillum
2997 1950 3062 2001 ad
3111 1963 3209 2002 nos
3256 1946 3391 2002 aﬂ'e-

1813 2032 1966 2095 ratis,
2015 2045 2079 2086 ex
2137 2046 2244 2100 quo
2298 2046 2488 2087 cruces
2517 2033 2824 2095 canfectas,
2869 2034 2980 2088 voti
3014 2034 3142 2096 reis,
3165 2032 3390 2088 benedi-

1757 2179 1760 2183 ,
1813 2120 2009 2174 ctionis
2054 2132 2212 2174 causa
2281 2120 2554 2187 dabimus,
2604 2136 2635 2175 a
2686 2122 2900 2190 quibus,
2922 2138 3017 2192 pro
3055 2122 3386 2191 singulorum

1813 2211 2038 2262 arbitrio
2095 2209 2329 2278 gratuita
2390 2211 2528 2280 stipe
2575 2213 2926 2275 remunerati,
2974 2227 3190 2280 parvam
3223 2226 3388 2279 pecu-

1811 2286 1960 2353 niani
1987 2300 2317 2369 colligemus,
2341 2295 2458 2370 qua:
2483 2301 2636 2355 vobis
2658 2301 2893 2369 mihique
2923 2299 3103 2355 cibum
3152 2301 3386 2370 parabit.

1812 2392 1960 2446 Dixit
2008 2391 2119 2446 ille.
2165 2391 2315 2446 Ferae
2365 2389 2676 2460 audierunt,
2730 2401 2808 2456 et,
2859 2400 3134 2462 tamquam
3160 2393 3391 2469 rationis

1813 2487 2110 2550 campotes,
2200 2478 2366 2536 alacri
2419 2492 2567 2537 motu
2637 2496 2932 2551 gressuque
2983 2482 3047 2538 ad
3093 2471 3384 2538 Iordanem

1813 2575 2168 2643 procedunt:
2231 2590 2330 2629 nec
2396 2574 2563 2629 multo
2586 2586 2705 2644 post
2757 2574 2948 2645 (orem
3017 2575 3388 2646 miram),duo

1811 2663 1956 2732 ligna
1991 2667 2043 2718 in
2076 2665 2214 2719 collo
2261 2673 2491 2734 gestant,
2511 2661 2566 2718 et
2594 2665 2856 2720 columna:
2902 2666 3014 2720 basi
3057 2673 3378 2736 apponunt:

1812 2763 1926 2807 tum
1993 2756 2207 2809 demum
2242 2757 2308 2808 ad
2337 2754 2587 2810 Iordanis
2617 2757 2840 2824 paludes
2862 2767 3105 2825 prompte
3148 2757 3383 2811 avolant.

1811 2847 1877 2901 Et
1905 2849 2018 2901 haec
2048 2846 2156 2900 sint
2194 2847 2364 2901 satis:
2401 2860 2543 2901 nunc
2577 2846 2818 2902 locorum
2859 2845 3144 2902 historiam
3191 2859 3383 2915 prose-

1811 2952 2062 3008 quamur.
2979 2955 2982 2958 ‘

1883 3139 1974 3194 24.
2032 3139 2138 3194 Sed
2201 3145 2257 3193 et
2308 3137 2616 3192 Calamonis
2683 3135 3070 3190 monasterium
3141 3131 3394 3188 turribus

1807 3230 2142 3295 cortinisque
2203 3242 2270 3281 ex
2305 3226 2567 3295 quadrato
2617 3214 2890 3294 pulitoque
2942 3223 3124 3296 lapide
3166 3231 3384 3276 exstru-

1808 3328 1952 3373 ctum
1980 3329 2096 3374 est:
2131 3327 2187 3372 et
2217 3319 2268 3370 in
2301 3317 2417 3386 ejus
2453 3316 2630 3370 medio
2690 3315 2941 3382 templum
2970 3329 3162 3381 capax,
3195 3314 3384 3367 trulla-

1809 3420 1949 3474 tum,
1993 3410 2248 3476 assurgit,
2313 3406 2494 3470 tholis,
2553 3405 2777 3476 cylindri
2834 3406 3005 3458 instar
3054 3405 3381 3469 fabrefactis,

1809 3500 2074 3554 insiliens.
2123 3497 2260 3551 Huic
2290 3498 2353 3562 in,
2375 3497 2594 3551 dextera
2627 3505 2781 3564 parte
2834 3493 3089 3564 templum
3112 3495 3254 3548 aliud
3285 3492 3384 3547 ad-

1809 3589 2063 3651 nectitur,
2109 3587 2256 3640 tholo
2286 3600 2436 3654 atque
2459 3595 2744 3648 constans,
2776 3584 3030 3653 pusillum
3068 3582 3384 3644 admodum,

1815 3687 1974 3732 aztate
2018 3675 2404 3745 apostolorum,
2458 3681 2515 3728 ut
2588 3675 2803 3727 traditio
2854 3684 2959 3737 est,
3009 3671 3381 3751 aedificatum:

1810 3769 1860 3821 in
1895 3768 2051 3837 cujus
2079 3766 2280 3836 mytqu
2303 3763 2546 3834 Deipam
2566 3764 2744 3834 imago
2773 3763 2983 3833 depicta
3038 3771 3141 3827 est,
3164 3761 3216 3814 in
3241 3759 3382 3814 ulnis

1809 3861 2083 3915 Christum
2134 3858 2470 3910 Salvatorem
2499 3856 2800 3924 gestantis;
2834 3854 3078 3926 figuram,
3124 3852 3379 3913 colorem,

1808 3967 1871 4005 ac
1900 3947 2283 4019 longitudinem
2330 3946 2686 4020 sanctissimas
2725 3944 2977 4012 imaginis
3025 3931 3381 4012 Hodegetria',

1816 4056 1936 4110 qua:
1966 4041 2018 4094 in
2048 4040 2195 4108 regia
2217 4038 2348 4092 urbe
2375 4047 2674 4104 spectatur,
2735 4051 2845 4107 prae
2864 4050 2922 4091 se
2957 4035 3158 4089 ferens.
3185 4034 3385 4087 Et-an-

1811 4132 1954 4198 aqua
1975 4131 2101 4183 item
2134 4127 2421 4184 traditione
2443 4135 2810 4191 asseveratur,
2862 4138 2982 4179 eam
3009 4137 3132 4197 esse
3150 4120 3379 4190 apestoli

1808 4231 1862 4274 et
1902 4217 2257 4285 Evangelistze
2296 4216 2450 4269 Luca:
2505 4229 2667 4268 manu
2715 4215 3022 4281 depictam:
3073 4212 3383 4277 famamque

1811 4326 1876 4363 ac
1907 4321 2182 4362 rumorem
2234 4305 2304 4359 de
2334 4318 2396 4358 ea
2429 4305 2710 4358 stabiliunt
2769 4301 3075 4370 frequentia
3099 4300 3381 4363 miracula,

158 4376 391 4426 πείθουσι
413 4375 482 4427 τά
514 4392 571 4426 τε
607 4376 775 4443 συχνά
800 4375 1077 4444 θαύματα,
1107 4379 1199 4430 καὶ
1228 4379 1259 4447 ἡ
1289 4382 1704 4453 φρικωδεστάτη

1813 4411 1868 4455 et
1891 4415 1954 4452 ex
1978 4395 2217 4465 imagine
2263 4395 2614 4449 suavissimus
2665 4393 2822 4457 odor,
2855 4409 2964 4450 non
2993 4393 3110 4446 sine
3140 4394 3382 4444 omnium

160 4465 213 4515 ἐκ
241 4465 340 4532 τῆς
378 4465 583 4525 εἰκόνος
619 4465 948 4535 ἐξερχομένη
972 4466 1192 4522 εὐωδία.
1228 4463 1341 4524 Καὶ
1365 4470 1483 4538 μετ’
1510 4471 1699 4540 αὐτὴν,

161 4555 282 4607 ὡσεὶ
313 4555 542 4607 σταδίων
576 4561 638 4618 ε’,
673 4556 882 4625 ἵδρυται
919 4557 951 4624 ή
979 4556 1074 4608 τοῦ
1105 4558 1488 4629 Χρυσωτόμου
1530 4564 1690 4632 μονή.

183 4649 252 4711 H;
272 4648 474 4700 ἄποθεν
506 4648 639 4699 ὡσεὶ
668 4645 824 4714 τόξου
850 4646 1008 4717 βολῆς
1038 4650 1454 4721 ἐγκλειστήριος
1487 4655 1702 4708 ἵσταται

164 4741 360 4804 ττύλος,
397 4739 476 4800 είς
509 4738 568 4791 ὃν
605 4742 631 4790 ό
665 4739 836 4806 μέγας
872 4740 1216 4809 ἐφησύχαςεν
1243 4745 1404 4812 ἀνὴρ,
1453 4745 1700 4814 Ἰϐηριὼ-

163 4851 245 4902 ιης
276 4833 336 4885 τὸ
364 4834 541 4898 γένος,
573 4832 664 4884 τὸν
684 4833 883 4902 τρόπον
912 4833 1138 4899 ἁπλοῦς,
1167 4834 1256 4885 τὸν
1292 4835 1447 4903 λόγον
1489 4839 1701 4888 αίδέσι-

162 4942 274 4991 μος,
307 4923 476 4975 πάλαι
507 4921 599 4974 ἐπὶ
634 4924 850 4991 χρόνοις
878 4928 1091 4992 συχνοῖς
1139 4929 1196 4976 ἐν
1228 4927 1302 4996 τῷ
1333 4931 1460 4997 περὶ
1485 4929 1580 5000 τὴν
1610 4931 1702 4983 θὰι-

161 5030 354 5067 Αασσαν
378 5012 789 5081 τῆςἊτταλείας
823 5015 1094 5083 πεπηγότι
1129 5015 1287 5084 λίθῳ,
1319 5019 1445 5079 τοὺς
1476 5023 1704 5086 ἀσκητι-

159 5106 278 5166 κοὺς
317 5103 572 5164 διανύσας
615 5103 832 5163 πόνους.
866 5104 992 5155 Ὅτε
1057 5105 1150 5156 καὶ
1207 5110 1364 5175 ἡμεῖς
1418 5110 1492 5178 τῷ
1551 5113 1705 5182 ἀνδρὶ

158 5198 491 5266 ἐνετύχομεν,
509 5195 584 5265 τῷ
613 5197 843 5264 ἀοιδίμω
866 5197 1076 5264 βασιλεῖ
1104 5200 1197 5251 καὶ
1219 5208 1705 5274 τορφυρογεννήτῳ

156 5289 223 5357 τῷ
254 5286 522 5356 Κομνηνῷ
561 5292 1064 5358 συστρατευόμενοι.

220 5385 320 5432 κε’.
356 5379 536 5447 Πέραν
563 5379 620 5430 δὲ
650 5381 740 5433 τοῦ
765 5381 1034 5450 Ἰορδάνου
1089 5386 1316 5452 ἀντικρὺ
1358 5387 1456 5452 τῆς
1505 5390 1705 5441 Batti-

159 5468 288 5530 ςεώς
339 5471 445 5520 εἰσι
478 5469 670 5536 θάμνοι
714 5469 976 5541 διάφοροι,
1010 5475 1098 5524 καὶ
1135 5475 1296 5542 μέσον
1325 5478 1527 5529 τούτοιν
1574 5482 1705 5534 ὡσεὶ

159 5558 367 5610 σταδίου
398 5560 516 5620 ἐνὸς
548 5559 769 5624 ἄποθεν,
805 5561 917 5612 ἔστι
952 5562 1011 5613 τὸ
1044 5563 1138 5614 τοῦ
1171 5565 1478 5618 Βαπτιστοῦ
1523 5569 1703 5622 Ἰωάν-

160 5668 240 5704 νου
273 5651 539 5721 σπήλαιον
570 5655 765 5725 μικρὸν
797 5655 936 5709 πάνυ
970 5659 1062 5711 καὶ
1096 5661 1167 5728 μὴ
1219 5652 1515 5731 δυνάμενον
1555 5665 1705 5730 δέξα-

1810 4489 2191 4548 admiratione,
2252 4499 2529 4540 emanans.
2594 4483 2970 4553 Subsequitur,
3020 4483 3212 4537 stadiis
3271 4480 3383 4535 fere

1806 4581 2047 4648 quinque
2099 4575 2326 4640 distans,
2371 4574 2744 4645 Chrysostomi
2793 4575 3182 4628 monasterium
3212 4590 3226 4625 :
3261 4573 3379 4623 lon-

1805 4683 1972 4738 geqne
1999 4665 2064 4718 ab
2107 4678 2172 4718 eo
2199 4663 2391 4734 ad,}eli
2415 4665 2625 4730 jactum
2648 4663 2894 4717 columna
2953 4671 3038 4716 est
3064 4661 3376 4715 inclisteria.

1805 4761 1856 4813 in
1897 4773 1997 4825 qua
2033 4757 2136 4816 vir,
2188 4755 2374 4810 iberus
2423 4754 2644 4823 genere,
2699 4753 2942 4809 moribus
2985 4751 3238 4820 simplex,
3267 4765 3356 4804 ser

1772 4839 1779 4845 ’
1807 4863 1972 4903 mone
1993 4847 2340 4909 reverendus,
2373 4845 2464 4914 qui
2495 4843 2841 4912 tranquillam
2887 4844 3048 4896 vitam
3082 4842 3214 4910 agit,
3265 4842 3374 4910 pri-

1813 4941 1932 4991 dem
1979 4952 2073 5004 per
2109 4935 2289 5005 plures
2357 4948 2525 4988 annos
2590 4934 2642 4985 in
2679 4947 2831 4998 saxo,
2866 4932 2931 4984 ad
2964 4946 3113 4985 mare
3167 4931 3379 4984 Attalia’

1807 5029 2049 5091 fundato,
2114 5025 2384 5078 laboribus
2463 5025 2734 5078 continuis
2815 5021 3210 5090 sudoribusque
3262 5035 3379 5075 sese

1807 5125 2154 5180 exercuerat;
2189 5116 2370 5184 ibique
2403 5130 2500 5170 nos
2563 5129 2682 5168 eum
2750 5113 2966 5168 ailocuti
2993 5113 3219 5176 fuimus,
3253 5112 3376 5165 dum

1808 5225 1910 5263 una
1967 5223 2090 5261 cum
2166 5207 2514 5261 celeberrimo
2581 5205 2907 5270 imperatore
2974 5214 3028 5257 et
3071 5201 3378 5272 Porphyro-

1810 5310 2033 5371 genneta
2066 5298 2341 5353 Comneno
2365 5297 2742 5350 militaremus.

1878 5393 1967 5445 25.
2023 5389 2079 5442 in
2139 5393 2361 5444 adversa
2420 5387 2669 5443 Iordanis
2694 5395 2865 5456 parte,
2893 5395 3080 5440 contra
3118 5385 3373 5454 Baptismi

1810 5483 2084 5552 tumplum,
2148 5484 2356 5536 diversa
2409 5481 2624 5534 dumeta
2677 5489 2987 5548 assurgunt,
3016 5476 3259 5549 interque
3284 5494 3370 5544 ea,

1810 5577 1964 5629 81.θάιὶ
2001 5577 2157 5627 unius
2186 5575 2538 5644 longitudine,
2576 5573 2825 5642 Baptistae
2851 5573 3074 5628 Ioa..nis
3116 5574 3368 5642 spelunca

1809 5676 1971 5734 patet,
1995 5665 2178 5734 pusilla
2214 5667 2395 5734 nimis,
2427 5682 2600 5724 neouc
2632 5667 2802 5721 virum
2848 5680 3083 5736 procera:
3124 5673 3367 5736 statura',
