3956 6324
223 313 338 378 953

220 427 526 497 ἑϐδομάδος
603 424 1091 495 είσπαρεγένοντο,

220 518 474 589 κεφαλὰς
502 517 944 590 προσερείδοντες
977 518 1042 586 τῇ
1093 515 1199 568 τῶν
1234 516 1531 586 ὀφθαλμῶν
1577 513 1798 569 ἔπινεύο

222 625 314 664 σει
346 609 550 687 τροφὴν
575 609 763 680 ᾔτουν,
782 603 850 681 ἦς
878 608 1354 677 ἐπιτυγχάνοντες,
1381 608 1636 678 εὐμαρῶς
1660 608 1796 674 πρὸς

217 700 327 762 τὰς
360 699 608 768 συνήθεις
635 698 785 761 δίνας
829 695 921 751 τοῦ
951 697 1201 764 ποταμοῦ
1242 697 1440 750 ἀπίασι
1487 695 1793 765 χαίροντες.

229 787 303 840 Ἦ
337 788 400 841 δὲ
427 782 496 858 ἦν
543 787 746 856 δσπρια
774 785 1048 856 βραχέντα
1092 787 1148 836 ὲν
1193 784 1369 849 ὕδατι,
1407 787 1501 838 καὶ
1544 783 1795 854 όλυρίτης

221 866 386 940 ἴσως,
407 879 440 947 ἢ
465 877 713 947 κριθίνου
739 878 1052 945 κλάσματος
1072 878 1256 946 ἄρτος.
1287 878 1506 930 Τούτων
1528 876 1661 930 ποτὲ
1687 892 1795 929 πα-

225 963 633 1033 ραγενομένων,
671 966 765 1017 καὶ
801 964 900 1034 τὴν
931 963 1136 1034 συνήθη
1173 963 1551 1018 ἀπαιτούντων
1581 964 1668 1017 διὰ
1695 964 1796 1032 τῆς

222 1053 565 1118 ἐπινεύσεως
595 1056 702 1108 τῶν
723 1056 987 1126 ὀμμάτων
1013 1056 1245 1126 τροφὴν,
1298 1056 1327 1107 ό
1377 1055 1555 1125 γέρων
1594 1054 1670 1123 μὴ
1703 1055 1794 1106 εὖτ

217 1146 435 1214 πορῶν,
489 1145 596 1214 ὅτῳ
660 1145 998 1214 θεραπεῦσαι
1041 1133 1230 1215 τρόπῳ
1283 1146 1383 1216 τὴν
1430 1145 1540 1198 τῶν
1587 1145 1792 1214 Θηρίων

216 1236 417 1304 ἔφεσιν
444 1236 645 1305 ’ἔτυχε
682 1237 790 1306 γὰρ
843 1235 936 1288 ἐπὶ
997 1235 1222 1305 ἡμερῶν
1268 1235 1549 1302 διάστημα
1596 1233 1790 1299 εἴκοσι,

221 1328 364 1394 μήτι
386 1325 493 1378 τῶν
512 1324 787 1393 ἐδωδίμων
811 1327 900 1378 τὸν
923 1325 1065 1393 ίερδν
1089 1327 1294 1378 ἐκεῖνον
1321 1325 1577 1392 εὐπορεῖν
1598 1323 1786 1392 ἄνδραο

216 1413 363 1482 φησὶ
383 1413 520 1483 πρὸς
555 1412 774 1478 αὐτοὺς,
823 1412 1107 1481 Ἐπείπερ,
1131 1405 1175 1464 ὧ
1201 1412 1387 1482 θηρία.
1434 1413 1573 1481 μήτε
1604 1413 1664 1463 τὸ
1692 1410 1793 1482 τῆς

216 1502 503 1572 ἡμετέρας
554 1501 772 1569 φύσεως
814 1502 1037 1565 ἀσθενὲς
1062 1502 1152 1556 διά
1181 1518 1327 1564 τινος
1369 1501 1480 1554 τῶν
1515 1501 1792 1570 ἐδωδίμων

216 1591 608 1659 παρακαλέσαι
658 1590 876 1660 ἔχομεν,
907 1589 1029 1642 ἐπεὶ
1061 1589 1275 1660 ἡμέρας
1317 1591 1493 1643 είκοσι
1526 1589 1626 1658 ἥδη
1665 1589 1792 1658 μήθ’

215 1683 358 1750 ἡμῖν
376 1681 677 1750 ἐπαρκέσαι
702 1680 771 1733 τὰ
797 1681 984 1748 διέοντα
1003 1681 1144 1734 κατὰ
1169 1681 1498 1750 τδξσύνηθες,
1530 1679 1626 1732 τοῦ
1652 1676 1788 1731 Θεοῦ

1255 312 1626 372 DESCRIPT
1640 311 1711 368 l0
1751 308 1902 367 TER
1916 310 2030 369 [LE
2072 314 2159 373 SA
2171 313 2403 374 NCT/E.
2960 403 2964 406 γ

1187 425 1280 477 καὶ
1335 426 1413 494 τῷ
1471 425 1650 494 στύλῳ
1700 424 1790 487 τὰς

1904 430 2006 492 tes,
2039 437 2095 481 et
2123 429 2387 483 columnae
2442 426 2617 495 capita
2673 425 3026 498 applicantes,
3077 429 3352 484 oculorum
3381 447 3483 486 nu-

3364 314 3474 381 954

1905 519 2071 582 tibus,
2128 520 2305 574 cibum
2358 519 2458 574 sibi
2495 519 2898 574 subminiStrari
2948 521 3246 589 poscebant
3279 540 3294 576 :
3327 522 3482 591 cuius

1903 625 2025 665 cum
2074 609 2234 664 facile
2279 611 2567 679 participes
2620 610 2747 665 facti
2802 620 3007 672 essent.
3067 612 3132 664 ad
3187 623 3480 667 consuetos

1903 701 2140 754 ﬂuminis
2187 702 2420 755 vortices
2500 702 2604 756 laeti
2674 701 3041 755 reveiriebant.
3097 703 3261 757 Cibus
3317 713 3478 758 erant

1902 790 2211 863 legumina,
2270 806 2405 861 aqua
2486 791 2830 854 madefacta,
2889 800 2978 845 ant
3027 792 3164 846 forte
3222 793 3475 864 olyrites,

1900 883 1984 937 vel
2042 882 2530 951 panishordeacei
2592 883 2782 936 frusta.
2840 883 2905 936 Hi
2980 897 3135 937 cum
3188 885 3478 954 aliquando

1900 975 2268 1039 advenissent,
2327 982 2402 1040 et,
2427 987 2526 1040 pro
2556 989 2728 1040 more,
2769 976 3049 1030 oculorum
3113 977 3332 1030 nutibus
3382 976 3482 1030 ali—

1901 1067 2098 1120 menta
2139 1067 2242 1120 sibi
2299 1066 2653 1135 postularent,
2715 1067 2844 1121 dum
2901 1069 3018 1122 seni
3049 1083 3154 1122 non
3219 1069 3478 1137 suppetit.

1907 1155 2140 1225 quanam
2173 1158 2382 1209 ratione
2411 1154 2646 1209 ferarum
2669 1155 2950 1210 desideriis
3003 1164 3291 1215 occurrat:
3323 1170 3479 1208 nam-
3572 1205 3580 1216 ,

1899 1262 2006 1315 que
2065 1248 2274 1301 dierum
2337 1246 2531 1315 viginti
2587 1247 2869 1301 intervallo
2918 1247 3049 1300 nihil
3099 1263 3164 1302 eo
3202 1247 3478 1314 temporis,

1898 1339 1981 1391 vir
2009 1338 2094 1392 ille
2115 1353 2290 1403 sacer,
2318 1339 2711 1393 esculentorum
2743 1339 2842 1392 sibi
2877 1347 3186 1407 paraverat;
3232 1338 3339 1410 illis
3363 1338 3479 1391 haec

1899 1430 2018 1484 inﬁt
2051 1447 2064 1480 :
2093 1428 2340 1495 Quando,
2375 1444 2408 1483 ο
2438 1429 2648 1494 bellum,
2673 1444 2847 1497 neque
2875 1439 3110 1484 vestram
3141 1427 3475 1484 debilitatem

1898 1520 2154 1577 alimento
2208 1519 2386 1589 aliquo
2446 1534 2691 1574 recreare
2737 1521 3024 1588 possimus,
3081 1535 3207 1574 cum
3246 1535 3348 1589 per
3378 1521 3477 1574 bos

1897 1609 2095 1678 viginti
2121 1610 2234 1678 jam
2275 1610 2488 1678 elapsos
2518 1609 2634 1664 dies
2663 1624 2760 1664 nec
2786 1596 3001 1679 quidem
3045 1612 3234 1674 nobis,
3274 1623 3333 1665 ut
3359 1625 3477 1665 mo-

1897 1704 1973 1756 ris
2023 1710 2160 1765 erat,
2194 1716 2312 1770 qme
2348 1702 2654 1756 necessaria
2713 1714 2890 1767 erant,
2951 1701 3343 1767 sufl‘ecerimus,
3399 1704 3475 1757 ita
3516 1733 3520 1737 -

215 1769 432 1838 λόγοις,
463 1762 545 1833 οἷς
574 1768 900 1840 εὐμηχάνως
927 1764 1055 1835 οίδε,
1088 1768 1439 1841 καταρτίζειν
1462 1769 1609 1840 ἡμᾶς
1633 1766 1790 1820 τοῦτο

1895 1776 2026 1858 Deo,
2057 1807 2162 1862 qua
2191 1777 2373 1872 nostra
2393 1801 2546 1847 curat
2568 1793 2927 1861 providentia,
2989 1795 3264 1862 sapienter
3285 1795 3472 1863 dispar

218 1858 708 1929 οίκονομήσαντος,
755 1860 874 1913 δέον
908 1862 1042 1912 ὶστὶ
1093 1859 1428 1930 πορευθῆναι
1471 1860 1618 1931 ἡμᾶς
1653 1857 1792 1929 πρὸς

216 1946 326 2008 τᾶς
389 1945 484 1999 τοῦ
538 1947 805 2017 Ἰορδάνου
849 1947 1001 2017 ῥοὰς,
1053 1949 1148 2000 καὶ
1181 1946 1380 2017 μικρόν
1430 1965 1484 2000 τι
1536 1947 1793 2018 ξυλάριον

220 2034 374 2114 πρὸς
436 2033 584 2101 ἡμᾶς
633 2035 882 2102 ἀγαγεῖν.
922 2031 1045 2102 ’Δφ⁹
1076 2025 1136 2087 οὗ
1168 2034 1401 2104 σταυρία
1443 2035 1792 2088 κατασκευά-

219 2139 430 2186 σαντες
450 2123 630 2192 ripa»,
656 2125 770 2184 τοῖς
801 2123 1118 2194 ιπευχίταις
1147 2124 1315 2194 χάριν
1335 2125 1591 2191 εὐλογίας
1618 2125 1792 2178 ταῦτα

220 2211 565 2281 παρέξομεν.
590 2214 712 2282 ’Δφ’
743 2207 819 2267 ὢν
839 2214 1331 2279 ἁντιδεξιωθέντες,
1359 2216 1500 2268 κατὰ
1533 2216 1634 2286 τὴν
1664 2217 1794 2268 huic
1824 2231 1831 2240 '

220 2320 357 2356 στου
423 2304 766 2375 προαίρεσιν,
830 2307 1005 2376 μικρά
1056 2324 1179 2360 τινα
1210 2309 1486 2377 κερμάεια
1537 2307 1608 2361 τὰ
1656 2309 1793 2377 πρὸς

220 2392 438 2462 τροφὴν
485 2394 621 2462 ἐμοῦ
653 2412 713 2448 τε
765 2397 860 2449 καὶ
887 2395 1042 2464 ὑμῶν
1079 2394 1342 2460 ἐξαύτῶν
1369 2398 1790 2468 εὐπορήσωμεν.

223 2479 392 2547 Eine,
424 2484 518 2538 καὶ
567 2487 618 2538 οί
659 2487 825 2556 θῆρες
867 2488 1131 2557 ἤκουσαν,
1165 2489 1344 2552 ὣς,ἑν
1398 2490 1601 2560 λογικῷ
1638 2493 1794 2560 κινή-

222 2591 388 2641 ματι,
444 2575 540 2628 καὶ
577 2575 871 2644 βαδίσματι
927 2579 1064 2647 πρὸς
1098 2579 1201 2641 τὰς
1245 2579 1340 2632 τοῦ
1375 2580 1648 2650 Ἰορδάνου
1682 2601 1792 2651 χω-

221 2665 386 2734 ροῦσι
449 2667 599 2734 ῥοάς.
645 2668 755 2719 Καὶ
797 2668 932 2735 μετὰ
962 2670 1186 2739 μικρὸν,
1222 2670 1268 2723 ὣ
1319 2671 1414 2724 τοῦ
1471 2671 1787 2742 θαύματοςί

219 2755 516 2823 ὐπαύχενα
550 2756 780 2825 φέρουσι
831 2757 924 2810 δύο
980 2759 1234 2828 ξυλὰρια,
1281 2762 1376 2813 καὶ
1409 2764 1475 2830 τῇ
1519 2762 1672 2831 βάσει
1697 2762 1792 2815 τοῦ

220 2844 429 2896 στύλου
464 2845 649 2906 θέντες
674 2846 834 2908 αὐτὰ,
867 2847 936 2899 τὰ
978 2848 1116 2918 πρὸς
1156 2848 1425 2917 Ἰορδάνου
1456 2852 1552 2918 ἕλη
1586 2851 1792 2920 προθύ-

222 2951 351 3000 μους
397 2935 702 3004 ἐχώρησαν.
739 2935 910 3018 ⁸Ἀλλὰ
942 2936 1120 2990 ταῦτα
1175 2939 1274 3007 μὲν
1332 2939 1469 3003 ἃλις.
1512 2941 1700 3007 Ἡμεῖς
1734 2939 1793 2992 δὲ

216 3019 333 3090 τῆς
353 3021 464 3073 τῶν
487 3023 672 3075 τόπων
703 3022 949 3091 ἱστορίας
969 3024 1231 3093 ἐχόμεθα.

298 3130 398 3185 κδ’.
443 3131 612 3186 Ἀλλὰ
638 3125 732 3186 καὶ
758 3136 801 3204 ἠ
822 3135 917 3187 τοῦ
956 3136 1298 3205 Καλαμῶνος
1329 3139 1486 3208 μονὴ,
1522 3143 1616 3192 καὶ
1648 3141 1790 3212 αὕτη

217 3222 334 3276 ὑπὸ
364 3222 592 3293 πύργων
615 3238 707 3275 και
733 3223 1020 3292 κορτίνων,
1044 3224 1153 3278 ἀπὸ
1167 3225 1512 3294 τετραγώνου
1532 3225 1790 3290 λαξευτοῦ

215 3312 379 3365 λίθου
411 3298 843 3382 ἀνῳιιοδόμηται,
877 3315 974 3366 καὶ
1024 3315 1052 3366 ό
1104 3315 1231 3377 ναὸς
1279 3316 1444 3384 μέσον
1476 3317 1645 3384 αὐτῆς
1697 3319 1789 3384 ὲγ-

215 3405 464 3475 χόρηγος
488 3404 821 3474 τρουλλωτὺς
861 3403 1072 3476 ἵδρυται
1107 3406 1166 3458 ὲν
1200 3407 1582 3477 κυλινδρωτοῖς
1613 3410 1791 3472 θόλοις

218 3495 661 3564 ἑπικαθήμενος.
704 3496 907 3549 Τούτου
936 3485 1321 3559 ’συνέζευκταί
1374 3503 1431 3551 έν
1465 3501 1569 3569 ⁹τῷ
1627 3501 1791 3571 δεξιῷ

222 3588 390 3656 μέρει
419 3588 546 3649 ναδς
596 3587 784 3657 ἕτερος
821 3588 1050 3650 θολωτὺς
1086 3590 1230 3642 πάνυ
1294 3591 1700 3660 σμικρώτατος,
1734 3595 1790 3644 ὲν

216 3681 341 3739 τοῖς
369 3679 602 3748 χρόνοις,
635 3677 710 3740 ὡς
736 3677 980 3745 λέγεται,
1025 3678 1134 3730 τῶν
1178 3679 1519 3732 ’Λποστόλων
1564 3683 1790 3751 ἀνεγερ-

219 3768 366 3829 θεὶς,
405 3761 465 3821 οὗ
497 3771 554 3820 ὲν
578 3756 654 3837 τῷ
684 3768 854 3836 μύακι
878 3769 1042 3820 εἰκὼν
1062 3768 1159 3838 τῆς
1184 3769 1449 3822 Θεοτόκου
1486 3772 1786 3841 ίστόρηται,

218 3860 285 3910 ὲν
343 3857 610 3922 ἀγκάλαις
663 3858 937 3928 φερούσης
999 3859 1088 3910 τὸν
1132 3861 1361 3930 Σωτῆρα
1422 3863 1677 3932 Χριστὸν,
1731 3865 1791 3916 τὸ

220 3944 439 4014 σχῆμα,
474 3946 569 3998 καὶ
601 3945 662 3997 τὸ
726 3947 945 4015 χρῶμα,
979 3949 1073 3999 καὶ
1124 3949 1186 4000 τὸ
1223 3932 1398 4017 μῆκος
1451 3954 1790 4019 ἐμφαίνουσα

214 4039 327 4106 τῆς
388 4037 446 4088 ὲν
513 4039 578 4105 τῇ
637 4037 1000 4106 Βασιλευούσῃ
1065 4039 1426 4110 Ὀδηγητρίας
1485 4044 1792 4110 ὑπεραγίας

216 4123 464 4189 εἰκόνος.
494 4128 732 4194 Λέγεται
801 4128 857 4180 δὲ
891 4130 955 4180 ὲκ
1008 4128 1253 4181 παλαιῶν
1308 4131 1680 4200 παραδόσεων,
1715 4135 1790 4196 ὡς

222 4212 512 4286 ίστόρηται
538 4215 676 4284 αὕτη
722 4217 865 4285 χειρὶ
906 4216 998 4268 τοῦ
1031 4219 1332 4271 ἀποστόλου
1375 4221 1466 4272 καὶ
1508 4221 1791 4290 εὐαγγελι-

223 4306 364 4361 στοῦ
393 4306 489 4358 τοῦ
510 4306 664 4373 ἁγίου
699 4307 903 4359 Λουκᾶ.
942 4308 1051 4358 Και
1080 4310 1438 4362 πιστεύεσθαι
1470 4311 1567 4382 τὴν
1601 4316 1790 4383 φήμην

1818 3104 1865 3164 C

1895 1889 2076 1941 neme,
2129 1894 2262 1948 opus
2293 1887 2397 1942 est,
2429 1887 2489 1933 ut
2519 1891 2614 1934 vos
2635 1895 2663 1933 a
2691 1878 2949 1935 Jordanis
3007 1881 3202 1935 fluenta
3246 1894 3473 1950 progre-

1895 1969 2135 2034 diamini,
2196 1969 2424 2038 indeque
2480 1970 2685 2039 lignum
2757 1972 3011 2039 pusillum
3081 1973 3146 2025 ad
3195 1987 3293 2026 nos
3340 1971 3474 2026 aﬂ‘eo

1897 2055 2049 2118 ratis,
2099 2068 2161 2108 ex
2221 2068 2326 2122 quo
2381 2069 2571 2110 cruces
2601 2055 2907 2119 confectas,
2953 2057 3063 2111 voti
3098 2056 3473 2120 reis,benedi-

1839 2202 1841 2204 ,
1895 2143 2092 2196 οιὶοιιίε
2137 2155 2295 2196 causa
2364 2143 2638 2210 dabimus,
2687 2160 2718 2198 a
2770 2145 2985 2214 quibus,
3006 2161 3101 2215 pro
3139 2146 3469 2215 singulorum

1896 2233 2121 2285 arbitrio
2178 2233 2412 2300 gratuita
2473 2234 2612 2302 stipe
2659 2237 3010 2298 remunerati,
3058 2250 3274 2303 parvam
3306 2224 3471 2303 pecu-

1895 2309 2044 2375 niani
2070 2323 2400 2392 colligemus,
2424 2319 2542 2392 quae
2565 2324 2720 2378 vobis
2741 2325 2977 2392 mihique
3007 2322 3186 2380 cibum
3235 2324 3469 2394 parabit.

1895 2414 2043 2468 Dixit
2092 2413 2202 2469 ille.
2247 2413 2398 2468 Ferae
2447 2413 2760 2483 audierunt,
2813 2423 2892 2480 et,
2943 2424 3217 2484 tamquam
3243 2416 3473 2471 rationis

1897 2515 2193 2573 computes,
2283 2500 2449 2559 alacri
2503 2515 2650 2560 motu
2721 2519 3015 2575 gressuque
3066 2505 3130 2560 ad
3176 2489 3468 2562 Iordanem

1896 2598 2251 2666 procedunt:
2314 2613 2413 2651 nec
2479 2597 2647 2653 multo
2670 2609 2789 2667 post
2841 2597 3032 2669 (orem
3100 2598 3472 2669 miram),duo

1895 2687 2039 2755 ligna
2075 2690 2126 2741 in
2159 2687 2297 2742 collo
2344 2685 2650 2757 gestant,et
2677 2688 2940 2743 columnae
2985 2689 3097 2743 basi
3140 2684 3415 2760 apponunt
3448 2707 3461 2744 :

1895 2786 2010 2831 tum
2075 2779 2289 2832 demum
2325 2781 2391 2831 ad
2420 2777 2670 2833 Iordanis
2701 2779 2923 2848 paludes
2946 2789 3189 2848 prompte
3231 2780 3466 2834 avolant.

1894 2870 1960 2924 Et
1988 2872 2101 2924 haec
2131 2869 2239 2924 sint
2277 2869 2447 2924 satis:
2484 2883 2626 2924 nunc
2660 2869 2902 2925 locorum
2942 2869 3227 2925 historiam
3274 2882 3466 2938 prose-

1894 2975 2146 3031 quamur.
3062 2978 3066 2983 ‘

1966 3162 2057 3217 24.
2114 3161 2220 3217 Sed
2284 3168 2339 3216 ct
2391 3159 2700 3214 Calamonis
2766 3159 3153 3213 monasterium
3225 3154 3479 3211 turribus-

1889 3253 2225 3318 cortinisque
2286 3266 2352 3304 ex
2387 3250 2650 3319 quadrato
2701 3249 2973 3317 politoque
3025 3247 3206 3319 lapide
3249 3255 3467 3300 exstru-

1890 3351 2034 3396 ctum
2063 3352 2179 3396 est:
2214 3350 2270 3395 et
2300 3343 2351 3393 in
2384 3341 2499 3409 ejus
2537 3340 2712 3393 medio
2773 3339 3025 3405 templum
3053 3353 3245 3405 capax,
3277 3338 3467 3391 trulla-

1891 3443 2031 3498 tum,
2077 3433 2331 3499 assurgit,
2397 3430 2577 3494 tholis,
2637 3429 2860 3498 cylindri
2917 3430 3088 3482 instar
3137 3428 3464 3493 fabrefactis,

1891 3523 2157 3577 insiliens.
2206 3520 2342 3574 Huic
2373 3521 2435 3584 in_
2459 3520 2677 3574 dextera
2711 3529 2864 3588 parte
2917 3517 3171 3587 templum
3195 3519 3337 3571 aliud
3368 3516 3466 3570 atl-

1891 3612 2146 3674 nectittir,
2192 3609 2339 3664 tholo
2369 3623 2520 3677 aeque
2542 3618 2828 3671 constans,
2859 3607 3113 3676 pusillum
3151 3606 3466 3668 admodum.

1898 3709 2056 3754 mtate
2102 3697 2487 3768 apostolorum,
2541 3703 2599 3750 ut
2671 3697 2886 3750 traditio
2937 3707 3042 3760 est,
3092 3695 3463 3774 aedificatum:

1892 3792 1944 3843 in
1978 3791 2134 3859 cujus
2162 3789 2364 3859 mytulo
2387 3786 2629 3856 Deiparte
2651 3787 2827 3856 imago
2856 3787 3066 3855 depicta
3121 3794 3224 3850 est,
3246 3785 3298 3837 in
3324 3782 3464 3836 ulnis

1892 3883 2166 3937 Christum
2217 3881 2554 3933 Salvatorem
2583 3879 2884 3946 gestantis;
2917 3877 3160 3948 ﬁguram,
3207 3876 3461 3936 colorem,

1891 3991 1954 4028 ac
1982 3971 2366 4042 longitudinem
2413 3969 2769 4042 sanctissima:
2808 3967 3060 4038 imaginis
3107 3954 3463 4034 liodegetriw,

1899 4079 2018 4133 qua:
2048 4064 2100 4116 in
2131 4063 2277 4130 regia
2300 4060 2431 4114 urbe
2459 4070 2757 4128 spectatur,
2817 4074 2928 4130 prae
2947 4073 3005 4113 se
3040 4058 3240 4111 ferens.
3268 4056 3467 4109 Et-an-

1893 4155 2037 4221 iiqna
2057 4153 2184 4206 item
2216 4150 2504 4208 traditione
2527 4158 2893 4214 asseveratur,
2945 4161 3064 4202 eam
3091 4160 3216 4220 esse
3233 4143 3462 4212 apustoli

1890 4254 1945 4297 et
1984 4239 2339 4308 Evangelista:
2379 4239 2534 4292 Luca:
2588 4252 2750 4290 manu
2798 4237 3105 4304 depictam:
3156 4235 3465 4300 famamque

1894 4348 1959 4386 ac
1989 4344 2264 4385 rumorem
2317 4328 2386 4382 de
2417 4341 2479 4381 ea
2511 4327 2794 4381 stabiliunt
2852 4324 3158 4393 frequentia
3183 4323 3464 4385 miracula,

219 4397 476 4450 πείθουσι
496 4398 565 4449 τά
597 4415 655 4449 τε
690 4399 858 4467 συχνὰ
884 4397 1160 4467 θαύματα,
1191 4402 1282 4452 καὶ
1311 4402 1342 4469 ἡ
1373 4405 1786 4476 φρικωδεστάτη

1895 4434 1950 4478 et
1973 4438 2038 4476 ex
2061 4419 2300 4488 imagine
2346 4419 2698 4473 suavissimus
2749 4417 2906 4480 odor,
2938 4431 3047 4472 non
3076 4416 3193 4469 sine
3223 4417 3464 4466 omnium

223 4491 291 4540 ὲκ
324 4488 424 4554 τῆς
461 4488 667 4548 εἰκόνος
703 4489 1031 4557 ὲξερχομένη
1055 4488 1276 4545 εὐωδία.
1311 4485 1424 4546 Kal,
1448 4493 1566 4560 μετ’
1593 4494 1781 4562 αὐτὴν,

223 4579 365 4630 ὡσεὶ
397 4578 625 4630 σταδίων
660 4584 722 4641 ε’,
756 4579 965 4648 ἵδρυται
1003 4580 1034 4646 ή
1062 4579 1156 4630 τοῦ
1188 4581 1572 4651 Χρυσωτόμου
1614 4587 1773 4654 μονή.

254 4673 335 4734 ﬂ;
355 4671 556 4723 ἄποθεν
590 4671 722 4722 ὡσεὶ
752 4669 907 4736 τόξου
933 4669 1091 4739 βολῆς
1121 4672 1537 4744 ὲγκλειστήριος
1571 4677 1785 4730 ἵσταται

231 4764 443 4828 στύλος,
481 4762 559 4824 είς
592 4761 652 4813 ὃν
688 4765 715 4813 ό
749 4762 919 4828 μέγας
955 4763 1299 4832 ὲφησύχαξεν
1326 4767 1488 4835 ἀνὴρ.
1536 4767 1784 4837 Ἰδηριώ-

231 4874 328 4926 της
359 4857 419 4908 τὸ
447 4857 624 4921 γένος,
656 4855 748 4907 τὸν
768 4856 966 4924 τρόπον
995 4855 1220 4922 ἁπλοῦς,
1250 4857 1339 4908 τὸν
1375 4858 1531 4926 λόγον
1573 4861 1785 4912 αίδέσι-

229 4964 358 5016 μσς,
391 4946 560 4997 πάλαι
591 4943 682 4997 ἐπὶ
717 4947 933 5014 χρόνοις
961 4951 1174 5016 συχνοῖς
1222 4952 1278 4999 ὲν
1311 4949 1385 5018 τῷ
1416 4953 1542 5020 περὶ
1569 4952 1664 5023 τὴν
1695 4954 1785 5006 θά.

229 5053 438 5091 Αασσαν
461 5035 872 5104 τῆςἊτταλείας
907 5038 1178 5106 πεπηγότι
1212 5038 1370 5107 λίθῳ,
1403 5042 1529 5102 τοὺς
1560 5046 1787 5109 ἀσκητι-

227 5128 362 5188 κοὺς
401 5125 655 5186 διανύσας
699 5126 915 5186 πόνους.
949 5127 1076 5178 Ὅτε
1140 5129 1232 5179 καὶ
1289 5133 1447 5198 ἡμεῖς
1501 5132 1576 5201 τῷ
1635 5136 1789 5205 ἀνδρὶ

225 5221 574 5288 ἐνετύχομεν,
592 5219 667 5288 τῷ
697 5220 926 5287 ἀοιδίμω
949 5220 1159 5287 βασιλεί
1187 5222 1280 5274 καὶ
1302 5230 1788 5297 τορφυρογεννήτῳ

222 5312 307 5380 τῷ
337 5309 605 5379 Κομνηνῷ
643 5314 1147 5380 συστρατευῦμενοι.

303 5409 403 5455 κε’.
438 5402 619 5470 Πέρτιν
647 5402 703 5453 δὲ
733 5403 823 5455 τοῦ
849 5404 1118 5473 Ἰορδάνου
1171 5409 1399 5474 ἀντικρὺ
1441 5410 1540 5475 τῆς
1589 5413 1789 5464 Battl-

227 5491 370 5553 σεώς
423 5494 529 5543 εἰσι
561 5492 753 5560 θάμνοι
797 5492 1059 5564 διάφοροι,
1093 5499 1181 5547 καὶ
1218 5498 1379 5564 μέσον
1408 5501 1611 5552 τούτων
1658 5504 1790 5557 ὡσεὶ

227 5581 450 5634 σταδίου
482 5583 599 5643 ἑνδς
631 5582 852 5653 ἄποθεν,
888 5584 1000 5635 ἔστι
1035 5584 1094 5635 τὸ
1127 5586 1221 5637 τοῦ
1253 5588 1561 5641 Βαπτιστοῦ
1607 5591 1788 5645 Ἰωάν-

227 5692 323 5727 νου
356 5674 622 5744 σπήλαιον
654 5678 848 5747 μικρὸν
880 5679 1019 5732 πάνυ
1053 5681 1145 5733 καὶ
1179 5683 1250 5750 μὴ
1301 5673 1599 5754 δυνάμενον
1639 5688 1789 5752 δέξα-

1893 4512 2274 4572 admiratione,
2335 4523 2612 4563 emanans.
2678 4506 3054 4576 Subsequitur,
3103 4505 3294 4560 stadiis
3354 4503 3466 4558 fere

1889 4604 2129 4671 quinque
2182 4599 2409 4664 distans,
2454 4599 2827 4668 Cbrysostomi
2876 4597 3265 4651 monasterium
3295 4613 3308 4648 :
3343 4595 3462 4647 lon-

1887 4706 2055 4760 geque
2081 4689 2147 4742 ab
2190 4701 2255 4742 eo
2283 4687 2474 4757 διιδείὶ
2499 4688 2707 4753 iactum
2732 4687 2976 4739 columna
3036 4693 3121 4739 est
3146 4684 3460 4739 inclisteria-

1888 4785 1939 4836 in
1981 4797 2080 4847 qua
2116 4781 2219 4839 vir.
2271 4779 2456 4832 Iberus
2505 4777 2727 4847 genere,
2782 4777 3024 4831 moribus
3068 4774 3320 4843 simplex,
3351 4788 3439 4827 ser

1859 4863 1864 4866 ’
1891 4886 2054 4926 mone
2077 4871 2423 4932 reverendus,
2456 4868 2547 4937 qui
2578 4866 2924 4935 tranquillam
2970 4866 3131 4919 vitam
3165 4865 3298 4933 agit,
3349 4865 3456 4933 pri-

1896 4965 2014 5014 dem
2062 4976 2156 5027 per
2192 4959 2371 5028 plures
2440 4971 2606 5011 annos
2672 4957 2724 5008 in
2761 4969 2914 5020 saxo,
2949 4954 3013 5006 ad
3047 4969 3196 5008 mare
3251 4954 3462 5007 Attali?

1890 5052 2131 5114 fundato,
2197 5048 2466 5101 laboribus
2546 5047 2816 5101 continuis
2898 5044 3292 5112 sudoribusque
3345 5058 3462 5097 sese

1890 5147 2237 5204 exercuerat;
2272 5139 2453 5206 ibique
2485 5153 2582 5193 nos
2646 5151 2764 5190 eum
2832 5135 3049 5191 allocuti
3076 5135 3302 5200 fuimus,
3336 5135 3460 5188 dum

1892 5247 1993 5286 una
2051 5246 2172 5284 cum
2248 5229 2596 5283 celeberrimo
2663 5228 2990 5292 imperatore
3057 5237 3111 5280 et
3154 5225 3461 5295 Porphyro-

1893 5332 2116 5394 genneta
2148 5321 2423 5376 Conmeno
2446 5319 2824 5373 militaremus.

1961 5415 2050 5468 25.
2105 5412 2162 5465 ln
2221 5415 2444 5466 adversa
2502 5409 2752 5466 Iordanis
2776 5417 2948 5479 parte,
2976 5418 3163 5462 contra
3201 5409 3456 5476 Baptismi

1893 5506 2167 5575 templum,
2229 5506 2438 5560 diversa
2491 5503 2707 5558 dumeta
2758 5511 3070 5571 assurgunt,
3098 5499 3341 5571 interque
3366 5517 3452 5566 ea,

1893 5601 2047 5652 stadii
2084 5600 2239 5650 unius
2268 5597 2622 5668 longitudine,
2658 5596 2908 5666 Baptista
2933 5595 3157 5651 Joa..nis
3198 5595 3451 5664 spelunca

1893 5698 2054 5757 patet,
2077 5689 2260 5757 pusilla
2296 5691 2478 5758 nimis,
2509 5705 2683 5747 neouc
2715 5690 2886 5745 virum
2931 5703 3165 5759 procera:
3207 5695 3450 5758 staturae,
