3956 6324
160 308 254 372 95-3

1167 279 1622 366 usscmrnn
1662 301 1940 363 multis
1983 307 2314 368 sartum.

3274 286 3391 376 954'

158 421 437 490 ἑϐδομάδος
513 417 1001 489 είσπαρεγένοντο,
1097 418 1190 470 καὶ
1246 419 1324 488 τῷ
1381 418 1560 488 στύλῳ
1611 417 1700 481 τὰς

1814 424 1916 486 tes,
1949 422 2297 476 ctcolumnae
2351 420 2526 490 capita
2583 419 2936 490 applicantes,
2987 423 3262 478 oculorum
3291 442 3393 480 nu-

157 511 386 583 κεφαλάς
413 509 854 583 προσερείδοντες
887 511 952 578 τῇ
1003 509 1110 562 τῶν
1144 510 1441 579 ὀφθαλμῶν
1487 507 1709 562 ἔπινεύο

158 620 233 657 σει
259 603 460 675 τροφὴν
486 602 674 673 ᾔτουν,
692 596 760 674 ἦς
788 601 1265 670 ἐπιτυγχάνοντες,
1291 601 1546 670 εὐμαρῶς
1569 601 1706 668 πρὸς

153 694 243 755 τὰς
273 693 518 762 συνήθεις
546 691 695 754 δίνας
739 689 831 744 τοῦ
861 690 1111 757 ποταμοῦ
1152 690 1349 743 ἀπίασι
1397 689 1703 758 χαίροντες.

164 782 223 834 Ἦ
251 781 313 835 δὲ
341 776 406 851 ἧν
453 780 656 850 δσπρια
685 778 958 849 βραχέντα
1002 781 1058 829 ὲν
1103 778 1280 842 ὕδατι,
1318 780 1412 832 καὶ
1454 777 1705 847 όλυρίτης

156 859 298 934 tua;
320 873 352 941 ἢ
376 871 624 940 κριθίνου
650 871 962 938 κλάσματος
982 871 1166 939 ἄρτος.
1197 871 1416 924 Τούτων
1438 869 1571 923 ποτὲ
1597 885 1705 922 πα-

158 957 543 1027 ραγενομένων,
581 959 676 1011 καὶ
712 958 811 1028 τὴν
842 957 1046 1027 συνήθη
1083 957 1461 1011 ἀπαιτούντων
1491 958 1578 1010 διὰ
1605 958 1706 1026 τῆς

155 1049 474 1111 ὲπινεύσεως
504 1048 612 1102 τῶν
634 1049 897 1119 ὀμμάτων
923 1049 1156 1120 τροφὴν,
1208 1050 1238 1101 δ
1287 1049 1465 1118 γέρων
1504 1047 1580 1117 μὴ
1613 1048 1704 1100 εὐ-

152 1139 348 1208 πορῶν,
399 1139 504 1208 ὅτῳ
569 1139 907 1208 θεραπεῦσαι
951 1126 1140 1208 τρόπῳ
1193 1140 1293 1209 τὴν
1340 1139 1450 1191 τῶν
1497 1139 1703 1208 θηρίων

151 1229 554 1298 ἔφεσινοέτυχε
592 1229 701 1299 γὰρ
753 1229 846 1281 ἐπὶ
907 1229 1132 1298 ἡμερῶν
1179 1229 1458 1296 διάστημα
1506 1227 1700 1292 εἴκοσι,

154 1322 276 1388 μήτι
299 1318 403 1371 τῶν
421 1317 698 1387 ἐδωδίμων
722 1320 811 1371 τὸν
833 1319 976 1387 ίερδν
999 1321 1205 1372 ἐκεῖνον
1231 1319 1487 1386 εὐπορεῖν
1507 1318 1696 1385 ἄνδρα·

151 1406 274 1476 φησὶ
297 1406 430 1476 πρὸς
464 1406 684 1471 αὐτοὺς,
734 1406 1017 1474 Ἐπείπερ,
1041 1399 1086 1458 ὧ
1111 1406 1297 1476 θηρία,
1344 1407 1483 1475 μήτε
1514 1407 1574 1457 τὸ
1602 1404 1703 1476 τῆς

151 1495 413 1565 ἡμετέρας
463 1494 682 1563 φύσεως
725 1496 947 1559 ἀσθενὲς
973 1495 1062 1549 διά
1092 1512 1237 1558 τινος
1278 1495 1390 1548 τῶν
1426 1495 1703 1563 ἐδωδίμων

151 1585 518 1652 παρακαλέσαι
568 1583 786 1654 ἔχομεν,
817 1583 939 1636 ἐπεὶ
971 1583 1186 1654 ἡμέρας
1228 1585 1402 1637 εῐκοσι
1436 1583 1536 1652 ήδη
1575 1582 1703 1652 μήθ’

151 1676 272 1743 ἡμῖν
288 1675 586 1743 ἐπαρκέσαι
611 1674 687 1726 τὰ
707 1674 894 1742 δέοντα
913 1675 1054 1727 κατὰ
1080 1674 1408 1744 τὺξσύνηθες,
1439 1673 1536 1725 τοῦ
1562 1670 1698 1725 Θεοῦ

1816 513 1981 576 tibus,
2038 514 2215 567 cibum
2268 513 2369 568 sibi
2405 512 2808 568 subministrari
2858 516 3205 582 poscebant:
3237 517 3392 586 cujus

1813 619 1935 658 cum
1984 603 2143 658 facile
2189 604 2478 674 participes
2530 604 2657 659 facti
2712 614 2917 667 essent.
2977 606 3043 659 ad
3098 618 3390 662 consuetos

1813 695 2051 748 fluminis
2097 697 2330 749 vortices
2409 696 2514 750 laeti
2584 695 2952 750 revetriebant.
3007 697 3172 752 Cibus
3228 708 3388 752 erant

1813 784 2121 856 legumina,
2180 799 2315 855 aqua
2396 785 2740 849 madefacta,
2799 794 2889 839 aut
2937 787 3075 841 forte
3133 788 3385 858 olyrites,

1811 877 1895 931 vel
1953 877 2106 946 panis
2158 878 2440 932 hordeacei
2502 877 2693 932 frusta.
2751 877 2815 931 Hi
2891 892 3011 932 cum
3099 880 3389 949 aliquando

1811 969 2178 1034 advenissent,
2238 977 2313 1035 et,
2337 983 2436 1034 pro
2467 983 2639 1035 more,
2679 970 2960 1024 oculorum
3023 970 3242 1024 nutibus
3292 970 3392 1024 ali—

1811 1061 2008 1114 menta.
2049 1061 2152 1114 sibi
2209 1061 2563 1130 postularent,
2626 1061 2754 1116 dum
2811 1063 2929 1116 seni
2959 1077 3064 1116 non
3129 1063 3388 1131 suppetit,

1817 1147 2051 1219 quanam
2083 1151 2292 1203 ratione
2321 1148 2556 1203 ferarum
2580 1149 2861 1204 desideriis
2913 1158 3202 1209 occurrat;
3233 1164 3390 1202 nam-
3482 1199 3490 1210 ,

1810 1256 1917 1308 que
1976 1241 2185 1295 dierum
2247 1241 2441 1310 viginti
2498 1241 2780 1295 intervallo
2827 1241 2959 1294 nihil
3009 1257 3074 1296 eo
3112 1241 3389 1308 temporis,

1808 1334 1891 1386 vir
1919 1332 2005 1386 ille
2026 1347 2200 1398 sacer,
2229 1333 2622 1387 esculentorum
2653 1333 2752 1386 sibi
2787 1341 3097 1401 paraverat;
3143 1331 3249 1404 illis
3273 1333 3389 1385 haec

1809 1424 1928 1478 inﬁt
1961 1440 1974 1475 :
2003 1423 2250 1489 Quando,
2286 1439 2318 1477 ο
2348 1423 2558 1488 bellum,
2583 1424 2756 1490 neque
2784 1434 3024 1478 vestram.
3051 1421 3385 1478 debilitatem

1808 1514 2064 1568 alimento
2118 1513 2296 1582 aliquo
2356 1528 2602 1568 recreare
2646 1515 2934 1582 possimus,
2991 1529 3116 1568 cum
3162 1529 3258 1582 per
3288 1515 3387 1567 hos

1808 1603 2005 1673 viginti
2031 1603 2144 1672 jam
2185 1604 2398 1673 elapsos
2428 1603 2544 1658 dies
2573 1619 2670 1658 nec
2696 1590 2911 1673 quidem
2955 1606 3144 1668 nobis,
3185 1615 3244 1659 ut
3269 1619 3388 1659 mo-

1807 1698 1884 1750 ris
1932 1705 2070 1760 erat,
2104 1710 2223 1764 qme
2258 1697 2563 1750 necessaria
2623 1708 2800 1760 erant,
2860 1696 3254 1760 suil‘ecerimus,
3309 1697 3385 1750 ita
3427 1726 3431 1729 -

151 1762 345 1831 λόγοις,
374 1756 454 1827 οἷς
484 1761 810 1834 εὐμηχάνως
836 1757 965 1828 οίδε,
999 1761 1349 1834 καταρτίζειν
1372 1763 1518 1834 ἡμᾶς
1542 1760 1700 1814 τοῦτο

1805 1786 1936 1852 Deo,
1968 1801 2072 1856 qua
2101 1772 2283 1840 nostra
2303 1796 2456 1842 curat
2478 1787 2836 1855 providentia,
2899 1789 3174 1855 sapienter
3196 1788 3382 1857 dispov-

153 1853 618 1922 οἱκονομήσαντος,
665 1853 784 1906 δέον
819 1855 952 1906 ὶστὶ
1003 1853 1338 1924 πορευθῆναι
1380 1854 1528 1925 ἡμᾶς
1562 1850 1701 1923 πρδς

152 1940 241 2000 τὰς
301 1938 394 1992 τοῦ
447 1940 715 2010 Ἰορδάνου
759 1939 911 2010 ῥοὰς,
964 1942 1058 1994 καὶ
1091 1941 1292 2011 μικρόν
1340 1959 1394 1994 τι
1446 1941 1702 2011 ξυλάριον

155 2026 285 2106 πρὸς
348 2027 494 2094 ἡμᾶς
543 2029 792 2095 ἀγαγεῖν.
831 2025 955 2096 ’Δφ⁹
986 2019 1046 2081 οὗ
1079 2027 1312 2098 οταυρία
1353 2028 1702 2082 κατασκευά-

155 2132 343 2179 σαντες
361 2117 538 2186 ήμῶν,
566 2119 681 2178 τοῖς
710 2117 1028 2186 ιπευχίταις
1058 2117 1225 2188 χάριν
1246 2119 1501 2186 εὐλογίας
1527 2119 1702 2171 ταῦτα

155 2204 474 2275 παρέξομεν.
500 2207 620 2276 ’Δφ’
653 2201 729 2261 ὧν
749 2208 1242 2273 ἀντιδεξιωθέντες,
1269 2211 1410 2263 κατά
1443 2211 1543 2279 τὴν
1573 2211 1703 2263 ἒκά-
1733 2225 1741 2235 °

155 2313 271 2349 στου
336 2298 676 2368 προαίρεσιν,
740 2301 915 2370 μικρά
966 2318 1090 2354 τινα
1120 2303 1396 2372 κερμάτια
1448 2301 1518 2355 τὰ
1566 2303 1703 2371 πρὸς

155 2385 350 2455 τροφὴν
394 2388 530 2456 ιμοῦ
562 2406 622 2442 τε
675 2390 769 2442 καὶ
796 2389 952 2458 ὑμῶν
989 2388 1052 2454 ἐξ
1074 2391 1252 2444 αὐτῶν
1279 2393 1700 2462 εὐπορήσωμεν.

158 2472 304 2540 Eius,
336 2479 427 2532 καὶ
475 2481 528 2532 oi
569 2480 735 2550 θῆρες
777 2482 1042 2551 ἥκουσαν,
1076 2483 1255 2549 ὣς,ἑν
1308 2485 1510 2553 λογικῷ
1547 2487 1703 2554 κινήσ

158 2584 300 2634 ματι,
355 2569 448 2622 καὶ
486 2569 781 2639 βαδίσματι
836 2573 975 2641 πρὸς
1009 2573 1111 2636 τὰς
1155 2573 1250 2627 τοῦ
1285 2575 1558 2644 Ἰορδάνου
1591 2595 1701 2645 χω-

157 2659 298 2725 ροῦσι
359 2661 508 2728 ῥοάς.
554 2661 664 2714 Καὶ
707 2663 842 2730 μετὰ
872 2665 1096 2733 μικρὸν,
1133 2664 1178 2717 ὣ
1230 2665 1324 2718 τοῦ
1381 2666 1697 2736 θαύματοςί

156 2748 423 2817 ὑπαύχενα
458 2751 690 2819 φέρουσι
741 2751 834 2805 δύο
890 2753 1144 2822 ξυλάρια,
1191 2756 1285 2807 καὶ
1319 2758 1384 2824 τῇ
1428 2756 1581 2825 βάσει
1607 2756 1701 2809 τοῦ

158 2838 340 2889 στύλου
374 2838 558 2900 θέντες
585 2840 744 2902 αὐτὰ,
777 2841 846 2893 τὰ
888 2842 1025 2912 πρὸς
1066 2842 1334 2911 Ἰορδάνου
1366 2845 1462 2912 ἕλη
1495 2845 1702 2914 προθύ-

159 2943 264 3013 μιυς
308 2929 612 2998 ἐχώρησαν.
648 2929 820 3013 "Alli
852 2930 1029 2984 ταῦτα
1085 2933 1184 3001 μὲν
1241 2932 1378 2995 ἃλις.
1421 2934 1609 3001 Ἡμεῖς
1644 2933 1702 2985 δὲ

155 3011 248 3082 τῆς
267 3015 373 3067 τῶν
394 3017 583 3068 τόπων
613 3011 860 3085 ἱστορίας
879 3017 1140 3086 ἐχόμεθα.

216 3123 310 3178 κδ’.
352 3125 520 3180 Ἀλλὰ
548 3118 643 3180 καὶ
669 3129 709 3197 ἠ·
732 3129 826 3181 τοῦ
865 3129 1208 3197 Καλαμῶνος
1238 3133 1396 3202 μονὴ,
1432 3135 1525 3186 καὶ
1558 3134 1699 3205 αὕτη

157 3215 249 3266 ὑπὸ
277 3215 501 3286 πύργων
524 3231 617 3268 και
642 3217 930 3286 κορτίνων,
952 3217 1063 3270 ἀπὸ
1075 3218 1422 3287 τετραγώνου
1441 3219 1699 3283 λαξευτοῦ

156 3304 291 3357 λίθου
321 3306 753 3376 ἀνῳκοδόμηται,
787 3308 883 3360 καὶ
933 3308 961 3360 ὀ
1014 3308 1142 3371 ναὸς
1189 3310 1354 3378 μέσον
1385 3311 1555 3378 αὐτῆς
1608 3313 1699 3378 ἐγ-

158 3397 374 3466 χόρηγος
396 3398 732 3468 τρουλλωτδς
770 3397 982 3470 ῑδρυται
1017 3399 1076 3451 έν
1109 3400 1492 3471 κυλινδρωτοῖς
1523 3403 1700 3466 θόλοις

159 3489 572 3558 ἑπικαθήμενος.
614 3489 818 3542 Τούτου
849 3479 1231 3552 ’συνέζευκται
1283 3496 1340 3545 ὲν
1376 3494 1479 3562 ⁵τῷ
1537 3494 1701 3565 δεξιῷ

162 3580 300 3649 μέρει
329 3582 455 3643 ναδς
506 3581 694 3651 ἕτερος
731 3581 961 3644 θολωτὺς
996 3583 1140 3635 πάνυ
1203 3577 1611 3653 σ’μικρώτατος,
1645 3589 1700 3638 ὲν

157 3673 254 3732 τοῖς
280 3673 512 3742 χρόνοις,
545 3671 619 3733 ὡς
646 3671 889 3738 λέγεται,
935 3671 1044 3724 τῶν
1087 3673 1429 3726 ’Λποστόλων
1474 3676 1701 3744 ἀνεγερ-

159 3758 278 3822 θεὶς,
315 3755 374 3814 οὐ
406 3765 463 3814 ὲν
487 3750 564 3830 τῷ
594 3761 764 3830 μύακι
787 3763 950 3814 εἰκὼν
971 3761 1068 3831 τῆς
1093 3762 1359 3816 Θεοτὸκου
1395 3766 1696 3835 ἱστόρηται,

160 3850 210 3899 ὲν
255 3851 518 3916 ἀγκάλαις
572 3852 846 3921 φερούσης
908 3852 998 3904 τὸν
1041 3854 1270 3923 Σωτῆρα
1331 3856 1588 3925 Χριστὸν,
1641 3858 1700 3910 τὸ

161 3937 349 4006 σχῆμα,
383 3939 478 3991 καὶ
510 3939 571 3990 τδ
637 3941 854 4008 χρῶμα,
887 3943 982 3992 καὶ
1033 3943 1095 3994 τὸ
1132 3925 1307 4010 μῆκος
1360 3947 1700 4013 ἐμφαίνουσα

157 4030 242 4097 τῆς
298 4031 356 4081 ὲν
421 4033 488 4099 τῇ
547 4031 909 4100 Βασιλευούσῃ
975 4032 1335 4104 Ὀδηγητρίας
1394 4037 1702 4104 ύπεραγίας

159 4115 372 4182 εἰκόνος.
403 4122 642 4188 Λέγεται
710 4122 766 4173 δὲ
800 4123 865 4174 ὲκ
917 4122 1162 4175 παλαιῶν
1217 4125 1590 4194 παραδόσεων,
1624 4129 1700 4190 ὡς

163 4205 420 4279 ίστόρηται
448 4208 586 4278 αὕτη
631 4211 774 4278 χειρὶ
815 4210 908 4262 τοῦ
940 4213 1242 4265 ἀποστόλου
1283 4215 1375 4267 καὶ
1418 4215 1702 4283 εὐαγγελι-

164 4299 275 4350 στοῦ
303 4300 398 4351 τοῦ
419 4300 574 4366 ἁγίου
608 4301 812 4353 Λουκᾶ.
852 4302 960 4352 Καὶ
989 4303 1347 4356 πιστεύεσθαι
1379 4305 1476 4376 τὴν
1510 4310 1700 4376 φήμην

1728 3098 1775 3158 C

1805 1882 1986 1934 nente,
2039 1889 2174 1942 opus
2203 1862 2307 1937 est,
2339 1882 2398 1928 ut
2429 1887 2523 1928 vos
2545 1889 2573 1928 a
2601 1873 2858 1930 Jordanis
2917 1875 3112 1929 fluenta
3157 1887 3382 1943 progre-

1805 1963 2046 2028 diamini,
2107 1964 2335 2033 indeque
2390 1964 2594 2034 lignum
2667 1965 2920 2033 pusillum
2991 1967 3056 2018 ad
3105 1980 3203 2020 nos
3250 1963 3384 2019 affeo

1806 2049 1958 2112 ratis,
2009 2061 2071 2103 ex
2131 2063 2237 2116 quo
2291 2063 2481 2104 cruces
2510 2049 2816 2113 confectas,
2862 2051 2973 2104 voti
3007 2052 3135 2114 reis,
3159 2050 3384 2106 benedi-

1750 2194 1752 2198 τ
1805 2137 2001 2191 ειὶοηίε
2047 2150 2206 2191 causa
2274 2137 2547 2204 dabimus,
2596 2153 2628 2192 a
2679 2140 2894 2208 quibus,
2916 2155 3011 2209 pro
3048 2140 3379 2209 singulorum

1806 2227 2031 2279 arbitrio
2088 2227 2323 2294 gratuita
2383 2227 2522 2296 stipe
2569 2230 2919 2292 remunerati,
2967 2244 3184 2297 parvam
3215 2218 3382 2297 pecu-

1805 2303 1954 2370 niani
1980 2317 2310 2386 colligemus,
2333 2332 2452 2386 quae
2476 2319 2630 2372 vobis
2651 2319 2886 2386 mihique
2916 2317 3096 2373 cibum
3146 2318 3380 2389 parabit.

1805 2408 1953 2462 Dixit
2002 2408 2112 2463 ille.
2157 2407 2308 2462 Feras
2357 2406 2670 2477 audierunt,
2723 2417 2802 2474 et,
2852 2418 3127 2479 tamquam
3153 2411 3384 2486 rationis

1806 2509 2103 2567 compotes,
2193 2495 2359 2552 alacri
2413 2509 2560 2554 motu
2630 2513 2924 2568 gressuque
2975 2499 3040 2554 ad
3086 2487 3378 2556 Jordanem

1806 2592 2160 2660 procedunt:
2224 2607 2322 2646 nec
2389 2591 2557 2646 multo
2580 2603 2698 2660 post
2751 2591 2940 2663 (orem
3009 2593 3381 2664 miram),duo

1804 2681 1948 2748 ligna
1984 2684 2036 2735 in
2069 2681 2207 2736 collo
2254 2691 2484 2751 gestant,
2504 2679 2559 2735 et
2587 2681 2850 2737 columnas
2895 2683 3007 2737 basi
3050 2691 3371 2754 apponunt:

1805 2779 1920 2824 tum
1985 2773 2199 2826 demum
2235 2774 2301 2825 ad
2330 2770 2581 2827 Jordanis
2610 2773 2832 2842 paludes
2855 2783 3098 2842 prompte
3141 2775 3376 2828 avolant.

1804 2864 1870 2918 Et
1898 2866 2011 2918 haec
2041 2863 2148 2917 sint
2186 2863 2356 2918 satis:
2393 2877 2536 2918 nunc
2570 2862 2811 2918 locorum
2851 2863 3136 2919 historiam
3184 2876 3376 2932 prose-

1804 2969 2055 3025 quamur.
2971 2972 2975 2977 ·

1875 3156 1968 3211 24.
2025 3155 2130 3211 Sed
2193 3162 2249 3210 et
2300 3153 2609 3209 Calamonis
2675 3152 3063 3207 monasterium
3133 3149 3388 3205 turribus-

1799 3246 2134 3312 cortinisque
2195 3260 2262 3298 ex
2297 3243 2560 3312 quadrato
2609 3241 2883 3311 politoque
2935 3240 3117 3313 lapide
3159 3249 3376 3315 exstru-

1799 3345 1944 3390 ctum
1972 3346 2088 3391 est:
2124 3344 2179 3389 et
2209 3337 2261 3387 in
2293 3334 2409 3403 ejus
2446 3333 2622 3387 medio
2683 3332 2934 3399 templum
2963 3347 3154 3398 capax,
3187 3332 3377 3385 trulla-

1802 3437 1941 3492 tum,
1987 3427 2240 3492 assurgit,
2306 3423 2486 3488 tholis,
2545 3423 2768 3493 cylindri
2826 3424 2998 3476 instar
3046 3422 3374 3486 fabrefactis,

1801 3517 2066 3570 insiliens.
2116 3514 2252 3568 Huic
2282 3515 2345 3579 in,
2368 3514 2586 3568 dextera
2620 3521 2773 3581 parte
2826 3510 3081 3581 templum
3105 3512 3246 3565 aliud
3277 3510 3376 3564 ad-

1801 3605 2056 3668 nectithr,
2101 3603 2248 3657 tholo
2278 3617 2430 3671 atque
2451 3611 2737 3665 constans,
2769 3601 3022 3670 pusillum
3061 3599 3376 3662 admodum,

1808 3704 1966 3748 attate
2011 3691 2396 3762 apostolorum,
2451 3697 2508 3744 ut
2580 3690 2796 3744 traditio
2846 3700 2951 3754 est,
3001 3689 3373 3768 aediﬁcatum:

1802 3786 1854 3837 in
1888 3784 2044 3853 cujus
2072 3783 2273 3852 mytulo
2296 3780 2538 3850 Deiparat
2559 3781 2736 3850 imago
2765 3780 2976 3849 depicta
3030 3788 3133 3843 est,
3156 3777 3208 3830 in
3233 3776 3375 3830 ulnis

1802 3877 2075 3931 Christum
2118 3874 2463 3935 Salvatorem
2492 3873 2793 3940 gestantis;
2826 3871 3070 3941 ﬁguram,
3117 3869 3371 3929 colorem,

1801 3984 1864 4021 ac
1892 3964 2276 4035 longitudinem
2322 3963 2678 4034 sanctissima:
2717 3961 2969 4028 imaginis
3017 3948 3372 4028 Hodegetriae,

1808 4073 1928 4126 quas
1958 4058 2010 4110 in
2041 4056 2187 4124 regia
2209 4054 2341 4108 urbe
2368 4063 2666 4122 spectatur,
2726 4068 2837 4123 prae
2857 4066 2915 4107 se
2949 4052 3150 4105 ferens.
3177 4050 3377 4102 Etan-

1802 4147 1946 4214 riqna
1966 4147 2094 4199 item
2126 4143 2414 4202 traditione
2436 4151 2802 4208 asseveratur,
2855 4155 2974 4196 eam
3001 4154 3124 4214 esse
3143 4137 3371 4206 apoatoli

1800 4247 1855 4290 et
1894 4233 2248 4302 Evangelista:
2289 4233 2443 4286 Luca:
2497 4245 2659 4284 manu
2707 4231 3014 4298 depictam:
3066 4228 3375 4293 famamque

1804 4341 1868 4380 ac
1899 4337 2174 4378 rumorem
2226 4321 2296 4376 de
2326 4335 2388 4375 ea
2421 4321 2702 4374 stabiliunt
2761 4318 3067 4386 frequentia
3091 4317 3373 4380 miracula,

163 4391 384 4443 πείθουσι
405 4392 474 4443 τά
507 4409 564 4442 τε
600 4393 767 4460 συχνὰ
793 4391 1068 4460 θαύματα,
1100 4395 1191 4446 καὶ
1220 4396 1251 4464 ή
1282 4399 1696 4470 φρικωδεστάτη

1805 4428 1860 4471 et
1883 4432 1947 4469 ex
1971 4413 2209 4482 imagine
2255 4412 2607 4466 suavissimus
2658 4411 2815 4474 odor,
2847 4425 2956 4466 non
2985 4411 3102 4463 sine
3132 4411 3374 4460 omnium

164 4479 216 4529 ὲκ
242 4481 333 4548 τῆς
370 4481 576 4541 εἰκόνος
611 4482 940 4551 ὲξερχομένη
965 4483 1185 4539 εὐωδία.
1220 4480 1332 4540 Καὶ
1357 4486 1475 4554 μετ’
1502 4488 1691 4556 αὐτὴν,

165 4569 278 4622 ὡσεὶ
308 4571 535 4623 σταδίων
570 4578 632 4635 ε’,
665 4573 875 4641 ἵδρυται
912 4574 944 4641 ἡ
971 4572 1066 4624 τοῦ
1097 4575 1481 4645 Χρυσωτόμου
1523 4581 1683 4648 μονή.

187 4663 250 4726 Ης
267 4664 466 4717 ἄποθεν
499 4664 632 4715 ὡσεὶ
661 4662 816 4730 τόξου
843 4662 1001 4734 βολῆς
1031 4667 1446 4738 ὲγκλειστήριος
1480 4671 1694 4725 ἵσταται

168 4756 352 4821 ςτύλος,
389 4756 468 4818 είς
501 4755 561 4807 ὃν
598 4759 625 4807 ὁ
658 4755 829 4822 μέγας
864 4757 1208 4826 ὲφησύχαζεν
1235 4761 1396 4828 ἀνὴρ,
1445 4761 1694 4831 Ἰϐηριὼ-

169 4864 246 4915 ιης
273 4849 328 4902 τὸ
355 4850 533 4915 γένος,
566 4848 656 4900 τδν
677 4850 876 4918 τρόπον
904 4849 1130 4915 ἁπλοῦς,
1159 4851 1249 4902 τὸν
1285 4852 1440 4920 λόγον
1481 4855 1694 4906 αἰδέσι-

168 4955 271 5003 μος,
301 4939 468 4991 πάλαι
499 4937 592 4990 ἐπὶ
627 4940 843 5008 χρόνοις
871 4944 1084 5010 συχνοῖς
1131 4945 1188 4993 ἐν
1220 4943 1295 5012 τῷ
1325 4961 1388 4995 πε
1400 4947 1451 5014 pl
1478 4946 1572 5016 τὴν
1603 4948 1694 5000 ϐἀ·-

168 5043 346 5081 λασσαν
369 5029 782 5098 τῆςἈτταλείας
816 5032 1088 5100 πεπηγότι
1121 5031 1280 5100 λίθῳ,
1312 5036 1438 5095 τοὺς
1469 5040 1696 5102 ἀσκητι-

168 5119 275 5180 mit;
310 5119 564 5180 διανύσας
609 5120 825 5180 πόνους.
859 5120 986 5172 Ὅτε
1050 5122 1142 5173 καὶ
1199 5126 1357 5192 ἡμεῖς
1410 5126 1486 5194 τῷ
1544 5130 1697 5198 ἀνδρὶ

165 5210 483 5282 ἐνετύχομεν,
501 5212 577 5282 τῷ
606 5213 745 5265 ἀοιδί
752 5231 836 5281 μω
859 5213 1069 5280 βασιλεῖ
1097 5216 1190 5268 καὶ
1212 5225 1698 5291 τορφυρογεννήτῳ

165 5301 228 5369 τῷ
254 5302 514 5372 Κομνηνῷ
553 5307 1056 5373 συστρατευῦμενοι.

226 5402 312 5448 κε’.
345 5395 528 5464 Πέραν
556 5395 612 5446 δὲ
642 5397 734 5449 τοῦ
757 5397 1028 5466 Ἰορδάνου
1081 5402 1309 5468 ἀντικρὺ
1350 5405 1449 5468 τῆς
1497 5407 1698 5458 Banti-

168 5481 282 5546 (ιεὼς
331 5488 436 5537 εἰσι
470 5485 662 5553 θάμνοι
706 5486 968 5557 διάφοροι,
1002 5491 1091 5540 καὶ
1128 5491 1288 5558 μέςον
1318 5495 1520 5546 τούτων
1567 5498 1698 5551 ὡσεὶ

167 5573 359 5626 σταδίου
391 5577 508 5636 ἐνὸς
541 5575 762 5646 ἄποθεν,
798 5578 909 5629 ἔστι
944 5578 1003 5629 τὸ
1036 5579 1130 5630 τοῦ
1163 5581 1470 5634 Βαπτιστοῦ
1515 5585 1696 5638 Ἰωάν-

168 5679 242 5717 νου
268 5668 531 5738 σπὴλαιον
563 5671 758 5741 μικρὸν
789 5672 929 5726 πάνυ
963 5675 1055 5727 καὶ
1089 5676 1160 5744 μὴ
1212 5667 1508 5747 δυνάμενον
1548 5682 1698 5746 δέξα-

1803 4505 2183 4565 admiratione,
2245 4516 2520 4556 emanans.
2586 4499 2963 4570 Subsequitur,
3012 4500 3204 4554 stadiis
3263 4497 3375 4552 fere

1799 4598 2039 4665 quinque
2091 4593 2318 4658 distans,
2363 4591 2736 4662 Cbrysostomi
2785 4591 3218 4644 monasterium:
3253 4589 3371 4640 lon-

1797 4699 1964 4754 gequc
1991 4682 2056 4735 ab
2099 4695 2164 4735 eo
2193 4680 2383 4750 adgeli
2408 4681 2616 4747 jactum
2641 4679 2886 4733 columna
2945 4687 3030 4733 est
3055 4678 3369 4733 inclisteria-

1797 4778 1848 4830 in
1890 4790 1990 4841 qua
2025 4773 2128 4833 vir,
2181 4772 2366 4826 Iberus
2415 4770 2636 4840 genere,
2691 4770 2934 4825 moribus
2977 4767 3230 4837 simplex,
3261 4783 3348 4821 ser

1764 4856 1772 4863 '
1799 4879 1963 4919 mone
1986 4864 2332 4925 reverendus,
2365 4862 2457 4932 qui
2487 4859 2833 4928 tranquillam
2879 4859 3041 4913 vitam
3075 4859 3206 4927 agit,
3258 4859 3366 4928 pri-

1805 4958 1924 5008 dem
1971 4968 2066 5021 per
2101 4953 2281 5021 plures
2350 4965 2517 5004 annos
2582 4951 2634 5002 in
2671 4963 2823 5014 saxo,
2858 4948 2923 5000 ad
2956 4963 3105 5002 mare
3159 4948 3372 5001 Attaliso

1799 5045 2041 5108 iundato,
2107 5042 2376 5094 laboribus
2456 5041 2726 5095 continuis
2807 5038 3202 5107 sudoribusque
3255 5052 3372 5092 sese

1799 5141 2146 5197 exercuerat;
2182 5133 2363 5200 ibique
2396 5147 2492 5186 nos
2555 5145 2674 5185 eum
2742 5129 2958 5184 ailocuti
2985 5129 3212 5193 fuimus,
3245 5129 3369 5182 dum

1801 5241 1903 5280 una
1960 5239 2082 5278 cum
2158 5223 2506 5277 celeberrimo
2573 5221 2899 5286 imperatore
2966 5230 3021 5273 et
3063 5218 3370 5289 Porphyro-

1802 5326 2025 5387 genneta
2058 5314 2334 5370 Conmeno
2357 5313 2733 5366 militaremus.

1870 5409 1960 5462 25.
2015 5406 2072 5459 ln
2131 5409 2354 5460 adversa
2412 5403 2662 5459 Iordanis
2686 5411 2858 5473 parte,
2885 5411 3072 5456 contra
3111 5402 3366 5470 Baptismi

1802 5499 2077 5568 templum,
2140 5500 2349 5553 diversa
2401 5498 2617 5551 dumeta
2669 5505 2980 5564 assurgunt,
3007 5492 3251 5564 in'terquc
3275 5510 3362 5559 ea,

1802 5594 1956 5646 stadii
1994 5593 2150 5644 unius
2179 5591 2532 5660 longitudine,
2568 5589 2818 5659 Baptistae
2843 5589 3068 5645 Joa..nis
3098 5585 3360 5658 Spelunca

1801 5692 1964 5751 patet,
1987 5682 2171 5751 pusilla
2206 5684 2388 5751 nimis,
2419 5699 2592 5740 neouc
2624 5684 2795 5738 virum
2840 5697 3076 5753 procerae
3117 5689 3360 5752 staturae,
