3956 6324
462 1156 472 1170 .
564 1116 741 1171 locum
777 1119 878 1173 sibi
909 1122 1182 1177 vendicat.
1209 1120 1315 1178 Sed
1350 1126 1437 1181 hic
1473 1126 1537 1181 de
1556 1142 1747 1195 eremo
1770 1128 1943 1182 oratio
1979 1129 2139 1183 tinem

549 271 664 335 εει
1858 272 2185 339 JOANNIS
2260 240 2535 341 Pauca
2580 235 2589 245 ’
3696 275 3789 342 955

553 397 737 444 vectus
759 388 850 457 qui
879 390 1118 455 steterit,
1149 389 1371 459 capiens
1405 407 1419 444 :
1452 390 1807 462 ejusdemque
1830 392 1886 447 in
1908 394 2131 459 faciem,

2256 394 2367 463 ςθαι
2390 393 2575 465 δρθιον
2602 392 2772 464 ἄνδρα
2805 374 3045 467 έύμήκη.
3078 393 3187 448 Καὶ
3219 395 3410 447 τούτου
3436 394 3661 450 κατίσον
3681 398 3792 463 περὶ

556 482 609 536 in
646 483 818 537 eremi
850 482 1138 550 profundo,
1194 484 1366 539 altera
1429 484 1688 554 spelunca
1738 486 1872 549 hiat,
1906 488 1971 541 in
2025 502 2129 556 qua

2256 485 2296 538 τὸ
2328 485 2493 554 βάθος
2516 485 2620 555 τῆς
2653 487 2861 556 ὲρήμου
2892 486 3081 556 ἕτερόν
3118 486 3233 539 ἔστι
3275 486 3564 556 σπήλαιον,
3599 486 3663 540 ἐν
3710 481 3793 553 ᾆὸ

556 571 703 639 Elius
737 572 996 642 propheta
1052 576 1215 628 vitam
1272 575 1496 646 degens.
1531 578 1599 630 ab
1648 578 1806 642 igneo
1830 591 1991 631 curru
2037 582 2134 631 aha

2256 577 2529 648 προφήτης
2563 577 2753 641 Ἠλίας
2778 578 3157 649 διαιτώμενος,
3182 579 3287 631 ὑπὸ
3314 578 3410 631 τοῦ
3439 578 3668 648 πυρίνου
3705 579 3788 647 ἡρ-

559 674 745 731 repttts
772 673 877 717 est.
913 663 1065 719 Ultra
1097 663 1271 722 dictas
1306 666 1613 736 speluncas,
1652 669 1719 721 ad
1764 668 1911 738 ipsos
1936 666 2131 723 Iorda-

2256 673 2394 740 τάγη
2449 672 2716 743 ἅρματος.
2766 674 2986 727 Τούτων
3017 674 3075 727 δὲ
3108 674 3393 745 σπηλαίων
3425 673 3638 735 ἐκεῖθεν
3680 673 3793 741 περὶ

2238 762 2337 836 τὴν
2375 762 2469 816 τοῦ
2515 764 2784 834 Ἰορδάνου
2814 765 3008 837 φορὰν,
3034 765 3251 834 λέγεται
3271 765 3424 818 είναι
3448 763 3546 836 τὴν
3576 763 3789 833 ἔρημον,

2239 852 2328 921 ἐφ’
2350 854 2419 924 ήν
2461 855 2489 908 ό
2526 853 2841 925 θαυμαστὸς
2890 855 3151 925 Ζωσιμᾶς
3199 854 3299 923 τήν
3330 854 3615 922 ίσάγγελον
3645 854 3794 921 Δίγυο

2240 945 2405 999 πτίαν
2434 944 2561 997 ίδεῖν
2592 945 2823 1016 ἠξιώθη.
2855 947 2977 1000 Τῶν
3004 947 3060 1001 δὲ
3087 946 3293 1017 βουνῶν
3331 944 3566 1009 ἐκεῖθεν,
3599 944 3634 1012 ή
3661 943 3793 996 ἀπά-

2240 1052 2415 1103 γουσα
2450 1036 2511 1090 ὲν
2547 1036 2625 1107 τῷ
2665 1038 2799 1108 Σινᾷ
2840 1039 2933 1091 καὶ¹
2980 1036 3059 1106 τῷ
3094 1034 3297 1105 Ῥαῖθῷ
3334 1036 3432 1090 καὶ
3461 1037 3529 1104 τῇ
3580 1032 3795 1105 Ἔρυθρᾷ

2244 1123 2491 1196 θαλάσσῃ
2522 1125 2770 1195 πέφυκεν
2803 1125 3031 1196 ἕρημος.
3060 1124 3332 1179 Ἐνταῦθά
3367 1141 3461 1194 μοι
3482 1124 3512 1177 ό
3554 1123 3681 1193 περὶ
3712 1122 3795 1191 τῆς

2243 1214 2453 1285 ἐρήμου
2487 1213 2644 1281 λόγος
2678 1214 2739 1267 τὸ
2767 1213 2950 1283 τέρμα
2988 1212 3254 1279 δεξάσθω.

2246 1308 2256 1321 ’
2313 1312 2432 1371 κς’.
2460 1304 2793 1376 Δεξιώτερον
2815 1305 2873 1359 δὲ
2903 1304 2997 1358 τοῦ
3029 1304 3231 1373 μέρους
3270 1304 3371 1373 τῆς
3406 1301 3570 1369 ἀγίας
3605 1300 3796 1360 πόλεως

2258 1395 2643 1467 Ἰερουσαλήμ,
2676 1397 2773 1451 καὶ
2822 1396 2929 1450 ὑπὸ
2960 1397 3055 1448 τοῦ
3091 1394 3288 1466 μέρους
3322 1392 3418 1446 τοῦ
3463 1393 3675 1463 πύργου
3718 1389 3797 1443 τοῦ

562 755 646 808 nis
668 769 879 808 cursus
910 755 1050 809 fama
1082 766 1186 818 est,
1208 772 1452 813 eremum
1480 760 1719 823 extendi,
1762 760 1814 813 in
1838 776 1946 829 qua
1971 776 2138 815 vene-

561 844 765 900 randus
817 846 1063 901 Zosimas
1112 848 1323 915 angelis
1364 864 1549 919 parem
1581 850 1895 923 Egyptiam
1932 852 2136 908 intueri

561 936 757 1007 dignus
785 936 1012 993 effectus
1049 949 1151 996 est.
1203 942 1379 996 Trans
1425 954 1637 998 montes
1672 945 1757 997 via
1800 945 1865 998 ad
1900 955 2139 1001 montem

564 1026 772 1092 Sinam,
824 1026 1143 1097 Rhaithum,
1189 1047 1449 1102 mareque
1495 1034 1739 1090 Rubrum
1790 1038 2136 1104 conducens,

563 1207 780 1264 habeat.

634 1297 728 1353 26.
756 1299 836 1355 Ad
861 1300 1225 1359 dexteriorem
1253 1315 1464 1372 partem
1498 1318 1699 1362 sancta:
1726 1309 1964 1365 civitatis
1984 1309 2146 1365 Jeru-

567 1390 756 1458 salem,
793 1401 849 1447 et
876 1409 904 1445 a
940 1403 1089 1450 turre
1122 1396 1343 1451 Davidis
1379 1400 1679 1467 prophetae,
1709 1394 1895 1471 iugum
1924 1412 2032 1467 est,
2061 1406 2145 1457 vi-

568 1484 715 1539 tibus
748 1485 1042 1541 universim
1072 1490 1369 1554 consitum,
1430 1491 1685 1562 illiusque
1715 1493 1781 1547 ad
1819 1504 2000 1564 partes
2051 1496 2147 1552 de-

2256 1489 2528 1563 προφήτου
2586 1487 2772 1553 Δαϐὶδ,
2806 1486 2923 1540 ἔστι
2969 1483 3132 1554 ζυγὸς
3160 1486 3279 1547 ὅλος
3330 1484 3674 1555 ύπάμπελος,
3718 1484 3798 1535 καὶ

571 1577 869 1642 pressiores
894 1578 1170 1635 [berorum
1211 1584 1631 1647 monasterium,
1670 1586 1811 1640 intra
1850 1588 2006 1656 cujus
2031 1603 2148 1643 am-

2256 1580 2435 1634 ιούτου
2488 1579 2619 1650 περὶ
2670 1578 2740 1633 τὰ
2786 1578 3188 1649 χθαμαλώτερα
3225 1577 3393 1649 μέρη,
3439 1576 3548 1632 τῶν
3588 1575 3799 1645 Ἰϐήρων

572 1665 739 1720 hitum
775 1668 1094 1725 venerandae
1138 1673 1319 1729 crucis
1348 1672 1550 1744 lignum
1602 1677 1656 1731 in
1683 1688 1879 1747 partes
1913 1679 2143 1734 divisum

2256 1670 2387 1743 μονὴ
2417 1671 2681 1740 πέφυκεν,
2714 1665 2781 1743 ἦς
2802 1670 2905 1739 τῆς
2932 1669 3282 1742 «περιγραφῆς
3305 1670 3479 1735 ἐντὸς,
3521 1668 3615 1721 τοῦ
3635 1664 3799 1736 τιμίου

574 1757 738 1811 fuisse
775 1760 1027 1817 traditur.
1058 1762 1192 1817 iiinc
1225 1765 1463 1833 regionis
1495 1777 1766 1822 montanae
1802 1770 1953 1824 initia
1996 1781 2146 1835 sunt,

2256 1764 2489 1834 σταυροῦ
2523 1763 2800 1833 τμηθῆναι
2847 1763 3067 1830 λέγεται
3099 1762 3275 1827 ξύλον.
3344 1756 3632 1815 Ἐντεῦθεν
3661 1758 3801 1829 hic

574 1862 681 1902 non
705 1849 939 1905 absurde
965 1853 1037 1907 ita
1066 1865 1412 1923 nuncupatas,
1437 1860 1581 1927 quod
1607 1860 1848 1914 omnium
1883 1864 2145 1916 montittm

2256 1855 2469 1925 όρεινῆς
2489 1853 2830 1924 λαμϐάνεται
2866 1853 3199 1925 περίχωρος,
3234 1852 3476 1917 εὑλόγως
3511 1850 3649 1904 οὕτω
3685 1847 3801 1914 κλη-

572 1954 680 1996 orze
712 1946 884 2012 magis
913 1946 1129 2003 clivosa?
1159 1954 1255 2019 per
1276 1932 1445 2004 multa
1478 1951 1649 2006 stadia
1681 1953 1733 2006 in
1763 1953 2147 2022 longitudinem

2256 1946 2439 2005 θεῖσα’
2472 1945 2565 1999 ἐπὶ
2603 1946 2767 2015 μήκει
2805 1945 2916 2016 γὰρ
2937 1944 3147 1998 πολλῶν
3181 1942 3411 1997 σταδίων
3453 1941 3568 1995 ἐστὶ
3591 1942 3651 1993 τ’)
3680 1937 3801 2019 πάν-

573 2042 889 2089 excurrant.
910 2036 1100 2106 Itaque
1132 2054 1160 2093 a
1195 2052 1382 2097 sancta
1412 2044 1635 2097 civitate
1663 2045 1853 2100 stadiis
1877 2047 1991 2101 fere
2014 2061 2150 2115 qua-

2256 2056 2359 2093 των
2395 2037 2601 2109 βουνῶν
2638 2036 2995 2117 δρεινότερον.
3026 2077 3033 2083 .
3068 2034 3204 2089 ’Δπὸ
3231 2032 3489 2103 γοῦντῆς
3532 2030 3687 2100 ἁγίας
3720 2028 3803 2083 πό-

574 2124 893 2192 tuordecim,
947 2126 1223 2201 Zachariae
1270 2134 1547 2201 propheta
1594 2134 1786 2189 domus
1839 2128 2146 2204 inspicitur,

2256 2133 2389 2195 λαως
2430 2130 2561 2184 ὡσεὶ
2591 2130 2781 2182 στάδια
2816 2124 2878 2183 ιδ’
2920 2127 3068 2182 ἔστιν
3121 2129 3155 2200 ή
3208 2124 3669 2195 οικίαΖαχαρίου
3719 2121 3801 2174 τοῦ

576 2217 630 2269 in
673 2231 859 2285 quam,
907 2229 1030 2288 post
1079 2223 1585 2291 Annuntiationem,
1645 2226 2150 2293 immaculatissima

2256 2221 2559 2291 προφήτου,
2600 2221 2657 2272 έν
2691 2212 2726 2290 ἦ
2760 2216 2900 2288 μιτά
2931 2218 3024 2271 τὸν
3058 2216 3433 2288 χαιρετισμδν,
3467 2214 3740 2268 ἀναστᾶσα
3772 2212 3800 2278 ἠ

579 2306 811 2376 Deipara
842 2312 1075 2367 sollicite
1129 2310 1488 2380 contendens,
1534 2316 1897 2373 Elisabetham
1948 2319 2152 2373 saluta-

2256 2312 2633 2381 πανάχραντος
2669 2308 2931 2371 Θεοτόκος
2964 2306 3242 2378 έπορεύθη
3283 2307 3419 2377 μετά
3448 2305 3698 2395 σπουδῆς,
3720 2304 3802 2357 καὶ

579 2400 687 2463 vit;
723 2403 881 2472 cujus
919 2414 973 2459 et
1017 2405 1195 2462 infans
1226 2409 1422 2475 gaudio
1476 2411 1530 2464 in
1592 2421 1747 2466 utero
1799 2412 2146 2480 subsultavit,

2256 2404 2542 2475 ¹ήστιτάσατο
2575 2400 2673 2475 τῂν
2708 2399 3013 2463 Ἐλισάὄετ,
3040 2399 3134 2453 καὶ
3162 2399 3221 2452 τὸ
3253 2398 3456 2469 βρέφος
3484 2400 3542 2449 ὲν
3561 2395 3801 2465 ἀγαλλιὼ

544 2484 921 2559 ὀττυΙιοηιῑει,
951 2506 1009 2550 ut
1042 2513 1140 2564 par
1166 2508 1269 2563 est,
1304 2500 1589 2555 Dominum
1615 2502 1926 2571 excipiens;
1958 2503 2151 2575 Virgo-

2256 2511 2340 2546 σει
2372 2494 2430 2546 έν
2454 2494 2522 2562 τῇ
2552 2492 2727 2560 κοιλίᾳ
2769 2487 2977 2557 ταύτης
3004 2488 3317 2559 ἐσκίρτησε,
3337 2491 3453 2551 τοῖς
3484 2487 3803 2561 σκιρτήμασι

576 2592 681 2647 que
724 2582 1101 2663 admirandum
1157 2595 1211 2640 et
1276 2589 1651 2656 propheticum
1704 2590 1834 2646 illud
1866 2590 2150 2648 Canticum

2256 2585 2385 2640 ὡσεὶ
2418 2584 2527 2657 [ίσ.
2558 2583 2636 2646 ὡς
2668 2580 2839 2653 εἰκὸς]
2882 2581 2975 2633 τὸν
3011 2580 3291 2649 Δεσπότην
3325 2578 3691 2667 δεξιούμενον,
3722 2575 3803 2629 καὶ

579 2670 898 2727 enuntiavit.
923 2673 981 2726 In
1013 2674 1127 2729 loco
1152 2677 1334 2748 itaque
1360 2679 1449 2733 illo
1480 2680 1786 2742 castellum.
1814 2692 1867 2737 et
1888 2683 2147 2753 templum

580 2770 744 2828 super
773 2762 1028 2827 spelunca
1065 2767 1226 2821 situm
1260 2782 1337 2822 est
1376 2786 1391 2823 :
1422 2770 1475 2823 in
1508 2770 1783 2839 speluncae
1814 2772 2017 2828 ultimis
2070 2787 2152 2827 re-

580 2850 824 2907 cessibus
874 2851 1537 2925 Praecursorisnativitas
1566 2862 1783 2917 accidit.
1818 2861 1991 2933 Prope
2030 2878 2150 2918 eam

582 2938 713 2995 hino
768 2942 857 2996 teli
889 2943 1064 3012 jactu,
1120 2949 1186 3001 ad
1238 2949 1612 3005 sublimiorem
1666 2961 1877 3020 partem
1926 2955 2149 3021 montis,

2252 2679 2286 2747 ἡ
2336 2675 2611 2745 Παρθένος
2664 2671 2765 2742 τὴν
2813 2672 3139 2743 θαυμαστὴν
3200 2662 3418 2740 εκείνην
3472 2668 3804 2741 προφητικήν

2255 2768 2401 2839 ᾠδήν
2434 2756 2845 2837 ἀπεφθέγξατο.
2872 2765 3031 2831 Ἔστι
3063 2764 3195 2832 γοῦν
3221 2766 3280 2818 έν
3300 2764 3378 2832 τῷ
3410 2764 3560 2834 τόπῳ
3589 2760 3805 2818 διαστέλ-

2253 2860 2390 2924 λιον,
2425 2860 2520 2913 καλ⁸
2556 2857 2687 2918 ναὸς
2736 2856 2975 2927 ὕπερθεν
3005 2855 3273 2926 σπηλαίου
3304 2855 3611 2925 έφὶδρυται,
3643 2854 3735 2907 καὶ
3755 2852 3805 2903 ἂν

2254 2953 2367 3011 τοῖς
2389 2949 2484 3003 τοῦ
2506 2948 2772 3020 σπηλαίου
2804 2948 2997 3018 μυχοῖς
3041 2949 3075 3015 ή
3106 2946 3363 3016 γέννησις
3382 2947 3476 3000 τοῦ
3504 2944 3803 3017 Προδρόμου

582 3042 734 3098 petra
765 3044 871 3100 est,
903 3051 1025 3104 qua:
1078 3037 1247 3092 divisa
1282 3038 1574 3107 fugientem
1609 3040 1864 3111 Baptistae
1896 3053 2152 3109 matrem,

2258 3042 2471 3109 γέγονε,
2488 3040 2582 3094 καὶ
2593 3038 2782 3092 τούτου
2810 3038 3139 3107 πρόσεγγυς,
3158 3035 3291 3089 ὡσεὶ
3317 3036 3409 3089 δύο
3435 3036 3603 3100 τόξων
3627 3035 3798 3105 βολῆς,

582 3121 839 3179 infantem
869 3129 1251 3195 atnplctatam,
1276 3146 1398 3185 cum
1426 3132 1665 3189 Herodes
1695 3134 1842 3189 caede
1873 3136 2153 3191 immanis-

2260 3135 2391 3201 περὶ
2443 3130 2537 3185 τοῦ
2576 3130 2736 3198 ὅρους
2785 3128 3122 3197 ὑψιαίτερον,
3170 3127 3404 3197 ὑπάρχει
3458 3130 3493 3197 ή
3544 3125 3805 3196 σχισθεῖσα

583 3214 717 3268 sima
751 3218 983 3284 sarviret,
1021 3220 1139 3272 sinu
1166 3236 1263 3276 suo
1292 3212 1494 3278 avexit.

655 3492 748 3551 27.
777 3494 858 3548 Alt
880 3494 1201 3562 Jerusalem,
1228 3499 1375 3551 inter
1392 3500 1524 3554 duas
1564 3500 1703 3563 vias,
1736 3515 1897 3553 unam
1931 3515 2053 3569 quae
2088 3501 2155 3554 ad

586 3592 859 3648 montana,
920 3588 1143 3641 alteram
1180 3586 1299 3658 quae
1335 3591 1399 3643 ad
1432 3593 1827 3651 cmnobiarchaa
1876 3602 2143 3646 monaste-

586 3676 727 3728 rium
773 3688 827 3730 et
859 3676 1088 3731 Lautam
1120 3680 1361 3742 abducit,
1402 3682 1618 3734 dorsum
1650 3684 1960 3749 procurrit;
1998 3668 2069 3737 et;
2103 3682 2154 3734 in

586 3781 650 3817 co
679 3765 1071 3835 iter,aperitur,
1112 3786 1141 3821 a
1174 3781 1359 3824 sancta
1417 3770 1583 3825 Sione
1637 3771 1911 3827 Bethleem
1950 3772 2154 3837 ferens,

468 3899 482 3910 .
593 3855 733 3911 Urbs
761 3873 891 3911 vero
916 3857 1188 3914 Bethleem
1223 3876 1251 3914 a
1278 3871 1462 3915 sancta
1488 3862 1707 3916 civitate
1737 3878 1829 3918 se:
1858 3862 1981 3919 sine
2008 3863 2158 3917 mille

586 3950 839 4017 passibus
863 3950 1045 4005 distat.
1080 3952 1137 4006 lu
1167 3950 1283 4021 ejus
1310 3962 1364 4007 et
1393 3963 1594 4008 sanctae
1626 3948 1863 4021 civitatis
1905 3953 2158 4010 meditul-

588 4039 659 4094 lio
711 4043 1102 4095 monasterium
1136 4043 1309 4097 sancti
1341 4044 1619 4113 propheta:
1677 4042 1807 4097 Elia:
1854 4043 2089 4108 exsistit,
2128 4061 2157 4098 a

587 4131 971 4187 vetustissimis
1007 4132 1110 4202 piis
1172 4133 1482 4197 hominibus
1537 4135 1955 4200 exaediﬁcatum,
2038 4136 2156 4201 sed,

590 4230 750 4275 terra:
765 4222 1022 4286 motibus,
1046 4223 1288 4278 funditus
1313 4234 1581 4292 aequatum
1605 4225 1751 4281 solo:
1782 4228 2159 4282 verumtamen

589 4321 645 4367 ct
676 4306 801 4376 hoc.
833 4313 896 4367 de
939 4314 1070 4367 orbe
1109 4315 1363 4368 universo
1412 4316 1549 4369 bene
1600 4330 1849 4380 merens,
1900 4314 2155 4371 dominus

2264 3223 2464 3292 πέτρα,
2526 3221 2622 3274 καὶ
2682 3218 3058 3289 ὑποδεξαμένη
3102 3218 3415 3286 φεύγουσαν
3467 3218 3565 3289 τήν
3614 3217 3807 3288 μητέρα

2258 3315 2355 3368 τοῦ
2388 3311 2720 3373 Βαπτιστοῦ,
2753 3311 2951 3381 βρέφος
2978 3309 3387 3380 ὴγκαλισμένην
3421 3308 3598 3373 αὑτὸν,
3633 3307 3722 3360 ἰπὶ
3750 3309 3805 3375 τῇ

2203 3473 2206 3476 γ
2264 3404 2628 3475 βρεφοκτονίᾳ
2659 3403 2751 3455 τοῦ
2791 3402 3055 3473 Ἡρώδου.

2333 3495 2437 3558 κζ’.
2494 3495 2628 3547 Ἀπὸ
2670 3494 2727 3548 δὲ
2767 3494 2869 3562 τῆς
2917 3492 3273 3562 Ἰερουσαλὴμ
3307 3492 3471 3559 μέσον
3512 3491 3617 3544 τῶν
3648 3488 3735 3541 δύο
3758 3490 3809 3538 ὁ·

2257 3587 2382 3652 δῶν,
2412 3587 2511 3654 τῆς
2541 3602 2599 3637 τε
2649 3585 2787 3655 πρὸς
2817 3585 2917 3653 τὴν
2945 3582 3160 3653 ὀρεινὴν
3211 3582 3557 3651 ἀπαγούσης,
3589 3582 3683 3634 καὶ
3722 3578 3808 3644 τῆς

2260 3678 2399 3747 πρὸς
2431 3678 2531 3745 τὴν
2562 3676 2731 3746 μονήν
2762 3674 2856 3728 τοῦ
2899 3674 3293 3744 Κοινοσιάρχου
3329 3675 3423 3727 καὶ
3443 3663 3566 3743 ⁸τῆς
3592 3670 3807 3742 λαύρας,

2260 3768 2378 3821 ἔστι
2412 3767 2620 3837 ραχίον,
2671 3766 2766 3818 καὶ⁸
2791 3764 2907 3827 ὁδὸς
2949 3765 3007 3817 ὲν
3055 3763 3202 3834 αύτῷ
3253 3762 3413 3832 μέχρι
3454 3760 3555 3829 τῆς
3580 3757 3808 3830 Βηθλεὲμ

2260 3858 2368 3912 ἀπὸ
2392 3857 2494 3926 τῆς
2519 3856 2681 3923 ἁγίας
2710 3854 2847 3908 Σιὼν
2872 3854 3188 3922 ἀπάγουσα.
3224 3854 3291 3906 Ἠ
3314 3853 3372 3906 δὲ
3404 3852 3652 3922 Βηθλεὲμ
3671 3852 3809 3910 πόλις

2261 3947 2457 4014 ἀπέχει
2482 3946 2578 4011 τῆς
2609 3944 2770 4013 ἁγίας
2816 3944 3023 4006 πόλεως
3055 3943 3187 3995 ὡσεὶ
3220 3942 3371 4012 μιλία
3399 3942 3480 4008 ΞΕ.
3513 3935 3619 4006 Ἦς
3664 3943 3810 4012 μέσον

2258 4038 2314 4089 δὲ
2347 4036 2447 4104 τῆς
2478 4034 2642 4101 ἁγίας
2673 4034 2887 4098 πόλεως
2920 4033 3158 4103 ὑπάρχει
3194 4033 3330 4105 μονὴ
3364 4033 3459 4088 τοῦ
3502 4033 3657 4102 ἁγίου
3691 4047 3809 4100 πρε-

2261 4128 2432 4195 φήτου
2451 4124 2658 4188 Ἠλιοῦ,
2705 4125 2811 4177 ὑπὸ
2849 4126 2955 4178 τῶν
2980 4126 3325 4179 παλαιτάτων
3344 4126 3443 4195 μὲν
3475 4125 3807 4194 ἀνεγερθεῐσα

2260 4217 2474 4287 ἀνδρῶν
2505 4215 2793 4285 θεοφιλῶν,
2825 4217 2890 4268 ἐκ
2935 4216 2992 4268 δὲ
3024 4214 3119 4268 τοῦ
3149 4214 3374 4286 σεισμοῦ
3408 4215 3618 4287 ῥιζόθεν
3656 4231 3808 4267 κατα-

2261 4306 2531 4360 πεσοῦσα·
2561 4306 2696 4358 ἀλλὰ
2726 4307 2817 4359 καὶ
2844 4305 3047 4375 ταύτην
3080 4307 3106 4357 ό
3145 4306 3405 4373 κοσμικδς
3450 4307 3755 4377 εὐεργέτης.
3783 4305 3807 4355 ό

591 4417 744 4455 meus
769 4412 931 4471 atque
961 4406 1252 4471 nuperator
1280 4420 1378 4473 per
1403 4419 1558 4460 suum
1610 4406 1913 4473 praesidem,
1955 4407 2153 4475 Syrum

2263 4398 2395 4466 ἐμὸς
2415 4397 2680 4465 δεσπότης
2714 4397 2808 4449 καὶ
2835 4396 3093 4465 βασιλεὺς
3130 4395 3193 4447 ἐκ
3218 4395 3433 4467 βάθρων
3462 4398 3710 4465 ἀνήγειρε
3731 4394 3807 4446 δαὶ

589 4491 882 4557 hominem.
922 4509 950 4545 a
988 4496 1351 4571 fundamentis
1384 4497 1660 4564 reparavit
1694 4515 1708 4550 :
1741 4499 1983 4563 adeoque
2019 4498 2153 4549 inter

2262 4487 2359 4540 τοῦ
2391 4486 2595 4555 ταύτην
2620 4484 3040 4548 ἐπιστατοῦντος
3073 4485 3244 4556 Σύρου
3287 4487 3500 4556 ἀνδρὸς,
3536 4487 3628 4539 καὶ
3654 4485 3810 4545 οὕτως

588 4584 977 4654 monasterium
1003 4594 1057 4638 et
1091 4584 1392 4649 Bethleem,
1423 4586 1661 4653 itemque
1692 4586 1947 4642 Rachelis
1978 4586 2161 4653 sepul-

588 4692 762 4741 crum,
794 4686 1065 4731 structura
1120 4685 1355 4745 quatuor
1386 4678 1709 4741 fornicibus,
1768 4679 1861 4732 toii
1904 4680 2078 4733 instar
2107 4680 2158 4733 in

590 4766 930 4835 fastigiatum
973 4764 1231 4821 cacumen
1263 4767 1655 4831 desinentibus,
1687 4777 1973 4836 opertum;
2010 4769 2189 4836 locus_

590 4859 679 4913 ille
706 4859 955 4928 trianguli
984 4858 1211 4912 formam
1236 4858 1417 4913 eﬂicit.
1441 4860 1518 4913 Αιι
1544 4862 1933 4915 sinisteriorem
1958 4871 2161 4917 saneta:

592 4949 867 5004 Bethleem
902 4961 1113 5018 partem
1161 4951 1303 5004 inter
1337 4965 1456 5003 eam
1489 4961 1544 5004 et
1595 4953 1994 5007 ca’nobiarchm
2041 4970 2157 5008 mo-

590 5044 907 5108 nasterium,
943 5057 1069 5111 ager
1122 5051 1224 5106 est,
1272 5052 1327 5096 et
1374 5042 1429 5095 in
1466 5057 1596 5112 agro
1647 5044 1925 5111 spelunca,
1970 5046 2019 5097 in
2054 5060 2158 5113 qua

588 5134 729 5188 beati
766 5141 1161 5185 commorantcs
1188 5132 1240 5183 in
1274 5131 1421 5198 agris
1455 5142 1699 5197 pastores
1726 5131 2001 5199 angelicas
2044 5131 2157 5182 lan-

584 5226 681 5276 tlrs
746 5223 967 5276 auribus
1023 5233 1353 5291 acceperunt
1386 5239 1400 5275 :
1430 5221 1613 5275 Gloria
1654 5224 1706 5274 in
1757 5223 1997 5283 excelsis,
2056 5223 2159 5275 illis

588 5311 1027 5373 inclamantibus,
1088 5321 1134 5363 et
1173 5312 1228 5362 in
1265 5320 1405 5362 terra
1432 5328 1559 5377 pax,
1604 5320 1653 5364 et
1685 5313 1737 5363 in
1762 5314 1955 5364 mundo
1990 5310 2155 5373 salus,

589 5406 657 5460 ob
686 5404 849 5475 Dent"
880 5417 1056 5455 meum
1086 5416 1149 5455 ex
1178 5401 1383 5471 virgine
1408 5402 1631 5469 Dcipara
1664 5402 1925 5470 genitum.
1964 5402 2158 5454 Sancta

589 5496 859 5549 Bethleem
892 5498 942 5547 in
994 5495 1175 5556 dorso,
1219 5492 1484 5561 lapidibus
1526 5502 1717 5552 strato,
1776 5492 1993 5546 fundata
2030 5503 2110 5546 cst
2145 5509 2158 5545 :

589 5586 642 5639 in
705 5598 767 5638 ea
822 5584 1157 5651 conspicitur
1186 5592 1241 5635 et
1273 5595 1425 5635 sacra
1475 5582 1760 5649 spelunca,
1800 5592 1853 5634 et
1892 5596 2155 5649 praesepe,

590 5681 647 5731 et
673 5683 882 5741 puteus,
917 5688 981 5729 cx
1008 5686 1114 5743 quo
1144 5672 1314 5729 David
1363 5672 1549 5729 bibere
1575 5674 1917 5761 concupivit,
1936 5687 1989 5729 et
2020 5684 2159 5733 tetu-

2268 4579 2429 4648 μέσον
2478 4578 2577 4645 τῆς
2616 4577 2785 4645 μονῆς
2826 4576 2920 4627 καὶ
2966 4578 3063 4644 τῆς
3109 4576 3356 4645 Βηθλεὲμ
3389 4574 3695 4646 τριγωνίζει
3731 4574 3808 4627 τὸν

2262 4670 2437 4740 χῶρον
2478 4670 2505 4721 ό
2544 4668 2641 4734 τῆς
2690 4666 2887 4736 Ῥαχὴλ
2917 4667 3109 4735 τάφος,
3143 4667 3247 4719 ὑπὸ
3275 4666 3697 4738 τετρακαμάρου
3734 4664 3808 4716 θο-

2261 4758 2436 4813 λωτοῦ
2465 4758 2803 4826 σκεπόμενος
2830 4757 3153 4827 κτίσματος.
3192 4758 3328 4828 Περὶ
3361 4759 3418 4812 δὲ
3446 4759 3509 4812 τὸ
3532 4754 3806 4829 εὑωνυμώ-

2259 4868 2418 4921 τερον
2449 4850 2613 4918 μέρος
2648 4850 2749 4919 τῆς
2776 4848 2939 4916 ἀγίας
3007 4848 3277 4919 Βηθλεὲμ,
3316 4850 3482 4918 μέσον
3533 4850 3699 4920 αὐτῆς
3728 4846 3809 4900 καὶ

2260 4943 2359 5011 τῆς
2386 4941 2478 4994 τοῦ
2510 4940 2910 5010 Κοινοδιάρχου
2956 4940 3144 5010 μονῆς,
3176 4942 3372 5010 ὁρᾶται
3422 4940 3612 5010 ἀγρὸς,
3644 4940 3730 4993 καὶ
3758 4939 3805 4988 ὲν

2261 5012 2341 5102 τῷ
2377 5032 2533 5103 ἀγρῷ
2565 5032 2853 5101 σπήλαιον,
2890 5034 2949 5085 ὲν
2975 5026 3019 5100 ᾧ
3059 5033 3107 5085 οί
3142 5033 3398 5103 μακάριοι
3426 5031 3805 5103 ἀγραυλοῦντες

2262 5124 2521 5194 ποιμένες
2550 5124 2663 5176 τῶν
2705 5123 3010 5191 ἀγγελικῶν
3044 5123 3284 5193 ἥκουσαν
3320 5122 3527 5193 ῦμνων,
3559 5124 3638 5189 τδ,
3673 5120 3806 5182 Δόξα

2261 5218 2331 5270 ἐν
2390 5218 2693 5283 ὑψίστοις,
2741 5216 3180 5284 ἐπιφωνούντων,
3216 5214 3356 5280 Θεῷ,
3403 5201 3502 5269 καὶ
3558 5216 3654 5269 ἐπὶ
3710 5212 3805 5283 γῆς

2261 5308 2490 5375 είρήνη,
2525 5308 2596 5360 ἐν
2618 5306 2699 5370 τῷ
2722 5308 2925 5376 κόσμῳ
2973 5310 3256 5375 σωτηρία,
3321 5310 3385 5359 ὲκ
3408 5309 3508 5375 τῆς
3547 5308 3800 5379 Παρθένου

2263 5399 2356 5449 καὶ
2413 5396 2677 5449 Θεοτόκου
2729 5397 2823 5450 τοῦ
2877 5396 3011 5448 Θεοῦ
3090 5414 3189 5464 μου
3246 5398 3626 5464 ἀποκυήσεως.
3668 5397 3722 5449 Ἡ
3757 5394 3804 5444 δὲ

2263 5489 2395 5557 ἁγία
2422 5489 2670 5558 Βηθλεὲμ
2692 5488 3081 5558 τεθεμελίωται
3106 5488 3195 5540 ἐπὶ
3224 5486 3591 5557 λιθοστρώτου
3616 5484 3801 5559 pallam

2265 5582 2323 5633 ἐν
2423 5580 2518 5632 καὶ
2566 5580 2632 5631 τὸ
2690 5580 2833 5649 ἱερὸν
2894 5578 3161 5651 σπήλαιον
3194 5578 3287 5631 καὶ
3316 5578 3351 5647 ή
3403 5580 3608 5649 φάτνη,
3645 5577 3731 5630 καὶ
3754 5576 3803 5627 τὸ

2263 5672 2464 5743 φρέαρ,
2492 5671 2549 5736 ἐξ
2580 5664 2640 5723 οὗ
2678 5672 2838 5725 Δαὸὶδ
2867 5672 3013 5726 πιεῖν
3049 5670 3383 5743 ἐπεθύμησε,
3451 5671 3543 5726 καὶ
3574 5670 3695 5733 ναὸς
3720 5668 3799 5721 ἐπὶ
