3956 6324
127 366 297 420 Ὅπου
324 363 418 419 τοῦ
463 367 669 437 Πέτρου
696 366 951 436 ἄρνησις,
988 366 1081 416 καὶ
1114 364 1332 435 φυλακὴ
1356 363 1586 433 Κυρίου,

138 454 225 521 Ἐξ
248 452 313 526 ἧς
330 457 565 525 σταυρὸν
588 457 877 523 ἐπώμισαν
898 455 987 508 τὶν
1016 456 1257 524 Κτίστην
1281 454 1373 507 καὶ
1394 454 1693 522 Δεσπότην,

125 544 275 596 Μετά
302 544 497 613 μικρὸν
534 542 901 612 βαστάσαντος
936 543 1178 611 Σίμωνος
1208 543 1544 611 Κυρηναίου,
1612 583 1621 589 .

126 637 214 700 El;
257 638 528 705 Γολγοθὰν
581 638 635 690 δὲ
672 638 941 707 μεταϐὰς,
1000 637 1096 689 καὶ
1126 637 1291 689 τόπον
1326 637 1419 689 τοῦ
1464 635 1689 705 κρανίου

128 725 295 781 Ὅπου
335 727 555 797 σταυρῷ
594 728 911 799 προσήλωσε
937 728 997 780 τὸ
1026 728 1181 795 γένος
1214 726 1322 779 τῶν
1355 724 1625 797 Ἐϐραίων

125 817 225 871 Τὸν
253 818 622 887 ἀκατάκριτον
666 816 877 889 κριτὴν
912 819 1049 888 μετά
1084 818 1301 889 λῃστῶν
1342 816 1693 887 κακούργων.

128 910 276 961 Ἐστι
305 912 397 961 καὶ
437 912 603 981 μέχρι
634 911 787 963 τοῦδε
818 911 912 962 νῦν
952 910 1029 979 τῷ
1081 894 1518 980 μακαριωτάτιιῖ
1534 909 1685 978 λίθῳ,

136 1002 245 1069 Ἐφ’
272 995 443 1072 οὗπερ
474 1003 680 1073 ἔπηξαν
713 1002 975 1071 σταυρὸν,
1009 1003 1116 1072 όπὴ
1146 1004 1507 1072 τετορημένη,

124 1093 229 1146 Καὶ
264 1093 458 1163 φλέϐες
483 1084 849 1165 ὲρυθάζουσαι
877 1080 1163 1165 προδήλως
1194 1096 1544 1167 παρεστῶσαι

123 1183 225 1236 Ἱόὖ
268 1188 659 1256 παναχράντου
714 1188 951 1255 αἵματος
991 1189 1317 1241 δεσποτικοῦ
1358 1191 1458 1258 τὴν
1505 1191 1690 1261 χύσιν.

124 1274 260 1340 ιΙρδς
286 1274 343 1326 δὲ
380 1277 471 1327 καὶ
503 1276 531 1328 ό
566 1278 834 1345 κυριακὺς
861 1279 1035 1345 τάφος
1070 1282 1097 1331 ὀ
1130 1279 1379 1349 θεοδίχος

123 1363 216 1415 Διά
242 1364 555 1435 μαρμάρων
583 1368 960 1438 λαμπρυνθεὶς
1005 1372 1203 1424 κιόνων
1252 1370 1685 1436 στιλπνοτάτων,

124 1454 228 1505 Καὶ
258 1458 366 1525 πρὸ
397 1457 497 1525 τῆς
522 1458 696 1529 θύρας
732 1460 1009 1523 κυλισθείς
1036 1465 1063 1516 ό
1101 1464 1233 1533 παρ’
1258 1466 1491 1533 ἀγγέλου
1518 1466 1689 1532 λίθος,

136 1545 220 1609 Ἐξ
250 1541 330 1599 ὧν
356 1549 597 1619 πηγάζει
634 1550 892 1618 θαύματα
929 1556 1061 1605 πᾶσι
1094 1557 1309 1616 πιστοῖς
1339 1556 1613 1623 ἀφθόνως.

125 1639 230 1690 Καὶ
244 1638 310 1691 τὸ
332 1639 393 1709 δὴ
415 1640 597 1711 μεῖζον
628 1647 921 1715 προφανῶς
953 1649 1260 1710 πιστοῖς.τε
1290 1649 1383 1700 καὶ
1414 1649 1688 1715 ἀπίστοις,
1722 1692 1765 1748 Β

136 1729 195 1748 ,η
231 1746 297 1748 η,
345 1731 356 1748 .
444 1732 456 1748 .
711 1737 721 1748 .
936 1740 946 1748 .
1008 1740 1019 1748 .
1281 1742 1319 1748 --
1413 1740 1425 1748 .

136 1729 197 1781 Ἠ
228 1731 368 1785 κατά
406 1732 504 1801 τὴν
544 1737 888 1807 παγκόσμιον
924 1740 1226 1791 ἀνάστασιν
1281 1740 1513 1809 Κυρίου,

126 1820 436 1891 Φωτοχυσία
458 1826 727 1895 πρόδηλος
754 1829 928 1897 φωτὸς
961 1830 1057 1883 τοῦ
1085 1833 1358 1899 παναγίου

128 1912 500 1969 Μεταδιδοῦσα
528 1920 642 1981 τοῖς
670 1923 884 1983 πιστοῖς
926 1922 1200 1991 ἁγιασμόν
1231 1925 1326 1976 καὶ
1354 1924 1528 1997 φῶτα.

131 2006 568 2077 Ἐστικαὶίτόπος
599 2011 803 2083 ὑψηλὸς
824 2014 1172 2085 κλιμακωτὸς
1200 2018 1278 2076 εἰς
1300 2015 1484 2085 βάθος,

130 2098 212 2150 Ἐν
245 2093 397 2172 ᾧπερ
429 2104 710 2173 κέκρυπτο
731 2108 962 2178 σταυρὸς
996 2106 1260 2172 ζωοποιὸς
1297 2111 1528 2179 Κιυρίου.

129 2191 235 2245 Καὶ
271 2192 433 2257 τόπος
461 2194 663 2266 βόμϐον
687 2198 917 2267 ὲξηχῶν,
953 2200 1029 2261 ὡς
1063 2198 1245 2269 λόγος,
1272 2202 1378 2270 γῆς
1408 2202 1467 2255 τὸ
1501 2203 1691 2270 μέσον,

132 2282 306 2340 Ἀλλοι
335 2288 393 2341 δὲ
425 2288 730 2355 φάσκουσιν
763 2292 927 2345 αύτδν
969 2293 1252 2358 κολάσεως
1292 2294 1386 2347 τὸν
1410 2296 1609 2365 χῶρον,

130 2379 233 2432 Καὶ
260 2382 444 2451 τὸτῆς
485 2383 587 2452 γῆς
624 2386 956 2454 μεσαίτατον
994 2387 1089 2440 τοῦ
1134 2388 1383 2459 βήματος
1409 2391 1467 2440 ἐν
1516 2391 1694 2459 μέσῳ.

130 2471 444 2543 Συνέχονται
480 2476 525 2527 δ’
555 2476 844 2548 ἀμφότερα
886 2479 1031 2549 μόνῳ
1061 2478 1177 2549 λαῷ
1220 2480 1515 2550 καλλίστῳ.

130 2563 302 2631 Μέρος
331 2565 393 2617 τὸ
433 2568 690 2637 περίεχον
714 2569 770 2621 δὲ
797 2569 888 2622 τὸν
920 2569 1185 2640 ζωοδόχον
1219 2552 1411 2639 τάφον,

142 2653 469 2722 Ἰσόπλατον,
513 2660 773 2729 ίσόμηκες
798 2662 855 2713 ἐν
893 2662 1137 2731 σχήματι
1169 2662 1515 2734 στρογγύλῳ,

133 2745 241 2799 Οὐκ
275 2748 332 2800 ὲν
360 2751 543 2814 στοαῖς
582 2752 681 2820 τὴν
712 2753 915 2822 ὀροφὴν
962 2754 1137 2824 ἔχοντι
1166 2755 1593 2824 κεκλεισμένην,

154 2837 291 2922 Ἀλλ’
326 2839 447 2910 ἴσην
477 2844 569 2893 καὶ
590 2841 685 2912 τὴν
715 2843 920 2895 ἀνωθεν
952 2842 1046 2913 τοῦ
1074 2845 1375 2914 κτίσματος
1405 2844 1697 2914 στεφάνην,

143 2929 376 2985 Ἐκεῖθεν
410 2933 455 2986 δ’
480 2935 820 3004 ἀνιστάμενα
851 2935 984 3000 ξύλα
1019 2936 1161 3006 μετά
1195 2936 1491 3006 μολύϐδου,

135 3020 512 3095 Συνερχομένων
546 3026 754 3081 ἄνωθεν
797 3028 1159 3097 σφαιροειδῶς
1180 3030 1291 3081 τῶν
1322 3029 1534 3099 ἄκρων,

133 3115 205 3166 Δι’
236 3117 467 3186 ούρανοῦ
496 3120 587 3172 τὸν
618 3119 844 3191 ούρανοῦ
880 3122 1120 3191 Κτίστην
1138 3121 1558 3190 ἐστεγασμένον,

136 3206 240 3261 Καὶ
268 3210 538 3281 μηδαμῶς
565 3214 838 3282 μηδέποτε
873 3213 1077 3291 βροχῆς
1118 3214 1538 3284 εἰσερχομένης,

138 3297 195 3349 El
227 3298 321 3350 τοῦ
362 3299 490 3353 ναοῦ
522 3301 589 3353 τά
612 3300 863 3370 γύρωθεν
899 3303 1081 3356 πάντα
1118 3303 1624 3356 κατακλεισοῶσιν.

147 3390 230 3444 Ἐν
258 3391 335 3463 τῷ
373 3395 596 3463 προνάῳ
624 3393 680 3447 δὲ
719 3395 884 3464 σηκὸς
915 3396 1238 3465 ἀδελφοθέου
1267 3396 1452 3449 πέλει.

136 3479 331 3535 Τούτου
353 3482 409 3536 δὲ
439 3484 674 3554 πρόσθεν
701 3486 923 3540 πέλουσι
944 3490 1044 3556 τῆς
1068 3488 1300 3557 Μάρθας
1327 3488 1421 3539 καὶ
1449 3488 1694 3557 Μαρίας,

136 3573 194 3623 At
210 3575 484 3627 κατοικίαι
528 3576 784 3647 σέκρετον
816 3578 924 3631 τῶν
956 3578 1174 3631 ἀσεϐῶν
1216 3579 1489 3647 γεγῶσαι,

139 3663 241 3716 Καὶ
258 3664 471 3720 παλαιὰ
509 3670 837 3740 κατοίκησις
873 3672 1237 3741 πατριαρχῶν
1269 3672 1380 3725 τῶν
1410 3671 1595 3736 θείων,

140 3754 224 3820 El;
254 3756 428 3823 οἶκον,
465 3760 544 3824 είς
567 3762 893 3834 συναγωγὴν
919 3764 1152 3817 τελοῦσα
1186 3767 1297 3827 τοῖς
1324 3764 1597 3829 ἀπίστοις.

148 3847 326 3921 Ἐντῷ
360 3852 575 3923 θατέρῳ
605 3855 760 3924 μέρει
801 3856 857 3908 δὲ
889 3858 1015 3920 ναὲς
1047 3858 1145 3927 τῆς
1179 3858 1585 3929 παναχράντου,

142 3940 294 3995 Ὅθεν
339 3945 559 3998 ἑστῶσα
597 3948 836 4017 τέτρωτο
880 3951 949 4001 τά
997 3951 1308 4023 σπλάγχνα,
1350 3950 1705 4021 Ορηνωδοῦσα

143 4032 238 4085 Τὸν
276 4035 516 4107 Ποιητήν
542 4054 599 4088 τε
623 4041 715 4091 καὶ
748 4039 871 4091 Υίὸν
900 4042 1306 4111 σταυρούμενον
1331 4042 1538 4111 ὁρῶσα..

150 4124 231 4177 Ἐν
262 4127 421 4197 μέρει
447 4128 503 4179 δὲ
531 4128 631 4197 τῆς
662 4128 888 4195 δύσεως,
924 4133 1017 4183 καὶ
1070 4134 1299 4203 πλησίον
1324 4134 1419 4185 τοῦ
1464 4133 1704 4205 τείχους,

144 4212 289 4269 Οίκοι
312 4215 597 4285 πεφύκασι
622 4218 788 4271 Δαϐὶδ
807 4219 1037 4287 λείψανα
1074 4226 1186 4284 τοῖς
1215 4225 1530 4295 προτέροις.

142 4307 248 4379 υαρ
265 4309 279 4331 ⁹
301 4310 517 4362 ἀσεϐῶν
538 4311 816 4382 νεμόμενα
838 4313 976 4381 πρὸς
1004 4316 1117 4377 τοῖς
1150 4316 1367 4379 λοιποῖς
1393 4318 1486 4369 καὶ
1507 4318 1703 4373 ταῦτα.

146 4400 277 4470 Πρὸς
309 4403 367 4455 δέ
399 4419 466 4471 γε
502 4404 602 4473 τῆς
629 4405 898 4473 ἀνατολῆς
926 4406 1021 4459 τοῦ
1062 4406 1255 4469 ἄστεος
1282 4410 1343 4461 τὸ
1382 4409 1571 4479 μέρος,

142 4491 312 4564 Πύλην
335 4494 574 4564 ἀρχαίαν
603 4496 923 4569 θαυμαστὴν
952 4498 1142 4552 ἔκτοτε
1173 4500 1594 4573 κεκλεισμένην,

143 4583 223 4650 Et;
255 4588 427 4642 τύπον
457 4588 761 4641 ἀδιόὸευτον
797 4586 963 4643 οὖσαν
982 4594 1077 4661 τῆς
1104 4596 1515 4663 παναχράντου,

143 4680 346 4751 Ἢνπερ
388 4681 598 4745 ἀνοῖξαι
627 4682 895 4753 πρότερόν
923 4700 1093 4736 τινων
1122 4687 1564 4757 τετολμηκότων,

143 4770 240 4839 Τὴν
265 4773 423 4825 πόλιν
454 4775 636 4827 πᾶσαν
674 4774 915 4829 σείεσθαι
947 4776 1167 4844 λέγεται
1218 4782 1313 4832 καὶ
1374 4779 1704 4845 κλονεῖσθαι,

144 4864 241 4917 Καὶ
265 4868 359 4936 τὸν
385 4865 514 4918 λαὸν
544 4870 644 4936 τῆς
683 4868 890 4930 πόλεως
923 4869 1138 4939 ἀθρόως
1164 4870 1561 4938 ἀποθνήσκειν.

146 4956 297 5012 Ὅθεν
329 4960 517 5013 θεόθεν
549 4962 795 5014 ἔπαυσαν
826 4963 874 5013 οἱ
910 4962 1143 5030 ἄφρονες
1172 4964 1267 5031 τῆς
1301 4963 1526 5034 τόλμης.

145 5052 341 5123 Μικρὸν
371 5052 429 5107 δὲ
474 5053 681 5123 ταύτης
721 5053 964 5121 γεγονὼς
1011 5054 1291 5123 ἐνδότερον
1328 5056 1421 5105 τοῦ
1465 5056 1705 5126 τείχους,

148 5145 331 5209 οἴκους
356 5146 584 5216 κατίδῃς
614 5145 828 5197 ἀσεϐῶν
857 5144 965 5198 τῶν
996 5144 1547 5197 καταποντισθέντων

156 5238 374 5310 ’ίοσεδὲχ
397 5243 493 5293 καὶ
522 5238 630 5293 τῶν
648 5240 860 5291 ιλοιπιῖιν
903 5239 1015 5292 τῶν
1046 5238 1601 5308 είδωλολατρούντων,

150 5330 240 5383 Τοῦ
269 5335 327 5398 ἐξ
352 5332 557 5402 ὀσφύος
588 5335 725 5403 πρὸς
760 5332 892 5384 Θεὸν
917 5331 1256 5402 Μελχισεδὲκ
1288 5333 1491 5400 δεήσει.

147 5420 265 5489 Εἶτα
291 5429 385 5480 καὶ
411 5428 581 5479 τόπον
610 5426 855 5479 πεδεινὸν
887 5423 1016 5478 ναδὸν
1046 5426 1141 5477 τοῦ
1177 5425 1549 5494 Σολομῶντος,

146 5517 268 5586 Μηδ⁸
306 5520 404 5570 ἐπὶ
432 5518 583 5571 λίθον
618 5520 923 5589 μείναντος,
957 5518 1031 5580 ὡς
1060 5517 1386 5585 ἐκελεύσθη,
1412 5516 1586 5570 λίθου.

147 5598 252 5675 Ἐφ’
274 5600 428 5679 ᾧπερ
460 5604 530 5677 ἦν
556 5609 623 5662 τὰ
659 5610 827 5677 Ἀγια
853 5609 1019 5671 διτως
1068 5608 1137 5661 τά
1169 5610 1279 5665 τῶν
1304 5608 1495 5675 ἁγίων.

146 5694 277 5765 Ναδς
304 5700 821 5773 περικαλλέστατος,
850 5704 924 5767 ὡς
956 5701 1185 5772 σύρανοῦ
1221 5702 1566 5773 λαμπρότης,

1180 244 1650 336 DESCRIPTIO
1688 243 1970 304 ΤΕΒΒίΕ
2009 244 2335 308 ΞΛΝΕΤΑΞ.

1722 364 1771 421 Α
1805 360 2200 424 Damnationis,
2236 372 2290 415 ct
2320 362 2462 416 Petri
2495 362 2732 432 negatio,
2758 371 2811 416 ct

3266 239 3371 304 906

1796 453 2077 515 Custodia,
2120 453 2345 508 Domino
2380 454 2467 507 ubi
2498 464 2865 509 oneraverunt
2893 467 3109 507 cructem
3149 468 3161 505 :

1797 544 1968 609 Quam
2006 544 2271 613 bajulavit
2303 559 2424 597 mox
2450 546 2745 613 Cyrenaaus
2768 545 2983 609 Simon,

1796 637 1876 688 Ad
1911 636 2235 707 Culgntham
2264 634 2562 705 profectus,
2594 648 2647 691 et
2681 638 2946 691 Calvaria:

1794 725 2028 781 Montem
2057 745 2071 793 ;
2098 729 2327 783 scelesta
2363 728 2588 782 llebra-a
2620 744 2752 796 gens
2788 730 2858 783 ibi
2884 728 3137 783 Iudicem

1798 816 1946 869 Fixit
1994 820 2141 873 cruci
2176 821 2468 882 inmutem,
2504 818 2746 872 latrones
2779 828 2832 873 et
2865 820 3016 873 duos.

1798 906 1938 960 Sunt
1974 922 2134 975 porro
2169 912 2233 960 ad
2280 912 2420 963 hanc
2456 924 2628 977 usque
2673 909 2839 973 diem,
2888 910 2941 961 in
2982 910 3372 979 augustissimo

1798 997 1963 1057 S...\'n,
2000 1014 2213 1053 crucem
2241 1001 2293 1052 in
2319 1016 2427 1068 quo
2458 1000 2691 1054 ﬁxerant
2722 998 3014 1063 foramine,

1798 1087 1961 1144 Vena:
1995 1091 2273 1153 rubentes,
2308 1106 2426 1157 quae
2457 1092 2701 1144 indicant
2731 1089 2967 1151 dilucide

1800 1180 2128 1233 Ell'usionem
2156 1181 2435 1246 sanguinis
2469 1181 2675 1234 Domini
2708 1179 2877 1235 sacri.

1798 1269 1891 1327 Est
1919 1284 2112 1339 ιιι-αξιοι·
2147 1272 2267 1332 hoc,
2306 1271 2511 1324 Christi
2538 1259 2843 1339 sepulcrum
2869 1285 3093 1325 cernere

1798 1362 1840 1414 E
1879 1364 2167 1415 marmoris
2198 1363 2351 1415 mtiili
2385 1361 3040 1429 columnis'splendidum,

1802 1455 1865 1506 Et
1897 1470 1993 1523 pro
2021 1454 2227 1507 foribus
2252 1457 2319 1506 ah
2359 1453 2549 1523 angelo
2582 1464 2761 1507 trusus
2782 1454 2943 1523 lapis,

1802 1544 1957 1599 Unde
1991 1547 2244 1598 omnibus
2279 1546 2383 1614 piis
2418 1555 2567 1614 patet
2599 1537 2960 1619 miraculum;

1800 1638 1950 1705 Quod
1985 1639 2161 1707 majus
2194 1648 2276 1692 est
2304 1637 2478 1706 palam
2510 1637 2819 1691 infidelibus
2855 1653 2919 1691 ac
2950 1638 3085 1705 piis;

1800 1729 1857 1783 ln
1884 1744 1992 1799 qua
2027 1732 2326 1783 resurrexit
2349 1731 2436 1785 die
2472 1729 2759 1795 Dominus,
2787 1730 2953 1784 micat

1797 1822 1930 1875 Cum
1962 1822 2213 1874 aceeusio
2249 1820 2676 1889 ingensluminis
2706 1820 3057 1887 sanctissimi,

1798 1910 2272 1965 Cummunicantis
2303 1912 2645 1985 sanctitatem
2679 1913 2823 1966 omni
2854 1916 3043 1982 probo.

1800 2001 1897 2057 Est
1928 2013 1982 2056 et
2013 2003 2183 2067 locus,
2217 2003 2378 2056 scala:
2418 2002 2471 2056 in
2505 2003 2750 2068 modum,
2780 2004 3029 2073 altusque
3056 2007 3370 2075 admodum,

1799 2090 1855 2145 lu
1883 2108 1991 2161 quo
2014 2093 2193 2148 abdita
2218 2092 2320 2148 fuit
2351 2108 2481 2148 crux
2511 2092 2663 2159 Jesu,
2696 2096 2863 2149 vitam
2895 2098 3123 2162 habens,

1799 2182 1863 2237 Et
1895 2199 2196 2253 personatus
2230 2184 2399 2252 locus,
2433 2197 2491 2240 ut
2524 2184 2727 2253 ferunt,
2757 2188 2991 2250 medium
3026 2190 3146 2244 soli.

1799 2276 1904 2330 Alii
1933 2288 2240 2344 autumant,
2278 2278 2424 2333 hunc
2456 2293 2579 2334 esse
2612 2268 2864 2349 supplicii
2897 2281 3074 2335 locum

1801 2367 1986 2423 Terra:
2016 2370 2357 2435 umbilicum,
2388 2371 2660 2426 tumuli‘in
2693 2373 2917 2443 ipsoque
2942 2374 3138 2437 medio,

1802 2461 2107 2531 Utrumque
2133 2464 2447 2519 continetur
2479 2464 2534 2518 i'u
2572 2465 2771 2534 populo
2808 2466 3050 2534 optimo;

1803 2553 1907 2607 Sed
1934 2555 2222 2608 continens
2249 2569 2376 2623 pars
2406 2558 2515 2610 vita
2547 2559 2813 2612 tumulum
2844 2574 2951 2628 quo
2979 2569 3146 2629 patet,

1805 2641 2111 2713 Datumque
2146 2645 2479 2715 longumque
2507 2664 2661 2717 teque
2693 2649 2746 2703 in
2774 2650 2927 2703 orbis
2962 2651 3268 2716 schemate,

1804 2733 1918 2789 Non
1952 2739 2158 2804 apicem
2202 2739 2434 2792 habente
2463 2739 2705 2795 clausum
2750 2750 2805 2795 ut
2842 2743 2894 2795 in
2934 2744 3285 2811 porticibus,-
3312 2756 3370 2800 at

1804 2824 2090 2895 JEqualem
2126 2829 2191 2881 ab
2216 2829 2325 2884 altu
2361 2830 2436 2885 rei
2464 2833 2990 2903 corollachnditar,

1806 2916 1873 2971 Et
1902 2917 2027 2973 inde
2062 2919 2203 2990 ligna
2226 2934 2409 2977 erecta
2435 2939 2556 2978 cum
2588 2919 3023 2995 plumbo'simul,

1727 3028 1769 3086 ε
1807 3008 2063 3065 Extrema
2094 3007 2365 3083 superius,
2400 3014 2545 3083 globi
2580 3015 2776 3082 instar,
2813 3025 2873 3071 ut
2904 3018 3168 3084 haereant,

1785 3102 2095 3158 -Structura
2132 3103 2255 3160 caeli
2292 3121 2389 3174 per
2422 3106 2604 3176 polum
2643 3116 2701 3162 ut
2724 3118 2976 3164 contecta
2999 3110 3095 3176 sit,

1810 3194 1882 3249 Ac
1912 3195 2229 3265 neutiquam
2257 3197 2498 3254 stillante
2524 3198 2707 3267 pluvia
2737 3201 2987 3270 perpluat
3015 3218 3032 3269 ;

1808 3287 1900 3342 Sic
1929 3300 2120 3344 cuncta
2146 3291 2329 3359 templi
2363 3292 2414 3344 in
2441 3292 2699 3347 ambitum
2728 3293 2985 3347 conclusa
3016 3305 3165 3349 sunt.

1807 3380 1864 3433 lu
1902 3380 2115 3436 Pronao
2147 3392 2326 3446 autem
2359 3384 2620 3437 memoria
2641 3391 2736 3438 est
2765 3384 2950 3439 fratris
2981 3383 3097 3439 Dei.

1809 3472 1944 3524 Sunt
1973 3484 2101 3527 ante
2136 3473 2360 3528 Marthae
2391 3486 2553 3543 atque
2582 3474 2769 3529 Maria}
2806 3477 3149 3531 domuncula:
3184 3494 3200 3531 :

1806 3565 2084 3634 Aidesque
2109 3568 2304 3621 secreti
2342 3568 2634 3637 impiorum
2664 3578 2793 3624 sunt
2825 3571 3009 3633 modo,

1806 3659 2154 3730 Antiquaque
2182 3662 2378 3715 domus
2415 3662 2851 3730 patriarcharum
2884 3664 3057 3733 pium.
3138 3649 3147 3673 ⁵

1808 3748 1932 3803 Fuit
1961 3752 2217 3805 domicilii
2246 3754 2365 3806 loco
2392 3752 2726 3808 inﬁdelibus.

1808 3843 1940 3897 Dein
1965 3854 2118 3911 parte
2152 3846 2203 3897 in
2236 3846 2406 3899 altera
2433 3846 2604 3900 beata:
2631 3844 2868 3917 Virginis

1810 3934 2048 3989 Ecclesia
2086 3946 2190 3999 est,
2216 3937 2310 3992 ubi
2347 3936 2592 3991 sauciata
2622 3940 2845 3993 viscera

1808 4023 1966 4086 Sunt.
1992 4027 2185 4081 Filium
2214 4029 2853 4100 auctoremquelugentis
2880 4032 3027 4087 cruci

1808 4118 2023 4174 Fixum.
2052 4121 2158 4176 Sed
2190 4137 2444 4177 occasum
2478 4126 2543 4177 ad
2572 4125 2747 4192 ipsum
2773 4133 2828 4179 et
2859 4126 3084 4193 mmnia,

1807 4210 2002 4268 Palatii
2034 4215 2202 4268 David
2234 4215 2478 4283 reliquiae
2510 4217 2593 4270 his
2624 4216 2899 4283 adjacent,

1812 4305 1892 4360 Ab
1933 4305 2223 4375 impiisxlue
2246 4308 2617 4375 possidentur,
2657 4317 2716 4361 ut
2742 4309 2871 4363 alia.

1812 4398 1892 4450 Ad
1926 4397 2062 4463 haec,
2096 4400 2164 4452 ab
2201 4399 2456 4454 orientali
2484 4400 2611 4454 item
2640 4411 2793 4469 parte
2824 4400 3033 4470 Oppidi,

1813 4492 2113 4547 Mirabilem
2140 4505 2379 4564 portam,
2411 4510 2527 4549 αςνο
2561 4497 2629 4550 ab
2666 4496 2930 4563 omnique
2962 4493 3241 4571 obditam,

1811 4588 2137 4655 lmpervium
2168 4589 2233 4641 ad
2262 4587 2440 4641 locum
2477 4590 2702 4657 integra:
2731 4586 2920 4640 Matris
2944 4585 3063 4649 Dei,

1810 4677 1984 4744 Quam
2008 4680 2138 4734 olim
2175 4682 2501 4750 quibusdam
2532 4682 2743 4750 aperire
2783 4670 3203 4744 conlidentibus,

1812 4771 2014 4828 Urbem
2039 4773 2222 4828 ferunt
2258 4784 2462 4827 motam
2492 4786 2655 4843 atque
2688 4784 3003 4841 quassatam
3041 4775 3209 4844 illico,

1810 4864 2215 4922 Perisse-simul
2249 4874 2303 4921 et
2334 4868 2570 4921 civitatis
2614 4867 2845 4929 incolas,

1816 4958 2026 5014 Stultos
2059 4959 2154 5014 Dei
2177 4975 2283 5029 ope
2314 4962 2380 5013 ab
2407 4960 2635 5015 audacia
2666 4962 2962 5016 coercitos.

1814 5050 1869 5105 Si
1905 5051 2122 5118 paulum
2164 5052 2231 5105 ab
2265 5051 2367 5106 hac
2403 5053 2697 5107 recesseris
2723 5055 2822 5106 sub
2859 5054 3155 5124 moenibus,

1811 5142 2014 5198 Cernes
2048 5144 2241 5199 domos
2274 5144 2628 5211 nefariorum,
2661 5147 2751 5214 qui
2783 5160 2968 5202 necem

1815 5236 2042 5292 Subiere
2081 5238 2311 5303 Josedw,
2346 5238 2756 5293 idololatrarum
2784 5255 3020 5309 quoque,

1812 5329 2076 5384 Precibus
2102 5344 2258 5383 sacra
2285 5327 2649 5385 Melchisedec
2672 5331 2842 5399 stirpe
2866 5331 3017 5383 editi.

1813 5418 2146 5489 Campestris
2182 5419 2306 5473 hinc
2332 5417 2643 5474 Salomonis
2670 5420 2801 5475 aedis
2823 5431 2903 5474 est
2934 5419 3105 5487 locus,

1815 5511 1891 5565 lbi
1925 5513 2065 5565 haud
2098 5514 2249 5566 stetit
2275 5527 2467 5565 saxum
2498 5526 2664 5580 super
2688 5527 2879 5566 saxum
2914 5526 2978 5565 ex
3006 5510 3103 5565 Dei

1817 5605 2002 5673 Dieto;
2029 5613 2114 5661 ast
2150 5606 2201 5660 in
2239 5606 2341 5661 hoc
2373 5604 2528 5659 fuere
2557 5614 2742 5660 sancta
2771 5604 3029 5667 numinis,

1817 5701 2195 5757 Pulcherrima
2216 5699 2270 5755 in
2298 5700 2523 5771 templo,
2543 5697 2658 5768 pari
2687 5698 2864 5768 jubari
2894 5696 3002 5768 poli
3038 5712 3053 5752 :
