3956 6324
583 409 736 462 lntus
769 407 967 462 decore
1004 405 1254 460 radiante
1281 411 1335 456 et
1370 409 1526 456 extra
1557 400 1844 475 splendido
1877 451 1881 459 .

578 501 870 568 Aptissima
905 507 1195 558 structura,
1228 509 1392 565 opere
1417 492 1693 559 Mosalco;
1781 512 1785 515 ‘

575 592 645 644 At
675 592 832 646 modo
861 590 1235 660 Agarenorum
1275 599 1403 640 casa
1437 594 1521 640 est
1550 583 1874 640 fcedissima.

576 685 755 738 Statio
785 682 942 752 prius
978 695 1101 734 cum
1130 688 1273 733 esset
1301 685 1636 733 sacratorum
1666 674 1888 744 pedum,

580 774 783 828 Pedum
811 773 1176 840 profanorum
1211 768 1578 839 pavimentum
1616 764 1775 820 modo
1802 773 1908 820 est.

579 865 966 920 Verttttttattwtt
1005 877 1111 922 non
1138 867 1323 914 cessat
1363 859 1602 914 ambitus
1633 859 1833 912 decens

580 1057 802 1120 llormn,
842 1066 902 1110 ut
930 1056 1097 1110 decus
1129 1056 1326 1109 mirum
1363 1060 1648 1126 exstruant
1675 1049 2010 1107 studentium
2036 1092 2048 1114 ,

582 1146 650 1200 Ut
682 1162 862 1199 aream
893 1155 1139 1200 sternant
1168 1143 1366 1212 lapillis
1394 1143 1686 1197 marmoris

571 1237 657 1290 “Ali
682 1237 972 1305 cpincibus
1014 1246 1066 1291 et
1098 1252 1128 1290 a
1157 1235 1348 1303 peritis
1381 1233 1620 1300 latomis,

577 1326 740 1380 Multa
779 1327 1154 1380 ministrorum
1184 1325 1480 1395 peritorum
1511 1338 1700 1387 manu,

574 1419 740 1482 Queis
775 1399 1114 1472 menstruum
1143 1426 1404 1472 statutum
1443 1424 1561 1471 erat
1587 1413 1914 1485 stipendium

576 1511 812 1578 IEquum
843 1524 1133 1564 numorum
1166 1519 1546 1577 argenteorum
1576 1518 1813 1575 quatuor
1845 1521 1859 1558 :

574 1600 799 1656 Videtur
831 1603 934 1657 hoc
968 1601 1104 1656 mira
1132 1602 1272 1655 inter
1305 1599 1461 1653 almae
1496 1596 1760 1667 Virginis.

577 1694 724 1747 l’ozze
749 1693 910 1761 hujus
935 1692 1069 1747 aedis
1095 1702 1180 1747 est
1213 1690 1360 1745 aliud
1396 1690 1526 1743 item
1558 1704 1819 1752 sacrum,.

571 1783 653 1836 Ad
682 1783 823 1852 quod
859 1781 1120 1838 Dominus
1153 1791 1212 1836 ut
1237 1781 1386 1838 venit
1414 1781 1637 1836 indutus
1663 1782 1959 1846 hominem,

578 1877 784 1932 Sedens
806 1877 1036 1931 docebat
1065 1876 1322 1945 populum
1354 1875 1419 1927 ad
1449 1887 1599 1946 aram
1634 1875 1954 1944 supplicem.

571 1967 648 2019 lbi
676 1978 872 2036 puteus
899 1967 1269 2040 miserationis
1301 1971 1385 2020 est
1415 1977 1589 2032 aquae.

574 2058 804 2113 Inferius
831 2060 917 2112 his
946 2059 1158 2114 illustre
1195 2059 1455 2130 templum
1487 2071 1571 2116 est
1596 2058 1828 2128 ltOSpitis

573 2153 663 2205 Dei
693 2170 706 2217 ;
739 2150 1312 2220 coruscans‘uudique
1339 2137 1369 2206 e
1395 2152 1613 2221 plumbo
1649 2160 1910 2220 estapex.

485 2243 492 2250 ’
572 2247 693 2300 llmc
721 2249 1031 2302 detinentur
1058 2247 1222 2302 etiam
1256 2248 1324 2300 ab
1352 2248 1534 2316 impiis
1570 2247 1709 2301 loca.

568 2340 714 2392 lutra
749 2340 1004 2408 Oppidum
1039 2337 1291 2392 miranda
1321 2313 1446 2392 sunt
1470 2339 1586 2392 hare
1611 2313 1849 2394 scilicel.

565 2431 728 2500 Alqtti
764 2444 986 2484 necesse
1035 2440 1118 2483 est
1154 2430 1430 2500 persequi,
1457 2445 1577 2499 qua:
1609 2439 1784 2497 extra,
1818 2441 2030 2499 quoque
2060 2446 2074 2484 :

570 2520 633 2572 Et
663 2521 726 2573 ab
761 2518 983 2574 Oriente
1015 2519 1214 2574 ducere
1244 2519 1457 2573 initium
1492 2527 1666 2574 ttecet.
1695 2587 1701 2594 _

569 2607 718 2660 Mons
754 2617 837 2661 cst
871 2606 1102 2676 pusillus
1120 2622 1279 2676 quem
1321 2607 1659 2676 abs,0|iveto
1684 2610 1940 2689 vocant,:

571 2697 702 2751 Non.
725 2710 868 2752 recta
900 2700 968 2753 ad
997 2712 1272 2767 auroram,
1299 2699 1393 2754 sed
1415 2700 1631 2769 oblique
1674 2703 1814 2756 situs
1847 2717 1863 2755 :

571 2789 846 2843 Dimensio
873 2790 1065 2858 exigua
1107 2799 1214 2852 est,
1246 2799 1527 2860 pett‘osum
1555 2806 1620 2846 ac
1652 2794 1857 2849 solum.

566 2879 660 2933 Est
693 2879 892 2948 quippe
922 2878 1259 2948 longitudine
1295 2879 1461 2936 duum
1502 2882 1751 2938 millium.

565 2970 702 3025 lluic
733 2970 1045 3024 rectilineus
1065 2979 1149 3024 est
1183 2986 1342 3040 apex,
1375 2987 1474 3027 nec
1499 2963 1692 3028 acutus
1716 2983 1822 3030 est.

567 3064 620 3116 ln
650 3075 800 3133 parle
826 3065 978 3133 cujus
1009 3065 1075 3119 ad
1105 3061 1517 3134 aquilonemjest
1543 3065 1790 3130 Galilaea,

570 3156 681 3220 Qua
722 3159 1350 3213 transeuntes-viderunt
1380 3157 1660 3213 Christum
1688 3160 1783 3229 pii.

566 3251 643 3301 Ae
673 3250 906 3302 dirutum
940 3249 1194 3319 templum
1221 3258 1303 3305 est
1333 3251 1401 3304 ab
1429 3251 1672 3305 extentis
1697 3251 1848 3316 viris,

567 3336 671 3389 Sed
708 3336 928 3391 arbores
955 3346 1008 3392 et
1046 3339 1296 3407 palmites
1322 3339 1535 3394 fructus
1564 3339 1786 3406 lerunt;

566 3429 646 3481 Ad
677 3428 919 3482 intimam
946 3429 1286 3502 mediamque
1313 3431 1637 3500 particulam
1665 3432 1802 3503 jugi,

566 3518 898 3574 Foecundutn
933 3520 1191 3575 olivetum
1222 3536 1386 3592 supra
1416 3533 1624 3578 natura:
1657 3539 1831 3592 opus;

570 3611 770 3665 Saxum
798 3621 874 3674 et,
907 3611 1090 3666 docuit
1120 3615 1170 3664 in
1201 3628 1308 3681 quo
1337 3614 1532 3668 sedens
1562 3625 1769 3683 mystas
1794 3631 1927 3672 suos

564 3704 845 3768 Christus;
879 3703 1124 3773 silexque
1144 3703 1282 3757 alter
1303 3718 1494 3772 prope,
1524 3705 1667 3758 unde
1695 3717 2011 3778 assumptus
2035 3723 2147 3764 εει.

565 3795 641 3849 lbi
668 3803 872 3848 structa
901 3808 1054 3848 sacra
1077 3795 1240 3859 :edes,
1267 3801 1480 3849 retenta
1528 3795 1781 3851 barbaris
1805 3813 1821 3862 ;

565 3887 825 3940 Decorata
853 3886 1123 3954 prmclaris
1157 3885 1425 3939 columnis
1451 3894 1506 3941 et
1534 3888 1711 3957 stylis.

563 3979 643 4031 Ad
680 3980 922 4047 hancque
954 3976 1239 4048 Synagoga
1268 3985 1347 4032 est
1375 3990 1591 4043 coacta,
1611 3981 1735 4052 (pro
1764 3980 1923 4040 dﬂor
1953 3983 1996 4055 ι)

566 4067 649 4120 Ab
688 4082 810 4121 area
843 4067 953 4134 illa,
991 4067 1094 4122 sub
1128 4068 1217 4122 dio
1250 4070 1621 4139 statporticus

565 4156 728 4212 Tecta
754 4172 939 4228 prope,
975 4157 1064 4212 ubi
1097 4168 1179 4213 est
1211 4169 1413 4216 sancta:
1438 4161 1990 4237 feretrumPelagiz.

562 4249 688 4305 llaec
719 4252 887 4319 virgo,
919 4251 986 4305 ad
1020 4265 1234 4306 omnem
1264 4254 1354 4321 qui
1389 4253 1612 4310 advenit
1637 4257 1897 4314 miracula

564 4342 753 4410 Magna
788 4343 900 4397 edit
933 4360 946 4395 :
981 4343 1366 4400 etenimestans
1395 4346 1464 4401 ad
1497 4359 1683 4414 aequor
1710 4350 1974 4408 mtenium

560 4431 754 4486 Erecta
779 4445 873 4501 per
899 4447 1189 4496 marmora,
1223 4435 1413 4502 procul
1441 4436 1631 4492 dissita
1661 4440 1799 4507 solo,

563 4522 807 4592 Spatium
835 4533 915 4577 est
943 4525 1318 4593 perexiguum,
1353 4542 1506 4583 mare
1533 4530 1673 4584 inter
1707 4534 2013 4605 omniaque
2043 4554 2057 4590 :

560 4615 655 4669 Est
684 4630 812 4682 ergo
851 4629 965 4669 mos
995 4631 1059 4670 eo
1089 4617 1190 4670 loci
1220 4622 1604 4688 expetentibus
1703 4683 1709 4689 _

561 4694 838 4770 Transire,
873 4721 1065 4774 purum
1103 4708 1392 4763 criminum
1423 4711 1662 4765 omnium
1685 4713 1848 4769 edere

562 4794 867 4858 Narratum,
902 4809 958 4848 at
992 4799 1063 4861 id,
1100 4798 1143 4851 sl
1177 4799 1385 4854 abdens
1414 4816 1513 4856 sua
1535 4813 1739 4868 errata,
1767 4805 1960 4873 faciat,

562 4884 631 4938 Se
661 4900 790 4938 saxa
833 4886 1084 4952 copulant
1115 4891 1416 4958 propinqua
1445 4893 1740 4956 mamilius,

557 4975 961 5030 Com‘essionem
996 4979 1167 5032 donec
1200 4982 1457 5036 extulerit
1486 4984 1652 5052 piam.

567 5067 717 5121 Unde
750 5080 832 5121 est
863 5083 1055 5123 vocata
1082 5071 1323 5125 sanc'tior
1340 5074 1632 5130 confessio.

558 5156 722 5209 Paulo
754 5158 980 5212 ulterius
1009 5170 1094 5214 est
1134 5159 1464 5233 Betltpltage,
1498 5175 1659 5220 notus
1689 5168 1879 5236 locus;

555 5248 597 5298 Α
620 5260 726 5313 quo
762 5249 1015 5304 recedens
1043 5266 1215 5319 usque
1246 5253 1311 5305 ad
1340 5255 1574 5308 amotam
1609 5258 1846 5328 plagam,

555 5335 871 5389 Bethaniam
902 5349 987 5392 est
1017 5341 1224 5404 videre,
1256 5345 1484 5410 patriam
1521 5345 1734 5414 Lazari,

555 5425 620 5478 Et
642 5442 814 5493 mare,
847 5430 989 5496 quod
1023 5431 1398 5487 obruitsolum
1429 5433 1841 5505 Sodomiticum,

561 5517 874 5590 llndamque
911 5538 1172 5591 amaram,
1209 5526 1734 5599 inlructuosamque,
1770 5542 1822 5586 et
1852 5534 1967 5602 pice

561 5609 933 5679 Spumantem,
962 5617 1029 5671 ab
1061 5617 1170 5671 alto
1201 5634 1319 5672 mox
1358 5634 1513 5673 sacer
1541 5618 1741 5676 Jordan
1773 5625 1907 5678 lluit.

562 5701 657 5758 Est
684 5705 835 5762 collis
861 5720 892 5762 e
912 5709 1130 5777 regione
1159 5711 1226 5767 ad
1251 5711 1422 5765 austri
1459 5703 1709 5781 ﬂamina;

1853 231 2203 345 mimicas
2235 235 2574 344 EPHESII.
3201 330 3208 335 .
3740 273 3822 336 ιιι

2187 404 2235 457 Α
2275 391 2462 456 Ἐντὸς
2495 390 2892 464 ὡραῖζόμενος,
2927 390 3088 456 ἐκτὸς
3109 387 3639 462 λελαμπρυσμένος,⁴
3710 417 3715 422 -

2278 482 2368 538 Ἐν
2393 484 2717 554 ἀναγκαίοις
2751 483 3038 552 κτίσμασι,
3068 482 3269 554 ψηφίσι
3301 468 3763 552 καῖ-μαρμάροις.

2262 560 2463 630 Τάνῢν
2488 575 2547 628 δὲ
2585 575 2693 628 τῶν
2723 574 3062 645 Σαρακηνῶν
3093 574 3388 643 συναγωγὴ
3424 570 3735 643 τυγχάνων,

2263 667 2441 730 Ὅπου
2480 666 2543 720 τὸ
2576 666 2726 737 πρὶν
2767 665 3016 736 διαγωγὴ
3066 664 3245 729 ποδῶν
3277 664 3387 716 τῶν
3422 663 3817 734 παναχράντων,

2264 760 2425 828 ’Ἄρτι
2460 757 2643 812 ποδῶν
2689 757 2802 810 τῶν
2851 755 3150 827 βδελυρῶν,
3204 753 3384 808 ποδῶν
3418 751 3813 825 μεμιασμένων.

2261 848 2411 922 Πλὴν
2449 850 2546 903 καὶ
2587 849 2718 919 πρὸς
2758 847 2969 902 τούτων
3019 847 3305 900 ἄπαυστον
3353 843 3703 915 εὐπρέπειαν
3742 843 3812 894 ad.

3455 938 3466 945 ’
3506 936 3758 1008 [ρίσκων,

2261 1033 2355 1094 Είς
2376 1030 2577 1094 κάλλος
2599 1029 2756 1100 ἀγειν
2777 1029 3091 1101 θαυμαστὸν
3115 1029 3299 1082 πᾶσαν
3324 1025 3563 1097 σπουδὴν
3584 1027 3813 1096 ἑχόντων,

2271 1124 2360 1186 Ὦς
2393 1123 2538 1178 ἆπαν
2571 1122 2633 1176 τὸ
2660 1122 2957 1193 περίαυλον
2987 1120 3321 1190 στρωννύειν
3356 1121 3416 1172 ὲν
3458 1119 3762 1189 μαρμάροις

2216 1249 2222 1254 -
2259 1215 2337 1266 Δι’
2377 1213 2671 1283 ὑπουργῶν
2695 1216 2789 1267 καὶ
2821 1212 3098 1277 λαξευτῶν
3124 1210 3335 1265 πολλῶν
3357 1211 3755 1279 ἐπιστημόνων,

2271 1306 2536 1377 Ἐχὸντων
2559 1305 2640 1370 είς
2669 1306 2969 1377 ἀπόταγμα
3006 1305 3131 1359 καθ’
3159 1305 3394 1358 ἕκαστον
3420 1304 3514 1356 τὸν
3554 1303 3698 1372 μῆνα

2270 1377 2631 1463 ’έκατοστίας
2678 1399 2949 1469 τέτταρας
2976 1399 3222 1470 ἀργύρου
3250 1399 3629 1469 νομισμάτων,

2259 1489 2381 1543 Τῶν
2403 1491 2460 1544 δὲ
2486 1490 3095 1562 θαυμάτων-φαίνεσθαι
3118 1491 3215 1544 καὶ
3235 1490 3394 1543 τοῦτο
3407 1491 3507 1559 τῆς
3533 1485 3812 1554 Ιιανάγνου,

2264 1581 2533 1641 Ὂπισθεν
2563 1582 2722 1636 τοῦδε
2752 1583 2846 1637 τοῦ
2878 1582 3010 1638 ναοῦ
3042 1583 3136 1636 καὶ
3161 1582 3306 1651 ἱερὸν
3333 1581 3626 1650 τυγχάνει,

2273 1678 2390 1746 Ἐφ’
2413 1670 2459 1744 ᾧ
2491 1677 2943 1747 παραγενόμενος
2976 1674 3368 1746 βροτοπρεπῶς
3403 1671 3685 1741 Δεσπότης

2185 1741 2228 1795 Β
2258 1741 2589 1838 Καθήμενος
2613 1741 2864 1821 ἐδίδασκε
2894 1741 3026 1830 τούξ
3050 1741 3386 1836 ἐρχομένους
3413 1759 3630 1830 ὄχλους.

2269 1859 2358 1911 Ἐν
2385 1856 2466 1922 οἷς
2496 1859 2590 1912 καὶ⁵
2614 1860 2793 1930 φρέαρ
2826 1856 3021 1920 ὕδατος
3044 1857 3140 1910 τοῦ
3174 1852 3410 1924 ὲλεγμοῢ
3446 1851 3702 1919 πεφύκει.

2259 1950 2522 2005 Κάτωθεν
2551 1953 2762 2004 τούτων
2797 1947 3166 2020 πανλαμπρδς
3194 1947 3321 2008 ναὸς
3352 1944 3447 1999 τοῦ
3478 1943 3726 2014 θεοδόχου

2257 2041 2534 2096 Πάντοθεν
2573 2043 3058 2114 λαμπρυνάμενος,
3100 2041 3215 2114 ,κάκ
3259 2036 3578 2112 μολιϐδίνης
3613 2038 3811 2116 στέγης,

2256 2133 2371 2188 Καὶ
2400 2129 2557 2200 οὗτος
2588 2136 2958 2206 κατεχόμενος
2995 2133 3128 2205 παρ’
3156 2131 3395 2196 ἀσεϐῶν,
3424 2129 3498 2193 ὡς
3532 2130 3724 2183 πάντα.

2253 2224 2364 2276 Kal
2393 2225 2570 2278 ταῦτα
2600 2226 2698 2295 μὲν
2721 2226 2790 2279 τὰ
2833 2225 3128 2296 θαυμαστά
3151 2225 3253 2296 τῆς
3299 2224 3511 2285 πόλεως
3538 2221 3608 2276 τὰ
3659 2218 3809 2273 ἔνδον.

2263 2313 2421 2368 Ἐπεὶ
2443 2315 2498 2367 δὲ
2526 2316 2619 2368 καὶ
2643 2317 2712 2368 τὰ
2738 2312 2939 2380 ἔξωθεν
2974 2315 3191 2385 ἀνάγκη
3211 2310 3548 2384 διηγεῖσθαι,

2268 2405 2363 2460 Ἐκ
2392 2407 2490 2478 τῆς
2520 2389 2662 2479 ἑῴας
2710 2407 2932 2478 ἐναρξιν
2964 2404 3295 2477 ποιήσασθαι
3320 2405 3619 2476 προσῆκον.

2257 2500 2422 2570 Ὄρος
2448 2501 2650 2571 μικρὸν
2680 2498 2996 2569 ἀνεστηκὼς
3021 2500 3141 2552 ἐστι
3166 2497 3261 2550 τοῦ
3291 2495 3576 2560 ὲλαιῶνος,
3685 2555 3688 2558 ,

2265 2588 2592 2660 Ἐγκάρσιον
2617 2589 2717 2642 οὐκ
2757 2588 2940 2659 ὄρθιον
2966 2588 3222 2658 κείμενον
3249 2587 3387 2660 πρὸς
3418 2588 3518 2655 τὴν
3543 2585 3637 2651 ἔω,

2234 2737 2237 2739 _
2263 2681 2480 2748 Ὀλίγον
2516 2680 2616 2751 τὴν
2638 2680 2956 2750 διάμετρον,
2993 2679 3197 2748 γεῶδες
3226 2681 3324 2732 καὶ
3353 2677 3654 2748 πετρῶδες,

2256 2771 2331 2826 Τὸ
2375 2775 2551 2843 μῆκος
2584 2772 2645 2824 ού
2686 2771 3048 2843 μακρότερον,
3075 2770 3214 2824 ἀλλὰ
3243 2770 3441 2840 μιλίων
3478 2769 3592 2834 δύο,

2250 2863 2662 2935 Εὐθύγραμμον
2701 2863 2804 2932 τὴν
2837 2862 3085 2934 κορυφὴν
3139 2861 3286 2932 ἔχον,
3319 2853 3436 2915 ἀλλ’
3491 2863 3591 2916 οὐκ
3619 2860 3803 2924 ὀξεῖαν.

2250 2951 2436 3026 Οὖπερ
2474 2957 2532 3008 ἐν
2568 2956 2726 3024 μέρει
2763 2956 2900 3024 πρὸς
2925 2954 3128 3024 βορρᾶν
3154 2955 3302 3006 ἐστιν
3332 2954 3365 3023 ή
3394 2953 3678 3017 Γαλιλαία,

2168 3079 2216 3142 C
2262 3048 2350 3101 Ἐν
2457 3047 2758 3118 δραμόντες
2792 3046 3027 3128 ἔϐλεψαν
3060 3047 3112 3099 οἱ
3149 3046 3395 3116 μαθηταὶ
3429 3046 3525 3101 τὸν
3557 3047 3803 3118 Κτίστην.

2262 3140 2320 3193 '0
2343 3140 2400 3193 δὲ
2433 3137 2560 3203 ναὸς
2594 3138 2961 3210 καταδληθεὶς
2996 3140 3102 3192 ὑπὸ
3126 3139 3235 3193 τῶν
3267 3139 3604 3207 ἀλλοφύλων,

2248 3232 2330 3284 Τὰ
2360 3230 2554 3300 δένδρα
2583 3215 2766 3284 δὲκαὶ
2794 3234 3052 3301 κλήματα
3080 3230 3154 3292 ὡς
3187 3229 3506 3298 θαυμαστὸν
3530 3228 3804 3301 καρπεύει,

2248 3323 2395 3394 Πρὸς
2423 3324 2479 3375 δέ
2512 3340 2576 3391 γε
2607 3323 2667 3376 τὸ
2697 3323 3026 3392 μεσαίτατον
3083 3323 3248 3392 μέρος
3277 3319 3373 3374 τοῦ
3411 3323 3573 3394 ὅρους
3602 3323 3801 3387 τούτου,

2261 3416 2321 3470 ’0
2348 3414 2545 3468 ἐλαιὼν
2579 3415 2936 3484 κατάκαρπος
2976 3413 3120 3485 ὑπὲρ
3143 3413 3241 3483 τὴν
3273 3413 3436 3481 φύσιν
3472 3415 3638 3478 ὄντως
3658 3430 3674 3446 ⁶

2246 3509 2356 3560 Kal
2411 3506 2559 3569 λίθος
2610 3498 2765 3575 ᾧπερ
2797 3505 3090 3569 καθεσθεὶς
3123 3505 3370 3559 ἐδίδασκε
3416 3508 3542 3570 τοὺς
3584 3507 3799 3576 μύστας,

2246 3600 2358 3652 Καὶ
2387 3598 2579 3651 τούτου
2608 3597 2838 3668 θάτερος
2865 3599 3058 3666 ἐγγὺς,
3098 3597 3194 3667 ἀφ’
3218 3593 3393 3668 οὗπερ
3428 3599 3735 3670 ἀνελήφθη·

2247 3691 2426 3751 Ἔνθα
2452 3691 2576 3754 ναὸς
2606 3690 2906 3761 ἀφίδρυται
2940 3690 3315 3762 κρατούμενος
3341 3692 3436 3745 ὑπ’
3460 3693 3666 3754 ἔθνους.

2243 3784 2340 3835 Δια
2366 3784 2635 3853 λαμπρῶν
2664 3783 2961 3852 ὡραῖσθεὶς
2988 3785 3300 3853 κτισμάτων
3341 3784 3433 3837 καὶ
3456 3769 3669 3850 κιόνων,

2242 3877 2352 3927 Kal
2371 3875 2506 3944 πρὸς
2523 3874 2688 3927 αὑτὸν
2708 3875 3004 3946 συναγωγὴ
3021 3877 3327 3945 τυγχάνων.
3345 3876 3448 3928 Φεῦ
3461 3877 3557 3930 τοῦ
3575 3876 3797 3936 πάθουςὶ

2165 3967 2168 3970 ’
2241 3970 2315 4022 Τὸ
2346 3967 2392 4020 δ’
2421 3966 2520 4036 aut
2571 3967 2784 4021 ἐκείνου
2819 3967 3088 4040 ὕπαιθρος
3131 3971 3226 4022 καὶ
3264 3969 3502 4041 ἀδροχος
3537 3972 3794 4040 τηρεῖται.

2245 4059 2721 4129 Ἔγγιστατούτου
2752 4062 2845 4114 καὶ
2875 4061 3034 4130 σορὸς
3063 4061 3217 4125 ὁσίας
3236 4061 3531 4131 Πελαγίας,

2240 4154 2387 4222 Πρὸς
2421 4155 2604 4207 πάντα
2646 4157 3094 4226 προσερχόμενον
3137 4155 3326 4228 θαῦμα
3368 4157 3597 4213 ποιοῦσα
3643 4160 3798 4229 μέγα,

2238 4244 2352 4297 Kal
2385 4247 2496 4317 γὰρ
2525 4246 2653 4315 περὶ
2693 4250 2753 4298 τὸ
2782 4247 3014 4315 πλάγιον
3052 4247 3149 4301 τοῦ
3172 4251 3386 4320 τείχους
3416 4251 3700 4322 ίησταμένη,

2238 4336 2339 4388 Διά
2376 4337 2687 4409 μαρμάρων
2709 4338 2787 4402 ὠς
2817 4339 2990 4392 πολλά
3013 4339 3119 4409 τῆς
3153 4343 3258 4412 γῆς
3290 4343 3627 4413 ἀνεστηκυῖα

2161 4424 2212 4482 ι)
2253 4428 2465 4496 Ὀλίγον
2501 4429 2564 4482 τὸ
2589 4428 2859 4500 διάχωρον
2886 4431 2991 4484 ὑπὸ
3023 4432 3119 4485 τοῦ
3148 4433 3363 4503 τείχους
3391 4435 3528 4506 ἔχει.

2238 4519 2405 4582 Ἔθος
2435 4520 2568 4588 γοῦν
2603 4523 2755 4574 ἐστιν
2788 4525 2846 4575 ὲν
2879 4522 3030 4594 αὺτῷ
3068 4526 3201 4588 τοὺς
3230 4520 3460 4600 διελθεῖν
3497 4531 3791 4602 ὁρμῶντας,

2239 4615 2469 4683 Πρῶτον
2503 4615 2780 4669 ποιεῖσθαι
2812 4617 3064 4689 καθαρὰν
3095 4619 3316 4672 πάντων
3345 4621 3650 4692 ὲξαγορίαν.

2233 4706 2298 4758 Ei
2334 4705 2391 4757 δέ
2427 4721 2491 4773 γε
2514 4707 2652 4777 παρ’
2680 4708 3001 4780 ὑποκρυὸὴν
3033 4709 3142 4764 τῶν
3190 4711 3565 4783 ὲπταισμένων
3591 4714 3789 4784 δράσει,

2235 4798 2528 4866 Συνέχουσι
2571 4800 2639 4852 τὰ
2675 4801 2948 4875 μάρμαρα
2976 4801 3052 4871 τῷ
3073 4802 3237 4872 τοίχῳ
3265 4807 3586 4873 γειτνιῶντα

2239 4891 2335 4952 Ἐς
2367 4889 2505 4956 τ’,ἂν
2532 4890 2923 4962 ἐξομολόγησιν
2959 4894 3225 4966 εἰλικρινῆ
3261 4887 3482 4967 ποιησει.

2234 4983 2404 5034 Ὅθεν
2427 4982 2817 5052 ἐξομολόγησις
2848 4986 2979 5051 ἁγία
3003 4987 3324 5059 ὠνομάσθη,

2233 5072 2440 5125 Τούτου
2473 5074 2672 5143 μικρὸν
2701 5072 2757 5126 δὲ
2797 5065 3069 5146 παρεκτδς
3097 5081 3193 5132 καὶ
3228 5079 3516 5150 Βεθφαγῆς
3550 5083 3578 5133 ὁ
3611 5084 3780 5148 τόπος,

2247 5163 2365 5232 Ἀφ’
2392 5159 2563 5233 οὗπερ
2587 5167 2616 5217 6
2656 5166 2968 5235 ίστάμενος,
2996 5169 3072 5233 ὡς
3095 5169 3156 5234 ἐξ
3183 5168 3431 5224 ἀπόπτου
3458 5173 3622 5226 τόπου

2231 5248 2274 5303 Τ
2279 5255 2343 5323 ὴν
2379 5249 2650 5334 Βηθανίαν
2680 5256 2919 5327 καθορᾷν
2954 5259 3190 5328 πατρίδα
3219 5259 3314 5312 τοῦ
3344 5261 3621 5330 Λαζάρου,

2229 5347 2343 5399 Kal
2362 5347 2461 5413 τὴν
2491 5347 2970 5402 καταποντίσασαν
3005 5350 3286 5420 θάλασσαν
3317 5354 3422 5424 γῆν
3448 5355 3720 5427 Σοδόμων,

2234 5440 2419 5507 ’Υδωρ
2449 5440 2648 5509 μικρὸν
2678 5443 2775 5494 καὶ
2807 5445 3079 5513 ἄκαρπον,
3103 5446 3198 5497 καὶ
3232 5445 3438 5502 πίσσαν
3467 5451 3777 5522 ὲπαφρίζρν.

2234 5531 2476 5581 Ἀνωθεν
2504 5530 2560 5582 δὲ
2592 5533 2920 5602 κατέρχεται
2952 5537 2980 5584 ὁ
3008 5535 3148 5599 Θεῖος
3187 5538 3482 5611 Ἰορδάνης.

2214 5609 2435 5674 ’Τούτου
2464 5623 2560 5675 τοῦ
2591 5623 2753 5693 ὄρους
2780 5627 3012 5697 ἀντικρὺ
3035 5629 3172 5700 πρὸς
3195 5631 3372 5688 νότιον
3396 5609 3458 5687 τὸ
3485 5634 3670 5706 μέρος.

2235 5718 2342 5772 Kal
2363 5721 2398 5787 ἡ
2433 5718 2534 5788 τὴν
2561 5719 2684 5775 ὄνον
2710 5719 2886 5786 ἄξασα
2915 5723 3010 5778 καὶ
3037 5724 3214 5780 πῶλον
3242 5728 3451 5800 σμικρὰ
3483 5728 3666 5799 κώμη.
