3956 6324
173 348 256 414 959
1413 342 1514 402 ns
1546 339 1763 403 LOCIS
1795 322 2130 404 SANCT'IS.

1737 466 1782 522 Α
1815 456 1980 513 Vicus
2015 457 2269 527 pusillus,
2298 457 2439 513 unde
2469 457 2634 512 asella
2659 468 2712 512 ct
2739 457 2916 526 pullus
2934 464 3017 513 est

175 462 323 534 Βραχὺ
352 460 409 515 δὲ
432 459 638 530 ταύτης
672 458 873 526 ἔξωθεν
904 459 937 529 ἡ
970 459 1147 528 λαύρα
1179 458 1325 511 θείου
1354 458 1524 512 Σάϐα.

174 553 284 622 Περὶ
306 551 360 604 δὲ
383 552 482 621 τὴν
513 551 795 620 ὑπώρειαν
829 549 1178 618 Γετθσιμανῆ
1197 547 1420 618 χωρίον,

181 643 276 713 Ἐφ’
307 636 452 714 ᾧπέρ
491 644 609 694 ἐστι
639 642 732 694 καὶ
765 640 897 703 ναὸς
945 640 1042 692 καὶ
1074 639 1358 709 σπήλαιον,
1396 639 1492 690 καὶ
1515 640 1682 706 τάφος

169 734 259 803 Τῆς
283 734 620 804 μεταστάσης
644 732 858 796 ἀληθῶς
890 731 1166 802 Παρθένου
1196 731 1478 797 Θεοτόκου,

172 825 257 879 Σὺν
281 824 454 888 ἄλλοις
480 824 845 893 κατεχόμενο;
883 822 1015 893 παρ’
1050 821 1288 883 ἀσεϐῶν,
1321 813 1365 873 ὦ
1387 820 1532 888 δίκη,

170 916 482 984 Λυχνοκαῖδα
510 915 768 968 πάντοτε·
789 913 885 968 καὶ
920 912 1204 982 φωταψίαν
1233 911 1392 980 ἔχων,

170 1008 262 1060 Kal
287 1009 464 1060 πᾶσαν
504 1006 674 1076 ἀλλην
695 1005 826 1075 παρ’
861 1004 1026 1058 αὑτοῦ
1053 1003 1388 1073 εὐπρέπειαν
1415 1000 1711 1071 εὑρίσκων,

170 1099 262 1151 Kal
287 1097 460 1151 ἔλαιον
489 1099 708 1166 ἐτήσιον
740 1097 882 1166 ὑπὲρ
909 1095 1252 1164 λυχνοκατας.

171 1185 497 1241 Σουλτανικδν
521 1185 826 1254 ἀπόταγμα
852 1183 1042 1254 λίτρας
1071 1183 1368 1245 διακοσίας.

170 1277 266 1330 Kal
289 1277 457 1347 τούτῳ
486 1277 922 1347 θαυματοποιείν
954 1276 1114 1342 δόξαν
1139 1277 1204 1346 τῇ
1232 1275 1604 1344 παντανόωσῃ,

171 1368 351 1422 Τούτου
387 1368 432 1420 δ’
461 1370 632 1436 ἐγγὺς
663 1367 761 1421 καὶ
792 1367 1060 1438 σπήλαιον
1102 1369 1180 1429 είς
1212 1366 1242 1418 δ
1269 1366 1643 1428 κατονειδίσας

168 1461 290 1524 τοὺς
326 1461 576 1531 μαθητὰς
618 1459 1002 1519 ύπνώττοντας
1042 1458 1222 1528 καιρῷ
1250 1457 1352 1526 τῆς
1395 1455 1711 1527 προδοσίας,

176 1553 227 1605 Ὀ
253 1555 630 1624 παντεπόπτης
657 1552 766 1605 τῶν
786 1549 954 1605 αὑτοῦ
980 1549 1265 1602 δακτύλων
1286 1548 1491 1612 τύπους
1510 1548 1713 1604 λείπει.

167 1641 243 1712 Τῷ
266 1643 393 1713 λίθῳ
410 1642 910 1711 προσεγγίσαντας,
937 1639 1014 1702 ὡς
1041 1640 1182 1692 πᾶσι
1215 1637 1540 1708 καθορῶντα

177 1732 277 1800 Ἀφ’
309 1727 490 1785 οὖνκαὶ
524 1732 844 1802 παρεδίδοτο
883 1729 1107 1800 ζητοῦσι
1150 1731 1264 1792 τοῖς
1293 1729 1536 1798 ἀνόμοις.

165 1826 260 1878 Kal
284 1825 445 1887 τόπος
474 1825 573 1894 τῆς
603 1822 917 1894 προσευχῆς
948 1809 1140 1876 τούτου
1165 1822 1266 1892 τῆς
1297 1823 1606 1891 Παναγίας·

166 1914 391 1984 Πέραθεν
413 1914 622 1968 τούτων
652 1915 881 1984 ἀντικρὺ
905 1913 1005 1978 τῆς
1037 1913 1326 1976 Γαλιλαίας
1349 1913 1491 1967 ὲστί.

174 2003 270 2057 Kal
293 2005 455 2069 τόπος
486 2005 620 2061 ἔνθα
643 2005 917 2074 Στέφανος
941 2007 969 2058 ὁ
1002 2005 1220 2075 πρῶτος
1263 2005 1369 2058 τῶν
1400 2003 1714 2075 μαρτύρων,

168 2093 362 2164 Μικρὸν
393 2095 547 2158 ἐκτὸς
570 2095 672 2165 τῆς
697 2095 905 2159 πόλεως
931 2095 1275 2157 λιθόλευστος
1299 2093 1536 2162 γεγόνει,

165 2185 262 2238 Καὶ
290 2186 452 2250 τόπος
485 2189 514 2239 ὁ
541 2186 838 2258 δεξάμενος
866 2186 1207 2256 τὸνάδελφὸν
1237 2187 1466 2256 Κυρίου.

162 2277 302 2332 Μετὰ
330 2279 386 2332 δὲ
414 2277 589 2332 ταῦτα
617 2278 852 2348 πάρεστι
888 2277 1078 2341 κοιλὰς
1116 2280 1148 2348 ή
1194 2277 1289 2330 τοῦ
1334 2275 1712 2348 κλαυθμῶνος,

172 2368 225 2424 Ἦ
257 2370 536 2438 διαιροῦσα
557 2370 658 2440 τήν
687 2368 830 2421 Σιὼν
861 2363 971 2422 ἀπὸ
999 2367 1092 2421 τοῦ
1123 2366 1432 2432 Ἐλαιῶνος,

172 2457 306 2535 Ἐνῇ
336 2462 570 2533 δραμεῖν
599 2461 696 2514 τὸν
725 2460 952 2529 πύρινον
985 2460 1072 2512 τὸν
1109 2447 1389 2529 ποταμὸν,
1410 2457 1486 2521 ὡς
1527 2455 1710 2524 λόγος.

163 2555 260 2608 Καὶ
291 2555 422 2608 δέκα
454 2553 856 2631 φροντιστήρια
887 2549 1182 2622 παρθένων
1223 2548 1554 2619 ίσαρίθμων.

162 2647 408 2701 Κάτωθεν
438 2646 494 2699 δὲ
523 2647 616 2699 καὶ
647 2644 870 2713 Σιλωὰμ
906 2641 1161 2712 τυγχάνει
1195 2640 1572 2710 κολυμϐήθρα,

172 2738 252 2804 Ἐξ
284 2735 352 2810 ἧς
379 2738 580 2807 τυφλὸς
612 2736 916 2809 νιψάμενος
937 2733 1235 2803 ἀνέϐλεψεν
1259 2732 1480 2797 αὐτίκα,

161 2831 226 2884 Τὸ
251 2832 390 2900 ὕδωρ
421 2828 804 2901 ἐξικνούμενον
832 2826 892 2893 ἒξ
919 2826 1186 2896 ύίπογαίου
1207 2825 1436 2895 πέτρας,

163 2917 538 2989 Τετορημένης
567 2919 648 2982 είς
672 2916 792 2980 ἑνὸς
819 2917 1097 2986 διάστημα
1135 2913 1338 2984 μιλίου,

164 3011 262 3062 Kal
295 3009 652 3081 καταρδεύων
683 3008 773 3060 τὸν
803 3009 972 3076 ἐγγὺς
999 3006 1166 3060 τόπον
1195 3006 1290 3060 καὶ
1333 3003 1717 3069 καλλωπίζων,

171 3094 254 3148 Ἐν
284 3095 568 3167 διαφόροις
597 3095 872 3164 δένδρεσιν
896 3094 1196 3165 εὐκαρποις
1217 3094 1311 3147 καὶ
1341 3093 1620 3164 λαχάνοις.

165 3183 390 3237 ’Δνωθεν
416 3185 478 3237 δέ
501 3201 566 3254 γε
605 3183 850 3255 μεταϐὰς
875 3184 1014 3254 πρὸς
1055 3183 1249 3236 Νότιον
1289 3183 1346 3234 τὸ
1385 3182 1570 3251 μέρος,

165 3273 263 3326 Τοῦ
289 3276 584 3345 κεραμέως
617 3275 706 3327 τὸν
729 3276 899 3345 ἀγρὸν
932 3275 1048 3345 ῐδῃς
1075 3275 1169 3327 τὸν
1193 3272 1498 3342 ὠνηθέντα,

172 3363 258 3418 Ἐκ
287 3365 380 3418 τού
412 3365 599 3436 τιμίου
622 3365 988 3435 αίματος,’ὡς
1016 3364 1151 3434 πρὸς
1174 3362 1352 3432 ταφὴν
1375 3359 1486 3425 τοῖς
1515 3361 1714 3426 ξένοις.

161 3452 259 3506 Τοῦ
288 3457 345 3509 ὲν
370 3454 550 3523 ἁγίοις
584 3454 904 3526 θαυμαστοῦ
942 3456 1211 3524 σπήλαιον
1257 3453 1602 3523 Ὀνουφρίου.

163 3544 296 3613 Πρὸς
329 3548 519 3600 τούτου
555 3546 613 3598 δὲ
649 3546 752 3615 τὴν
779 3545 1023 3617 κορυφὴν
1051 3545 1144 3597 τοῦ
1185 3544 1344 3614 ὅρους
1379 3544 1681 3613 καθορᾶται

175 3637 240 3690 Ἠ
271 3638 550 3709 θαυμασία
584 3640 677 3692 καὶ
714 3634 944 3708 λαμπρᾶ
972 3637 1145 3708 λαύρα
1170 3637 1469 3692 Θεοδοσίου.

161 3728 388 3800 Πλησίον
408 3732 466 3784 δὲ
495 3729 592 3783 τοῦ
628 3731 822 3792 ἄστεος
847 3730 1135 3800 εὐκτήριον
1153 3729 1254 3782 τοῦ
1288 3729 1522 3798 Πέτρου,

171 3817 508 3890 Ὑπόϐαθρον
545 3822 641 3873 καὶ
670 3820 940 3890 σπήλαιον
979 3820 1105 3890 ἔχον
1128 3820 1216 3872 διὰ
1243 3819 1539 3890 βαθμίδων,

164 3907 330 3979 Ὅπερ
357 3911 534 3980 ἐμϐὰς
566 3911 1086 3981 ὲθρήνησε·πικρῶς
1119 3912 1177 3963 ὲν
1209 3912 1524 3982 μεταμέλῳ,

163 3999 288 4054 Ὅτε
314 4001 505 4056 παθὼν
550 4001 900 4070 ’ἀνθρώπινον
931 4003 1208 4072 ἠρνήσατο
1236 4004 1296 4056 τὸ
1327 4004 1532 4072 τρίτον.

161 4093 356 4146 Τούτου
382 4093 437 4147 δὲ
475 4093 828 4162 ύπεράνωθεν
864 4093 1165 4164 ἐκκλησιῶν
1188 4095 1221 4161 ή
1265 4096 1472 4165 μήτηρ,
1572 4136 1577 4142 .

170 4179 225 4231 '0
259 4181 490 4243 παλαιὸς
522 4183 618 4233 καὶ
644 4180 958 4249 θαυμαστὸς
990 4180 1116 4242 ναὸς
1145 4179 1282 4234 Σιὼν
1313 4181 1496 4247 ἁγίας,

161 4273 401 4340 Δειῳανα
423 4271 606 4342 φέρων
631 4271 915 4342 ἀκραιφνῆ
940 4270 1036 4323 τοῦ
1061 4271 1287 4333 κάλλους
1313 4273 1402 4323 καὶ
1430 4271 1717 4341 μεγέθους.

158 4363 336 4436 ’Δπερ
363 4363 603 4434 ἀρχῆθεν
641 4350 806 4431 ἔφερε
837 4362 946 4434 πρὸ
974 4362 1068 4415 τοῦ
1101 4363 1536 4433 καταϐληθῆναι.

169 4453 254 4506 Ἐν
282 4454 458 4524 τούτῳ
486 4453 541 4505 δὲ
567 4453 848 4506 τετέλεστο
872 4453 987 4521 ναῷ
1016 4451 1093 4522 τῷ
1119 4453 1409 4524 θαυμασίῳ

166 4545 228 4599 Ἦ
252 4547 363 4600 τῶν
398 4546 576 4600 ποδῶν
613 4545 868 4612 ἀπόνιψις
886 4544 1180 4626 τῶνιθείων
1203 4546 1538 4603 ἀποστόλων.

157 4638 262 4692 Καὶ
298 4641 328 4691 ὁ
356 4638 495 4707 πρὸς
523 4636 748 4700 τούτους
776 4637 1067 4707 καινισμὸς
1097 4638 1447 4709 ἐπιφοιτήσει
1474 4639 1596 4710 θείᾳ

155 4725 259 4780 Τοῦ
299 4725 572 4795 παναιτίου
621 4723 942 4794 Πνεύματος
974 4724 1065 4778 διὰ
1096 4724 1356 4791 γλωσσῶν
1384 4729 1646 4797 πυρίνων.

163 4818 252 4870 Ἐν
295 4818 472 4884 τούτῳ
506 4818 600 4871 καὶ
640 4815 941 4885 κελλίδριον
981 4814 1082 4886 τῆς
1130 4817 1458 4888 πανανὼμου
1512 4821 1718 4889 Κόρης,

165 4913 279 4982 Ἀφ’
301 4907 476 4984 οὗπερ
502 4911 736 4979 ἄγγελος
761 4909 932 4979 αὐτὴν
963 4910 1042 4974 είς
1064 4911 1294 4980 οὐρανὸν
1324 4913 1532 4976 ἐκάλει,

155 5009 260 5062 Καὶ
283 5011 391 5062 τῶν
425 5008 713 5077 παρθένων
747 5005 1072 5076 συνδραμὼν
1091 5006 1278 5074 ὅμιλος
1308 5008 1414 5059 τῶν
1443 5008 1614 5076 ἁγίων

165 5100 526 5172 ἰιλθρὴνησαν,
555 5099 822 5167 ἐκόψαντο
850 5098 1054 5167 ταύτην
1089 5099 1188 5164 τὴν
1217 5100 1505 5169 ἐκδημίαν.

157 5192 267 5244 Καὶ
295 5192 462 5254 τόπος
506 5190 672 5260 μέσον
704 5187 797 5241 τοῦ
826 5187 955 5241 ναοῦ
993 5190 1073 5249 είς
1107 5189 1272 5256 ὅνπερ
1311 5191 1400 5240 ὲπί
1425 5190 1614 5259 κλίνης

168 5281 581 5348 ’Δνακλιρεὶσης
612 5279 817 5344 ἔφθασε
845 5277 1004 5347 χορὸς
1030 5277 1138 5329 τῶν
1169 5278 1504 5342 ἀποστόλων,

165 5373 297 5424 Ἀπὸ
328 5371 581 5441 περάτων
619 5371 889 5440 ἀρπαγεὶς
919 5369 1006 5421 διὰ
1040 5368 1218 5436 νεφῶν
1250 5369 1481 5438 ἀθρόως,

159 5458 321 5518 Ὅθεν
350 5442 454 5518 ’σὺν
485 5463 677 5532 ὕμνοις
722 5462 959 5532 ἄραντες
993 5462 1152 5530 σῶμα
1183 5463 1279 5531 τῆς
1316 5463 1612 5531 Παναγίας,

156 5559 498 5629 Κομίσαντες
534 5557 838 5628 ἐκήδευσαν
869 5555 1180 5628 Γεθσιμανῆ
1207 5555 1282 5624 τῷ
1306 5557 1477 5626 τόπῳ.

154 5650 223 5703 Τὸ
246 5651 296 5703 δ’
331 5651 591 5703 ὑποκάτω
615 5647 880 5718 σπήλαιον
926 5645 1055 5698 ναοῦ
1083 5647 1177 5698 τοῦ
1215 5645 1493 5712 Σιωνίτου,

158 5745 347 5799 ἐστιν
380 5745 436 5798 ὲν
462 5739 506 5812 ᾧ
533 5743 638 5796 τῶν
680 5739 963 5814 μαθητῶν,
998 5738 1072 5809 τῷ
1101 5739 1248 5808 φόϐῳ
1282 5740 1388 5796 τῶν
1430 5739 1716 5812 Ἐϐραίων,

450 5827 727 5902 Panda.
759 5842 878 5904 Gn.
899 5835 1240 5900 CXXXIII.

3273 339 3379 402 0Ἶο

1814 547 2128 612 Abductus;
2152 556 2306 601 extra
2346 547 2623 617 paululum
2652 548 2789 601 cella
2815 557 2896 602 est
2919 547 2993 617 pii

1815 637 2043 704 Sabim;
2069 640 2135 693 ad
2167 639 2308 693 latus
2337 639 2646 706 clivumque
2677 638 3024 694 Gethsiniane
3045 647 3127 695 est
3160 653 3312 710 ager,

1816 727 1871 782 In
1900 744 2007 797 quo
2027 729 2188 784 situm
2209 739 2289 784 est
2323 731 2607 799 templum,
2631 729 3066 800 sepulcrumque,
3083 741 3142 786 et
3169 745 3381 803 specus,

1817 819 1917 875 Ubi
1945 820 2096 892 virgo
2125 821 2354 890 Deipara
2387 822 2598 876 obierat
2623 837 2748 878 vere
2777 815 2919 877 die‘m
2944 838 2960 888 ;
2995 869 2998 873 ,

1815 911 1917 978 Qui
1945 912 2120 976 locus,
2157 915 2357 978 utatii,
2386 914 2454 967 ab
2487 914 2668 982 impiis
2693 916 2944 970 detentus
2977 923 3103 970 est:

1811 1002 1883 1057 Et
1913 1017 2133 1072 semper
2161 1003 2234 1058 ibi
2269 1004 2491 1059 lucerna
2522 1006 2682 1060 habet
2725 1007 2888 1062 taedas
2920 1007 3205 1077 facesque,

1815 1093 2084 1165 Omnique
2113 1096 2260 1150 cultu
2286 1106 2536 1163 ornatur,
2567 1097 2624 1151 ut'
2645 1098 2734 1167 jus
2760 1100 2998 1169 postulat
3027 1115 3041 1153 :

1815 1183 1884 1240 Et
1915 1199 2153 1239 annuum
2171 1195 2254 1240 est
2282 1197 2531 1256 paratum
2561 1188 2760 1242 olivum
2793 1190 2859 1242 ad
2890 1189 3204 1260 lampadas,

1817 1273 2186 1332 Renuntiante
2213 1279 2427 1333 sultano
2458 1279 2640 1334 multis
2665 1280 2840 1335 libris.

1818 1366 2182 1438 Miraculoque
2212 1369 2266 1423 in
2298 1369 2400 1424 hoc
2423 1372 2586 1426 decus
2611 1370 2830 1440 Regina!
2857 1370 3019 1427 inest.

1818 1457 1994 1527 Prope
2023 1461 2176 1514 abest
2199 1460 2480 1529 spelunca,
2509 1462 2560 1516 in
2593 1477 2698 1529 qua
2731 1462 2934 1533 probro
2959 1461 3176 1532 obiecto
3202 1463 3318 1518 suis

1818 1549 2161 1618 Domesticis,
2189 1554 2332 1623 quod
2361 1553 2737 1620 dormitarent,
2769 1553 3000 1623 prodere

1817 1639 1953 1695 Cum
1981 1643 2168 1698 hostes
2194 1653 2453 1713 pararent
2479 1659 2560 1710 se,
2586 1642 2829 1700 omnium
2867 1645 3145 1714 inspector
3168 1654 3318 1716 typos

1818 1732 2060 1802 Digitum
2089 1750 2308 1789 suorum
2341 1736 2519 1804 liquit,
2550 1751 2740 1792 omnes
2765 1743 3054 1792 cernerent

1745 1799 1791 1856 Β
1820 1799 2187 1894 Πῖἰιηριόὺίε
2213 1831 2369 1882 datus
2401 1799 2471 1881 ibi
2497 1799 2618 1882 erat
2651 1827 2998 1895 petentibus;

1815 1915 2259 1988 Precationisque
2287 1920 2332 1974 is
2361 1920 2510 1975 locus
2549 1919 2929 1974 sanctissimae.

1814 2008 1914 2064 Hic
1948 2011 2182 2066 maxime
2208 2021 2294 2067 est
2323 2011 2544 2066 Galilaca
2564 2013 2864 2083 conspicuo
2894 2012 2947 2068 in
2977 2014 3104 2070 situ.

1815 2099 1986 2170 Regio
2015 2109 2100 2156 est
2123 2101 2324 2157 ibidem
2361 2103 2671 2172 Stephanus
2700 2106 2814 2168 ubi,
2853 2105 2960 2161 dux
2995 2117 3318 2176 martyrum,

1811 2187 1931 2245 Non
1961 2191 2094 2246 urbe
2118 2192 2304 2261 procul
2332 2201 2413 2248 est
2438 2195 2665 2249 obrutus
2701 2195 2932 2265 lapidum
2959 2197 3154 2253 ictibus

1814 2281 1912 2336 Est
1940 2290 1993 2336 et
2020 2282 2216 2348 platea,
2251 2298 2369 2351 qua:
2397 2284 2599 2353 hospes
2626 2285 2727 2340 luit
2749 2286 2938 2343 fratris
2964 2288 3080 2343 Dei.

1816 2373 1943 2428 Pdst
1974 2374 2128 2428 vallis
2152 2369 2600 2445 occurritgravis
2624 2380 2904 2446 molestiae,

1818 2463 1948 2530 Quae
1973 2465 2162 2520 dividit
2194 2463 2410 2524 Sionem
2439 2466 2635 2524 Oliveti
2664 2471 2728 2524 ab
2753 2486 2819 2541 ap
2839 2487 2926 2527 ce.

1815 2551 1874 2608 In
1908 2569 2069 2623 quam
2101 2555 2317 2640 igneum
2353 2557 2596 2613 delabier
2632 2561 2828 2617 ﬂumen
2868 2563 3085 2621 ferunt:

1817 2643 1882 2698 Et
1920 2647 2059 2700 dena
2086 2645 2355 2716 virginum
2389 2653 2719 2706 monasteria
2763 2655 2969 2709 decem.

1822 2735 1968 2791 Siloe
2000 2739 2266 2792 natatoria
2310 2739 2413 2793 sita
2445 2749 2529 2795 est
2560 2756 2691 2811 agro
2727 2744 2778 2798 in
2805 2745 2992 2801 inﬁmo

1818 2829 2049 2884 Ablutus
2081 2829 2134 2883 in
2158 2841 2266 2899 qua
2298 2845 2473 2886 caecus
2505 2835 2713 2902 aspexit
2738 2838 2948 2892 statim.

1823 2921 1937 2976 Hac
1976 2923 2118 2976 unda
2152 2938 2380 2978 manans
2410 2934 2568 2979 caute
2595 2936 2716 2981 lusa
2746 2929 2848 2984 sub
2871 2931 2986 2985 solo

1819 3010 1924 3066 Per
1956 3012 2114 3066 unius
2138 3013 2366 3080 spatium
2400 3013 2668 3083 integrum
2703 3018 2963 3085 milliarii,

1745 3123 1789 3183 (ι
1822 3103 2005 3178 Usque
2033 3104 2224 3172 irrigat
2267 3105 2502 3159 vicinum
2535 3121 2723 3176 agrum
2755 3110 3015 3182 irriguum
3051 3117 3207 3185 bene,

1822 3195 1968 3251 Inter
2002 3196 2207 3251 feraces
2237 3195 2464 3252 arbores
2489 3207 2544 3252 et
2574 3201 2837 3256 oluscula.

1824 3285 2150 3357 Progressus
2182 3288 2429 3341 altiorem
2465 3288 2534 3342 ad
2567 3292 2863 3346 australem
2893 3295 3128 3366 plagam.

1823 3375 1960 3430 Tum
2000 3377 2144 3446 ﬁguli
2174 3377 2402 3447 agellum
2434 3378 2756 3448 inspexeris,
2789 3396 3002 3451 partum
3031 3391 3181 3454 nece,

1823 3469 1892 3524 Et
1919 3469 2198 3537 sanguinis
2237 3470 2412 3538 pretio
2458 3471 2627 3537 sacri,
2659 3473 2725 3525 ad
2759 3476 3023 3532 tumulum
3074 3480 3388 3551 hospitum;

1824 3559 2196 3629 Mirabilisque
2228 3575 2447 3629 specum
2479 3563 2622 3616 beati
2656 3562 2943 3634 Onuphrii.

1822 3652 1902 3706 Ad
1933 3650 2089 3718 hujus
2119 3652 2328 3720 apicem
2361 3654 2564 3707 montis
2588 3655 2780 3724 inspici
2806 3670 2983 3727 potest

1825 3742 2067 3797 Miranda
2102 3743 2473 3812 praeclaraque
2495 3746 2670 3815 platea
2708 3748 3002 3806 Theodosi.

1823 3829 1982 3884 Juxta
2015 3833 2267 3900 oppidum
2297 3849 2425 3888 vero
2443 3833 2590 3889 Petri
2625 3840 2925 3894 oratorium
2955 3852 3058 3904 est,

1824 3920 2139 3977 Fundamen
2165 3935 2219 3978 et
2243 3925 2556 3994 speluncam
2607 3930 2833 3997 habens,
2881 3948 2981 3988 nec
3014 3950 3117 3989 non
3148 3941 3340 4005 gradus

1823 4014 1953 4080 Quae
1978 4029 2098 4068 cum
2129 4017 2382 4082 subisset,
2413 4017 2547 4073 luxit
2571 4035 2696 4074 acer
2717 4023 3005 4090 pmnitens,
3332 4025 3334 4028 ’

1823 4103 1956 4157 Cum
1992 4105 2302 4161 humanitus
2329 4107 2518 4175 lapsus
2549 4123 2796 4178 negasset
2825 4116 3003 4169 tertio.

1828 4196 2096 4265 Superius
2129 4211 2213 4252 εει
2243 4199 2592 4254 ecclesiarum
2615 4204 2699 4270 pia
2729 4204 2971 4272 Parens;

1825 4287 2130 4341 Mirandum
2166 4299 2220 4343 et
2246 4291 2529 4361 antiquunm
2566 4294 3123 4368 Sionistemplum‘id
3156 4313 3259 4367 est,

1832 4382 2041 4436 indicia
2077 4382 2322 4450 pulchrae
2354 4386 2513 4441 molis
2544 4396 2596 4440 et
2632 4403 2842 4459 magnae
2872 4393 3153 4457 exhibens,

1747 4481 1798 4540 ι)
1825 4474 1937 4538 Qua
1969 4474 2122 4537 olim,
2150 4476 2464 4544 priusquam
2491 4478 2726 4532 dirutum
2763 4494 2904 4536 esset
2932 4484 3149 4540 claruit.

1828 4562 1882 4615 ln
1917 4563 2017 4618 hac
2044 4576 2266 4633 peracta
2297 4575 2380 4620 est
2406 4568 2520 4622 aede
2549 4573 2842 4638 spectanda
2866 4575 3157 4631 admodum
3215 4593 3220 4596 ·

1825 4657 2204 4724 Apostolorum
2234 4672 2390 4711 sacra
2415 4662 2608 4726 pedum
2648 4662 2851 4720 lavatio
2888 4685 2900 4720 :

1829 4744 2003 4814 Super
2033 4748 2116 4800 his
2143 4763 2357 4816 quoque
2384 4751 2680 4814 innovatio.
2709 4755 2971 4812 adventus
2996 4775 3168 4824 sacer,

1825 4836 2061 4906 Linguas
2084 4854 2180 4906 per
2213 4840 2370 4908 ignis,
2403 4841 2640 4910 Spiritus
2665 4850 3012 4902 sanctissimi.

1827 4926 1921 4980 Est
1955 4929 2189 4997 Virginis
2221 4944 2436 4997 quoque
2473 4933 2544 4985 ibi
2576 4935 2750 4988 beata:
2774 4936 2989 5000 cellula,

1828 5017 1868 5068 E
1894 5034 1998 5086 qua
2029 5019 2251 5087 angelus
2283 5025 2491 5075 vocavit
2534 5026 2706 5091 ipsum
2740 5027 2804 5078 ad
2838 5029 3013 5083 sidera
3056 5048 3067 5082 :

1827 5110 1944 5174 Quo
1967 5110 2235 5177 virginum
2276 5121 2450 5165 coetus
2489 5116 2807 5181 pudicarum
2846 5120 3036 5185 astitit,

1826 5198 1954 5262 Quae
1984 5200 2286 5252 absentiam
2324 5212 2433 5254 tum
2465 5204 2769 5271 planctibus
2800 5208 2985 5262 luxeic
3013 5213 3172 5266 lucrm.

1825 5287 1881 5340 In
1911 5288 2024 5341 aede
2059 5291 2337 5344 mediaest
2373 5292 2542 5358 locus,
2576 5297 2876 5351 ubi‘arcam
2909 5304 3178 5357 conulitaiii

1825 5367 2353 5432 Cliorus‘autevcrtit
2394 5385 2762 5449 apostolorum
2805 5403 2988 5459 raptus
3021 5395 3072 5447 in

1824 5467 1995 5532 Nube,
2023 5483 2085 5522 ac
2119 5472 2305 5524 eodem
2336 5481 2597 5541 tempore,
2625 5469 2747 5531 ante
2773 5481 3015 5548 dis‘situs,

1825 5562 1958 5615 Cum
1987 5562 2238 5624 Canticis,
2272 5565 2393 5618 dein
2427 5580 2654 5633 corpore
2678 5569 2818 5625 elato
2846 5573 2986 5629 illius

1827 5653 2099 5706 Solemnis
2124 5669 2381 5723 peregere
2406 5655 2768 5715 Gethsemane
2810 5664 2860 5716 in
2897 5667 3036 5724 loco.

1829 5743 2091 5813 Spelunca
2125 5758 2254 5800 vero
2287 5745 2428 5801 infra
2457 5749 2702 5807 Sio‘nium
2736 5770 2951 5811 sacrum

2921 5852 2985 5914 3i
