  <div class='ocr_page' id='page_1' title='image "/cluster/home/n/w/nwhite01/storage/ocr_20150623/133/pst.000005714490/561.png"; bbox 0 0 3956 6324; ppageno 0'>
   <div class='ocr_carea' id='block_1_1' title="bbox 541 201 648 266">
    <p class='ocr_par' dir='ltr' id='par_1_1' title="bbox 541 201 648 266">
     <span class='ocr_line' id='line_1_1' title="bbox 541 201 648 266; baseline 0 -1"><span class='ocrx_word' id='word_1_1' title='bbox 541 201 648 266; x_wconf 70' lang='lat'><strong>979</strong></span> 
     </span>
    </p>
   </div>
   <div class='ocr_carea' id='block_1_2' title="bbox 1977 207 2329 271">
    <p class='ocr_par' dir='ltr' id='par_1_2' title="bbox 1977 207 2329 271">
     <span class='ocr_line' id='line_1_2' title="bbox 1977 207 2329 271; baseline 0 -2"><span class='ocrx_word' id='word_1_2' title='bbox 1977 207 2329 271; x_wconf 81' lang='lat' dir='ltr'><strong>ANONYMI</strong></span> 
     </span>
    </p>
   </div>
   <div class='ocr_carea' id='block_1_3' title="bbox 3676 215 3770 281">
    <p class='ocr_par' dir='ltr' id='par_1_3' title="bbox 3676 215 3770 281">
     <span class='ocr_line' id='line_1_3' title="bbox 3676 215 3770 281; baseline 0.053 -5"><span class='ocrx_word' id='word_1_3' title='bbox 3676 215 3770 281; x_wconf 59' lang='lat'><strong>960</strong></span> 
     </span>
    </p>
   </div>
   <div class='ocr_carea' id='block_1_4' title="bbox 522 313 2125 403">
    <p class='ocr_par' dir='ltr' id='par_1_4' title="bbox 544 313 2112 390">
     <span class='ocr_line' id='line_1_4' title="bbox 544 313 2112 390; baseline 0.007 -25"><span class='ocrx_word' id='word_1_4' title='bbox 544 313 843 380; x_wconf 78' lang='lat' dir='ltr'><strong>prehensus</strong></span> <span class='ocrx_word' id='word_1_5' title='bbox 887 314 1198 381; x_wconf 85' lang='lat' dir='ltr'><strong>detinetur;</strong></span> <span class='ocrx_word' id='word_1_6' title='bbox 1259 324 1337 383; x_wconf 91' lang='lat' dir='ltr'><strong>et,</strong></span> <span class='ocrx_word' id='word_1_7' title='bbox 1387 317 1444 372; x_wconf 90' lang='lat' dir='ltr'><strong>ni</strong></span> <span class='ocrx_word' id='word_1_8' title='bbox 1497 318 1648 390; x_wconf 85' lang='lat' dir='ltr'><strong>prius</strong></span> <span class='ocrx_word' id='word_1_9' title='bbox 1700 319 1898 376; x_wconf 79' lang='lat' dir='ltr'><strong>delicta</strong></span> <span class='ocrx_word' id='word_1_10' title='bbox 1931 321 2112 376; x_wconf 90' lang='lat' dir='ltr'><strong>omnia</strong></span> 
     </span>
    </p>
   </div>
   <div class='ocr_carea' id='block_1_5' title="bbox 2229 313 3771 403">
    <p class='ocr_par' dir='ltr' id='par_1_5' title="bbox 2229 322 3771 394">
     <span class='ocr_line' id='line_1_5' title="bbox 2229 322 3771 394; baseline 0.002 -17"><span class='ocrx_word' id='word_1_11' title='bbox 2229 322 2308 377; x_wconf 82' lang='grc' dir='ltr'><strong>ιδν</strong></span> <span class='ocrx_word' id='word_1_12' title='bbox 2344 322 2525 393; x_wconf 72' lang='grc' dir='ltr'><strong>τοῖχον</strong></span> <span class='ocrx_word' id='word_1_13' title='bbox 2573 322 2912 393; x_wconf 80' lang='grc' dir='ltr'><strong>ἐμπὲνοντας</strong></span> <span class='ocrx_word' id='word_1_14' title='bbox 2956 322 2986 375; x_wconf 89' lang='grc' dir='ltr'><strong>δ</strong></span> <span class='ocrx_word' id='word_1_15' title='bbox 3026 322 3314 394; x_wconf 71' lang='grc' dir='ltr'><strong>ἄνθρωπος</strong></span> <span class='ocrx_word' id='word_1_16' title='bbox 3349 322 3523 378; x_wconf 78' lang='grc' dir='ltr'><strong>ὃιεκεῖ</strong></span> <span class='ocrx_word' id='word_1_17' title='bbox 3560 327 3771 380; x_wconf 54' lang='lat'><strong>1:91.611:-</strong></span> 
     </span>
    </p>
   </div>
   <div class='ocr_carea' id='block_1_6' title="bbox 541 404 2110 482">
    <p class='ocr_par' dir='ltr' id='par_1_6' title="bbox 541 404 2110 482">
     <span class='ocr_line' id='line_1_6' title="bbox 541 404 2110 482; baseline 0.006 -25"><span class='ocrx_word' id='word_1_18' title='bbox 541 419 639 457; x_wconf 87' lang='lat' dir='ltr'><strong>sua</strong></span> <span class='ocrx_word' id='word_1_19' title='bbox 676 404 1102 462; x_wconf 81' lang='lat' dir='ltr'><strong>confcssionario</strong></span> <span class='ocrx_word' id='word_1_20' title='bbox 1133 407 1311 464; x_wconf 80' lang='lat' dir='ltr'><strong>fassus</strong></span> <span class='ocrx_word' id='word_1_21' title='bbox 1343 406 1522 476; x_wconf 73' lang='lat' dir='ltr'><strong>fuerit,</strong></span> <span class='ocrx_word' id='word_1_22' title='bbox 1552 427 1830 482; x_wconf 76' lang='lat' dir='ltr'><strong>nunquam</strong></span> <span class='ocrx_word' id='word_1_23' title='bbox 1863 413 2110 468; x_wconf 75' lang='lat' dir='ltr'><strong>excedet.</strong></span> 
     </span>
    </p>
   </div>
   <div class='ocr_carea' id='block_1_7' title="bbox 544 495 2113 570">
    <p class='ocr_par' dir='ltr' id='par_1_7' title="bbox 544 495 2113 570">
     <span class='ocr_line' id='line_1_7' title="bbox 544 495 2113 570; baseline 0.008 -21"><span class='ocrx_word' id='word_1_24' title='bbox 544 495 624 549; x_wconf 89' lang='lat' dir='ltr'><strong>lbi</strong></span> <span class='ocrx_word' id='word_1_25' title='bbox 654 507 736 551; x_wconf 90' lang='lat' dir='ltr'><strong>est</strong></span> <span class='ocrx_word' id='word_1_26' title='bbox 761 498 978 562; x_wconf 83' lang='lat' dir='ltr'><strong>cellula,</strong></span> <span class='ocrx_word' id='word_1_27' title='bbox 1022 501 1072 553; x_wconf 91' lang='lat' dir='ltr'><strong>in</strong></span> <span class='ocrx_word' id='word_1_28' title='bbox 1113 506 1216 570; x_wconf 78' lang='lat' dir='ltr'><strong>qua</strong></span> <span class='ocrx_word' id='word_1_29' title='bbox 1249 516 1344 570; x_wconf 82' lang='lat' dir='ltr'><strong>per</strong></span> <span class='ocrx_word' id='word_1_30' title='bbox 1380 512 1585 568; x_wconf 77' lang='lat' dir='ltr'><strong>septem</strong></span> <span class='ocrx_word' id='word_1_31' title='bbox 1622 519 1794 559; x_wconf 86' lang='lat' dir='ltr'><strong>annos</strong></span> <span class='ocrx_word' id='word_1_32' title='bbox 1828 505 2113 561; x_wconf 78' lang='lat' dir='ltr'><strong>immorata</strong></span> 
     </span>
    </p>
   </div>
   <div class='ocr_carea' id='block_1_8' title="bbox 542 590 2116 664">
    <p class='ocr_par' dir='ltr' id='par_1_8' title="bbox 542 590 2116 664">
     <span class='ocr_line' id='line_1_8' title="bbox 542 590 2116 664; baseline 0.011 -27"><span class='ocrx_word' id='word_1_33' title='bbox 542 597 626 640; x_wconf 80' lang='lat' dir='ltr'><strong>cst</strong></span> <span class='ocrx_word' id='word_1_34' title='bbox 653 604 668 652; x_wconf 92' lang='lat'>;</span> <span class='ocrx_word' id='word_1_35' title='bbox 698 590 931 654; x_wconf 62' lang='lat' dir='ltr'><strong>pendent</strong></span> <span class='ocrx_word' id='word_1_36' title='bbox 964 590 1242 660; x_wconf 83' lang='lat' dir='ltr'><strong>lampades</strong></span> <span class='ocrx_word' id='word_1_37' title='bbox 1289 600 1418 648; x_wconf 87' lang='lat' dir='ltr'><strong>tres.</strong></span> <span class='ocrx_word' id='word_1_38' title='bbox 1450 591 1629 664; x_wconf 82' lang='lat' dir='ltr'><strong>Prope</strong></span> <span class='ocrx_word' id='word_1_39' title='bbox 1669 595 1858 651; x_wconf 87' lang='lat' dir='ltr'><strong>stadiis</strong></span> <span class='ocrx_word' id='word_1_40' title='bbox 1902 597 2116 654; x_wconf 85' lang='lat' dir='ltr'><strong>duobus</strong></span> 
     </span>
    </p>
   </div>
   <div class='ocr_carea' id='block_1_9' title="bbox 542 679 2114 757">
    <p class='ocr_par' dir='ltr' id='par_1_9' title="bbox 542 679 2114 757">
     <span class='ocr_line' id='line_1_9' title="bbox 542 679 2114 757; baseline 0.01 -28"><span class='ocrx_word' id='word_1_41' title='bbox 542 679 855 732; x_wconf 73' lang='lat' dir='ltr'><strong>extenditur</strong></span> <span class='ocrx_word' id='word_1_42' title='bbox 901 682 1144 748; x_wconf 72' lang='lat' dir='ltr'><strong>Galilara,</strong></span> <span class='ocrx_word' id='word_1_43' title='bbox 1180 692 1234 737; x_wconf 89' lang='lat' dir='ltr'><strong>et</strong></span> <span class='ocrx_word' id='word_1_44' title='bbox 1263 685 1434 749; x_wconf 85' lang='lat' dir='ltr'><strong>Cana,</strong></span> <span class='ocrx_word' id='word_1_45' title='bbox 1485 686 1538 739; x_wconf 87' lang='lat' dir='ltr'><strong>in</strong></span> <span class='ocrx_word' id='word_1_46' title='bbox 1585 701 1690 756; x_wconf 85' lang='lat' dir='ltr'><strong>qua</strong></span> <span class='ocrx_word' id='word_1_47' title='bbox 1724 687 1928 757; x_wconf 67' lang='lat' dir='ltr'><strong>nuptiae</strong></span> <span class='ocrx_word' id='word_1_48' title='bbox 1962 689 2114 744; x_wconf 69' lang='lat' dir='ltr'><strong>factae</strong></span> 
     </span>
    </p>
   </div>
   <div class='ocr_carea' id='block_1_10' title="bbox 548 769 2116 845">
    <p class='ocr_par' dir='ltr' id='par_1_10' title="bbox 548 769 2116 845">
     <span class='ocr_line' id='line_1_10' title="bbox 548 769 2116 845; baseline 0.009 -24"><span class='ocrx_word' id='word_1_49' title='bbox 548 778 699 834; x_wconf 80' lang='lat' dir='ltr'><strong>sunt,</strong></span> <span class='ocrx_word' id='word_1_50' title='bbox 731 777 786 822; x_wconf 87' lang='lat' dir='ltr'><strong>et</strong></span> <span class='ocrx_word' id='word_1_51' title='bbox 815 769 1067 826; x_wconf 90' lang='lat' dir='ltr'><strong>Christus</strong></span> <span class='ocrx_word' id='word_1_52' title='bbox 1111 775 1380 829; x_wconf 76' lang='lat' dir='ltr'><strong>convertit</strong></span> <span class='ocrx_word' id='word_1_53' title='bbox 1411 791 1606 845; x_wconf 86' lang='lat' dir='ltr'><strong>aquam</strong></span> <span class='ocrx_word' id='word_1_54' title='bbox 1637 776 1691 832; x_wconf 92' lang='lat' dir='ltr'><strong>in</strong></span> <span class='ocrx_word' id='word_1_55' title='bbox 1717 777 1924 834; x_wconf 87' lang='lat' dir='ltr'><strong>vinum.</strong></span> <span class='ocrx_word' id='word_1_56' title='bbox 1955 777 2116 834; x_wconf 82' lang='lat' dir='ltr'><strong>Tem-</strong></span> 
     </span>
    </p>
   </div>
   <div class='ocr_carea' id='block_1_11' title="bbox 546 859 1750 938">
    <p class='ocr_par' dir='ltr' id='par_1_11' title="bbox 546 859 1750 938">
     <span class='ocr_line' id='line_1_11' title="bbox 546 859 1750 938; baseline 0.007 -25"><span class='ocrx_word' id='word_1_57' title='bbox 546 861 714 929; x_wconf 77' lang='lat' dir='ltr'><strong>plum,</strong></span> <span class='ocrx_word' id='word_1_58' title='bbox 752 863 857 917; x_wconf 86' lang='lat' dir='ltr'><strong>hoc</strong></span> <span class='ocrx_word' id='word_1_59' title='bbox 888 873 1154 934; x_wconf 88' lang='lat' dir='ltr'><strong>tempore,</strong></span> <span class='ocrx_word' id='word_1_60' title='bbox 1193 859 1613 938; x_wconf 73' lang='lat' dir='ltr'><strong>solo‘tequatutn</strong></span> <span class='ocrx_word' id='word_1_61' title='bbox 1644 877 1750 925; x_wconf 87' lang='lat' dir='ltr'><strong>est.</strong></span> 
     </span>
    </p>
   </div>
   <div class='ocr_carea' id='block_1_12' title="bbox 615 1043 2119 1106">
    <p class='ocr_par' dir='ltr' id='par_1_12' title="bbox 615 1043 2119 1106">
     <span class='ocr_line' id='line_1_12' title="bbox 615 1043 2119 1106; baseline 0.006 -9"><span class='ocrx_word' id='word_1_62' title='bbox 615 1043 674 1098; x_wconf 84' lang='lat'><strong>6.</strong></span> <span class='ocrx_word' id='word_1_63' title='bbox 701 1043 758 1098; x_wconf 82' lang='lat' dir='ltr'><strong>in</strong></span> <span class='ocrx_word' id='word_1_64' title='bbox 790 1054 971 1100; x_wconf 89' lang='lat' dir='ltr'><strong>monte</strong></span> <span class='ocrx_word' id='word_1_65' title='bbox 1004 1045 1278 1103; x_wconf 83' lang='lat' dir='ltr'><strong>Olivarum</strong></span> <span class='ocrx_word' id='word_1_66' title='bbox 1309 1046 1775 1106; x_wconf 81' lang='lat' dir='ltr'><strong>Melchisedechus</strong></span> <span class='ocrx_word' id='word_1_67' title='bbox 1800 1048 2119 1106; x_wconf 84' lang='lat' dir='ltr'><strong>immoratus</strong></span> 
     </span>
    </p>
   </div>
   <div class='ocr_carea' id='block_1_13' title="bbox 544 1124 2120 1210">
    <p class='ocr_par' dir='ltr' id='par_1_13' title="bbox 544 1124 2120 1210">
     <span class='ocr_line' id='line_1_13' title="bbox 544 1124 2120 1210; baseline 0.003 -21"><span class='ocrx_word' id='word_1_68' title='bbox 544 1143 630 1189; x_wconf 87' lang='lat' dir='ltr'><strong>est</strong></span> <span class='ocrx_word' id='word_1_69' title='bbox 673 1124 847 1192; x_wconf 88' lang='lat' dir='ltr'><strong>annos</strong></span> <span class='ocrx_word' id='word_1_70' title='bbox 897 1138 1121 1204; x_wconf 88' lang='lat' dir='ltr'><strong>decem;</strong></span> <span class='ocrx_word' id='word_1_71' title='bbox 1164 1139 1424 1210; x_wconf 88' lang='lat' dir='ltr'><strong>misitque</strong></span> <span class='ocrx_word' id='word_1_72' title='bbox 1469 1140 1609 1195; x_wconf 84' lang='lat' dir='ltr'><strong>Deus</strong></span> <span class='ocrx_word' id='word_1_73' title='bbox 1637 1140 1899 1208; x_wconf 84' lang='lat' dir='ltr'><strong>Abraam,</strong></span> <span class='ocrx_word' id='word_1_74' title='bbox 1934 1150 1990 1196; x_wconf 89' lang='lat' dir='ltr'><strong>et</strong></span> <span class='ocrx_word' id='word_1_75' title='bbox 2016 1156 2120 1194; x_wconf 82' lang='lat' dir='ltr'><strong>un-</strong></span> 
     </span>
    </p>
   </div>
   <div class='ocr_carea' id='block_1_14' title="bbox 545 1212 2122 1304">
    <p class='ocr_par' dir='ltr' id='par_1_14' title="bbox 545 1212 2122 1304">
     <span class='ocr_line' id='line_1_14' title="bbox 545 1212 2122 1304; baseline 0.004 -24"><span class='ocrx_word' id='word_1_76' title='bbox 545 1242 684 1295; x_wconf 78' lang='lat' dir='ltr'><strong>gues</strong></span> <span class='ocrx_word' id='word_1_77' title='bbox 719 1227 865 1283; x_wconf 89' lang='lat' dir='ltr'><strong>illius</strong></span> <span class='ocrx_word' id='word_1_78' title='bbox 918 1212 1250 1300; x_wconf 81' lang='lat' dir='ltr'><strong>capillosque</strong></span> <span class='ocrx_word' id='word_1_79' title='bbox 1301 1231 1567 1300; x_wconf 68' lang='lat' dir='ltr'><strong>prmcidit,</strong></span> <span class='ocrx_word' id='word_1_80' title='bbox 1607 1233 1864 1304; x_wconf 88' lang='lat' dir='ltr'><strong>deditque</strong></span> <span class='ocrx_word' id='word_1_81' title='bbox 1912 1233 1991 1290; x_wconf 87' lang='lat' dir='ltr'><strong>illi</strong></span> <span class='ocrx_word' id='word_1_82' title='bbox 2026 1247 2122 1304; x_wconf 84' lang='lat' dir='ltr'><strong>pa-</strong></span> 
     </span>
    </p>
   </div>
   <div class='ocr_carea' id='block_1_15' title="bbox 547 1320 2122 1389">
    <p class='ocr_par' dir='ltr' id='par_1_15' title="bbox 547 1320 2122 1389">
     <span class='ocr_line' id='line_1_15' title="bbox 547 1320 2122 1389; baseline 0.007 -20"><span class='ocrx_word' id='word_1_83' title='bbox 547 1330 693 1380; x_wconf 87' lang='lat' dir='ltr'><strong>nem,</strong></span> <span class='ocrx_word' id='word_1_84' title='bbox 724 1327 778 1371; x_wconf 91' lang='lat' dir='ltr'><strong>ct</strong></span> <span class='ocrx_word' id='word_1_85' title='bbox 810 1320 1176 1386; x_wconf 85' lang='lat' dir='ltr'><strong>manducavit,</strong></span> <span class='ocrx_word' id='word_1_86' title='bbox 1214 1331 1267 1376; x_wconf 94' lang='lat' dir='ltr'><strong>et</strong></span> <span class='ocrx_word' id='word_1_87' title='bbox 1307 1320 1738 1377; x_wconf 85' lang='lat' dir='ltr'><strong>benedictionem</strong></span> <span class='ocrx_word' id='word_1_88' title='bbox 1769 1324 1838 1378; x_wconf 85' lang='lat' dir='ltr'><strong>ab</strong></span> <span class='ocrx_word' id='word_1_89' title='bbox 1868 1338 1934 1379; x_wconf 89' lang='lat' dir='ltr'><strong>eo</strong></span> <span class='ocrx_word' id='word_1_90' title='bbox 1964 1339 2122 1389; x_wconf 80' lang='lat' dir='ltr'><strong>acce-</strong></span> 
     </span>
    </p>
   </div>
   <div class='ocr_carea' id='block_1_16' title="bbox 541 1406 2121 1480">
    <p class='ocr_par' dir='ltr' id='par_1_16' title="bbox 541 1406 2121 1480">
     <span class='ocr_line' id='line_1_16' title="bbox 541 1406 2121 1480; baseline 0.004 -20"><span class='ocrx_word' id='word_1_91' title='bbox 541 1406 647 1479; x_wconf 83' lang='lat' dir='ltr'><strong>pit.</strong></span> <span class='ocrx_word' id='word_1_92' title='bbox 695 1406 874 1463; x_wconf 89' lang='lat' dir='ltr'><strong>Distat</strong></span> <span class='ocrx_word' id='word_1_93' title='bbox 922 1424 1076 1465; x_wconf 88' lang='lat' dir='ltr'><strong>mons</strong></span> <span class='ocrx_word' id='word_1_94' title='bbox 1112 1410 1386 1467; x_wconf 85' lang='lat' dir='ltr'><strong>Ollvarum</strong></span> <span class='ocrx_word' id='word_1_95' title='bbox 1419 1428 1448 1466; x_wconf 86' lang='lat' dir='ltr'><strong>a</strong></span> <span class='ocrx_word' id='word_1_96' title='bbox 1480 1424 1669 1469; x_wconf 85' lang='lat' dir='ltr'><strong>sancto</strong></span> <span class='ocrx_word' id='word_1_97' title='bbox 1696 1414 1944 1480; x_wconf 85' lang='lat' dir='ltr'><strong>sepulcro</strong></span> <span class='ocrx_word' id='word_1_98' title='bbox 1974 1414 2121 1469; x_wconf 87' lang='lat' dir='ltr'><strong>mille</strong></span> 
     </span>
    </p>
   </div>
   <div class='ocr_carea' id='block_1_17' title="bbox 550 1484 2120 1571">
    <p class='ocr_par' dir='ltr' id='par_1_17' title="bbox 550 1484 2120 1571">
     <span class='ocr_line' id='line_1_17' title="bbox 550 1484 2120 1571; baseline 0.005 -18"><span class='ocrx_word' id='word_1_99' title='bbox 550 1484 774 1569; x_wconf 71' lang='lat' dir='ltr'><strong>passus.</strong></span> <span class='ocrx_word' id='word_1_100' title='bbox 805 1500 1080 1557; x_wconf 88' lang='lat' dir='ltr'><strong>Orientem</strong></span> <span class='ocrx_word' id='word_1_101' title='bbox 1115 1516 1302 1558; x_wconf 85' lang='lat' dir='ltr'><strong>versus</strong></span> <span class='ocrx_word' id='word_1_102' title='bbox 1330 1504 1528 1560; x_wconf 90' lang='lat' dir='ltr'><strong>montis</strong></span> <span class='ocrx_word' id='word_1_103' title='bbox 1555 1503 1849 1571; x_wconf 89' lang='lat' dir='ltr'><strong>Olivarum,</strong></span> <span class='ocrx_word' id='word_1_104' title='bbox 1877 1505 1935 1561; x_wconf 86' lang='lat' dir='ltr'><strong>in</strong></span> <span class='ocrx_word' id='word_1_105' title='bbox 1981 1505 2120 1567; x_wconf 84' lang='lat' dir='ltr'><strong>infe-</strong></span> 
     </span>
    </p>
   </div>
   <div class='ocr_carea' id='block_1_18' title="bbox 553 1591 2119 1669">
    <p class='ocr_par' dir='ltr' id='par_1_18' title="bbox 553 1591 2119 1669">
     <span class='ocr_line' id='line_1_18' title="bbox 553 1591 2119 1669; baseline 0.006 -26"><span class='ocrx_word' id='word_1_106' title='bbox 553 1591 682 1644; x_wconf 77' lang='lat' dir='ltr'><strong>ribri</strong></span> <span class='ocrx_word' id='word_1_107' title='bbox 732 1592 904 1661; x_wconf 71' lang='lat' dir='ltr'><strong>plaga,</strong></span> <span class='ocrx_word' id='word_1_108' title='bbox 957 1592 1097 1663; x_wconf 78' lang='lat' dir='ltr'><strong>jacet</strong></span> <span class='ocrx_word' id='word_1_109' title='bbox 1145 1594 1425 1650; x_wconf 81' lang='lat' dir='ltr'><strong>Bethania.</strong></span> <span class='ocrx_word' id='word_1_110' title='bbox 1466 1595 1562 1650; x_wconf 84' lang='lat' dir='ltr'><strong>Est</strong></span> <span class='ocrx_word' id='word_1_111' title='bbox 1615 1596 1669 1652; x_wconf 90' lang='lat' dir='ltr'><strong>iu</strong></span> <span class='ocrx_word' id='word_1_112' title='bbox 1700 1612 1765 1654; x_wconf 91' lang='lat' dir='ltr'><strong>ea</strong></span> <span class='ocrx_word' id='word_1_113' title='bbox 1811 1597 2119 1669; x_wconf 85' lang='lat' dir='ltr'><strong>sepulcrum</strong></span> 
     </span>
    </p>
   </div>
   <div class='ocr_carea' id='block_1_19' title="bbox 552 1681 2125 1764">
    <p class='ocr_par' dir='ltr' id='par_1_19' title="bbox 552 1681 2125 1764">
     <span class='ocr_line' id='line_1_19' title="bbox 552 1681 2125 1764; baseline 0.007 -27"><span class='ocrx_word' id='word_1_114' title='bbox 552 1684 724 1738; x_wconf 80' lang='lat' dir='ltr'><strong>sancti</strong></span> <span class='ocrx_word' id='word_1_115' title='bbox 755 1681 966 1750; x_wconf 76' lang='lat' dir='ltr'><strong>Lazari,</strong></span> <span class='ocrx_word' id='word_1_116' title='bbox 1003 1700 1388 1764; x_wconf 81' lang='lat' dir='ltr'><strong>marmoreum,</strong></span> <span class='ocrx_word' id='word_1_117' title='bbox 1431 1688 1881 1759; x_wconf 88' lang='lat' dir='ltr'><strong>pulcherrimum,</strong></span> <span class='ocrx_word' id='word_1_118' title='bbox 1928 1707 2125 1762; x_wconf 86' lang='lat' dir='ltr'><strong>prope-</strong></span> 
     </span>
    </p>
   </div>
   <div class='ocr_carea' id='block_1_20' title="bbox 552 1773 2126 1848">
    <p class='ocr_par' dir='ltr' id='par_1_20' title="bbox 552 1773 2126 1848">
     <span class='ocr_line' id='line_1_20' title="bbox 552 1773 2126 1848; baseline 0.008 -23"><span class='ocrx_word' id='word_1_119' title='bbox 552 1787 660 1842; x_wconf 86' lang='lat' dir='ltr'><strong>que</strong></span> <span class='ocrx_word' id='word_1_120' title='bbox 709 1773 862 1840; x_wconf 88' lang='lat' dir='ltr'><strong>illud,</strong></span> <span class='ocrx_word' id='word_1_121' title='bbox 905 1775 1039 1845; x_wconf 87' lang='lat' dir='ltr'><strong>lapis</strong></span> <span class='ocrx_word' id='word_1_122' title='bbox 1086 1780 1138 1832; x_wconf 87' lang='lat' dir='ltr'><strong>in</strong></span> <span class='ocrx_word' id='word_1_123' title='bbox 1193 1793 1299 1846; x_wconf 83' lang='lat' dir='ltr'><strong>quo</strong></span> <span class='ocrx_word' id='word_1_124' title='bbox 1356 1779 1498 1834; x_wconf 86' lang='lat' dir='ltr'><strong>sedit</strong></span> <span class='ocrx_word' id='word_1_125' title='bbox 1547 1779 1817 1848; x_wconf 88' lang='lat' dir='ltr'><strong>Christus,</strong></span> <span class='ocrx_word' id='word_1_126' title='bbox 1875 1783 2126 1839; x_wconf 80' lang='lat' dir='ltr'><strong>confecto</strong></span> 
     </span>
    </p>
   </div>
   <div class='ocr_carea' id='block_1_21' title="bbox 552 1863 2128 1943">
    <p class='ocr_par' dir='ltr' id='par_1_21' title="bbox 552 1863 2128 1943">
     <span class='ocr_line' id='line_1_21' title="bbox 552 1863 2128 1943; baseline 0.008 -25"><span class='ocrx_word' id='word_1_127' title='bbox 552 1863 1123 1923; x_wconf 73' lang='lat' dir='ltr'><strong>itinere.‘!idversum</strong></span> <span class='ocrx_word' id='word_1_128' title='bbox 1175 1869 1426 1942; x_wconf 90' lang='lat' dir='ltr'><strong>sepulcro</strong></span> <span class='ocrx_word' id='word_1_129' title='bbox 1479 1871 1622 1927; x_wconf 90' lang='lat' dir='ltr'><strong>intra</strong></span> <span class='ocrx_word' id='word_1_130' title='bbox 1677 1874 1988 1943; x_wconf 89' lang='lat' dir='ltr'><strong>speluncam</strong></span> <span class='ocrx_word' id='word_1_131' title='bbox 2042 1883 2128 1931; x_wconf 84' lang='lat' dir='ltr'><strong>est</strong></span> 
     </span>
    </p>
   </div>
   <div class='ocr_carea' id='block_1_22' title="bbox 552 1956 2120 2032">
    <p class='ocr_par' dir='ltr' id='par_1_22' title="bbox 552 1956 2120 2032">
     <span class='ocr_line' id='line_1_22' title="bbox 552 1956 2120 2032; baseline 0.008 -22"><span class='ocrx_word' id='word_1_132' title='bbox 552 1956 860 2030; x_wconf 77' lang='lat' dir='ltr'><strong>sepulcrum</strong></span> <span class='ocrx_word' id='word_1_133' title='bbox 900 1957 1119 2015; x_wconf 62' lang='lat' dir='ltr'><strong>Marthae</strong></span> <span class='ocrx_word' id='word_1_134' title='bbox 1152 1968 1204 2013; x_wconf 91' lang='lat' dir='ltr'><strong>et</strong></span> <span class='ocrx_word' id='word_1_135' title='bbox 1243 1959 1587 2032; x_wconf 73' lang='lat' dir='ltr'><strong>Magdalenze,</strong></span> <span class='ocrx_word' id='word_1_136' title='bbox 1622 1978 1871 2020; x_wconf 88' lang='lat' dir='ltr'><strong>sororum</strong></span> <span class='ocrx_word' id='word_1_137' title='bbox 1907 1965 2120 2022; x_wconf 85' lang='lat' dir='ltr'><strong>Lazari.</strong></span> 
     </span>
    </p>
   </div>
   <div class='ocr_carea' id='block_1_23' title="bbox 554 2042 2126 2122">
    <p class='ocr_par' dir='ltr' id='par_1_23' title="bbox 554 2042 2126 2122">
     <span class='ocr_line' id='line_1_23' title="bbox 554 2042 2126 2122; baseline 0.008 -20"><span class='ocrx_word' id='word_1_138' title='bbox 554 2047 728 2104; x_wconf 86' lang='lat' dir='ltr'><strong>Distat</strong></span> <span class='ocrx_word' id='word_1_139' title='bbox 757 2049 1021 2106; x_wconf 87' lang='lat' dir='ltr'><strong>Bethania</strong></span> <span class='ocrx_word' id='word_1_140' title='bbox 1055 2067 1086 2105; x_wconf 89' lang='lat' dir='ltr'><strong>a</strong></span> <span class='ocrx_word' id='word_1_141' title='bbox 1119 2062 1306 2107; x_wconf 91' lang='lat' dir='ltr'><strong>sancto</strong></span> <span class='ocrx_word' id='word_1_142' title='bbox 1332 2053 1585 2122; x_wconf 87' lang='lat' dir='ltr'><strong>sepulcro</strong></span> <span class='ocrx_word' id='word_1_143' title='bbox 1614 2042 1873 2111; x_wconf 86' lang='lat' dir='ltr'><strong>milliaria</strong></span> <span class='ocrx_word' id='word_1_144' title='bbox 1895 2058 2020 2114; x_wconf 92' lang='lat' dir='ltr'><strong>duo.</strong></span> <span class='ocrx_word' id='word_1_145' title='bbox 2047 2059 2126 2114; x_wconf 76' lang='lat' dir='ltr'><strong>Ex</strong></span> 
     </span>
    </p>
   </div>
   <div class='ocr_carea' id='block_1_24' title="bbox 553 2141 2127 2209">
    <p class='ocr_par' dir='ltr' id='par_1_24' title="bbox 553 2141 2127 2209">
     <span class='ocr_line' id='line_1_24' title="bbox 553 2141 2127 2209; baseline 0.007 -13"><span class='ocrx_word' id='word_1_146' title='bbox 553 2141 678 2204; x_wconf 82' lang='lat' dir='ltr'><strong>hac,</strong></span> <span class='ocrx_word' id='word_1_147' title='bbox 706 2142 774 2196; x_wconf 88' lang='lat' dir='ltr'><strong>ad</strong></span> <span class='ocrx_word' id='word_1_148' title='bbox 812 2142 1080 2199; x_wconf 84' lang='lat' dir='ltr'><strong>orientem</strong></span> <span class='ocrx_word' id='word_1_149' title='bbox 1108 2142 1300 2209; x_wconf 89' lang='lat' dir='ltr'><strong>solem,</strong></span> <span class='ocrx_word' id='word_1_150' title='bbox 1334 2145 1388 2200; x_wconf 91' lang='lat' dir='ltr'><strong>in</strong></span> <span class='ocrx_word' id='word_1_151' title='bbox 1439 2148 1631 2202; x_wconf 85' lang='lat' dir='ltr'><strong>urbem</strong></span> <span class='ocrx_word' id='word_1_152' title='bbox 1678 2147 1897 2206; x_wconf 85' lang='lat' dir='ltr'><strong>Jericho</strong></span> <span class='ocrx_word' id='word_1_153' title='bbox 1936 2165 2127 2207; x_wconf 85' lang='lat' dir='ltr'><strong>cursus</strong></span> 
     </span>
    </p>
   </div>
   <div class='ocr_carea' id='block_1_25' title="bbox 553 2232 2127 2308">
    <p class='ocr_par' dir='ltr' id='par_1_25' title="bbox 553 2232 2127 2308">
     <span class='ocr_line' id='line_1_25' title="bbox 553 2232 2127 2308; baseline 0.006 -21"><span class='ocrx_word' id='word_1_154' title='bbox 553 2232 820 2302; x_wconf 69' lang='lat' dir='ltr'><strong>dirigitur.</strong></span> <span class='ocrx_word' id='word_1_155' title='bbox 889 2235 968 2290; x_wconf 89' lang='lat' dir='ltr'><strong>lbi</strong></span> <span class='ocrx_word' id='word_1_156' title='bbox 1001 2234 1180 2301; x_wconf 87' lang='lat' dir='ltr'><strong>claba,</strong></span> <span class='ocrx_word' id='word_1_157' title='bbox 1209 2238 1262 2290; x_wconf 89' lang='lat' dir='ltr'><strong>in</strong></span> <span class='ocrx_word' id='word_1_158' title='bbox 1308 2253 1411 2306; x_wconf 88' lang='lat' dir='ltr'><strong>qua</strong></span> <span class='ocrx_word' id='word_1_159' title='bbox 1441 2237 1602 2308; x_wconf 88' lang='lat' dir='ltr'><strong>pedes</strong></span> <span class='ocrx_word' id='word_1_160' title='bbox 1630 2239 1757 2296; x_wconf 81' lang='lat' dir='ltr'><strong>Jesu</strong></span> <span class='ocrx_word' id='word_1_161' title='bbox 1791 2240 1991 2296; x_wconf 85' lang='lat' dir='ltr'><strong>Christi</strong></span> <span class='ocrx_word' id='word_1_162' title='bbox 2026 2242 2127 2296; x_wconf 88' lang='lat' dir='ltr'><strong>im-</strong></span> 
     </span>
    </p>
   </div>
   <div class='ocr_carea' id='block_1_26' title="bbox 552 2315 2122 2402">
    <p class='ocr_par' dir='ltr' id='par_1_26' title="bbox 552 2315 2122 2402">
     <span class='ocr_line' id='line_1_26' title="bbox 552 2315 2122 2402; baseline 0.006 -23"><span class='ocrx_word' id='word_1_163' title='bbox 552 2315 836 2390; x_wconf 85' lang='lat' dir='ltr'><strong>miserunt,</strong></span> <span class='ocrx_word' id='word_1_164' title='bbox 883 2341 1187 2387; x_wconf 85' lang='lat' dir='ltr'><strong>marmorea</strong></span> <span class='ocrx_word' id='word_1_165' title='bbox 1221 2329 1436 2395; x_wconf 80' lang='lat' dir='ltr'><strong>visitur,</strong></span> <span class='ocrx_word' id='word_1_166' title='bbox 1471 2340 1526 2384; x_wconf 93' lang='lat' dir='ltr'><strong>et</strong></span> <span class='ocrx_word' id='word_1_167' title='bbox 1549 2346 1731 2386; x_wconf 88' lang='lat' dir='ltr'><strong>mensa</strong></span> <span class='ocrx_word' id='word_1_168' title='bbox 1772 2333 1824 2386; x_wconf 91' lang='lat' dir='ltr'><strong>in</strong></span> <span class='ocrx_word' id='word_1_169' title='bbox 1871 2347 1980 2402; x_wconf 89' lang='lat' dir='ltr'><strong>qua</strong></span> <span class='ocrx_word' id='word_1_170' title='bbox 2030 2348 2122 2388; x_wconf 79' lang='lat' dir='ltr'><strong>sa-</strong></span> 
     </span>
    </p>
   </div>
   <div class='ocr_carea' id='block_1_27' title="bbox 460 2416 2126 2498">
    <p class='ocr_par' dir='ltr' id='par_1_27' title="bbox 460 2416 2126 2498">
     <span class='ocr_line' id='line_1_27' title="bbox 460 2416 2126 2498; baseline 0.005 -26"><span class='ocrx_word' id='word_1_171' title='bbox 460 2491 466 2498; x_wconf 87' lang='lat'><em>_</em></span> <span class='ocrx_word' id='word_1_172' title='bbox 551 2427 896 2474; x_wconf 84' lang='lat' dir='ltr'><strong>crosanctum</strong></span> <span class='ocrx_word' id='word_1_173' title='bbox 950 2416 1134 2476; x_wconf 70' lang='lat' dir='ltr'><strong>missa:</strong></span> <span class='ocrx_word' id='word_1_174' title='bbox 1177 2421 1506 2478; x_wconf 81' lang='lat' dir='ltr'><strong>sacriﬁcium</strong></span> <span class='ocrx_word' id='word_1_175' title='bbox 1564 2426 1864 2495; x_wconf 78' lang='lat' dir='ltr'><strong>peragitur.</strong></span> <span class='ocrx_word' id='word_1_176' title='bbox 1918 2427 2126 2482; x_wconf 82' lang='lat' dir='ltr'><strong>Accen-</strong></span> 
     </span>
    </p>
   </div>
   <div class='ocr_carea' id='block_1_28' title="bbox 554 2514 2121 2590">
    <p class='ocr_par' dir='ltr' id='par_1_28' title="bbox 554 2514 2121 2590">
     <span class='ocr_line' id='line_1_28' title="bbox 554 2514 2121 2590; baseline 0.006 -23"><span class='ocrx_word' id='word_1_177' title='bbox 554 2514 688 2578; x_wconf 86' lang='lat' dir='ltr'><strong>dunt</strong></span> <span class='ocrx_word' id='word_1_178' title='bbox 715 2523 953 2583; x_wconf 83' lang='lat' dir='ltr'><strong>quatuor</strong></span> <span class='ocrx_word' id='word_1_179' title='bbox 977 2514 1275 2584; x_wconf 86' lang='lat' dir='ltr'><strong>lampades.</strong></span> <span class='ocrx_word' id='word_1_180' title='bbox 1305 2516 1375 2572; x_wconf 87' lang='lat' dir='ltr'><strong>Et</strong></span> <span class='ocrx_word' id='word_1_181' title='bbox 1407 2520 1585 2588; x_wconf 85' lang='lat' dir='ltr'><strong>spatio</strong></span> <span class='ocrx_word' id='word_1_182' title='bbox 1614 2520 1799 2575; x_wconf 89' lang='lat' dir='ltr'><strong>decem</strong></span> <span class='ocrx_word' id='word_1_183' title='bbox 1843 2535 2121 2590; x_wconf 82' lang='lat' dir='ltr'><strong>passuum,</strong></span> 
     </span>
    </p>
   </div>
   <div class='ocr_carea' id='block_1_29' title="bbox 554 2593 2124 2682">
    <p class='ocr_par' dir='ltr' id='par_1_29' title="bbox 554 2593 2124 2682">
     <span class='ocr_line' id='line_1_29' title="bbox 554 2593 2124 2682; baseline 0.008 -24"><span class='ocrx_word' id='word_1_184' title='bbox 554 2593 911 2671; x_wconf 8' lang='lat' dir='ltr'><strong>columna,inv</strong></span> <span class='ocrx_word' id='word_1_185' title='bbox 942 2621 1052 2676; x_wconf 86' lang='lat' dir='ltr'><strong>qua</strong></span> <span class='ocrx_word' id='word_1_186' title='bbox 1083 2607 1360 2664; x_wconf 86' lang='lat' dir='ltr'><strong>Christum</strong></span> <span class='ocrx_word' id='word_1_187' title='bbox 1406 2608 1578 2665; x_wconf 66' lang='lat' dir='ltr'><strong>Judaei</strong></span> <span class='ocrx_word' id='word_1_188' title='bbox 1619 2611 1976 2682; x_wconf 77' lang='lat' dir='ltr'><strong>ﬂagellarunt.</strong></span> <span class='ocrx_word' id='word_1_189' title='bbox 2015 2615 2124 2670; x_wconf 83' lang='lat' dir='ltr'><strong>Ac-</strong></span> 
     </span>
    </p>
   </div>
   <div class='ocr_carea' id='block_1_30' title="bbox 553 2696 2123 2775">
    <p class='ocr_par' dir='ltr' id='par_1_30' title="bbox 553 2696 2123 2775">
     <span class='ocr_line' id='line_1_30' title="bbox 553 2696 2123 2775; baseline 0.008 -25"><span class='ocrx_word' id='word_1_190' title='bbox 553 2696 790 2752; x_wconf 88' lang='lat' dir='ltr'><strong>cenduut</strong></span> <span class='ocrx_word' id='word_1_191' title='bbox 832 2698 1111 2767; x_wconf 83' lang='lat' dir='ltr'><strong>lampades</strong></span> <span class='ocrx_word' id='word_1_192' title='bbox 1178 2713 1431 2770; x_wconf 84' lang='lat' dir='ltr'><strong>quatuor.</strong></span> <span class='ocrx_word' id='word_1_193' title='bbox 1487 2702 1771 2775; x_wconf 85' lang='lat' dir='ltr'><strong>Propeque</strong></span> <span class='ocrx_word' id='word_1_194' title='bbox 1824 2718 1950 2761; x_wconf 88' lang='lat' dir='ltr'><strong>ante</strong></span> <span class='ocrx_word' id='word_1_195' title='bbox 2003 2722 2123 2762; x_wconf 86' lang='lat' dir='ltr'><strong>eam</strong></span> 
     </span>
    </p>
   </div>
   <div class='ocr_carea' id='block_1_31' title="bbox 555 2785 2122 2868">
    <p class='ocr_par' dir='ltr' id='par_1_31' title="bbox 555 2785 2122 2868">
     <span class='ocr_line' id='line_1_31' title="bbox 555 2785 2122 2868; baseline 0.011 -30"><span class='ocrx_word' id='word_1_196' title='bbox 555 2785 726 2853; x_wconf 89' lang='lat' dir='ltr'><strong>locus,</strong></span> <span class='ocrx_word' id='word_1_197' title='bbox 857 2802 965 2858; x_wconf 87' lang='lat' dir='ltr'><strong>quo</strong></span> <span class='ocrx_word' id='word_1_198' title='bbox 992 2788 1173 2847; x_wconf 86' lang='lat' dir='ltr'><strong>clavos</strong></span> <span class='ocrx_word' id='word_1_199' title='bbox 1200 2792 1574 2859; x_wconf 80' lang='lat' dir='ltr'><strong>confecerunt,</strong></span> <span class='ocrx_word' id='word_1_200' title='bbox 1608 2798 1804 2866; x_wconf 88' lang='lat' dir='ltr'><strong>quibus</strong></span> <span class='ocrx_word' id='word_1_201' title='bbox 1837 2801 1986 2854; x_wconf 89' lang='lat' dir='ltr'><strong>cruci</strong></span> <span class='ocrx_word' id='word_1_202' title='bbox 2013 2799 2122 2854; x_wconf 88' lang='lat' dir='ltr'><strong>Do-</strong></span> 
     </span>
    </p>
   </div>
   <div class='ocr_carea' id='block_1_32' title="bbox 555 2879 2125 2962">
    <p class='ocr_par' dir='ltr' id='par_1_32' title="bbox 555 2879 2125 2962">
     <span class='ocr_line' id='line_1_32' title="bbox 555 2879 2125 2962; baseline 0.01 -29"><span class='ocrx_word' id='word_1_203' title='bbox 555 2879 759 2934; x_wconf 86' lang='lat' dir='ltr'><strong>minum</strong></span> <span class='ocrx_word' id='word_1_204' title='bbox 789 2881 1100 2939; x_wconf 68' lang='lat' dir='ltr'><strong>alliseruut.</strong></span> <span class='ocrx_word' id='word_1_205' title='bbox 1136 2885 1414 2954; x_wconf 83' lang='lat' dir='ltr'><strong>Pauloque</strong></span> <span class='ocrx_word' id='word_1_206' title='bbox 1460 2899 1608 2954; x_wconf 84' lang='lat' dir='ltr'><strong>ante,</strong></span> <span class='ocrx_word' id='word_1_207' title='bbox 1644 2890 1700 2945; x_wconf 91' lang='lat' dir='ltr'><strong>in</strong></span> <span class='ocrx_word' id='word_1_208' title='bbox 1735 2891 1933 2962; x_wconf 87' lang='lat' dir='ltr'><strong>sacello</strong></span> <span class='ocrx_word' id='word_1_209' title='bbox 1965 2892 2125 2948; x_wconf 89' lang='lat' dir='ltr'><strong>Italo-</strong></span> 
     </span>
    </p>
   </div>
   <div class='ocr_carea' id='block_1_33' title="bbox 555 2974 2195 3062">
    <p class='ocr_par' dir='ltr' id='par_1_33' title="bbox 555 2974 2195 3062">
     <span class='ocr_line' id='line_1_33' title="bbox 555 2974 2195 3062; baseline 0.009 -37"><span class='ocrx_word' id='word_1_210' title='bbox 555 2987 702 3040; x_wconf 86' lang='lat' dir='ltr'><strong>rum,</strong></span> <span class='ocrx_word' id='word_1_211' title='bbox 734 2974 789 3028; x_wconf 89' lang='lat' dir='ltr'><strong>in</strong></span> <span class='ocrx_word' id='word_1_212' title='bbox 820 2974 1158 3044; x_wconf 84' lang='lat' dir='ltr'><strong>pavimento,</strong></span> <span class='ocrx_word' id='word_1_213' title='bbox 1186 2987 1268 3032; x_wconf 90' lang='lat' dir='ltr'><strong>est</strong></span> <span class='ocrx_word' id='word_1_214' title='bbox 1302 2994 1545 3033; x_wconf 91' lang='lat' dir='ltr'><strong>marmor</strong></span> <span class='ocrx_word' id='word_1_215' title='bbox 1582 2981 1894 3044; x_wconf 86' lang='lat' dir='ltr'><strong>candidum.</strong></span> <span class='ocrx_word' id='word_1_216' title='bbox 1923 2992 2120 3054; x_wconf 80' lang='lat' dir='ltr'><strong>rotun-</strong></span> <span class='ocrx_word' id='word_1_217' title='bbox 2147 2999 2195 3062; x_wconf 70' lang='grc' dir='ltr'>α</span> 
     </span>
    </p>
   </div>
   <div class='ocr_carea' id='block_1_34' title="bbox 555 3067 2125 3145">
    <p class='ocr_par' dir='ltr' id='par_1_34' title="bbox 555 3067 2125 3145">
     <span class='ocr_line' id='line_1_34' title="bbox 555 3067 2125 3145; baseline 0.01 -27"><span class='ocrx_word' id='word_1_218' title='bbox 555 3067 706 3145; x_wconf 73' lang='lat' dir='ltr'><strong>dum,</strong></span> <span class='ocrx_word' id='word_1_219' title='bbox 762 3076 816 3120; x_wconf 88' lang='lat' dir='ltr'><strong>et</strong></span> <span class='ocrx_word' id='word_1_220' title='bbox 872 3067 924 3120; x_wconf 83' lang='lat' dir='ltr'><strong>in</strong></span> <span class='ocrx_word' id='word_1_221' title='bbox 958 3067 1136 3138; x_wconf 88' lang='lat' dir='ltr'><strong>medio</strong></span> <span class='ocrx_word' id='word_1_222' title='bbox 1187 3068 1450 3136; x_wconf 80' lang='lat' dir='ltr'><strong>foramen,</strong></span> <span class='ocrx_word' id='word_1_223' title='bbox 1497 3071 1750 3141; x_wconf 73' lang='lat' dir='ltr'><strong>adquod</strong></span> <span class='ocrx_word' id='word_1_224' title='bbox 1785 3089 1906 3129; x_wconf 90' lang='lat' dir='ltr'><strong>cum</strong></span> <span class='ocrx_word' id='word_1_225' title='bbox 1963 3089 2125 3133; x_wconf 84' lang='lat' dir='ltr'><strong>aures</strong></span> 
     </span>
    </p>
   </div>
   <div class='ocr_carea' id='block_1_35' title="bbox 556 3154 2129 3237">
    <p class='ocr_par' dir='ltr' id='par_1_35' title="bbox 556 3154 2129 3237">
     <span class='ocr_line' id='line_1_35' title="bbox 556 3154 2129 3237; baseline 0.009 -30"><span class='ocrx_word' id='word_1_226' title='bbox 556 3155 828 3231; x_wconf 86' lang='lat' dir='ltr'><strong>applicant</strong></span> <span class='ocrx_word' id='word_1_227' title='bbox 877 3154 1128 3212; x_wconf 83' lang='lat' dir='ltr'><strong>homines</strong></span> <span class='ocrx_word' id='word_1_228' title='bbox 1160 3159 1391 3214; x_wconf 84' lang='lat' dir='ltr'><strong>audiunt</strong></span> <span class='ocrx_word' id='word_1_229' title='bbox 1439 3161 1494 3214; x_wconf 88' lang='lat' dir='ltr'><strong>in</strong></span> <span class='ocrx_word' id='word_1_230' title='bbox 1532 3161 1727 3218; x_wconf 89' lang='lat' dir='ltr'><strong>incude</strong></span> <span class='ocrx_word' id='word_1_231' title='bbox 1755 3165 1881 3221; x_wconf 84' lang='lat' dir='ltr'><strong>aeris</strong></span> <span class='ocrx_word' id='word_1_232' title='bbox 1928 3168 2129 3237; x_wconf 88' lang='lat' dir='ltr'><strong>strepi-</strong></span> 
     </span>
    </p>
   </div>
   <div class='ocr_carea' id='block_1_36' title="bbox 557 3248 2124 3326">
    <p class='ocr_par' dir='ltr' id='par_1_36' title="bbox 557 3248 2124 3326">
     <span class='ocr_line' id='line_1_36' title="bbox 557 3248 2124 3326; baseline 0.008 -26"><span class='ocrx_word' id='word_1_233' title='bbox 557 3256 692 3310; x_wconf 91' lang='lat' dir='ltr'><strong>tum,</strong></span> <span class='ocrx_word' id='word_1_234' title='bbox 724 3262 788 3300; x_wconf 84' lang='lat' dir='ltr'><strong>ex</strong></span> <span class='ocrx_word' id='word_1_235' title='bbox 837 3261 947 3318; x_wconf 91' lang='lat' dir='ltr'><strong>quo</strong></span> <span class='ocrx_word' id='word_1_236' title='bbox 985 3248 1122 3302; x_wconf 88' lang='lat' dir='ltr'><strong>clavi</strong></span> <span class='ocrx_word' id='word_1_237' title='bbox 1159 3249 1393 3306; x_wconf 83' lang='lat' dir='ltr'><strong>confecti</strong></span> <span class='ocrx_word' id='word_1_238' title='bbox 1431 3260 1559 3308; x_wconf 88' lang='lat' dir='ltr'><strong>sunt</strong></span> <span class='ocrx_word' id='word_1_239' title='bbox 1592 3271 1606 3310; x_wconf 89' lang='lat'><strong>:</strong></span> <span class='ocrx_word' id='word_1_240' title='bbox 1641 3255 2020 3326; x_wconf 89' lang='lat' dir='ltr'><strong>detineturque</strong></span> <span class='ocrx_word' id='word_1_241' title='bbox 2052 3258 2124 3313; x_wconf 87' lang='lat' dir='ltr'><strong>ibi</strong></span> 
     </span>
    </p>
   </div>
   <div class='ocr_carea' id='block_1_37' title="bbox 555 3337 2124 3420">
    <p class='ocr_par' dir='ltr' id='par_1_37' title="bbox 555 3337 2124 3420">
     <span class='ocr_line' id='line_1_37' title="bbox 555 3337 2124 3420; baseline 0.01 -28"><span class='ocrx_word' id='word_1_242' title='bbox 555 3339 772 3404; x_wconf 80' lang='lat' dir='ltr'><strong>artifex,</strong></span> <span class='ocrx_word' id='word_1_243' title='bbox 807 3337 971 3394; x_wconf 86' lang='lat' dir='ltr'><strong>veluti</strong></span> <span class='ocrx_word' id='word_1_244' title='bbox 1029 3339 1084 3393; x_wconf 76' lang='lat' dir='ltr'><strong>in</strong></span> <span class='ocrx_word' id='word_1_245' title='bbox 1112 3354 1356 3408; x_wconf 89' lang='lat' dir='ltr'><strong>carcere,</strong></span> <span class='ocrx_word' id='word_1_246' title='bbox 1391 3357 1562 3412; x_wconf 88' lang='lat' dir='ltr'><strong>usque</strong></span> <span class='ocrx_word' id='word_1_247' title='bbox 1611 3341 1680 3402; x_wconf 85' lang='lat' dir='ltr'><strong>ad</strong></span> <span class='ocrx_word' id='word_1_248' title='bbox 1720 3348 1860 3403; x_wconf 89' lang='lat' dir='ltr'><strong>diem</strong></span> <span class='ocrx_word' id='word_1_249' title='bbox 1911 3350 2124 3420; x_wconf 86' lang='lat' dir='ltr'><strong>judicii.</strong></span> 
     </span>
    </p>
   </div>
   <div class='ocr_carea' id='block_1_38' title="bbox 557 3429 2125 3504">
    <p class='ocr_par' dir='ltr' id='par_1_38' title="bbox 557 3429 2125 3504">
     <span class='ocr_line' id='line_1_38' title="bbox 557 3429 2125 3504; baseline 0.008 -18"><span class='ocrx_word' id='word_1_250' title='bbox 557 3429 722 3491; x_wconf 71' lang='lat' dir='ltr'><strong>Retro</strong></span> <span class='ocrx_word' id='word_1_251' title='bbox 748 3430 801 3486; x_wconf 90' lang='lat' dir='ltr'><strong>in</strong></span> <span class='ocrx_word' id='word_1_252' title='bbox 829 3439 1017 3486; x_wconf 88' lang='lat' dir='ltr'><strong>sancto</strong></span> <span class='ocrx_word' id='word_1_253' title='bbox 1041 3431 1279 3496; x_wconf 81' lang='lat' dir='ltr'><strong>bemate,</strong></span> <span class='ocrx_word' id='word_1_254' title='bbox 1315 3433 1586 3504; x_wconf 76' lang='lat' dir='ltr'><strong>dispertiti</strong></span> <span class='ocrx_word' id='word_1_255' title='bbox 1629 3447 1757 3493; x_wconf 89' lang='lat' dir='ltr'><strong>sunt</strong></span> <span class='ocrx_word' id='word_1_256' title='bbox 1798 3441 2125 3498; x_wconf 82' lang='lat' dir='ltr'><strong>vestimenta</strong></span> 
     </span>
    </p>
   </div>
   <div class='ocr_carea' id='block_1_39' title="bbox 555 3519 2126 3590">
    <p class='ocr_par' dir='ltr' id='par_1_39' title="bbox 555 3519 2126 3590">
     <span class='ocr_line' id='line_1_39' title="bbox 555 3519 2126 3590; baseline 0.008 -13"><span class='ocrx_word' id='word_1_257' title='bbox 555 3520 783 3587; x_wconf 85' lang='lat' dir='ltr'><strong>Christi,</strong></span> <span class='ocrx_word' id='word_1_258' title='bbox 812 3529 871 3577; x_wconf 89' lang='lat' dir='ltr'><strong>ut</strong></span> <span class='ocrx_word' id='word_1_259' title='bbox 895 3519 1167 3590; x_wconf 85' lang='lat' dir='ltr'><strong>Propheta</strong></span> <span class='ocrx_word' id='word_1_260' title='bbox 1196 3521 1270 3577; x_wconf 87' lang='lat' dir='ltr'><strong>ait</strong></span> <span class='ocrx_word' id='word_1_261' title='bbox 1302 3540 1317 3578; x_wconf 88' lang='lat'><strong>:</strong></span> <span class='ocrx_word' id='word_1_262' title='bbox 1346 3522 1652 3583; x_wconf 67' lang='lat' dir='ltr'><strong>Divinarum</strong></span> <span class='ocrx_word' id='word_1_263' title='bbox 1687 3530 1784 3586; x_wconf 76' lang='lat' dir='ltr'><strong>sibi</strong></span> <span class='ocrx_word' id='word_1_264' title='bbox 1823 3533 2126 3590; x_wconf 69' lang='lat' dir='ltr'><strong>vestimenta</strong></span> 
     </span>
    </p>
   </div>
   <div class='ocr_carea' id='block_1_40' title="bbox 559 3615 1080 3680">
    <p class='ocr_par' dir='ltr' id='par_1_40' title="bbox 559 3615 1080 3680">
     <span class='ocr_line' id='line_1_40' title="bbox 559 3615 1080 3680; baseline -0.004 -10"><span class='ocrx_word' id='word_1_265' title='bbox 559 3630 671 3670; x_wconf 69' lang='lat' dir='ltr'><strong>utea</strong></span> <span class='ocrx_word' id='word_1_266' title='bbox 698 3615 743 3680; x_wconf 81' lang='grc'><strong>⁸,</strong></span> <span class='ocrx_word' id='word_1_267' title='bbox 779 3621 834 3670; x_wconf 89' lang='lat' dir='ltr'><strong>et</strong></span> <span class='ocrx_word' id='word_1_268' title='bbox 862 3622 1080 3680; x_wconf 61' lang='lat' dir='ltr'><strong>caztera.</strong></span> 
     </span>
    </p>
   </div>
   <div class='ocr_carea' id='block_1_41' title="bbox 628 3893 2131 3975">
    <p class='ocr_par' dir='ltr' id='par_1_41' title="bbox 628 3893 2131 3975">
     <span class='ocr_line' id='line_1_41' title="bbox 628 3893 2131 3975; baseline 0.007 -25"><span class='ocrx_word' id='word_1_269' title='bbox 628 3894 682 3951; x_wconf 92' lang='lat'><strong>7.</strong></span> <span class='ocrx_word' id='word_1_270' title='bbox 719 3893 855 3951; x_wconf 86' lang='lat' dir='ltr'><strong>Pars</strong></span> <span class='ocrx_word' id='word_1_271' title='bbox 878 3894 1099 3975; x_wconf 69' lang='lat' dir='ltr'><strong>sinistra</strong></span> <span class='ocrx_word' id='word_1_272' title='bbox 1125 3896 1358 3956; x_wconf 87' lang='lat' dir='ltr'><strong>bematis</strong></span> <span class='ocrx_word' id='word_1_273' title='bbox 1405 3902 1581 3957; x_wconf 88' lang='lat' dir='ltr'><strong>sancti</strong></span> <span class='ocrx_word' id='word_1_274' title='bbox 1626 3903 1859 3972; x_wconf 73' lang='lat' dir='ltr'><strong>sepulcri</strong></span> <span class='ocrx_word' id='word_1_275' title='bbox 1888 3904 2131 3960; x_wconf 85' lang='lat' dir='ltr'><strong>ascendit</strong></span> 
     </span>
    </p>
   </div>
   <div class='ocr_carea' id='block_1_42' title="bbox 442 3987 2126 4066">
    <p class='ocr_par' dir='ltr' id='par_1_42' title="bbox 442 3987 2126 4066">
     <span class='ocr_line' id='line_1_42' title="bbox 442 3987 2126 4066; baseline 0.007 -25"><span class='ocrx_word' id='word_1_276' title='bbox 442 4050 449 4054; x_wconf 89' lang='lat'>_</span> <span class='ocrx_word' id='word_1_277' title='bbox 558 3987 760 4059; x_wconf 64' lang='lat' dir='ltr'><strong>gradus</strong></span> <span class='ocrx_word' id='word_1_278' title='bbox 794 3989 1128 4059; x_wconf 80' lang='lat' dir='ltr'><strong>quindecim,</strong></span> <span class='ocrx_word' id='word_1_279' title='bbox 1177 3992 1365 4063; x_wconf 78' lang='lat' dir='ltr'><strong>sicque</strong></span> <span class='ocrx_word' id='word_1_280' title='bbox 1422 3991 1726 4063; x_wconf 79' lang='lat' dir='ltr'><strong>ingreditur</strong></span> <span class='ocrx_word' id='word_1_281' title='bbox 1779 3996 2126 4066; x_wconf 69' lang='lat' dir='ltr'><strong>Golgotham,</strong></span> 
     </span>
    </p>
   </div>
   <div class='ocr_carea' id='block_1_43' title="bbox 560 4079 2131 4152">
    <p class='ocr_par' dir='ltr' id='par_1_43' title="bbox 560 4079 2131 4152">
     <span class='ocr_line' id='line_1_43' title="bbox 560 4079 2131 4152; baseline 0.006 -16"><span class='ocrx_word' id='word_1_282' title='bbox 560 4082 613 4136; x_wconf 86' lang='lat' dir='ltr'><strong>iu</strong></span> <span class='ocrx_word' id='word_1_283' title='bbox 648 4095 764 4152; x_wconf 86' lang='lat' dir='ltr'><strong>quo.</strong></span> <span class='ocrx_word' id='word_1_284' title='bbox 798 4079 1060 4138; x_wconf 81' lang='lat' dir='ltr'><strong>Dominus</strong></span> <span class='ocrx_word' id='word_1_285' title='bbox 1098 4084 1248 4140; x_wconf 89' lang='lat' dir='ltr'><strong>cruci</strong></span> <span class='ocrx_word' id='word_1_286' title='bbox 1291 4083 1482 4142; x_wconf 78' lang='lat' dir='ltr'><strong>aliixus</strong></span> <span class='ocrx_word' id='word_1_287' title='bbox 1516 4094 1622 4141; x_wconf 91' lang='lat' dir='ltr'><strong>est.</strong></span> <span class='ocrx_word' id='word_1_288' title='bbox 1669 4085 1747 4141; x_wconf 89' lang='lat' dir='ltr'><strong>lbi</strong></span> <span class='ocrx_word' id='word_1_289' title='bbox 1780 4088 1861 4142; x_wconf 90' lang='lat' dir='ltr'><strong>sol</strong></span> <span class='ocrx_word' id='word_1_290' title='bbox 1910 4090 2131 4146; x_wconf 88' lang='lat' dir='ltr'><strong>obtene—</strong></span> 
     </span>
    </p>
   </div>
   <div class='ocr_carea' id='block_1_44' title="bbox 559 4165 2128 4260">
    <p class='ocr_par' dir='ltr' id='par_1_44' title="bbox 559 4165 2128 4260">
     <span class='ocr_line' id='line_1_44' title="bbox 559 4165 2128 4260; baseline 0.009 -39"><span class='ocrx_word' id='word_1_291' title='bbox 559 4165 747 4223; x_wconf 86' lang='lat' dir='ltr'><strong>bratus</strong></span> <span class='ocrx_word' id='word_1_292' title='bbox 784 4175 890 4234; x_wconf 83' lang='lat' dir='ltr'><strong>est,</strong></span> <span class='ocrx_word' id='word_1_293' title='bbox 938 4177 994 4224; x_wconf 93' lang='lat' dir='ltr'><strong>ct</strong></span> <span class='ocrx_word' id='word_1_294' title='bbox 1025 4170 1201 4256; x_wconf 75' lang='lat' dir='ltr'><strong>velum</strong></span> <span class='ocrx_word' id='word_1_295' title='bbox 1250 4172 1436 4241; x_wconf 89' lang='lat' dir='ltr'><strong>templi</strong></span> <span class='ocrx_word' id='word_1_296' title='bbox 1479 4187 1509 4226; x_wconf 87' lang='lat' dir='ltr'><strong>a</strong></span> <span class='ocrx_word' id='word_1_297' title='bbox 1554 4185 1705 4242; x_wconf 88' lang='lat' dir='ltr'><strong>parte</strong></span> <span class='ocrx_word' id='word_1_298' title='bbox 1760 4175 1842 4230; x_wconf 90' lang='lat' dir='ltr'><strong>sui</strong></span> <span class='ocrx_word' id='word_1_299' title='bbox 1877 4193 2128 4260; x_wconf 85' lang='lat' dir='ltr'><strong>suprema</strong></span> 
     </span>
    </p>
   </div>
   <div class='ocr_carea' id='block_1_45' title="bbox 561 4259 2132 4328">
    <p class='ocr_par' dir='ltr' id='par_1_45' title="bbox 561 4259 2132 4328">
     <span class='ocr_line' id='line_1_45' title="bbox 561 4259 2132 4328; baseline 0.007 -16"><span class='ocrx_word' id='word_1_300' title='bbox 561 4259 858 4328; x_wconf 83' lang='lat' dir='ltr'><strong>usque-ad</strong></span> <span class='ocrx_word' id='word_1_301' title='bbox 904 4260 1147 4314; x_wconf 81' lang='lat' dir='ltr'><strong>intimam</strong></span> <span class='ocrx_word' id='word_1_302' title='bbox 1193 4259 1449 4316; x_wconf 87' lang='lat' dir='ltr'><strong>scissum.</strong></span> <span class='ocrx_word' id='word_1_303' title='bbox 1497 4261 1575 4317; x_wconf 90' lang='lat' dir='ltr'><strong>lbi</strong></span> <span class='ocrx_word' id='word_1_304' title='bbox 1626 4264 1762 4318; x_wconf 82' lang='lat' dir='ltr'><strong>dixit</strong></span> <span class='ocrx_word' id='word_1_305' title='bbox 1812 4265 1988 4322; x_wconf 85' lang='lat' dir='ltr'><strong>latro:</strong></span> <span class='ocrx_word' id='word_1_306' title='bbox 2020 4268 2132 4323; x_wconf 75' lang='lat' dir='ltr'><strong>Me-</strong></span> 
     </span>
    </p>
   </div>
   <div class='ocr_carea' id='block_1_46' title="bbox 2148 1652 2198 1713">
    <p class='ocr_par' dir='ltr' id='par_1_46' title="bbox 2148 1652 2198 1713">
     <span class='ocr_line' id='line_1_46' title="bbox 2148 1652 2198 1713; baseline 0 0"><span class='ocrx_word' id='word_1_307' title='bbox 2148 1652 2198 1713; x_wconf 91' lang='lat' dir='ltr'><strong>B</strong></span> 
     </span>
    </p>
   </div>
   <div class='ocr_carea' id='block_1_47' title="bbox 2215 410 3769 487">
    <p class='ocr_par' dir='ltr' id='par_1_47' title="bbox 2215 410 3769 487">
     <span class='ocr_line' id='line_1_47' title="bbox 2215 410 3769 487; baseline -0.001 -18"><span class='ocrx_word' id='word_1_308' title='bbox 2215 432 2306 469; x_wconf 89' lang='grc' dir='ltr'><strong>ται</strong></span> <span class='ocrx_word' id='word_1_309' title='bbox 2335 416 2432 468; x_wconf 79' lang='grc' dir='ltr'><strong>καὶ</strong></span> <span class='ocrx_word' id='word_1_310' title='bbox 2461 415 2630 484; x_wconf 74' lang='grc' dir='ltr'><strong>χωρὶς</strong></span> <span class='ocrx_word' id='word_1_311' title='bbox 2656 412 2723 467; x_wconf 68' lang='lat' dir='ltr'><strong>va</strong></span> <span class='ocrx_word' id='word_1_312' title='bbox 2751 410 3088 484; x_wconf 78' lang='grc' dir='ltr'><strong>ξομολογηθῇ</strong></span> <span class='ocrx_word' id='word_1_313' title='bbox 3120 413 3268 476; x_wconf 81' lang='grc' dir='ltr'><strong>ὅλαις</strong></span> <span class='ocrx_word' id='word_1_314' title='bbox 3294 429 3392 467; x_wconf 90' lang='grc' dir='ltr'><strong>του</strong></span> <span class='ocrx_word' id='word_1_315' title='bbox 3439 415 3559 474; x_wconf 81' lang='grc' dir='ltr'>ταῖς</span> <span class='ocrx_word' id='word_1_316' title='bbox 3595 416 3769 487; x_wconf 81' lang='grc' dir='ltr'><strong>ἁμαρ-</strong></span> 
     </span>
    </p>
   </div>
   <div class='ocr_carea' id='block_1_48' title="bbox 2216 501 3774 574">
    <p class='ocr_par' dir='ltr' id='par_1_48' title="bbox 2216 501 3774 574">
     <span class='ocr_line' id='line_1_48' title="bbox 2216 501 3774 574; baseline 0.001 -16"><span class='ocrx_word' id='word_1_317' title='bbox 2216 507 2380 569; x_wconf 84' lang='grc' dir='ltr'><strong>τίαις,</strong></span> <span class='ocrx_word' id='word_1_318' title='bbox 2413 505 2566 560; x_wconf 77' lang='grc' dir='ltr'><strong>οὐδὲν</strong></span> <span class='ocrx_word' id='word_1_319' title='bbox 2597 504 2815 574; x_wconf 79' lang='grc' dir='ltr'><strong>ἐμπορῆ</strong></span> <span class='ocrx_word' id='word_1_320' title='bbox 2847 503 2915 557; x_wconf 82' lang='grc' dir='ltr'>νὰ</span> <span class='ocrx_word' id='word_1_321' title='bbox 2945 501 3083 574; x_wconf 67' lang='grc' dir='ltr'><strong>εθγῃ</strong></span> <span class='ocrx_word' id='word_1_322' title='bbox 3117 504 3341 558; x_wconf 72' lang='grc' dir='ltr'><strong>ἀποκεῖ.</strong></span> <span class='ocrx_word' id='word_1_323' title='bbox 3376 504 3528 558; x_wconf 78' lang='grc' dir='ltr'><strong>Ἐκεῖ</strong></span> <span class='ocrx_word' id='word_1_324' title='bbox 3577 504 3694 560; x_wconf 76' lang='grc' dir='ltr'>ἐναι</span> <span class='ocrx_word' id='word_1_325' title='bbox 3721 506 3774 559; x_wconf 82' lang='grc' dir='ltr'><strong>τὸ</strong></span> 
     </span>
    </p>
   </div>
   <div class='ocr_carea' id='block_1_49' title="bbox 2203 593 3775 670">
    <p class='ocr_par' dir='ltr' id='par_1_49' title="bbox 2203 593 3775 670">
     <span class='ocr_line' id='line_1_49' title="bbox 2203 593 3775 670; baseline -0.002 -17"><span class='ocrx_word' id='word_1_326' title='bbox 2203 598 2415 670; x_wconf 72' lang='grc' dir='ltr'><strong>»κελλὴν</strong></span> <span class='ocrx_word' id='word_1_327' title='bbox 2444 598 2579 652; x_wconf 79' lang='grc' dir='ltr'><strong>ὀποῦ</strong></span> <span class='ocrx_word' id='word_1_328' title='bbox 2601 596 2868 651; x_wconf 80' lang='grc' dir='ltr'><strong>ἐκάθετον</strong></span> <span class='ocrx_word' id='word_1_329' title='bbox 2901 596 3128 666; x_wconf 84' lang='grc' dir='ltr'><strong>χρόνους</strong></span> <span class='ocrx_word' id='word_1_330' title='bbox 3161 593 3228 660; x_wconf 76' lang='grc' dir='ltr'><strong>ζ’.</strong></span> <span class='ocrx_word' id='word_1_331' title='bbox 3280 597 3634 668; x_wconf 76' lang='grc' dir='ltr'><strong>Κρεμοῦνται</strong></span> <span class='ocrx_word' id='word_1_332' title='bbox 3660 616 3775 652; x_wconf 80' lang='grc' dir='ltr'><strong>καν-</strong></span> 
     </span>
    </p>
   </div>
   <div class='ocr_carea' id='block_1_50' title="bbox 2215 682 3776 762">
    <p class='ocr_par' dir='ltr' id='par_1_50' title="bbox 2215 682 3776 762">
     <span class='ocr_line' id='line_1_50' title="bbox 2215 682 3776 762; baseline -0.002 -16"><span class='ocrx_word' id='word_1_333' title='bbox 2215 693 2406 762; x_wconf 80' lang='grc' dir='ltr'>δήλαις</span> <span class='ocrx_word' id='word_1_334' title='bbox 2435 697 2506 760; x_wconf 84' lang='grc' dir='ltr'><strong>γ’.</strong></span> <span class='ocrx_word' id='word_1_335' title='bbox 2542 692 2659 746; x_wconf 77' lang='grc' dir='ltr'><strong>Καὶ</strong></span> <span class='ocrx_word' id='word_1_336' title='bbox 2708 687 2845 759; x_wconf 79' lang='grc' dir='ltr'><strong>σιμά</strong></span> <span class='ocrx_word' id='word_1_337' title='bbox 2878 689 3099 744; x_wconf 76' lang='grc' dir='ltr'><strong>ἐκεῖθεν</strong></span> <span class='ocrx_word' id='word_1_338' title='bbox 3131 690 3324 744; x_wconf 87' lang='grc' dir='ltr'><strong>στάδια</strong></span> <span class='ocrx_word' id='word_1_339' title='bbox 3355 690 3422 761; x_wconf 86' lang='grc' dir='ltr'><strong>β’,</strong></span> <span class='ocrx_word' id='word_1_340' title='bbox 3475 682 3593 746; x_wconf 65' lang='lat' dir='ltr'><strong>tm</strong></span> <span class='ocrx_word' id='word_1_341' title='bbox 3619 693 3653 760; x_wconf 78' lang='grc' dir='ltr'>ἡ</span> <span class='ocrx_word' id='word_1_342' title='bbox 3687 690 3776 743; x_wconf 80' lang='grc' dir='ltr'><strong>Γα-</strong></span> 
     </span>
    </p>
   </div>
   <div class='ocr_carea' id='block_1_51' title="bbox 2218 782 3776 855">
    <p class='ocr_par' dir='ltr' id='par_1_51' title="bbox 2218 782 3776 855">
     <span class='ocr_line' id='line_1_51' title="bbox 2218 782 3776 855; baseline -0.002 -19"><span class='ocrx_word' id='word_1_343' title='bbox 2218 783 2426 849; x_wconf 87' lang='grc' dir='ltr'><strong>λιλαία,</strong></span> <span class='ocrx_word' id='word_1_344' title='bbox 2479 784 2509 836; x_wconf 94' lang='lat'><strong>6</strong></span> <span class='ocrx_word' id='word_1_345' title='bbox 2549 785 2604 836; x_wconf 84' lang='grc' dir='ltr'><strong>ἐν</strong></span> <span class='ocrx_word' id='word_1_346' title='bbox 2662 783 2820 838; x_wconf 76' lang='grc' dir='ltr'>Κανᾶ</span> <span class='ocrx_word' id='word_1_347' title='bbox 2872 784 3072 855; x_wconf 80' lang='grc' dir='ltr'><strong>γάμος,</strong></span> <span class='ocrx_word' id='word_1_348' title='bbox 3128 784 3265 838; x_wconf 83' lang='grc' dir='ltr'><strong>ὀποῦ</strong></span> <span class='ocrx_word' id='word_1_349' title='bbox 3301 782 3565 852; x_wconf 80' lang='grc' dir='ltr'><strong>ἐποίησεν</strong></span> <span class='ocrx_word' id='word_1_350' title='bbox 3595 783 3625 834; x_wconf 94' lang='lat'><strong>6</strong></span> <span class='ocrx_word' id='word_1_351' title='bbox 3654 783 3776 851; x_wconf 82' lang='lat' dir='ltr'><strong>Xpt-</strong></span> 
     </span>
    </p>
   </div>
   <div class='ocr_carea' id='block_1_52' title="bbox 2220 871 3778 947">
    <p class='ocr_par' dir='ltr' id='par_1_52' title="bbox 2220 871 3778 947">
     <span class='ocr_line' id='line_1_52' title="bbox 2220 871 3778 947; baseline -0.002 -18"><span class='ocrx_word' id='word_1_352' title='bbox 2220 876 2345 940; x_wconf 81' lang='grc' dir='ltr'><strong>στδς</strong></span> <span class='ocrx_word' id='word_1_353' title='bbox 2370 875 2433 931; x_wconf 82' lang='grc' dir='ltr'><strong>τὸ</strong></span> <span class='ocrx_word' id='word_1_354' title='bbox 2462 873 2608 946; x_wconf 76' lang='grc' dir='ltr'><strong>ὕδωρ</strong></span> <span class='ocrx_word' id='word_1_355' title='bbox 2635 871 2801 931; x_wconf 81' lang='grc' dir='ltr'><strong>οἶνον.</strong></span> <span class='ocrx_word' id='word_1_356' title='bbox 2840 875 3019 930; x_wconf 81' lang='lat' dir='ltr'><strong>A6106</strong></span> <span class='ocrx_word' id='word_1_357' title='bbox 3046 871 3182 947; x_wconf 73' lang='grc' dir='ltr'><strong>ἦτον</strong></span> <span class='ocrx_word' id='word_1_358' title='bbox 3225 875 3320 928; x_wconf 74' lang='grc' dir='ltr'><strong>καὶ</strong></span> <span class='ocrx_word' id='word_1_359' title='bbox 3349 875 3498 941; x_wconf 82' lang='grc' dir='ltr'><strong>ναὸς,</strong></span> <span class='ocrx_word' id='word_1_360' title='bbox 3530 876 3624 928; x_wconf 76' lang='grc' dir='ltr'><strong>καὶ</strong></span> <span class='ocrx_word' id='word_1_361' title='bbox 3661 873 3778 943; x_wconf 70' lang='grc' dir='ltr'><strong>ἐχά-</strong></span> 
     </span>
    </p>
   </div>
   <div class='ocr_carea' id='block_1_53' title="bbox 2217 967 2813 1042">
    <p class='ocr_par' dir='ltr' id='par_1_53' title="bbox 2217 967 2813 1042">
     <span class='ocr_line' id='line_1_53' title="bbox 2217 967 2813 1042; baseline 0.015 -22"><span class='ocrx_word' id='word_1_362' title='bbox 2217 967 2403 1023; x_wconf 82' lang='grc' dir='ltr'><strong>λασεν.</strong></span> <span class='ocrx_word' id='word_1_363' title='bbox 2810 1039 2813 1042; x_wconf 34' lang='grc'><strong>,</strong></span> 
     </span>
    </p>
   </div>
   <div class='ocr_carea' id='block_1_54' title="bbox 2295 1058 3779 1131">
    <p class='ocr_par' dir='ltr' id='par_1_54' title="bbox 2295 1058 3779 1131">
     <span class='ocr_line' id='line_1_54' title="bbox 2295 1058 3779 1131; baseline -0.007 -13"><span class='ocrx_word' id='word_1_364' title='bbox 2295 1068 2372 1125; x_wconf 84' lang='grc' dir='ltr'><strong>ς’.</strong></span> <span class='ocrx_word' id='word_1_365' title='bbox 2394 1061 2492 1124; x_wconf 76' lang='lat' dir='ltr'><strong>Ei;</strong></span> <span class='ocrx_word' id='word_1_366' title='bbox 2518 1061 2581 1115; x_wconf 87' lang='lat'><strong>16</strong></span> <span class='ocrx_word' id='word_1_367' title='bbox 2612 1061 2738 1131; x_wconf 85' lang='grc' dir='ltr'><strong>δρος</strong></span> <span class='ocrx_word' id='word_1_368' title='bbox 2772 1061 2882 1118; x_wconf 90' lang='grc' dir='ltr'>τῶν</span> <span class='ocrx_word' id='word_1_369' title='bbox 2901 1061 3133 1117; x_wconf 82' lang='grc' dir='ltr'>Ἐλαιῶν</span> <span class='ocrx_word' id='word_1_370' title='bbox 3164 1062 3433 1116; x_wconf 80' lang='grc' dir='ltr'><strong>ἐκάθετον</strong></span> <span class='ocrx_word' id='word_1_371' title='bbox 3469 1061 3499 1114; x_wconf 92' lang='lat'><strong>6</strong></span> <span class='ocrx_word' id='word_1_372' title='bbox 3529 1058 3779 1127; x_wconf 74' lang='grc' dir='ltr'><strong>Μελχισεο</strong></span> 
     </span>
    </p>
   </div>
   <div class='ocr_carea' id='block_1_55' title="bbox 2220 1150 3777 1225">
    <p class='ocr_par' dir='ltr' id='par_1_55' title="bbox 2220 1150 3777 1225">
     <span class='ocr_line' id='line_1_55' title="bbox 2220 1150 3777 1225; baseline -0.003 -18"><span class='ocrx_word' id='word_1_373' title='bbox 2220 1153 2314 1207; x_wconf 83' lang='grc' dir='ltr'><strong>δὲκ</strong></span> <span class='ocrx_word' id='word_1_374' title='bbox 2349 1155 2576 1223; x_wconf 81' lang='grc' dir='ltr'><strong>χρόνους</strong></span> <span class='ocrx_word' id='word_1_375' title='bbox 2620 1153 2664 1216; x_wconf 78' lang='grc' dir='ltr'><strong>ζ’</strong></span> <span class='ocrx_word' id='word_1_376' title='bbox 2692 1170 2708 1188; x_wconf 78' lang='grc' dir='ltr'><strong>ο</strong></span> <span class='ocrx_word' id='word_1_377' title='bbox 2741 1156 2835 1208; x_wconf 73' lang='grc' dir='ltr'><strong>καὶ</strong></span> <span class='ocrx_word' id='word_1_378' title='bbox 2863 1153 3110 1225; x_wconf 77' lang='grc' dir='ltr'><strong>ἐπεμψεν</strong></span> <span class='ocrx_word' id='word_1_379' title='bbox 3150 1155 3178 1207; x_wconf 91' lang='lat'><strong>6</strong></span> <span class='ocrx_word' id='word_1_380' title='bbox 3211 1153 3348 1216; x_wconf 76' lang='grc' dir='ltr'><strong>θεὸς</strong></span> <span class='ocrx_word' id='word_1_381' title='bbox 3399 1152 3494 1207; x_wconf 77' lang='lat' dir='ltr'><strong>16v</strong></span> <span class='ocrx_word' id='word_1_382' title='bbox 3515 1150 3777 1222; x_wconf 76' lang='grc' dir='ltr'><strong>Ἀϐραὰμ,</strong></span> 
     </span>
    </p>
   </div>
   <div class='ocr_carea' id='block_1_56' title="bbox 2222 1237 3783 1315">
    <p class='ocr_par' dir='ltr' id='par_1_56' title="bbox 2222 1237 3783 1315">
     <span class='ocr_line' id='line_1_56' title="bbox 2222 1237 3783 1315; baseline -0.003 -20"><span class='ocrx_word' id='word_1_383' title='bbox 2222 1241 2316 1295; x_wconf 74' lang='grc' dir='ltr'><strong>καὶ</strong></span> <span class='ocrx_word' id='word_1_384' title='bbox 2353 1242 2756 1315; x_wconf 71' lang='grc' dir='ltr'><strong>ἐνυχοκόπησέν</strong></span> <span class='ocrx_word' id='word_1_385' title='bbox 2779 1260 2892 1309; x_wconf 88' lang='grc' dir='ltr'><strong>τον,</strong></span> <span class='ocrx_word' id='word_1_386' title='bbox 2941 1244 3037 1297; x_wconf 78' lang='grc' dir='ltr'><strong>καὶ</strong></span> <span class='ocrx_word' id='word_1_387' title='bbox 3075 1241 3505 1314; x_wconf 76' lang='grc' dir='ltr'><strong>ἐτριχοκόπησὲν</strong></span> <span class='ocrx_word' id='word_1_388' title='bbox 3530 1257 3646 1304; x_wconf 88' lang='grc' dir='ltr'><strong>τον,</strong></span> <span class='ocrx_word' id='word_1_389' title='bbox 3695 1237 3783 1292; x_wconf 82' lang='grc' dir='ltr'><strong>καὶ</strong></span> 
     </span>
    </p>
   </div>
   <div class='ocr_carea' id='block_1_57' title="bbox 2222 1330 3781 1404">
    <p class='ocr_par' dir='ltr' id='par_1_57' title="bbox 2222 1330 3781 1404">
     <span class='ocr_line' id='line_1_57' title="bbox 2222 1330 3781 1404; baseline -0.003 -18"><span class='ocrx_word' id='word_1_390' title='bbox 2222 1331 2424 1388; x_wconf 78' lang='grc' dir='ltr'><strong>ἔδωκεν</strong></span> <span class='ocrx_word' id='word_1_391' title='bbox 2444 1333 2547 1388; x_wconf 80' lang='grc' dir='ltr'><strong>τὸν</strong></span> <span class='ocrx_word' id='word_1_392' title='bbox 2561 1334 2747 1404; x_wconf 82' lang='grc' dir='ltr'><strong>ἄρτον,</strong></span> <span class='ocrx_word' id='word_1_393' title='bbox 2779 1335 2874 1388; x_wconf 63' lang='grc' dir='ltr'><strong>καί⁵</strong></span> <span class='ocrx_word' id='word_1_394' title='bbox 2887 1333 3122 1403; x_wconf 64' lang='grc' dir='ltr'><strong>ἔφαγεν,</strong></span> <span class='ocrx_word' id='word_1_395' title='bbox 3144 1335 3241 1388; x_wconf 74' lang='grc' dir='ltr'><strong>κάι</strong></span> <span class='ocrx_word' id='word_1_396' title='bbox 3267 1330 3781 1404; x_wconf 58' lang='grc' dir='ltr'><strong>εὐλογήθηῗΔϐραὰμ</strong></span> 
     </span>
    </p>
   </div>
   <div class='ocr_carea' id='block_1_58' title="bbox 2221 1413 3782 1494">
    <p class='ocr_par' dir='ltr' id='par_1_58' title="bbox 2221 1413 3782 1494">
     <span class='ocr_line' id='line_1_58' title="bbox 2221 1413 3782 1494; baseline -0.007 -18"><span class='ocrx_word' id='word_1_397' title='bbox 2221 1422 2331 1476; x_wconf 77' lang='grc' dir='ltr'><strong>ἀπὸ</strong></span> <span class='ocrx_word' id='word_1_398' title='bbox 2361 1422 2458 1476; x_wconf 81' lang='grc' dir='ltr'><strong>τοῦ</strong></span> <span class='ocrx_word' id='word_1_399' title='bbox 2489 1421 2853 1494; x_wconf 75' lang='grc' dir='ltr'><strong>Μελχισεδέκ.</strong></span> <span class='ocrx_word' id='word_1_400' title='bbox 2894 1421 3116 1491; x_wconf 61' lang='grc' dir='ltr'><strong>Ἀπέχει</strong></span> <span class='ocrx_word' id='word_1_401' title='bbox 3165 1419 3228 1474; x_wconf 89' lang='lat'><strong>16</strong></span> <span class='ocrx_word' id='word_1_402' title='bbox 3261 1419 3387 1490; x_wconf 83' lang='grc' dir='ltr'><strong>δρος</strong></span> <span class='ocrx_word' id='word_1_403' title='bbox 3431 1416 3542 1472; x_wconf 90' lang='grc' dir='ltr'><strong>τῶν</strong></span> <span class='ocrx_word' id='word_1_404' title='bbox 3572 1413 3782 1469; x_wconf 82' lang='grc' dir='ltr'>Ἐλαιῶν</span> 
     </span>
    </p>
   </div>
   <div class='ocr_carea' id='block_1_59' title="bbox 2223 1503 3784 1582">
    <p class='ocr_par' dir='ltr' id='par_1_59' title="bbox 2223 1503 3784 1582">
     <span class='ocr_line' id='line_1_59' title="bbox 2223 1503 3784 1582; baseline -0.007 -14"><span class='ocrx_word' id='word_1_405' title='bbox 2223 1513 2333 1568; x_wconf 80' lang='grc' dir='ltr'><strong>ἀπὸ</strong></span> <span class='ocrx_word' id='word_1_406' title='bbox 2359 1514 2453 1568; x_wconf 82' lang='grc' dir='ltr'><strong>τὸν</strong></span> <span class='ocrx_word' id='word_1_407' title='bbox 2482 1512 2639 1582; x_wconf 69' lang='grc' dir='ltr'><strong>ἅγιον</strong></span> <span class='ocrx_word' id='word_1_408' title='bbox 2675 1513 2847 1581; x_wconf 83' lang='grc' dir='ltr'><strong>τάφον</strong></span> <span class='ocrx_word' id='word_1_409' title='bbox 2889 1511 3070 1582; x_wconf 85' lang='grc' dir='ltr'><strong>μιλίον</strong></span> <span class='ocrx_word' id='word_1_410' title='bbox 3102 1508 3172 1566; x_wconf 84' lang='grc' dir='ltr'><strong>α’.</strong></span> <span class='ocrx_word' id='word_1_411' title='bbox 3216 1511 3330 1564; x_wconf 78' lang='grc' dir='ltr'><strong>Καὶ</strong></span> <span class='ocrx_word' id='word_1_412' title='bbox 3365 1508 3509 1563; x_wconf 84' lang='grc' dir='ltr'><strong>κατά</strong></span> <span class='ocrx_word' id='word_1_413' title='bbox 3536 1503 3784 1567; x_wconf 76' lang='grc' dir='ltr'><strong>ἀνατολὰς</strong></span> 
     </span>
    </p>
   </div>
   <div class='ocr_carea' id='block_1_60' title="bbox 2223 1597 3782 1677">
    <p class='ocr_par' dir='ltr' id='par_1_60' title="bbox 2223 1597 3782 1677">
     <span class='ocr_line' id='line_1_60' title="bbox 2223 1597 3782 1677; baseline -0.008 -16"><span class='ocrx_word' id='word_1_414' title='bbox 2223 1606 2321 1661; x_wconf 89' lang='lat'><strong>106</strong></span> <span class='ocrx_word' id='word_1_415' title='bbox 2378 1606 2539 1677; x_wconf 80' lang='grc' dir='ltr'><strong>δρους</strong></span> <span class='ocrx_word' id='word_1_416' title='bbox 2570 1605 2680 1658; x_wconf 90' lang='grc' dir='ltr'><strong>τῶν</strong></span> <span class='ocrx_word' id='word_1_417' title='bbox 2718 1603 2951 1658; x_wconf 83' lang='grc' dir='ltr'><strong>Ἐλαιῶν</strong></span> <span class='ocrx_word' id='word_1_418' title='bbox 2992 1603 3240 1658; x_wconf 78' lang='grc' dir='ltr'><strong>κάτωθεν</strong></span> <span class='ocrx_word' id='word_1_419' title='bbox 3291 1600 3434 1656; x_wconf 73' lang='grc' dir='ltr'><strong>εἶναι</strong></span> <span class='ocrx_word' id='word_1_420' title='bbox 3462 1603 3497 1671; x_wconf 79' lang='grc' dir='ltr'>ἠ</span> <span class='ocrx_word' id='word_1_421' title='bbox 3536 1597 3782 1672; x_wconf 82' lang='grc' dir='ltr'><strong>Βηθανία.</strong></span> 
     </span>
    </p>
   </div>
   <div class='ocr_carea' id='block_1_61' title="bbox 2239 1686 3786 1768">
    <p class='ocr_par' dir='ltr' id='par_1_61' title="bbox 2239 1686 3786 1768">
     <span class='ocr_line' id='line_1_61' title="bbox 2239 1686 3786 1768; baseline -0.01 -12"><span class='ocrx_word' id='word_1_422' title='bbox 2239 1699 2390 1756; x_wconf 76' lang='grc' dir='ltr'><strong>Ἐκεῖ</strong></span> <span class='ocrx_word' id='word_1_423' title='bbox 2415 1694 2557 1753; x_wconf 79' lang='grc' dir='ltr'><strong>εἶναι</strong></span> <span class='ocrx_word' id='word_1_424' title='bbox 2593 1700 2622 1752; x_wconf 92' lang='lat'><strong>6</strong></span> <span class='ocrx_word' id='word_1_425' title='bbox 2671 1698 2842 1768; x_wconf 80' lang='grc' dir='ltr'><strong>τάφος</strong></span> <span class='ocrx_word' id='word_1_426' title='bbox 2875 1696 2972 1750; x_wconf 90' lang='lat'><strong>106</strong></span> <span class='ocrx_word' id='word_1_427' title='bbox 3007 1695 3167 1768; x_wconf 84' lang='grc' dir='ltr'><strong>ἁγίου</strong></span> <span class='ocrx_word' id='word_1_428' title='bbox 3199 1695 3454 1767; x_wconf 80' lang='grc' dir='ltr'><strong>Λαζάρου</strong></span> <span class='ocrx_word' id='word_1_429' title='bbox 3477 1710 3496 1727; x_wconf 76' lang='grc' dir='ltr'>ο</span> <span class='ocrx_word' id='word_1_430' title='bbox 3529 1694 3621 1747; x_wconf 76' lang='grc' dir='ltr'><strong>καὶ</strong></span> <span class='ocrx_word' id='word_1_431' title='bbox 3658 1686 3786 1743; x_wconf 74' lang='grc' dir='ltr'><strong>εἶναι</strong></span> 
     </span>
    </p>
   </div>
   <div class='ocr_carea' id='block_1_62' title="bbox 2228 1783 3786 1863">
    <p class='ocr_par' dir='ltr' id='par_1_62' title="bbox 2228 1783 3786 1863">
     <span class='ocr_line' id='line_1_62' title="bbox 2228 1783 3786 1863; baseline -0.008 -17"><span class='ocrx_word' id='word_1_432' title='bbox 2228 1791 2609 1863; x_wconf 82' lang='grc' dir='ltr'><strong>μαρμάρέῖνος</strong></span> <span class='ocrx_word' id='word_1_433' title='bbox 2646 1789 3005 1860; x_wconf 80' lang='grc' dir='ltr'><strong>ὡραιότατος.</strong></span> <span class='ocrx_word' id='word_1_434' title='bbox 3035 1788 3150 1843; x_wconf 80' lang='grc' dir='ltr'><strong>Καὶ</strong></span> <span class='ocrx_word' id='word_1_435' title='bbox 3193 1787 3363 1842; x_wconf 75' lang='grc' dir='ltr'><strong>κοντα</strong></span> <span class='ocrx_word' id='word_1_436' title='bbox 3391 1787 3473 1846; x_wconf 77' lang='grc' dir='ltr'><strong>είς</strong></span> <span class='ocrx_word' id='word_1_437' title='bbox 3517 1784 3609 1839; x_wconf 77' lang='grc' dir='ltr'><strong>τὸν</strong></span> <span class='ocrx_word' id='word_1_438' title='bbox 3631 1783 3786 1848; x_wconf 78' lang='grc' dir='ltr'><strong>τάφον</strong></span> 
     </span>
    </p>
   </div>
   <div class='ocr_carea' id='block_1_63' title="bbox 2219 1876 3785 1951">
    <p class='ocr_par' dir='ltr' id='par_1_63' title="bbox 2219 1876 3785 1951">
     <span class='ocr_line' id='line_1_63' title="bbox 2219 1876 3785 1951; baseline -0.006 -12"><span class='ocrx_word' id='word_1_439' title='bbox 2219 1877 2378 1940; x_wconf 69' lang='grc' dir='ltr'><strong>,εἶναι</strong></span> <span class='ocrx_word' id='word_1_440' title='bbox 2413 1885 2441 1936; x_wconf 91' lang='lat'><strong>6</strong></span> <span class='ocrx_word' id='word_1_441' title='bbox 2467 1882 2613 1944; x_wconf 90' lang='grc' dir='ltr'><strong>λίθος</strong></span> <span class='ocrx_word' id='word_1_442' title='bbox 2641 1881 2778 1934; x_wconf 88' lang='lat'><strong>61:06</strong></span> <span class='ocrx_word' id='word_1_443' title='bbox 2801 1879 3055 1934; x_wconf 72' lang='grc' dir='ltr'><strong>ἐκάθισεν</strong></span> <span class='ocrx_word' id='word_1_444' title='bbox 3088 1881 3118 1933; x_wconf 87' lang='lat'><strong>6</strong></span> <span class='ocrx_word' id='word_1_445' title='bbox 3149 1879 3388 1951; x_wconf 79' lang='grc' dir='ltr'><strong>Χριστὸς</strong></span> <span class='ocrx_word' id='word_1_446' title='bbox 3418 1880 3485 1932; x_wconf 85' lang='grc' dir='ltr'><strong>ἐκ</strong></span> <span class='ocrx_word' id='word_1_447' title='bbox 3513 1876 3615 1945; x_wconf 84' lang='grc' dir='ltr'><strong>τῆς</strong></span> <span class='ocrx_word' id='word_1_448' title='bbox 3657 1876 3785 1930; x_wconf 84' lang='lat' dir='ltr'><strong>660t-</strong></span> 
     </span>
    </p>
   </div>
   <div class='ocr_carea' id='block_1_64' title="bbox 2226 1967 3787 2045">
    <p class='ocr_par' dir='ltr' id='par_1_64' title="bbox 2226 1967 3787 2045">
     <span class='ocr_line' id='line_1_64' title="bbox 2226 1967 3787 2045; baseline -0.005 -18"><span class='ocrx_word' id='word_1_449' title='bbox 2226 1974 2427 2045; x_wconf 86' lang='grc' dir='ltr'><strong>πορίας</strong></span> <span class='ocrx_word' id='word_1_450' title='bbox 2453 1988 2466 2002; x_wconf 86' lang='grc'><strong>·</strong></span> <span class='ocrx_word' id='word_1_451' title='bbox 2499 1973 2595 2028; x_wconf 77' lang='grc' dir='ltr'><strong>καὶ</strong></span> <span class='ocrx_word' id='word_1_452' title='bbox 2624 1971 2889 2043; x_wconf 79' lang='grc' dir='ltr'><strong>ἄντικρυς</strong></span> <span class='ocrx_word' id='word_1_453' title='bbox 2916 1970 3014 2025; x_wconf 82' lang='grc' dir='ltr'><strong>τοῦ</strong></span> <span class='ocrx_word' id='word_1_454' title='bbox 3043 1970 3218 2040; x_wconf 87' lang='grc' dir='ltr'><strong>τάφου</strong></span> <span class='ocrx_word' id='word_1_455' title='bbox 3249 1971 3390 2043; x_wconf 73' lang='grc' dir='ltr'><strong>μέσα</strong></span> <span class='ocrx_word' id='word_1_456' title='bbox 3429 1971 3514 2033; x_wconf 77' lang='grc' dir='ltr'><strong>εἰς</strong></span> <span class='ocrx_word' id='word_1_457' title='bbox 3558 1967 3617 2022; x_wconf 89' lang='lat'><strong>16</strong></span> <span class='ocrx_word' id='word_1_458' title='bbox 3659 1967 3787 2036; x_wconf 77' lang='grc' dir='ltr'><strong>σπή-</strong></span> 
     </span>
    </p>
   </div>
   <div class='ocr_carea' id='block_1_65' title="bbox 2225 2055 3786 2133">
    <p class='ocr_par' dir='ltr' id='par_1_65' title="bbox 2225 2055 3786 2133">
     <span class='ocr_line' id='line_1_65' title="bbox 2225 2055 3786 2133; baseline -0.003 -16"><span class='ocrx_word' id='word_1_459' title='bbox 2225 2063 2378 2119; x_wconf 91' lang='grc' dir='ltr'><strong>λαιον</strong></span> <span class='ocrx_word' id='word_1_460' title='bbox 2405 2057 2542 2117; x_wconf 76' lang='grc' dir='ltr'><strong>εἶναι</strong></span> <span class='ocrx_word' id='word_1_461' title='bbox 2563 2063 2592 2116; x_wconf 94' lang='lat'><strong>6</strong></span> <span class='ocrx_word' id='word_1_462' title='bbox 2616 2062 2788 2133; x_wconf 80' lang='grc' dir='ltr'><strong>τάφος</strong></span> <span class='ocrx_word' id='word_1_463' title='bbox 2807 2064 2907 2133; x_wconf 76' lang='grc' dir='ltr'><strong>τῆς</strong></span> <span class='ocrx_word' id='word_1_464' title='bbox 2934 2062 3176 2132; x_wconf 80' lang='grc' dir='ltr'><strong>Μάρθας,</strong></span> <span class='ocrx_word' id='word_1_465' title='bbox 3188 2059 3284 2116; x_wconf 81' lang='grc' dir='ltr'><strong>καὶ</strong></span> <span class='ocrx_word' id='word_1_466' title='bbox 3304 2060 3404 2129; x_wconf 81' lang='grc' dir='ltr'><strong>τῆς</strong></span> <span class='ocrx_word' id='word_1_467' title='bbox 3428 2055 3786 2126; x_wconf 82' lang='grc' dir='ltr'><strong>Μαγδαλινῆς.</strong></span> 
     </span>
    </p>
   </div>
   <div class='ocr_carea' id='block_1_66' title="bbox 2226 2146 3788 2224">
    <p class='ocr_par' dir='ltr' id='par_1_66' title="bbox 2226 2146 3788 2224">
     <span class='ocr_line' id='line_1_66' title="bbox 2226 2146 3788 2224; baseline -0.009 -13"><span class='ocrx_word' id='word_1_468' title='bbox 2226 2153 2475 2224; x_wconf 80' lang='grc' dir='ltr'>ἀδελφῶν</span> <span class='ocrx_word' id='word_1_469' title='bbox 2504 2155 2599 2208; x_wconf 82' lang='grc' dir='ltr'><strong>τοῦ</strong></span> <span class='ocrx_word' id='word_1_470' title='bbox 2649 2152 2932 2224; x_wconf 81' lang='grc' dir='ltr'><strong>Λαζάρου.</strong></span> <span class='ocrx_word' id='word_1_471' title='bbox 2975 2152 3199 2222; x_wconf 79' lang='grc' dir='ltr'><strong>’Δπέχει</strong></span> <span class='ocrx_word' id='word_1_472' title='bbox 3219 2151 3254 2222; x_wconf 72' lang='grc' dir='ltr'><strong>ἡ</strong></span> <span class='ocrx_word' id='word_1_473' title='bbox 3285 2149 3532 2219; x_wconf 86' lang='grc' dir='ltr'><strong>Βηθανία</strong></span> <span class='ocrx_word' id='word_1_474' title='bbox 3573 2147 3678 2201; x_wconf 81' lang='lat'><strong>61:6</strong></span> <span class='ocrx_word' id='word_1_475' title='bbox 3705 2146 3788 2198; x_wconf 76' lang='grc' dir='ltr'><strong>τὸν</strong></span> 
     </span>
    </p>
   </div>
   <div class='ocr_carea' id='block_1_67' title="bbox 2226 2239 3788 2315">
    <p class='ocr_par' dir='ltr' id='par_1_67' title="bbox 2226 2239 3788 2315">
     <span class='ocr_line' id='line_1_67' title="bbox 2226 2239 3788 2315; baseline -0.005 -15"><span class='ocrx_word' id='word_1_476' title='bbox 2226 2245 2383 2315; x_wconf 79' lang='grc' dir='ltr'><strong>ἇγιον</strong></span> <span class='ocrx_word' id='word_1_477' title='bbox 2411 2247 2583 2314; x_wconf 83' lang='grc' dir='ltr'><strong>τάφον</strong></span> <span class='ocrx_word' id='word_1_478' title='bbox 2617 2245 2770 2314; x_wconf 86' lang='grc' dir='ltr'><strong>μίλια</strong></span> <span class='ocrx_word' id='word_1_479' title='bbox 2800 2243 2868 2313; x_wconf 57' lang='grc' dir='ltr'><strong>βξ.</strong></span> <span class='ocrx_word' id='word_1_480' title='bbox 2913 2242 3035 2297; x_wconf 80' lang='grc' dir='ltr'><strong>Ἀπ’</strong></span> <span class='ocrx_word' id='word_1_481' title='bbox 3067 2241 3231 2296; x_wconf 82' lang='grc' dir='ltr'><strong>αὐτοῦ</strong></span> <span class='ocrx_word' id='word_1_482' title='bbox 3271 2242 3503 2311; x_wconf 69' lang='grc' dir='ltr'><strong>παγέντι</strong></span> <span class='ocrx_word' id='word_1_483' title='bbox 3532 2244 3560 2295; x_wconf 97' lang='lat'><strong>6</strong></span> <span class='ocrx_word' id='word_1_484' title='bbox 3599 2239 3788 2310; x_wconf 81' lang='grc' dir='ltr'><strong>δρόμος</strong></span> 
     </span>
    </p>
   </div>
   <div class='ocr_carea' id='block_1_68' title="bbox 2226 2329 3788 2408">
    <p class='ocr_par' dir='ltr' id='par_1_68' title="bbox 2226 2329 3788 2408">
     <span class='ocr_line' id='line_1_68' title="bbox 2226 2329 3788 2408; baseline -0.006 -16"><span class='ocrx_word' id='word_1_485' title='bbox 2226 2339 2308 2401; x_wconf 79' lang='grc' dir='ltr'><strong>είς</strong></span> <span class='ocrx_word' id='word_1_486' title='bbox 2335 2335 2433 2408; x_wconf 76' lang='grc' dir='ltr'><strong>τὴν</strong></span> <span class='ocrx_word' id='word_1_487' title='bbox 2463 2334 2679 2405; x_wconf 82' lang='grc' dir='ltr'><strong>’Ἱεριχὼ</strong></span> <span class='ocrx_word' id='word_1_488' title='bbox 2711 2333 2854 2389; x_wconf 81' lang='grc' dir='ltr'><strong>κατὰ</strong></span> <span class='ocrx_word' id='word_1_489' title='bbox 2880 2335 2980 2406; x_wconf 84' lang='grc' dir='ltr'><strong>τὴν</strong></span> <span class='ocrx_word' id='word_1_490' title='bbox 3004 2334 3278 2403; x_wconf 77' lang='grc' dir='ltr'><strong>ἀνατολὴν</strong></span> <span class='ocrx_word' id='word_1_491' title='bbox 3311 2333 3404 2387; x_wconf 81' lang='grc' dir='ltr'><strong>τοῦ</strong></span> <span class='ocrx_word' id='word_1_492' title='bbox 3426 2333 3603 2404; x_wconf 73' lang='grc' dir='ltr'><strong>ἡλίου.</strong></span> <span class='ocrx_word' id='word_1_493' title='bbox 3623 2329 3788 2384; x_wconf 77' lang='grc' dir='ltr'><strong>Αὐτοῦ</strong></span> 
     </span>
    </p>
   </div>
   <div class='ocr_carea' id='block_1_69' title="bbox 2225 2420 3790 2502">
    <p class='ocr_par' dir='ltr' id='par_1_69' title="bbox 2225 2420 3790 2502">
     <span class='ocr_line' id='line_1_69' title="bbox 2225 2420 3790 2502; baseline -0.006 -19"><span class='ocrx_word' id='word_1_494' title='bbox 2225 2429 2344 2486; x_wconf 82' lang='grc' dir='ltr'><strong>ἐναι</strong></span> <span class='ocrx_word' id='word_1_495' title='bbox 2396 2429 2492 2483; x_wconf 78' lang='grc' dir='ltr'><strong>καὶ</strong></span> <span class='ocrx_word' id='word_1_496' title='bbox 2527 2429 2561 2500; x_wconf 73' lang='grc' dir='ltr'><strong>ἡ</strong></span> <span class='ocrx_word' id='word_1_497' title='bbox 2593 2427 2797 2502; x_wconf 78' lang='grc' dir='ltr'>Κλᾲπα</span> <span class='ocrx_word' id='word_1_498' title='bbox 2835 2427 2971 2481; x_wconf 78' lang='grc' dir='ltr'>ὀποῦ</span> <span class='ocrx_word' id='word_1_499' title='bbox 3024 2427 3226 2482; x_wconf 78' lang='grc' dir='ltr'><strong>ἔϐαλαν</strong></span> <span class='ocrx_word' id='word_1_500' title='bbox 3272 2427 3398 2490; x_wconf 82' lang='grc' dir='ltr'><strong>τοὺς</strong></span> <span class='ocrx_word' id='word_1_501' title='bbox 3428 2425 3595 2488; x_wconf 80' lang='grc' dir='ltr'><strong>πόδας</strong></span> <span class='ocrx_word' id='word_1_502' title='bbox 3620 2420 3790 2494; x_wconf 81' lang='grc' dir='ltr'><strong>ἰησοῦ</strong></span> 
     </span>
    </p>
   </div>
   <div class='ocr_carea' id='block_1_70' title="bbox 2223 2511 3791 2590">
    <p class='ocr_par' dir='ltr' id='par_1_70' title="bbox 2223 2511 3791 2590">
     <span class='ocr_line' id='line_1_70' title="bbox 2223 2511 3791 2590; baseline -0.005 -17"><span class='ocrx_word' id='word_1_503' title='bbox 2223 2519 2320 2573; x_wconf 82' lang='grc' dir='ltr'><strong>τοῦ</strong></span> <span class='ocrx_word' id='word_1_504' title='bbox 2354 2518 2594 2590; x_wconf 82' lang='grc' dir='ltr'><strong>Χριστοῦ</strong></span> <span class='ocrx_word' id='word_1_505' title='bbox 2628 2519 3009 2590; x_wconf 66' lang='grc' dir='ltr'><strong>μαρμαρανον</strong></span> <span class='ocrx_word' id='word_1_506' title='bbox 3029 2534 3045 2551; x_wconf 89' lang='grc'><strong>·</strong></span> <span class='ocrx_word' id='word_1_507' title='bbox 3088 2517 3205 2588; x_wconf 75' lang='grc' dir='ltr'><strong>ἔχει</strong></span> <span class='ocrx_word' id='word_1_508' title='bbox 3237 2519 3337 2574; x_wconf 72' lang='grc' dir='ltr'><strong>καὶ</strong></span> <span class='ocrx_word' id='word_1_509' title='bbox 3362 2516 3642 2588; x_wconf 74' lang='grc' dir='ltr'><strong>τράπεζαν</strong></span> <span class='ocrx_word' id='word_1_510' title='bbox 3667 2511 3791 2568; x_wconf 80' lang='grc' dir='ltr'><strong>ὀποῦ</strong></span> 
     </span>
    </p>
   </div>
   <div class='ocr_carea' id='block_1_71' title="bbox 2225 2599 3792 2682">
    <p class='ocr_par' dir='ltr' id='par_1_71' title="bbox 2225 2599 3792 2682">
     <span class='ocr_line' id='line_1_71' title="bbox 2225 2599 3792 2682; baseline 0.002 -20"><span class='ocrx_word' id='word_1_511' title='bbox 2225 2608 2599 2680; x_wconf 81' lang='grc' dir='ltr'><strong>λειτουργοῦν,</strong></span> <span class='ocrx_word' id='word_1_512' title='bbox 2630 2609 2841 2682; x_wconf 67' lang='grc' dir='ltr'><strong>ἅπτουν</strong></span> <span class='ocrx_word' id='word_1_513' title='bbox 2881 2607 2980 2662; x_wconf 76' lang='grc' dir='ltr'><strong>καὶ</strong></span> <span class='ocrx_word' id='word_1_514' title='bbox 3037 2606 3312 2678; x_wconf 79' lang='grc' dir='ltr'>κανδήλας</span> <span class='ocrx_word' id='word_1_515' title='bbox 3342 2603 3386 2659; x_wconf 87' lang='grc' dir='ltr'><strong>δ’</strong></span> <span class='ocrx_word' id='word_1_516' title='bbox 3406 2621 3421 2637; x_wconf 79' lang='grc' dir='ltr'><strong><em>ο</em></strong></span> <span class='ocrx_word' id='word_1_517' title='bbox 3458 2602 3557 2658; x_wconf 79' lang='grc' dir='ltr'><strong>καὶ</strong></span> <span class='ocrx_word' id='word_1_518' title='bbox 3604 2603 3681 2664; x_wconf 82' lang='grc' dir='ltr'><strong>είς</strong></span> <span class='ocrx_word' id='word_1_519' title='bbox 3710 2599 3792 2670; x_wconf 74' lang='grc' dir='ltr'><strong>βή-</strong></span> 
     </span>
    </p>
   </div>
   <div class='ocr_carea' id='block_1_72' title="bbox 2228 2691 3792 2774">
    <p class='ocr_par' dir='ltr' id='par_1_72' title="bbox 2228 2691 3792 2774">
     <span class='ocr_line' id='line_1_72' title="bbox 2228 2691 3792 2774; baseline -0.008 -20"><span class='ocrx_word' id='word_1_520' title='bbox 2228 2718 2379 2770; x_wconf 83' lang='grc' dir='ltr'>ματα</span> <span class='ocrx_word' id='word_1_521' title='bbox 2411 2707 2444 2753; x_wconf 90' lang='lat' dir='ltr'><strong>t&#39;</strong></span> <span class='ocrx_word' id='word_1_522' title='bbox 2477 2696 2619 2754; x_wconf 77' lang='grc' dir='ltr'><strong>εἶναι</strong></span> <span class='ocrx_word' id='word_1_523' title='bbox 2649 2701 2682 2770; x_wconf 84' lang='grc' dir='ltr'><strong>ή</strong></span> <span class='ocrx_word' id='word_1_524' title='bbox 2714 2699 2932 2774; x_wconf 70' lang='grc' dir='ltr'><strong>κολδνα,</strong></span> <span class='ocrx_word' id='word_1_525' title='bbox 2955 2697 3090 2754; x_wconf 89' lang='lat'><strong>61:06</strong></span> <span class='ocrx_word' id='word_1_526' title='bbox 3129 2697 3349 2769; x_wconf 74' lang='grc' dir='ltr'><strong>ἔδειραν</strong></span> <span class='ocrx_word' id='word_1_527' title='bbox 3395 2701 3488 2749; x_wconf 76' lang='grc' dir='ltr'><strong>τὸν</strong></span> <span class='ocrx_word' id='word_1_528' title='bbox 3518 2693 3722 2764; x_wconf 80' lang='grc' dir='ltr'><strong>Κύριον</strong></span> <span class='ocrx_word' id='word_1_529' title='bbox 3748 2691 3792 2742; x_wconf 83' lang='grc' dir='ltr'><strong>οί</strong></span> 
     </span>
    </p>
   </div>
   <div class='ocr_carea' id='block_1_73' title="bbox 2237 2779 3793 2860">
    <p class='ocr_par' dir='ltr' id='par_1_73' title="bbox 2237 2779 3793 2860">
     <span class='ocr_line' id='line_1_73' title="bbox 2237 2779 3793 2860; baseline -0.008 -13"><span class='ocrx_word' id='word_1_530' title='bbox 2237 2791 2515 2847; x_wconf 79' lang='grc' dir='ltr'>Ἰουδαῖοι·</span> <span class='ocrx_word' id='word_1_531' title='bbox 2552 2790 2760 2846; x_wconf 78' lang='grc' dir='ltr'><strong>ἃπτουν</strong></span> <span class='ocrx_word' id='word_1_532' title='bbox 2790 2789 3066 2860; x_wconf 80' lang='grc' dir='ltr'>κανδήλας</span> <span class='ocrx_word' id='word_1_533' title='bbox 3099 2789 3165 2845; x_wconf 82' lang='grc' dir='ltr'><strong>δ’.</strong></span> <span class='ocrx_word' id='word_1_534' title='bbox 3197 2785 3556 2860; x_wconf 75' lang='grc' dir='ltr'><strong>Ἐμπροσθιν</strong></span> <span class='ocrx_word' id='word_1_535' title='bbox 3606 2779 3740 2840; x_wconf 74' lang='grc' dir='ltr'><strong>εἶναι</strong></span> <span class='ocrx_word' id='word_1_536' title='bbox 3766 2783 3793 2835; x_wconf 92' lang='lat'><strong>6</strong></span> 
     </span>
    </p>
   </div>
   <div class='ocr_carea' id='block_1_74' title="bbox 2226 2875 3793 2951">
    <p class='ocr_par' dir='ltr' id='par_1_74' title="bbox 2226 2875 3793 2951">
     <span class='ocr_line' id='line_1_74' title="bbox 2226 2875 3793 2951; baseline -0.008 -14"><span class='ocrx_word' id='word_1_537' title='bbox 2226 2883 2394 2946; x_wconf 85' lang='grc' dir='ltr'>τόπος</span> <span class='ocrx_word' id='word_1_538' title='bbox 2446 2881 2581 2937; x_wconf 83' lang='grc' dir='ltr'><strong>ὀποῦ</strong></span> <span class='ocrx_word' id='word_1_539' title='bbox 2610 2880 2874 2951; x_wconf 82' lang='grc' dir='ltr'><strong>ἐποίησαν</strong></span> <span class='ocrx_word' id='word_1_540' title='bbox 2913 2880 3040 2944; x_wconf 82' lang='grc' dir='ltr'><strong>τοὺς</strong></span> <span class='ocrx_word' id='word_1_541' title='bbox 3065 2879 3250 2950; x_wconf 76' lang='grc' dir='ltr'><strong>ἥλους,</strong></span> <span class='ocrx_word' id='word_1_542' title='bbox 3286 2880 3383 2933; x_wconf 79' lang='grc' dir='ltr'><strong>καὶ</strong></span> <span class='ocrx_word' id='word_1_543' title='bbox 3413 2875 3793 2948; x_wconf 76' lang='grc' dir='ltr'><strong>ἐπροσηλωσαν</strong></span> 
     </span>
    </p>
   </div>
   <div class='ocr_carea' id='block_1_75' title="bbox 2226 2967 3796 3047">
    <p class='ocr_par' dir='ltr' id='par_1_75' title="bbox 2226 2967 3796 3047">
     <span class='ocr_line' id='line_1_75' title="bbox 2226 2967 3796 3047; baseline -0.008 -16"><span class='ocrx_word' id='word_1_544' title='bbox 2226 2977 2317 3033; x_wconf 79' lang='grc' dir='ltr'><strong>τὸν</strong></span> <span class='ocrx_word' id='word_1_545' title='bbox 2343 2973 2550 3047; x_wconf 79' lang='grc' dir='ltr'><strong>Κύριον</strong></span> <span class='ocrx_word' id='word_1_546' title='bbox 2577 2975 2635 3026; x_wconf 87' lang='grc' dir='ltr'><strong>ἐν</strong></span> <span class='ocrx_word' id='word_1_547' title='bbox 2674 2972 2752 3041; x_wconf 82' lang='grc' dir='ltr'><strong>τῷ</strong></span> <span class='ocrx_word' id='word_1_548' title='bbox 2776 2969 3015 3042; x_wconf 81' lang='grc' dir='ltr'><strong>σταυρῷ.</strong></span> <span class='ocrx_word' id='word_1_549' title='bbox 3045 2969 3226 3024; x_wconf 79' lang='lat' dir='ltr'><strong>A6106</strong></span> <span class='ocrx_word' id='word_1_550' title='bbox 3254 2968 3467 3041; x_wconf 83' lang='grc' dir='ltr'><strong>ἐμπρὸς</strong></span> <span class='ocrx_word' id='word_1_551' title='bbox 3497 2969 3576 3032; x_wconf 74' lang='grc' dir='ltr'><strong>είς</strong></span> <span class='ocrx_word' id='word_1_552' title='bbox 3604 2967 3665 3021; x_wconf 89' lang='lat'><strong>16</strong></span> <span class='ocrx_word' id='word_1_553' title='bbox 3698 2982 3796 3019; x_wconf 77' lang='grc' dir='ltr'><strong>πα-</strong></span> 
     </span>
    </p>
   </div>
   <div class='ocr_carea' id='block_1_76' title="bbox 2231 3059 3792 3142">
    <p class='ocr_par' dir='ltr' id='par_1_76' title="bbox 2231 3059 3792 3142">
     <span class='ocr_line' id='line_1_76' title="bbox 2231 3059 3792 3142; baseline -0.008 -20"><span class='ocrx_word' id='word_1_554' title='bbox 2231 3067 2528 3142; x_wconf 70' lang='grc' dir='ltr'><strong>ραπλήσιον</strong></span> <span class='ocrx_word' id='word_1_555' title='bbox 2547 3065 2656 3120; x_wconf 88' lang='grc' dir='ltr'><strong>τῶν</strong></span> <span class='ocrx_word' id='word_1_556' title='bbox 2676 3064 2900 3119; x_wconf 81' lang='grc' dir='ltr'>Ἰταλῶν</span> <span class='ocrx_word' id='word_1_557' title='bbox 2925 3065 3007 3127; x_wconf 82' lang='grc' dir='ltr'><strong>είς</strong></span> <span class='ocrx_word' id='word_1_558' title='bbox 3032 3063 3094 3122; x_wconf 84' lang='lat'><strong>16</strong></span> <span class='ocrx_word' id='word_1_559' title='bbox 3121 3061 3319 3133; x_wconf 75' lang='grc' dir='ltr'><strong>ἔδαφος</strong></span> <span class='ocrx_word' id='word_1_560' title='bbox 3352 3060 3471 3132; x_wconf 74' lang='grc' dir='ltr'><strong>ἔχει</strong></span> <span class='ocrx_word' id='word_1_561' title='bbox 3501 3059 3792 3131; x_wconf 82' lang='grc' dir='ltr'><strong>μαρμάρον</strong></span> 
     </span>
    </p>
   </div>
   <div class='ocr_carea' id='block_1_77' title="bbox 2227 3149 3792 3227">
    <p class='ocr_par' dir='ltr' id='par_1_77' title="bbox 2227 3149 3792 3227">
     <span class='ocr_line' id='line_1_77' title="bbox 2227 3149 3792 3227; baseline -0.008 -14"><span class='ocrx_word' id='word_1_562' title='bbox 2227 3159 2423 3214; x_wconf 82' lang='grc' dir='ltr'><strong>λευκὸν</strong></span> <span class='ocrx_word' id='word_1_563' title='bbox 2456 3157 2824 3227; x_wconf 85' lang='grc' dir='ltr'><strong>στρογγύλον,</strong></span> <span class='ocrx_word' id='word_1_564' title='bbox 2880 3156 2975 3210; x_wconf 73' lang='grc' dir='ltr'><strong>καὶ</strong></span> <span class='ocrx_word' id='word_1_565' title='bbox 3006 3156 3086 3218; x_wconf 82' lang='grc' dir='ltr'><strong>είς</strong></span> <span class='ocrx_word' id='word_1_566' title='bbox 3125 3153 3191 3208; x_wconf 87' lang='lat'><strong>16</strong></span> <span class='ocrx_word' id='word_1_567' title='bbox 3219 3155 3384 3225; x_wconf 77' lang='grc' dir='ltr'><strong>μέσον</strong></span> <span class='ocrx_word' id='word_1_568' title='bbox 3422 3151 3537 3223; x_wconf 74' lang='grc' dir='ltr'><strong>ἔχει</strong></span> <span class='ocrx_word' id='word_1_569' title='bbox 3567 3149 3792 3223; x_wconf 82' lang='grc' dir='ltr'><strong>τρύπαν,</strong></span> 
     </span>
    </p>
   </div>
   <div class='ocr_carea' id='block_1_78' title="bbox 2229 3239 3879 3322">
    <p class='ocr_par' dir='ltr' id='par_1_78' title="bbox 2229 3239 3879 3322">
     <span class='ocr_line' id='line_1_78' title="bbox 2229 3239 3879 3322; baseline -0.009 -16"><span class='ocrx_word' id='word_1_570' title='bbox 2229 3254 2326 3307; x_wconf 75' lang='grc' dir='ltr'><strong>καὶ</strong></span> <span class='ocrx_word' id='word_1_571' title='bbox 2351 3251 2574 3322; x_wconf 85' lang='grc' dir='ltr'><strong>βάνουσι</strong></span> <span class='ocrx_word' id='word_1_572' title='bbox 2610 3249 2783 3319; x_wconf 85' lang='grc' dir='ltr'><strong>ταύτη</strong></span> <span class='ocrx_word' id='word_1_573' title='bbox 2831 3249 2959 3312; x_wconf 79' lang='grc' dir='ltr'><strong>τοῦς</strong></span> <span class='ocrx_word' id='word_1_574' title='bbox 2991 3248 3041 3299; x_wconf 77' lang='lat' dir='ltr'><strong>oi</strong></span> <span class='ocrx_word' id='word_1_575' title='bbox 3072 3245 3378 3318; x_wconf 78' lang='grc' dir='ltr'><strong>ἄνθρωποι,</strong></span> <span class='ocrx_word' id='word_1_576' title='bbox 3411 3243 3509 3299; x_wconf 78' lang='grc' dir='ltr'><strong>καὶ</strong></span> <span class='ocrx_word' id='word_1_577' title='bbox 3540 3239 3796 3313; x_wconf 83' lang='grc' dir='ltr'><strong>γρυκοῦσι</strong></span> <span class='ocrx_word' id='word_1_578' title='bbox 3875 3296 3879 3302; x_wconf 45' lang='grc'><strong>,</strong></span> 
     </span>
    </p>
   </div>
   <div class='ocr_carea' id='block_1_79' title="bbox 2227 3331 3798 3416">
    <p class='ocr_par' dir='ltr' id='par_1_79' title="bbox 2227 3331 3798 3416">
     <span class='ocr_line' id='line_1_79' title="bbox 2227 3331 3798 3416; baseline -0.01 -17"><span class='ocrx_word' id='word_1_579' title='bbox 2227 3347 2321 3400; x_wconf 81' lang='grc' dir='ltr'><strong>τὸν</strong></span> <span class='ocrx_word' id='word_1_580' title='bbox 2376 3345 2576 3416; x_wconf 81' lang='grc' dir='ltr'><strong>χαλκὸν</strong></span> <span class='ocrx_word' id='word_1_581' title='bbox 2621 3343 2756 3398; x_wconf 80' lang='grc' dir='ltr'><strong>ὀποῦ</strong></span> <span class='ocrx_word' id='word_1_582' title='bbox 2817 3341 3024 3411; x_wconf 75' lang='grc' dir='ltr'><strong>ἔκαμεν</strong></span> <span class='ocrx_word' id='word_1_583' title='bbox 3073 3339 3203 3404; x_wconf 75' lang='grc' dir='ltr'><strong>τοὺς</strong></span> <span class='ocrx_word' id='word_1_584' title='bbox 3257 3339 3441 3410; x_wconf 75' lang='grc' dir='ltr'><strong>ἥλους,</strong></span> <span class='ocrx_word' id='word_1_585' title='bbox 3479 3339 3572 3392; x_wconf 78' lang='grc' dir='ltr'><strong>καὶ</strong></span> <span class='ocrx_word' id='word_1_586' title='bbox 3621 3331 3798 3401; x_wconf 70' lang='grc' dir='ltr'><strong>κτυπᾷ</strong></span> 
     </span>
    </p>
   </div>
   <div class='ocr_carea' id='block_1_80' title="bbox 2229 3417 3796 3509">
    <p class='ocr_par' dir='ltr' id='par_1_80' title="bbox 2229 3417 3796 3509">
     <span class='ocr_line' id='line_1_80' title="bbox 2229 3417 3796 3509; baseline -0.011 -15"><span class='ocrx_word' id='word_1_587' title='bbox 2229 3441 2308 3503; x_wconf 81' lang='grc' dir='ltr'><strong>είς</strong></span> <span class='ocrx_word' id='word_1_588' title='bbox 2333 3439 2395 3494; x_wconf 84' lang='lat'><strong>16</strong></span> <span class='ocrx_word' id='word_1_589' title='bbox 2424 3438 2659 3509; x_wconf 82' lang='grc' dir='ltr'><strong>ἁμόνην,</strong></span> <span class='ocrx_word' id='word_1_590' title='bbox 2704 3417 2799 3502; x_wconf 66' lang='grc' dir='ltr'><strong>καὶ</strong></span> <span class='ocrx_word' id='word_1_591' title='bbox 2821 3431 2963 3488; x_wconf 80' lang='grc' dir='ltr'><strong>εῖναι</strong></span> <span class='ocrx_word' id='word_1_592' title='bbox 2991 3434 3111 3487; x_wconf 80' lang='grc' dir='ltr'><strong>ἐκεῖ</strong></span> <span class='ocrx_word' id='word_1_593' title='bbox 3139 3429 3540 3502; x_wconf 83' lang='grc' dir='ltr'><strong>φυλακισμὲνος</strong></span> <span class='ocrx_word' id='word_1_594' title='bbox 3573 3428 3680 3490; x_wconf 75' lang='grc' dir='ltr'><strong>ἕως</strong></span> <span class='ocrx_word' id='word_1_595' title='bbox 3705 3425 3796 3493; x_wconf 75' lang='grc' dir='ltr'><strong>τὴν</strong></span> 
     </span>
    </p>
   </div>
   <div class='ocr_carea' id='block_1_81' title="bbox 2229 3515 3797 3602">
    <p class='ocr_par' dir='ltr' id='par_1_81' title="bbox 2229 3515 3797 3602">
     <span class='ocr_line' id='line_1_81' title="bbox 2229 3515 3797 3602; baseline -0.009 -17"><span class='ocrx_word' id='word_1_596' title='bbox 2229 3531 2446 3602; x_wconf 79' lang='grc' dir='ltr'><strong>ἡμέραν</strong></span> <span class='ocrx_word' id='word_1_597' title='bbox 2476 3529 2576 3598; x_wconf 84' lang='grc' dir='ltr'><strong>τῆς</strong></span> <span class='ocrx_word' id='word_1_598' title='bbox 2612 3527 2873 3598; x_wconf 86' lang='grc' dir='ltr'><strong>κρίσεως.</strong></span> <span class='ocrx_word' id='word_1_599' title='bbox 2919 3525 3029 3578; x_wconf 80' lang='grc' dir='ltr'><strong>Καὶ</strong></span> <span class='ocrx_word' id='word_1_600' title='bbox 3070 3523 3299 3577; x_wconf 73' lang='grc' dir='ltr'><strong>ὄπισθεν</strong></span> <span class='ocrx_word' id='word_1_601' title='bbox 3327 3523 3408 3586; x_wconf 81' lang='grc' dir='ltr'><strong>είς</strong></span> <span class='ocrx_word' id='word_1_602' title='bbox 3443 3521 3504 3575; x_wconf 87' lang='lat'><strong>16</strong></span> <span class='ocrx_word' id='word_1_603' title='bbox 3528 3516 3684 3589; x_wconf 76' lang='grc' dir='ltr'><strong>ἅγιον</strong></span> <span class='ocrx_word' id='word_1_604' title='bbox 3709 3515 3797 3586; x_wconf 80' lang='grc' dir='ltr'><strong>βῆ·</strong></span> 
     </span>
    </p>
   </div>
   <div class='ocr_carea' id='block_1_82' title="bbox 2235 3606 3797 3692">
    <p class='ocr_par' dir='ltr' id='par_1_82' title="bbox 2235 3606 3797 3692">
     <span class='ocr_line' id='line_1_82' title="bbox 2235 3606 3797 3692; baseline -0.009 -17"><span class='ocrx_word' id='word_1_605' title='bbox 2235 3639 2312 3692; x_wconf 83' lang='grc' dir='ltr'><strong>μα</strong></span> <span class='ocrx_word' id='word_1_606' title='bbox 2335 3618 2482 3676; x_wconf 73' lang='grc' dir='ltr'><strong>εἶναι</strong></span> <span class='ocrx_word' id='word_1_607' title='bbox 2509 3620 2537 3674; x_wconf 92' lang='lat'><strong>6</strong></span> <span class='ocrx_word' id='word_1_608' title='bbox 2567 3619 2734 3682; x_wconf 80' lang='grc' dir='ltr'><strong>τόπος</strong></span> <span class='ocrx_word' id='word_1_609' title='bbox 2763 3618 2899 3672; x_wconf 80' lang='grc' dir='ltr'><strong>ὀποῦ</strong></span> <span class='ocrx_word' id='word_1_610' title='bbox 2928 3614 3361 3689; x_wconf 83' lang='grc' dir='ltr'><strong>διεμερίσθησαν</strong></span> <span class='ocrx_word' id='word_1_611' title='bbox 3392 3613 3461 3666; x_wconf 79' lang='grc' dir='ltr'><strong>τά</strong></span> <span class='ocrx_word' id='word_1_612' title='bbox 3495 3612 3687 3682; x_wconf 73' lang='grc' dir='ltr'><strong>ἱμάτια</strong></span> <span class='ocrx_word' id='word_1_613' title='bbox 3711 3606 3797 3664; x_wconf 80' lang='grc' dir='ltr'><strong>τοῦ</strong></span> 
     </span>
    </p>
   </div>
   <div class='ocr_carea' id='block_1_83' title="bbox 2233 3700 3798 3783">
    <p class='ocr_par' dir='ltr' id='par_1_83' title="bbox 2233 3700 3798 3783">
     <span class='ocr_line' id='line_1_83' title="bbox 2233 3700 3798 3783; baseline -0.009 -19"><span class='ocrx_word' id='word_1_614' title='bbox 2233 3711 2464 3783; x_wconf 82' lang='grc' dir='ltr'><strong>Κυρίου,</strong></span> <span class='ocrx_word' id='word_1_615' title='bbox 2491 3708 2672 3773; x_wconf 83' lang='grc' dir='ltr'><strong>καθώς</strong></span> <span class='ocrx_word' id='word_1_616' title='bbox 2722 3725 2894 3779; x_wconf 83' lang='grc' dir='ltr'><strong>φησιν</strong></span> <span class='ocrx_word' id='word_1_617' title='bbox 2943 3707 2972 3759; x_wconf 88' lang='lat'><strong>6</strong></span> <span class='ocrx_word' id='word_1_618' title='bbox 3006 3706 3334 3776; x_wconf 76' lang='grc' dir='ltr'><strong>Προφήτηςο</strong></span> <span class='ocrx_word' id='word_1_619' title='bbox 3386 3700 3798 3772; x_wconf 76' lang='grc' dir='ltr'><strong>Διεμερίσαντο</strong></span> 
     </span>
    </p>
   </div>
   <div class='ocr_carea' id='block_1_84' title="bbox 2236 3797 3120 3874">
    <p class='ocr_par' dir='ltr' id='par_1_84' title="bbox 2236 3797 3120 3874">
     <span class='ocr_line' id='line_1_84' title="bbox 2236 3797 3120 3874; baseline -0.005 -16"><span class='ocrx_word' id='word_1_620' title='bbox 2236 3805 2309 3860; x_wconf 83' lang='grc' dir='ltr'><strong>τὰ</strong></span> <span class='ocrx_word' id='word_1_621' title='bbox 2345 3803 2547 3874; x_wconf 72' lang='grc' dir='ltr'><strong>ἱμάτιά</strong></span> <span class='ocrx_word' id='word_1_622' title='bbox 2571 3818 2712 3872; x_wconf 84' lang='grc' dir='ltr'><strong>μου,</strong></span> <span class='ocrx_word' id='word_1_623' title='bbox 2740 3801 2835 3855; x_wconf 73' lang='grc' dir='ltr'><strong>καὶ</strong></span> <span class='ocrx_word' id='word_1_624' title='bbox 2869 3797 2938 3854; x_wconf 76' lang='grc' dir='ltr'><strong>τά</strong></span> <span class='ocrx_word' id='word_1_625' title='bbox 2968 3799 3120 3868; x_wconf 78' lang='grc' dir='ltr'><strong>ἑξῆς.</strong></span> 
     </span>
    </p>
   </div>
   <div class='ocr_carea' id='block_1_85' title="bbox 2303 3883 3798 3967">
    <p class='ocr_par' dir='ltr' id='par_1_85' title="bbox 2303 3883 3798 3967">
     <span class='ocr_line' id='line_1_85' title="bbox 2303 3883 3798 3967; baseline -0.013 -14"><span class='ocrx_word' id='word_1_626' title='bbox 2303 3898 2371 3962; x_wconf 79' lang='grc' dir='ltr'><strong>ζ’.</strong></span> <span class='ocrx_word' id='word_1_627' title='bbox 2410 3898 2477 3950; x_wconf 82' lang='grc' dir='ltr'><strong>Ἠ</strong></span> <span class='ocrx_word' id='word_1_628' title='bbox 2505 3895 2562 3949; x_wconf 85' lang='grc' dir='ltr'><strong>δέ</strong></span> <span class='ocrx_word' id='word_1_629' title='bbox 2606 3895 2874 3967; x_wconf 82' lang='grc' dir='ltr'><strong>ἀριστερά</strong></span> <span class='ocrx_word' id='word_1_630' title='bbox 2908 3891 3004 3945; x_wconf 83' lang='grc' dir='ltr'><strong>τοῦ</strong></span> <span class='ocrx_word' id='word_1_631' title='bbox 3040 3891 3285 3961; x_wconf 83' lang='grc' dir='ltr'><strong>βήματος</strong></span> <span class='ocrx_word' id='word_1_632' title='bbox 3317 3887 3413 3942; x_wconf 89' lang='lat'><strong>106</strong></span> <span class='ocrx_word' id='word_1_633' title='bbox 3445 3885 3605 3956; x_wconf 81' lang='grc' dir='ltr'>ἁγίου</span> <span class='ocrx_word' id='word_1_634' title='bbox 3633 3883 3798 3952; x_wconf 74' lang='grc' dir='ltr'><strong>τάφου</strong></span> 
     </span>
    </p>
   </div>
   <div class='ocr_carea' id='block_1_86' title="bbox 2233 3975 3798 4053">
    <p class='ocr_par' dir='ltr' id='par_1_86' title="bbox 2233 3975 3798 4053">
     <span class='ocr_line' id='line_1_86' title="bbox 2233 3975 3798 4053; baseline -0.011 -8"><span class='ocrx_word' id='word_1_635' title='bbox 2233 3988 2518 4045; x_wconf 86' lang='grc' dir='ltr'><strong>ἀναϐαίνει</strong></span> <span class='ocrx_word' id='word_1_636' title='bbox 2545 3987 2802 4042; x_wconf 83' lang='grc' dir='ltr'><strong>σκαλόνια</strong></span> <span class='ocrx_word' id='word_1_637' title='bbox 2834 3983 2915 4053; x_wconf 85' lang='grc' dir='ltr'><strong>ιε’,</strong></span> <span class='ocrx_word' id='word_1_638' title='bbox 2935 3985 3031 4038; x_wconf 62' lang='grc' dir='ltr'><strong>καὶ</strong></span> <span class='ocrx_word' id='word_1_639' title='bbox 3055 3982 3292 4038; x_wconf 85' lang='grc' dir='ltr'><strong>σεϐαίνει</strong></span> <span class='ocrx_word' id='word_1_640' title='bbox 3321 3983 3402 4045; x_wconf 86' lang='grc' dir='ltr'><strong>είς</strong></span> <span class='ocrx_word' id='word_1_641' title='bbox 3424 3981 3515 4034; x_wconf 83' lang='grc' dir='ltr'><strong>τὸν</strong></span> <span class='ocrx_word' id='word_1_642' title='bbox 3544 3975 3798 4046; x_wconf 75' lang='grc' dir='ltr'><strong>Γολγοθᾶ,</strong></span> 
     </span>
    </p>
   </div>
   <div class='ocr_carea' id='block_1_87' title="bbox 2231 4070 3796 4151">
    <p class='ocr_par' dir='ltr' id='par_1_87' title="bbox 2231 4070 3796 4151">
     <span class='ocr_line' id='line_1_87' title="bbox 2231 4070 3796 4151; baseline -0.003 -16"><span class='ocrx_word' id='word_1_643' title='bbox 2231 4081 2368 4135; x_wconf 83' lang='grc' dir='ltr'><strong>ὀποῦ</strong></span> <span class='ocrx_word' id='word_1_644' title='bbox 2396 4079 2720 4151; x_wconf 76' lang='grc' dir='ltr'><strong>ἐσταυρώθη</strong></span> <span class='ocrx_word' id='word_1_645' title='bbox 2743 4079 2773 4130; x_wconf 89' lang='lat'><strong>6</strong></span> <span class='ocrx_word' id='word_1_646' title='bbox 2797 4078 3022 4148; x_wconf 82' lang='grc' dir='ltr'><strong>Κύριος.</strong></span> <span class='ocrx_word' id='word_1_647' title='bbox 3051 4074 3228 4129; x_wconf 82' lang='lat' dir='ltr'><strong>A6106</strong></span> <span class='ocrx_word' id='word_1_648' title='bbox 3261 4072 3554 4143; x_wconf 79' lang='grc' dir='ltr'><strong>ἐσκοτίσθη</strong></span> <span class='ocrx_word' id='word_1_649' title='bbox 3579 4073 3607 4125; x_wconf 90' lang='lat'><strong>6</strong></span> <span class='ocrx_word' id='word_1_650' title='bbox 3631 4070 3796 4141; x_wconf 70' lang='grc' dir='ltr'><strong>ἥλιος.</strong></span> 
     </span>
    </p>
   </div>
   <div class='ocr_carea' id='block_1_88' title="bbox 2233 4161 3798 4240">
    <p class='ocr_par' dir='ltr' id='par_1_88' title="bbox 2233 4161 3798 4240">
     <span class='ocr_line' id='line_1_88' title="bbox 2233 4161 3798 4240; baseline -0.009 -13"><span class='ocrx_word' id='word_1_651' title='bbox 2233 4174 2328 4228; x_wconf 68' lang='grc' dir='ltr'><strong>καὶ</strong></span> <span class='ocrx_word' id='word_1_652' title='bbox 2355 4172 2416 4225; x_wconf 89' lang='lat'><strong>16</strong></span> <span class='ocrx_word' id='word_1_653' title='bbox 2447 4172 2852 4240; x_wconf 76' lang='grc' dir='ltr'><strong>καταπέτασμα</strong></span> <span class='ocrx_word' id='word_1_654' title='bbox 2883 4167 2981 4222; x_wconf 88' lang='lat'><strong>106</strong></span> <span class='ocrx_word' id='word_1_655' title='bbox 3014 4167 3143 4222; x_wconf 82' lang='grc' dir='ltr'><strong>ναοῦ</strong></span> <span class='ocrx_word' id='word_1_656' title='bbox 3185 4165 3414 4237; x_wconf 78' lang='grc' dir='ltr'><strong>ἐσχίσθη</strong></span> <span class='ocrx_word' id='word_1_657' title='bbox 3452 4165 3559 4219; x_wconf 80' lang='grc' dir='ltr'><strong>ἀπὸ</strong></span> <span class='ocrx_word' id='word_1_658' title='bbox 3596 4161 3798 4220; x_wconf 83' lang='grc' dir='ltr'><strong>ἄνωθεν</strong></span> 
     </span>
    </p>
   </div>
   <div class='ocr_carea' id='block_1_89' title="bbox 2231 4255 3801 4330">
    <p class='ocr_par' dir='ltr' id='par_1_89' title="bbox 2231 4255 3801 4330">
     <span class='ocr_line' id='line_1_89' title="bbox 2231 4255 3801 4330; baseline -0.006 -12"><span class='ocrx_word' id='word_1_659' title='bbox 2231 4265 2337 4329; x_wconf 68' lang='grc' dir='ltr'><strong>ἕως</strong></span> <span class='ocrx_word' id='word_1_660' title='bbox 2372 4263 2639 4318; x_wconf 84' lang='grc' dir='ltr'><strong>κάτωθεν.</strong></span> <span class='ocrx_word' id='word_1_661' title='bbox 2690 4263 2873 4315; x_wconf 82' lang='lat' dir='ltr'><strong>A6106</strong></span> <span class='ocrx_word' id='word_1_662' title='bbox 2925 4257 3080 4315; x_wconf 73' lang='grc' dir='ltr'><strong>εἶπεν</strong></span> <span class='ocrx_word' id='word_1_663' title='bbox 3120 4261 3149 4313; x_wconf 89' lang='lat'><strong>6</strong></span> <span class='ocrx_word' id='word_1_664' title='bbox 3206 4259 3436 4330; x_wconf 79' lang='grc' dir='ltr'><strong>λῃστὴς,</strong></span> <span class='ocrx_word' id='word_1_665' title='bbox 3487 4255 3801 4324; x_wconf 70' lang='grc' dir='ltr'><strong>Μνήσθητι</strong></span> 
     </span>
    </p>
   </div>
   <div class='ocr_carea' id='block_1_90' title="bbox 561 4339 2125 4428">
    <p class='ocr_par' dir='ltr' id='par_1_90' title="bbox 561 4348 2125 4421">
     <span class='ocr_line' id='line_1_90' title="bbox 561 4348 2125 4421; baseline 0.009 -17"><span class='ocrx_word' id='word_1_666' title='bbox 561 4359 732 4405; x_wconf 80' lang='lat' dir='ltr'><strong>mento</strong></span> <span class='ocrx_word' id='word_1_667' title='bbox 761 4351 883 4416; x_wconf 76' lang='lat' dir='ltr'><strong>mei,</strong></span> <span class='ocrx_word' id='word_1_668' title='bbox 917 4348 1156 4417; x_wconf 83' lang='lat' dir='ltr'><strong>Domine,</strong></span> <span class='ocrx_word' id='word_1_669' title='bbox 1200 4353 1254 4406; x_wconf 77' lang='lat' dir='ltr'><strong>in</strong></span> <span class='ocrx_word' id='word_1_670' title='bbox 1295 4369 1451 4421; x_wconf 78' lang='lat' dir='ltr'><strong>regno</strong></span> <span class='ocrx_word' id='word_1_671' title='bbox 1496 4363 1583 4408; x_wconf 82' lang='lat' dir='ltr'><strong>tuo</strong></span> <span class='ocrx_word' id='word_1_672' title='bbox 1624 4356 1665 4410; x_wconf 87' lang='grc'><strong>⁷.</strong></span> <span class='ocrx_word' id='word_1_673' title='bbox 1704 4356 1778 4413; x_wconf 87' lang='lat' dir='ltr'><strong>Eo</strong></span> <span class='ocrx_word' id='word_1_674' title='bbox 1818 4358 1924 4415; x_wconf 92' lang='lat' dir='ltr'><strong>loci</strong></span> <span class='ocrx_word' id='word_1_675' title='bbox 1955 4374 2037 4417; x_wconf 90' lang='lat' dir='ltr'><strong>cst</strong></span> <span class='ocrx_word' id='word_1_676' title='bbox 2077 4373 2125 4419; x_wconf 91' lang='lat' dir='ltr'><strong>et</strong></span> 
     </span>
    </p>
   </div>
   <div class='ocr_carea' id='block_1_91' title="bbox 2229 4339 3798 4428">
    <p class='ocr_par' dir='ltr' id='par_1_91' title="bbox 2229 4345 3798 4428">
     <span class='ocr_line' id='line_1_91' title="bbox 2229 4345 3798 4428; baseline -0.008 -15"><span class='ocrx_word' id='word_1_677' title='bbox 2229 4375 2370 4428; x_wconf 86' lang='grc' dir='ltr'><strong>μου,</strong></span> <span class='ocrx_word' id='word_1_678' title='bbox 2403 4357 2602 4425; x_wconf 79' lang='grc' dir='ltr'><strong>Κύριε,</strong></span> <span class='ocrx_word' id='word_1_679' title='bbox 2625 4355 2694 4409; x_wconf 80' lang='grc' dir='ltr'><strong>ἐν</strong></span> <span class='ocrx_word' id='word_1_680' title='bbox 2715 4354 2789 4423; x_wconf 76' lang='grc' dir='ltr'><strong>τῇ</strong></span> <span class='ocrx_word' id='word_1_681' title='bbox 2811 4353 3106 4420; x_wconf 73' lang='grc' dir='ltr'><strong>,βασιλείᾳ</strong></span> <span class='ocrx_word' id='word_1_682' title='bbox 3127 4368 3266 4407; x_wconf 88' lang='grc' dir='ltr'><strong>σου.</strong></span> <span class='ocrx_word' id='word_1_683' title='bbox 3293 4350 3472 4405; x_wconf 80' lang='lat' dir='ltr'><strong>A6106</strong></span> <span class='ocrx_word' id='word_1_684' title='bbox 3503 4349 3621 4402; x_wconf 75' lang='grc' dir='ltr'><strong>ἔναι</strong></span> <span class='ocrx_word' id='word_1_685' title='bbox 3653 4345 3798 4416; x_wconf 73' lang='grc' dir='ltr'><strong>καὶὴ</strong></span> 
     </span>
    </p>
   </div>
   <div class='ocr_carea' id='block_1_92' title="bbox 560 4441 2128 4523">
    <p class='ocr_par' dir='ltr' id='par_1_92' title="bbox 560 4441 2128 4523">
     <span class='ocr_line' id='line_1_92' title="bbox 560 4441 2128 4523; baseline 0.009 -27"><span class='ocrx_word' id='word_1_686' title='bbox 560 4450 735 4511; x_wconf 85' lang='lat' dir='ltr'><strong>petra,</strong></span> <span class='ocrx_word' id='word_1_687' title='bbox 764 4457 886 4511; x_wconf 66' lang='lat' dir='ltr'><strong>quae</strong></span> <span class='ocrx_word' id='word_1_688' title='bbox 916 4442 1082 4497; x_wconf 88' lang='lat' dir='ltr'><strong>scissa</strong></span> <span class='ocrx_word' id='word_1_689' title='bbox 1105 4450 1211 4508; x_wconf 88' lang='lat' dir='ltr'><strong>est,</strong></span> <span class='ocrx_word' id='word_1_690' title='bbox 1243 4453 1299 4498; x_wconf 92' lang='lat' dir='ltr'><strong>et</strong></span> <span class='ocrx_word' id='word_1_691' title='bbox 1329 4445 1387 4499; x_wconf 88' lang='lat' dir='ltr'><strong>in</strong></span> <span class='ocrx_word' id='word_1_692' title='bbox 1411 4461 1571 4514; x_wconf 90' lang='lat' dir='ltr'><strong>quam</strong></span> <span class='ocrx_word' id='word_1_693' title='bbox 1590 4441 1874 4516; x_wconf 83' lang='lat' dir='ltr'><strong>pretiosus</strong></span> <span class='ocrx_word' id='word_1_694' title='bbox 1907 4454 2128 4523; x_wconf 79' lang='lat' dir='ltr'><strong>sanguis</strong></span> 
     </span>
    </p>
   </div>
   <div class='ocr_carea' id='block_1_93' title="bbox 559 4529 2129 4603">
    <p class='ocr_par' dir='ltr' id='par_1_93' title="bbox 559 4529 2129 4603">
     <span class='ocr_line' id='line_1_93' title="bbox 559 4529 2129 4603; baseline 0.009 -16"><span class='ocrx_word' id='word_1_695' title='bbox 559 4532 758 4603; x_wconf 84' lang='lat' dir='ltr'><strong>Christi</strong></span> <span class='ocrx_word' id='word_1_696' title='bbox 792 4529 1015 4597; x_wconf 81' lang='lat' dir='ltr'><strong>deﬂuxit</strong></span> <span class='ocrx_word' id='word_1_697' title='bbox 1057 4549 1071 4588; x_wconf 90' lang='lat'><strong>:</strong></span> <span class='ocrx_word' id='word_1_698' title='bbox 1111 4550 1210 4590; x_wconf 89' lang='lat' dir='ltr'><strong>nec</strong></span> <span class='ocrx_word' id='word_1_699' title='bbox 1254 4551 1363 4591; x_wconf 90' lang='lat' dir='ltr'><strong>non</strong></span> <span class='ocrx_word' id='word_1_700' title='bbox 1397 4547 1452 4592; x_wconf 89' lang='lat' dir='ltr'><strong>et</strong></span> <span class='ocrx_word' id='word_1_701' title='bbox 1479 4537 1675 4595; x_wconf 86' lang='lat' dir='ltr'><strong>Christi</strong></span> <span class='ocrx_word' id='word_1_702' title='bbox 1716 4542 2001 4598; x_wconf 79' lang='lat' dir='ltr'><strong>cruciﬁxio</strong></span> <span class='ocrx_word' id='word_1_703' title='bbox 2038 4547 2129 4601; x_wconf 92' lang='lat' dir='ltr'><strong>de-</strong></span> 
     </span>
    </p>
   </div>
   <div class='ocr_carea' id='block_1_94' title="bbox 560 4609 2126 4704">
    <p class='ocr_par' dir='ltr' id='par_1_94' title="bbox 560 4609 2126 4704">
     <span class='ocr_line' id='line_1_94' title="bbox 560 4609 2126 4704; baseline 0.011 -30"><span class='ocrx_word' id='word_1_704' title='bbox 560 4623 724 4692; x_wconf 77' lang='lat' dir='ltr'><strong>picta.</strong></span> <span class='ocrx_word' id='word_1_705' title='bbox 753 4609 927 4679; x_wconf 83' lang='lat' dir='ltr'><strong>Habet</strong></span> <span class='ocrx_word' id='word_1_706' title='bbox 953 4624 1230 4694; x_wconf 86' lang='lat' dir='ltr'><strong>lampades</strong></span> <span class='ocrx_word' id='word_1_707' title='bbox 1260 4628 1593 4696; x_wconf 86' lang='lat' dir='ltr'><strong>quindecim.</strong></span> <span class='ocrx_word' id='word_1_708' title='bbox 1626 4629 1692 4684; x_wconf 89' lang='lat' dir='ltr'><strong>Et</strong></span> <span class='ocrx_word' id='word_1_709' title='bbox 1715 4641 1800 4686; x_wconf 89' lang='lat' dir='ltr'><strong>est</strong></span> <span class='ocrx_word' id='word_1_710' title='bbox 1829 4632 2126 4704; x_wconf 80' lang='lat' dir='ltr'><strong>Golgothaei</strong></span> 
     </span>
    </p>
   </div>
   <div class='ocr_carea' id='block_1_95' title="bbox 562 4707 2129 4793">
    <p class='ocr_par' dir='ltr' id='par_1_95' title="bbox 562 4707 2129 4793">
     <span class='ocr_line' id='line_1_95' title="bbox 562 4707 2129 4793; baseline 0.009 -25"><span class='ocrx_word' id='word_1_711' title='bbox 562 4713 756 4783; x_wconf 82' lang='lat' dir='ltr'><strong>templi.</strong></span> <span class='ocrx_word' id='word_1_712' title='bbox 809 4715 986 4777; x_wconf 85' lang='lat' dir='ltr'><strong>tholus</strong></span> <span class='ocrx_word' id='word_1_713' title='bbox 1043 4717 1110 4770; x_wconf 88' lang='lat' dir='ltr'><strong>ad</strong></span> <span class='ocrx_word' id='word_1_714' title='bbox 1165 4717 1387 4773; x_wconf 88' lang='lat' dir='ltr'><strong>modum</strong></span> <span class='ocrx_word' id='word_1_715' title='bbox 1445 4707 2013 4793; x_wconf 44' lang='lat' dir='ltr'><strong>crucis,°ell‘ormatus,</strong></span> <span class='ocrx_word' id='word_1_716' title='bbox 2074 4736 2129 4782; x_wconf 88' lang='lat' dir='ltr'><strong>ct</strong></span> 
     </span>
    </p>
   </div>
   <div class='ocr_carea' id='block_1_96' title="bbox 561 4806 2130 4885">
    <p class='ocr_par' dir='ltr' id='par_1_96' title="bbox 561 4806 2130 4885">
     <span class='ocr_line' id='line_1_96' title="bbox 561 4806 2130 4885; baseline 0.009 -24"><span class='ocrx_word' id='word_1_717' title='bbox 561 4823 683 4862; x_wconf 90' lang='lat' dir='ltr'><strong>cum</strong></span> <span class='ocrx_word' id='word_1_718' title='bbox 733 4808 940 4862; x_wconf 83' lang='lat' dir='ltr'><strong>musivo</strong></span> <span class='ocrx_word' id='word_1_719' title='bbox 975 4806 1361 4878; x_wconf 81' lang='lat' dir='ltr'><strong>prophetarum</strong></span> <span class='ocrx_word' id='word_1_720' title='bbox 1394 4812 1659 4883; x_wconf 78' lang='lat' dir='ltr'><strong>imagines</strong></span> <span class='ocrx_word' id='word_1_721' title='bbox 1698 4815 2017 4885; x_wconf 72' lang='lat' dir='ltr'><strong>delineatae;</strong></span> <span class='ocrx_word' id='word_1_722' title='bbox 2073 4828 2130 4875; x_wconf 91' lang='lat' dir='ltr'><strong>et</strong></span> 
     </span>
    </p>
   </div>
   <div class='ocr_carea' id='block_1_97' title="bbox 562 4898 2126 4970">
    <p class='ocr_par' dir='ltr' id='par_1_97' title="bbox 562 4898 2126 4970">
     <span class='ocr_line' id='line_1_97' title="bbox 562 4898 2126 4970; baseline 0.007 -16"><span class='ocrx_word' id='word_1_723' title='bbox 562 4900 822 4964; x_wconf 81' lang='lat' dir='ltr'><strong>Abraam,</strong></span> <span class='ocrx_word' id='word_1_724' title='bbox 852 4898 1180 4955; x_wconf 77' lang='lat' dir='ltr'><strong>sacriﬁcium</strong></span> <span class='ocrx_word' id='word_1_725' title='bbox 1204 4901 1460 4970; x_wconf 72' lang='lat' dir='ltr'><strong>offerens,</strong></span> <span class='ocrx_word' id='word_1_726' title='bbox 1499 4903 1668 4961; x_wconf 80' lang='lat' dir='ltr'><strong>tilium</strong></span> <span class='ocrx_word' id='word_1_727' title='bbox 1716 4921 1894 4964; x_wconf 87' lang='lat' dir='ltr'><strong>suum.</strong></span> <span class='ocrx_word' id='word_1_728' title='bbox 1931 4908 1997 4965; x_wconf 85' lang='lat' dir='ltr'><strong>Et</strong></span> <span class='ocrx_word' id='word_1_729' title='bbox 2050 4909 2126 4965; x_wconf 89' lang='lat' dir='ltr'><strong>ibi</strong></span> 
     </span>
    </p>
   </div>
   <div class='ocr_carea' id='block_1_98' title="bbox 564 4990 2124 5071">
    <p class='ocr_par' dir='ltr' id='par_1_98' title="bbox 564 4990 2124 5071">
     <span class='ocr_line' id='line_1_98' title="bbox 564 4990 2124 5071; baseline 0.006 -25"><span class='ocrx_word' id='word_1_730' title='bbox 564 5000 647 5047; x_wconf 84' lang='lat' dir='ltr'><strong>est</strong></span> <span class='ocrx_word' id='word_1_731' title='bbox 681 4990 853 5058; x_wconf 84' lang='lat' dir='ltr'><strong>locus,</strong></span> <span class='ocrx_word' id='word_1_732' title='bbox 879 4991 932 5045; x_wconf 92' lang='lat' dir='ltr'><strong>in</strong></span> <span class='ocrx_word' id='word_1_733' title='bbox 964 5006 1071 5060; x_wconf 85' lang='lat' dir='ltr'><strong>quo</strong></span> <span class='ocrx_word' id='word_1_734' title='bbox 1096 4994 1424 5049; x_wconf 77' lang='lat' dir='ltr'><strong>sacriﬁcium</strong></span> <span class='ocrx_word' id='word_1_735' title='bbox 1460 4995 1610 5054; x_wconf 81' lang='lat' dir='ltr'><strong>fecit.</strong></span> <span class='ocrx_word' id='word_1_736' title='bbox 1661 4997 1941 5070; x_wconf 74' lang='lat' dir='ltr'><strong>Colgotha:</strong></span> <span class='ocrx_word' id='word_1_737' title='bbox 1979 5001 2124 5071; x_wconf 59' lang='grc' dir='ltr'><strong>νοτίς</strong></span> 
     </span>
    </p>
   </div>
   <div class='ocr_carea' id='block_1_99' title="bbox 565 5083 2128 5153">
    <p class='ocr_par' dir='ltr' id='par_1_99' title="bbox 565 5083 2128 5153">
     <span class='ocr_line' id='line_1_99' title="bbox 565 5083 2128 5153; baseline 0.008 -19"><span class='ocrx_word' id='word_1_738' title='bbox 565 5089 829 5147; x_wconf 86' lang='lat' dir='ltr'><strong>mentum,</strong></span> <span class='ocrx_word' id='word_1_739' title='bbox 872 5083 1083 5137; x_wconf 83' lang='lat' dir='ltr'><strong>musivo</strong></span> <span class='ocrx_word' id='word_1_740' title='bbox 1121 5083 1544 5153; x_wconf 83' lang='lat' dir='ltr'><strong>interstinctum,</strong></span> <span class='ocrx_word' id='word_1_741' title='bbox 1588 5091 1880 5145; x_wconf 79' lang='lat' dir='ltr'><strong>maximam</strong></span> <span class='ocrx_word' id='word_1_742' title='bbox 1915 5091 2128 5148; x_wconf 84' lang='lat' dir='ltr'><strong>intuen-</strong></span> 
     </span>
    </p>
   </div>
   <div class='ocr_carea' id='block_1_100' title="bbox 569 5171 2129 5253">
    <p class='ocr_par' dir='ltr' id='par_1_100' title="bbox 569 5171 2129 5253">
     <span class='ocr_line' id='line_1_100' title="bbox 569 5171 2129 5253; baseline 0.012 -31"><span class='ocrx_word' id='word_1_743' title='bbox 569 5171 711 5226; x_wconf 86' lang='lat' dir='ltr'><strong>tibus</strong></span> <span class='ocrx_word' id='word_1_744' title='bbox 737 5171 1066 5241; x_wconf 86' lang='lat' dir='ltr'><strong>voluptatem</strong></span> <span class='ocrx_word' id='word_1_745' title='bbox 1097 5172 1254 5231; x_wconf 91' lang='lat' dir='ltr'><strong>indit.</strong></span> <span class='ocrx_word' id='word_1_746' title='bbox 1284 5177 1329 5231; x_wconf 80' lang='grc' dir='ltr'><strong>Δ</strong></span> <span class='ocrx_word' id='word_1_747' title='bbox 1373 5187 1521 5248; x_wconf 77' lang='lat' dir='ltr'><strong>tergo</strong></span> <span class='ocrx_word' id='word_1_748' title='bbox 1548 5179 1846 5250; x_wconf 64' lang='lat' dir='ltr'><strong>Golgothaa,</strong></span> <span class='ocrx_word' id='word_1_749' title='bbox 1881 5184 1970 5238; x_wconf 90' lang='lat' dir='ltr'><strong>ubi</strong></span> <span class='ocrx_word' id='word_1_750' title='bbox 2003 5199 2129 5253; x_wconf 77' lang='lat' dir='ltr'><strong>gra-</strong></span> 
     </span>
    </p>
   </div>
   <div class='ocr_carea' id='block_1_101' title="bbox 559 5262 2130 5343">
    <p class='ocr_par' dir='ltr' id='par_1_101' title="bbox 559 5262 2130 5343">
     <span class='ocr_line' id='line_1_101' title="bbox 559 5262 2130 5343; baseline 0.01 -28"><span class='ocrx_word' id='word_1_751' title='bbox 559 5262 666 5317; x_wconf 81' lang='lat' dir='ltr'><strong>dus</strong></span> <span class='ocrx_word' id='word_1_752' title='bbox 693 5262 911 5333; x_wconf 70' lang='lat' dir='ltr'><strong>triginta</strong></span> <span class='ocrx_word' id='word_1_753' title='bbox 947 5263 1314 5334; x_wconf 74' lang='lat' dir='ltr'><strong>descendetis,</strong></span> <span class='ocrx_word' id='word_1_754' title='bbox 1347 5269 1597 5338; x_wconf 77' lang='lat' dir='ltr'><strong>objicitur</strong></span> <span class='ocrx_word' id='word_1_755' title='bbox 1628 5272 1884 5343; x_wconf 86' lang='lat' dir='ltr'><strong>templum</strong></span> <span class='ocrx_word' id='word_1_756' title='bbox 1919 5271 2130 5330; x_wconf 84' lang='lat' dir='ltr'><strong>Sanctae</strong></span> 
     </span>
    </p>
   </div>
   <div class='ocr_carea' id='block_1_102' title="bbox 568 5349 2130 5432">
    <p class='ocr_par' dir='ltr' id='par_1_102' title="bbox 568 5349 2130 5432">
     <span class='ocr_line' id='line_1_102' title="bbox 568 5349 2130 5432; baseline 0.01 -29"><span class='ocrx_word' id='word_1_757' title='bbox 568 5349 803 5407; x_wconf 80' lang='lat' dir='ltr'><strong>lleleua.</strong></span> <span class='ocrx_word' id='word_1_758' title='bbox 834 5350 1015 5432; x_wconf 75' lang='lat' dir='ltr'><strong>liabet</strong></span> <span class='ocrx_word' id='word_1_759' title='bbox 1041 5353 1318 5410; x_wconf 88' lang='lat' dir='ltr'><strong>columnas</strong></span> <span class='ocrx_word' id='word_1_760' title='bbox 1344 5370 1677 5414; x_wconf 88' lang='lat' dir='ltr'><strong>marmoreas</strong></span> <span class='ocrx_word' id='word_1_761' title='bbox 1725 5373 1978 5430; x_wconf 86' lang='lat' dir='ltr'><strong>quatuor,</strong></span> <span class='ocrx_word' id='word_1_762' title='bbox 2011 5377 2130 5432; x_wconf 78' lang='lat' dir='ltr'><strong>qua:</strong></span> 
     </span>
    </p>
   </div>
   <div class='ocr_carea' id='block_1_103' title="bbox 571 5431 2128 5526">
    <p class='ocr_par' dir='ltr' id='par_1_103' title="bbox 571 5431 2128 5526">
     <span class='ocr_line' id='line_1_103' title="bbox 571 5431 2128 5526; baseline 0.01 -31"><span class='ocrx_word' id='word_1_763' title='bbox 571 5431 840 5515; x_wconf 77' lang='lat' dir='ltr'><strong>perpetuo</strong></span> <span class='ocrx_word' id='word_1_764' title='bbox 866 5445 1006 5502; x_wconf 88' lang='lat' dir='ltr'><strong>illius</strong></span> <span class='ocrx_word' id='word_1_765' title='bbox 1038 5445 1290 5516; x_wconf 85' lang='lat' dir='ltr'><strong>reliquias</strong></span> <span class='ocrx_word' id='word_1_766' title='bbox 1349 5448 1614 5504; x_wconf 85' lang='lat' dir='ltr'><strong>sustinent</strong></span> <span class='ocrx_word' id='word_1_767' title='bbox 1641 5465 1656 5506; x_wconf 90' lang='lat'><strong>:</strong></span> <span class='ocrx_word' id='word_1_768' title='bbox 1689 5462 1880 5523; x_wconf 87' lang='lat' dir='ltr'><strong>estque</strong></span> <span class='ocrx_word' id='word_1_769' title='bbox 1909 5431 2128 5526; x_wconf 82' lang='lat' dir='ltr'><strong>praetcr-</strong></span> 
     </span>
    </p>
   </div>
   <div class='ocr_carea' id='block_1_104' title="bbox 645 5602 1667 5676">
    <p class='ocr_par' dir='ltr' id='par_1_104' title="bbox 645 5602 1667 5676">
     <span class='ocr_line' id='line_1_104' title="bbox 645 5602 1667 5676; baseline 0.005 -18"><span class='ocrx_word' id='word_1_770' title='bbox 645 5602 829 5658; x_wconf 77' lang='lat' dir='ltr'><strong>‘Psal.</strong></span> <span class='ocrx_word' id='word_1_771' title='bbox 860 5617 974 5670; x_wconf 73' lang='grc' dir='ltr'><strong>ιιι,</strong></span> <span class='ocrx_word' id='word_1_772' title='bbox 1009 5602 1096 5659; x_wconf 81' lang='grc'><strong>19.</strong></span> <span class='ocrx_word' id='word_1_773' title='bbox 1170 5605 1193 5639; x_wconf 82' lang='lat'>&#39;</span> <span class='ocrx_word' id='word_1_774' title='bbox 1223 5603 1356 5664; x_wconf 86' lang='lat' dir='ltr'><strong>Luc.</strong></span> <span class='ocrx_word' id='word_1_775' title='bbox 1399 5623 1552 5676; x_wconf 69' lang='lat' dir='ltr'><strong>nm,</strong></span> <span class='ocrx_word' id='word_1_776' title='bbox 1576 5609 1667 5665; x_wconf 73' lang='lat'><strong>62.</strong></span> 
     </span>
    </p>
   </div>
   <div class='ocr_carea' id='block_1_105' title="bbox 2230 4432 3798 4518">
    <p class='ocr_par' dir='ltr' id='par_1_105' title="bbox 2230 4432 3798 4518">
     <span class='ocr_line' id='line_1_105' title="bbox 2230 4432 3798 4518; baseline -0.009 -16"><span class='ocrx_word' id='word_1_777' title='bbox 2230 4450 2405 4518; x_wconf 80' lang='grc' dir='ltr'><strong>πέτρα</strong></span> <span class='ocrx_word' id='word_1_778' title='bbox 2447 4447 2583 4501; x_wconf 87' lang='lat'><strong>61:06</strong></span> <span class='ocrx_word' id='word_1_779' title='bbox 2636 4445 2887 4517; x_wconf 83' lang='grc' dir='ltr'><strong>ἐσχίσθη,</strong></span> <span class='ocrx_word' id='word_1_780' title='bbox 2938 4445 3035 4498; x_wconf 73' lang='grc' dir='ltr'><strong>καὶ</strong></span> <span class='ocrx_word' id='word_1_781' title='bbox 3068 4443 3310 4514; x_wconf 76' lang='grc' dir='ltr'><strong>ἔδραμεν</strong></span> <span class='ocrx_word' id='word_1_782' title='bbox 3358 4441 3638 4510; x_wconf 69' lang='grc' dir='ltr'><strong>τδτιμίον</strong></span> <span class='ocrx_word' id='word_1_783' title='bbox 3666 4432 3798 4507; x_wconf 71' lang='grc' dir='ltr'><strong>αἷμα</strong></span> 
     </span>
    </p>
   </div>
   <div class='ocr_carea' id='block_1_106' title="bbox 2230 4528 3797 4611">
    <p class='ocr_par' dir='ltr' id='par_1_106' title="bbox 2230 4528 3797 4611">
     <span class='ocr_line' id='line_1_106' title="bbox 2230 4528 3797 4611; baseline -0.01 -17"><span class='ocrx_word' id='word_1_784' title='bbox 2230 4538 2322 4594; x_wconf 81' lang='grc' dir='ltr'><strong>τοῦ</strong></span> <span class='ocrx_word' id='word_1_785' title='bbox 2347 4536 2608 4611; x_wconf 84' lang='grc' dir='ltr'><strong>Χριστοῦ.</strong></span> <span class='ocrx_word' id='word_1_786' title='bbox 2639 4537 2792 4589; x_wconf 81' lang='grc' dir='ltr'><strong>Ἐκεῖ</strong></span> <span class='ocrx_word' id='word_1_787' title='bbox 2819 4535 2941 4588; x_wconf 82' lang='grc' dir='ltr'><strong>ἐναι</strong></span> <span class='ocrx_word' id='word_1_788' title='bbox 2991 4534 3088 4587; x_wconf 75' lang='grc' dir='ltr'><strong>καὶ</strong></span> <span class='ocrx_word' id='word_1_789' title='bbox 3119 4536 3153 4604; x_wconf 76' lang='grc' dir='ltr'><strong>ἡ</strong></span> <span class='ocrx_word' id='word_1_790' title='bbox 3185 4531 3498 4603; x_wconf 77' lang='grc' dir='ltr'><strong>σταύρωσις</strong></span> <span class='ocrx_word' id='word_1_791' title='bbox 3541 4528 3639 4583; x_wconf 84' lang='grc' dir='ltr'><strong>τοῦ</strong></span> <span class='ocrx_word' id='word_1_792' title='bbox 3665 4529 3797 4598; x_wconf 80' lang='grc' dir='ltr'><strong>Χρι-</strong></span> 
     </span>
    </p>
   </div>
   <div class='ocr_carea' id='block_1_107' title="bbox 2232 4619 3798 4699">
    <p class='ocr_par' dir='ltr' id='par_1_107' title="bbox 2232 4619 3798 4699">
     <span class='ocr_line' id='line_1_107' title="bbox 2232 4619 3798 4699; baseline -0.008 -15"><span class='ocrx_word' id='word_1_793' title='bbox 2232 4627 2359 4684; x_wconf 81' lang='grc' dir='ltr'><strong>στοῦ</strong></span> <span class='ocrx_word' id='word_1_794' title='bbox 2410 4627 2872 4699; x_wconf 78' lang='grc' dir='ltr'><strong>ζωγραφισμένη.</strong></span> <span class='ocrx_word' id='word_1_795' title='bbox 2903 4627 3057 4696; x_wconf 85' lang='grc' dir='ltr'><strong>Ἔχει</strong></span> <span class='ocrx_word' id='word_1_796' title='bbox 3123 4625 3418 4696; x_wconf 78' lang='grc' dir='ltr'><strong>κανδήλαις</strong></span> <span class='ocrx_word' id='word_1_797' title='bbox 3465 4621 3551 4676; x_wconf 80' lang='grc' dir='ltr'><strong>ιε’.</strong></span> <span class='ocrx_word' id='word_1_798' title='bbox 3607 4623 3720 4678; x_wconf 78' lang='grc' dir='ltr'><strong>Καὶ</strong></span> <span class='ocrx_word' id='word_1_799' title='bbox 3772 4619 3798 4672; x_wconf 92' lang='lat'><strong>6</strong></span> 
     </span>
    </p>
   </div>
   <div class='ocr_carea' id='block_1_108' title="bbox 2232 4713 3795 4792">
    <p class='ocr_par' dir='ltr' id='par_1_108' title="bbox 2232 4713 3795 4792">
     <span class='ocr_line' id='line_1_108' title="bbox 2232 4713 3795 4792; baseline -0.006 -17"><span class='ocrx_word' id='word_1_800' title='bbox 2232 4722 2503 4792; x_wconf 82' lang='grc' dir='ltr'><strong>Γολγοθᾶς</strong></span> <span class='ocrx_word' id='word_1_801' title='bbox 2568 4717 3224 4791; x_wconf 79' lang='grc' dir='ltr'><strong>σταυροθολοκτισμένος,</strong></span> <span class='ocrx_word' id='word_1_802' title='bbox 3285 4716 3381 4769; x_wconf 60' lang='grc' dir='ltr'><strong>καὶ⁸</strong></span> <span class='ocrx_word' id='word_1_803' title='bbox 3431 4713 3795 4786; x_wconf 74' lang='grc' dir='ltr'><strong>ίστορημένοι,</strong></span> 
     </span>
    </p>
   </div>
   <div class='ocr_carea' id='block_1_109' title="bbox 2241 4803 3797 4884">
    <p class='ocr_par' dir='ltr' id='par_1_109' title="bbox 2241 4803 3797 4884">
     <span class='ocr_line' id='line_1_109' title="bbox 2241 4803 3797 4884; baseline -0.006 -19"><span class='ocrx_word' id='word_1_804' title='bbox 2241 4814 2379 4884; x_wconf 84' lang='grc' dir='ltr'><strong>μετὰ</strong></span> <span class='ocrx_word' id='word_1_805' title='bbox 2410 4812 2633 4881; x_wconf 83' lang='grc' dir='ltr'><strong>μουσίου</strong></span> <span class='ocrx_word' id='word_1_806' title='bbox 2670 4812 2717 4863; x_wconf 82' lang='grc' dir='ltr'><strong>οι</strong></span> <span class='ocrx_word' id='word_1_807' title='bbox 2768 4810 3072 4879; x_wconf 82' lang='grc' dir='ltr'><strong>προφῆται,</strong></span> <span class='ocrx_word' id='word_1_808' title='bbox 3119 4807 3215 4861; x_wconf 83' lang='grc' dir='ltr'><strong>καὶ</strong></span> <span class='ocrx_word' id='word_1_809' title='bbox 3262 4804 3516 4878; x_wconf 81' lang='grc' dir='ltr'><strong>’Δϐραὰμ</strong></span> <span class='ocrx_word' id='word_1_810' title='bbox 3559 4803 3797 4868; x_wconf 78' lang='grc' dir='ltr'><strong>θυσιάζει</strong></span> 
     </span>
    </p>
   </div>
   <div class='ocr_carea' id='block_1_110' title="bbox 2237 4893 3796 4964">
    <p class='ocr_par' dir='ltr' id='par_1_110' title="bbox 2237 4893 3796 4964">
     <span class='ocr_line' id='line_1_110' title="bbox 2237 4893 3796 4964; baseline -0.007 -6"><span class='ocrx_word' id='word_1_811' title='bbox 2237 4905 2329 4958; x_wconf 85' lang='grc' dir='ltr'><strong>τὸν</strong></span> <span class='ocrx_word' id='word_1_812' title='bbox 2362 4902 2474 4958; x_wconf 80' lang='grc' dir='ltr'><strong>υίὸν</strong></span> <span class='ocrx_word' id='word_1_813' title='bbox 2498 4899 2684 4957; x_wconf 80' lang='grc' dir='ltr'><strong>αὐτοῦ.</strong></span> <span class='ocrx_word' id='word_1_814' title='bbox 2715 4899 2892 4955; x_wconf 84' lang='lat' dir='ltr'><strong>A6106</strong></span> <span class='ocrx_word' id='word_1_815' title='bbox 2922 4902 3076 4954; x_wconf 86' lang='grc' dir='ltr'><strong>ἐστιν</strong></span> <span class='ocrx_word' id='word_1_816' title='bbox 3104 4899 3133 4951; x_wconf 91' lang='lat'><strong>6</strong></span> <span class='ocrx_word' id='word_1_817' title='bbox 3158 4897 3348 4962; x_wconf 84' lang='grc' dir='ltr'><strong>τόπος,</strong></span> <span class='ocrx_word' id='word_1_818' title='bbox 3378 4894 3516 4948; x_wconf 85' lang='grc' dir='ltr'><strong>ὀποῦ</strong></span> <span class='ocrx_word' id='word_1_819' title='bbox 3541 4893 3796 4964; x_wconf 74' lang='grc' dir='ltr'><strong>ἐποίησεν</strong></span> 
     </span>
    </p>
   </div>
   <div class='ocr_carea' id='block_1_111' title="bbox 2238 4985 3794 5068">
    <p class='ocr_par' dir='ltr' id='par_1_111' title="bbox 2238 4985 3794 5068">
     <span class='ocr_line' id='line_1_111' title="bbox 2238 4985 3794 5068; baseline -0.007 -18"><span class='ocrx_word' id='word_1_820' title='bbox 2238 4997 2337 5068; x_wconf 83' lang='grc' dir='ltr'><strong>τὴν</strong></span> <span class='ocrx_word' id='word_1_821' title='bbox 2369 4993 2583 5051; x_wconf 89' lang='grc' dir='ltr'><strong>θυσίαν.</strong></span> <span class='ocrx_word' id='word_1_822' title='bbox 2614 4993 2724 5048; x_wconf 79' lang='grc' dir='ltr'><strong>Καὶ</strong></span> <span class='ocrx_word' id='word_1_823' title='bbox 2755 4991 2819 5045; x_wconf 85' lang='lat'><strong>16</strong></span> <span class='ocrx_word' id='word_1_824' title='bbox 2869 4991 3063 5061; x_wconf 71' lang='grc' dir='ltr'><strong>ἔδαφος</strong></span> <span class='ocrx_word' id='word_1_825' title='bbox 3092 4986 3188 5043; x_wconf 87' lang='grc' dir='ltr'><strong>τοῦ</strong></span> <span class='ocrx_word' id='word_1_826' title='bbox 3210 4987 3454 5056; x_wconf 70' lang='grc' dir='ltr'><strong>Γολγοθά</strong></span> <span class='ocrx_word' id='word_1_827' title='bbox 3479 4985 3621 5041; x_wconf 86' lang='grc' dir='ltr'><strong>εῐναι</strong></span> <span class='ocrx_word' id='word_1_828' title='bbox 3652 4988 3794 5059; x_wconf 65' lang='grc' dir='ltr'><strong>ιστο-</strong></span> 
     </span>
    </p>
   </div>
   <div class='ocr_carea' id='block_1_112' title="bbox 2237 5073 3796 5160">
    <p class='ocr_par' dir='ltr' id='par_1_112' title="bbox 2237 5073 3796 5160">
     <span class='ocr_line' id='line_1_112' title="bbox 2237 5073 3796 5160; baseline -0.009 -18"><span class='ocrx_word' id='word_1_829' title='bbox 2237 5087 2500 5160; x_wconf 79' lang='grc' dir='ltr'><strong>ρισμένον</strong></span> <span class='ocrx_word' id='word_1_830' title='bbox 2529 5085 2666 5154; x_wconf 84' lang='grc' dir='ltr'><strong>μετὰ</strong></span> <span class='ocrx_word' id='word_1_831' title='bbox 2696 5082 2920 5154; x_wconf 86' lang='grc' dir='ltr'><strong>μουσίου</strong></span> <span class='ocrx_word' id='word_1_832' title='bbox 2949 5079 3288 5150; x_wconf 75' lang='grc' dir='ltr'><strong>παντέρπου.</strong></span> <span class='ocrx_word' id='word_1_833' title='bbox 3331 5079 3397 5133; x_wconf 85' lang='grc' dir='ltr'><strong>Ἠ</strong></span> <span class='ocrx_word' id='word_1_834' title='bbox 3423 5077 3480 5132; x_wconf 82' lang='grc' dir='ltr'><strong>δὲ</strong></span> <span class='ocrx_word' id='word_1_835' title='bbox 3505 5079 3682 5132; x_wconf 81' lang='grc' dir='ltr'><strong>ὀπίσω</strong></span> <span class='ocrx_word' id='word_1_836' title='bbox 3707 5073 3796 5129; x_wconf 81' lang='grc' dir='ltr'><strong>τοῦ</strong></span> 
     </span>
    </p>
   </div>
   <div class='ocr_carea' id='block_1_113' title="bbox 2228 5165 3792 5247">
    <p class='ocr_par' dir='ltr' id='par_1_113' title="bbox 2228 5165 3792 5247">
     <span class='ocr_line' id='line_1_113' title="bbox 2228 5165 3792 5247; baseline -0.008 -15"><span class='ocrx_word' id='word_1_837' title='bbox 2228 5178 2472 5247; x_wconf 75' lang='grc' dir='ltr'><strong>Γολγοθᾶ</strong></span> <span class='ocrx_word' id='word_1_838' title='bbox 2519 5174 2840 5231; x_wconf 83' lang='grc' dir='ltr'><strong>καταϐαίνει</strong></span> <span class='ocrx_word' id='word_1_839' title='bbox 2881 5173 3080 5228; x_wconf 89' lang='grc' dir='ltr'><strong>σκαλία</strong></span> <span class='ocrx_word' id='word_1_840' title='bbox 3130 5169 3197 5239; x_wconf 84' lang='grc' dir='ltr'><strong>λ’,</strong></span> <span class='ocrx_word' id='word_1_841' title='bbox 3253 5171 3350 5226; x_wconf 75' lang='grc' dir='ltr'><strong>καὶ</strong></span> <span class='ocrx_word' id='word_1_842' title='bbox 3408 5165 3738 5245; x_wconf 65' lang='grc' dir='ltr'><strong>κάτωεῐναι</strong></span> <span class='ocrx_word' id='word_1_843' title='bbox 3767 5168 3792 5220; x_wconf 90' lang='lat'><strong>6</strong></span> 
     </span>
    </p>
   </div>
   <div class='ocr_carea' id='block_1_114' title="bbox 2227 5261 3792 5337">
    <p class='ocr_par' dir='ltr' id='par_1_114' title="bbox 2227 5261 3792 5337">
     <span class='ocr_line' id='line_1_114' title="bbox 2227 5261 3792 5337; baseline -0.008 -12"><span class='ocrx_word' id='word_1_844' title='bbox 2227 5269 2352 5334; x_wconf 84' lang='grc' dir='ltr'><strong>ναὸς</strong></span> <span class='ocrx_word' id='word_1_845' title='bbox 2379 5270 2481 5337; x_wconf 78' lang='grc' dir='ltr'><strong>τῆς</strong></span> <span class='ocrx_word' id='word_1_846' title='bbox 2523 5266 2714 5337; x_wconf 82' lang='grc' dir='ltr'><strong>Ἀγίας</strong></span> <span class='ocrx_word' id='word_1_847' title='bbox 2748 5266 2993 5334; x_wconf 83' lang='grc' dir='ltr'><strong>Ἑλένης,</strong></span> <span class='ocrx_word' id='word_1_848' title='bbox 3031 5266 3126 5318; x_wconf 77' lang='grc' dir='ltr'><strong>καὶ</strong></span> <span class='ocrx_word' id='word_1_849' title='bbox 3149 5261 3263 5333; x_wconf 71' lang='grc' dir='ltr'><strong>ἔχει</strong></span> <span class='ocrx_word' id='word_1_850' title='bbox 3287 5261 3539 5326; x_wconf 87' lang='grc' dir='ltr'>κολόναις</span> <span class='ocrx_word' id='word_1_851' title='bbox 3575 5277 3792 5333; x_wconf 86' lang='grc' dir='ltr'><strong>μαρμα-</strong></span> 
     </span>
    </p>
   </div>
   <div class='ocr_carea' id='block_1_115' title="bbox 2232 5356 3788 5433">
    <p class='ocr_par' dir='ltr' id='par_1_115' title="bbox 2232 5356 3788 5433">
     <span class='ocr_line' id='line_1_115' title="bbox 2232 5356 3788 5433; baseline -0.006 -17"><span class='ocrx_word' id='word_1_852' title='bbox 2232 5363 2433 5433; x_wconf 81' lang='grc' dir='ltr'><strong>ρετναις</strong></span> <span class='ocrx_word' id='word_1_853' title='bbox 2452 5359 2517 5427; x_wconf 87' lang='grc' dir='ltr'><strong>δ’,</strong></span> <span class='ocrx_word' id='word_1_854' title='bbox 2559 5361 2653 5414; x_wconf 75' lang='grc' dir='ltr'><strong>καὶ</strong></span> <span class='ocrx_word' id='word_1_855' title='bbox 2690 5358 2994 5430; x_wconf 77' lang='grc' dir='ltr'><strong>βαστάζουν</strong></span> <span class='ocrx_word' id='word_1_856' title='bbox 3029 5356 3123 5411; x_wconf 65' lang='grc' dir='ltr'><strong>τὸν</strong></span> <span class='ocrx_word' id='word_1_857' title='bbox 3156 5359 3355 5428; x_wconf 78' lang='grc' dir='ltr'><strong>νεκρὸν</strong></span> <span class='ocrx_word' id='word_1_858' title='bbox 3390 5356 3788 5422; x_wconf 77' lang='grc' dir='ltr'><strong>ἁενάως.Ἐναι</strong></span> 
     </span>
    </p>
   </div>
   <div class='ocr_carea' id='block_1_116' title="bbox 2232 5441 3785 5526">
    <p class='ocr_par' dir='ltr' id='par_1_116' title="bbox 2232 5441 3785 5526">
     <span class='ocr_line' id='line_1_116' title="bbox 2232 5441 3785 5526; baseline -0.002 -20"><span class='ocrx_word' id='word_1_859' title='bbox 2232 5452 2324 5509; x_wconf 74' lang='grc' dir='ltr'><strong>καὶ</strong></span> <span class='ocrx_word' id='word_1_860' title='bbox 2354 5452 2523 5509; x_wconf 76' lang='grc' dir='ltr'><strong>αὑτοῦ</strong></span> <span class='ocrx_word' id='word_1_861' title='bbox 2579 5452 2674 5508; x_wconf 87' lang='lat'><strong>106</strong></span> <span class='ocrx_word' id='word_1_862' title='bbox 2727 5453 2887 5526; x_wconf 82' lang='grc' dir='ltr'><strong>ἁγίου</strong></span> <span class='ocrx_word' id='word_1_863' title='bbox 2937 5450 3198 5508; x_wconf 83' lang='grc' dir='ltr'><strong>Ἰακώϐου</strong></span> <span class='ocrx_word' id='word_1_864' title='bbox 3237 5441 3332 5504; x_wconf 86' lang='lat'><strong>106</strong></span> <span class='ocrx_word' id='word_1_865' title='bbox 3374 5448 3722 5520; x_wconf 76' lang='grc' dir='ltr'><strong>’Δδελφοθέου</strong></span> <span class='ocrx_word' id='word_1_866' title='bbox 3757 5445 3785 5496; x_wconf 72' lang='grc' dir='ltr'>ὁ</span> 
     </span>
    </p>
   </div>
  </div>
