3956 6324
560 200 666 264 933
2017 205 2148 268 ΑΝ(

2256 206 2366 265 ΓΜΙ
3724 215 3808 276 θςι

565 319 843 373 Abraham
879 319 1302 391 hospitalitatem
1338 319 1634 376 exercuit:
1664 330 1721 376 et
1760 320 1814 375 in
1848 319 2025 377 media
2057 321 2148 375 do-

2256 300 2316 374 ’δέ
2358 324 2388 374 6
2413 322 2578 386 τόπος
2605 324 2697 377 τοῦ
2728 320 2983 395 Ἀϐραάμ
3033 324 3065 394 ἡ
3104 325 3173 394 γῆ
3207 326 3239 394 ἠ
3281 324 3489 393 Μαυρῆ
3524 320 3660 376 εἶναι
3687 325 3808 378 661i-

565 426 655 464 ιιιο
680 421 765 467 est
794 413 1114 482 sepulcrum.
1136 413 1307 470 illius.
1356 411 1538 468 Distat
1564 412 1634 468 ab
1676 413 1813 469 urbe
1843 413 2148 469 Jerusalem

2260 414 2352 468 κά.
2385 415 2563 470 A6106
2625 415 2742 471 έναι
2776 419 2803 470 6
2833 417 2999 481 τόπος
3030 417 3164 470 ὀποῦ
3205 416 3415 485 ἔκαμεν
3440 415 3694 486 Ἀδραὰμ
3731 418 3807 486 τὴν

559 503 828 564 milliaria
861 505 986 559 tria.
1019 504 1258 576 Indeque
1289 504 1657 574 pragredienti
1692 504 1861 560 millia
1893 519 2148 572 passuum

2259 507 2568 575 φιλοξενίαν
2591 525 2607 542 ο
2637 509 2731 560 καὶ
2783 509 2947 579 μέσον
2995 507 3089 561 τοῦ
3123 509 3277 562 οἴκου
3323 525 3417 560 του
3461 506 3580 559 ἔναι
3607 508 3637 558 6
3666 507 3807 575 τάφος

560 589 794 665 triginta
829 596 930 651 tria
974 611 1096 653 sese
1124 596 1280 652 otl‘ert
1310 595 1488 653 sancti
1529 593 1846 652 Charitonis
1875 607 2152 654 monaste-

565 703 731 744 rium.

635 871 690 926 9.
734 871 864 927 Sina
912 887 1065 929 mons
1117 875 1170 930 in
1218 875 1412 929 intimo
1442 875 1651 932 desertr
1685 877 2019 942 insinuatur,
2044 878 2149 932 ’di-

566 973 786 1033 statque
818 967 886 1021 ab
917 967 1051 1023 urbe
1083 967 1382 1024 Jerusalem
1441 969 1636 1025 diebus
1691 970 2024 1039 quindecim.
2073 969 2149 1026 lbi

567 1067 819 1112 sanctum
844 1059 1038 1134 rubum
1065 1059 1344 1114 ardentem
1367 1060 1579 1132 Moyses
1609 1062 1842 1130 aspexit.
1866 1061 2150 1133 Templum

566 1157 859 1207 structura:
885 1151 1075 1222 lignea:
1114 1152 1336 1222 plumbo
1380 1154 1731 1223 contegitur;
1765 1155 2153 1226 sustinentque

565 1242 698 1298 illud
748 1245 1014 1300 columnae
1044 1245 1354 1301 duodecim.
1406 1247 1569 1302 Bema
1599 1248 1813 1312 musivo
1856 1250 2151 1306 interstin-

566 1345 715 1390 ctum
759 1347 865 1402 est,
927 1348 1390 1408 reprasentatque
1434 1339 1980 1410 transfigurationern
2039 1341 2148 1396 Do-

571 1427 722 1481 mini.
757 1425 935 1484 Situm
977 1440 1061 1484 est
1114 1430 1184 1486 ibi
1229 1431 1282 1485 in
1321 1445 1484 1500 capsa
1529 1447 1833 1488 marmorea
1881 1433 2150 1503 reliquum

567 1527 768 1574 sancta
813 1519 1156 1588 Catharinte;
1209 1524 1556 1593 pendentque
1589 1524 1824 1596 desuper
1870 1525 2150 1595 lampades

569 1622 698 1667 tres.
756 1613 802 1665 Α
855 1620 1009 1683 tergo
1060 1615 1289 1670 bematis
1346 1617 1446 1670 sub
1507 1631 1666 1672 sacra
1716 1633 1903 1674 mensa
1956 1618 2151 1673 ardent

570 1704 847 1772 lampades
899 1714 1030 1760 tres.
1063 1706 1277 1760 Sacella
1325 1721 1493 1776 penes
1548 1708 1808 1778 templum
1842 1716 1988 1775 sunt,
2026 1724 2152 1765 san-

570 1806 779 1850 ctorum
827 1796 1107 1863 abbatum,
1144 1799 1496 1869 reliquiaeque
1539 1799 1593 1855 in
1641 1801 1710 1857 iis
1744 1801 2016 1872 repositae,
2055 1803 2152 1874 qui

570 1890 622 1941 in
646 1887 773 1942 Sina
809 1899 989 1945 monte
1016 1899 1070 1944 et
1101 1885 1550 1962 Raytbi'civitate
1571 1895 1882 1950 obtruncati
1905 1894 2146 1953 fuerunt.

570 1979 846 2050 Propeque
892 1983 1062 2038 aedem
1115 1985 1440 2041 catholicam
1495 1988 1746 2042 visuntur
1794 1988 1899 2043 alia
1949 1989 2150 2045 sacella

569 2088 684 2126 sex.
724 2071 862 2128 Sunt
892 2081 947 2128 et
994 2074 1099 2128 alia
1128 2075 1321 2129 sacella
1367 2076 1419 2130 in
1467 2079 1821 2145 monasterio,
1854 2081 1910 2134 in
1953 2081 2151 2148 quibus

567 2163 990 2229 quatuordecim
1021 2166 1338 2221 sacerdotes
1383 2167 1580 2222 missas
1611 2169 1912 2226 celebrant.
1947 2170 2150 2228 Puteus

569 2269 786 2323 quoque
838 2265 942 2320 est,
986 2269 1052 2310 ex
1104 2273 1209 2327 quo
1243 2256 1455 2328 Moyses
1505 2272 1689 2332 potum
1723 2265 2002 2334 praebebat
2034 2266 2152 2321 ovi-

572 2345 693 2400 bus.
727 2345 880 2403 Mons
915 2349 1045 2404 Sina
1092 2358 1428 2412 monasterio
1455 2357 1786 2426 superjacet,
1813 2360 2152 2413 ascenditur-

566 2451 670 2504 que
701 2439 768 2493 ad
815 2439 967 2495 illum
1002 2444 1261 2512 gradibus
1317 2450 1597 2506 sexcentis
1635 2461 1690 2505 et
1747 2465 1845 2507 sex
1879 2451 2146 2507 millibus.

564 2527 924 2595 Ascendens,
972 2531 1025 2586 in
1079 2535 1259 2590 medio
1328 2550 1512 2595 monte
1578 2543 1837 2611 templum
1905 2543 2150 2613 Deiparae

565 2633 783 2674 sacrum
819 2625 1041 2694 reperit,
1075 2628 1162 2682 cui
1207 2645 1404 2686 nomen
1442 2633 1712 2705 Engytrite
1743 2653 1758 2690 ε
1793 2652 2027 2707 namque
2065 2639 2148 2693 vi-

563 2711 724 2768 detur
765 2719 1130 2786 spopondisse
1168 2737 1266 2792 pro
1315 2729 1675 2784 monasterio.
1727 2727 1905 2799 Supra
1943 2742 2027 2786 est
2054 2747 2148 2787 sa-

566 2819 656 2858 cra
690 2805 819 2863 Eliae
849 2812 1130 2880 propheta
1159 2815 1324 2880 aedes,
1358 2826 1418 2871 et
1472 2820 1734 2889 spelunca
1761 2821 1814 2875 in
1849 2839 1951 2892 qua
2002 2823 2150 2894 jeju-

567 2896 715 2950 navit
741 2900 1101 2972 quadraginta
1129 2904 1267 2962 dies.
1302 2909 1451 2964 Et‘in
1493 2922 1687 2967 sancto
1723 2916 1921 2969 montis
1949 2919 2150 2972 vertice

2257 613 2374 652 του.
2417 598 2640 668 Ἀπέχει
2679 599 2790 652 ἀπὸ
2819 599 2921 668 τὴν
2975 598 3338 668 Ἰερουσαλὴμ
3389 597 3503 667 μιλ.
3554 603 3626 664 γ’.
3688 598 3808 649 Ἐκεῖ

2259 688 2368 742 ἴδεν
2395 689 2494 760 τὴν
2525 691 2691 758 ἁγίαν
2733 691 2962 762 Τριάδα.
3004 691 3248 760 Παρεκεῖ
3277 688 3428 758 μίλια
3455 688 3687 759 τριάντα
3707 690 3808 759 τριὰ

2256 782 2374 835 ἐναι
2404 783 2590 853 ήὰγία
2623 783 2758 854 μονὴ
2793 780 2886 836 106
2928 781 3086 850 ἁγίου
3117 783 3460 850 Χαρίτωνος.

2327 874 2392 929 Θ’.
2429 876 2589 930 Ἐναι
2651 875 2710 927 16
2758 875 2887 929 Σινᾱ
2915 874 3038 944 ὅρος
3086 876 3167 936 εἰς
3219 873 3320 944 τὴν
3379 871 3657 942 ἐσωτέραν
3709 870 3810 942 ἐρη-

2261 985 2383 1038 μον.
2446 967 2667 1036 Ἀπέχει
2726 966 2834 1020 ἀπὸ
2883 967 2984 1037 τὴν
3026 965 3390 1037 Ἰερουσαλὴμ
3443 963 3646 1034 δρόμον
3693 965 3809 1034 ἠμε-

2261 1059 2368 1131 ρῶν
2426 1059 2508 1114 ιε’.
2539 1061 2695 1114 Ἐκεῖ
2723 1055 2865 1112 εἶδεν
2909 1061 2936 1112 6
2990 1059 3233 1128 Μωῦσῆς
3282 1057 3381 1128 τὴν
3419 1056 3587 1124 ἁγίαν
3651 1055 3806 1125 βάτον,

2255 1157 2392 1208 ὀποῦ
2424 1155 2646 1207 ἐκέετο⁶
2695 1153 2790 1206 καὶ
2817 1153 2935 1208 ἔναι
2963 1153 2991 1205 6
3017 1153 3143 1214 ναὸς
3185 1150 3325 1220 μετὰ
3380 1150 3588 1218 σκευῆς
3621 1148 3810 1216 ξυλίνης

2257 1245 2764 1317 μολιϐοσκέπαστη,
2799 1245 2892 1298 καὶ
2941 1243 3285 1313 βαστάστηνε
3319 1241 3572 1304 κολόναις
3606 1240 3669 1310 ιβ’
3690 1257 3702 1272 -
3731 1241 3809 1292 καὶ

2252 1338 2314 1390 16
2378 1338 2529 1410 βῆμα
2569 1333 2710 1391 εἶναι
2750 1336 3132 1407 ίστορίσμένον
3173 1335 3313 1406 μετὰ
3370 1334 3606 1403 μωσίου,
3656 1333 3742 1385 καὶ
3783 1331 3810 1399 ἡ

2258 1430 2708 1501 μεταμόρφωσις.
2746 1431 2904 1482 Ἐναι
2949 1429 3009 1482 16
3057 1427 3282 1497 λείψανο
3317 1426 3419 1495 τῆς
3470 1425 3631 1494 ἁγίας
3664 1423 3810 1476 Alxa-

2255 1523 2473 1594 τερίνης
2499 1523 2578 1588 είς
2607 1516 2852 1598 λάρνακα
2878 1521 3280 1598 Ρμαρμαρέῖνον
3302 1535 3314 1550 ο
3345 1519 3442 1573 καὶ
3472 1516 3680 1573 ἁνωθεν
3706 1515 3810 1589 κρέα

2259 1631 2488 1684 μουνται
2510 1613 2800 1684 κανδήλαις
2830 1615 3002 1684 τρεῖς,
3039 1612 3135 1664 καὶ
3152 1609 3328 1664 ὀπίσω
3343 1607 3436 1662 τοῦ
3457 1608 3717 1678 βήματος,
3737 1605 3811 1659 καὶ

2255 1705 2520 1760 ἀποκὰτω
2553 1705 2653 1772 τῆς
2679 1704 2840 1774 ἁγίας
2865 1702 3146 1775 τραπέζας
3185 1699 3401 1756 ἁπτοῦν
3433 1698 3724 1769 κανδήλαις
3748 1702 3810 1764 γ’.

2257 1799 2415 1870 Ἔχει
2444 1797 2812 1868 Παρακλήσια
2830 1796 2936 1850 τῶν
2958 1795 3130 1864 ἁγίων
3165 1792 3447 1847 ’Δϐσάδων
3465 1809 3480 1824 ·
3511 1792 3607 1845 καὶ⁸
3629 1792 3812 1845 κεῖνται

2254 1890 2325 1944 τὰ
2353 1889 2586 1960 λείψανα
2622 1889 2733 1943 τῶν
2761 1889 2820 1941 ἐν
2860 1888 2994 1959 Σινᾷ
3021 1888 3118 1944 καὶ
3157 1884 3380 1939 Ῥαῖθοῦ
3411 1883 3812 1953 ἀναιρεθέντων.

2254 1982 2433 2036 A6106
2469 1984 2581 2052 ἔχει
2613 1982 2777 2052 ἐτερα
2818 1979 3174 2051 παρακλήσια
3204 1979 3285 2041 είς
3331 1974 3394 2028 16
3423 1973 3713 2028 καθολικδν
3744 1968 3808 2036 ς’.

2259 2076 2420 2129 Ἐναι
2467 2075 2563 2128 καὶ
2602 2073 2769 2144 ἓτερα
2798 2071 3153 2145 παρακλήσια
3184 2071 3264 2134 είς
3295 2069 3359 2122 16
3401 2067 3723 2138 μοναστήρη
3753 2063 3808 2132 μδ

2257 2167 2340 2235 ιδ’,
2372 2168 2510 2222 ὀποῦ
2556 2165 2934 2237 λειτουργοῦν.
2963 2166 3126 2220 Ἐναι
3181 2163 3275 2217 καὶ
3319 2162 3380 2216 16
3412 2160 3660 2232 πηγὰδη,
3694 2155 3808 2212 61:06

2253 2261 2504 2325 ἐπότιζεν
2535 2261 2562 2313 6
2591 2259 2832 2328 Μωῦσῆς
2874 2257 2941 2312 τὰ
2983 2256 3262 2328 πρόϐατα.
3306 2254 3374 2307 Ἥ
3403 2253 3462 2306 δέ
3495 2252 3556 2306 16
3590 2241 3708 2326 δρός
3735 2246 3813 2301 106

2251 2353 2385 2406 Σινᾶ
2409 2348 2552 2406 εἷναι
2587 2349 2797 2405 ἁνωθεν
2829 2347 2926 2403 τοῦ
2975 2347 3373 2420 μοναστηρίου,
3421 2344 3518 2400 καὶ
3549 2341 3813 2397 ἁναὸαίνει

2256 2444 2452 2498 σκαλία
2486 2443 2545 2511 ἐξ
2575 2442 2814 2514 χιλιάδες
2865 2443 2958 2496 καλ⁵
2994 2440 3275 2508 ἑξακόσια,
3299 2438 3396 2493 καὶ
3421 2436 3698 2491 ἁναὸαίνει
3724 2433 3816 2494 ἕως

2251 2537 2357 2608 τὴν
2400 2537 2576 2608 μέσην
2611 2534 2707 2588 τοῦ
2753 2535 2936 2605 ὅρους,
2979 2533 3077 2588 καὶ
3119 2531 3369 2603 εὑρίσκει
3421 2527 3518 2584 τὸν
3566 2527 3688 2581 ναὸν
3731 2527 3816 2594 τῆς

2251 2627 2520 2684 Θεοτόκου
2569 2627 2668 2697 τῆς
2728 2625 3056 2696 Ἐγγύτριας
3114 2621 3211 2676 106
3284 2619 3684 2694 μοναστηρίουο
3735 2616 3816 2672 καὶ

2255 2699 2568 2794 παραπάνω
2601 2717 2744 2775 εἶναι
2784 2719 2814 2772 6
2844 2717 2970 2781 ναὸς
3010 2720 3106 2771 τοῦ
3135 2715 3422 2788 προφήτου
3462 2710 3650 2766 Ἠλιοῦ
3672 2727 3686 2742 ο
3715 2709 3815 2763 έναι

2252 2815 2313 2869 1‘0
2333 2813 2610 2886 Σπήλαιον
2633 2810 2768 2866 61:06
2791 2812 3116 2881 ἐνήστευσεν
3145 2810 3386 2880 ἡμέραις
3414 2805 3490 2876 μ’.
3527 2807 3634 2860 Καὶ
3650 2803 3817 2859 ἐπάνω

2253 2910 2334 2972 είς
2367 2910 2466 2980 τὴν
2508 2906 2671 2976 ἁγίαν
2701 2903 2951 2983 κορυφὴν.
2976 2903 3070 2956 τοῦ
3113 2901 3276 2971 ὅρους
3324 2894 3468 2954 εἶναι
3499 2900 3526 2951 6
3561 2897 3689 2958 ναὸς
3731 2891 3812 2948 106

565 2989 826 3080 templum
855 2995 1188 3051 sanctissimi
1218 3000 1494 3070 prephetae
1529 3002 1753 3075 Moysis,
1786 3006 1837 3060 in
1875 3022 1985 3076 quo
2007 3023 2146 3077 qua-

2256 3001 2409 3070 ἁγίου
2445 2999 2728 3071 προφήτου
2763 2994 3028 3080 Μωσέως,
3076 2992 3217 3047 61:06
3254 2993 3586 3062 ἐνήστευσεν
3612 2988 3815 3060 ἡμέρας

567 3079 814 3149 draginta
846 3083 964 3138 dies
984 3083 1292 3157 jejunavit;
1327 3095 1671 3159 postmodum
1708 3095 1782 3148 illi
1809 3097 1952 3152 Deus
1977 3113 2145 3168 appa-

566 3173 700 3238 ruit,
724 3184 780 3230 et
805 3175 1031 3232 dictavit
1060 3178 1139 3233 illi
1170 3181 1371 3252 legem,
1394 3194 1450 3238 et
1484 3200 1514 3239 a
1557 3185 1668 3242 Deo
1704 3188 1906 3244 incisas
1936 3191 2147 3247 litteras

565 3265 831 3321 exhibuit.
888 3267 1090 3324 lbidem
1123 3279 1206 3326 est
1233 3284 1288 3328 et
1332 3276 1423 3345 qui
1460 3292 1585 3332 eum
1642 3283 1863 3350 operuit
1898 3282 2058 3352 lapis.
2089 3284 2148 3337 In

564 3359 767 3412 montis
799 3359 1046 3416 articulis
1071 3372 1196 3417 sunt
1224 3366 1413 3422 sedilia
1455 3376 1701 3438 septem;
1758 3373 1942 3444 ibique
1972 3391 2147 3444 prope

567 3449 778 3518 adjacet
807 3466 993 3507 saxum
1037 3454 1093 3508 in
1139 3471 1247 3525 quo
1281 3457 1517 3516 Joannes
1546 3461 1820 3520 Climacus
1849 3480 1947 3536 per
1980 3483 2151 3524 annos

565 3542 922 3628 quadraginta
948 3548 1107 3613 sedit,
1138 3558 1192 3603 et
1228 3551 1450 3620 scripsit
1482 3553 1723 3611 Scalam.
1762 3559 1938 3615 Distat
1973 3576 2002 3615 a
2035 3577 2149 3616 mo-

567 3636 806 3689 nasterio
856 3653 953 3692 sex
1005 3639 1171 3694 millia
1218 3657 1500 3712 passuum.
1553 3646 1754 3704 Saxum
1797 3666 1951 3718 vero,
2004 3655 2149 3723 quod

567 3727 764 3782 baculo
794 3728 1010 3799 Moyses
1045 3734 1327 3804 tondebat,
1369 3744 1424 3791 et
1462 3753 1530 3792 ex
1563 3754 1674 3808 quo
1705 3758 1860 3811 aquae
1891 3733 2148 3802 exsilire-

567 3827 714 3886 runt,
743 3818 797 3873 in
831 3822 1008 3877 medio
1040 3823 1262 3891 itinere,
1317 3842 1424 3896 quo
1453 3829 1520 3884 ad
1551 3840 1869 3887 sanctorum
1899 3835 2148 3900 Qaadra-

567 3912 717 3979 ginta
745 3923 1048 3985 martyrum
1103 3920 1492 3975 monasterium
1520 3926 1856 3991 proceditur,
1879 3926 2057 3996 jacet;
2096 3936 2150 3982 et

569 4001 640 4054 ibi
689 4018 852 4071 supra
890 4020 1049 4058 mons
1090 4004 1306 4063 Sanctae
1344 4010 1654 4066 Catharinze
1698 4016 2054 4083 conspicitur,
2093 4018 2148 4071 in

564 4108 672 4149 nuo
699 4109 794 4161 per
825 4110 998 4149 annos
1033 4107 1304 4154 trecentos
1338 4103 1618 4173 sexaginta
1649 4106 1893 4178 quinque
1924 4109 2153 4177 frequie-

567 4185 664 4247 vit,
717 4186 784 4239 ab
824 4187 1029 4255 angelis
1063 4191 1355 4245 custodita.
1401 4195 1444 4247 A
1501 4195 1629 4248 Sina
1668 4207 1856 4252 monte
1886 4200 1953 4253 ad
2007 4199 2150 4268 Ray-

2260 3093 2334 3164 μ’,
2368 3091 2465 3145 καὶ
2492 3090 2630 3161 μετὰ
2662 3087 2836 3142 ταῦτα
2862 3086 3036 3156 ἐφάνη
3062 3083 3212 3154 αὑτῷ
3237 3085 3265 3136 6
3304 3083 3460 3150 Θεὸς,
3509 3081 3815 3148 stall).qu-

2259 3202 2353 3238 σεν
2380 3183 2528 3254 αὺτῷ
2560 3183 2653 3237 τὸν
2680 3180 2868 3250 νόμον,
2893 3181 2988 3233 καὶ
3010 3178 3078 3233 τὰ
3114 3175 3461 3246 θεοχάρακτα
3487 3173 3786 3246 γράμματα
3803 3183 3814 3198 ·

2254 3275 2375 3329 έναι
2406 3275 2501 3328 καὶ
2537 3275 2570 3344 ἡ
2606 3274 2781 3340 πέτρα
2817 3272 2851 3341 ὴ
2884 3269 3209 3323 σκεπάσασα
3233 3266 3419 3320 αὐτόν,
3453 3264 3628 3319 A6106
3659 3266 3736 3326 εἰς
3759 3261 3818 3315 τὰ

2252 3367 2355 3438 ὅρη
2391 3366 2534 3435 μέσα
2580 3361 2723 3418 εἶναι
2773 3362 3094 3432 καθίσματα
3124 3359 3188 3425 ξ’.
3221 3358 3400 3414 A6106
3431 3356 3600 3410 κοντα
3643 3355 3754 3408 ἐναι
3783 3355 3813 3421 ή

2256 3460 2432 3531 πέτρα
2471 3456 2610 3510 61:06
2647 3453 2911 3509 ἐκάθετον
2955 3452 3216 3522 Ἰωάννης
3251 3450 3352 3518 τῆς
3381 3447 3818 3535 Κλίμακος

2251 3569 2377 3615 νους
2410 3549 2460 3621 μ’
2483 3567 2496 3580 ·
2529 3551 2644 3603 ἐκεῖ
2677 3547 2918 3619 ἔγραψεν
2945 3547 3045 3617 τὴν
3074 3546 3362 3616 Κλίμακα.
3391 3542 3612 3612 ’Δπέχει
3640 3539 3741 3594 61:6
3767 3540 3817 3590 τὸ

2256 3644 2626 3713 μοναστήριον
2660 3641 2814 3711 μίλια
2865 3645 2940 3705 ς’.
2984 3637 3048 3691 Ἦ
3081 3638 3138 3692 δέ
3187 3637 3363 3707 πέτρα
3389 3636 3526 3718 61:06
3561 3635 3753 3688 ἔδωκεν
3794 3633 3818 3684 6

2253 3736 2499 3805 Μωῦσῆς
2526 3733 2626 3805 τὴν
2659 3732 2874 3803 ῥάϐδον,
2899 3731 2995 3786 καὶ
3014 3729 3292 3802 ἐρρύησαν
3315 3726 3510 3794 ὕδατα,
3544 3727 3661 3781 έναι
3691 3723 3816 3796 μέσα

2252 3829 2332 3890 είς
2387 3827 2479 3879 τὸν
2534 3827 2760 3896 δρόμον,
2808 3823 2943 3876 ὀποῦ
3006 3823 3212 3890 ὑπάγει
3249 3822 3330 3884 είς
3357 3821 3421 3873 16
3459 3819 3813 3890 μοναστήριον

2251 3921 2359 3973 τῶν
2392 3918 2567 3987 ἁγεων
2624 3915 3056 3986 Τεσσαράκοντα
3112 3911 3449 3983 μαρτύρων·
3513 3912 3607 3964 καὶ
3660 3906 3812 3962 αὑτοῦ

2253 4013 2463 4068 ἄνωθεν
2506 4012 2623 4064 ἔναι
2656 4012 2716 4064 16
2749 4009 2874 4080 ὅρος
2915 4010 3014 4080 τῆς
3060 4007 3253 4076 Ἀγίας
3275 4006 3662 4080 Αίκατερίνης,
3695 4003 3815 4061 61:06

2253 4106 2516 4160 ἐκάθετον
2559 4104 2785 4174 χρόνους
2823 4103 3182 4173 τριακοσίους
3220 4102 3488 4172 ἐξήκοντα
3523 4099 3704 4162 πέντε,
3735 4096 3817 4149 καὶ

2255 4197 2494 4250 ἐσλέπαν
2522 4212 2622 4264 την
2644 4195 2693 4248 οἱ
2727 4193 2970 4262 ἄγγελοι.
2993 4191 3132 4246 Ἀπὸ
3153 4191 3249 4246 τοῦ
3279 4192 3411 4245 Σινᾶ.
3432 4191 3539 4254 ἐως
3565 4189 3813 4261 τῆςῬαῖ-

566 4277 719 4329 thum
748 4277 956 4342 urbem,
982 4282 1210 4333 duorum
1241 4282 1451 4338 dierum
1500 4285 1599 4340 iter
1643 4287 1942 4356 interiacet.
1973 4288 2148 4359 Prope

2257 4289 2353 4342 006
2395 4289 2512 4342 έναι
2549 4287 2583 4344 '6
2614 4286 2835 4358 δρόμος,
2885 4287 3011 4339 ὅσον
3044 4287 3343 4356 περιπατεῖ
3375 4285 3593 4356 ἡμέρας
3642 4281 3706 4354 β’,
3735 4281 3816 4334 καὶ

565 4378 651 4422 est
679 4384 827 4424 mare
855 4369 1119 4437 Rubrum,
1148 4378 1288 4444 quod
1320 4378 1668 4444 pertransivit
1697 4352 1939 4450 Moyses;
1974 4352 2148 4451 Rha-y-

2256 4383 2422 4435 κοντὰ
2463 4381 2561 4450 τῆς
2601 4352 2822 4433 Ἰδαῖ’.θοῦ
2877 4376 2996 4431 έναι
3025 4379 3060 4448 ἡ
3092 4352 3337 4446 Ἐρυθρὰ
3380 4352 3652 4443 (θάλασσα,
3701 4371 3814 4427 ἔνθα

569 4471 680 4511 tum
716 4468 840 4515 sunt
889 4461 1051 4513 etiam
1094 4466 1431 4532 septuaginta
1466 4466 1638 4520 trunci
1670 4469 1994 4536 palmarum.
2043 4470 2152 4527 Nec

569 4548 728 4618 longe
779 4558 861 4603 est
893 4549 1253 4607 Prmcursoris
1291 4558 1678 4614 monasterium
1709 4575 1724 4624 ;
1767 4575 1876 4628 quo
1914 4561 1966 4614 in
2031 4563 2152 4618 loco

570 4635 818 4690 monachi
851 4649 880 4689 a
917 4634 1318 4707 Blemmydibus
1352 4646 1713 4700 contrucidati
1744 4647 1949 4702 obiere.

641 4831 728 4885 10.
764 4832 937 4888 Distat
987 4833 1253 4905 Egyptns
1300 4837 1368 4890 ab
1410 4837 1542 4892 urbe
1584 4835 1891 4894 Jerusalem
1921 4840 2151 4895 duorum

569 4925 781 4979 dierum
839 4927 962 4979 iter.
1020 4926 1093 4979 Eo
1148 4929 1376 4983 accessit
1429 4928 1657 4999 Deipara
1723 4947 1847 4986 cum
1909 4932 2149 5000 Christo,

572 5018 798 5072 Herodis
839 5018 974 5072 iram
1024 5018 1235 5085 vitans;
1289 5022 1682 5093 impletumque
1728 5034 1813 5079 est
1871 5026 2150 5095 prophetae

555 5114 767 5164 dictum
806 5128 820 5163 :
859 5109 939 5164 Ex
973 5111 1206 5182 Egypto
1236 5115 1412 5168 vocavi
1444 5115 1616 5176 ﬁlium
1665 5134 1838 5170 meum
1870 5119 1936 5171 '°.
1963 5117 2027 5172 Et
2066 5127 2147 5173 est

568 5196 738 5270 Iocus,
771 5204 862 5273 qui
899 5203 1126 5260 Mataria
1179 5207 1398 5262 dicitur.
1435 5209 1690 5278 Fluitque
1741 5210 1942 5264 ibidem
1995 5209 2138 5274 fons,

567 5298 657 5364 qui
689 5305 741 5348 et
769 5296 1208 5365 speciocissimns
1247 5311 1349 5366 est,
1383 5309 1438 5354 ct
1469 5300 1735 5356 malorum
1771 5303 2012 5380 omnium
2055 5317 2144 5356 sa-

570 5393 788 5442 nitatem
814 5399 1052 5460 prastatt
1086 5388 1141 5444 In
1177 5405 1240 5445 eo
1263 5391 1490 5462 Deipara
1523 5391 1720 5450 fascias
1745 5392 1866 5449 Filii
1896 5393 2044 5447 lavit.
2079 5391 2146 5446 Et

572 5484 623 5534 in
662 5497 768 5549 quo
818 5495 912 5537 eas
970 5484 1209 5539 extendit
1236 5498 1368 5556 agro
1410 5483 1818 5543 Balsamclzum
1871 5484 2140 5561 scaturiit.

643 5657 685 5686 ιο
717 5654 852 5712 Osce
878 5673 952 5725 ιι,
993 5659 1045 5712 2.

2255 4473 2528 4544 ἐπέρασεν
2569 4473 2596 4524 6
2623 4471 2864 4540 Μωῦσῆς
2893 4472 2974 4533 είς
3001 4468 3342 4546 γλυκύτητα.
3374 4469 3549 4523 Αὑτοῦ
3590 4470 3706 4522 έναι
3733 4465 3815 4518 καὶ

2255 4569 2303 4620 οί
2353 4566 2731 4635 ἐὸδομήκοντα
2782 4563 3017 4634 στελέχη
3059 4562 3345 4632 φοινίκων.
3395 4562 3575 4616 A6106
3608 4564 3686 4626 είς
3726 4559 3813 4628 τὴν

2271 4657 2485 4714 Ῥαῖθοῦ
2550 4657 2688 4726 σιμᾶ
2743 4656 2857 4727 ἔχει
2911 4644 3284 4727 μοναστήριον
3337 4654 3433 4708 τοῦ
3487 4655 3811 4725 Προδρόμου,

2255 4752 2389 4805 ὀποῦ
2443 4751 2812 4820 ἀναιρέθησαν
2844 4749 2894 4801 oi
2943 4748 3173 4819 μοναχοὶ
3209 4747 3319 4801 ἀπὸ
3354 4747 3475 4823 τῶν
3505 4745 3809 4817 Βλεμμύων.

2333 4851 2384 4898 ι’.
2427 4842 2493 4896 Ἦ
2539 4843 2597 4895 δὲ
2627 4843 2903 4910 Αἴγυπτος
2941 4841 3139 4911 ἀπέχει
3177 4840 3286 4901 ἁπὸ
3323 4839 3426 4910 τὴν
3477 4836 3814 4911 Ἰερουσαλὴμ

2263 4936 2464 5007 δρόμον
2493 4934 2717 5005 ἡμερῶν
2751 4933 2816 5003 β’.
2848 4932 3023 4986 A6106
3056 4927 3278 5001 ἦλθενὴ
3315 4929 3582 4994 Θεοτόκος
3599 4929 3810 5001 φεύγον-

2254 5045 2353 5090 τας
2405 5027 2542 5097 μετὰ
2585 5027 2676 5080 τὸν
2706 5026 2942 5098 Χριστὸν
2997 5025 3103 5078 61:6
3148 5023 3417 5090 Ἡρώδου.
3457 5023 3635 5077 A6106
3657 5017 3811 5089 ἕπλη·

2255 5120 2405 5189 ρώθη
2425 5120 2488 5172 16
2509 5119 2671 5190 ῥητὸν
2685 5117 2776 5189 106
2802 5116 3219 5188 Προφήτου,Ἐξ
3240 5116 3538 5184 Αἰγύπτου
3564 5114 3809 5169 ἐκάλεσα

2252 5208 2360 5262 τὸν
2386 5209 2520 5263 ινίόν
2537 5227 2678 5278 μου.
2706 5209 2881 5262 A6106
2907 5208 3019 5282 ἔχει
3049 5209 3238 5272 τόπον,
3276 5210 3367 5260 καὶ
3399 5209 3697 5278 όνομάςουν
3730 5204 3807 5257 16v

2254 5300 2566 5369 Ματάρεια.
2610 5300 2763 5368 Ἔχει
2788 5301 2880 5353 καὶ
2911 5301 3095 5370 πηγὴν
3147 5300 3440 5369 παντερπῆ
3474 5299 3571 5352 καὶ
3604 5300 3807 5368 ίαματι-

2256 5393 2379 5462 κήν.
2397 5391 2572 5445 A6106
2604 5386 2767 5462 ἦλθεν
2800 5394 2832 5462 ή
2868 5392 3152 5456 Θεοτόκος,
3199 5391 3295 5445 καὶ
3356 5391 3554 5446 ζπλυνι
3584 5390 3676 5446 106
3702 5385 3804 5442 υίοῦ

2257 5485 2356 5554 τῆς
2378 5481 2445 5536 τὰ
2478 5483 2790 5553 σπάργανα.
2827 5483 2935 5536 Καὶ
2967 5485 3083 5537 ἐκεῖ
3122 5480 3256 5536 61:06
3294 5482 3363 5537 τὰ
3395 5482 3673 5554 ἥπλωσεν,
3702 5477 3802 5535 ἐνέσ
