3956 6324
141 273 234 337 935
1145 343 1151 346 _
1369 289 1469 350 DE
1509 290 1726 353 LOCIS
1755 294 2101 362 SANCTIS.

3291 307 3400 372 986

139 383 320 450 δρυσεν
349 383 407 436 16
434 383 863 455 βαλσαμέλαιον.
892 375 1072 445 A5105
1119 393 1201 456 είς
1234 393 1293 447 16
1323 396 1542 468 Κάερος
1568 401 1695 470 σιμᾱ

1808 401 1986 473 Prope
2011 404 2270 477 Cayrum,
2305 407 2535 464 duorum
2588 411 2795 467 dierum
2827 413 2952 478 iter,
2988 413 3182 469 visitur
3210 419 3393 487 magni

139 475 194 528 ὲκ
231 474 318 526 δύο
361 476 547 547 μερῶν
603 479 838 550 στράταν
897 483 1014 560 Eva}
1071 485 1133 538 16
1189 490 1556 559 μοναστήριον
1604 491 1699 553 τοῦ

141 567 355 634 μεγάλου
408 570 708 639 ’Δρσενίου⁸
770 575 947 630 A5105
1009 577 1232 648 ἔρχεται
1278 582 1306 633 6
1349 583 1545 645 Νεῖλος
1596 602 1698 636 πο-

136 658 294 727 ταμὺς
344 660 450 712 ἀπὸ
490 661 582 714 τὸν
625 664 987 736 Παράδεισον,
1021 671 1116 722 καὶ
1172 673 1384 736 ποτίζει
1423 674 1556 744 ὃλην
1595 672 1722 744 τὴν,

138 749 414 817 Αἴγυπτον.
457 755 635 808 Αὑτοῦ
662 756 765 820 ἔξω
795 759 890 813 τοῦ
927 762 1142 830 Καὲρος
1173 763 1294 817 ἔναι
1327 764 1389 819 16
1421 767 1660 822 Χανέκει
1681 787 1694 800 ο

139 842 219 894 καὶ
245 844 334 895 ἀπ’
377 845 544 898 αὑτοῦ
579 846 803 918 ἑρχεσαι
853 853 934 916 είς
969 853 1031 906 16
1065 855 1236 928 Γάζη,
1277 857 1374 912 καὶ
1417 859 1534 928 ἔχει
1571 861 1699 914 ναὸν

135 931 223 999 τῆς
256 933 558 1002 ὑπεραγίας
614 935 878 994 Θεοτόκου
929 941 1310 1014 ὡραιώτατον.
1364 947 1590 1020 Ἀπέχει
1637 951 1699 1003 16

134 1025 299 1094 Γάζην
334 1027 442 1079 ἀπὸ
469 1028 570 1098 τὴν
612 1030 975 1104 Ἰερουσαλὴμ
1007 1037 1223 1108 ἡμέρας
1249 1038 1312 1110 β’.
1357 1043 1536 1095 A5105
1571 1043 1700 1098 esa-

136 1135 311 1170 πτισεν
332 1122 356 1170 6
382 1118 536 1187 ἅγιος
559 1122 828 1189 Φίλιππος
858 1127 951 1181 τὸν
975 1130 1254 1202 εὐνοῦχον.
1279 1133 1351 1186 Τὸ
1368 1134 1423 1187 δὲ
1447 1136 1698 1206 Καῖάφα,

132 1209 255 1262 ὀποῦ
288 1211 500 1264 ἁλίευεν
521 1216 548 1266 6
574 1215 800 1285 Πέτρος,
822 1219 1018 1290 ἀπέχει
1049 1223 1159 1275 ἀπὸ
1192 1225 1293 1295 τὴν
1331 1226 1697 1299 Ἰερουσαλὴμ

136 1303 298 1369 μίλιον
325 1305 394 1360 α’.
436 1307 501 1359 Ἠ
529 1308 586 1360 δὲ
617 1310 940 1380 Τιϐεριάδος
970 1314 1238 1382 θάλασσα,
1267 1319 1403 1373 ὀποῦ
1433 1321 1694 1375 ἁλεευσαν

134 1396 179 1447 οἱ
207 1395 487 1451 ἀπόστολοι
519 1400 716 1470 ἀπέχει
776 1404 885 1458 ἀπὸ
918 1406 1018 1476 τὴν
1071 1407 1432 1483 Ἰερουσαλὴμ
1479 1415 1700 1486 ἡμέρας

130 1489 195 1559 γ’;
235 1491 404 1546 A5105
449 1498 579 1560 τοὺς
614 1490 786 1569 ηὗρεν
840 1503 867 1555 6
918 1502 1156 1574 Χριστὸς
1214 1509 1470 1574 καὶτοὺς
1501 1507 1695 1564 εἶπεν

129 1585 290 1639 Δεῦτε
327 1589 520 1643 ὀπίσω
546 1610 687 1659 μου,
737 1595 836 1649 καί
869 1598 1103 1665 ποιήσω
1146 1601 1304 1670 ὑμᾶς
1351 1604 1548 1671 ἁλιεῖς
1593 1604 1702 1660 ἀν-

128 1676 359 1742 θρώπων
379 1697 393 1711 ·
420 1671 514 1736 ἇιαὶ
547 1686 931 1759 ἠκολούθησαν
961 1692 1135 1764 αύτῷ.

195 1771 279 1857 ια’.
339 1767 432 1832 Ei;
467 1771 703 1828 αὐτὰτὰ
761 1779 901 1849 μέρη
963 1778 1103 1836 εἶναι
1159 1783 1329 1854 ὀρηνὴ
1388 1787 1483 1841 τοῦ
1534 1789 1692 1857 ἁγίου

145 1853 381 1911 Ἰωάννου
412 1859 508 1914 τοῦ
542 1863 886 1937 Προδρὸμου.
919 1870 1098 1924 A5105
1129 1853 1295 1944 ἦλθεν
1327 1876 1359 1946 ἡ
1395 1853 1687 1945 Θεοτόδιος,

126 1950 214 2001 καὶ
241 1951 520 2019 ἠσπάσατο
541 1957 640 2028 τὴν
695 1959 1000 2029 Ἐλισὰσετ,
1026 1966 1121 2018 καὶ
1152 1970 1231 2029 εἰς
1266 1970 1456 2024 στάδιοι
1496 1971 1543 2041 β’
1579 1972 1695 2025 Eva:

122 2041 340 2136 ’ξι-ὔδωρ
379 2047 479 2116 τῆς
533 2052 852 2120 Ἐλέγξεως,
899 2058 994 2111 καὶ
1032 2060 1235 2115 ὲπὰνου
1279 2063 1448 2134 μέρου
1511 2065 1693 2136 ἕναιὴ

124 2133 297 2207 Πέτρα
333 2139 468 2193 ὀποῦ
512 2141 764 2214 ἐσχίσθῃ,
799 2148 895 2199 καὶ
935 2148 1172 2216 ἐφύλαξε
1238 2152 1330 2204 τὸν
1357 2133 1695 2223 Πρόδρομον

125 2227 215 2280 καὶ
245 2228 340 2298 τὴν
370 2233 587 2303 μητέρα
622 2235 813 2292 a5105.
850 2238 1009 2291 Ἐναι
1044 2242 1139 2293 καὶ
1169 2243 1297 2306 ναὸς
1329 2245 1520 2310 αὐτοῦ,
1559 2248 1693 2302 ὀποῦ

124 2317 376 2390 ἐγεννήθη
407 2321 434 2372 6
476 2324 813 2395 Πρόδρομος.
856 2328 1186 2398 Ἐρχομένου
1217 2349 1311 2386 σου
1348 2335 1427 2397 εἰς
1455 2335 1554 2405 τὴν
1599 2337 1697 2391 Ἱε-

127 2410 396 2481 ρουσαλὴμ
436 2414 517 2474 είς
561 2415 716 2483 μιλία
763 2416 827 2486 β’,
870 2413 1013 2490 εἶναι
1044 2421 1106 2473 16
1170 2426 1540 2496 μοναστήριον
1597 2428 1694 2484 105

122 2502 295 2571 τιμίου
317 2505 587 2574 Σταυροῦ,
617 2509 712 2560 καὶ
740 2509 1004 2566 ἀποκάτω
1043 2515 1125 2576 εἰς
1150 2515 1249 2584 τὴν
1289 2517 1454 2585 ἁγίαν
1483 2538 1693 2592 19am-

123 2593 218 2656 ζαν
249 2594 362 2650 ἐναι
394 2600 421 2650 6
451 2598 620 2664 τόπος
664 2601 802 2654 67105
863 2602 1172 2671 ἐφύτευσεν
1219 2611 1347 2673 τοὺς
1375 2614 1529 2681 τρεῖς
1559 2614 1693 2668 δαυ-

123 2685 240 2753 λοὺς
270 2690 297 2742 6
324 2689 471 2753 Λὼτ,
511 2693 606 2747 καὶ
633 2694 894 2764 ὲγινήσαν
931 2696 1148 2769 δένδρη.
1185 2700 1331 2753 A516
1369 2703 1430 2756 16
1473 2705 1694 2776 δένδρον

123 2778 310 2849 ἔκοψαν
338 2783 386 2835 οί
413 2781 683 2850 Ἰουδαῖοι,
736 2787 830 2840 καὶ
875 2789 1145 2860 ἐποίησαν
1181 2791 1274 2845 τὸν
1309 2797 1565 2866 σταυρὸν,
1597 2796 1694 2850 καὶ

122 2871 467 2942 ἑσταύρωσαν
501 2875 592 2929 τὸν
635 2876 844 2947 Κύριον
895 2881 994 2949 τῆς
1040 2881 1220 2952 δόξης.
1252 2885 1412 2938 Ἔναι
1445 2889 1541 2941 καὶ
1565 2889 1693 2954 ναὸς

123 2961 446 3034 ὡραιότατος
477 2967 543 3037 μὲ
563 2968 816 3040 τρούλλη,
843 2975 940 3026 καὶ
969 2976 1237 3047 κτισμὲνη
1270 2978 1520 3048 γύρωοεν
1541 2980 1692 3036 ὡσὰν

1721 1743 1769 1802 Β

1803 496 2019 551 Arsenii
2067 502 2481 555 monasterium.
2522 501 2832 573 Ibidemque
2867 503 3026 560 Nilus
3076 520 3106 559 e
3137 510 3395 576 paradiso

1803 587 1994 652 eﬂluit,
2023 599 2085 670 et.
2106 592 2415 646 universam
2449 593 2739 666 Egyptum
2769 598 3016 653 inundat.
3057 597 3222 653 Extra
3247 600 3390 671 Cay-

1805 696 1924 734 rum
1959 696 2077 736 sese
2107 683 2268 737 oﬂ‘ert
2293 684 2534 740 Chaneci
2558 703 2573 752 ;
2599 702 2662 741 ex
2691 703 2798 756 quo
2825 691 2888 742 ad
2929 690 3131 743 Gazam
3165 708 3391 762 progre-

1803 772 1973 826 deris.
2047 772 2219 828 [labet
2289 775 2548 845 templum
2628 780 2869 849 Deipara:
2940 783 3388 849 pulcherrimum.

1792 864 1978 925 Distat
1998 863 2143 932 Gaza
2177 869 2244 919 ab
2273 869 2404 922 urbe
2429 869 2727 924 Jerusalem
2762 873 2990 926 duorum
3021 874 3228 929 dierum
3261 875 3386 932 iter.

1805 952 1881 1005 Ibi
1932 966 2153 1009 sanctus
2217 954 2499 1026 Philippus
2556 960 2866 1014 eunuchum
2937 976 3098 1017 sacro
3168 965 3387 1021 lavacro

1803 1043 1994 1098 abluit.
2027 1044 2296 1114 Caiapha,
2332 1048 2422 1102 ubi
2484 1051 2802 1120 piscabatur
2844 1053 3067 1117 Petrus,
3101 1055 3267 1109 distat
3320 1057 3390 1110 ab

1802 1134 1937 1187 urbe
1970 1133 2269 1191 Jerusalem
2309 1139 2456 1193 mille
2513 1156 2729 1209 passus.
2769 1141 2920 1197 Mare
2964 1145 3295 1212 Tiberiadis,
3331 1147 3386 1200 in

1801 1241 1910 1294 quo
1941 1227 2292 1296 piscahantur
2324 1233 2584 1300 apostoli,
2609 1234 2776 1287 distat
2820 1235 2888 1289 ab
2918 1237 3050 1290 urbe
3077 1235 3384 1292 Jerusalem

1803 1320 1921 1373 dies
1949 1329 2079 1374 tres.
2107 1321 2312 1375 Ibidem
2336 1337 2456 1376 cum
2482 1325 2891 1394 reperisseteos
2921 1326 3384 1393 Christus,dixit:

1812 1408 1993 1464 Venite
2032 1421 2147 1478 post
2175 1429 2272 1476 me,
2314 1411 2510 1482 faciam
2543 1433 2629 1470 vos
2659 1417 2954 1486 piscatores
3001 1420 3272 1475 hominum
3299 1423 3338 1453 “
3365 1439 3383 1490 ;

1805 1513 1860 1557 et
1882 1504 2056 1558 secuti
2088 1513 2215 1560 sunt
2241 1520 2390 1561 eum.

1871 1795 1960 1850 11.
2001 1795 2059 1850 1η
2097 1797 2184 1852 bis
2220 1811 2444 1869 quoque
2472 1798 2721 1869 partibus
2751 1813 2879 1855 sunt
2911 1811 3167 1856 montana
3218 1800 3387 1857 Joan-

1799 1891 1884 1943 nis
1917 1889 2302 1960 Praecursoris,
2340 1892 2406 1946 ad
2464 1901 2582 1961 quae
2627 1894 2894 1948 accedens
2923 1895 3170 1964 Deipara,
3209 1892 3390 1950 EliZa-

1798 1983 2014 2037 betham
2075 1983 2352 2039 salutavit.
2409 1985 2644 2054 Indeque
2697 1988 2975 2055 digressus
3023 1989 3127 2041 duo
3183 1989 3382 2053 stadia,

1797 2071 2039 2128 oﬂendes
2087 2088 2285 2144 aquam
2333 2073 2792 2143 Redargutionis;
2848 2084 2903 2130 et
2949 2077 2999 2130 in
3035 2089 3188 2146 parte
3229 2092 3389 2144 supe-

1797 2165 1950 2229 riori,
1984 2176 2214 2235 petram,
2257 2181 2378 2235 qua:
2406 2165 2580 2221 divisa
2621 2167 3021 2244 Praecursorem
3057 2179 3123 2228 et
3147 2178 3381 2222 matrem

1796 2257 1914 2324 ejus
1969 2261 2336 2313 conservavit.
2388 2256 2491 2311 Ubi
2540 2267 2701 2314 natus
2746 2269 2832 2315 est
2866 2260 3200 2326 Prmcttrsor,
3245 2269 3389 2313 tem-
3450 2296 3451 2299 η

1795 2351 1944 2418 plum
1966 2358 2211 2404 erectum
2236 2359 2341 2404 est.
2377 2349 2683 2405 Jerusalem
2717 2367 2909 2406 versus
2946 2351 3014 2405 ad
3041 2354 3148 2405 duo
3185 2352 3383 2406 millia-

1796 2442 1900 2506 ria,
1933 2450 2015 2496 est
2041 2441 2432 2497 monasterium
2457 2443 2781 2498 venerandae
2811 2444 3024 2498 Crucis.
3058 2443 3169 2498 Sub
3195 2455 3385 2498 sancta

1796 2548 1984 2588 mensa
2024 2541 2108 2588 est
2143 2531 2308 2608 locus
2360 2533 2412 2588 in
2456 2549 2564 2601 quo
2616 2545 2727 2590 tres
2770 2536 2992 2591 titiones
3025 2535 3126 2590 Lot
3170 2535 3385 2604 planta-

1795 2626 1891 2689 vit,
1930 2626 2020 2696 qui
2055 2624 2108 2680 in
2148 2626 2375 2682 arbores
2407 2641 2728 2684 excrevere.
2764 2628 2840 2681 Ex
2879 2627 3070 2682 borum
3099 2628 3263 2698 Iiguis
3288 2629 3390 2683 Ju-

1795 2717 1895 2771 daai
1948 2731 2168 2772 crucem
2220 2716 2588 2786 fabricarum,
2642 2719 3044 2791 illique-gloriae
3101 2719 3386 2774 Dominum

1794 2804 2144 2862 sufﬁxerunt.
2198 2805 2489 2877 Templum
2541 2817 2627 2868 est
2690 2809 3144 2877 pulcherrimum,
3221 2809 3384 2862 trulla

1795 2899 2172 2968 conspicuum,
2206 2906 2262 2954 et
2292 2899 2498 2954 circqu
2522 2898 2689 2954 veluti
2728 2914 2849 2966 arx,
2881 2901 3052 2955 muris
3082 2898 3382 2962 vallatum;

1799 2990 1965 3060 janua
1999 2989 2175 3046 ferrea
2212 2999 2333 3057 est;
2366 3006 2532 3060 super
2564 3006 2719 3045 sacra
2758 3006 2942 3046 mensa
2982 2991 3216 3061 pendent
3241 2990 3382 3044 Iam-

123 3058 373 3130 κάστρονο
397 3060 511 3131 ἔχει
545 3061 638 3115 καὶ
672 3062 878 3132 πόρταν
931 3065 1153 3135 σιδερήν
1174 3080 1190 3095 ⁶
1217 3072 1314 3120 καὶ
1344 3068 1554 3123 ἄνωθεν
1587 3072 1690 3142 τῆς

1800 3058 1960 3148 pades
1986 3091 2244 3151 quatuor.
2277 3079 2412 3134 Cum
2438 3058 2740 3134 Jerusalem
2802 3081 2962 3148 petis,
2985 3058 3185 3135 stadia
3209 3080 3389 3149 "quin-

121 3152 273 3220 ἁγίας
305 3153 590 3225 τραπέζης
617 3154 955 3226 κρεμοῦνται
988 3159 1286 3229 κανδήλαις
1309 3160 1372 3214 δ’.
1417 3163 1692 3233 Ἐρχομέ-

123 3262 208 3299 νου
234 3248 310 3311 εἰς
338 3249 440 3318 τὴν
477 3246 834 3319 Ἰερουσαλὴμ
879 3253 966 3314 είς
1009 3254 1203 3306 στάδια
1234 3261 1294 3318 ε’,
1328 3249 1558 3310 εἶναιτὸ
1592 3275 1692 3325 μο-

123 3340 406 3408 ναστήριον
441 3337 536 3391 τοῦ
596 3339 758 3407 ἁγίου
798 3340 1042 3396 Βαϐύλα.
1098 3344 1277 3397 Αὐτοῦ
1342 3344 1549 3414 ἔκοψαν
1595 3346 1694 3418 τὴν

127 3429 354 3501 κεφαλὴν
402 3428 499 3483 105
541 3429 702 3499 ἁγίου
761 3431 1078 3500 Γεωργίουο
1129 3435 1224 3486 καὶ
1273 3435 1487 3488 ἀπάνου
1522 3437 1692 3506 μέρου

124 3523 199 3587 είς
227 3524 317 3577 τὸν
354 3523 557 3594 δρόμον
584 3523 705 3578 ἐναί
737 3524 771 3593 ἡ
803 3524 980 3594 πέτρα
1011 3526 1147 3578 ὀποῦ
1173 3527 1176 3531 ’
1207 3528 1467 3582 ἐκάθισεν
1493 3531 1524 3599 ή
1559 3532 1692 3582 810-

125 3619 287 3681 τόκος.
313 3619 426 3671 Καὶ
453 3620 688 3688 παρεκεῖ
721 3613 863 3671 εἶναι
898 3618 1033 3688 ἄλλη
1087 3619 1265 3689 πέτρα
1321 3600 1456 3674 61105
1489 3623 1693 3696 ἐστάθη

133 3711 469 3781 ἡΘεοτόκος,
512 3715 606 3764 καὶ
654 3711 1041 3782 ὲπροσκύνησε
1101 3711 1162 3764 16
1199 3712 1355 3782 ἅγιον
1388 3715 1546 3778 ξύλον
1592 3717 1697 3770 καὶ

125 3804 316 3874 τίμιον,
352 3807 446 3859 καὶ
476 3804 578 3875 τὴν
609 3804 772 3872 ἁγίαν
812 3804 1198 3877 Ἰερουσαλήμ.
1248 3808 1359 3859 Καὶ
1405 3809 1575 3862 κοντὰ
1607 3797 1695 3875 ἒίς

124 3899 180 3952 τὸ
223 3901 623 3972 Τοιχόκαστρον
669 3900 751 3964 είς
801 3901 990 3955 στάδια
1040 3908 1116 3967 ς’,
1158 3903 1272 3955 Eva:
1317 3906 1343 3957 6
1399 3906 1568 3975 ἀγρὸς
1597 3903 1704 3959 τοῦ

136 3994 424 4064 Ἀγρίππα,
456 3992 592 4046 61:05
620 3990 862 4046 ἔστειλεν
894 3995 921 4045 6
953 3993 1226 4064 Ἱερεμίας
1258 3982 1349 4048 τὸν
1405 3997 1695 4071 ’Λόιμελὲχ

124 4085 206 4139 διὰ
253 4085 416 4151 σῦκα,
477 4087 576 4141 καὶ
628 4085 845 4139 ὕπνωσε
896 4085 1125 4155 χρόνους
1191 4087 1524 4158 ἐϐδοήκοντα
1577 4092 1692 4148 δύο.

129 4178 358 4234 Ἀνωθεν
384 4177 553 4233 αὐτοῦ
607 4177 725 4233 (vat
758 4178 999 4248 κάστρον
1047 4178 1238 4232 ἐπάνω
1281 4182 1363 4244 είς
1414 4181 1564 4252 ὅρος,
1598 4185 1696 4239 καὶ

124 4271 275 4325 αὐτοῦ
301 4270 639 4342 ιπριὸνησαν
660 4258 770 4325 τὺν“
783 4272 1074 4341 προφήτην
1113 4270 1346 4326 Ἡσαΐαν
1369 4275 1428 4326 ἐν
1457 4277 1694 4347 πριονίῳ

1800 3186 1907 3239 que
1931 3186 2190 3229 emensus
2226 3170 2475 3226 invenies
2515 3171 2690 3226 sancti
2721 3169 2922 3225 Babila:
2969 3173 3388 3225 monasterium.

1797 3263 1876 3319 lbi
1920 3273 2256 3335 amputatum
2298 3273 2382 3318 est
2446 3263 2842 3334 caput‘sancti
2919 3262 3169 3332 Georgii.
3227 3247 3388 3317 Parte

1798 3358 2071 3425 superiori
2121 3357 2224 3412 via:
2268 3370 2461 3411 saxum
2493 3356 2761 3420 cernitur,
2800 3355 2850 3408 itt
2895 3369 3002 3425 quo
3036 3354 3266 3424 Deipara
3293 3353 3384 3409 έθ-

1799 3450 1878 3503 dit
1913 3467 1926 3503 :
1963 3463 2065 3502 nec
2090 3447 2259 3502 multo
2309 3454 2428 3517 post
2461 3446 2607 3501 aliud
2643 3462 2860 3514 saxum,
2908 3459 3071 3516 super
3095 3460 3204 3519 quo
3231 3456 3385 3500 stans

1801 3543 2055 3610 Deipara,
2091 3550 2342 3595 sanctum
2371 3548 2426 3593 et
2464 3540 2762 3608 pretiosum
2794 3536 2996 3610 lignum
3028 3549 3387 3607 sanctamque

1798 3633 2099 3689 Jerusalem
2126 3632 2393 3686 adoravit.
2429 3630 2604 3705 Prope
2631 3647 2815 3686 muros
2849 3631 3015 3696 arcis,
3047 3629 3236 3684 stadiis
3262 3645 3380 3694 sex,

1799 3738 1884 3784 est
1915 3741 2042 3796 ager
2063 3725 2331 3795 Agrippae,
2365 3741 2472 3794 quo
2506 3724 2774 3780 Jeremias
2815 3723 3184 3779 Ahimelecum
3223 3723 3389 3776 mise-

1799 3829 1905 3884 rat,
1938 3818 2003 3872 ad
2031 3817 2295 3873 tollendos
2323 3819 2478 3883 ﬁcos,
2493 3816 2942 3887 obdormivitque
2966 3831 3136 3870 annos
3160 3825 3380 3883 septua-

1799 3912 1951 3980 ginta
1990 3914 2146 3965 duos.
2184 3909 2359 3981 Supra
2411 3925 2625 3981 agrum,
2677 3911 2732 3964 in
2787 3909 3108 3964 summitate
3153 3906 3378 3973 montis,

1797 4017 1882 4061 est
1933 4018 2050 4071 arx,
2101 4006 2153 4060 in
2201 4020 2329 4076 qua,
2377 4019 2533 4061 serra
2583 4003 2782 4074 lignea,
2818 4003 3013 4058 Isaiam
3064 4002 3383 4072 prophetam

1801 4100 2200 4154 dissecuernnt.
2228 4099 2481 4154 Ambitus
2504 4097 2658 4153 urbis
2679 4105 2883 4152 sanctae
2911 4095 3214 4150 Jerusalem
3243 4087 3379 4150 coit-

1802 4191 1939 4246 tinét
1967 4183 2220 4245 milliaria
2247 4196 2512 4261 quinque.
2539 4191 2670 4245 Haec
2693 4188 2789 4245 tibi
2809 4188 3096 4259 descripsi.
3126 4207 3160 4244 o
3183 4193 3382 4254 amice,

1802 4283 1854 4337 in
1894 4281 2181 4338 utilitatem
2215 4285 2412 4338 anima:
2438 4291 2492 4338 et
2525 4281 2720 4338 salutis
2763 4291 2817 4337 et
2849 4282 3000 4353 regni
3026 4281 3262 4336 cmlestis
3292 4295 3380 4334 rc-

127 4363 326 4437 ξυλίνῳ.
361 4363 586 4433 Γυρίζει
609 4363 671 4418 16
714 4367 955 4434 κάστρον
986 4363 1085 4431 τῆς
1116 4365 1285 4432 ἁγίας
1326 4365 1693 4440 Ἰερουσαλὴμ

1802 4378 2170 4439 novationem,
2212 4370 2387 4442 gratia
2450 4384 2504 4428 et
2554 4374 2893 4430 humanitate
2941 4373 3153 4428 Domini
3208 4371 3382 4426 nostri

126 4456 264 4526 μίλια
294 4462 358 4513 ε’.
393 4454 580 4511 Ταῦτα
614 4453 859 4527 ὲχάραξά
882 4471 987 4522 σοι,
1017 4455 1295 4525 ἀγαπητὲ,
1321 4457 1408 4510 ἵνα
1442 4458 1573 4530 ἔχῃς
1602 4463 1683 4525 είς

1800 4466 1922 4522 Jesu
1959 4466 2201 4533 Christi;
2240 4467 2325 4522 cui
2359 4467 2530 4546 gloria
2561 4476 2617 4522 et
2643 4469 2810 4524 robur
2837 4467 2892 4521 in
2918 4464 3119 4522 saecula
3153 4465 3379 4520 saeculo-

123 4548 302 4622 ψυχῆς
321 4548 596 4620 ὠφέλειαν
639 4549 736 4602 καὶ
774 4549 1176 4619 ἀνακαινισμδν
1226 4552 1528 4622 σωτηρίας,
1585 4554 1686 4608 καὶ
1796 4573 1936 4612 rum.
1967 4558 2161 4613 Amen.

124 4643 182 4715 τῆ
233 4643 345 4699 τῶν
375 4641 624 4716 οὐρανῶν
663 4641 967 4712 βασιλείας,
998 4644 1184 4714 χάριτι
1225 4643 1319 4696 καὶ
1368 4643 1757 4719 φιλανθρωπίᾳ
1792 4649 1886 4702 105
1928 4649 2140 4721 Κυρίου
2206 4651 2367 4722 ἡμῶν
2400 4651 2581 4723 Ἰησοῦ
2630 4652 2896 4724 Χριστοῦ,
2951 4644 2996 4721 ᾧ
3030 4652 3064 4722 ἡ
3091 4648 3252 4722 ίδὸξα,
3284 4649 3379 4703 καὶ

123 4736 177 4791 16
222 4731 444 4810 κράτος,
507 4735 588 4798 εις
644 4737 773 4800 τοὺς
829 4734 1036 4797 αἰῶνας
1097 4733 1206 4788 τῶν
1262 4735 1495 4792 αἰώνων.
1534 4739 1734 4811 Ἀμήν.

189 4827 270 4899 ιβ’.
301 4828 464 4885 Mica
490 4827 572 4892 είς
604 4827 706 4897 τὴν
742 4826 1106 4899 Ἰερουσαλὴμ
1130 4830 1210 4892 εἰς
1232 4828 1326 4882 τὸν
1351 4832 1547 4900 καιρὸν
1577 4832 1689 4886 τῶν

135 4920 412 4996 Ῥωμαίων
441 4918 584 4995 ἦσαν
631 4922 987 4993 μοναστήρια,
1028 4923 1124 4976 καὶ
1175 4923 1500 4994 ὲκκλήσιαις
1558 4923 1690 4990 τξε’.

128 5013 222 5068 Καὶ
247 5015 349 5086 τὴν
401 5018 644 5086 σήμερον
675 5014 1010 5084 κρατοῦνται
1056 5015 1106 5067 οἱ
1155 5015 1400 5079 ἀσεϐεῖς.
1429 5018 1587 5070 Κατὰ
1630 5017 1689 5070 δὲ

127 5109 213 5173 τὰς
243 5107 514 5171 ἀνατολὰς
539 5105 634 5159 105
663 5107 820 5175 ἁγίου
850 5107 1024 5175 τάφου
1071 5106 1209 5168 μέσα
1243 5109 1323 5170 είς
1351 5107 1448 5179 τὴν
1485 5108 1688 5181 Ἰερου-

130 5199 313 5271 σαλὴμ,
347 5201 430 5263 είς
461 5197 652 5252 στάδια
675 5196 739 5262 δ’,
763 5182 990 5276 εἶναιτὰ
1026 5199 1197 5268 "Arta
1221 5199 1328 5253 τῶν
1352 5195 1544 5269 ἁγίων,
1591 5203 1689 5256 καὶ

128 5290 180 5342 16
217 5291 359 5360 ἱερὸν
418 5289 553 5343 61105
603 5289 882 5343 ἐδίδασκεν
946 5292 973 5344 6
1005 5291 1237 5363 Κύριος.
1287 5292 1465 5346 A5105
1494 5297 1586 5357 ἐίς
1621 5295 1690 5349 τὰ

132 5384 280 5453 ’Δγια
308 5383 419 5437 τῶν
456 5383 627 5453 ἁγίων
663 5383 876 5456 ἐσφάγη
923 5384 950 5436 6
986 5388 1274 5456 προφήτης
1313 5389 1625 5459 Ζαχαρίας,
1659 5390 1689 5442 6

133 5477 300 5548 πατὴρ
351 5477 444 5530 105
506 5477 846 5548 Προδρόμου.
903 5481 1013 5532 Καὶ
1066 5481 1146 5542 είς
1185 5480 1278 5554 τὸν
1337 5482 1502 5534 αὐτὸν
1556 5483 1688 5538 ναὸν

134 5563 332 5637 ἐδέξατο
367 5571 465 5624 καὶ
502 5571 532 5623 6
575 5572 864 5642 προφήτης
912 5571 1140 5642 Συμεὼν
1183 5575 1241 5628 ὲν
1274 5573 1544 5643 ἀγκάλαις
1596 5576 1686 5632 16v

1868 4835 1957 4892 ιε.
1996 4835 2054 4890 In
2092 4835 2208 4905 ipsa
2243 4834 2542 4891 Jerusalem
2573 4836 2677 4893 sub
2711 4835 3128 4907 imperatoribus
3163 4834 3376 4892 Graecis

1789 4935 1947 4982 erant
1986 4926 2320 4982 monasteria
2351 4934 2405 4982 et
2424 4926 2571 4984 ades
2598 4941 2792 4994 sacrae,
2818 4941 3045 4982 numero
3077 4926 3217 4995 565;
3249 4943 3372 4996 qua:

1789 5018 1970 5074 omnia
2025 5034 2168 5074 nunc
2223 5019 2278 5074 in
2310 5028 2631 5089 potestatem
2684 5019 2973 5088 impiorum
3017 5035 3251 5075 cessere.
3290 5020 3370 5073 Ad

1789 5114 1968 5168 locum
2015 5112 2338 5169 orientalem
2384 5113 2559 5167 sancti
2598 5113 2832 5182 sepulcri
2861 5113 3008 5167 intus
3041 5111 3368 5177 Jerusalem,

1791 5221 1960 5274 prope
1991 5207 2289 5263 stadiorum
2332 5214 2564 5274 quatuor
2601 5206 2909 5270 intervallo,
2954 5205 3371 5273 conspiciuntur

1791 5301 1996 5357 Sancta
2024 5307 2362 5362 sanctorum,
2396 5308 2450 5351 et
2483 5300 2746 5368 templum
2778 5299 2830 5352 in
2872 5314 2980 5368 quo
3007 5297 3237 5352 docebat
3263 5295 3369 5349 Do-

1791 5394 1988 5447 minus.
2013 5390 2165 5446 Intus
2198 5389 2401 5446 Sancta
2437 5403 2751 5448 sanctorum
2781 5392 3001 5447 occisus
3049 5400 3129 5446 est
3157 5382 3368 5444 Zacha-

1790 5488 1919 5552 rias,
1949 5495 2105 5556 pater
2133 5487 2511 5551 Praecursoris,
2546 5490 2848 5557 eodemque
2889 5487 2942 5541 in
2998 5487 3201 5556 templo
3237 5500 3368 5553 pro-

1785 5579 1943 5650 pheta
1967 5579 2187 5636 Simcon
2215 5581 2270 5635 in
2302 5581 2441 5638 ulnis
2461 5582 2685 5655 gestavit
2707 5581 3088 5637 Dominum...
3122 5592 3363 5636 marmor-

199 5722 237 5754 “
266 5721 458 5782 Matth.
495 5740 569 5793 tv,
613 5728 678 5784 I9
