3956 6324
599 183 708 253 987
2047 191 2397 255 ANONYMI
3727 192 3815 256 938

599 299 737 366 reis,
757 302 816 356 εἰ
835 304 1028 358 utens
1051 300 1307 372 pendent.
1332 300 1420 368 Et,
1447 314 1573 360 cum
1607 303 1956 361 Christianus
1984 302 2168 376 ingre-

2288 305 2572 377 ἰριστδν...
2604 303 3144 378 μαρμαρετναις,καὶ
3169 303 3586 377 κρεμοῦνταιμὶ
3615 302 3814 359 άλυσον·

597 393 769 459 ditur,
800 401 1197 461 commovetur,
1257 393 1386 450 licet
1439 404 1604 462 nunc,
1639 394 1710 450 ob
1740 394 2040 463 Agarenos,
2067 410 2168 450 ne-

2288 399 2363 452 :ai
2394 399 2527 452 ὅταν
2554 399 2702 452 σέϐει
2737 397 3088 467 Χριστιανὸς,
3125 399 3480 470 ταράσσεται.
3517 399 3702 468 Ὅμως
3741 400 3815 452 διὰ

597 485 735 542 mini
760 486 942 542 aditus
967 495 1172 554 pateat.
1205 485 1409 543 Ibidem
1441 487 1605 541 etiam
1639 495 1726 544 est
1763 501 1970 554 mensa,
2001 501 2031 541 a
2058 485 2169 542 Deo

2288 490 2395 554 τοὺς
2435 491 2773 560 Ἀγαρηνοὺς
2799 489 2954 544 οὐδὲν
2986 491 3219 561 ὲμπορεϊ
3237 491 3380 544 τίναι
3415 487 3484 545 va
3528 491 3661 565 σέϐῃ
3690 492 3805 548 ἔσω.

599 591 861 647 appensa.
919 577 1200 648 Templum
1231 585 1317 634 est
1365 578 1557 649 ingens
1590 587 1647 634 et
1690 578 2008 643 rotundum,
2044 592 2168 632 cum

2288 581 2382 636 {al
2429 581 2571 651 μέσα
2605 580 2769 635 αὑτοῦ
2808 579 2926 636 έναι
2965 581 3193 652 καὶῖμία
3240 579 3495 653 τράπεζα
3532 581 3817 652 Θεοκρέμα-

599 667 760 722 trulla
794 667 1015 736 plumbo
1039 677 1308 734 contecta,
1341 672 1488 725 intus
1536 669 1777 740 forisque
1824 670 2036 724 musivo
2071 667 2169 722 de-

2288 674 2561 743 ιτη.Ἐναι
2583 672 2720 726 καὶὸ
2749 673 2875 733 ναὸς
2896 673 3071 742 μέγας
3106 674 3578 746 στρογγυλοειδής.
3611 675 3719 728 Kal
3764 677 3818 744 pl

597 756 771 826 pieta.
798 756 970 814 Habet
1002 768 1055 815 et
1085 761 1306 831 atrium,
1333 761 1386 815 in
1421 759 1576 830 cujus
1615 771 1772 831 parte
1802 758 2056 815 orientali
2087 766 2172 815 est

2288 763 2502 833 τρούλλα
2535 762 3006 836 μολιϐοσκέπαστη
3067 765 3452 837 ῑστορισμένην
3489 765 3689 821 ἔσωθεν
3741 766 3820 819 καὶ

510 852 520 858 ·
598 852 780 914 porta,
809 847 1250 918 quatuorjanuis
1292 859 1572 916 constans,
1603 864 1702 921 per
1723 864 1890 920 quam
1923 849 2172 905 transivit

2288 853 2478 920 ἱξωθεν
2507 855 2645 924 μετὰ
2682 855 2912 925 μωσίου.
2943 855 3097 927 Ἔχει
3126 856 3222 911 καὶ
3255 855 3426 923 αὐλὴν
3453 855 3607 927 μίαν,
3639 858 3728 910 xal
3755 862 3819 919 ei;

597 935 855 995 Christus
889 955 1013 994 cum
1055 941 1249 1010 palmis
1293 951 1350 1002 et
1387 957 1587 1008 ramis;
1632 950 1688 998 et
1725 941 1799 997 ad
1847 941 1992 996 hunc
2030 941 2168 997 diem

2288 946 2374 1018 τὴν
2407 946 2540 1017 μίαν
2589 947 2787 1017 μερίαν
2815 946 2916 1018 τῆς
2969 946 3142 1017 αὐλῆς
3181 947 3323 1004 κατὰ
3353 947 3620 1012 ἀνατολὰς
3660 949 3820 1014 {vati}

596 1029 785 1090 clausa
831 1039 937 1087 est.
985 1031 1268 1105 Propeque
1301 1035 1466 1089 etiam
1515 1042 1603 1088 est
1645 1035 1844 1089 atrium
1887 1032 2066 1099 Pilati,
2116 1040 2173 1086 et

2288 1038 2650 1110 recpanopcoc
2683 1037 2850 1108 πύλη,
2901 1039 3037 1092 ὀποῦ
3061 1021 3344 1111 έπέρασεν
3366 1040 3394 1093 6
3428 1040 3662 1110 Χριστὸς
3705 1040 3826 1108 μιιὰ

595 1119 821 1191 Caiphae
865 1124 1202 1192 praetorium,
1252 1126 1526 1194 pauloque
1572 1124 1712 1180 infra
1743 1122 2027 1179 Probatiea
2055 1123 2171 1192 pis-

2288 1129 2443 1184 Batmv
2470 1129 2566 1184 καὶ
2611 1130 2849 1185 κλάδων.
2879 1130 2990 1184 Kal
3043 1129 3162 1184 έναι
3197 1130 3562 1201 κεκλεισμένη
3596 1132 3700 1192 ἕως
3739 1129 3825 1196 τῆς

595 1213 741 1277 cina,
777 1214 848 1270 ab
876 1215 1120 1272 Hebraeis
1153 1216 1421 1273 Betllesda
1457 1218 1624 1283 dicta,
1658 1218 1897 1286 quinque
1928 1217 2172 1286 porticus

2288 1223 2543 1292 τήμερον.
2574 1221 2750 1276 Αὑτοῦ
2782 1223 2949 1290 κοντά
2976 1223 3096 1276 έναι
3119 1221 3214 1275 τοῦ
3244 1221 3480 1275 Πιλάτου
3502 1224 3535 1290 ἡ
3567 1221 3722 1297 αὐλῇ,
3749 1223 3828 1275 καὶ

592 1303 839 1372 habens;
871 1322 1148 1378 propeque
1173 1323 1294 1364 eam
1323 1310 1580 1378 templum
1605 1325 1619 1373 ;
1652 1309 1930 1378 distatque
1959 1322 1990 1361 a
2014 1321 2176 1363 sacro

2288 1310 2370 1364 :06
2398 1311 2626 1377 Καῖάφο.
2679 1309 2740 1362 τὸ
2789 1310 3150 1380 πραιτώριον,
3203 1308 3520 1379 Παρακάτω
3541 1312 3649 1363 »ἀπ’
3679 1310 3826 1362 αὐτοῦ

594 1398 846 1467 sepulcro
875 1401 1050 1455 stadia
1089 1403 1218 1457 tria.
1244 1402 1494 1457 Proxime
1522 1409 1624 1454 est.
1641 1401 1784 1456 aedes
1817 1399 2089 1455 Joacbimi
2118 1407 2175 1455 et

2288 1399 2396 1453 Eva:
2426 1401 2461 1471 ἡ
2507 1398 2822 1469 Προϐατικὴ
2859 1399 3241 1470 κολυμϐήθρα,
3294 1399 3327 1468 ἡ
3376 1399 3521 1452 κατά
3557 1398 3828 1459 Ἰουδαίους

591 1491 765 1547 Annae
804 1495 996 1549 matris
1032 1494 1275 1563 Deiparze
1322 1511 1335 1548 :
1378 1507 1408 1547 a
1439 1507 1546 1560 quo
1593 1508 1700 1546 non
1746 1493 1902 1562 longe
1937 1500 2020 1545 est
2057 1504 2173 1544 emo

2288 1489 2546 1559 Βηθεσδὰ,
2577 1489 2744 1543 πέντε
2771 1488 2935 1552 στοὰς
2964 1477 3184 1559 ἐχουσα,
3225 1489 3377 1559 Ἔχει
3406 1488 3504 1544 καὶ
3534 1487 3659 1542 ναὸν
3682 1489 3824 1542 αὐτοὶ

594 1599 750 1648 num,
780 1585 835 1640 in
873 1586 1016 1655 quod
1050 1584 1256 1640 Hebraei
1287 1586 1630 1655 proiecerunt
1657 1583 1967 1640 Jeretniam.
2000 1583 2176 1639 Distat

2288 1580 2472 1634 κοντά.
2522 1580 2742 1650 Ἀπέχει
2788 1580 2895 1633 ἀπὸ
2948 1581 3044 1634 τὸν
3105 1581 3260 1648 ἅγιον
3319 1580 3514 1655 τάφον,
3554 1579 3739 1633 στάδια
3771 1577 3829 1646 1/.

594 1689 628 1729 a
660 1689 818 1731 sacro
855 1648 1106 1745 sepulcro
1155 1648 1338 1732 stadia
1379 1648 1645 1748 quatuor.
1691 1675 1754 1729 Et
1803 1675 1916 1729 hac
1946 1674 2168 1744 quidem

2288 1672 2450 1727 Αὐτοῦ
2503 1648 2735 1741 πλησίον
2767 1670 2886 1726 έναι
2936 1673 2966 1725 6
2995 1669 3143 1734 οἶκος
3173 1670 3270 1724 τοῦ
3307 1650 3596 1738 Ἰωακελμ,
3627 1669 3720 1724 καὶ
3746 1667 3831 1736 τῆς

594 1770 952 1835 monasteria,
1013 1781 1070 1826 et
1107 1780 1260 1826 extra
1295 1767 1369 1826 ‘et.
1417 1771 1562 1824 intra
1613 1769 1940 1831 Jerusalem,
2005 1777 2060 1822 et
2115 1771 2167 1820 in

2288 1766 2478 1835 ’Δννης
2507 1764 2608 1832 τῆς
2643 1763 2848 1833 μητρὸς
2915 1764 3012 1833 τῆς
3056 1762 3341 1817 Θεοτόκου.
3391 1762 3572 1829 Δὺτοῖξ
3630 1759 3834 1830 πλησίον

591 1843 829 1916 Jordaue
861 1862 1000 1932 ipso,
1030 1871 1410 1918 numerantur.

2288 1857 2394 1911 ἱναι
2427 1856 2456 1908 6
2488 1855 2774 1927 βόρϐορος,
2807 1855 2942 1909 ὀποῦ
2975 1853 3178 1926 ἐρηξαν
3205 1853 3256 1906 οι
3299 1852 3542 1924 Ἑϐραῖοι
3569 1855 3658 1906 τὸν
3683 1850 3836 1921 Ἰερε-

597 1952 751 2022 μίαν.
778 1953 1002 2026 Ἀπέχει
1027 1955 1134 2009 άπὸ
1158 1953 1249 2008 τὸν
1279 1954 1439 2024 άγιον
1465 1955 1638 2024 τάφον
1691 1953 1886 2009 στάδια
1935 1953 1998 2009 δ’.
2055 1949 2248 2007 Ταῦτα
2285 1946 2356 2019 τᾲ
2393 1947 2734 2018 μοναστήρια
2768 1944 3118 2017 εὑρίσκονται
3147 1946 3228 2010 εἰς
3272 1944 3373 2016 τὴν
3411 1943 3781 2016 Ἰερουσαλὴμ,
3809 1943 3840 1997 δ

593 2044 652 2099 δὲ
687 2044 794 2110 ἔξω
820 2047 920 2117 τῆς
956 2049 1120 2116 ἁγίας
1150 2047 1383 2116 πόλεως,
1411 2049 1508 2102 καὶ¹
1535 2049 1615 2113 ιίς
1641 2047 1734 2103 τὸν
1763 2047 2062 2120 Ἰορδάνην.

666 2137 757 2192 13.
787 2137 960 2193 Medio
991 2138 1044 2195 in
1067 2140 1272 2196 itinere
1321 2140 1442 2195 fons
1482 2141 1865 2209 Apostolorum
1896 2147 2102 2195 manat.
2129 2137 2176 2192 Α

2351 2140 2446 2202 ιγ’.
2485 2133 2597 2187 Kal
2645 2133 2787 2201 μέσα
2821 2132 2904 2196 είς
2935 2130 3027 2185 τὸν
3062 2130 3265 2202 δρόμον
3300 2129 3422 2183 έναι
3463 2131 3498 2201 ἡ
3535 2131 3723 2201 βρύσις
3747 2130 3841 2184 τῶν

596 2244 704 2299 quo
744 2245 934 2298 parum
977 2231 1329 2308 abestsancti
1362 2232 1640 2299 Euthymii
1672 2233 2082 2296 monasterium,
2119 2231 2174 2286 in

2288 2223 2655 2278 Ἀποστόλων.
2683 2223 2793 2276 Ka‘t
2823 2223 2907 2286 είς
2937 2220 3119 2290 ὀλίγον
3149 2222 3313 2274 τόπον
3342 2219 3458 2274 Eva:
3491 2222 3552 2274 τδ
3585 2222 3838 2290 μοναστή-

595 2323 914 2377 summitate
946 2323 1145 2378 montis
1167 2324 1357 2378 situm.
1401 2322 1576 2380 Distat
1600 2325 1668 2379 ab
1701 2325 1838 2380 urbe
1863 2322 2175 2380 Jerusalem

2288 2332 2394 2387 οιον
2415 2314 2510 2369 :06
2541 2315 2698 2383 ἁγίου
2743 2313 3046 2384 Εὐθυμίου,
3081 2313 3174 2366 καὶ
3208 2311 3544 2386 ἔναιίὲπάνω
3582 2313 3663 2376 είς
3707 2312 3839 2382 ὅρος.

565 2431 574 2442 -
599 2413 766 2468 millia
794 2415 1132 2483 quindecim.
1164 2415 1229 2471 Et
1252 2415 1392 2472 infra
1433 2418 1764 2488 conspicitur
1783 2413 2178 2473 menasterium

2288 2406 2496 2476 Ἀπέχει
2531 2405 2642 2460 άπὸ
2668 2403 2771 2488 τὴν
2801 2403 3174 2474 Ἰερουσαλὴμ
3207 2401 3362 2474 μιλία
3416 2409 3498 2457 ts'.
3541 2403 3651 2457 Kal
3677 2418 3844 2473 παρα-

598 2503 864 2572 Deiparar.
918 2503 1118 2559 Ibidem
1180 2505 1285 2561 1οεί
1315 2505 1478 2562 Josue
1527 2486 1672 2562 ﬂlius
1699 2506 1865 2572 Nave,
1921 2507 2172 2576 angelum

2288 2496 2428 2551 κάτω
2455 2496 2572 2551 έναι
2600 2493 2662 2549 :6
2684 2486 3054 2566 μίοναστήριον
3073 2494 3173 2565 τῆς
3196 2489 3486 2547 Θεοτόκόυ.
3516 2493 3691 2546 Αὑτοῦ
3717 2489 3842 2545 εἶδεν

600 2596 849 2660 intuitus,
901 2595 1038 2651 dixit
1071 2615 1085 2652 :
1120 2595 1317 2652 Noster
1351 2600 1446 2656 es.’
1477 2608 1530 2653 et
1572 2599 1853 2667 respondit
1897 2581 2124 2670 angelus
2153 2613 2172 2653 :

2288 2587 2528 2658 i'lqao6;
2551 2587 2647 2640 τοῦ
2679 2587 2836 2656 Ναυῆ
2866 2586 2960 2642 τὸν
2986 2586 3240 2656 ἄγγελον,
3273 2587 3370 2640 καὶ
3397 2581 3554 2639 εἶπεν
3580 2602 3594 2615 ·
3613 2585 3842 2654 Ἡμέτε-

600 2688 858 2757 Princeps
893 2704 1007 2742 sum
1047 2689 1307 2744 exercitus
1337 2689 1638 2756 Domini,et
1669 2705 1805 2744 nunc
1834 2691 1978 2745 venio
2009 2689 2078 2743 ad
2103 2697 2171 2746 te.

2288 2697 2380 2747 οος
2401 2675 2504 2745 alb
2534 2679 2631 2733 καὶ
2663 2679 2692 2731 6
2734 2677 2970 2747 άγγελος
3026 2675 3182 2732 εἶπεν
3207 2695 3221 2710 ·
3256 2676 3408 2746 Ἐγὼ
3463 2679 3846 2750 ᾲρχιστρὰτηε

597 2781 666 2836 Et
703 2779 872 2835 Josue
908 2781 1154 2834 adoravit
1208 2795 1363 2848 eum;
1417 2792 1472 2835 et
1513 2781 1734 2852 angelus
1784 2781 1920 2837 dixit
1959 2801 1974 2837 :
2018 2781 2176 2838 Solve

2288 2787 2381 2840 ιὀς
2409 2771 2630 2839 Κυρίου
2661 2769 3051 2840 παραγέγονα
3081 2769 3232 2838 πρὸς
3261 2770 3356 2823 σέ.
3411 2770 3523 2823 Kal
3585 2768 3866 2841 προσεκύο’

597 2871 1009 2925 calceamenlum
1055 2872 1117 2927 de
1157 2874 1374 2940 pedibus
1406 2874 1548 2938 tuis;
1592 2874 1738 2928 locus
1774 2874 1936 2937 enim,
1971 2875 2029 2929 in
2069 2870 2174 2944 quo

2288 2879 2443 2934 νησεν
2475 2862 2628 2934 αὒτῷ
2652 2878 2667 2894 ⁸
2707 2861 2805 2917 καὶ
2839 2858 2993 2918 εἶπεν
3023 2865 3050 2917 6
3083 2863 3318 2931 άγγελος
3338 2878 3353 2894 ⁶
3384 2861 3583 2918 Λῦσαι
3618 2863 3683 2916 τὸ
3713 2862 3847 2916 ὑπό-

596 2948 726 3030 mi,
765 2974 977 3018 sanctus
1025 2965 1144 3020 est?
1189 2981 1325 3019 nunc
1385 2968 1558 3034 accipe
1616 2981 1796 3019 arcam
1845 2965 2076 3034 (aderis,
2123 2975 2174 3019 et

597 3057 907 3126 progredere
943 3056 1194 3111 adversus
1221 3055 1458 3121 Iericho,
1513 3064 1570 3108 ut
1602 3055 1743 3109 muri
1785 3055 2029 3125 funditus
2068 3072 2179 3110 cor-

597 3157 759 3202 ruant
785 3148 1012 3203 civitatis
1047 3150 1113 3202 “.
1170 3147 1324 3218 Apud
1365 3145 1581 3204 Jeriebo
1627 3157 1754 3203 sunt
1818 3163 1972 3218 aquae
2019 3149 2179 3205 salsa

598 3243 785 3306 maris,
810 3243 1013 3313 quasfin
1042 3242 1234 3297 dulces
1255 3243 1482 3296 mutavit
1509 3239 1742 3314 Moyses.
1777 3240 1985 3313 Estque
2007 3256 2178 3315 prope

527 3384 531 3389 1
598 3333 953 3404 Sycomorus,
986 3349 1146 3403 quam
1189 3337 1432 3389 ascendit
1461 3334 1775 3403 Zac‘cbmus,
1809 3344 1867 3390 ut
1903 3335 2177 3400 Christum

599 3429 957 3498 prospiceret.
1009 3426 1499 3497 Supereminetque
1546 3440 1722 3492 mons,
1783 3427 1982 3496 inquo
2020 3425 2181 3480 Chri-

599 3529 718 3575 stus
771 3519 1038 3591 jejunavit
1090 3519 1208 3575 dies
1257 3520 1655 3590 quadraginta;
1699 3530 1811 3575 tum
1867 3521 2095 3588 esuriit;
2127 3528 2180 3575 et

601 3613 874 3669 accedens
916 3615 1147 3676 daemon,
1205 3612 1344 3667 dixit
1379 3629 1394 3667 ε
1429 3612 1489 3667 Si
1521 3610 1700 3667 Filius
1730 3613 1827 3666 Dei
1855 3629 1934 3675 es,
1989 3611 2075 3666 dic
2120 3622 2179 3667 ut

601 3704 807 3774 lapides
854 3706 944 3759 isti
982 3721 1141 3774 panes
1192 3704 1349 3773 ﬁant.
1399 3704 1467 3760 Et
1525 3703 2175 3774 Dentinusv‘-respondit:

605 3796 760 3857 ,Vade
792 3805 959 3861 retro,
985 3795 1191 3850 Salana
1225 3795 1293 3860 ",
1331 3806 1385 3852 et
1425 3811 1547 3866 quae
1586 3806 1909 3866 sequuntur,
1949 3804 2006 3850 et
2037 3793 2182 3848 illico

525 3912 530 3914 ·
602 3890 892 3959 disparuit.
925 3889 1100 3944 Distat
1144 3889 1212 3944 ab
1237 3888 1374 3944 urbe
1412 3886 1715 3944 Jerusalem
1747 3888 1942 3959 viginti
1985 3886 2181 3941 millia-

603 3981 708 4038 ria.
731 3981 814 4038 Ab
835 3995 900 4037 eo
941 3971 1050 4035 loci.
1083 3994 1274 4035 versus
1297 3979 1648 4036 solitudinem
1678 3980 1877 4035 visitur
1907 3988 2184 4034 monaste-

605 4072 746 4125 rium
777 4070 978 4126 'sancti
1042 4069 1271 4126 Joannis
1336 4060 1719 4126 Praecursoris.
1789 4069 2182 4126 Monasterium

603 4163 1010 4235 prreterlabitur
1030 4161 1297 4218 Jordanes
1328 4160 1549 4226 ﬂuvius,
1576 4161 1629 4215 in
1649 4175 1757 4230 quo
1787 4159 2032 4216 Joannes
2067 4158 2176 4214 Do-

606 4258 813 4314 minum
862 4265 1108 4312 nostrum
1145 4254 1333 4311 Jesum
1385 4254 1663 4310 Christum
1709 4251 2030 4322 baptizavit.
2071 4249 2183 4306 lbi-
2216 4276 2262 4333 Β

607 4351 754 4416 dem,
794 4350 848 4404 in
882 4348 1129 4418 margine
1173 4347 1347 4413 ﬂuvii,
1395 4345 1635 4402 Joannes
1691 4344 1898 4416 aspexit
1948 4342 2184 4398 divinam

606 4440 974 4498 Triadem.Et
999 4448 1147 4494 trans
1190 4436 1484 4494 Jordanem
1529 4436 1789 4505 spelunca
1837 4445 1944 4504 est,
1984 4436 2037 4489 in
2078 4448 2186 4503 qua

606 4532 699 4588 ille
731 4532 1069 4603 quiescebat.
1103 4530 1230 4586 lnde
1250 4529 1412 4584 etiam
1438 4527 1581 4584 Elias
1609 4530 1662 4583 in
1704 4542 1870 4583 curru
1898 4529 2057 4598 igneo
2089 4540 2184 4580 ra.

609 4636 736 4696 ptus
763 4633 866 4680 est.
903 4625 1079 4678 Distat
1109 4621 1375 4677 Jordanes
1397 4621 1590 4677 ﬂuvius
1623 4620 1691 4675 ab
1716 4620 1847 4675 urbe
1883 4617 2188 4675 Jerusalem

610 4718 863 4772 milliaria
910 4715 1154 4784 triginta.
1214 4711 1392 4769 Trans
1443 4712 1734 4768 Jordanem
1782 4723 2003 4782 quoque
2059 4719 2189 4764 sunt

609 4822 822 4866 montes
855 4808 1082 4873 excelsi,
1128 4820 1292 4876 super
1352 4807 1550 4876 quibus
1590 4805 1896 4880 ascendens
1952 4803 2188 4874 Moyses,

612 4919 803 4959 versus
835 4901 1136 4966 Jerusalem
1188 4901 1410 4966 orabat;
1444 4900 1747 4968 eodemque
1787 4897 1892 4954 luci
1941 4897 2189 4967 sepultus

608 5008 711 5052 est.
743 4995 798 5049 In
833 4995 1091 5049 interiore
1136 4993 1450 5060 solitudine,
1488 4993 1661 5059 beatae
1693 4989 1878 5044 Mariae
1919 4988 2188 5060 Egyptite

610 5089 918 5158 sepulcrum
948 5087 1214 5154 cernitur,
1263 5100 1426 5155 quam
1464 5084 1654 5141 invisit
1694 5083 1863 5139 abbas
1917 5082 2187 5148 Zosimas,

612 5192 666 5236 et
697 5181 1000 5236 tumulavit.
1037 5179 1332 5248 Regionem
1375 5177 1520 5232 illam
1567 5178 1724 5236 beata
1780 5174 2190 5230 inhabitaverat

615 5287 788 5328 annos
828 5273 1184 5342 quadraginta
1213 5282 1446 5342 septem.
1474 5268 1654 5327 Distat
1685 5267 1755 5325 ab
1803 5268 1939 5324 urbe
1965 5266 2188 5323 Jerusa-

615 5382 718 5420 ienn
754 5380 857 5420 iter
891 5364 1103 5419 dierum
1134 5371 1280 5420 octo.

696 5636 739 5666 η
771 5632 935 5692 Iosue
963 5648 1017 5699 v,
1049 5633 1114 5689 ll
1144 5646 1301 5703 seqq.
1377 5631 1420 5663 ¹³
1451 5629 1639 5686 Matth.
1677 5645 1751 5697 tv,
1793 5628 1851 5694 3,
1884 5627 1940 5680 4.
1993 5642 2002 5648 ’

2201 2936 2245 2996 C
2275 2954 2434 3024 δημα
2461 2955 2529 3008 ἐκ
2551 2952 2752 3007 ποδῶν
2783 2969 2924 3019 σου,
2960 2957 2993 3008 ό
3015 2954 3129 3023 γὰρ
3157 2957 3341 3020 τόπος
3359 2953 3680 3023 ἅγιός-’ἐστι
3707 2967 3723 2982 ·
3746 2952 3849 3007 νῦν

2277 3042 2424 3098 λάϐε
2454 3042 2572 3110 τὴν
2611 3041 2888 3105 κιϐωτὸν,
2940 3041 3040 3094 καὶ
3087 3041 3194 3107 τὰς
3241 3040 3559 3107 διαθήκας,
3593 3042 3847 3099 ualuas

2278 3134 2568 3190 ἀπέναντι
2586 3132 2828 3202 Ἰεριχὼ,
2848 3134 2952 3187 ἵνα
2975 3133 3330 3202 κολασθῶσι
3357 3134 3429 3187 τὰ
3456 3134 3628 3202 τείχη
3649 3131 3848 3198 αὐτῆς.

2278 3228 2456 3282 Αὑτοῦ
2509 3229 2590 3292 είς
2640 3231 2738 3300 τὴν
2777 3226 2990 3297 ἰεριχὼ
3040 3227 3158 3279 έναι
3188 3226 3259 3279 τὰ
3299 3225 3523 3297 ἁλμυρὰ
3559 3227 3727 3278 ὕδατα
3757 3223 3848 3292 τῆς

2285 3324 2588 3394 θαλάσσης,
2610 3322 2741 3378 ἔνθα
2769 3321 3072 3392 μετέϐαλεν
3094 3322 3175 3386 εις
3203 3321 3523 3392 γλυκύτητα
3548 3323 3577 3373 6
3599 3319 3849 3387 Μώῦσῆς.

2281 3415 2461 3479 Αὑτοῦ
2499 3415 2673 3485 έναιή
2707 3413 3074 3485 Συκομωρέα,
3108 3414 3246 3467 ὀποῦ
3287 3413 3459 3482 ἀνέϐη
3488 3415 3516 3465 6
3568 3412 3848 3481 Ζακχαῖος,

2284 3507 2372 3561 ἵνα
2413 3507 2497 3578 ῐδῃ
2547 3506 2642 3560 τὸν
2693 3506 2955 3575 Χριστόν.
2992 3503 3168 3560 Αὑτοῦ
3201 3503 3412 3560 ἄνωθεν
3449 3505 3570 3560 έναι
3623 3505 3685 3558 τὸ
3740 3503 3852 3573 δρος

2281 3598 2418 3653 ὀποῦ
2469 3599 2801 3669 ὲνήστευσεν
2855 3599 2885 3652 6
2942 3598 3178 3670 Χριστὸς
3224 3597 3443 3668 ἡμέρας
3508 3594 3585 3666 μ’,
3637 3595 3850 3662 ὕστερον

2283 3688 2592 3755 ἐπείνασεν,
2635 3689 2730 3742 καὶ
2781 3687 2957 3742 ὲλθὼν
2999 3689 3030 3742 6
3062 3687 3311 3758 δαίμων·
3345 3689 3418 3742 El
3474 3689 3609 3754 Υίὸς
3658 3683 3716 3742 ει
3755 3683 3852 3739 τοῦ

2285 3782 2454 3848 Θεοῦ,
2500 3777 2633 3835 εἷπε
2679 3781 2780 3835 ἵνα
2823 3783 2878 3834 οἱ
2920 3781 3079 3836 λίθοι
3123 3779 3292 3850 ἄρτοι
3343 3779 3654 3849 γένωνται.
3689 3777 3853 3832 Καὶό

2281 3873 2521 3945 Χριστὸς
2551 3868 2732 3928 εἶπενο
2760 3874 2991 3942 Ὕπαγε
3013 3872 3208 3927 ὀπίσω
3228 3872 3369 3941 μοῦ,
3398 3870 3656 3938 Σατανᾶ,
3685 3871 3775 3924 καὶ
3795 3868 3854 3921 τὰ

2285 3965 2436 4034 ἑξῆς,
2471 3965 2566 4019 καὶ
2623 3963 2830 4026 εὐθέως
2886 3963 3131 4032 ἄφαντος
3191 3964 3449 4032 ἐγένετο.
3478 3964 3709 4033 Ἀπέχει
3756 3959 3853 4015 άπὸ

2294 4056 2662 4128 Ἰερουσαλὴμ
2723 4055 2841 4126 μιλ.
2875 4054 2945 4111 κ’.
3005 4055 3130 4110 Ἀπ’
3162 4055 3330 4109 αὑτοῦ
3375 4053 3527 4108 κατὰ
3571 4055 3711 4123 πρὸς
3768 4053 3856 4122 τὴν

2284 4151 2495 4222 ἔρημον
2545 4150 2606 4204 τὸ
2655 4150 3024 4220 μοναστήριον
3092 4145 3186 4201 :06
3250 4147 3415 4215 ἁγίου
3472 4146 3728 4201 Ἰωάννου
3772 4142 3855 4198 τοῦ

2289 4242 2633 4316 Προδρόμου.
2669 4241 2845 4295 Αὑτοῦ
2877 4237 3016 4293 εἶναι
3040 4241 3136 4292 καὶ
3164 4239 3192 4290 6
3216 4237 3492 4308 Ἰορδάνης
3535 4241 3563 4291 6
3602 4235 3855 4306 ποταμὸς,

2289 4333 2426 4390 ὀποῦ
2458 4335 2756 4388 ἐϐάπτισεν
2812 4333 2839 4385 6
2871 4331 3132 4401 Ἰωάννης
3161 4329 3254 4384 τὸν
3301 4328 3513 4401 Κύριον
3566 4329 3723 4399 ἡμῶν
3762 4329 3857 4397 Ἰη-

2290 4427 2420 4481 σοῦν
2463 4424 2722 4497 Χριστόν.
2773 4423 2950 4477 Αὑτοῦ
3000 4424 3082 4486 είς
3119 4422 3180 4476 τδ
3226 4421 3404 4492 χεῖλος
3469 4420 3564 4475 τοῦ
3601 4421 3854 4490 Ἰορδάνου

2291 4519 2398 4573 ῐδεν
2418 4519 2447 4571 6
2475 4518 2733 4588 Ἰωάννης
2764 4515 2861 4587 τὴν
2890 4515 3056 4585 ἁγίαν
3082 4515 3313 4587 Τριάδα.
3347 4514 3504 4568 Ἐναι
3529 4513 3626 4567 καὶ
3650 4515 3711 4567 :6
3731 4512 3856 4580 σπή·

2289 4611 2442 4665 λαιον
2475 4609 2648 4682 πέραν
2709 4608 2805 4663 τοῦ
2852 4607 3149 4679 Ἰορδάνου,
3192 4605 3327 4660 ὀποῦ
3378 4606 3669 4678 ἑσύχαζεν.
3699 4601 3856 4660 Αὑτοῦ

2298 4703 2528 4774 ηρπάγη
2569 4703 2667 4756 καὶ
2717 4703 2745 4755 6
2780 4699 2970 4764 Ἠλίας
3019 4702 3078 4753 έν
3108 4700 3318 4771 ἅρματι
3367 4697 3565 4770 πυρός.
3594 4696 3858 4768 Ἀπέχειό

2291 4796 2569 4866 Ἰορδάνης
2619 4792 2868 4863 ποταμὸς
2923 4792 3033 4846 ἀπὸ
3063 4792 3164 4864 τὴν
3203 4791 3568 4864 Ἰερουσαλὴμ
3611 4793 3766 4861 μίλια
3799 4790 3853 4842 λ’.

2303 4891 2365 4943 'H
2398 4889 2456 4942 δὲ
2499 4887 2676 4956 πέραν
2732 4885 2826 4939 τοῦ
2851 4885 3123 4957 Ἰορδάνου
3150 4884 3268 4939 έναι
3295 4885 3396 4955 ὅρη
3431 4886 3500 4938 τὰ
3526 4883 3730 4955 ὑψηλά.
3755 4881 3852 4935 Kal

2291 4979 2486 5034 ἁπάνω
2512 4979 2593 5043 εἰς
2630 4979 2701 5034 τὰ
2726 4978 2828 5050 ὅρη
2861 4977 2932 5031 τὰ
2962 4976 3150 5048 ὑψηλὰ
3195 4972 3364 5050 ἦλθεν
3395 4980 3421 5032 6
3475 4977 3744 5048 Μωῦσῆς,
3776 4973 3855 5028 καὶ

2289 5067 2663 5137 ὲπροσεύχετο
2697 5068 2778 5130 εἰς
2816 5064 3183 5136 Ἰερουσαλήμ
3211 5081 3226 5100 ο
3257 5063 3354 5118 καὶ
3375 5063 3544 5117 αὐτοῦ
3574 5063 3696 5117 έναι
3725 5065 3753 5116 6
3774 5061 3854 5115 τά·

2298 5179 2395 5232 φος
2435 5177 2551 5216 του.
2587 5161 2652 5213 El
2676 5160 2734 5214 δὲ
2787 5159 2928 5222 μέσα
2967 5160 3046 5220 εἰς
3074 5157 3176 5229 τὴν
3205 5156 3482 5228 ἐσωτέραν
3508 5155 3723 5227 ἔρημον
3755 5154 3855 5207 έναι

2298 5257 2326 5308 6
2345 5253 2517 5323 τάφος
2549 5254 2650 5322 τῆς
2676 5250 2833 5313 ὁσίας
2867 5249 3088 5319 Μαρίας
3114 5249 3214 5320 τῆς
3248 5247 3576 5315 Αἰγυπτίας,
3603 5247 3739 5300 ὀποῦ
3772 5243 3856 5312 τὴν

2299 5338 2466 5415 ηὗρεν
2511 5346 2540 5396 6
2590 5341 2765 5404 ἀόϐἄς
2821 5342 3101 5410 Ζωσιμᾶς,
3161 5341 3256 5392 καὶ
3309 5338 3480 5408 ἔθαψέ
3513 5354 3645 5406 την,
3709 5332 3854 5400 καὶὴ

2298 5438 2424 5492 ὁσία
2462 5435 2694 5506 ἐποίησε
2737 5433 2963 5504 χρόνους
2993 5429 3096 5503 μς.
3128 5431 3356 5503 ’Λπέχει
3398 5431 3506 5486 ἀπὸ
3543 5430 3648 5503 τὴν
3685 5431 3859 5498 Ἰερου-

2305 5527 2488 5598 σαλὴμ
2517 5523 2740 5596 ἡμερῶν
2770 5524 2970 5596 δρόμον
3004 5521 3076 5596 η’.
