3956 6324
675 183 776 248 991

701 341 1444 366 Ἥ

2001 223 2005 227 ·
2095 205 2513 278 EUGESIPPI

3806 233 3884 297 992

1459 358 3853 406 M

1902 480 2198 546 INCIPIT
2231 486 2710 554 TRACTATUS

2251 651 2332 694 DE

1068 781 1748 902 DllSTANTlIS
1821 789 2404 886 LOCORUM
2479 801 2910 895 TEBRIE
2982 809 3526 942 SANCTIE,

1999 982 2176 1036 QUEM
2211 989 2474 1034 COMPILA
2487 995 2518 1036 ν
2528 992 2587 1037 l'l'

1687 1145 2838 1266 EUGESIPPUS.
2867 1145 2901 1177 ⁴
2937 1151 2942 1156 ’

753 1455 1044 1512 Vertamus
1076 1458 1160 1526 eia
1194 1459 1387 1532 stylum
1429 1473 1692 1529 nostrum,
1721 1478 1996 1526 sumentes
2030 1472 2240 1528 initium
2272 1481 2318 1537 Α
2350 1491 2477 1533 vere
2519 1489 2814 1546 mortuum,
2863 1484 2988 1552 quia
3022 1485 3153 1540 nihil
3185 1487 3365 1543 vivum
3415 1489 3648 1560 recipit:
3679 1499 3733 1547 et
3765 1509 3888 1547 mare

663 1562 695 1602 a
739 1547 1011 1613 Chebron,
1056 1564 1174 1618 qua:
1224 1560 1281 1606 et
1340 1551 1582 1610 llebrou.
1625 1555 1845 1613 Hebrou
1878 1559 2006 1616 olim
2046 1562 2244 1619 Metro-

663 1635 802 1704 polis
853 1635 1287 1706 Philistinorum,
1323 1652 1376 1696 et
1410 1643 1774 1699 habitaculum
1835 1649 2134 1718 gigantum,
2191 1654 2243 1708 in

663 1728 808 1782 tribu
842 1729 974 1784 Juda
1015 1732 1205 1785 civitas
1241 1719 1607 1800 sacerdotalis,
1632 1747 1686 1790 et
1735 1737 2098 1807 fugitivorum.
2141 1741 2246 1797 He-

658 1820 797 1874 bron
836 1823 938 1876 sita
970 1821 1073 1877 fuit
1123 1824 1176 1877 iu
1212 1838 1340 1894 agro
1392 1825 1503 1890 illo,
1540 1827 1593 1893 in
1622 1844 1728 1897 quo
1764 1846 2008 1886 summus
2059 1833 2243 1904 dispo-

660 1913 797 1969 Siltl'
852 1926 1060 1983 patrem
1115 1925 1355 1970 nostrum
1409 1918 1697 1986 plasmavit
1750 1921 1942 1988 Adam,
1974 1934 2026 1978 et
2079 1927 2245 1997 inspi-

660 2019 754 2079 rav
786 2014 826 2059 t.
845 2006 1458 2071 Hebron,Cariatharbe
1474 2010 1672 2066 dicitur
1701 2029 1717 2078 ;
1745 2016 1887 2082 quod
1924 2018 2244 2075 Saracenice

659 2075 770 2146 son.
801 2104 841 2160 ι’,
891 2093 1097 2151 Civitas
1130 2090 1404 2168 quatuor;
1440 2114 1505 2172 eo
1542 2103 1683 2168 quod
1704 2075 1950 2171 quatuor
1976 2106 2048 2162 ibi
2086 2123 2242 2163 reve-

659 2185 813 2240 rendi
853 2181 1044 2240 Patres
1092 2185 1142 2239 in
1174 2186 1427 2254 spelunca
1477 2189 1678 2260 duplici
1724 2195 2019 2264 consepulti
2069 2196 2241 2262 fuere,

657 2288 899 2330 summus
929 2276 1139 2331 scilicet
1191 2277 1383 2346 Adam,
1419 2281 1716 2350 Abraham,
1758 2283 1929 2353 lsaac,
1958 2297 2011 2342 et
2035 2287 2238 2357 Jacob;

658 2371 928 2417 eteorum
958 2379 1153 2424 uxores
1192 2378 1449 2436 quatuor,
1487 2371 1718 2436 scilicet,
1772 2372 1906 2441 Eva,
1941 2388 2113 2432 mater
2142 2396 2241 2436 no-

655 2464 793 2521 stra,
849 2455 1006 2521 Sara,
1038 2456 1305 2524 Rebecca,
1336 2459 1451 2515 Lia.
1494 2461 1588 2518 Est
1626 2475 1808 2521 autem
1843 2466 2063 2526 Hebron
2089 2471 2244 2540 juxta

657 2548 867 2604 Vallem
911 2549 1274 2621 lacrymaruin
1334 2555 1458 2611 sita.
1517 2555 1688 2613 Vallis
1773 2559 2134 2636 lacrymarum
2159 2575 2242 2621 est

656 2639 850 2706 dicta,
880 2655 945 2695 eo
989 2644 1137 2713 quod
1183 2654 1401 2700 centum
1465 2649 1622 2704 annis
1656 2649 1708 2703 in
1764 2664 1827 2705 ea
1883 2652 2018 2718 luxit
2071 2652 2239 2710 Adam

657 2719 828 2786 ill-ium
873 2748 1030 2788 suum
1063 2735 1240 2790 Abel:
1294 2736 1349 2791 in
1407 2751 1513 2807 qua
1556 2749 1610 2794 et
1639 2741 1877 2799 monitus
1931 2753 2118 2813 postea
2173 2749 2242 2804 ab

655 2825 886 2896 Angelo,
951 2829 1204 2899 cognovit
1244 2843 1397 2885 suam
1456 2847 1726 2898 uxorem;
1779 2850 1844 2891 ex
1903 2853 2006 2906 qua
2054 2839 2242 2909 genuit

656 2917 827 2972 lilium
881 2934 1039 2974 suum
1089 2917 1262 2986 Setb;
1320 2921 1389 2976 de
1446 2923 1601 2993 cujus
1635 2925 1774 2981 tribu
1825 2937 1945 2981 erat
1993 2929 2241 2992 Christus

655 3007 942 3063 oriundus.
971 3008 1087 3063 Duo
1121 3010 1370 3072 milliaria
1401 3014 1468 3067 ab
1501 3013 1743 3081 Hebron,
1773 3016 2048 3087 sepultura
2079 3019 2237 3087 Luth,

657 3087 871 3170 nepotis
908 3101 1163 3159 Abrahae.
1210 3105 1266 3158 In
1308 3104 1524 3163 llebrou
1557 3107 1787 3163 habetur
1843 3110 2064 3180 quidam
2109 3127 2242 3181 ager

655 3195 817 3264 cujus
869 3194 1022 3264 gleba
1078 3196 1248 3252 rubea
1275 3205 1396 3264 est:
1449 3214 1569 3269 quae
1605 3201 1672 3255 ab
1709 3201 1905 3257 incolis
1960 3202 2235 3272 ell‘oilitur,

655 3296 717 3362 et
750 3301 849 3356 per
883 3285 1176 3362 Egyptum
1216 3292 1422 3370 venalis
1473 3304 1802 3362 asportatur,
1855 3307 1928 3363 et,
1960 3301 2114 3369 quasi
2140 3317 2240 3372 pro

655 3381 860 3450 Specie,
901 3380 1180 3436 carissime
1228 3383 1445 3438 emitur.
1476 3383 1773 3441 Praedictus
1798 3402 1946 3458 ager,
1983 3391 2035 3444 in
2067 3408 2240 3462 quau-

656 3481 771 3525 tum
807 3469 1004 3528 late‘et
1053 3475 1318 3542 profunde
1378 3476 1609 3532 etl‘ossus
1644 3477 1830 3545 fuerit,
1893 3480 1950 3535 in
2025 3489 2235 3538 tantum

654 3563 838 3618 divina
887 3565 1242 3634 dispositione
1299 3569 1351 3622 iu
1401 3585 1540 3624 anno
1568 3570 1775 3640 [futuro
1842 3567 2238 3644 redintegratus

662 3657 952 3726 reperitur.
977 3658 1139 3714 Juxta
1175 3658 1389 3718 llebrou
1441 3679 1595 3719 mons
1627 3663 1870 3722 Mambre
1895 3669 1962 3721 ad
1995 3669 2235 3725 radicem

663 3747 820 3819 cujus
877 3750 1240 3809 Terebinthus
1268 3755 1382 3819 illa,
1443 3771 1562 3825 qua:
1615 3757 1704 3811 diu
1755 3767 1994 3827 vocatur,
2028 3760 2079 3815 id
2133 3772 2235 3828 est,

664 3838 792 3906 Her,
841 3851 934 3896 aut
965 3859 1216 3913 quercus.
1253 3845 1421 3901 Secus
1449 3862 1609 3916 quam
1642 3863 1737 3918 per
1764 3851 1990 3905 multum
2033 3863 2238 3922 tempo-

657 3928 740 3984 ris
772 3931 1005 4000 spatium
1077 3937 1273 3990 mansit
1321 3937 1596 3995 Abraham
1644 3958 1659 3993 :
1717 3941 1818 3996 sub
1865 3959 1968 4011 qua
2019 3947 2236 4013 quidem

657 4028 772 4077 tres
823 4024 1043 4093 angelos
1108 4028 1259 4094 vidit,
1282 4038 1337 4084 et
1379 4045 1542 4099 unum
1586 4033 1868 4101 adoravit;
1901 4037 2238 4108 hospitioque

2347 1569 2548 1624 diaboli
2597 1574 2817 1641 dicitur,
2861 1591 2924 1630 eo
2977 1579 3142 1647 quod,
3183 1581 3437 1636 instinctu
3494 1584 3635 1653 ejus,
3682 1595 3888 1656 quatuor

2349 1659 2450 1715 illa:
2503 1662 2752 1719 civitates
2787 1667 3123 1734 miserrimae,
3161 1669 3418 1741 Sodoma,
3453 1675 3772 1739 Gomorrha,
3813 1676 3890 1730 Se-

2348 1748 2498 1816 boiu,
2550 1752 2781 1822 Adama,
2823 1772 3244 1826 perseverantes
3298 1763 3350 1817 in
3401 1767 3748 1838 turpitudine
3792 1783 3890 1830 sua,

2345 1842 2470 1912 igne
2515 1846 2819 1910 sulphured
2855 1863 3238 1930 concrematas,
3283 1854 3336 1909 in
3382 1856 3558 1913 lacum
3593 1859 3736 1911 illum
3782 1861 3888 1913 sub-

2349 1951 2545 1991 mersa:
2593 1951 2743 1994 sunt.
2794 1928 2972 2012 Supra
3022 1945 3195 1999 lacum
3254 1951 3307 2002 in
3343 1951 3652 2005 accubitum
3698 1951 3889 2014 Judmae,

2347 2026 2541 2099 Segor,
2598 2047 2717 2100 quae
2751 2042 2806 2089 et
2858 2033 3007 2102 Bala,
3070 2039 3259 2106 quinta
3308 2041 3374 2094 de
3431 2042 3738 2098 civitatibus
3787 2046 3890 2104 illis,
3950 2043 3951 2106 1

2344 2122 2598 2188 precibus
2627 2122 2731 2179 Lot
2764 2128 2829 2180 de
2859 2128 3212 2185 subvérsioue
3251 2140 3305 2187 et
3336 2134 3587 2188 incendio
3611 2151 3891 2199 reservata;

2337 2219 2466 2281 qua:
2505 2229 2675 2284 usque
2728 2233 2875 2274 nunc
2902 2222 3228 2277 ostenditur.
3264 2224 3321 2294 In
3356 2226 3506 2281 exitu
3547 2227 3740 2296 Segor,
3783 2245 3893 2282 uxor
3950 2219 3951 2296 1

2346 2304 2468 2371 Lot,
2530 2308 2662 2365 salis
2714 2310 2766 2364 in
2828 2312 3058 2383 efﬁgiem
3113 2325 3318 2370 mutata
3347 2317 3497 2374 fuit:
3543 2321 3698 2389 cujus
3749 2321 3893 2375 adhuc

2347 2408 2615 2467 apparent
2644 2401 2868 2471 vestigia
2902 2418 3067 2474 supra
3100 2405 3272 2476 ripam
3303 2410 3548 2478 praedicti
3574 2413 3759 2468 maris.
3787 2412 3895 2465 Mul-

2347 2494 2459 2542 tum
2492 2499 2574 2545 est
2615 2491 2891 2558 aluminis,
2948 2497 3289 2568 multumque
3339 2491 3646 2565 cataranni,
3677 2504 3813 2572 quod
3843 2504 3895 2555 ab

2347 2579 2545 2637 incolis
2595 2584 2880 2652 reperitur
2902 2594 2957 2641 et
3003 2571 3227 2658 legitur;
3275 2600 3332 2646 et
3367 2607 3433 2647 ex
3488 2597 3624 2648 mari
3680 2571 3896 2648 bittnueu

2347 2673 2624 2738 reperitur
2654 2683 2709 2727 et
2737 2677 3064 2742 extrahitur,
3099 2682 3243 2748 quod
3267 2679 3489 2738 Judaice
3533 2686 3820 2755 appellatur
3854 2691 3895 2738 in

2274 2809 2316 2865 Β
2346 2764 2530 2865 multis
2563 2768 2951 2822 necessarium.
2987 2770 3157 2840 chor
3192 2783 3369 2828 autem
3405 2776 3587 2842 modo,
3626 2792 3658 2831 a
3696 2793 3896 2847 compa-

2349 2841 2549 2921 triotis,
2585 2858 2840 2926 oppidum
2875 2860 3065 2928 palma:
3104 2873 3347 2919 vocatur.
3391 2864 3562 2932 Supra
3619 2841 3895 2923 lacum

2340 2948 2605 3016 phaltiteu
2665 2951 2717 3003 in
2766 2952 3028 3006 descensu
3076 2940 3326 3024 Arabiae;
3364 2956 3636 3012 Carnaum
3695 2961 3749 3013 in
3797 2974 3897 3027 spe-

2343 3036 2523 3102 lunca,
2574 3040 2624 3092 in
2688 3050 2870 3094 monte
2928 3042 3328 3112 Mnaliitarum;
3389 3046 3441 3100 in
3488 3063 3649 3118 quem
3700 3048 3896 3112 Balarb,
3950 3047 3951 3082 1

2342 3129 2483 3184 ﬁlius
2509 3129 2665 3194 Beor,
2704 3132 2948 3186 divinum
2978 3136 3200 3189 adduxit
3225 3136 3438 3190 Balaam
3476 3141 3542 3191 ad
3591 3141 3897 3195 maledicen-
3950 3149 3951 3182 1

2341 3219 2470 3273 dum
2523 3222 2647 3275 liliis
2690 3221 2854 3276 lsracl
2898 3239 2912 3276 :
2950 3227 3037 3294 qui
3086 3238 3306 3296 propter
3363 3231 3662 3284 vehemens
3710 3246 3893 3300 prairu-

2341 3320 2492 3381 ptum
2540 3315 2760 3369 excisus
2793 3327 3039 3370 vocatur.
3087 3318 3262 3374 Lacus
3297 3321 3630 3398 Asphaltites
3673 3323 3890 3392 Judatam

2341 3403 2534 3458 dividit
2556 3415 2607 3459 et
2637 3408 2916 3462 Arabiam.
2951 3409 3173 3478 Arabia,
3205 3422 3445 3482 tempore
3470 3414 3703 3468 filiorum
3728 3412 3893 3476 lsrael,
3950 3439 3951 3506 1

2341 3496 2570 3575 solitudo
2597 3509 2734 3564 erat,
2769 3509 2822 3553 et
2850 3500 3149 3567 desertum,
3183 3513 3326 3557 terra
3358 3504 3504 3558 invia
3538 3516 3593 3559 et
3625 3505 3890 3574 inaquosa.
3950 3496 3951 3564 1

2339 3585 2398 3642 In
2439 3603 2500 3643 ea
2528 3589 2748 3659 quidem
2806 3592 3036 3646 detinuit
3099 3609 3191 3650 eos
3243 3593 3506 3650 DOminus
3555 3597 3890 3666 quadraginta

2340 3680 2517 3745 annis,
2558 3697 2754 3736 manna
2793 3683 2983 3751 pluens
3039 3686 3103 3737 ad
3160 3687 3619 3750 manducandum,
3666 3703 3801 3756 aqua
3838 3688 3890 3740 de
3950 3713 3951 3758 3

2340 3787 2472 3841 rupe
2490 3773 2670 3828 ducta.
2693 3774 2745 3826 In
2761 3775 2979 3839 Arabia,
3001 3775 3194 3841 llelim,
3213 3777 3702 3847 castruntjliliorum
3723 3776 3890 3836 Israel,

2338 3862 2489 3916 locus
2517 3862 2569 3914 in
2594 3863 2828 3924 deserto,
2861 3863 2910 3915 in
2943 3879 3049 3931 quo
3075 3865 3357 3919 duodecim
3393 3866 3589 3929 tentes,
3617 3878 3671 3921 et
3692 3879 3890 3936 septua-
3950 3861 3951 3892 ³

2281 3932 2286 3936 ⁵
2341 3956 2485 4021 ginta
2520 3953 2744 4021 palmas,
2787 3956 2854 4007 de
2883 3957 3014 4007 mari
3050 3954 3231 4009 Rubro
3270 3969 3531 4012 exeuntes
3565 3967 3888 4026 repererunt.
3950 3983 3951 3988 η

2341 4047 2398 4098 lu
2427 4047 2649 4111 Arabia,
2695 4046 2860 4119 Vallis
2892 4045 3098 4117 Moysi;
3129 4049 3182 4102 in
3215 4063 3322 4118 qua
3359 4050 3672 4117 percutiens
3699 4052 3779 4105 bis
3825 4051 3888 4103 si-

659 4125 965 4185 susceptos,
1034 4119 1248 4189 dignus,
1303 4133 1461 4192 prout
1513 4125 1711 4193 potuit,
1765 4125 1904 4182 fovit
1957 4138 2010 4182 et
2039 4129 2187 4198 pavit
2219 4149 2234 4185 :
2262 4147 2307 4207 ο
2339 4134 2501 4190 licem
2536 4135 2710 4204 virga,
2736 4138 2871 4190 duos
2900 4151 3052 4206 aquae
3097 4137 3290 4206 populo
3327 4137 3422 4193 Dei
3487 4140 3802 4194 reddentem
3833 4138 3893 4192 ri-
3950 4191 3951 4196 η

660 4208 805 4264 unde
841 4211 1048 4279 primus
1103 4214 1418 4271 comedendi
1467 4216 1554 4270 via
1586 4219 1765 4273 dictus
1806 4229 1912 4277 est.
1957 4219 2069 4274 llcx
2097 4237 2236 4290 prte-

660 4298 803 4353 dicta
853 4314 918 4354 ex
948 4311 1074 4356 tunc
1106 4319 1276 4375 usque
1309 4306 1378 4361 ad
1413 4313 1630 4376 tempus
1669 4308 1960 4367 Theodosii
1995 4309 2236 4383 Impera-

661 4392 816 4458 toris,
845 4399 1081 4460 testante
1109 4394 1465 4468 Hieronymo,
1510 4414 1667 4454 suum
1702 4414 1822 4457 esse
1852 4403 2102 4459 dilatavit
2133 4444 2146 4459 .
2182 4415 2238 4460 et

660 4495 729 4536 ex
771 4483 863 4538 illa
907 4485 1020 4539 haec
1037 4485 1217 4543 fuisse
1266 4489 1600 4557 perhibetur,
1631 4506 1755 4561 quae
1794 4493 1849 4548 in
1883 4497 2135 4565 praesenti
2170 4498 2237 4552 ab

661 4577 774 4633 illic
806 4574 1161 4655 praesentibus
1194 4582 1425 4649 videtur,
1478 4593 1531 4639 et
1560 4600 1691 4642 caro
1721 4595 1953 4643 tenetur.
2006 4589 2138 4655 Qua:
2164 4591 2236 4646 li-

661 4677 751 4724 cet
815 4670 1019 4736 arida,~
1061 4672 1397 4730 medicabilis
1455 4685 1634 4731 tamen
1696 4693 1818 4735 esse
1875 4682 2137 4750 probatur
2180 4683 2237 4738 in

660 4759 790 4826 hoc,
840 4764 1005 4832 quod,
1044 4764 1091 4818 si
1137 4763 1202 4819 de
1256 4781 1319 4821 ea
1362 4768 1487 4836 quis
1516 4770 1771 4839 equitaus
1813 4773 2018 4842 aliquid
2054 4763 2236 4830 secum

660 4853 939 4920 detulerit,
977 4855 1180 4911 animal
1242 4873 1397 4913 suum
1427 4874 1533 4914 non
1605 4862 1858 4918 intendit.
1906 4865 1965 4921 in
2017 4865 2235 4937 llebrou

662 4944 843 5012 primo
891 4947 1269 5015 applicuerunt
1311 4963 1392 5014 se,
1433 4965 1594 5006 causa
1660 4955 1820 5008 terrae
1864 4955 2232 5024 esplorandze,

663 5034 865 5104 Caleph
911 5045 966 5092 et
991 5038 1178 5106 Josue,
1213 5054 1518 5111 eorumque
1568 5044 1703 5099 socii
1756 5047 1967 5101 decem.
2014 5045 2070 5101 ln
2127 5046 2234 5104 He-

664 5127 800 5182 brou
842 5127 1008 5184 David
1041 5133 1284 5201 regnavit
1330 5146 1540 5202 septem
1573 5138 1729 5190 annis
1768 5147 1824 5191 et
1853 5138 2098 5192 dimidio.
2137 5136 2240 5194 De-

662 5234 778 5275 cem
832 5221 1082 5277 milliaria
1138 5224 1205 5278 ab
1265 5225 1522 5292 llebrou,
1571 5237 1656 5281 est
1701 5228 1851 5283 lacus
1901 5227 2240 5298 Asphaltices

662 5320 853 5367 contra
902 5311 1190 5383 orientem,
1215 5317 1305 5385 qui
1336 5325 1392 5372 et
1435 5331 1586 5373 mare
1615 5315 1886 5373 Mortuum
1913 5320 2155 5388 dicitur;
2186 5330 2240 5376 et

738 5468 802 5539 (‘)
833 5470 1062 5542 Additur
1095 5475 1234 5542 apud
1267 5473 1539 5540 Allatium,
1580 5477 1739 5531 Anno’
1779 5477 1993 5532 Domini
2048 5476 2224 5532 MXL.

667 5538 1010 5618 Cum_au_tem
1042 5538 1462 5618 inmgrratiouis
1507 5538 1734 5601 decursu
1792 5549 2032 5603 Balduiui
2085 5554 2226 5618 regis

668 5610 1013 5682 mcntio(col.
1037 5611 1144 5668 992
1167 5613 1231 5687 ϐ)
1262 5626 1530 5683 occurrat,
1551 5618 1796 5687 sequitur
1824 5629 2098 5676 auctorem
2131 5610 2225 5676 ιῖο-

2345 4226 2537 4295 vulos;
2574 4227 2639 4281 de
2663 4228 2858 4294 quibus
2895 4228 3053 4282 modo
3086 4236 3194 4281 tota
3229 4228 3317 4282 illa
3345 4231 3498 4298 regio
3532 4231 3812 4300 irrigatur.
3843 4230 3886 4283 lu
3950 4243 3951 4284 i

2337 4314 2536 4368 Arabia
2567 4329 2721 4368 mons
2762 4314 2930 4380 Sinai,
2960 4314 3010 4368 in
3044 4331 3151 4384 quo
3187 4316 3396 4385 Moyses
3426 4335 3492 4370 xi.
3529 4320 3741 4385 diebus,
3787 4320 3890 4373 toti-

2337 4405 2564 4474 demque
2609 4406 2877 4469 noctibus,
2924 4406 3087 4460 totius
3117 4406 3221 4460 cibi
3250 4423 3464 4476 expers,
3497 4422 3741 4466 moratus
3773 4411 3884 4472 luit;
3950 4405 3951 4474 ξ

2337 4499 2389 4552 in
2415 4511 2520 4568 quo
2552 4506 2604 4551 et
2632 4497 2885 4552 Dominus
2922 4497 3086 4568 Moysi
3126 4498 3276 4552 dedit
3320 4501 3514 4569 legem,
3566 4506 3787 4572 proprio
3823 4504 3887 4556 di-

2336 4588 2451 4659 gito
2486 4588 2744 4656 scriptam
2793 4587 2844 4641 iu
2882 4587 3080 4642 tabulis
3116 4589 3383 4666 lapideis.
3418 4590 3477 4646 ln
3508 4592 3733 4660 Arabia,
3776 4608 3888 4663 pra:-
3950 4645 3951 4666 ξ

2334 4681 2501 4736 cessit
2538 4681 2674 4735 ﬁlios
2704 4681 2870 4736 Israel
2921 4682 3169 4736 columna
3198 4681 3338 4752 ignis
3357 4664 3465 4753 per
3496 4697 3710 4740 noctem
3739 4687 3885 4740 nubes
3950 4735 3951 4738 η

2335 4785 2466 4824 vero
2501 4769 2722 4823 vallavit
2771 4785 2865 4825 eos
2909 4771 3093 4826 diebus
3143 4772 3389 4841 singulis.
3455 4772 3518 4828 In
3563 4775 3785 4841 Arabia,
3831 4789 3884 4826 Xl-
3950 4783 3951 4832 ζ

2337 4863 2649 4915 mansiones
2675 4860 2906 4914 ﬁliorum
2943 4860 3126 4914 Israel.
3155 4860 3214 4914 In
3246 4861 3468 4928 Arabia,
3501 4879 3660 4920 mons
3688 4864 3810 4925 llor,
3840 4863 3881 4916 iu

2338 4969 2445 5022 quo
2480 4954 2727 5022 sepultus
2750 4953 2979 5020 quiescit
3007 4954 3212 5008 Aaron.
3245 4954 3303 5006 ln
3333 4955 3556 5018 Arabia,
3584 4973 3740 5010 mons
3767 4956 3883 5007 Aba-

2336 5046 2468 5111 rim;
2507 5045 2559 5098 in
2587 5061 2692 5114 quo
2726 5046 2980 5098 Dominus
3015 5045 3231 5114 Moysen
3253 5046 3524 5113 sepelivit,
3549 5046 3705 5115 cujus
3732 5058 3881 5100 tantum

2337 5154 2598 5208 nusquam
2636 5138 2884 5207 apparuit
2910 5119 3164 5192 tumulus.
3201 5139 3255 5192 ln
3288 5138 3513 5202 Arabia,
3552 5155 3711 5194 mons
3755 5155 3881 5204 τρέξι·
3950 5143 3951 5188 ;

2336 5229 2426 5295 lis,
2480 5246 2642 5297 quem
2694 5230 3059 5294 Buldeuimtts,
3095 5229 3300 5299 primus
3349 5247 3442 5284 rex
3490 5229 3814 5286 Francorum
3841 5230 3882 5281 iu

2337 5320 2662 5384 Jerusalem,
2715 5323 2778 5375 ad
2812 5332 3012 5375 terram
3061 5321 3206 5375 illam
3237 5321 3581 5377 Christicolis
3610 5322 3882 5391 Subjugan-
3950 5371 3951 5378 η

2333 5488 2513 5550 strum
2568 5463 2883 5534 duodecimo
2924 5478 3121 5536 sacculo
3155 5496 3251 5550 per
3280 5491 3477 5538 terram
3535 5493 3774 5539 sanctam
3803 5479 3881 5531 iter

2331 5548 2538 5607 fecisse.
2577 5566 2712 5605 ειιιτ.
2758 5565 2913 5604 eam.
3159 5548 3172 5550 ἡ
3950 5567 3951 5574 ‘

3950 585 3951 652 1

3950 655 3951 704 1

3950 763 3951 800 1

3950 803 3951 848 1

3950 855 3951 914 1

3950 917 3951 978 1

3949 981 3951 1032 1

3950 1037 3951 1086 1

3950 1125 3951 1168 1

3950 1197 3951 1286 1

3950 1353 3951 1390 1

3950 1391 3951 1454 1

3950 1499 3951 1546 1

3950 1627 3951 1696 1
