3956 6324
37 374 134 435 933

1289 367 1388 426 DE
1431 362 1643 424 LOCIS
1681 363 2021 426 SANCTIS.

3169 364 3278 430 934

41 483 158 532 dam
193 490 250 533 et
275 480 533 533 tuendum
566 493 789 547 regnum
820 476 1006 542 David,
1037 476 1088 529 in
1123 484 1362 530 rastrum
1397 475 1611 528 firmum
1645 475 1688 530 A
1722 473 2093 542 persecutoris
2138 474 2344 529 veritus
2374 475 2596 530 rabiem.
2625 477 2865 531 Libanus
2889 480 3290 543 interpretatur

37 572 286 624 reddidit.
327 570 526 624 Arabia
555 598 559 602 η
587 569 830 638 jungitur
883 569 1126 622 ldunuee
1185 567 1237 620 in
1310 565 1609 632 confinibus

37 658 289 712 Bestron.
342 660 591 720 Idumaea,
630 669 772 711 terra
827 657 1092 711 Damasci.
1147 655 1381 710 ldumaza
1427 662 1605 708 tamen

35 753 128 799 sub
153 747 332 817 Syria.
357 747 530 817 Caput
554 729 723 817 Syriae
743 749 955 816 quidem
981 746 1294 801 Damascus.
1319 745 1606 800 ldumaeam

31 849 81 887 et
109 837 454 892 Phoeniciam
510 838 699 892 dividit
761 838 1024 891 Libauus.
1068 836 1368 900 Phoenicia,
1417 836 1470 889 in
1503 847 1606 900 qua

36 926 158 990 Sor,
189 929 246 982 id
286 939 390 985 est.
437 929 641 1000 Tyrus,
685 927 971 983 Phasnices
1019 927 1356 982 nobilissima
1401 935 1605 980 metro-

34 1019 194 1083 polis,
227 1035 347 1088 qua:
381 1019 682 1083 Christum,
712 1020 1176 1088 perambulantetn
1219 1018 1524 1082 maritima,
1550 1024 1607 1069 ut

38 1110 158 1178 Syri
195 1123 466 1176 asserunt,
502 1111 676 1164 noluit
715 1112 998 1179 accipere;
1032 1126 1152 1180 quae
1184 1107 1474 1174 et,,divina
1522 1117 1605 1162 te-

32 1209 208 1254 stante
247 1203 464 1269 pagina,
516 1209 593 1254 tot
624 1209 890 1269 martyres
925 1201 1034 1255 Deo
1077 1201 1334 1265 reddidit,
1367 1214 1598 1270 quorum

33 1292 146 1358 eius
175 1281 350 1348 solius
395 1294 619 1348 scientia
655 1295 833 1350 minus
873 1295 1095 1364 colligit.
1125 1293 1300 1363 Tyrus
1342 1295 1604 1361 originem

33 1383 168 1436 celat
194 1383 544 1437 tumulatum.
577 1385 718 1439 Ante
745 1381 948 1455 Tyrum
972 1387 1108 1455 lapis
1130 1386 1218 1438 ille
1246 1398 1604 1447 marmoreus,

34 1472 168 1525 haud
216 1474 484 1539 modicus,
533 1488 700 1543 super
746 1491 903 1544 quem
947 1478 1087 1533 sedit
1132 1474 1340 1531 Iesus:
1376 1490 1605 1531 manens

33 1564 254 1624 illaasus,
290 1579 322 1617 a
351 1575 596 1634 tempore
648 1565 854 1620 Christi
896 1582 1067 1636 usque
1114 1567 1180 1620 ad
1225 1566 1602 1635 expulsionem

35 1653 270 1719 gentium
299 1655 368 1707 ab
391 1657 520 1709 urbe
546 1672 562 1721 ;
597 1658 706 1710 sed"
722 1667 903 1724 postea
939 1658 1290 1712 defraudatus
1310 1672 1341 1712 ι
1376 1658 1602 1713 Francis

33 1755 79 1795 et
113 1760 138 1794 a
182 1745 423 1800 Venetis.
458 1746 630 1815 Supra
657 1763 784 1803 vero
827 1748 1099 1804 residuum
1134 1749 1275 1804 illius
1299 1749 1510 1819 lapidis,
1548 1749 1600 1803 in

37 1836 291 1889 honorem
334 1836 652 1904 Salvatoris,
689 1839 916 1894 ecclesia
971 1842 1212 1905 quaedam
1244 1840 1468 1894 fundata
1499 1849 1602 1895 est.

42 1919 171 1975 Octo
198 1918 452 1979 milliaria
484 1942 511 1979 a
554 1925 696 1997 Tyro
725 1939 910 1982 contra
941 1929 1223 1992 orientem,
1247 1945 1406 1998 supra
1433 1945 1602 1995 mare,

43 2011 309 2080 Sarphcn,
369 2031 489 2083 quae
523 2026 608 2071 est
659 2017 884 2087 Sarepta
947 2020 1316 2075 Sidoniorum.
1373 2021 1432 2074 In
1494 2037 1602 2092 qua

36 2104 301 2167 quondam
349 2107 612 2161 habitavit
646 2107 828 2164 llelias
875 2111 1159 2178 propheta,
1195 2112 1246 2164 in
1286 2127 1388 2180 qua
1427 2121 1480 2168 et
1513 2129 1600 2168 re-

38 2195 318 2250 Suscitavit
342 2198 508 2251 tilium
536 2199 730 2266 vidua,
758 2200 950 2255 Ionam
981 2201 1186 2257 scilicet
1220 2220 1235 2258 :
1266 2217 1422 2272 quem
1452 2207 1600 2273 prius

39 2286 141 2349 ipsa
191 2279 432 2356 hospitio
478 2301 776 2359 receperat,
835 2304 888 2344 et
919 2293 1234 2347 charitative
1297 2295 1503 2349 foverat
1536 2312 1600 2351 ac

37 2387 272 2440 paverat.
312 2377 419 2432 Sex
473 2381 721 2434 milliaria
769 2397 799 2436 a
855 2381 1118 2451 Sarpheu,
1165 2385 1356 2451 Sidon,
1408 2389 1599 2445 civitas

38 2469 271 2535 egregia;
324 2485 388 2523 ex
425 2486 528 2539 qua
578 2471 734 2539 Dido,
778 2490 897 2542 qua
932 2474 1318 2544 Carthaginem
1352 2491 1601 2536 constru-

38 2556 106 2608 xit
142 2558 194 2614 in
249 2559 462 2616 Africa.
498 2561 783 2618 Sexdecim
813 2567 1065 2620 tnilliaria
1098 2583 1127 2621 a
1163 2569 1380 2636 Sidone,
1430 2571 1633 2643 Bery-‘

41 2656 115 2700 tus
144 2651 556 2718 epulentissima
602 2655 814 2710 clvitas.
867 2655 925 2710 ln
957 2657 1154 2728 Beryto
1188 2662 1432 2730 quaedam
1479 2664 1597 2716 Sal-

40 2739 230 2792 vatoris
281 2743 455 2794 nostri
513 2743 656 2809 icon,
711 2758 820 2798 non
866 2746 1090 2800 multum
1140 2758 1260 2817 post
1288 2753 1593 2818 passionem

39 2829 142 2894 ejus
174 2833 241 2884 ad
277 2833 627 2903 ignominiam
674 2837 794 2906 ejus
820 2853 848 2892 a
878 2839 1196 2907 quibusdam
1228 2840 1429 2896 Iudteis
1463 2843 1592 2911 ridi-

37 2920 206 2974 sulose
249 2923 532 2990 cruciﬂxa,
586 2928 902 2995 sanguinem
943 2930 1195 2997 produxit
1255 2943 1309 2986 et
1357 2942 1588 3002 aquam;

38 3013 161 3063 unde
189 3019 244 3065 et
274 3013 428 3066 multi
465 3014 518 3068 in
547 3029 670 3071 vero
706 3017 975 3073 Cruciﬂxo
1005 3021 1368 3089 crediderunt,
1409 3025 1589 3093 bapti-

1712 565 2053 626 Candidatio.
2101 562 2176 618 De
2219 580 2326 634 quo
2379 565 2433 620 in
2465 566 2743 622 Cauticis:
2787 566 2912 621 Veni
2946 569 3008 621 de
3063 568 3290 631 Libano,

1709 671 1903 722 sponsa
1959 671 2095 722 mea,
2131 655 2374 710 columba
2427 673 2539 710 mea
2573 656 2614 708 ⁸.
2649 659 2725 710 Ad
2779 658 3016 712 radicem
3059 657 3286 726 Libani,

1685 745 1996 814 ‘Pharpbar
2033 755 2089 800 et
2117 746 2328 812 Abana,
2361 745 2506 800 ﬂuvii
2542 747 2806 801 Damasci.
2842 747 3049 805 Montes
3096 748 3288 802 Libani

1709 846 1765 890 et
1791 835 2070 904 planitiem
2100 836 2369 890 archados
2416 835 2689 890 transiluit
2731 837 2941 902 Abaua,
2994 840 3128 891 mari
3171 852 3289 890 rna-
3352 829 3355 832 ’

1709 942 1816 996 gno
1847 942 1905 981 se
1955 928 2241 996 copulans,
2296 928 2656 992 tlnibusillis,
2689 930 2887 998 quibus
2922 941 3144 983 sanctus
3178 928 3288 982 Eu-

1707 1018 1974 1084 stachius,
2011 1017 2079 1073 ab
2105 1033 2272 1075 uxore
2303 1033 2400 1072 sua
2436 1018 2692 1084 privatus,
2727 1029 2780 1074 et
2809 1019 2932 1073 filiis
2968 1021 3244 1072 desolatus
3269 1057 3287 1083 ,

1710 1110 1962 1164 recessit.
1994 1109 2277 1177 Pharpbar
2309 1124 2402 1175 per
2436 1109 2646 1180 Syriam
2688 1111 2856 1165 tendit
2891 1111 3194 1172 Rcblatam,
3231 1110 3284 1164 id

1708 1206 1814 1263 est,
1843 1197 2224 1269 Antiochiam;
2266 1197 2564 1267 labensque
2589 1212 2748 1252 secus
2796 1214 2979 1253 muros
3011 1199 3151 1268 ejus,
3187 1197 3285 1251 de-

1707 1303 1826 1353 cem
1851 1287 2099 1340 milliaria
2132 1288 2200 1341 ab
2227 1288 2511 1342 Antiochia
2549 1288 2602 1340 in
2639 1297 2796 1357 portu
2823 1287 2995 1360 Solimi
3022 1298 3144 1356 ortu
3177 1287 3286 1343 sci-

1708 1377 1836 1431 licet
1864 1378 2037 1432 sancti
2092 1377 2387 1444 Simeonis,
2422 1379 2821 1433 mediterraneo
2854 1379 2987 1434 mari
3029 1394 3088 1436 se
3130 1397 3286 1436 com-

1709 1467 1954 1521 mendat.
1992 1467 2049 1521 1n
2074 1468 2368 1523 Antiochia
2407 1470 2546 1524 sedit
2605 1470 2798 1524 beatus
2831 1470 3026 1526 Petrus
3071 1482 3282 1541 septem

1708 1559 1888 1622 annis,
1941 1560 2232 1629 pontificali
2289 1563 2577 1618 decoratus
2643 1563 2835 1618 infula.
2883 1556 2990 1618 Ad
3043 1564 3282 1619 radicem

1703 1649 1920 1717 Libani,
1956 1653 2151 1712 civitas
2191 1653 2406 1733 Paneas.
2442 1653 2545 1707 sita
2595 1662 2696 1720 est,
2751 1656 2805 1709 id
2845 1664 2954 1721 est,
3007 1654 3281 1726 Helymas,

1705 1755 1827 1810 quae
1863 1752 1916 1796 et
1965 1742 2208 1799 Cmsarea
2239 1743 2496 1813 Philippi.
2525 1744 2608 1798 Ad
2656 1745 2889 1816 radicem
2926 1744 3137 1812 Libani,
3169 1745 3280 1800 Dan

1706 1841 1762 1886 et
1788 1830 1882 1886 Ior
1907 1835 2181 1899 oriuntur,
2202 1833 2386 1889 fontes
2417 1833 2490 1888 illi
2510 1836 2638 1900 duo,
2663 1835 2728 1890 de
2753 1823 3098 1904 quibus,‘sub
3131 1852 3280 1890 mon-

1711 1924 1855 1976 tibus
1885 1923 2112 1989 Gelboe,
2161 1922 2413 1979 Iordanis
2448 1925 2754 1980 conficitur.
2801 1926 2858 1979 In
2893 1941 3001 1995 quo
3033 1927 3285 1981 Christus

1706 2029 1733 2066 a
1766 2013 1995 2081 Joanne,
2034 2030 2368 2085 prmcursore
2392 2015 2527 2086 ejus,
2567 2019 2728 2071 tertio
2767 2016 2944 2085 lapide
2979 2032 3006 2069 a
3039 2007 3279 2079 Iericho,

1704 2105 1968 2175 baptizari
2001 2106 2170 2160 voluit
2197 2123 2214 2170 ;
2247 2106 2300 2160 in
2337 2122 2442 2176 quo
2471 2107 2634 2161 etiam
2665 2108 2780 2162 loco
2812 2123 2917 2161 vox
2949 2105 3126 2161 Patris
3163 2107 3284 2175 ejus

1705 2196 1957 2273 intonuit,
2002 2196 2192 2253 dicens
2231 2214 2245 2252 :
2278 2197 2380 2252 Hic
2427 2208 2503 2252 est
2556 2195 2733 2251 Filius
2788 2215 2932 2253 meus
2973 2199 3193 2252 dilectus
3221 2201 3278 2258 ';

1701 2293 1756 2336 et
1786 2298 1949 2354 sUper
1997 2283 2180 2339 Iesum
2213 2285 2492 2340 descendit
2539 2285 2611 2339 ibi
2664 2286 2898 2355 Spiritus
2949 2296 3173 2342 sanctus
3223 2289 3276 2341 in

1701 2375 1878 2443 specie
1907 2376 2189 2430 columbae.
2213 2377 2252 2428 A
2282 2377 2553 2432 montibus
2581 2377 2780 2433 Gelhce
2809 2396 2976 2448 usque
3007 2381 3072 2434 ad
3102 2382 3276 2436 lacum

1698 2463 2070 2535 Aspbaltiten,
2131 2467 2310 2534 vallis,
2369 2483 2464 2540 per
2512 2483 2671 2537 quam
2731 2469 2988 2527 Iordanis
3054 2466 3276 2532 labitur.

1699 2556 1892 2611 Sortus
1923 2558 2247 2627 appellatur.
2279 2554 2500 2628 Supbon
2533 2559 2694 2630 (quod
2735 2561 3017 2617 llebrzeum
3052 2574 3134 2620 est
3180 2579 3277 2619 vo-

1697 2648 1975 2716 cabulum)
2009 2650 2315 2718 appellatur
2340 2651 2503 2705 etiam
2536 2650 2692 2706 vallis
2732 2652 2858 2720 illa;
2905 2669 3024 2723 qua:
3054 2656 3276 2724 grandis

1697 2749 1858 2808 atque
1881 2741 2202 2808 campestris
2235 2756 2300 2795 ex
2351 2751 2583 2812 utraque
2625 2756 2783 2814 parte
2809 2745 3041 2800 vallatur
3074 2750 3276 2802 monti-
3309 2779 3314 2789 ι

1696 2830 1800 2886 bus
1833 2833 2112 2887 contiuuis
2144 2848 2174 2886 a
2209 2831 2411 2889 Libano
2438 2849 2608 2903 usque
2634 2837 2700 2888 ad
2733 2836 3008 2890 desertum
3033 2835 3268 2891 Pharan.

1699 2924 1900 2977 Dividit
1929 2931 2109 2978 autem
2137 2921 2396 2980 Iordanis
2449 2925 2723 2979 Galileam
2756 2935 2809 2981 et
2849 2925 3161 2996 ldumaeam,
3221 2939 3276 2983 et

1697 3025 1898 3070 terram
1921 3014 2119 3089 Bosrae,
2152 3031 2270 3085 qua
2315 3027 2370 3071 et
2395 3013 2642 3089 Idumaeas
2672 3019 2906 3072 secunda
2933 3021 3272 3089 metropolis.

37 3100 128 3153 tati
159 3119 172 3154 :
203 3103 518 3171 quicunque
546 3106 709 3160 etiam
759 3123 825 3162 ex
872 3109 1013 3163 stilla
1047 3109 1219 3166 iconis
1258 3115 1524 3179 peruncti,
1559 3128 1587 3167 a
1619 3129 1662 3186 ο
1695 3106 1952 3163 Iordanis
1985 3110 2278 3166 descensus
2303 3109 2717 3190 interpretatur.
2750 3107 2866 3162 Dan
2894 3109 3014 3163 fere
3052 3109 3119 3164 ab
3147 3124 3269 3167 ortu

41 3206 348 3264 quacunque
385 3209 748 3268 gravarentur
782 3202 1115 3268 infirmitate,
1148 3204 1265 3257 sani
1303 3207 1593 3261 reddeban-

40 3295 128 3338 tur.
160 3290 391 3358 Arpbat,
430 3291 558 3346 urbs
613 3291 881 3347 Damasci.
935 3292 1234 3350 Damascus
1281 3295 1332 3349 in
1391 3295 1586 3366 Syria;

38 3375 92 3426 de
138 3392 242 3445 qua
281 3379 531 3435 historia.
559 3384 873 3439 Damascus
912 3393 1073 3452 caput
1125 3385 1299 3455 Syria:
1357 3396 1588 3443 tenenda

42 3468 362 3536 metropolis.
429 3471 488 3522 In
535 3483 598 3523 ea
643 3469 962 3524 Damascum
1009 3474 1312 3526 construxit
1356 3472 1586 3539 ltiliezer,

36 3561 205 3610 servus
246 3558 498 3622 Abrahae,
543 3560 594 3614 in
631 3575 760 3630 agro
790 3554 1003 3624 illo,7in
1039 3577 1144 3630 quo
1194 3561 1325 3615 Cain
1365 3563 1586 3618 fratrem

39 3660 174 3700 suum
205 3651 346 3704 Abel
376 3652 593 3705 occidit.
633 3651 876 3706 Damasci
909 3652 1172 3707 habitavit
1219 3655 1380 3727 Esau,
1412 3657 1502 3724 qui
1533 3664 1588 3708 et

39 3734 161 3802 Seir,
206 3750 263 3793 et
299 3739 471 3794 Edom
527 3741 647 3796 Seir
699 3740 934 3809 pilosus;
970 3742 1136 3795 Edom
1187 3743 1353 3797 ruﬂ'us
1384 3756 1437 3798 ct
1495 3760 1587 3799 ru-

41 3827 167 3881 bens.
201 3831 285 3883 Ab
324 3830 489 3882 Edom
526 3831 636 3884 tota
666 3831 756 3883 illa
791 3836 930 3885 terra
967 3841 1188 3885 vocatur
1219 3832 1476 3886 ldumma.
1512 3837 1588 3888 De

39 3933 121 3984 qua
149 3923 197 3974 in
235 3922 445 3990 psalmo
474 3929 579 3977 ειη
611 3921 901 3975 Ιάωηωαηι
943 3924 1224 3977 extendam
1257 3925 1583 3980 calceamen-

39 4018 129 4062 nmt
163 4029 333 4067 meum
365 4014 417 4068 ¹.’
441 4014 538 4068 Est
569 4025 761 4068 autem.
792 4013 958 4069 Edoni
1017 4028 1205 4072 vocata
1235 4033 1250 4070 :
1282 4018 1419 4071 unde
1453 4031 1584 4086 pro-

41 4101 173 4164 pheta
207 4121 223 4156 :
262 4103 390 4168 Quis
411 4100 488 4156 est
515 4105 632 4164 istc,
669 4104 762 4173 qui
792 4107 930 4158 venit
981 4105 1045 4158 de
1075 4104 1268 4172 Edam,
1300 4108 1473 4169 tinctis
1503 4123 1588 4160 ve-

43 4188 178 4244 stibus
211 4193 278 4245 de
333 4192 507 4245 Bozra
533 4193 590 4245 '2
639 4191 735 4247 Est
767 4195 944 4248 autem
978 4193 1222 4262 quaedam
1254 4209 1380 4261 pars
1427 4206 1585 4250 terra:

44 4276 180 4342 illius,
212 4292 354 4334 terra
383 4279 514 4343 Hus,
543 4295 607 4334 ex
641 4295 746 4348 qua
775 4279 966 4334 beatus
991 4280 1087 4333 Iob
1112 4297 1127 4345 ;
1155 4295 1272 4348 quae
1299 4290 1352 4334 et
1383 4265 1578 4347 Sueta;

45 4382 64 4418 a
113 4386 206 4439 qua
255 4371 454 4424 Baldad
512 4371 762 4436 Suhites;
816 4371 870 4424 in
917 4385 1019 4440 qua
1065 4379 1118 4425 et
1164 4369 1404 4426 Theman
1465 4386 1577 4425 me-

1696 3215 1795 3254 suo
1817 3200 2230 3256 subterraneum
2258 3200 2403 3254 ducit
2438 3199 2703 3269 gurgitem
2717 3215 2900 3280 usque
2927 3204 2992 3253 ad
3017 3201 3266 3267 Melitam,

1693 3291 1976 3360 planitiem
2007 3290 2156 3346 illam
2187 3291 2243 3344 in
2287 3306 2394 3360 qua
2425 3281 2557 3346 satis
2605 3302 2879 3360 patentem
2925 3307 3081 3347 suum
3120 3291 3270 3346 foras

1693 3387 1894 3441 emittit
1947 3387 2185 3440 alveum.
2221 3385 2491 3442 Planities
2546 3385 2636 3441 illa
2695 3385 2870 3442 Melda
2905 3396 3153 3454 vocatur,
3202 3404 3270 3441 eo

1691 3479 1835 3547 quod
1870 3480 1927 3532 in
1976 3477 2066 3531 illa
2105 3477 2297 3533 Meldis
2331 3488 2435 3535 est.
2489 3478 2815 3534 Saracenice
2849 3480 3064 3547 quidem
3113 3489 3270 3534 sonat

1692 3571 1948 3637 plataem.
1971 3569 2153 3624 Platea
2175 3569 2370 3644 Melda,
2392 3568 2582 3625 Latine
2609 3578 2789 3624 autem
2822 3573 3023 3639 platea,
3055 3569 3265 3630 forum;

1690 3658 1862 3714 Melda
1894 3675 2025 3716 vero
2057 3670 2300 3718 vocatur.
2324 3674 2391 3715 eo
2430 3662 2572 3729 quod
2601 3662 2842 3732 intrante
2877 3668 3066 3724 aestate
3106 3660 3268 3713 iunu~

1691 3751 1974 3806 morabilis
2005 3752 2078 3806 ibi
2116 3751 2366 3821 populus,
2400 3765 2590 3805 secum
2620 3750 2871 3807 deferens
2893 3751 3073 3805 omnia
3108 3764 3268 3803 vena-

1691 3841 1783 3907 lia,
1807 3841 2065 3905 convenit
2093 3842 2393 3910 ingensque
2423 3841 2746 3896 Parthorum
2797 3851 2871 3910 et.
2898 3843 3135 3894 Arabum
3161 3840 3264 3894 mi-

1690 3930 1824 3994 litia,
1849 3930 1916 3984 ad
1951 3931 2207 3984 tuendum
2233 3929 2487 3999 populum
2518 3940 2574 3983 et
2601 3945 2790 3998 greges
2813 3920 2940 3986 suos
2964 3933 3018 3983 in
3047 3932 3264 3998 pascuis

1690 4021 1797 4076 illis
1830 4020 2120 4077 uberrimis
2145 4035 2242 4089 per
2271 4029 2437 4079 totam
2469 4028 2738 4075 aestatem.
2795 4020 3011 4075 Meldan
3041 4035 3262 4090 compo-

1688 4110 1844 4163 nitur
1888 4125 1956 4165 ex
2005 4099 2130 4176 Mel,
2184 4119 2237 4165 et
2282 4109 2548 4165 Dan.Mel
2591 4109 2922 4184 Saracenice
2952 4127 3111 4181 aqua.
3143 4112 3261 4165 Dan

1667 4189 1905 4267 ﬂuvius,
1949 4215 2019 4257 ex
2080 4201 2306 4272 planitie
2357 4203 2470 4256 Dan
2524 4203 2778 4270 praediola
2821 4219 2894 4270 se,
2928 4204 3158 4258 reddens
3205 4206 3259 4258 in

1685 4290 1930 4352 ﬂuvium.
1988 4291 2208 4346 Suetam
2253 4295 2524 4361 peragrat,
2560 4293 2611 4346 in
2666 4307 2791 4362 qua
2832 4295 3072 4366 pyramis
3116 4294 3259 4349 beati

1685 4383 1790 4437 Iob
1818 4392 2118 4450 superstes,
2154 4395 2184 4437 a
2217 4379 2422 4436 Graecis
2450 4392 2502 4436 et
2543 4383 2836 4453 gentilibus
2868 4384 3124 4439 solemnis
3159 4385 3257 4439 ha-

44 4463 265 4529 tropolis.
325 4464 404 4518 Ex
471 4462 764 4521 Themans.
827 4462 1041 4531 Elipbat
1103 4461 1473 4529 Themanites,
1525 4463 1586 4518 in

1696 4476 1866 4529 betur.
1903 4473 2040 4539 Dan,
2070 4487 2256 4528 contra
2291 4471 2566 4528 Galilaeam
2594 4478 2828 4542 gentium
2876 4489 2936 4527 se
2968 4475 3259 4544 obliquans

47 4569 126 4616 qua
165 4565 217 4610 et
257 4556 518 4609 Naamatb
567 4555 859 4624 oppidum;
901 4567 931 4606 a
966 4567 1070 4622 quo
1101 4553 1315 4622 Sophar
1350 4553 1588 4607 Naama-

46 4645 198 4703 thites.
234 4648 298 4701 lli
349 4657 459 4701 tres
519 4648 886 4701 consolatores
931 4646 1052 4702 Iob.
1112 4644 1170 4700 lo
1227 4644 1470 4717 Idumam:
1520 4646 1586 4698 ﬂ—

45 4738 198 4804 nibus,
229 4741 336 4794 duo
378 4738 623 4801 milliaria
675 4753 704 4791 a
735 4735 988 4803 Iordane,
1021 4739 1212 4793 ﬂuvius
1249 4736 1452 4803 Iaboc;
1480 4753 1587 4807 quo

48 4833 366 4884 transvadato
393 4821 727 4894 Iacob,icum
757 4844 785 4882 a
821 4828 1203 4898 nesapotamia
1236 4829 1458 4899 rediret,
1497 4829 1583 4881 lu-

48 4929 200 4976 ctatus
233 4931 440 4975 estcum
471 4926 696 4988 angefo;
730 4921 818 4988 qui
857 4922 924 4975 de
949 4920 1118 4975 Iacob
1147 4922 1195 4974 ei
1238 4937 1431 4976 nomen
1459 4936 1586 4974 mu-

52 5012 154 5065 tavit
212 5015 264 5066 in
297 5011 485 5064 Israel.
529 5010 593 5064 1n
645 5009 874 5065 ldumaza
930 5027 1083 5065 mons
1126 5012 1283 5080 Seir;
1334 5014 1435 5068 sub
1478 5027 1586 5086 quo

49 5094 334 5155 Damascus.
387 5099 502 5153 Duo
552 5099 800 5152 milliaria
854 5115 884 5152 a
946 5100 1229 5164 Damasco,
1292 5101 1465 5167 locus,
1530 5103 1584 5153 in

50 5204 134 5255 quo
155 5193 316 5245 Saulo
351 5192 601 5246 Christus
640 5193 908 5260 apparuit,
944 5193 1181 5270 dicens:
1218 5192 1399 5257 δίκαιε,
1433 5193 1580 5246 Sau-

49 5280 242 5351 le,'qttid
273 5301 354 5337 me
381 5285 704 5351 persequeris
730 5283 786 5336 ’?
815 5285 867 5337 in
899 5299 1005 5348 quo
1032 5271 1094 5336 et.~
1113 5282 1330 5338 Saulum
1363 5287 1580 5340 claritas

53 5373 244 5428 deccelo
280 5390 393 5429 non
433 5374 639 5428 modica
679 5374 1058 5428 circumfulsit.
1094 5374 1149 5427 ln
1185 5375 1446 5428 Damasco
1480 5378 1576 5428 ba-

53 5467 240 5530 ptizavit
267 5467 488 5523 Saulum
515 5467 779 5531 Ananias,
810 5482 1004 5521 nomen
1029 5470 1076 5521 ei
1105 5467 1250 5521 Pauli
1271 5467 1573 5537 imponens.

56 5553 95 5607 lu
124 5555 372 5614 Damasco
403 5562 468 5615 de
509 5559 683 5615 muris
714 5558 910 5614 missus
942 5557 1043 5613 fuit
1064 5557 1261 5612 Paulus
1291 5561 1341 5612 in
1370 5570 1576 5629 sporta,

1689 4565 1756 4617 ab
1799 4564 1931 4617 urbe
1981 4562 2158 4616 Cedar
2207 4562 2369 4617 caecis
2422 4560 2756 4616 medicabilis
2812 4562 3001 4618 balnea
3059 4564 3256 4632 spineti

1689 4653 1846 4721 plana
1891 4651 2190 4720 proﬂuens,
2238 4651 2333 4707 Ior
2383 4652 2689 4722 copulatur.
2737 4651 2831 4707 Ior
2859 4641 3004 4707 haud
3043 4654 3199 4724 longe
3226 4670 3255 4708 a

1689 4727 1897 4798 Paneas
1919 4743 2094 4797 lacum
2132 4743 2276 4799 illius
2307 4743 2486 4798 reddit
2521 4759 2586 4798 ex
2634 4757 2713 4810 se,
2746 4752 2930 4813 postea
2969 4760 3117 4798 mare
3146 4744 3258 4799 Ga-

1692 4833 1860 4899 lilzeae,
1899 4848 2118 4888 sumens
2151 4833 2363 4888 initium
2399 4835 2536 4889 inter
2569 4834 2855 4890 Bethsaida
2908 4845 2964 4890 et
3012 4835 3260 4906 Caphar-

1688 4938 1872 4977 naum.
1905 4923 1950 4974 A
1980 4920 2267 4976 Bethsaida
2299 4923 2490 4976 Petrus
2538 4931 2593 4977 et
2640 4920 2896 4989 Ioannes,
2930 4913 3175 4981 Andreas
3207 4935 3259 4980 et

1685 5011 1920 5068 Iacobus
1974 5011 2206 5080 Alphei.
2256 5013 2500 5084 Quatuor
2544 5013 2796 5067 milliaria
2850 5031 2878 5067 a
2937 5015 3252 5076 Bethsaida.

1688 5100 1978 5167 Corozain,
2025 5101 2077 5154 in
2120 5115 2229 5170 qua
2271 5097 2541 5155 nutrietur
2579 5102 2970 5168 Anticltristus,
3003 5109 3258 5160 seductor

1687 5191 1852 5245 orbis.
1883 5190 1960 5244 De
1983 5189 2247 5244 Corozain
2277 5201 2332 5244 et
2362 5190 2651 5245 Bethsaida
2678 5193 2752 5244 ait
2775 5191 3028 5248 Christus
3052 5193 3209 5249 Iesus
3242 5215 3257 5249 :

1696 5283 1785 5336 Va:
1804 5280 2224 5346 tibi,Corozain,
2247 5299 2322 5336 va:
2346 5283 2461 5347 tibi,
2487 5283 2769 5338 Bethsaida
2788 5286 2828 5335 ‘.
2861 5286 3107 5360 Quinque
3137 5289 3260 5340 mil-

1688 5373 1843 5431 liaria
1903 5387 1934 5424 a
1983 5372 2270 5435 Corozain,
2318 5373 2513 5437 Cedar,
2573 5376 3028 5429 excellentissima
3069 5378 3261 5431 civitas

1690 5468 1798 5529 illa,
1835 5467 1900 5518 de
1943 5479 2047 5532 qua
2089 5463 2144 5516 in
2185 5463 2421 5529 Psalmo,
2458 5482 2574 5519 cum
2615 5467 2972 5520 habitantibus
3018 5467 3188 5522 Ccdar
3214 5471 3256 5524 ⁷.

1687 5559 1863 5614 Cedar
1895 5561 2305 5631 interpretatur,
2355 5560 2407 5612 in
2463 5560 2722 5613 tenebris.
2768 5559 3145 5629 Capharnaum
3175 5562 3255 5628 _in

108 5677 120 5706 '
155 5677 290 5735 Psal.
323 5697 411 5737 th
464 5678 547 5734 10.
625 5682 644 5712 ²
677 5679 780 5738 lsa.
810 5695 961 5745 ant,
991 5680 1041 5732 1.
1121 5679 1139 5710 ³
1175 5678 1294 5734 Act.
1325 5680 1469 5747 tx,4.
1547 5677 1744 5735 ‘Cant.
1770 5694 1840 5745 tv,
1868 5679 1918 5732 8.
1997 5655 2329 5752 "Matthnn,
2365 5677 2448 5730 17.
2527 5675 2750 5732 “Matth.
2782 5693 2834 5730 Il
2858 5716 2871 5739 ,
2901 5675 2990 5730 21.
3070 5674 3258 5734 ’Psal.

53 5760 164 5815 cm,
190 5752 244 5806 5.
