  <div class='ocr_page' id='page_1' title='image "/cluster/home/n/w/nwhite01/storage/ocr_20150623/133/pst.000005714490/569.png"; bbox 0 0 3956 6324; ppageno 0'>
   <div class='ocr_carea' id='block_1_1' title="bbox 614 294 735 360">
    <p class='ocr_par' dir='ltr' id='par_1_1' title="bbox 614 294 735 360">
     <span class='ocr_line' id='line_1_1' title="bbox 614 294 735 360; baseline 0.017 -2"><span class='ocrx_word' id='word_1_1' title='bbox 614 294 735 360; x_wconf 68' lang='grc'><strong>995</strong></span> 
     </span>
    </p>
   </div>
   <div class='ocr_carea' id='block_1_2' title="bbox 2071 281 3873 353">
    <p class='ocr_par' dir='ltr' id='par_1_2' title="bbox 2071 281 3873 353">
     <span class='ocr_line' id='line_1_2' title="bbox 2071 281 3873 353; baseline -0.001 -1"><span class='ocrx_word' id='word_1_2' title='bbox 2071 281 2488 353; x_wconf 81' lang='lat' dir='ltr'><strong>EUGESII&#39;PI</strong></span> <span class='ocrx_word' id='word_1_3' title='bbox 3259 311 3262 314; x_wconf 50' lang='lat'><strong><em>~</em></strong></span> <span class='ocrx_word' id='word_1_4' title='bbox 3781 286 3873 350; x_wconf 62' lang='lat'><strong>9%</strong></span> 
     </span>
    </p>
   </div>
   <div class='ocr_carea' id='block_1_3' title="bbox 625 395 3874 478">
    <p class='ocr_par' dir='ltr' id='par_1_3' title="bbox 625 395 3874 478">
     <span class='ocr_line' id='line_1_3' title="bbox 625 395 3874 478; baseline -0.003 -11"><span class='ocrx_word' id='word_1_5' title='bbox 625 414 851 467; x_wconf 83' lang='lat' dir='ltr'><strong>dextera</strong></span> <span class='ocrx_word' id='word_1_6' title='bbox 883 415 1040 478; x_wconf 86' lang='lat' dir='ltr'><strong>parte</strong></span> <span class='ocrx_word' id='word_1_7' title='bbox 1074 403 1243 463; x_wconf 87' lang='lat' dir='ltr'><strong>maris</strong></span> <span class='ocrx_word' id='word_1_8' title='bbox 1272 399 1376 460; x_wconf 86' lang='lat' dir='ltr'><strong>sita</strong></span> <span class='ocrx_word' id='word_1_9' title='bbox 1426 411 1532 470; x_wconf 85' lang='lat' dir='ltr'><strong>est,</strong></span> <span class='ocrx_word' id='word_1_10' title='bbox 1580 401 1776 460; x_wconf 84' lang='lat' dir='ltr'><strong>civitas</strong></span> <span class='ocrx_word' id='word_1_11' title='bbox 1837 399 2210 464; x_wconf 79' lang='lat' dir='ltr'><strong>Centurioni&#39;s,</strong></span> <span class='ocrx_word' id='word_1_12' title='bbox 2235 403 2288 464; x_wconf 72' lang='grc' dir='ltr'>Α</span> <span class='ocrx_word' id='word_1_13' title='bbox 2315 400 2473 456; x_wconf 89' lang='lat' dir='ltr'><strong>mini.</strong></span> <span class='ocrx_word' id='word_1_14' title='bbox 2515 397 2779 457; x_wconf 75' lang='lat' dir='ltr'><strong>Defuncto</strong></span> <span class='ocrx_word' id='word_1_15' title='bbox 2831 399 2994 472; x_wconf 86' lang='lat' dir='ltr'><strong>igitur</strong></span> <span class='ocrx_word' id='word_1_16' title='bbox 3023 395 3286 469; x_wconf 86' lang='lat' dir='ltr'><strong>Cleopha,</strong></span> <span class='ocrx_word' id='word_1_17' title='bbox 3326 396 3551 456; x_wconf 82' lang='lat' dir='ltr'><strong>Salome</strong></span> <span class='ocrx_word' id='word_1_18' title='bbox 3598 397 3756 456; x_wconf 82' lang='lat' dir='ltr'><strong>duxit</strong></span> <span class='ocrx_word' id='word_1_19' title='bbox 3785 400 3874 456; x_wconf 84' lang='lat' dir='ltr'><strong>ite-</strong></span> 
     </span>
    </p>
   </div>
   <div class='ocr_carea' id='block_1_4' title="bbox 628 481 2206 571">
    <p class='ocr_par' dir='ltr' id='par_1_4' title="bbox 628 481 2206 571">
     <span class='ocr_line' id='line_1_4' title="bbox 628 481 2206 571; baseline -0.007 -16"><span class='ocrx_word' id='word_1_20' title='bbox 628 513 790 571; x_wconf 66' lang='lat' dir='ltr'><strong>t-ujus</strong></span> <span class='ocrx_word' id='word_1_21' title='bbox 824 497 992 552; x_wconf 78' lang='lat' dir='ltr'><strong>lilium</strong></span> <span class='ocrx_word' id='word_1_22' title='bbox 1021 481 1078 549; x_wconf 76' lang='lat' dir='ltr'><strong>in</strong></span> <span class='ocrx_word' id='word_1_23' title='bbox 1107 509 1169 550; x_wconf 88' lang='lat' dir='ltr'><strong>ea</strong></span> <span class='ocrx_word' id='word_1_24' title='bbox 1199 492 1413 549; x_wconf 87' lang='lat' dir='ltr'><strong>sanavit</strong></span> <span class='ocrx_word' id='word_1_25' title='bbox 1455 491 1648 560; x_wconf 85' lang='lat' dir='ltr'><strong>Jesus;</strong></span> <span class='ocrx_word' id='word_1_26' title='bbox 1680 491 1748 549; x_wconf 90' lang='lat' dir='ltr'><strong>de</strong></span> <span class='ocrx_word' id='word_1_27' title='bbox 1779 507 1886 563; x_wconf 90' lang='lat' dir='ltr'><strong>quo</strong></span> <span class='ocrx_word' id='word_1_28' title='bbox 1919 492 1997 560; x_wconf 71' lang='lat' dir='ltr'><strong>ait</strong></span> <span class='ocrx_word' id='word_1_29' title='bbox 2029 509 2044 549; x_wconf 89' lang='lat'><strong>:</strong></span> <span class='ocrx_word' id='word_1_30' title='bbox 2080 489 2206 546; x_wconf 81' lang='lat' dir='ltr'><strong>Non</strong></span> 
     </span>
    </p>
   </div>
   <div class='ocr_carea' id='block_1_5' title="bbox 629 583 2204 656">
    <p class='ocr_par' dir='ltr' id='par_1_5' title="bbox 629 583 2204 656">
     <span class='ocr_line' id='line_1_5' title="bbox 629 583 2204 656; baseline -0.006 -11"><span class='ocrx_word' id='word_1_31' title='bbox 629 592 802 646; x_wconf 81' lang='lat' dir='ltr'><strong>inueni</strong></span> <span class='ocrx_word' id='word_1_32' title='bbox 845 598 1046 642; x_wconf 81' lang='lat' dir='ltr'><strong>tantam</strong></span> <span class='ocrx_word' id='word_1_33' title='bbox 1097 586 1254 656; x_wconf 82' lang='lat' dir='ltr'><strong>ﬁdem</strong></span> <span class='ocrx_word' id='word_1_34' title='bbox 1302 586 1358 639; x_wconf 82' lang='lat' dir='ltr'><strong>in</strong></span> <span class='ocrx_word' id='word_1_35' title='bbox 1401 583 1571 640; x_wconf 80' lang='lat' dir='ltr'><strong>Israel</strong></span> <span class='ocrx_word' id='word_1_36' title='bbox 1611 584 1658 640; x_wconf 88' lang='grc'><strong>⁸.</strong></span> <span class='ocrx_word' id='word_1_37' title='bbox 1702 583 1762 641; x_wconf 81' lang='lat' dir='ltr'><strong>in</strong></span> <span class='ocrx_word' id='word_1_38' title='bbox 1817 583 2204 654; x_wconf 74' lang='lat' dir='ltr'><strong>Capharnaum</strong></span> 
     </span>
    </p>
   </div>
   <div class='ocr_carea' id='block_1_6' title="bbox 632 675 2205 748">
    <p class='ocr_par' dir='ltr' id='par_1_6' title="bbox 632 675 2205 748">
     <span class='ocr_line' id='line_1_6' title="bbox 632 675 2205 748; baseline -0.007 -8"><span class='ocrx_word' id='word_1_39' title='bbox 632 686 801 740; x_wconf 90' lang='lat' dir='ltr'><strong>multa</strong></span> <span class='ocrx_word' id='word_1_40' title='bbox 854 683 959 736; x_wconf 85' lang='lat' dir='ltr'><strong>alia</strong></span> <span class='ocrx_word' id='word_1_41' title='bbox 1017 679 1150 736; x_wconf 79' lang='lat' dir='ltr'><strong>fecit</strong></span> <span class='ocrx_word' id='word_1_42' title='bbox 1175 677 1353 742; x_wconf 84' lang='lat' dir='ltr'><strong>Jesus,</strong></span> <span class='ocrx_word' id='word_1_43' title='bbox 1390 675 1595 732; x_wconf 88' lang='lat' dir='ltr'><strong>docens</strong></span> <span class='ocrx_word' id='word_1_44' title='bbox 1647 677 1702 731; x_wconf 90' lang='lat' dir='ltr'><strong>in</strong></span> <span class='ocrx_word' id='word_1_45' title='bbox 1744 675 2054 748; x_wconf 79' lang='lat' dir='ltr'><strong>Synagoga.</strong></span> <span class='ocrx_word' id='word_1_46' title='bbox 2098 675 2205 731; x_wconf 85' lang='lat' dir='ltr'><strong>Ca-</strong></span> 
     </span>
    </p>
   </div>
   <div class='ocr_carea' id='block_1_7' title="bbox 633 765 2209 843">
    <p class='ocr_par' dir='ltr' id='par_1_7' title="bbox 633 765 2209 843">
     <span class='ocr_line' id='line_1_7' title="bbox 633 765 2209 843; baseline -0.004 -16"><span class='ocrx_word' id='word_1_47' title='bbox 633 774 960 843; x_wconf 84' lang='lat' dir='ltr'><strong>pharnaum,</strong></span> <span class='ocrx_word' id='word_1_48' title='bbox 985 771 1109 825; x_wconf 84' lang='lat' dir='ltr'><strong>villa</strong></span> <span class='ocrx_word' id='word_1_49' title='bbox 1129 767 1490 840; x_wconf 84' lang='lat' dir='ltr'><strong>pulcherrima</strong></span> <span class='ocrx_word' id='word_1_50' title='bbox 1521 767 1934 839; x_wconf 76' lang='lat' dir='ltr'><strong>interpretatur,</strong></span> <span class='ocrx_word' id='word_1_51' title='bbox 1965 766 2053 822; x_wconf 88' lang='lat' dir='ltr'><strong>vel</strong></span> <span class='ocrx_word' id='word_1_52' title='bbox 2077 765 2209 821; x_wconf 86' lang='lat' dir='ltr'><strong>villa</strong></span> 
     </span>
    </p>
   </div>
   <div class='ocr_carea' id='block_1_8' title="bbox 629 857 2210 936">
    <p class='ocr_par' dir='ltr' id='par_1_8' title="bbox 629 857 2210 936">
     <span class='ocr_line' id='line_1_8' title="bbox 629 857 2210 936; baseline -0.003 -18"><span class='ocrx_word' id='word_1_53' title='bbox 629 862 1057 936; x_wconf 82' lang='lat' dir='ltr'><strong>pulchritudinis</strong></span> <span class='ocrx_word' id='word_1_54' title='bbox 1090 877 1107 914; x_wconf 88' lang='lat'><strong>:</strong></span> <span class='ocrx_word' id='word_1_55' title='bbox 1140 873 1262 930; x_wconf 66' lang='lat' dir='ltr'><strong>quae</strong></span> <span class='ocrx_word' id='word_1_56' title='bbox 1311 858 1470 914; x_wconf 87' lang='lat' dir='ltr'><strong>nobis</strong></span> <span class='ocrx_word' id='word_1_57' title='bbox 1494 868 1745 913; x_wconf 85' lang='lat' dir='ltr'><strong>sanctam</strong></span> <span class='ocrx_word' id='word_1_58' title='bbox 1787 857 1989 928; x_wconf 74' lang='lat' dir='ltr'><strong>figurat</strong></span> <span class='ocrx_word' id='word_1_59' title='bbox 2018 857 2210 914; x_wconf 87' lang='lat' dir='ltr'><strong>Eccle-</strong></span> 
     </span>
    </p>
   </div>
   <div class='ocr_carea' id='block_1_9' title="bbox 631 947 2208 1021">
    <p class='ocr_par' dir='ltr' id='par_1_9' title="bbox 631 947 2208 1021">
     <span class='ocr_line' id='line_1_9' title="bbox 631 947 2208 1021; baseline -0.003 -10"><span class='ocrx_word' id='word_1_60' title='bbox 631 955 795 1012; x_wconf 86' lang='lat' dir='ltr'><strong>siam.</strong></span> <span class='ocrx_word' id='word_1_61' title='bbox 827 954 908 1008; x_wconf 82' lang='lat' dir='ltr'><strong>Ad</strong></span> <span class='ocrx_word' id='word_1_62' title='bbox 937 965 1098 1021; x_wconf 89' lang='lat' dir='ltr'><strong>quam</strong></span> <span class='ocrx_word' id='word_1_63' title='bbox 1131 960 1245 1004; x_wconf 89' lang='lat' dir='ltr'><strong>tum</strong></span> <span class='ocrx_word' id='word_1_64' title='bbox 1288 951 1379 1019; x_wconf 90' lang='lat' dir='ltr'><strong>qui</strong></span> <span class='ocrx_word' id='word_1_65' title='bbox 1412 950 1479 1004; x_wconf 90' lang='lat' dir='ltr'><strong>de</strong></span> <span class='ocrx_word' id='word_1_66' title='bbox 1525 947 1734 1004; x_wconf 80' lang='lat' dir='ltr'><strong>Libano</strong></span> <span class='ocrx_word' id='word_1_67' title='bbox 1762 949 2124 1015; x_wconf 86' lang='lat' dir='ltr'><strong>descendunt,</strong></span> <span class='ocrx_word' id='word_1_68' title='bbox 2153 950 2208 1006; x_wconf 88' lang='lat' dir='ltr'><strong>id</strong></span> 
     </span>
    </p>
   </div>
   <div class='ocr_carea' id='block_1_10' title="bbox 631 1034 2209 1112">
    <p class='ocr_par' dir='ltr' id='par_1_10' title="bbox 631 1034 2209 1112">
     <span class='ocr_line' id='line_1_10' title="bbox 631 1034 2209 1112; baseline -0.004 -11"><span class='ocrx_word' id='word_1_69' title='bbox 631 1054 740 1112; x_wconf 84' lang='lat' dir='ltr'><strong>est,</strong></span> <span class='ocrx_word' id='word_1_70' title='bbox 764 1045 831 1100; x_wconf 91' lang='lat' dir='ltr'><strong>de</strong></span> <span class='ocrx_word' id='word_1_71' title='bbox 862 1049 1099 1098; x_wconf 75' lang='lat' dir='ltr'><strong>candore</strong></span> <span class='ocrx_word' id='word_1_72' title='bbox 1137 1040 1420 1105; x_wconf 88' lang='lat' dir='ltr'><strong>virtutum,</strong></span> <span class='ocrx_word' id='word_1_73' title='bbox 1446 1038 1520 1094; x_wconf 78' lang='lat' dir='ltr'><strong>ab</strong></span> <span class='ocrx_word' id='word_1_74' title='bbox 1551 1051 1615 1094; x_wconf 88' lang='lat' dir='ltr'><strong>ea</strong></span> <span class='ocrx_word' id='word_1_75' title='bbox 1646 1047 1702 1093; x_wconf 89' lang='lat' dir='ltr'><strong>et</strong></span> <span class='ocrx_word' id='word_1_76' title='bbox 1732 1034 1787 1092; x_wconf 87' lang='lat' dir='ltr'><strong>in</strong></span> <span class='ocrx_word' id='word_1_77' title='bbox 1821 1052 1884 1094; x_wconf 84' lang='lat' dir='ltr'><strong>ea</strong></span> <span class='ocrx_word' id='word_1_78' title='bbox 1914 1037 2209 1094; x_wconf 82' lang='lat' dir='ltr'><strong>lucidiores</strong></span> 
     </span>
    </p>
   </div>
   <div class='ocr_carea' id='block_1_11' title="bbox 631 1128 2210 1199">
    <p class='ocr_par' dir='ltr' id='par_1_11' title="bbox 631 1128 2210 1199">
     <span class='ocr_line' id='line_1_11' title="bbox 631 1128 2210 1199; baseline -0.005 -7"><span class='ocrx_word' id='word_1_79' title='bbox 631 1136 954 1192; x_wconf 87' lang='lat' dir='ltr'><strong>redduntur.</strong></span> <span class='ocrx_word' id='word_1_80' title='bbox 1020 1129 1269 1185; x_wconf 87' lang='lat' dir='ltr'><strong>Secundo</strong></span> <span class='ocrx_word' id='word_1_81' title='bbox 1313 1129 1569 1184; x_wconf 81' lang='lat' dir='ltr'><strong>milliaria</strong></span> <span class='ocrx_word' id='word_1_82' title='bbox 1613 1144 1642 1182; x_wconf 91' lang='lat' dir='ltr'><strong>a</strong></span> <span class='ocrx_word' id='word_1_83' title='bbox 1669 1128 2081 1199; x_wconf 83' lang='lat' dir='ltr'><strong>Capharnaum,</strong></span> <span class='ocrx_word' id='word_1_84' title='bbox 2118 1130 2210 1185; x_wconf 90' lang='lat' dir='ltr'><strong>de-</strong></span> 
     </span>
    </p>
   </div>
   <div class='ocr_carea' id='block_1_12' title="bbox 630 1219 2211 1289">
    <p class='ocr_par' dir='ltr' id='par_1_12' title="bbox 630 1219 2211 1289">
     <span class='ocr_line' id='line_1_12' title="bbox 630 1219 2211 1289; baseline -0.004 -7"><span class='ocrx_word' id='word_1_85' title='bbox 630 1219 862 1282; x_wconf 78' lang='lat' dir='ltr'><strong>scensus</strong></span> <span class='ocrx_word' id='word_1_86' title='bbox 888 1223 1034 1278; x_wconf 87' lang='lat' dir='ltr'><strong>illius</strong></span> <span class='ocrx_word' id='word_1_87' title='bbox 1073 1221 1274 1276; x_wconf 88' lang='lat' dir='ltr'><strong>montis</strong></span> <span class='ocrx_word' id='word_1_88' title='bbox 1317 1230 1422 1289; x_wconf 91' lang='lat' dir='ltr'><strong>est,</strong></span> <span class='ocrx_word' id='word_1_89' title='bbox 1468 1220 1521 1276; x_wconf 90' lang='lat' dir='ltr'><strong>in</strong></span> <span class='ocrx_word' id='word_1_90' title='bbox 1551 1234 1658 1289; x_wconf 90' lang='lat' dir='ltr'><strong>quo</strong></span> <span class='ocrx_word' id='word_1_91' title='bbox 1707 1220 2102 1276; x_wconf 80' lang='lat' dir='ltr'><strong>sermocinatus</strong></span> <span class='ocrx_word' id='word_1_92' title='bbox 2120 1229 2211 1276; x_wconf 86' lang='lat' dir='ltr'><strong>est</strong></span> 
     </span>
    </p>
   </div>
   <div class='ocr_carea' id='block_1_13' title="bbox 630 1311 2211 1382">
    <p class='ocr_par' dir='ltr' id='par_1_13' title="bbox 630 1311 2211 1382">
     <span class='ocr_line' id='line_1_13' title="bbox 630 1311 2211 1382; baseline -0.004 -10"><span class='ocrx_word' id='word_1_93' title='bbox 630 1316 700 1372; x_wconf 90' lang='lat' dir='ltr'><strong>ad</strong></span> <span class='ocrx_word' id='word_1_94' title='bbox 731 1317 937 1381; x_wconf 88' lang='lat' dir='ltr'><strong>turbas,</strong></span> <span class='ocrx_word' id='word_1_95' title='bbox 987 1322 1040 1368; x_wconf 89' lang='lat' dir='ltr'><strong>et</strong></span> <span class='ocrx_word' id='word_1_96' title='bbox 1091 1311 1648 1382; x_wconf 82' lang='lat' dir='ltr'><strong>instruxitapostolos</strong></span> <span class='ocrx_word' id='word_1_97' title='bbox 1703 1326 1868 1380; x_wconf 86' lang='lat' dir='ltr'><strong>suos;</strong></span> <span class='ocrx_word' id='word_1_98' title='bbox 1905 1312 1961 1367; x_wconf 91' lang='lat' dir='ltr'><strong>in</strong></span> <span class='ocrx_word' id='word_1_99' title='bbox 2013 1327 2123 1382; x_wconf 91' lang='lat' dir='ltr'><strong>quo</strong></span> <span class='ocrx_word' id='word_1_100' title='bbox 2153 1321 2211 1367; x_wconf 86' lang='lat' dir='ltr'><strong>et</strong></span> 
     </span>
    </p>
   </div>
   <div class='ocr_carea' id='block_1_14' title="bbox 627 1404 2206 1479">
    <p class='ocr_par' dir='ltr' id='par_1_14' title="bbox 627 1404 2206 1479">
     <span class='ocr_line' id='line_1_14' title="bbox 627 1404 2206 1479; baseline -0.003 -15"><span class='ocrx_word' id='word_1_101' title='bbox 627 1409 906 1479; x_wconf 85' lang='lat' dir='ltr'><strong>leprosum</strong></span> <span class='ocrx_word' id='word_1_102' title='bbox 935 1407 1176 1463; x_wconf 88' lang='lat' dir='ltr'><strong>curavit.</strong></span> <span class='ocrx_word' id='word_1_103' title='bbox 1209 1404 1466 1460; x_wconf 76' lang='lat' dir='ltr'><strong>Milliario</strong></span> <span class='ocrx_word' id='word_1_104' title='bbox 1507 1419 1536 1458; x_wconf 93' lang='lat' dir='ltr'><strong>a</strong></span> <span class='ocrx_word' id='word_1_105' title='bbox 1570 1404 1836 1460; x_wconf 80' lang='lat' dir='ltr'><strong>descensu</strong></span> <span class='ocrx_word' id='word_1_106' title='bbox 1869 1405 1988 1468; x_wconf 87' lang='lat' dir='ltr'><strong>illo,</strong></span> <span class='ocrx_word' id='word_1_107' title='bbox 2031 1404 2206 1470; x_wconf 89' lang='lat' dir='ltr'><strong>locus,</strong></span> 
     </span>
    </p>
   </div>
   <div class='ocr_carea' id='block_1_15' title="bbox 632 1488 2211 1569">
    <p class='ocr_par' dir='ltr' id='par_1_15' title="bbox 632 1488 2211 1569">
     <span class='ocr_line' id='line_1_15' title="bbox 632 1488 2211 1569; baseline -0.001 -17"><span class='ocrx_word' id='word_1_108' title='bbox 632 1497 690 1554; x_wconf 82' lang='lat' dir='ltr'><strong>in</strong></span> <span class='ocrx_word' id='word_1_109' title='bbox 725 1511 837 1569; x_wconf 83' lang='lat' dir='ltr'><strong>quo</strong></span> <span class='ocrx_word' id='word_1_110' title='bbox 872 1499 1020 1568; x_wconf 84' lang='lat' dir='ltr'><strong>pavit</strong></span> <span class='ocrx_word' id='word_1_111' title='bbox 1059 1495 1316 1566; x_wconf 82' lang='lat' dir='ltr'><strong>&#39;quinque</strong></span> <span class='ocrx_word' id='word_1_112' title='bbox 1337 1494 1512 1549; x_wconf 81' lang='lat' dir='ltr'><strong>millia</strong></span> <span class='ocrx_word' id='word_1_113' title='bbox 1541 1493 1822 1549; x_wconf 77' lang='lat' dir='ltr'><strong>hominum</strong></span> <span class='ocrx_word' id='word_1_114' title='bbox 1864 1508 1933 1549; x_wconf 80' lang='lat' dir='ltr'><strong>ex</strong></span> <span class='ocrx_word' id='word_1_115' title='bbox 1968 1488 2211 1564; x_wconf 78' lang='lat' dir='ltr'><strong>quinque</strong></span> 
     </span>
    </p>
   </div>
   <div class='ocr_carea' id='block_1_16' title="bbox 628 1571 2208 1657">
    <p class='ocr_par' dir='ltr' id='par_1_16' title="bbox 628 1571 2208 1657">
     <span class='ocr_line' id='line_1_16' title="bbox 628 1571 2208 1657; baseline -0.001 -15"><span class='ocrx_word' id='word_1_116' title='bbox 628 1590 862 1657; x_wconf 83' lang='lat' dir='ltr'><strong>panibus</strong></span> <span class='ocrx_word' id='word_1_117' title='bbox 888 1598 944 1643; x_wconf 90' lang='lat' dir='ltr'><strong>et</strong></span> <span class='ocrx_word' id='word_1_118' title='bbox 973 1587 1189 1643; x_wconf 87' lang='lat' dir='ltr'><strong>duobus</strong></span> <span class='ocrx_word' id='word_1_119' title='bbox 1219 1571 1485 1656; x_wconf 83' lang='lat' dir='ltr'><strong>piscibus.</strong></span> <span class='ocrx_word' id='word_1_120' title='bbox 1519 1583 1674 1640; x_wconf 83' lang='lat' dir='ltr'><strong>Unde</strong></span> <span class='ocrx_word' id='word_1_121' title='bbox 1704 1585 1858 1640; x_wconf 87' lang='lat' dir='ltr'><strong>locus</strong></span> <span class='ocrx_word' id='word_1_122' title='bbox 1888 1585 1980 1641; x_wconf 84' lang='lat' dir='ltr'><strong>ille</strong></span> <span class='ocrx_word' id='word_1_123' title='bbox 2019 1599 2208 1642; x_wconf 82' lang='lat' dir='ltr'><strong>mensa</strong></span> 
     </span>
    </p>
   </div>
   <div class='ocr_carea' id='block_1_17' title="bbox 625 1678 2209 1751">
    <p class='ocr_par' dir='ltr' id='par_1_17' title="bbox 625 1678 2209 1751">
     <span class='ocr_line' id='line_1_17' title="bbox 625 1678 2209 1751; baseline -0.002 -15"><span class='ocrx_word' id='word_1_124' title='bbox 625 1693 894 1744; x_wconf 86' lang='lat' dir='ltr'><strong>vocatur;</strong></span> <span class='ocrx_word' id='word_1_125' title='bbox 925 1682 1081 1751; x_wconf 87' lang='lat' dir='ltr'><strong>quasi</strong></span> <span class='ocrx_word' id='word_1_126' title='bbox 1121 1680 1276 1736; x_wconf 89' lang='lat' dir='ltr'><strong>locus</strong></span> <span class='ocrx_word' id='word_1_127' title='bbox 1307 1678 1647 1735; x_wconf 79' lang='lat' dir='ltr'><strong>refectionis.</strong></span> <span class='ocrx_word' id='word_1_128' title='bbox 1691 1679 1790 1734; x_wconf 88' lang='lat' dir='ltr'><strong>Cui</strong></span> <span class='ocrx_word' id='word_1_129' title='bbox 1834 1679 2209 1750; x_wconf 82' lang='lat' dir='ltr'><strong>locus&#39;subja-</strong></span> 
     </span>
    </p>
   </div>
   <div class='ocr_carea' id='block_1_18' title="bbox 2313 491 3869 565">
    <p class='ocr_par' dir='ltr' id='par_1_18' title="bbox 2313 491 3869 565">
     <span class='ocr_line' id='line_1_18' title="bbox 2313 491 3869 565; baseline -0.003 -15"><span class='ocrx_word' id='word_1_130' title='bbox 2313 511 2430 551; x_wconf 89' lang='lat' dir='ltr'><strong>rum</strong></span> <span class='ocrx_word' id='word_1_131' title='bbox 2452 496 2665 550; x_wconf 85' lang='lat' dir='ltr'><strong>Annam</strong></span> <span class='ocrx_word' id='word_1_132' title='bbox 2688 509 2942 560; x_wconf 74' lang='lat' dir='ltr'><strong>uxorem;</strong></span> <span class='ocrx_word' id='word_1_133' title='bbox 2966 494 3034 549; x_wconf 89' lang='lat' dir='ltr'><strong>de</strong></span> <span class='ocrx_word' id='word_1_134' title='bbox 3050 509 3156 564; x_wconf 87' lang='lat' dir='ltr'><strong>qua</strong></span> <span class='ocrx_word' id='word_1_135' title='bbox 3179 493 3366 565; x_wconf 83' lang='lat' dir='ltr'><strong>genuit</strong></span> <span class='ocrx_word' id='word_1_136' title='bbox 3394 491 3611 548; x_wconf 77' lang='lat' dir='ltr'><strong>tertiam</strong></span> <span class='ocrx_word' id='word_1_137' title='bbox 3634 491 3869 548; x_wconf 79' lang='lat' dir='ltr'><strong>Ilariam.</strong></span> 
     </span>
    </p>
   </div>
   <div class='ocr_carea' id='block_1_19' title="bbox 2311 582 3872 651">
    <p class='ocr_par' dir='ltr' id='par_1_19' title="bbox 2311 582 3872 651">
     <span class='ocr_line' id='line_1_19' title="bbox 2311 582 3872 651; baseline -0.003 -10"><span class='ocrx_word' id='word_1_138' title='bbox 2311 585 2608 642; x_wconf 64' lang='lat' dir='ltr'><strong>Zebedaeus</strong></span> <span class='ocrx_word' id='word_1_139' title='bbox 2630 585 2786 641; x_wconf 78' lang='lat' dir='ltr'><strong>duxit</strong></span> <span class='ocrx_word' id='word_1_140' title='bbox 2813 599 2934 640; x_wconf 88' lang='lat' dir='ltr'><strong>eam</strong></span> <span class='ocrx_word' id='word_1_141' title='bbox 2966 598 3213 651; x_wconf 73' lang='lat' dir='ltr'><strong>uxorem,</strong></span> <span class='ocrx_word' id='word_1_142' title='bbox 3244 582 3497 639; x_wconf 87' lang='lat' dir='ltr'><strong>videlicet</strong></span> <span class='ocrx_word' id='word_1_143' title='bbox 3528 582 3743 639; x_wconf 84' lang='lat' dir='ltr'><strong>tertiam</strong></span> <span class='ocrx_word' id='word_1_144' title='bbox 3769 583 3872 638; x_wconf 77' lang='lat' dir='ltr'><strong>Ila-</strong></span> 
     </span>
    </p>
   </div>
   <div class='ocr_carea' id='block_1_20' title="bbox 2311 673 3871 756">
    <p class='ocr_par' dir='ltr' id='par_1_20' title="bbox 2311 673 3871 756">
     <span class='ocr_line' id='line_1_20' title="bbox 2311 673 3871 756; baseline -0.003 -24"><span class='ocrx_word' id='word_1_145' title='bbox 2311 678 2480 756; x_wconf 86' lang='lat' dir='ltr'><strong>riam;</strong></span> <span class='ocrx_word' id='word_1_146' title='bbox 2512 691 2632 746; x_wconf 66' lang='lat' dir='ltr'><strong>qua:</strong></span> <span class='ocrx_word' id='word_1_147' title='bbox 2664 678 2855 748; x_wconf 90' lang='lat' dir='ltr'><strong>genuit</strong></span> <span class='ocrx_word' id='word_1_148' title='bbox 2881 677 2930 731; x_wconf 90' lang='lat' dir='ltr'><strong>ei</strong></span> <span class='ocrx_word' id='word_1_149' title='bbox 2973 677 3109 732; x_wconf 84' lang='lat' dir='ltr'><strong>duos</strong></span> <span class='ocrx_word' id='word_1_150' title='bbox 3153 689 3380 744; x_wconf 83' lang='lat' dir='ltr'><strong>magnos</strong></span> <span class='ocrx_word' id='word_1_151' title='bbox 3414 676 3585 740; x_wconf 86' lang='lat' dir='ltr'><strong>viros,</strong></span> <span class='ocrx_word' id='word_1_152' title='bbox 3621 673 3871 731; x_wconf 78' lang='lat' dir='ltr'><strong>Jacobum</strong></span> 
     </span>
    </p>
   </div>
   <div class='ocr_carea' id='block_1_21' title="bbox 2312 755 3872 840">
    <p class='ocr_par' dir='ltr' id='par_1_21' title="bbox 2312 755 3872 840">
     <span class='ocr_line' id='line_1_21' title="bbox 2312 755 3872 840; baseline -0.003 -13"><span class='ocrx_word' id='word_1_153' title='bbox 2312 769 2578 827; x_wconf 66' lang='lat' dir='ltr'><strong>Minorem</strong></span> <span class='ocrx_word' id='word_1_154' title='bbox 2604 779 2660 827; x_wconf 89' lang='lat' dir='ltr'><strong>et</strong></span> <span class='ocrx_word' id='word_1_155' title='bbox 2695 769 2956 835; x_wconf 76' lang='lat' dir='ltr'><strong>Joannem</strong></span> <span class='ocrx_word' id='word_1_156' title='bbox 2988 755 3412 840; x_wconf 76' lang='lat' dir='ltr'><strong>Evangeiistam.</strong></span> <span class='ocrx_word' id='word_1_157' title='bbox 3451 767 3525 833; x_wconf 75' lang='lat' dir='ltr'><strong>Et</strong></span> <span class='ocrx_word' id='word_1_158' title='bbox 3559 768 3650 824; x_wconf 85' lang='lat' dir='ltr'><strong>isti</strong></span> <span class='ocrx_word' id='word_1_159' title='bbox 3681 768 3872 823; x_wconf 82' lang='lat' dir='ltr'><strong>nihilo-</strong></span> 
     </span>
    </p>
   </div>
   <div class='ocr_carea' id='block_1_22' title="bbox 2310 856 3869 931">
    <p class='ocr_par' dir='ltr' id='par_1_22' title="bbox 2310 856 3869 931">
     <span class='ocr_line' id='line_1_22' title="bbox 2310 856 3869 931; baseline -0.003 -15"><span class='ocrx_word' id='word_1_160' title='bbox 2310 862 2492 918; x_wconf 84' lang='lat' dir='ltr'><strong>minus</strong></span> <span class='ocrx_word' id='word_1_161' title='bbox 2537 859 2760 931; x_wconf 88' lang='lat' dir='ltr'><strong>cognati</strong></span> <span class='ocrx_word' id='word_1_162' title='bbox 2795 858 3009 916; x_wconf 81' lang='lat' dir='ltr'><strong>Domini</strong></span> <span class='ocrx_word' id='word_1_163' title='bbox 3061 858 3310 916; x_wconf 71' lang='lat' dir='ltr'><strong>fueram.</strong></span> <span class='ocrx_word' id='word_1_164' title='bbox 3367 856 3606 918; x_wconf 76' lang='lat' dir='ltr'><strong>Primam</strong></span> <span class='ocrx_word' id='word_1_165' title='bbox 3655 857 3869 918; x_wconf 74' lang='lat' dir='ltr'><strong>larisa</strong></span> 
     </span>
    </p>
   </div>
   <div class='ocr_carea' id='block_1_23' title="bbox 2311 951 3870 1026">
    <p class='ocr_par' dir='ltr' id='par_1_23' title="bbox 2311 951 3870 1026">
     <span class='ocr_line' id='line_1_23' title="bbox 2311 951 3870 1026; baseline -0.002 -15"><span class='ocrx_word' id='word_1_166' title='bbox 2311 953 2468 1011; x_wconf 78' lang='lat' dir='ltr'><strong>duxit</strong></span> <span class='ocrx_word' id='word_1_167' title='bbox 2524 955 2580 1012; x_wconf 89' lang='lat' dir='ltr'><strong>in</strong></span> <span class='ocrx_word' id='word_1_168' title='bbox 2625 969 2852 1012; x_wconf 66' lang='lat' dir='ltr'><strong>uxorem</strong></span> <span class='ocrx_word' id='word_1_169' title='bbox 2898 954 3124 1026; x_wconf 68' lang='lat' dir='ltr'><strong>Ioseph,</strong></span> <span class='ocrx_word' id='word_1_170' title='bbox 3166 954 3260 1026; x_wconf 90' lang='lat' dir='ltr'><strong>qui</strong></span> <span class='ocrx_word' id='word_1_171' title='bbox 3319 952 3623 1010; x_wconf 68' lang='lat' dir='ltr'><strong>vocabatur</strong></span> <span class='ocrx_word' id='word_1_172' title='bbox 3673 951 3870 1015; x_wconf 79' lang='lat' dir='ltr'><strong>Justus,</strong></span> 
     </span>
    </p>
   </div>
   <div class='ocr_carea' id='block_1_24' title="bbox 2309 1045 3870 1119">
    <p class='ocr_par' dir='ltr' id='par_1_24' title="bbox 2309 1045 3870 1119">
     <span class='ocr_line' id='line_1_24' title="bbox 2309 1045 3870 1119; baseline -0.003 -14"><span class='ocrx_word' id='word_1_173' title='bbox 2309 1051 2602 1105; x_wconf 84' lang='lat' dir='ltr'><strong>secundam</strong></span> <span class='ocrx_word' id='word_1_174' title='bbox 2631 1047 2857 1105; x_wconf 71' lang='lat' dir='ltr'><strong>Mariam</strong></span> <span class='ocrx_word' id='word_1_175' title='bbox 2879 1049 3034 1105; x_wconf 74' lang='lat' dir='ltr'><strong>duxit</strong></span> <span class='ocrx_word' id='word_1_176' title='bbox 3056 1047 3329 1119; x_wconf 61' lang='lat' dir='ltr'><strong>Alpinos.</strong></span> <span class='ocrx_word' id='word_1_177' title='bbox 3356 1046 3612 1111; x_wconf 72' lang='lat' dir='ltr'><strong>Secundo</strong></span> <span class='ocrx_word' id='word_1_178' title='bbox 3631 1045 3870 1102; x_wconf 82' lang='lat' dir='ltr'><strong>milliaria</strong></span> 
     </span>
    </p>
   </div>
   <div class='ocr_carea' id='block_1_25' title="bbox 2311 1135 3871 1208">
    <p class='ocr_par' dir='ltr' id='par_1_25' title="bbox 2311 1135 3871 1208">
     <span class='ocr_line' id='line_1_25' title="bbox 2311 1135 3871 1208; baseline -0.004 -14"><span class='ocrx_word' id='word_1_179' title='bbox 2311 1153 2340 1194; x_wconf 88' lang='lat' dir='ltr'><strong>a</strong></span> <span class='ocrx_word' id='word_1_180' title='bbox 2374 1137 2632 1208; x_wconf 80' lang='lat' dir='ltr'><strong>Sephori,</strong></span> <span class='ocrx_word' id='word_1_181' title='bbox 2675 1137 2822 1197; x_wconf 87' lang='lat' dir='ltr'><strong>Caua</strong></span> <span class='ocrx_word' id='word_1_182' title='bbox 2862 1136 3126 1202; x_wconf 63' lang='lat' dir='ltr'><strong>Galilaeam</strong></span> <span class='ocrx_word' id='word_1_183' title='bbox 3155 1137 3348 1195; x_wconf 60' lang='lat' dir='ltr'><strong>contra</strong></span> <span class='ocrx_word' id='word_1_184' title='bbox 3373 1135 3686 1203; x_wconf 76' lang='lat' dir='ltr'><strong>Orientem;</strong></span> <span class='ocrx_word' id='word_1_185' title='bbox 3716 1149 3751 1198; x_wconf 84' lang='lat' dir='ltr'><strong>a</strong></span> <span class='ocrx_word' id='word_1_186' title='bbox 3779 1149 3871 1204; x_wconf 81' lang='lat' dir='ltr'><strong>qua</strong></span> 
     </span>
    </p>
   </div>
   <div class='ocr_carea' id='block_1_26' title="bbox 2311 1215 3869 1302">
    <p class='ocr_par' dir='ltr' id='par_1_26' title="bbox 2311 1215 3869 1302">
     <span class='ocr_line' id='line_1_26' title="bbox 2311 1215 3869 1302; baseline -0.003 -16"><span class='ocrx_word' id='word_1_187' title='bbox 2311 1230 2593 1301; x_wconf 81' lang='lat' dir='ltr'><strong>Philippus</strong></span> <span class='ocrx_word' id='word_1_188' title='bbox 2625 1240 2683 1286; x_wconf 91' lang='lat' dir='ltr'><strong>et</strong></span> <span class='ocrx_word' id='word_1_189' title='bbox 2716 1215 3037 1287; x_wconf 72' lang='lat' dir='ltr'><strong>Nathanael.</strong></span> <span class='ocrx_word' id='word_1_190' title='bbox 3076 1231 3134 1285; x_wconf 88' lang='lat' dir='ltr'><strong>in</strong></span> <span class='ocrx_word' id='word_1_191' title='bbox 3161 1246 3268 1302; x_wconf 83' lang='lat' dir='ltr'><strong>qua</strong></span> <span class='ocrx_word' id='word_1_192' title='bbox 3301 1239 3360 1285; x_wconf 79' lang='lat' dir='ltr'><strong>et</strong></span> <span class='ocrx_word' id='word_1_193' title='bbox 3387 1244 3523 1300; x_wconf 84' lang='lat' dir='ltr'><strong>puer</strong></span> <span class='ocrx_word' id='word_1_194' title='bbox 3547 1228 3726 1294; x_wconf 82' lang='lat' dir='ltr'><strong>Jesus,</strong></span> <span class='ocrx_word' id='word_1_195' title='bbox 3759 1243 3869 1287; x_wconf 77' lang='lat' dir='ltr'><strong>eum</strong></span> 
     </span>
    </p>
   </div>
   <div class='ocr_carea' id='block_1_27' title="bbox 2312 1321 3874 1395">
    <p class='ocr_par' dir='ltr' id='par_1_27' title="bbox 2312 1321 3874 1395">
     <span class='ocr_line' id='line_1_27' title="bbox 2312 1321 3874 1395; baseline -0.002 -17"><span class='ocrx_word' id='word_1_196' title='bbox 2312 1331 2488 1381; x_wconf 79' lang='lat' dir='ltr'><strong>matre</strong></span> <span class='ocrx_word' id='word_1_197' title='bbox 2532 1323 2884 1395; x_wconf 79' lang='lat' dir='ltr'><strong>discumbens</strong></span> <span class='ocrx_word' id='word_1_198' title='bbox 2934 1324 2988 1379; x_wconf 79' lang='lat' dir='ltr'><strong>in</strong></span> <span class='ocrx_word' id='word_1_199' title='bbox 3021 1325 3249 1393; x_wconf 79' lang='lat' dir='ltr'><strong>nuptiis,</strong></span> <span class='ocrx_word' id='word_1_200' title='bbox 3291 1337 3486 1394; x_wconf 81' lang='lat' dir='ltr'><strong>aquam</strong></span> <span class='ocrx_word' id='word_1_201' title='bbox 3531 1324 3798 1377; x_wconf 75' lang='lat' dir='ltr'><strong>convertit</strong></span> <span class='ocrx_word' id='word_1_202' title='bbox 3828 1321 3874 1375; x_wconf 81' lang='lat' dir='ltr'><strong>in</strong></span> 
     </span>
    </p>
   </div>
   <div class='ocr_carea' id='block_1_28' title="bbox 2310 1413 3876 1488">
    <p class='ocr_par' dir='ltr' id='par_1_28' title="bbox 2310 1413 3876 1488">
     <span class='ocr_line' id='line_1_28' title="bbox 2310 1413 3876 1488; baseline -0.003 -18"><span class='ocrx_word' id='word_1_203' title='bbox 2310 1414 2518 1471; x_wconf 84' lang='lat' dir='ltr'><strong>vinum.</strong></span> <span class='ocrx_word' id='word_1_204' title='bbox 2549 1415 2629 1471; x_wconf 75' lang='lat' dir='ltr'><strong>in</strong></span> <span class='ocrx_word' id='word_1_205' title='bbox 2672 1414 2945 1472; x_wconf 78' lang='lat' dir='ltr'><strong>Nazareth</strong></span> <span class='ocrx_word' id='word_1_206' title='bbox 2980 1414 3180 1472; x_wconf 76' lang='lat' dir='ltr'><strong>labitur</strong></span> <span class='ocrx_word' id='word_1_207' title='bbox 3232 1413 3356 1471; x_wconf 77' lang='lat' dir='ltr'><strong>fons</strong></span> <span class='ocrx_word' id='word_1_208' title='bbox 3380 1414 3646 1488; x_wconf 67' lang='lat' dir='ltr'><strong>exiguus;</strong></span> <span class='ocrx_word' id='word_1_209' title='bbox 3690 1415 3747 1468; x_wconf 88' lang='lat' dir='ltr'><strong>in</strong></span> <span class='ocrx_word' id='word_1_210' title='bbox 3778 1427 3876 1483; x_wconf 82' lang='lat' dir='ltr'><strong>quo</strong></span> 
     </span>
    </p>
   </div>
   <div class='ocr_carea' id='block_1_29' title="bbox 2312 1501 3875 1574">
    <p class='ocr_par' dir='ltr' id='par_1_29' title="bbox 2312 1501 3875 1574">
     <span class='ocr_line' id='line_1_29' title="bbox 2312 1501 3875 1574; baseline -0.002 -16"><span class='ocrx_word' id='word_1_211' title='bbox 2312 1503 2366 1558; x_wconf 93' lang='lat' dir='ltr'><strong>in</strong></span> <span class='ocrx_word' id='word_1_212' title='bbox 2416 1503 2653 1574; x_wconf 78' lang='lat' dir='ltr'><strong>pueritia</strong></span> <span class='ocrx_word' id='word_1_213' title='bbox 2710 1517 2819 1560; x_wconf 79' lang='lat' dir='ltr'><strong>sua</strong></span> <span class='ocrx_word' id='word_1_214' title='bbox 2869 1503 3116 1562; x_wconf 76' lang='lat' dir='ltr'><strong>habitare</strong></span> <span class='ocrx_word' id='word_1_215' title='bbox 3166 1503 3403 1570; x_wconf 85' lang='lat' dir='ltr'><strong>solebat,</strong></span> <span class='ocrx_word' id='word_1_216' title='bbox 3432 1512 3512 1558; x_wconf 89' lang='lat' dir='ltr'><strong>-et</strong></span> <span class='ocrx_word' id='word_1_217' title='bbox 3545 1501 3673 1557; x_wconf 88' lang='lat' dir='ltr'><strong>inde</strong></span> <span class='ocrx_word' id='word_1_218' title='bbox 3725 1503 3875 1556; x_wconf 83' lang='lat' dir='ltr'><strong>mini-</strong></span> 
     </span>
    </p>
   </div>
   <div class='ocr_carea' id='block_1_30' title="bbox 2311 1589 3872 1655">
    <p class='ocr_par' dir='ltr' id='par_1_30' title="bbox 2311 1589 3872 1655">
     <span class='ocr_line' id='line_1_30' title="bbox 2311 1589 3872 1655; baseline -0.001 -11"><span class='ocrx_word' id='word_1_219' title='bbox 2311 1596 2489 1646; x_wconf 87' lang='lat' dir='ltr'><strong>strare</strong></span> <span class='ocrx_word' id='word_1_220' title='bbox 2518 1591 2679 1645; x_wconf 85' lang='lat' dir='ltr'><strong>matri</strong></span> <span class='ocrx_word' id='word_1_221' title='bbox 2713 1603 2829 1648; x_wconf 65' lang='lat' dir='ltr'><strong>sum</strong></span> <span class='ocrx_word' id='word_1_222' title='bbox 2852 1599 2908 1648; x_wconf 87' lang='lat' dir='ltr'><strong>et</strong></span> <span class='ocrx_word' id='word_1_223' title='bbox 2935 1590 3062 1647; x_wconf 85' lang='lat' dir='ltr'><strong>sibi.</strong></span> <span class='ocrx_word' id='word_1_224' title='bbox 3090 1589 3346 1651; x_wconf 74' lang='lat' dir='ltr'><strong>Iiliiario</strong></span> <span class='ocrx_word' id='word_1_225' title='bbox 3369 1606 3402 1646; x_wconf 92' lang='lat' dir='ltr'><strong>a</strong></span> <span class='ocrx_word' id='word_1_226' title='bbox 3430 1589 3728 1655; x_wconf 76' lang='lat' dir='ltr'><strong>Nasareth,</strong></span> <span class='ocrx_word' id='word_1_227' title='bbox 3753 1606 3872 1646; x_wconf 84' lang='lat' dir='ltr'><strong>eon-</strong></span> 
     </span>
    </p>
   </div>
   <div class='ocr_carea' id='block_1_31' title="bbox 2311 1676 3874 1754">
    <p class='ocr_par' dir='ltr' id='par_1_31' title="bbox 2311 1676 3874 1754">
     <span class='ocr_line' id='line_1_31' title="bbox 2311 1676 3874 1754; baseline 0.003 -20"><span class='ocrx_word' id='word_1_228' title='bbox 2311 1687 2396 1736; x_wconf 87' lang='lat' dir='ltr'><strong>tra</strong></span> <span class='ocrx_word' id='word_1_229' title='bbox 2441 1683 2748 1747; x_wconf 85' lang='lat' dir='ltr'><strong>meridiem,</strong></span> <span class='ocrx_word' id='word_1_230' title='bbox 2795 1698 2974 1751; x_wconf 86' lang='lat' dir='ltr'><strong>mons,</strong></span> <span class='ocrx_word' id='word_1_231' title='bbox 3008 1682 3101 1754; x_wconf 89' lang='lat' dir='ltr'><strong>qui</strong></span> <span class='ocrx_word' id='word_1_232' title='bbox 3148 1683 3526 1753; x_wconf 66' lang='lat' dir='ltr'><strong>Pracipitatus</strong></span> <span class='ocrx_word' id='word_1_233' title='bbox 3559 1676 3788 1750; x_wconf 84' lang='lat' dir='ltr'><strong>dicitur;</strong></span> <span class='ocrx_word' id='word_1_234' title='bbox 3817 1698 3874 1738; x_wconf 79' lang='lat' dir='ltr'><strong>ex</strong></span> 
     </span>
    </p>
   </div>
   <div class='ocr_carea' id='block_1_32' title="bbox 627 1758 3878 1852">
    <p class='ocr_par' dir='ltr' id='par_1_32' title="bbox 627 1758 3878 1852">
     <span class='ocr_line' id='line_1_32' title="bbox 627 1758 3878 1852; baseline -0 -23"><span class='ocrx_word' id='word_1_235' title='bbox 627 1784 719 1829; x_wconf 90' lang='lat' dir='ltr'><strong>cet</strong></span> <span class='ocrx_word' id='word_1_236' title='bbox 749 1774 862 1838; x_wconf 89' lang='lat' dir='ltr'><strong>ille,</strong></span> <span class='ocrx_word' id='word_1_237' title='bbox 893 1775 946 1828; x_wconf 86' lang='lat' dir='ltr'><strong>in</strong></span> <span class='ocrx_word' id='word_1_238' title='bbox 988 1788 1098 1844; x_wconf 90' lang='lat' dir='ltr'><strong>quo</strong></span> <span class='ocrx_word' id='word_1_239' title='bbox 1126 1772 1380 1828; x_wconf 87' lang='lat' dir='ltr'><strong>Christus</strong></span> <span class='ocrx_word' id='word_1_240' title='bbox 1403 1779 1530 1841; x_wconf 88' lang='lat' dir='ltr'><strong>post</strong></span> <span class='ocrx_word' id='word_1_241' title='bbox 1559 1764 2017 1826; x_wconf 74' lang='lat' dir='ltr'><strong>resurrectionem</strong></span> <span class='ocrx_word' id='word_1_242' title='bbox 2049 1785 2205 1827; x_wconf 87' lang='lat' dir='ltr'><strong>suam</strong></span> <span class='ocrx_word' id='word_1_243' title='bbox 2237 1758 2281 1815; x_wconf 79' lang='grc' dir='ltr'><strong>Β</strong></span> <span class='ocrx_word' id='word_1_244' title='bbox 2309 1785 2418 1841; x_wconf 90' lang='lat' dir='ltr'><strong>quo</strong></span> <span class='ocrx_word' id='word_1_245' title='bbox 2447 1771 2704 1852; x_wconf 69' lang='lat' dir='ltr'><strong>iuvenem</strong></span> <span class='ocrx_word' id='word_1_246' title='bbox 2738 1770 2924 1830; x_wconf 78' lang='lat' dir='ltr'><strong>Jesum</strong></span> <span class='ocrx_word' id='word_1_247' title='bbox 2970 1774 3314 1844; x_wconf 75' lang='lat' dir='ltr'><strong>puecipitare</strong></span> <span class='ocrx_word' id='word_1_248' title='bbox 3365 1775 3674 1841; x_wconf 84' lang='lat' dir='ltr'><strong>voluerunt,</strong></span> <span class='ocrx_word' id='word_1_249' title='bbox 3721 1790 3878 1829; x_wconf 73' lang='lat' dir='ltr'><strong>aemu-</strong></span> 
     </span>
    </p>
   </div>
   <div class='ocr_carea' id='block_1_33' title="bbox 629 1862 2203 1934">
    <p class='ocr_par' dir='ltr' id='par_1_33' title="bbox 629 1862 2203 1934">
     <span class='ocr_line' id='line_1_33' title="bbox 629 1862 2203 1934; baseline 0 -16"><span class='ocrx_word' id='word_1_250' title='bbox 629 1865 906 1932; x_wconf 88' lang='lat' dir='ltr'><strong>discipulis</strong></span> <span class='ocrx_word' id='word_1_251' title='bbox 952 1864 1225 1934; x_wconf 87' lang='lat' dir='ltr'><strong>apparuit,</strong></span> <span class='ocrx_word' id='word_1_252' title='bbox 1258 1863 1552 1918; x_wconf 88' lang='lat' dir='ltr'><strong>comedens</strong></span> <span class='ocrx_word' id='word_1_253' title='bbox 1584 1877 1706 1917; x_wconf 87' lang='lat' dir='ltr'><strong>cum</strong></span> <span class='ocrx_word' id='word_1_254' title='bbox 1737 1862 1822 1917; x_wconf 78' lang='lat' dir='ltr'><strong>eis</strong></span> <span class='ocrx_word' id='word_1_255' title='bbox 1847 1872 2061 1932; x_wconf 89' lang='lat' dir='ltr'><strong>partem</strong></span> <span class='ocrx_word' id='word_1_256' title='bbox 2088 1864 2203 1932; x_wconf 88' lang='lat' dir='ltr'><strong>pis-</strong></span> 
     </span>
    </p>
   </div>
   <div class='ocr_carea' id='block_1_34' title="bbox 627 1951 2206 2023">
    <p class='ocr_par' dir='ltr' id='par_1_34' title="bbox 627 1951 2206 2023">
     <span class='ocr_line' id='line_1_34' title="bbox 627 1951 2206 2023; baseline 0.001 -15"><span class='ocrx_word' id='word_1_257' title='bbox 627 1953 841 2008; x_wconf 84' lang='lat' dir='ltr'><strong>cisassi</strong></span> <span class='ocrx_word' id='word_1_258' title='bbox 867 1968 1032 2023; x_wconf 80' lang='lat' dir='ltr'><strong>supra</strong></span> <span class='ocrx_word' id='word_1_259' title='bbox 1058 1967 1246 2019; x_wconf 90' lang='lat' dir='ltr'><strong>mare;</strong></span> <span class='ocrx_word' id='word_1_260' title='bbox 1283 1953 1338 2007; x_wconf 90' lang='lat' dir='ltr'><strong>in</strong></span> <span class='ocrx_word' id='word_1_261' title='bbox 1377 1965 1485 2022; x_wconf 93' lang='lat' dir='ltr'><strong>quo</strong></span> <span class='ocrx_word' id='word_1_262' title='bbox 1511 1962 1567 2007; x_wconf 92' lang='lat' dir='ltr'><strong>et</strong></span> <span class='ocrx_word' id='word_1_263' title='bbox 1591 1951 1852 2008; x_wconf 84' lang='lat' dir='ltr'><strong>Dominus</strong></span> <span class='ocrx_word' id='word_1_264' title='bbox 1885 1954 2034 2023; x_wconf 81' lang='lat' dir='ltr'><strong>sicco</strong></span> <span class='ocrx_word' id='word_1_265' title='bbox 2067 1954 2206 2023; x_wconf 90' lang='lat' dir='ltr'><strong>pede</strong></span> 
     </span>
    </p>
   </div>
   <div class='ocr_carea' id='block_1_35' title="bbox 629 2042 2206 2114">
    <p class='ocr_par' dir='ltr' id='par_1_35' title="bbox 629 2042 2206 2114">
     <span class='ocr_line' id='line_1_35' title="bbox 629 2042 2206 2114; baseline 0.003 -18"><span class='ocrx_word' id='word_1_266' title='bbox 629 2044 949 2105; x_wconf 79' lang='lat' dir='ltr'><strong>ambulavit,</strong></span> <span class='ocrx_word' id='word_1_267' title='bbox 977 2059 1099 2111; x_wconf 87' lang='lat' dir='ltr'><strong>cum</strong></span> <span class='ocrx_word' id='word_1_268' title='bbox 1126 2045 1272 2099; x_wconf 89' lang='lat' dir='ltr'><strong>circa</strong></span> <span class='ocrx_word' id='word_1_269' title='bbox 1304 2053 1551 2114; x_wconf 86' lang='lat' dir='ltr'><strong>quartam</strong></span> <span class='ocrx_word' id='word_1_270' title='bbox 1580 2043 1754 2099; x_wconf 87' lang='lat' dir='ltr'><strong>noctis</strong></span> <span class='ocrx_word' id='word_1_271' title='bbox 1774 2042 2015 2114; x_wconf 73' lang='lat' dir='ltr'><strong>vigiliam</strong></span> <span class='ocrx_word' id='word_1_272' title='bbox 2043 2044 2206 2101; x_wconf 88' lang='lat' dir='ltr'><strong>Petro</strong></span> 
     </span>
    </p>
   </div>
   <div class='ocr_carea' id='block_1_36' title="bbox 627 2135 2207 2206">
    <p class='ocr_par' dir='ltr' id='par_1_36' title="bbox 627 2135 2207 2206">
     <span class='ocr_line' id='line_1_36' title="bbox 627 2135 2207 2206; baseline 0.003 -18"><span class='ocrx_word' id='word_1_273' title='bbox 627 2145 684 2188; x_wconf 91' lang='lat' dir='ltr'><strong>et</strong></span> <span class='ocrx_word' id='word_1_274' title='bbox 713 2137 942 2190; x_wconf 65' lang='lat' dir='ltr'><strong>Andreas</strong></span> <span class='ocrx_word' id='word_1_275' title='bbox 967 2137 1305 2206; x_wconf 86' lang='lat' dir='ltr'><strong>piscantibus</strong></span> <span class='ocrx_word' id='word_1_276' title='bbox 1341 2136 1644 2206; x_wconf 81' lang='lat' dir='ltr'><strong>.apparuit;</strong></span> <span class='ocrx_word' id='word_1_277' title='bbox 1679 2135 1769 2190; x_wconf 91' lang='lat' dir='ltr'><strong>ubi</strong></span> <span class='ocrx_word' id='word_1_278' title='bbox 1800 2145 1859 2191; x_wconf 90' lang='lat' dir='ltr'><strong>et</strong></span> <span class='ocrx_word' id='word_1_279' title='bbox 1894 2135 2081 2202; x_wconf 87' lang='lat' dir='ltr'><strong>Petro,</strong></span> <span class='ocrx_word' id='word_1_280' title='bbox 2110 2146 2207 2193; x_wconf 84' lang='lat' dir='ltr'><strong>su-</strong></span> 
     </span>
    </p>
   </div>
   <div class='ocr_carea' id='block_1_37' title="bbox 625 2223 2208 2300">
    <p class='ocr_par' dir='ltr' id='par_1_37' title="bbox 625 2223 2208 2300">
     <span class='ocr_line' id='line_1_37' title="bbox 625 2223 2208 2300; baseline 0.004 -23"><span class='ocrx_word' id='word_1_281' title='bbox 625 2238 722 2293; x_wconf 89' lang='lat' dir='ltr'><strong>pra</strong></span> <span class='ocrx_word' id='word_1_282' title='bbox 752 2226 819 2280; x_wconf 90' lang='lat' dir='ltr'><strong>ad</strong></span> <span class='ocrx_word' id='word_1_283' title='bbox 861 2240 982 2278; x_wconf 88' lang='lat' dir='ltr'><strong>cum</strong></span> <span class='ocrx_word' id='word_1_284' title='bbox 1025 2227 1104 2280; x_wconf 91' lang='lat' dir='ltr'><strong>ire</strong></span> <span class='ocrx_word' id='word_1_285' title='bbox 1147 2223 1374 2292; x_wconf 89' lang='lat' dir='ltr'><strong>volenti,</strong></span> <span class='ocrx_word' id='word_1_286' title='bbox 1403 2235 1461 2300; x_wconf 87' lang='lat' dir='ltr'><strong>et</strong></span> <span class='ocrx_word' id='word_1_287' title='bbox 1491 2239 1694 2292; x_wconf 80' lang='lat' dir='ltr'><strong>merso,</strong></span> <span class='ocrx_word' id='word_1_288' title='bbox 1728 2227 1805 2282; x_wconf 92' lang='lat' dir='ltr'><strong>ait</strong></span> <span class='ocrx_word' id='word_1_289' title='bbox 1847 2225 2007 2283; x_wconf 88' lang='lat' dir='ltr'><strong>Jesus</strong></span> <span class='ocrx_word' id='word_1_290' title='bbox 2041 2244 2054 2282; x_wconf 92' lang='lat'><strong>:</strong></span> <span class='ocrx_word' id='word_1_291' title='bbox 2088 2227 2208 2284; x_wconf 72' lang='lat' dir='ltr'><strong>Mo-</strong></span> 
     </span>
    </p>
   </div>
   <div class='ocr_carea' id='block_1_38' title="bbox 625 2315 2206 2388">
    <p class='ocr_par' dir='ltr' id='par_1_38' title="bbox 625 2315 2206 2388">
     <span class='ocr_line' id='line_1_38' title="bbox 625 2315 2206 2388; baseline 0.006 -21"><span class='ocrx_word' id='word_1_292' title='bbox 625 2317 761 2369; x_wconf 73' lang='lat' dir='ltr'><strong>dicre</strong></span> <span class='ocrx_word' id='word_1_293' title='bbox 788 2315 914 2382; x_wconf 77' lang='lat' dir='ltr'><strong>ﬁdei</strong></span> <span class='ocrx_word' id='word_1_294' title='bbox 939 2315 984 2369; x_wconf 82' lang='lat'><strong>&#39;.</strong></span> <span class='ocrx_word' id='word_1_295' title='bbox 1011 2315 1116 2372; x_wconf 88' lang='lat' dir='ltr'><strong>Ubi</strong></span> <span class='ocrx_word' id='word_1_296' title='bbox 1150 2317 1317 2370; x_wconf 83' lang='lat' dir='ltr'><strong>etiam</strong></span> <span class='ocrx_word' id='word_1_297' title='bbox 1367 2316 1472 2372; x_wconf 89' lang='lat' dir='ltr'><strong>alia</strong></span> <span class='ocrx_word' id='word_1_298' title='bbox 1505 2317 1626 2372; x_wconf 90' lang='lat' dir='ltr'><strong>vice</strong></span> <span class='ocrx_word' id='word_1_299' title='bbox 1657 2317 1945 2388; x_wconf 80' lang='lat' dir='ltr'><strong>discipulis</strong></span> <span class='ocrx_word' id='word_1_300' title='bbox 1976 2319 2118 2385; x_wconf 85' lang='lat' dir='ltr'><strong>suis,</strong></span> <span class='ocrx_word' id='word_1_301' title='bbox 2150 2321 2206 2376; x_wconf 89' lang='lat' dir='ltr'><strong>in</strong></span> 
     </span>
    </p>
   </div>
   <div class='ocr_carea' id='block_1_39' title="bbox 627 2407 2208 2478">
    <p class='ocr_par' dir='ltr' id='par_1_39' title="bbox 627 2407 2208 2478">
     <span class='ocr_line' id='line_1_39' title="bbox 627 2407 2208 2478; baseline 0.001 -14"><span class='ocrx_word' id='word_1_302' title='bbox 627 2407 755 2464; x_wconf 79' lang='lat' dir='ltr'><strong>navi</strong></span> <span class='ocrx_word' id='word_1_303' title='bbox 785 2407 1084 2476; x_wconf 88' lang='lat' dir='ltr'><strong>periclitari</strong></span> <span class='ocrx_word' id='word_1_304' title='bbox 1113 2407 1504 2473; x_wconf 82' lang='lat' dir='ltr'><strong>metuentibus,</strong></span> <span class='ocrx_word' id='word_1_305' title='bbox 1538 2423 1690 2464; x_wconf 86' lang='lat' dir='ltr'><strong>mare</strong></span> <span class='ocrx_word' id='word_1_306' title='bbox 1748 2410 1991 2478; x_wconf 89' lang='lat' dir='ltr'><strong>quietum</strong></span> <span class='ocrx_word' id='word_1_307' title='bbox 2024 2411 2208 2465; x_wconf 89' lang='lat' dir='ltr'><strong>reddi-</strong></span> 
     </span>
    </p>
   </div>
   <div class='ocr_carea' id='block_1_40' title="bbox 628 2495 2206 2569">
    <p class='ocr_par' dir='ltr' id='par_1_40' title="bbox 628 2495 2206 2569">
     <span class='ocr_line' id='line_1_40' title="bbox 628 2495 2206 2569; baseline 0.003 -19"><span class='ocrx_word' id='word_1_308' title='bbox 628 2496 732 2550; x_wconf 80' lang='lat' dir='ltr'><strong>dit.</strong></span> <span class='ocrx_word' id='word_1_309' title='bbox 764 2495 822 2550; x_wconf 88' lang='lat' dir='ltr'><strong>in</strong></span> <span class='ocrx_word' id='word_1_310' title='bbox 872 2496 1096 2551; x_wconf 87' lang='lat' dir='ltr'><strong>sinistro</strong></span> <span class='ocrx_word' id='word_1_311' title='bbox 1154 2496 1323 2552; x_wconf 84' lang='lat' dir='ltr'><strong>maris</strong></span> <span class='ocrx_word' id='word_1_312' title='bbox 1353 2497 1552 2567; x_wconf 83' lang='lat' dir='ltr'><strong>capite,</strong></span> <span class='ocrx_word' id='word_1_313' title='bbox 1608 2497 1807 2552; x_wconf 89' lang='lat' dir='ltr'><strong>montis</strong></span> <span class='ocrx_word' id='word_1_314' title='bbox 1863 2499 1918 2553; x_wconf 89' lang='lat' dir='ltr'><strong>in</strong></span> <span class='ocrx_word' id='word_1_315' title='bbox 1945 2512 2206 2569; x_wconf 81' lang='lat' dir='ltr'><strong>concavo,</strong></span> 
     </span>
    </p>
   </div>
   <div class='ocr_carea' id='block_1_41' title="bbox 626 2585 2207 2659">
    <p class='ocr_par' dir='ltr' id='par_1_41' title="bbox 626 2585 2207 2659">
     <span class='ocr_line' id='line_1_41' title="bbox 626 2585 2207 2659; baseline 0.002 -18"><span class='ocrx_word' id='word_1_316' title='bbox 626 2585 957 2654; x_wconf 75' lang='lat' dir='ltr'><strong>Genesaret;</strong></span> <span class='ocrx_word' id='word_1_317' title='bbox 997 2588 1156 2643; x_wconf 91' lang='lat' dir='ltr'><strong>locus</strong></span> <span class='ocrx_word' id='word_1_318' title='bbox 1189 2601 1459 2659; x_wconf 89' lang='lat' dir='ltr'><strong>generans</strong></span> <span class='ocrx_word' id='word_1_319' title='bbox 1499 2603 1713 2654; x_wconf 83' lang='lat' dir='ltr'><strong>aurum,</strong></span> <span class='ocrx_word' id='word_1_320' title='bbox 1760 2589 1902 2657; x_wconf 89' lang='lat' dir='ltr'><strong>quod</strong></span> <span class='ocrx_word' id='word_1_321' title='bbox 1933 2590 2109 2643; x_wconf 89' lang='lat' dir='ltr'><strong>adhuc</strong></span> <span class='ocrx_word' id='word_1_322' title='bbox 2140 2591 2207 2644; x_wconf 91' lang='lat' dir='ltr'><strong>ab</strong></span> 
     </span>
    </p>
   </div>
   <div class='ocr_carea' id='block_1_42' title="bbox 625 2677 2209 2748">
    <p class='ocr_par' dir='ltr' id='par_1_42' title="bbox 625 2677 2209 2748">
     <span class='ocr_line' id='line_1_42' title="bbox 625 2677 2209 2748; baseline 0 -15"><span class='ocrx_word' id='word_1_323' title='bbox 625 2678 737 2733; x_wconf 87' lang='lat' dir='ltr'><strong>illis</strong></span> <span class='ocrx_word' id='word_1_324' title='bbox 767 2678 1123 2748; x_wconf 84' lang='lat' dir='ltr'><strong>praesentibus</strong></span> <span class='ocrx_word' id='word_1_325' title='bbox 1159 2679 1417 2734; x_wconf 86' lang='lat' dir='ltr'><strong>sumitur.</strong></span> <span class='ocrx_word' id='word_1_326' title='bbox 1447 2677 1708 2733; x_wconf 70' lang='lat' dir='ltr'><strong>liliiario</strong></span> <span class='ocrx_word' id='word_1_327' title='bbox 1741 2679 1979 2734; x_wconf 88' lang='lat' dir='ltr'><strong>secundo</strong></span> <span class='ocrx_word' id='word_1_328' title='bbox 2015 2694 2046 2733; x_wconf 92' lang='lat' dir='ltr'><strong>a</strong></span> <span class='ocrx_word' id='word_1_329' title='bbox 2097 2677 2209 2733; x_wconf 81' lang='lat' dir='ltr'><strong>Ge-</strong></span> 
     </span>
    </p>
   </div>
   <div class='ocr_carea' id='block_1_43' title="bbox 626 2769 2209 2842">
    <p class='ocr_par' dir='ltr' id='par_1_43' title="bbox 626 2769 2209 2842">
     <span class='ocr_line' id='line_1_43' title="bbox 626 2769 2209 2842; baseline -0.001 -17"><span class='ocrx_word' id='word_1_330' title='bbox 626 2781 869 2836; x_wconf 82' lang='lat' dir='ltr'><strong>nezaret,</strong></span> <span class='ocrx_word' id='word_1_331' title='bbox 901 2770 1210 2840; x_wconf 78' lang='lat' dir='ltr'><strong>Magdalum</strong></span> <span class='ocrx_word' id='word_1_332' title='bbox 1234 2771 1494 2841; x_wconf 88' lang='lat' dir='ltr'><strong>oppidum</strong></span> <span class='ocrx_word' id='word_1_333' title='bbox 1526 2812 1542 2834; x_wconf 93' lang='lat'><strong>,</strong></span> <span class='ocrx_word' id='word_1_334' title='bbox 1580 2786 1608 2824; x_wconf 91' lang='lat' dir='ltr'><strong>a</strong></span> <span class='ocrx_word' id='word_1_335' title='bbox 1643 2786 1750 2840; x_wconf 92' lang='lat' dir='ltr'><strong>quo</strong></span> <span class='ocrx_word' id='word_1_336' title='bbox 1777 2769 1946 2825; x_wconf 78' lang='lat' dir='ltr'><strong>Maria</strong></span> <span class='ocrx_word' id='word_1_337' title='bbox 1991 2769 2209 2842; x_wconf 57' lang='lat' dir='ltr'><strong>Magda-</strong></span> 
     </span>
    </p>
   </div>
   <div class='ocr_carea' id='block_1_44' title="bbox 626 2860 2208 2933">
    <p class='ocr_par' dir='ltr' id='par_1_44' title="bbox 626 2860 2208 2933">
     <span class='ocr_line' id='line_1_44' title="bbox 626 2860 2208 2933; baseline 0.001 -16"><span class='ocrx_word' id='word_1_338' title='bbox 626 2862 775 2918; x_wconf 90' lang='lat' dir='ltr'><strong>lena.</strong></span> <span class='ocrx_word' id='word_1_339' title='bbox 824 2860 951 2917; x_wconf 70' lang='lat' dir='ltr'><strong>iltec</strong></span> <span class='ocrx_word' id='word_1_340' title='bbox 988 2871 1170 2917; x_wconf 88' lang='lat' dir='ltr'><strong>autem</strong></span> <span class='ocrx_word' id='word_1_341' title='bbox 1211 2862 1618 2933; x_wconf 76' lang='lat' dir='ltr'><strong>regio-Galilaea</strong></span> <span class='ocrx_word' id='word_1_342' title='bbox 1681 2863 1924 2933; x_wconf 85' lang='lat' dir='ltr'><strong>gentium</strong></span> <span class='ocrx_word' id='word_1_343' title='bbox 1974 2872 2060 2916; x_wconf 88' lang='lat' dir='ltr'><strong>est</strong></span> <span class='ocrx_word' id='word_1_344' title='bbox 2073 2878 2096 2928; x_wconf 80' lang='lat'><strong>;</strong></span> <span class='ocrx_word' id='word_1_345' title='bbox 2152 2862 2208 2918; x_wconf 87' lang='lat' dir='ltr'><strong>in</strong></span> 
     </span>
    </p>
   </div>
   <div class='ocr_carea' id='block_1_45' title="bbox 627 2951 2208 3023">
    <p class='ocr_par' dir='ltr' id='par_1_45' title="bbox 627 2951 2208 3023">
     <span class='ocr_line' id='line_1_45' title="bbox 627 2951 2208 3023; baseline -0.001 -15"><span class='ocrx_word' id='word_1_346' title='bbox 627 2953 777 3008; x_wconf 89' lang='lat' dir='ltr'><strong>tribu</strong></span> <span class='ocrx_word' id='word_1_347' title='bbox 807 2963 986 3008; x_wconf 89' lang='lat' dir='ltr'><strong>tamen</strong></span> <span class='ocrx_word' id='word_1_348' title='bbox 1005 2953 1248 3009; x_wconf 88' lang='lat' dir='ltr'><strong>Zabulon</strong></span> <span class='ocrx_word' id='word_1_349' title='bbox 1276 2963 1331 3009; x_wconf 91' lang='lat' dir='ltr'><strong>et</strong></span> <span class='ocrx_word' id='word_1_350' title='bbox 1357 2953 1727 3023; x_wconf 83' lang='lat' dir='ltr'><strong>Nephthaiim.</strong></span> <span class='ocrx_word' id='word_1_351' title='bbox 1751 2951 1820 3007; x_wconf 75' lang='lat' dir='ltr'><strong>in</strong></span> <span class='ocrx_word' id='word_1_352' title='bbox 1838 2951 2208 3022; x_wconf 83' lang='lat' dir='ltr'><strong>superioribus</strong></span> 
     </span>
    </p>
   </div>
   <div class='ocr_carea' id='block_1_46' title="bbox 628 3040 2205 3114">
    <p class='ocr_par' dir='ltr' id='par_1_46' title="bbox 628 3040 2205 3114">
     <span class='ocr_line' id='line_1_46' title="bbox 628 3040 2205 3114; baseline 0.001 -18"><span class='ocrx_word' id='word_1_353' title='bbox 628 3044 746 3110; x_wconf 74' lang='lat' dir='ltr'><strong>ejus</strong></span> <span class='ocrx_word' id='word_1_354' title='bbox 776 3043 1034 3108; x_wconf 64' lang='lat' dir='ltr'><strong>Galilaca,</strong></span> <span class='ocrx_word' id='word_1_355' title='bbox 1064 3045 1258 3114; x_wconf 78' lang='lat' dir='ltr'><strong>viginti</strong></span> <span class='ocrx_word' id='word_1_356' title='bbox 1291 3045 1509 3100; x_wconf 83' lang='lat' dir='ltr'><strong>luerunt</strong></span> <span class='ocrx_word' id='word_1_357' title='bbox 1531 3042 1780 3097; x_wconf 82' lang='lat' dir='ltr'><strong>civitates</strong></span> <span class='ocrx_word' id='word_1_358' title='bbox 1810 3040 1937 3107; x_wconf 75' lang='lat' dir='ltr'><strong>illae,</strong></span> <span class='ocrx_word' id='word_1_359' title='bbox 1965 3056 2087 3109; x_wconf 70' lang='lat' dir='ltr'><strong>qum</strong></span> <span class='ocrx_word' id='word_1_360' title='bbox 2109 3055 2205 3098; x_wconf 78' lang='lat' dir='ltr'><strong>rex</strong></span> 
     </span>
    </p>
   </div>
   <div class='ocr_carea' id='block_1_47' title="bbox 625 3133 2200 3207">
    <p class='ocr_par' dir='ltr' id='par_1_47' title="bbox 625 3133 2200 3207">
     <span class='ocr_line' id='line_1_47' title="bbox 625 3133 2200 3207; baseline -0.002 -16"><span class='ocrx_word' id='word_1_361' title='bbox 625 3137 879 3192; x_wconf 87' lang='lat' dir='ltr'><strong>Salomon</strong></span> <span class='ocrx_word' id='word_1_362' title='bbox 921 3136 1104 3191; x_wconf 80' lang='lat' dir='ltr'><strong>Hiram</strong></span> <span class='ocrx_word' id='word_1_363' title='bbox 1138 3136 1248 3207; x_wconf 87' lang='lat' dir='ltr'><strong>regi</strong></span> <span class='ocrx_word' id='word_1_364' title='bbox 1286 3134 1438 3206; x_wconf 82' lang='lat' dir='ltr'><strong>Tyri,</strong></span> <span class='ocrx_word' id='word_1_365' title='bbox 1472 3134 1652 3189; x_wconf 89' lang='lat' dir='ltr'><strong>amico</strong></span> <span class='ocrx_word' id='word_1_366' title='bbox 1701 3146 1822 3198; x_wconf 87' lang='lat' dir='ltr'><strong>suo,</strong></span> <span class='ocrx_word' id='word_1_367' title='bbox 1853 3133 2002 3187; x_wconf 83' lang='lat' dir='ltr'><strong>dono</strong></span> <span class='ocrx_word' id='word_1_368' title='bbox 2029 3133 2200 3188; x_wconf 79' lang='lat' dir='ltr'><strong>dedit.</strong></span> 
     </span>
    </p>
   </div>
   <div class='ocr_carea' id='block_1_48' title="bbox 629 3223 2202 3296">
    <p class='ocr_par' dir='ltr' id='par_1_48' title="bbox 629 3223 2202 3296">
     <span class='ocr_line' id='line_1_48' title="bbox 629 3223 2202 3296; baseline -0.003 -14"><span class='ocrx_word' id='word_1_369' title='bbox 629 3229 879 3282; x_wconf 87' lang='lat' dir='ltr'><strong>Secundo</strong></span> <span class='ocrx_word' id='word_1_370' title='bbox 932 3223 1184 3282; x_wconf 90' lang='lat' dir='ltr'><strong>milliario</strong></span> <span class='ocrx_word' id='word_1_371' title='bbox 1245 3241 1276 3280; x_wconf 88' lang='lat' dir='ltr'><strong>a</strong></span> <span class='ocrx_word' id='word_1_372' title='bbox 1333 3223 1599 3296; x_wconf 78' lang='lat' dir='ltr'><strong>Magdalo,</strong></span> <span class='ocrx_word' id='word_1_373' title='bbox 1659 3223 1954 3289; x_wconf 83' lang='lat' dir='ltr'><strong>Cenareth,</strong></span> <span class='ocrx_word' id='word_1_374' title='bbox 1991 3238 2112 3293; x_wconf 66' lang='lat' dir='ltr'><strong>quae</strong></span> <span class='ocrx_word' id='word_1_375' title='bbox 2147 3230 2202 3281; x_wconf 86' lang='lat' dir='ltr'><strong>et</strong></span> 
     </span>
    </p>
   </div>
   <div class='ocr_carea' id='block_1_49' title="bbox 628 3314 2204 3385">
    <p class='ocr_par' dir='ltr' id='par_1_49' title="bbox 628 3314 2204 3385">
     <span class='ocr_line' id='line_1_49' title="bbox 628 3314 2204 3385; baseline -0.001 -14"><span class='ocrx_word' id='word_1_376' title='bbox 628 3317 876 3372; x_wconf 75' lang='lat' dir='ltr'><strong>Tiberina</strong></span> <span class='ocrx_word' id='word_1_377' title='bbox 921 3333 948 3371; x_wconf 91' lang='lat' dir='ltr'><strong>a</strong></span> <span class='ocrx_word' id='word_1_378' title='bbox 980 3316 1202 3375; x_wconf 84' lang='lat' dir='ltr'><strong>Tiberio</strong></span> <span class='ocrx_word' id='word_1_379' title='bbox 1245 3315 1465 3372; x_wconf 65' lang='lat' dir='ltr'><strong>Caesare</strong></span> <span class='ocrx_word' id='word_1_380' title='bbox 1505 3315 1920 3385; x_wconf 87' lang='lat' dir='ltr'><strong>cognominata;</strong></span> <span class='ocrx_word' id='word_1_381' title='bbox 1951 3327 2114 3383; x_wconf 89' lang='lat' dir='ltr'><strong>quam</strong></span> <span class='ocrx_word' id='word_1_382' title='bbox 2147 3314 2204 3369; x_wconf 89' lang='lat' dir='ltr'><strong>in</strong></span> 
     </span>
    </p>
   </div>
   <div class='ocr_carea' id='block_1_50' title="bbox 622 3404 2204 3478">
    <p class='ocr_par' dir='ltr' id='par_1_50' title="bbox 622 3404 2204 3478">
     <span class='ocr_line' id='line_1_50' title="bbox 622 3404 2204 3478; baseline 0 -18"><span class='ocrx_word' id='word_1_383' title='bbox 622 3406 910 3476; x_wconf 79' lang='lat' dir='ltr'><strong>iuventute</strong></span> <span class='ocrx_word' id='word_1_384' title='bbox 933 3424 1029 3464; x_wconf 91' lang='lat' dir='ltr'><strong>sua</strong></span> <span class='ocrx_word' id='word_1_385' title='bbox 1064 3406 1676 3478; x_wconf 76' lang='lat' dir='ltr'><strong>frequentare-solebat.</strong></span> <span class='ocrx_word' id='word_1_386' title='bbox 1712 3405 1919 3473; x_wconf 84' lang='lat' dir='ltr'><strong>Quarto</strong></span> <span class='ocrx_word' id='word_1_387' title='bbox 1949 3404 2204 3461; x_wconf 84' lang='lat' dir='ltr'><strong>milliario</strong></span> 
     </span>
    </p>
   </div>
   <div class='ocr_carea' id='block_1_51' title="bbox 627 3495 2199 3568">
    <p class='ocr_par' dir='ltr' id='par_1_51' title="bbox 627 3495 2199 3568">
     <span class='ocr_line' id='line_1_51' title="bbox 627 3495 2199 3568; baseline -0.001 -14"><span class='ocrx_word' id='word_1_388' title='bbox 627 3517 657 3554; x_wconf 85' lang='lat' dir='ltr'><strong>a</strong></span> <span class='ocrx_word' id='word_1_389' title='bbox 687 3498 997 3568; x_wconf 86' lang='lat' dir='ltr'><strong>Tiberiade,</strong></span> <span class='ocrx_word' id='word_1_390' title='bbox 1024 3500 1270 3557; x_wconf 87' lang='lat' dir='ltr'><strong>Bethulia</strong></span> <span class='ocrx_word' id='word_1_391' title='bbox 1302 3501 1531 3564; x_wconf 82' lang='lat' dir='ltr'><strong>civitas;</strong></span> <span class='ocrx_word' id='word_1_392' title='bbox 1569 3513 1638 3554; x_wconf 79' lang='lat' dir='ltr'><strong>ex</strong></span> <span class='ocrx_word' id='word_1_393' title='bbox 1676 3513 1783 3568; x_wconf 88' lang='lat' dir='ltr'><strong>qua</strong></span> <span class='ocrx_word' id='word_1_394' title='bbox 1805 3495 2022 3563; x_wconf 80' lang='lat' dir='ltr'><strong>Judith,</strong></span> <span class='ocrx_word' id='word_1_395' title='bbox 2057 3511 2199 3566; x_wconf 65' lang='lat' dir='ltr'><strong>qua,</strong></span> 
     </span>
    </p>
   </div>
   <div class='ocr_carea' id='block_1_52' title="bbox 628 3586 2206 3662">
    <p class='ocr_par' dir='ltr' id='par_1_52' title="bbox 628 3586 2206 3662">
     <span class='ocr_line' id='line_1_52' title="bbox 628 3586 2206 3662; baseline 0.001 -19"><span class='ocrx_word' id='word_1_396' title='bbox 628 3607 724 3662; x_wconf 88' lang='lat' dir='ltr'><strong>pro</strong></span> <span class='ocrx_word' id='word_1_397' title='bbox 758 3602 916 3661; x_wconf 88' lang='lat' dir='ltr'><strong>gente</strong></span> <span class='ocrx_word' id='word_1_398' title='bbox 954 3595 1234 3659; x_wconf 83' lang='lat' dir='ltr'><strong>salvanda,</strong></span> <span class='ocrx_word' id='word_1_399' title='bbox 1275 3592 1436 3647; x_wconf 87' lang='lat' dir='ltr'><strong>nimis</strong></span> <span class='ocrx_word' id='word_1_400' title='bbox 1463 3599 1647 3647; x_wconf 84' lang='lat' dir='ltr'><strong>astute</strong></span> <span class='ocrx_word' id='word_1_401' title='bbox 1700 3590 1932 3661; x_wconf 85' lang='lat' dir='ltr'><strong>peremit</strong></span> <span class='ocrx_word' id='word_1_402' title='bbox 1961 3586 2206 3644; x_wconf 74' lang='lat' dir='ltr'><strong>Holofer-</strong></span> 
     </span>
    </p>
   </div>
   <div class='ocr_carea' id='block_1_53' title="bbox 630 3679 2205 3752">
    <p class='ocr_par' dir='ltr' id='par_1_53' title="bbox 630 3679 2205 3752">
     <span class='ocr_line' id='line_1_53' title="bbox 630 3679 2205 3752; baseline 0 -16"><span class='ocrx_word' id='word_1_403' title='bbox 630 3699 754 3736; x_wconf 77' lang='lat' dir='ltr'><strong>nem</strong></span> <span class='ocrx_word' id='word_1_404' title='bbox 813 3686 866 3739; x_wconf 89' lang='lat' dir='ltr'><strong>in</strong></span> <span class='ocrx_word' id='word_1_405' title='bbox 915 3685 1198 3740; x_wconf 90' lang='lat' dir='ltr'><strong>obsidione</strong></span> <span class='ocrx_word' id='word_1_406' title='bbox 1224 3685 1391 3740; x_wconf 87' lang='lat' dir='ltr'><strong>urbis.</strong></span> <span class='ocrx_word' id='word_1_407' title='bbox 1425 3683 1680 3740; x_wconf 76' lang='lat' dir='ltr'><strong>Milliario</strong></span> <span class='ocrx_word' id='word_1_408' title='bbox 1719 3691 1922 3752; x_wconf 84' lang='lat' dir='ltr'><strong>quarto</strong></span> <span class='ocrx_word' id='word_1_409' title='bbox 1963 3698 1995 3737; x_wconf 87' lang='lat' dir='ltr'><strong>a</strong></span> <span class='ocrx_word' id='word_1_410' title='bbox 2042 3679 2205 3736; x_wconf 85' lang='lat' dir='ltr'><strong>Tibe-</strong></span> 
     </span>
    </p>
   </div>
   <div class='ocr_carea' id='block_1_54' title="bbox 633 3772 2206 3845">
    <p class='ocr_par' dir='ltr' id='par_1_54' title="bbox 633 3772 2206 3845">
     <span class='ocr_line' id='line_1_54' title="bbox 633 3772 2206 3845; baseline 0.003 -19"><span class='ocrx_word' id='word_1_411' title='bbox 633 3775 785 3830; x_wconf 88' lang='lat' dir='ltr'><strong>riade</strong></span> <span class='ocrx_word' id='word_1_412' title='bbox 835 3787 1023 3831; x_wconf 87' lang='lat' dir='ltr'><strong>contra</strong></span> <span class='ocrx_word' id='word_1_413' title='bbox 1069 3777 1379 3845; x_wconf 78' lang='lat' dir='ltr'><strong>meridiem,</strong></span> <span class='ocrx_word' id='word_1_414' title='bbox 1416 3776 1692 3840; x_wconf 89' lang='lat' dir='ltr'><strong>Dothaim,</strong></span> <span class='ocrx_word' id='word_1_415' title='bbox 1751 3775 1805 3829; x_wconf 89' lang='lat' dir='ltr'><strong>in</strong></span> <span class='ocrx_word' id='word_1_416' title='bbox 1853 3789 1961 3845; x_wconf 91' lang='lat' dir='ltr'><strong>quo</strong></span> <span class='ocrx_word' id='word_1_417' title='bbox 2011 3772 2206 3831; x_wconf 70' lang='lat' dir='ltr'><strong>ii&#39;atres</strong></span> 
     </span>
    </p>
   </div>
   <div class='ocr_carea' id='block_1_55' title="bbox 627 3865 2202 3939">
    <p class='ocr_par' dir='ltr' id='par_1_55' title="bbox 627 3865 2202 3939">
     <span class='ocr_line' id='line_1_55' title="bbox 627 3865 2202 3939; baseline 0.003 -20"><span class='ocrx_word' id='word_1_418' title='bbox 627 3881 757 3921; x_wconf 82' lang='lat' dir='ltr'><strong>suos</strong></span> <span class='ocrx_word' id='word_1_419' title='bbox 812 3883 1028 3939; x_wconf 83' lang='lat' dir='ltr'><strong>gregem</strong></span> <span class='ocrx_word' id='word_1_420' title='bbox 1081 3877 1370 3939; x_wconf 89' lang='lat' dir='ltr'><strong>pascentes</strong></span> <span class='ocrx_word' id='word_1_421' title='bbox 1419 3868 1623 3938; x_wconf 85' lang='lat' dir='ltr'><strong>reperit</strong></span> <span class='ocrx_word' id='word_1_422' title='bbox 1659 3865 1903 3936; x_wconf 84' lang='lat' dir='ltr'><strong>Joseph;</strong></span> <span class='ocrx_word' id='word_1_423' title='bbox 1938 3881 2102 3937; x_wconf 87' lang='lat' dir='ltr'><strong>quem</strong></span> <span class='ocrx_word' id='word_1_424' title='bbox 2144 3876 2202 3923; x_wconf 89' lang='lat' dir='ltr'><strong>et</strong></span> 
     </span>
    </p>
   </div>
   <div class='ocr_carea' id='block_1_56' title="bbox 631 3957 2205 4026">
    <p class='ocr_par' dir='ltr' id='par_1_56' title="bbox 631 3957 2205 4026">
     <span class='ocr_line' id='line_1_56' title="bbox 631 3957 2205 4026; baseline 0.003 -16"><span class='ocrx_word' id='word_1_425' title='bbox 631 3957 938 4025; x_wconf 74' lang='lat' dir='ltr'><strong>lsmaelitis,</strong></span> <span class='ocrx_word' id='word_1_426' title='bbox 992 3976 1116 4016; x_wconf 88' lang='lat' dir='ltr'><strong>eum</strong></span> <span class='ocrx_word' id='word_1_427' title='bbox 1144 3961 1268 4016; x_wconf 91' lang='lat' dir='ltr'><strong>odio</strong></span> <span class='ocrx_word' id='word_1_428' title='bbox 1303 3959 1594 4026; x_wconf 82' lang='lat' dir='ltr'><strong>habentes,</strong></span> <span class='ocrx_word' id='word_1_429' title='bbox 1626 3960 2008 4014; x_wconf 85' lang='lat' dir='ltr'><strong>vendiderunt.</strong></span> <span class='ocrx_word' id='word_1_430' title='bbox 2055 3959 2205 4015; x_wconf 80' lang='lat' dir='ltr'><strong>Duo-</strong></span> 
     </span>
    </p>
   </div>
   <div class='ocr_carea' id='block_1_57' title="bbox 630 4050 2205 4121">
    <p class='ocr_par' dir='ltr' id='par_1_57' title="bbox 630 4050 2205 4121">
     <span class='ocr_line' id='line_1_57' title="bbox 630 4050 2205 4121; baseline -0.001 -14"><span class='ocrx_word' id='word_1_431' title='bbox 630 4054 840 4113; x_wconf 85' lang='lat' dir='ltr'><strong>decimo</strong></span> <span class='ocrx_word' id='word_1_432' title='bbox 869 4053 1121 4107; x_wconf 84' lang='lat' dir='ltr'><strong>milliaria</strong></span> <span class='ocrx_word' id='word_1_433' title='bbox 1144 4069 1174 4107; x_wconf 89' lang='lat' dir='ltr'><strong>a</strong></span> <span class='ocrx_word' id='word_1_434' title='bbox 1217 4050 1521 4118; x_wconf 84' lang='lat' dir='ltr'><strong>Tiberiade,</strong></span> <span class='ocrx_word' id='word_1_435' title='bbox 1549 4051 1840 4117; x_wconf 81' lang='lat' dir='ltr'><strong>Nazaretb,</strong></span> <span class='ocrx_word' id='word_1_436' title='bbox 1871 4052 2065 4106; x_wconf 83' lang='lat' dir='ltr'><strong>civitas</strong></span> <span class='ocrx_word' id='word_1_437' title='bbox 2095 4050 2205 4121; x_wconf 80' lang='lat' dir='ltr'><strong>Ga-</strong></span> 
     </span>
    </p>
   </div>
   <div class='ocr_carea' id='block_1_58' title="bbox 629 4142 2205 4213">
    <p class='ocr_par' dir='ltr' id='par_1_58' title="bbox 629 4142 2205 4213">
     <span class='ocr_line' id='line_1_58' title="bbox 629 4142 2205 4213; baseline 0.003 -17"><span class='ocrx_word' id='word_1_438' title='bbox 629 4144 805 4209; x_wconf 63' lang='lat' dir='ltr'><strong>llittae,</strong></span> <span class='ocrx_word' id='word_1_439' title='bbox 842 4145 1011 4212; x_wconf 88' lang='lat' dir='ltr'><strong>patria</strong></span> <span class='ocrx_word' id='word_1_440' title='bbox 1055 4142 1380 4210; x_wconf 87' lang='lat' dir='ltr'><strong>Salvatoris,</strong></span> <span class='ocrx_word' id='word_1_441' title='bbox 1424 4158 1491 4199; x_wconf 89' lang='lat' dir='ltr'><strong>eo</strong></span> <span class='ocrx_word' id='word_1_442' title='bbox 1534 4144 1681 4213; x_wconf 87' lang='lat' dir='ltr'><strong>quod</strong></span> <span class='ocrx_word' id='word_1_443' title='bbox 1733 4144 1786 4197; x_wconf 92' lang='lat' dir='ltr'><strong>in</strong></span> <span class='ocrx_word' id='word_1_444' title='bbox 1834 4158 1905 4198; x_wconf 82' lang='lat' dir='ltr'><strong>ea</strong></span> <span class='ocrx_word' id='word_1_445' title='bbox 1968 4145 2205 4200; x_wconf 89' lang='lat' dir='ltr'><strong>nutritus</strong></span> 
     </span>
    </p>
   </div>
   <div class='ocr_carea' id='block_1_59' title="bbox 633 4233 2201 4306">
    <p class='ocr_par' dir='ltr' id='par_1_59' title="bbox 633 4233 2201 4306">
     <span class='ocr_line' id='line_1_59' title="bbox 633 4233 2201 4306; baseline 0.001 -20"><span class='ocrx_word' id='word_1_446' title='bbox 633 4235 751 4291; x_wconf 72' lang='lat' dir='ltr'><strong>fuit.</strong></span> <span class='ocrx_word' id='word_1_447' title='bbox 814 4233 1077 4289; x_wconf 81' lang='lat' dir='ltr'><strong>Nazareth</strong></span> <span class='ocrx_word' id='word_1_448' title='bbox 1114 4237 1503 4305; x_wconf 80' lang='lat' dir='ltr'><strong>interpretatur</strong></span> <span class='ocrx_word' id='word_1_449' title='bbox 1554 4235 1678 4303; x_wconf 83' lang='lat' dir='ltr'><strong>llos,</strong></span> <span class='ocrx_word' id='word_1_450' title='bbox 1740 4234 1824 4290; x_wconf 92' lang='lat' dir='ltr'><strong>vel</strong></span> <span class='ocrx_word' id='word_1_451' title='bbox 1879 4236 2201 4306; x_wconf 84' lang='lat' dir='ltr'><strong>virgultum;</strong></span> 
     </span>
    </p>
   </div>
   <div class='ocr_carea' id='block_1_60' title="bbox 627 4327 2202 4394">
    <p class='ocr_par' dir='ltr' id='par_1_60' title="bbox 627 4327 2202 4394">
     <span class='ocr_line' id='line_1_60' title="bbox 627 4327 2202 4394; baseline 0.003 -14"><span class='ocrx_word' id='word_1_452' title='bbox 627 4342 732 4382; x_wconf 87' lang='lat' dir='ltr'><strong>nec</strong></span> <span class='ocrx_word' id='word_1_453' title='bbox 759 4327 876 4382; x_wconf 89' lang='lat' dir='ltr'><strong>siue</strong></span> <span class='ocrx_word' id='word_1_454' title='bbox 916 4342 1103 4391; x_wconf 86' lang='lat' dir='ltr'><strong>causa,</strong></span> <span class='ocrx_word' id='word_1_455' title='bbox 1135 4342 1257 4381; x_wconf 91' lang='lat' dir='ltr'><strong>cum</strong></span> <span class='ocrx_word' id='word_1_456' title='bbox 1290 4329 1342 4380; x_wconf 92' lang='lat' dir='ltr'><strong>in</strong></span> <span class='ocrx_word' id='word_1_457' title='bbox 1389 4342 1453 4381; x_wconf 89' lang='lat' dir='ltr'><strong>ea</strong></span> <span class='ocrx_word' id='word_1_458' title='bbox 1477 4338 1633 4384; x_wconf 89' lang='lat' dir='ltr'><strong>ortus</strong></span> <span class='ocrx_word' id='word_1_459' title='bbox 1664 4328 1738 4384; x_wconf 88' lang='lat' dir='ltr'><strong>sit</strong></span> <span class='ocrx_word' id='word_1_460' title='bbox 1781 4327 1904 4394; x_wconf 83' lang='lat' dir='ltr'><strong>ﬂos,</strong></span> <span class='ocrx_word' id='word_1_461' title='bbox 1942 4343 2009 4382; x_wconf 77' lang='lat' dir='ltr'><strong>ex</strong></span> <span class='ocrx_word' id='word_1_462' title='bbox 2045 4329 2202 4392; x_wconf 86' lang='lat' dir='ltr'><strong>cuius</strong></span> 
     </span>
    </p>
   </div>
   <div class='ocr_carea' id='block_1_61' title="bbox 2305 1861 3877 1934">
    <p class='ocr_par' dir='ltr' id='par_1_61' title="bbox 2305 1861 3877 1934">
     <span class='ocr_line' id='line_1_61' title="bbox 2305 1861 3877 1934; baseline -0.001 -19"><span class='ocrx_word' id='word_1_463' title='bbox 2305 1861 2866 1930; x_wconf 61' lang='lat' dir='ltr'><strong>&#39;lantes‘prudentiam</strong></span> <span class='ocrx_word' id='word_1_464' title='bbox 2917 1861 3071 1934; x_wconf 83' lang='lat' dir='ltr'><strong>ejus;</strong></span> <span class='ocrx_word' id='word_1_465' title='bbox 3106 1864 3202 1918; x_wconf 86' lang='lat' dir='ltr'><strong>sed</strong></span> <span class='ocrx_word' id='word_1_466' title='bbox 3269 1862 3340 1918; x_wconf 90' lang='lat' dir='ltr'><strong>ab</strong></span> <span class='ocrx_word' id='word_1_467' title='bbox 3399 1863 3481 1916; x_wconf 86' lang='lat' dir='ltr'><strong>eis</strong></span> <span class='ocrx_word' id='word_1_468' title='bbox 3519 1863 3579 1917; x_wconf 88' lang='lat' dir='ltr'><strong>in</strong></span> <span class='ocrx_word' id='word_1_469' title='bbox 3614 1872 3877 1917; x_wconf 82' lang='lat' dir='ltr'><strong>momento</strong></span> 
     </span>
    </p>
   </div>
   <div class='ocr_carea' id='block_1_62' title="bbox 2311 1945 3874 2019">
    <p class='ocr_par' dir='ltr' id='par_1_62' title="bbox 2311 1945 3874 2019">
     <span class='ocr_line' id='line_1_62' title="bbox 2311 1945 3874 2019; baseline 0.001 -16"><span class='ocrx_word' id='word_1_470' title='bbox 2311 1945 2598 2018; x_wconf 86' lang='lat' dir='ltr'><strong>disparuit.</strong></span> <span class='ocrx_word' id='word_1_471' title='bbox 2645 1948 2866 2017; x_wconf 83' lang='lat' dir='ltr'><strong>.Quarto</strong></span> <span class='ocrx_word' id='word_1_472' title='bbox 2923 1950 3267 2007; x_wconf 70' lang='lat' dir='ltr'><strong>milliarios</strong></span> <span class='ocrx_word' id='word_1_473' title='bbox 3329 1950 3640 2019; x_wconf 78' lang='lat' dir='ltr'><strong>Nazareth,</strong></span> <span class='ocrx_word' id='word_1_474' title='bbox 3695 1963 3874 2007; x_wconf 79' lang='lat' dir='ltr'><strong>contra</strong></span> 
     </span>
    </p>
   </div>
   <div class='ocr_carea' id='block_1_63' title="bbox 2309 2039 3876 2114">
    <p class='ocr_par' dir='ltr' id='par_1_63' title="bbox 2309 2039 3876 2114">
     <span class='ocr_line' id='line_1_63' title="bbox 2309 2039 3876 2114; baseline 0.003 -20"><span class='ocrx_word' id='word_1_475' title='bbox 2309 2039 2597 2105; x_wconf 85' lang='lat' dir='ltr'><strong>orientem,</strong></span> <span class='ocrx_word' id='word_1_476' title='bbox 2638 2054 2797 2098; x_wconf 84' lang='lat' dir='ltr'><strong>mons</strong></span> <span class='ocrx_word' id='word_1_477' title='bbox 2847 2039 3102 2108; x_wconf 81' lang='lat' dir='ltr'><strong>Thabor;</strong></span> <span class='ocrx_word' id='word_1_478' title='bbox 3138 2041 3193 2097; x_wconf 87' lang='lat' dir='ltr'><strong>in</strong></span> <span class='ocrx_word' id='word_1_479' title='bbox 3218 2056 3333 2112; x_wconf 88' lang='lat' dir='ltr'><strong>quo</strong></span> <span class='ocrx_word' id='word_1_480' title='bbox 3386 2043 3788 2114; x_wconf 79' lang='lat' dir='ltr'><strong>transﬁguravit</strong></span> <span class='ocrx_word' id='word_1_481' title='bbox 3823 2058 3876 2098; x_wconf 81' lang='lat' dir='ltr'><strong>se</strong></span> 
     </span>
    </p>
   </div>
   <div class='ocr_carea' id='block_1_64' title="bbox 2308 2129 3878 2202">
    <p class='ocr_par' dir='ltr' id='par_1_64' title="bbox 2308 2129 3878 2202">
     <span class='ocr_line' id='line_1_64' title="bbox 2308 2129 3878 2202; baseline 0.002 -15"><span class='ocrx_word' id='word_1_482' title='bbox 2308 2129 2488 2199; x_wconf 89' lang='lat' dir='ltr'><strong>Jesus,</strong></span> <span class='ocrx_word' id='word_1_483' title='bbox 2531 2133 2793 2202; x_wconf 83' lang='lat' dir='ltr'><strong>apostolis</strong></span> <span class='ocrx_word' id='word_1_484' title='bbox 2825 2134 2942 2196; x_wconf 84' lang='lat' dir='ltr'><strong>suis</strong></span> <span class='ocrx_word' id='word_1_485' title='bbox 2982 2131 3315 2201; x_wconf 83' lang='lat' dir='ltr'><strong>videntibus,</strong></span> <span class='ocrx_word' id='word_1_486' title='bbox 3346 2132 3556 2202; x_wconf 82' lang='lat' dir='ltr'><strong>Petro,</strong></span> <span class='ocrx_word' id='word_1_487' title='bbox 3597 2134 3878 2192; x_wconf 74' lang='lat' dir='ltr'><strong>Joanneet</strong></span> 
     </span>
    </p>
   </div>
   <div class='ocr_carea' id='block_1_65' title="bbox 2280 2219 3878 2301">
    <p class='ocr_par' dir='ltr' id='par_1_65' title="bbox 2280 2219 3878 2301">
     <span class='ocr_line' id='line_1_65' title="bbox 2280 2219 3878 2301; baseline 0.005 -29"><span class='ocrx_word' id='word_1_488' title='bbox 2280 2219 2538 2289; x_wconf 75' lang='lat' dir='ltr'><strong>.Jucoim,</strong></span> <span class='ocrx_word' id='word_1_489' title='bbox 2583 2221 2768 2294; x_wconf 73' lang='lat' dir='ltr'><strong>Moyse</strong></span> <span class='ocrx_word' id='word_1_490' title='bbox 2815 2232 2874 2279; x_wconf 89' lang='lat' dir='ltr'><strong>et</strong></span> <span class='ocrx_word' id='word_1_491' title='bbox 2923 2222 3072 2290; x_wconf 82' lang='lat' dir='ltr'><strong>Elia;</strong></span> <span class='ocrx_word' id='word_1_492' title='bbox 3120 2224 3320 2294; x_wconf 85' lang='lat' dir='ltr'><strong>quibus</strong></span> <span class='ocrx_word' id='word_1_493' title='bbox 3358 2226 3523 2281; x_wconf 80' lang='lat' dir='ltr'><strong>etiam</strong></span> <span class='ocrx_word' id='word_1_494' title='bbox 3573 2241 3679 2284; x_wconf 73' lang='lat' dir='ltr'><strong>vox</strong></span> <span class='ocrx_word' id='word_1_495' title='bbox 3710 2226 3878 2301; x_wconf 74' lang='lat' dir='ltr'><strong>Patris</strong></span> 
     </span>
    </p>
   </div>
   <div class='ocr_carea' id='block_1_66' title="bbox 2309 2309 3874 2378">
    <p class='ocr_par' dir='ltr' id='par_1_66' title="bbox 2309 2309 3874 2378">
     <span class='ocr_line' id='line_1_66' title="bbox 2309 2309 3874 2378; baseline 0.004 -12"><span class='ocrx_word' id='word_1_496' title='bbox 2309 2311 2494 2366; x_wconf 90' lang='lat' dir='ltr'><strong>audita</strong></span> <span class='ocrx_word' id='word_1_497' title='bbox 2521 2321 2631 2378; x_wconf 72' lang='lat' dir='ltr'><strong>est,</strong></span> <span class='ocrx_word' id='word_1_498' title='bbox 2661 2312 2851 2369; x_wconf 83' lang='lat' dir='ltr'><strong>dicens</strong></span> <span class='ocrx_word' id='word_1_499' title='bbox 2889 2330 2904 2368; x_wconf 90' lang='lat'><strong>:</strong></span> <span class='ocrx_word' id='word_1_500' title='bbox 2941 2310 3047 2368; x_wconf 83' lang='lat' dir='ltr'><strong>Hic</strong></span> <span class='ocrx_word' id='word_1_501' title='bbox 3072 2323 3146 2368; x_wconf 79' lang='lat' dir='ltr'><strong>est</strong></span> <span class='ocrx_word' id='word_1_502' title='bbox 3177 2311 3355 2369; x_wconf 79' lang='lat' dir='ltr'><strong>Filius</strong></span> <span class='ocrx_word' id='word_1_503' title='bbox 3380 2309 3528 2370; x_wconf 74' lang='lat' dir='ltr'><strong>meus</strong></span> <span class='ocrx_word' id='word_1_504' title='bbox 3559 2317 3784 2372; x_wconf 72' lang='lat' dir='ltr'><strong>dilectus</strong></span> <span class='ocrx_word' id='word_1_505' title='bbox 3815 2317 3874 2371; x_wconf 78' lang='grc' dir='ltr'><strong>υ.</strong></span> 
     </span>
    </p>
   </div>
   <div class='ocr_carea' id='block_1_67' title="bbox 2313 2401 3876 2469">
    <p class='ocr_par' dir='ltr' id='par_1_67' title="bbox 2313 2401 3876 2469">
     <span class='ocr_line' id='line_1_67' title="bbox 2313 2401 3876 2469; baseline 0.003 -11"><span class='ocrx_word' id='word_1_506' title='bbox 2313 2401 2570 2458; x_wconf 86' lang='lat' dir='ltr'><strong>Secundo</strong></span> <span class='ocrx_word' id='word_1_507' title='bbox 2603 2403 2861 2459; x_wconf 88' lang='lat' dir='ltr'><strong>milliario</strong></span> <span class='ocrx_word' id='word_1_508' title='bbox 2888 2417 2918 2458; x_wconf 92' lang='lat' dir='ltr'><strong>a</strong></span> <span class='ocrx_word' id='word_1_509' title='bbox 2945 2401 3190 2469; x_wconf 84' lang='lat' dir='ltr'><strong>Thabor,</strong></span> <span class='ocrx_word' id='word_1_510' title='bbox 3214 2413 3405 2461; x_wconf 88' lang='lat' dir='ltr'><strong>contra</strong></span> <span class='ocrx_word' id='word_1_511' title='bbox 3432 2407 3876 2464; x_wconf 66' lang='lat' dir='ltr'><strong>orientem&#39;mons</strong></span> 
     </span>
    </p>
   </div>
   <div class='ocr_carea' id='block_1_68' title="bbox 2311 2492 3884 2564">
    <p class='ocr_par' dir='ltr' id='par_1_68' title="bbox 2311 2492 3884 2564">
     <span class='ocr_line' id='line_1_68' title="bbox 2311 2492 3884 2564; baseline 0.002 -16"><span class='ocrx_word' id='word_1_512' title='bbox 2311 2492 2571 2553; x_wconf 76' lang='lat' dir='ltr'><strong>Harmon.</strong></span> <span class='ocrx_word' id='word_1_513' title='bbox 2625 2494 2688 2549; x_wconf 83' lang='lat' dir='ltr'><strong>in</strong></span> <span class='ocrx_word' id='word_1_514' title='bbox 2716 2523 2723 2536; x_wconf 45' lang='grc' dir='ltr'><strong><em>ξ</em></strong></span> <span class='ocrx_word' id='word_1_515' title='bbox 2753 2497 3016 2551; x_wconf 86' lang='lat' dir='ltr'><strong>descensu</strong></span> <span class='ocrx_word' id='word_1_516' title='bbox 3069 2497 3270 2552; x_wconf 87' lang='lat' dir='ltr'><strong>montis</strong></span> <span class='ocrx_word' id='word_1_517' title='bbox 3317 2495 3557 2564; x_wconf 82' lang='lat' dir='ltr'><strong>Thabor,</strong></span> <span class='ocrx_word' id='word_1_518' title='bbox 3651 2499 3884 2555; x_wconf 67' lang='lat' dir='ltr'><strong>obviavit&#39;</strong></span> 
     </span>
    </p>
   </div>
   <div class='ocr_carea' id='block_1_69' title="bbox 2309 2577 3856 2655">
    <p class='ocr_par' dir='ltr' id='par_1_69' title="bbox 2309 2577 3856 2655">
     <span class='ocr_line' id='line_1_69' title="bbox 2309 2577 3856 2655; baseline 0.003 -14"><span class='ocrx_word' id='word_1_519' title='bbox 2309 2587 2560 2655; x_wconf 73' lang='lat' dir='ltr'><strong>Abrahae,</strong></span> <span class='ocrx_word' id='word_1_520' title='bbox 2599 2586 2843 2642; x_wconf 84' lang='lat' dir='ltr'><strong>redeunti</strong></span> <span class='ocrx_word' id='word_1_521' title='bbox 2892 2601 2932 2643; x_wconf 81' lang='lat' dir='ltr'><strong>a</strong></span> <span class='ocrx_word' id='word_1_522' title='bbox 2955 2634 2957 2636; x_wconf 90' lang='lat'><strong>.</strong></span> <span class='ocrx_word' id='word_1_523' title='bbox 2981 2577 3129 2645; x_wconf 58' lang='lat' dir='ltr'><strong>ca&#39;de</strong></span> <span class='ocrx_word' id='word_1_524' title='bbox 3164 2586 3405 2654; x_wconf 78' lang='lat' dir='ltr'><strong>Amalec,</strong></span> <span class='ocrx_word' id='word_1_525' title='bbox 3461 2589 3856 2648; x_wconf 73' lang='lat' dir='ltr'><strong>Melchisedech</strong></span> 
     </span>
    </p>
   </div>
   <div class='ocr_carea' id='block_1_70' title="bbox 2309 2672 3873 2750">
    <p class='ocr_par' dir='ltr' id='par_1_70' title="bbox 2309 2672 3873 2750">
     <span class='ocr_line' id='line_1_70' title="bbox 2309 2672 3873 2750; baseline 0.004 -18"><span class='ocrx_word' id='word_1_526' title='bbox 2309 2679 2401 2750; x_wconf 89' lang='lat' dir='ltr'><strong>qui</strong></span> <span class='ocrx_word' id='word_1_527' title='bbox 2451 2691 2508 2735; x_wconf 90' lang='lat' dir='ltr'><strong>et</strong></span> <span class='ocrx_word' id='word_1_528' title='bbox 2558 2675 2710 2745; x_wconf 81' lang='lat' dir='ltr'><strong>Sem,</strong></span> <span class='ocrx_word' id='word_1_529' title='bbox 2762 2672 2918 2734; x_wconf 53' lang='lat' dir='ltr'><strong>illius?</strong></span> <span class='ocrx_word' id='word_1_530' title='bbox 2960 2677 3094 2746; x_wconf 86' lang='lat' dir='ltr'><strong>Noe,</strong></span> <span class='ocrx_word' id='word_1_531' title='bbox 3135 2681 3418 2750; x_wconf 84' lang='lat' dir='ltr'><strong>sacerdos,</strong></span> <span class='ocrx_word' id='word_1_532' title='bbox 3449 2690 3508 2737; x_wconf 89' lang='lat' dir='ltr'><strong>et</strong></span> <span class='ocrx_word' id='word_1_533' title='bbox 3543 2696 3640 2738; x_wconf 81' lang='lat' dir='ltr'><strong>rex</strong></span> <span class='ocrx_word' id='word_1_534' title='bbox 3675 2680 3873 2746; x_wconf 78' lang='lat' dir='ltr'><strong>Saiem,</strong></span> 
     </span>
    </p>
   </div>
   <div class='ocr_carea' id='block_1_71' title="bbox 2311 2763 3877 2845">
    <p class='ocr_par' dir='ltr' id='par_1_71' title="bbox 2311 2763 3877 2845">
     <span class='ocr_line' id='line_1_71' title="bbox 2311 2763 3877 2845; baseline 0.002 -19"><span class='ocrx_word' id='word_1_535' title='bbox 2311 2772 2647 2841; x_wconf 69' lang='lat' dir='ltr'><strong>praesentaus</strong></span> <span class='ocrx_word' id='word_1_536' title='bbox 2693 2771 2745 2827; x_wconf 86' lang='lat' dir='ltr'><strong>ei</strong></span> <span class='ocrx_word' id='word_1_537' title='bbox 2793 2773 2992 2842; x_wconf 73' lang='lat' dir='ltr'><strong>panem</strong></span> <span class='ocrx_word' id='word_1_538' title='bbox 3026 2780 3084 2827; x_wconf 89' lang='lat' dir='ltr'><strong>et</strong></span> <span class='ocrx_word' id='word_1_539' title='bbox 3134 2763 3355 2843; x_wconf 77' lang='lat' dir='ltr'><strong>vinum;</strong></span> <span class='ocrx_word' id='word_1_540' title='bbox 3417 2775 3562 2844; x_wconf 90' lang='lat' dir='ltr'><strong>quod</strong></span> <span class='ocrx_word' id='word_1_541' title='bbox 3619 2774 3877 2845; x_wconf 73' lang='lat' dir='ltr'><strong>signiﬁcet</strong></span> 
     </span>
    </p>
   </div>
   <div class='ocr_carea' id='block_1_72' title="bbox 2309 2861 3874 2935">
    <p class='ocr_par' dir='ltr' id='par_1_72' title="bbox 2309 2861 3874 2935">
     <span class='ocr_line' id='line_1_72' title="bbox 2309 2861 3874 2935; baseline 0.001 -17"><span class='ocrx_word' id='word_1_542' title='bbox 2309 2862 2634 2920; x_wconf 86' lang='lat' dir='ltr'><strong>oblationem</strong></span> <span class='ocrx_word' id='word_1_543' title='bbox 2697 2862 2888 2918; x_wconf 81' lang='lat' dir='ltr'><strong>altaris</strong></span> <span class='ocrx_word' id='word_1_544' title='bbox 2944 2861 3150 2918; x_wconf 83' lang='lat' dir='ltr'><strong>Christi</strong></span> <span class='ocrx_word' id='word_1_545' title='bbox 3205 2863 3307 2920; x_wconf 83' lang='lat' dir='ltr'><strong>sub</strong></span> <span class='ocrx_word' id='word_1_546' title='bbox 3372 2866 3571 2935; x_wconf 83' lang='lat' dir='ltr'><strong>gratia.</strong></span> <span class='ocrx_word' id='word_1_547' title='bbox 3630 2865 3874 2922; x_wconf 74' lang='lat' dir='ltr'><strong>Secundo</strong></span> 
     </span>
    </p>
   </div>
   <div class='ocr_carea' id='block_1_73' title="bbox 2309 2953 3872 3028">
    <p class='ocr_par' dir='ltr' id='par_1_73' title="bbox 2309 2953 3872 3028">
     <span class='ocr_line' id='line_1_73' title="bbox 2309 2953 3872 3028; baseline -0.003 -16"><span class='ocrx_word' id='word_1_548' title='bbox 2309 2955 2563 3012; x_wconf 82' lang='lat' dir='ltr'><strong>milliario</strong></span> <span class='ocrx_word' id='word_1_549' title='bbox 2584 2969 2622 3010; x_wconf 87' lang='lat' dir='ltr'><strong>a</strong></span> <span class='ocrx_word' id='word_1_550' title='bbox 2653 2953 2892 3021; x_wconf 88' lang='lat' dir='ltr'><strong>Thahor,</strong></span> <span class='ocrx_word' id='word_1_551' title='bbox 2924 2954 3077 3015; x_wconf 74' lang='lat' dir='ltr'><strong>Naim</strong></span> <span class='ocrx_word' id='word_1_552' title='bbox 3121 2954 3316 3010; x_wconf 77' lang='lat' dir='ltr'><strong>civitas</strong></span> <span class='ocrx_word' id='word_1_553' title='bbox 3345 2971 3360 3020; x_wconf 88' lang='lat'><strong>;</strong></span> <span class='ocrx_word' id='word_1_554' title='bbox 3390 2957 3458 3010; x_wconf 90' lang='lat' dir='ltr'><strong>ad</strong></span> <span class='ocrx_word' id='word_1_555' title='bbox 3488 2957 3644 3027; x_wconf 84' lang='lat' dir='ltr'><strong>cujus</strong></span> <span class='ocrx_word' id='word_1_556' title='bbox 3668 2970 3872 3028; x_wconf 85' lang='lat' dir='ltr'><strong>portam</strong></span> 
     </span>
    </p>
   </div>
   <div class='ocr_carea' id='block_1_74' title="bbox 2311 3044 3876 3117">
    <p class='ocr_par' dir='ltr' id='par_1_74' title="bbox 2311 3044 3876 3117">
     <span class='ocr_line' id='line_1_74' title="bbox 2311 3044 3876 3117; baseline -0.002 -13"><span class='ocrx_word' id='word_1_557' title='bbox 2311 3046 2564 3103; x_wconf 78' lang='lat' dir='ltr'><strong>Christus</strong></span> <span class='ocrx_word' id='word_1_558' title='bbox 2599 3046 2840 3101; x_wconf 87' lang='lat' dir='ltr'><strong>restituit</strong></span> <span class='ocrx_word' id='word_1_559' title='bbox 2867 3048 2991 3101; x_wconf 71' lang='lat' dir='ltr'><strong>vitae</strong></span> <span class='ocrx_word' id='word_1_560' title='bbox 3046 3044 3224 3101; x_wconf 67' lang='lat' dir='ltr'><strong>lilium</strong></span> <span class='ocrx_word' id='word_1_561' title='bbox 3258 3047 3456 3102; x_wconf 72' lang='lat' dir='ltr'><strong>vidum.</strong></span> <span class='ocrx_word' id='word_1_562' title='bbox 3508 3047 3684 3117; x_wconf 87' lang='lat' dir='ltr'><strong>Supra</strong></span> <span class='ocrx_word' id='word_1_563' title='bbox 3729 3047 3876 3103; x_wconf 65' lang='grc' dir='ltr'><strong>κύω</strong></span> 
     </span>
    </p>
   </div>
   <div class='ocr_carea' id='block_1_75' title="bbox 2311 3137 3878 3211">
    <p class='ocr_par' dir='ltr' id='par_1_75' title="bbox 2311 3137 3878 3211">
     <span class='ocr_line' id='line_1_75' title="bbox 2311 3137 3878 3211; baseline 0 -17"><span class='ocrx_word' id='word_1_564' title='bbox 2311 3152 2470 3194; x_wconf 90' lang='lat' dir='ltr'><strong>mons</strong></span> <span class='ocrx_word' id='word_1_565' title='bbox 2512 3137 2697 3193; x_wconf 87' lang='lat' dir='ltr'><strong>Endor</strong></span> <span class='ocrx_word' id='word_1_566' title='bbox 2725 3137 2845 3194; x_wconf 77' lang='lat' dir='ltr'><strong>:sd’</strong></span> <span class='ocrx_word' id='word_1_567' title='bbox 2888 3137 3125 3192; x_wconf 88' lang='lat' dir='ltr'><strong>radicem</strong></span> <span class='ocrx_word' id='word_1_568' title='bbox 3176 3137 3352 3207; x_wconf 64' lang='lat' dir='ltr'><strong>cujts,</strong></span> <span class='ocrx_word' id='word_1_569' title='bbox 3383 3140 3558 3211; x_wconf 86' lang='lat' dir='ltr'><strong>lsupra</strong></span> <span class='ocrx_word' id='word_1_570' title='bbox 3593 3150 3878 3205; x_wconf 78' lang='lat' dir='ltr'><strong>torrenth</strong></span> 
     </span>
    </p>
   </div>
   <div class='ocr_carea' id='block_1_76' title="bbox 2306 3227 3878 3310">
    <p class='ocr_par' dir='ltr' id='par_1_76' title="bbox 2306 3227 3878 3310">
     <span class='ocr_line' id='line_1_76' title="bbox 2306 3227 3878 3310; baseline -0.001 -26"><span class='ocrx_word' id='word_1_571' title='bbox 2306 3228 2637 3294; x_wconf 82' lang='lat' dir='ltr'><strong>Raduinum,</strong></span> <span class='ocrx_word' id='word_1_572' title='bbox 2679 3227 2774 3310; x_wconf 87' lang='lat' dir='ltr'><strong>qui</strong></span> <span class='ocrx_word' id='word_1_573' title='bbox 2821 3235 2906 3282; x_wconf 89' lang='lat' dir='ltr'><strong>est</strong></span> <span class='ocrx_word' id='word_1_574' title='bbox 2958 3237 3181 3284; x_wconf 81' lang='lat' dir='ltr'><strong>torrens</strong></span> <span class='ocrx_word' id='word_1_575' title='bbox 3218 3228 3421 3295; x_wconf 85' lang='lat' dir='ltr'><strong>.Cison,</strong></span> <span class='ocrx_word' id='word_1_576' title='bbox 3476 3231 3591 3291; x_wconf 21' lang='lat' dir='ltr'><strong>ubi.</strong></span> <span class='ocrx_word' id='word_1_577' title='bbox 3617 3245 3741 3286; x_wconf 86' lang='lat' dir='ltr'><strong>cum</strong></span> <span class='ocrx_word' id='word_1_578' title='bbox 3781 3230 3878 3285; x_wconf 74' lang='lat' dir='ltr'><strong>ﬁlio</strong></span> 
     </span>
    </p>
   </div>
   <div class='ocr_carea' id='block_1_77' title="bbox 2308 3316 3878 3391">
    <p class='ocr_par' dir='ltr' id='par_1_77' title="bbox 2308 3316 3878 3391">
     <span class='ocr_line' id='line_1_77' title="bbox 2308 3316 3878 3391; baseline -0.001 -14"><span class='ocrx_word' id='word_1_579' title='bbox 2308 3322 2530 3377; x_wconf 66' lang='lat' dir='ltr'><strong>Debere</strong></span> <span class='ocrx_word' id='word_1_580' title='bbox 2564 3316 2938 3391; x_wconf 66' lang='lat' dir='ltr'><strong>prophetissae,</strong></span> <span class='ocrx_word' id='word_1_581' title='bbox 2961 3320 3173 3376; x_wconf 84' lang='lat' dir='ltr'><strong>Barach</strong></span> <span class='ocrx_word' id='word_1_582' title='bbox 3212 3321 3359 3379; x_wconf 75' lang='lat' dir='ltr'><strong>illius</strong></span> <span class='ocrx_word' id='word_1_583' title='bbox 3396 3323 3664 3378; x_wconf 74' lang='lat' dir='ltr'><strong>Abinaem</strong></span> <span class='ocrx_word' id='word_1_584' title='bbox 3707 3323 3878 3378; x_wconf 80' lang='lat' dir='ltr'><strong>deviat</strong></span> 
     </span>
    </p>
   </div>
   <div class='ocr_carea' id='block_1_78' title="bbox 2305 3395 3876 3481">
    <p class='ocr_par' dir='ltr' id='par_1_78' title="bbox 2305 3395 3876 3481">
     <span class='ocr_line' id='line_1_78' title="bbox 2305 3395 3876 3481; baseline -0.001 -12"><span class='ocrx_word' id='word_1_585' title='bbox 2305 3413 2592 3481; x_wconf 65' lang='lat' dir='ltr'><strong>Idumaos,</strong></span> <span class='ocrx_word' id='word_1_586' title='bbox 2649 3413 2832 3468; x_wconf 76' lang='lat' dir='ltr'><strong>Sisara</strong></span> <span class='ocrx_word' id='word_1_587' title='bbox 2869 3413 3123 3469; x_wconf 87' lang='lat' dir='ltr'><strong>videlicet</strong></span> <span class='ocrx_word' id='word_1_588' title='bbox 3177 3415 3359 3470; x_wconf 85' lang='lat' dir='ltr'><strong>occiso</strong></span> <span class='ocrx_word' id='word_1_589' title='bbox 3409 3395 3463 3469; x_wconf 51' lang='grc' dir='ltr'>ι’</span> <span class='ocrx_word' id='word_1_590' title='bbox 3498 3414 3676 3481; x_wconf 77' lang='lat' dir='ltr'><strong>Jahel,</strong></span> <span class='ocrx_word' id='word_1_591' title='bbox 3712 3429 3876 3469; x_wconf 78' lang='lat' dir='ltr'><strong>uxore</strong></span> 
     </span>
    </p>
   </div>
   <div class='ocr_carea' id='block_1_79' title="bbox 2305 3490 3873 3572">
    <p class='ocr_par' dir='ltr' id='par_1_79' title="bbox 2305 3490 3873 3572">
     <span class='ocr_line' id='line_1_79' title="bbox 2305 3490 3873 3572; baseline 0.001 -14"><span class='ocrx_word' id='word_1_592' title='bbox 2305 3502 2484 3561; x_wconf 83' lang='lat' dir='ltr'><strong>Heber</strong></span> <span class='ocrx_word' id='word_1_593' title='bbox 2511 3503 2699 3570; x_wconf 71' lang='lat' dir='ltr'><strong>Cinaei,</strong></span> <span class='ocrx_word' id='word_1_594' title='bbox 2725 3503 2835 3560; x_wconf 83' lang='lat' dir='ltr'><strong>Zeb</strong></span> <span class='ocrx_word' id='word_1_595' title='bbox 2857 3513 3058 3572; x_wconf 89' lang='lat' dir='ltr'><strong>autem,</strong></span> <span class='ocrx_word' id='word_1_596' title='bbox 3084 3515 3141 3562; x_wconf 90' lang='lat' dir='ltr'><strong>et</strong></span> <span class='ocrx_word' id='word_1_597' title='bbox 3167 3490 3345 3560; x_wconf 85' lang='lat' dir='ltr'><strong>Zebee</strong></span> <span class='ocrx_word' id='word_1_598' title='bbox 3376 3516 3432 3560; x_wconf 77' lang='lat' dir='ltr'><strong>ct</strong></span> <span class='ocrx_word' id='word_1_599' title='bbox 3456 3505 3708 3561; x_wconf 86' lang='lat' dir='ltr'><strong>Salmana</strong></span> <span class='ocrx_word' id='word_1_600' title='bbox 3733 3515 3873 3561; x_wconf 82' lang='lat' dir='ltr'><strong>trans</strong></span> 
     </span>
    </p>
   </div>
   <div class='ocr_carea' id='block_1_80' title="bbox 2305 3594 3870 3667">
    <p class='ocr_par' dir='ltr' id='par_1_80' title="bbox 2305 3594 3870 3667">
     <span class='ocr_line' id='line_1_80' title="bbox 2305 3594 3870 3667; baseline 0.002 -17"><span class='ocrx_word' id='word_1_601' title='bbox 2305 3594 2596 3652; x_wconf 87' lang='lat' dir='ltr'><strong>Jordanem</strong></span> <span class='ocrx_word' id='word_1_602' title='bbox 2629 3609 3017 3667; x_wconf 76' lang='lat' dir='ltr'><strong>persequens,</strong></span> <span class='ocrx_word' id='word_1_603' title='bbox 3080 3595 3258 3666; x_wconf 90' lang='lat' dir='ltr'><strong>gladio</strong></span> <span class='ocrx_word' id='word_1_604' title='bbox 3322 3598 3587 3666; x_wconf 85' lang='lat' dir='ltr'><strong>peremit;</strong></span> <span class='ocrx_word' id='word_1_605' title='bbox 3645 3598 3870 3663; x_wconf 85' lang='lat' dir='ltr'><strong>Baracb,</strong></span> 
     </span>
    </p>
   </div>
   <div class='ocr_carea' id='block_1_81' title="bbox 2305 3687 3870 3751">
    <p class='ocr_par' dir='ltr' id='par_1_81' title="bbox 2305 3687 3870 3751">
     <span class='ocr_line' id='line_1_81' title="bbox 2305 3687 3870 3751; baseline 0 -7"><span class='ocrx_word' id='word_1_606' title='bbox 2305 3687 2450 3744; x_wconf 89' lang='lat' dir='ltr'><strong>duce</strong></span> <span class='ocrx_word' id='word_1_607' title='bbox 2479 3701 2666 3742; x_wconf 83' lang='lat' dir='ltr'><strong>eorum</strong></span> <span class='ocrx_word' id='word_1_608' title='bbox 2697 3687 2748 3741; x_wconf 93' lang='lat' dir='ltr'><strong>in</strong></span> <span class='ocrx_word' id='word_1_609' title='bbox 2784 3687 2989 3751; x_wconf 87' lang='lat' dir='ltr'><strong>Endor,</strong></span> <span class='ocrx_word' id='word_1_610' title='bbox 3015 3696 3071 3742; x_wconf 93' lang='lat' dir='ltr'><strong>et</strong></span> <span class='ocrx_word' id='word_1_611' title='bbox 3101 3687 3202 3742; x_wconf 91' lang='lat' dir='ltr'><strong>sub</strong></span> <span class='ocrx_word' id='word_1_612' title='bbox 3226 3687 3420 3742; x_wconf 83' lang='lat' dir='ltr'><strong>Endor</strong></span> <span class='ocrx_word' id='word_1_613' title='bbox 3450 3691 3696 3745; x_wconf 76' lang='lat' dir='ltr'><strong>exercitu</strong></span> <span class='ocrx_word' id='word_1_614' title='bbox 3718 3705 3870 3746; x_wconf 62' lang='lat' dir='ltr'><strong>ceso.</strong></span> 
     </span>
    </p>
   </div>
   <div class='ocr_carea' id='block_1_82' title="bbox 2306 3776 3873 3848">
    <p class='ocr_par' dir='ltr' id='par_1_82' title="bbox 2306 3776 3873 3848">
     <span class='ocr_line' id='line_1_82' title="bbox 2306 3776 3873 3848; baseline -0.001 -17"><span class='ocrx_word' id='word_1_615' title='bbox 2306 3776 2433 3832; x_wconf 89' lang='lat' dir='ltr'><strong>inde</strong></span> <span class='ocrx_word' id='word_1_616' title='bbox 2485 3778 2538 3832; x_wconf 91' lang='lat' dir='ltr'><strong>in</strong></span> <span class='ocrx_word' id='word_1_617' title='bbox 2564 3777 2804 3846; x_wconf 86' lang='lat' dir='ltr'><strong>psalmo,</strong></span> <span class='ocrx_word' id='word_1_618' title='bbox 2861 3777 3071 3832; x_wconf 82' lang='lat' dir='ltr'><strong>Thabor</strong></span> <span class='ocrx_word' id='word_1_619' title='bbox 3113 3787 3164 3832; x_wconf 82' lang='lat' dir='ltr'><strong>et</strong></span> <span class='ocrx_word' id='word_1_620' title='bbox 3198 3779 3429 3835; x_wconf 71' lang='lat' dir='ltr'><strong>Harmon</strong></span> <span class='ocrx_word' id='word_1_621' title='bbox 3454 3781 3516 3844; x_wconf 83' lang='lat'><strong>“,</strong></span> <span class='ocrx_word' id='word_1_622' title='bbox 3548 3792 3655 3834; x_wconf 84' lang='lat' dir='ltr'><strong>etc.</strong></span> <span class='ocrx_word' id='word_1_623' title='bbox 3684 3781 3873 3848; x_wconf 85' lang='lat' dir='ltr'><strong>Quinto</strong></span> 
     </span>
    </p>
   </div>
   <div class='ocr_carea' id='block_1_83' title="bbox 2306 3869 3868 3942">
    <p class='ocr_par' dir='ltr' id='par_1_83' title="bbox 2306 3869 3868 3942">
     <span class='ocr_line' id='line_1_83' title="bbox 2306 3869 3868 3942; baseline 0.001 -17"><span class='ocrx_word' id='word_1_624' title='bbox 2306 3869 2560 3925; x_wconf 89' lang='lat' dir='ltr'><strong>milliario</strong></span> <span class='ocrx_word' id='word_1_625' title='bbox 2587 3887 2621 3924; x_wconf 83' lang='lat' dir='ltr'><strong>a</strong></span> <span class='ocrx_word' id='word_1_626' title='bbox 2667 3870 2847 3936; x_wconf 66' lang='lat' dir='ltr'><strong>Naim,</strong></span> <span class='ocrx_word' id='word_1_627' title='bbox 2879 3871 3126 3928; x_wconf 82' lang='lat' dir='ltr'><strong>Jezrahel</strong></span> <span class='ocrx_word' id='word_1_628' title='bbox 3157 3873 3373 3934; x_wconf 84' lang='lat' dir='ltr'><strong>civitas,</strong></span> <span class='ocrx_word' id='word_1_629' title='bbox 3412 3888 3534 3942; x_wconf 75' lang='lat' dir='ltr'><strong>qua:</strong></span> <span class='ocrx_word' id='word_1_630' title='bbox 3569 3882 3622 3927; x_wconf 86' lang='lat' dir='ltr'><strong>et</strong></span> <span class='ocrx_word' id='word_1_631' title='bbox 3650 3873 3868 3936; x_wconf 81' lang='lat' dir='ltr'><strong>Zaram;</strong></span> 
     </span>
    </p>
   </div>
   <div class='ocr_carea' id='block_1_84' title="bbox 2304 3962 3867 4034">
    <p class='ocr_par' dir='ltr' id='par_1_84' title="bbox 2304 3962 3867 4034">
     <span class='ocr_line' id='line_1_84' title="bbox 2304 3962 3867 4034; baseline -0.003 -16"><span class='ocrx_word' id='word_1_632' title='bbox 2304 3979 2372 4018; x_wconf 79' lang='lat' dir='ltr'><strong>ex</strong></span> <span class='ocrx_word' id='word_1_633' title='bbox 2396 3979 2504 4034; x_wconf 89' lang='lat' dir='ltr'><strong>qua</strong></span> <span class='ocrx_word' id='word_1_634' title='bbox 2528 3962 2765 4027; x_wconf 78' lang='lat' dir='ltr'><strong>Jeaabel,</strong></span> <span class='ocrx_word' id='word_1_635' title='bbox 2797 3962 3132 4033; x_wconf 79' lang='lat' dir='ltr'><strong>impiissima</strong></span> <span class='ocrx_word' id='word_1_636' title='bbox 3170 3963 3381 4034; x_wconf 85' lang='lat' dir='ltr'><strong>regina,</strong></span> <span class='ocrx_word' id='word_1_637' title='bbox 3401 3963 3534 4028; x_wconf 69' lang='lat' dir='ltr'><strong>Iuit,</strong></span> <span class='ocrx_word' id='word_1_638' title='bbox 3559 3966 3867 4033; x_wconf 56' lang='grc' dir='ltr'><strong>(πυτ-διδω-</strong></span> 
     </span>
    </p>
   </div>
   <div class='ocr_carea' id='block_1_85' title="bbox 2306 4054 3866 4126">
    <p class='ocr_par' dir='ltr' id='par_1_85' title="bbox 2306 4054 3866 4126">
     <span class='ocr_line' id='line_1_85' title="bbox 2306 4054 3866 4126; baseline 0.001 -17"><span class='ocrx_word' id='word_1_639' title='bbox 2306 4055 2368 4110; x_wconf 81' lang='lat' dir='ltr'><strong>lit</strong></span> <span class='ocrx_word' id='word_1_640' title='bbox 2402 4057 2612 4112; x_wconf 84' lang='lat' dir='ltr'><strong>vineam</strong></span> <span class='ocrx_word' id='word_1_641' title='bbox 2642 4054 2855 4110; x_wconf 81' lang='lat' dir='ltr'><strong>Naboth</strong></span> <span class='ocrx_word' id='word_1_642' title='bbox 2885 4071 2901 4110; x_wconf 89' lang='lat'><strong>:</strong></span> <span class='ocrx_word' id='word_1_643' title='bbox 2930 4070 3053 4124; x_wconf 65' lang='lat' dir='ltr'><strong>qua</strong></span> <span class='ocrx_word' id='word_1_644' title='bbox 3079 4063 3285 4125; x_wconf 42' lang='lat' dir='ltr'><strong>et,.pro</strong></span> <span class='ocrx_word' id='word_1_645' title='bbox 3317 4056 3732 4126; x_wconf 87' lang='lat' dir='ltr'><strong>importunitate</strong></span> <span class='ocrx_word' id='word_1_646' title='bbox 3757 4071 3866 4119; x_wconf 86' lang='lat' dir='ltr'><strong>sua,</strong></span> 
     </span>
    </p>
   </div>
   <div class='ocr_carea' id='block_1_86' title="bbox 2304 4144 3867 4215">
    <p class='ocr_par' dir='ltr' id='par_1_86' title="bbox 2304 4144 3867 4215">
     <span class='ocr_line' id='line_1_86' title="bbox 2304 4144 3867 4215; baseline -0.003 -13"><span class='ocrx_word' id='word_1_647' title='bbox 2304 4145 2374 4202; x_wconf 89' lang='lat' dir='ltr'><strong>de</strong></span> <span class='ocrx_word' id='word_1_648' title='bbox 2420 4161 2635 4202; x_wconf 90' lang='lat' dir='ltr'><strong>summo</strong></span> <span class='ocrx_word' id='word_1_649' title='bbox 2670 4144 2858 4215; x_wconf 88' lang='lat' dir='ltr'><strong>palatii</strong></span> <span class='ocrx_word' id='word_1_650' title='bbox 2915 4144 3000 4199; x_wconf 92' lang='lat' dir='ltr'><strong>sui</strong></span> <span class='ocrx_word' id='word_1_651' title='bbox 3048 4144 3383 4214; x_wconf 74' lang='lat' dir='ltr'><strong>praecipitata</strong></span> <span class='ocrx_word' id='word_1_652' title='bbox 3447 4145 3650 4202; x_wconf 89' lang='lat' dir='ltr'><strong>interiit</strong></span> <span class='ocrx_word' id='word_1_653' title='bbox 3685 4165 3699 4200; x_wconf 89' lang='lat'><strong>:</strong></span> <span class='ocrx_word' id='word_1_654' title='bbox 3729 4146 3867 4214; x_wconf 81' lang='lat' dir='ltr'><strong>cujus</strong></span> 
     </span>
    </p>
   </div>
   <div class='ocr_carea' id='block_1_87' title="bbox 2306 4237 3865 4311">
    <p class='ocr_par' dir='ltr' id='par_1_87' title="bbox 2306 4237 3865 4311">
     <span class='ocr_line' id='line_1_87' title="bbox 2306 4237 3865 4311; baseline -0.004 -16"><span class='ocrx_word' id='word_1_655' title='bbox 2306 4238 2485 4296; x_wconf 89' lang='lat' dir='ltr'><strong>adhuc</strong></span> <span class='ocrx_word' id='word_1_656' title='bbox 2541 4239 2783 4310; x_wconf 86' lang='lat' dir='ltr'><strong>pyramis</strong></span> <span class='ocrx_word' id='word_1_657' title='bbox 2804 4244 3081 4308; x_wconf 85' lang='lat' dir='ltr'><strong>superstes</strong></span> <span class='ocrx_word' id='word_1_658' title='bbox 3127 4238 3361 4293; x_wconf 83' lang='lat' dir='ltr'><strong>videtur.</strong></span> <span class='ocrx_word' id='word_1_659' title='bbox 3398 4237 3557 4311; x_wconf 80' lang='lat' dir='ltr'><strong>Juxta</strong></span> <span class='ocrx_word' id='word_1_660' title='bbox 3611 4237 3865 4299; x_wconf 83' lang='lat' dir='ltr'><strong>Jezrahel,</strong></span> 
     </span>
    </p>
   </div>
   <div class='ocr_carea' id='block_1_88' title="bbox 2306 4327 3866 4402">
    <p class='ocr_par' dir='ltr' id='par_1_88' title="bbox 2306 4327 3866 4402">
     <span class='ocr_line' id='line_1_88' title="bbox 2306 4327 3866 4402; baseline -0.003 -16"><span class='ocrx_word' id='word_1_661' title='bbox 2306 4346 2528 4402; x_wconf 88' lang='lat' dir='ltr'><strong>campus</strong></span> <span class='ocrx_word' id='word_1_662' title='bbox 2551 4329 2846 4400; x_wconf 82' lang='lat' dir='ltr'><strong>Mageddo;</strong></span> <span class='ocrx_word' id='word_1_663' title='bbox 2878 4331 2930 4383; x_wconf 90' lang='lat' dir='ltr'><strong>in</strong></span> <span class='ocrx_word' id='word_1_664' title='bbox 2962 4344 3069 4398; x_wconf 91' lang='lat' dir='ltr'><strong>quo</strong></span> <span class='ocrx_word' id='word_1_665' title='bbox 3087 4327 3264 4384; x_wconf 82' lang='lat' dir='ltr'><strong>Josias</strong></span> <span class='ocrx_word' id='word_1_666' title='bbox 3288 4344 3380 4384; x_wconf 81' lang='lat' dir='ltr'><strong>rex</strong></span> <span class='ocrx_word' id='word_1_667' title='bbox 3411 4346 3441 4385; x_wconf 86' lang='lat' dir='ltr'><strong>a</strong></span> <span class='ocrx_word' id='word_1_668' title='bbox 3470 4347 3595 4401; x_wconf 85' lang='lat' dir='ltr'><strong>rege</strong></span> <span class='ocrx_word' id='word_1_669' title='bbox 3619 4331 3866 4386; x_wconf 78' lang='lat' dir='ltr'><strong>Samaria:</strong></span> 
     </span>
    </p>
   </div>
   <div class='ocr_carea' id='block_1_89' title="bbox 630 4415 3866 4489">
    <p class='ocr_par' dir='ltr' id='par_1_89' title="bbox 630 4415 3866 4489">
     <span class='ocr_line' id='line_1_89' title="bbox 630 4415 3866 4489; baseline 0.001 -17"><span class='ocrx_word' id='word_1_670' title='bbox 630 4421 808 4472; x_wconf 84' lang='lat' dir='ltr'><strong>iructu</strong></span> <span class='ocrx_word' id='word_1_671' title='bbox 843 4420 1095 4474; x_wconf 66' lang='lat' dir='ltr'><strong>saeculum</strong></span> <span class='ocrx_word' id='word_1_672' title='bbox 1136 4420 1396 4489; x_wconf 89' lang='lat' dir='ltr'><strong>repletum</strong></span> <span class='ocrx_word' id='word_1_673' title='bbox 1418 4431 1522 4476; x_wconf 84' lang='lat' dir='ltr'><strong>est.</strong></span> <span class='ocrx_word' id='word_1_674' title='bbox 1559 4419 1685 4475; x_wconf 87' lang='lat' dir='ltr'><strong>Flos</strong></span> <span class='ocrx_word' id='word_1_675' title='bbox 1715 4422 1816 4476; x_wconf 85' lang='lat' dir='ltr'><strong>iste</strong></span> <span class='ocrx_word' id='word_1_676' title='bbox 1859 4421 2010 4488; x_wconf 88' lang='lat' dir='ltr'><strong>virgo</strong></span> <span class='ocrx_word' id='word_1_677' title='bbox 2036 4420 2203 4476; x_wconf 81' lang='lat' dir='ltr'><strong>Maria</strong></span> <span class='ocrx_word' id='word_1_678' title='bbox 2231 4425 2282 4484; x_wconf 82' lang='lat'><strong>1)</strong></span> <span class='ocrx_word' id='word_1_679' title='bbox 2307 4417 2561 4473; x_wconf 87' lang='lat' dir='ltr'><strong>subactus</strong></span> <span class='ocrx_word' id='word_1_680' title='bbox 2590 4415 2864 4483; x_wconf 80' lang='lat' dir='ltr'><strong>occubuit,</strong></span> <span class='ocrx_word' id='word_1_681' title='bbox 2896 4416 3090 4472; x_wconf 89' lang='lat' dir='ltr'><strong>deinde</strong></span> <span class='ocrx_word' id='word_1_682' title='bbox 3119 4415 3421 4472; x_wconf 84' lang='lat' dir='ltr'><strong>translatus</strong></span> <span class='ocrx_word' id='word_1_683' title='bbox 3460 4419 3514 4474; x_wconf 90' lang='lat' dir='ltr'><strong>in</strong></span> <span class='ocrx_word' id='word_1_684' title='bbox 3547 4419 3676 4475; x_wconf 91' lang='lat' dir='ltr'><strong>Sion</strong></span> <span class='ocrx_word' id='word_1_685' title='bbox 3718 4429 3772 4475; x_wconf 87' lang='lat' dir='ltr'><strong>et</strong></span> <span class='ocrx_word' id='word_1_686' title='bbox 3793 4433 3866 4472; x_wconf 71' lang='grc' dir='ltr'><strong>δε·</strong></span> 
     </span>
    </p>
   </div>
   <div class='ocr_carea' id='block_1_90' title="bbox 627 4510 2196 4584">
    <p class='ocr_par' dir='ltr' id='par_1_90' title="bbox 627 4510 2196 4584">
     <span class='ocr_line' id='line_1_90' title="bbox 627 4510 2196 4584; baseline 0.003 -21"><span class='ocrx_word' id='word_1_687' title='bbox 627 4525 693 4563; x_wconf 81' lang='lat' dir='ltr'><strong>ex</strong></span> <span class='ocrx_word' id='word_1_688' title='bbox 742 4526 847 4580; x_wconf 89' lang='lat' dir='ltr'><strong>qua</strong></span> <span class='ocrx_word' id='word_1_689' title='bbox 894 4510 1109 4566; x_wconf 86' lang='lat' dir='ltr'><strong>Gabriel</strong></span> <span class='ocrx_word' id='word_1_690' title='bbox 1170 4511 1523 4584; x_wconf 79' lang='lat' dir='ltr'><strong>archangelus</strong></span> <span class='ocrx_word' id='word_1_691' title='bbox 1582 4513 1638 4568; x_wconf 83' lang='lat' dir='ltr'><strong>in</strong></span> <span class='ocrx_word' id='word_1_692' title='bbox 1689 4515 1877 4569; x_wconf 88' lang='lat' dir='ltr'><strong>eadem</strong></span> <span class='ocrx_word' id='word_1_693' title='bbox 1927 4512 2196 4568; x_wconf 80' lang='lat' dir='ltr'><strong>Nazareth</strong></span> 
     </span>
    </p>
   </div>
   <div class='ocr_carea' id='block_1_91' title="bbox 629 4594 2207 4668">
    <p class='ocr_par' dir='ltr' id='par_1_91' title="bbox 629 4594 2207 4668">
     <span class='ocr_line' id='line_1_91' title="bbox 629 4594 2207 4668; baseline 0 -14"><span class='ocrx_word' id='word_1_694' title='bbox 629 4594 824 4654; x_wconf 80' lang='lat' dir='ltr'><strong>Filium</strong></span> <span class='ocrx_word' id='word_1_695' title='bbox 858 4600 1123 4654; x_wconf 84' lang='lat' dir='ltr'><strong>Altissimi</strong></span> <span class='ocrx_word' id='word_1_696' title='bbox 1183 4602 1517 4656; x_wconf 88' lang='lat' dir='ltr'><strong>nasciturum</strong></span> <span class='ocrx_word' id='word_1_697' title='bbox 1559 4602 1845 4666; x_wconf 88' lang='lat' dir='ltr'><strong>nuntiavit,</strong></span> <span class='ocrx_word' id='word_1_698' title='bbox 1898 4602 2149 4668; x_wconf 90' lang='lat' dir='ltr'><strong>inquiens</strong></span> <span class='ocrx_word' id='word_1_699' title='bbox 2192 4619 2207 4655; x_wconf 90' lang='lat'><strong>:</strong></span> 
     </span>
    </p>
   </div>
   <div class='ocr_carea' id='block_1_92' title="bbox 627 4691 2209 4757">
    <p class='ocr_par' dir='ltr' id='par_1_92' title="bbox 627 4691 2209 4757">
     <span class='ocr_line' id='line_1_92' title="bbox 627 4691 2209 4757; baseline 0.001 -12"><span class='ocrx_word' id='word_1_700' title='bbox 627 4692 753 4757; x_wconf 74' lang='lat' dir='ltr'><strong>Ave,</strong></span> <span class='ocrx_word' id='word_1_701' title='bbox 785 4691 961 4748; x_wconf 72' lang='lat' dir='ltr'><strong>Maria</strong></span> <span class='ocrx_word' id='word_1_702' title='bbox 986 4693 1051 4750; x_wconf 82' lang='lat'><strong>&#39;°.</strong></span> <span class='ocrx_word' id='word_1_703' title='bbox 1080 4692 1151 4746; x_wconf 88' lang='lat' dir='ltr'><strong>De</strong></span> <span class='ocrx_word' id='word_1_704' title='bbox 1182 4692 1446 4747; x_wconf 79' lang='lat' dir='ltr'><strong>Nazareth</strong></span> <span class='ocrx_word' id='word_1_705' title='bbox 1478 4694 1679 4748; x_wconf 89' lang='lat' dir='ltr'><strong>dictum</strong></span> <span class='ocrx_word' id='word_1_706' title='bbox 1705 4694 1802 4748; x_wconf 83' lang='lat' dir='ltr'><strong>fuit</strong></span> <span class='ocrx_word' id='word_1_707' title='bbox 1832 4715 1845 4751; x_wconf 91' lang='lat'><strong>:</strong></span> <span class='ocrx_word' id='word_1_708' title='bbox 1876 4696 1918 4747; x_wconf 79' lang='grc' dir='ltr'><em>Α</em></span> <span class='ocrx_word' id='word_1_709' title='bbox 1943 4693 2209 4747; x_wconf 80' lang='lat' dir='ltr'><strong>Nasareth</strong></span> 
     </span>
    </p>
   </div>
   <div class='ocr_carea' id='block_1_93' title="bbox 623 4783 2203 4855">
    <p class='ocr_par' dir='ltr' id='par_1_93' title="bbox 623 4783 2203 4855">
     <span class='ocr_line' id='line_1_93' title="bbox 623 4783 2203 4855; baseline 0.004 -21"><span class='ocrx_word' id='word_1_710' title='bbox 623 4792 795 4852; x_wconf 78' lang='lat' dir='ltr'><strong>potest</strong></span> <span class='ocrx_word' id='word_1_711' title='bbox 827 4783 946 4836; x_wconf 79' lang='lat' dir='ltr'><strong>boni</strong></span> <span class='ocrx_word' id='word_1_712' title='bbox 993 4785 1201 4854; x_wconf 72' lang='lat' dir='ltr'><strong>aliquid</strong></span> <span class='ocrx_word' id='word_1_713' title='bbox 1255 4784 1406 4839; x_wconf 78' lang='lat' dir='ltr'><strong>esse?</strong></span> <span class='ocrx_word' id='word_1_714' title='bbox 1451 4784 1709 4840; x_wconf 77' lang='lat' dir='ltr'><strong>Milliario</strong></span> <span class='ocrx_word' id='word_1_715' title='bbox 1744 4787 1937 4855; x_wconf 87' lang='lat' dir='ltr'><strong>quinto</strong></span> <span class='ocrx_word' id='word_1_716' title='bbox 1966 4801 1994 4839; x_wconf 90' lang='lat' dir='ltr'><strong>a</strong></span> <span class='ocrx_word' id='word_1_717' title='bbox 2031 4784 2203 4840; x_wconf 74' lang='lat' dir='ltr'><strong>Nasa-</strong></span> 
     </span>
    </p>
   </div>
   <div class='ocr_carea' id='block_1_94' title="bbox 632 4873 2200 4946">
    <p class='ocr_par' dir='ltr' id='par_1_94' title="bbox 632 4873 2200 4946">
     <span class='ocr_line' id='line_1_94' title="bbox 632 4873 2200 4946; baseline 0.002 -20"><span class='ocrx_word' id='word_1_718' title='bbox 632 4875 774 4940; x_wconf 90' lang='lat' dir='ltr'><strong>reth,</strong></span> <span class='ocrx_word' id='word_1_719' title='bbox 808 4873 1068 4945; x_wconf 88' lang='lat' dir='ltr'><strong>Sephoris</strong></span> <span class='ocrx_word' id='word_1_720' title='bbox 1091 4877 1329 4943; x_wconf 83' lang='lat' dir='ltr'><strong>civitas,</strong></span> <span class='ocrx_word' id='word_1_721' title='bbox 1367 4876 1472 4941; x_wconf 83' lang='lat' dir='ltr'><strong>via,</strong></span> <span class='ocrx_word' id='word_1_722' title='bbox 1507 4891 1628 4946; x_wconf 71' lang='lat' dir='ltr'><strong>quae</strong></span> <span class='ocrx_word' id='word_1_723' title='bbox 1665 4877 1816 4932; x_wconf 86' lang='lat' dir='ltr'><strong>ducit</strong></span> <span class='ocrx_word' id='word_1_724' title='bbox 1858 4876 2072 4930; x_wconf 86' lang='lat' dir='ltr'><strong>Achon.</strong></span> <span class='ocrx_word' id='word_1_725' title='bbox 2119 4873 2200 4929; x_wconf 77' lang='lat' dir='ltr'><strong>Ex</strong></span> 
     </span>
    </p>
   </div>
   <div class='ocr_carea' id='block_1_95' title="bbox 630 4964 2196 5040">
    <p class='ocr_par' dir='ltr' id='par_1_95' title="bbox 630 4964 2196 5040">
     <span class='ocr_line' id='line_1_95' title="bbox 630 4964 2196 5040; baseline 0 -21"><span class='ocrx_word' id='word_1_726' title='bbox 630 4964 865 5034; x_wconf 79' lang='lat' dir='ltr'><strong>Sephori</strong></span> <span class='ocrx_word' id='word_1_727' title='bbox 912 4967 1283 5024; x_wconf 74' lang='lat' dir='ltr'><strong>mater&#39;beala:</strong></span> <span class='ocrx_word' id='word_1_728' title='bbox 1333 4967 1552 5040; x_wconf 76' lang='lat' dir='ltr'><strong>Mariae,</strong></span> <span class='ocrx_word' id='word_1_729' title='bbox 1594 4967 1774 5034; x_wconf 85' lang='lat' dir='ltr'><strong>Anna,</strong></span> <span class='ocrx_word' id='word_1_730' title='bbox 1816 4977 1868 5022; x_wconf 90' lang='lat' dir='ltr'><strong>et</strong></span> <span class='ocrx_word' id='word_1_731' title='bbox 1906 4965 2196 5035; x_wconf 82' lang='lat' dir='ltr'><strong>iicrmana,</strong></span> 
     </span>
    </p>
   </div>
   <div class='ocr_carea' id='block_1_96' title="bbox 628 5057 2198 5124">
    <p class='ocr_par' dir='ltr' id='par_1_96' title="bbox 628 5057 2198 5124">
     <span class='ocr_line' id='line_1_96' title="bbox 628 5057 2198 5124; baseline 0.001 -12"><span class='ocrx_word' id='word_1_732' title='bbox 628 5072 864 5112; x_wconf 83' lang='lat' dir='ltr'><strong>sorores.</strong></span> <span class='ocrx_word' id='word_1_733' title='bbox 896 5058 971 5113; x_wconf 86' lang='lat' dir='ltr'><strong>De</strong></span> <span class='ocrx_word' id='word_1_734' title='bbox 1027 5058 1296 5115; x_wconf 75' lang='lat' dir='ltr'><strong>Hermann</strong></span> <span class='ocrx_word' id='word_1_735' title='bbox 1349 5071 1472 5115; x_wconf 78' lang='lat' dir='ltr'><strong>nata</strong></span> <span class='ocrx_word' id='word_1_736' title='bbox 1528 5070 1614 5115; x_wconf 87' lang='lat' dir='ltr'><strong>est</strong></span> <span class='ocrx_word' id='word_1_737' title='bbox 1666 5057 1971 5124; x_wconf 82' lang='lat' dir='ltr'><strong>Elizabeth,</strong></span> <span class='ocrx_word' id='word_1_738' title='bbox 2025 5069 2198 5114; x_wconf 88' lang='lat' dir='ltr'><strong>mater</strong></span> 
     </span>
    </p>
   </div>
   <div class='ocr_carea' id='block_1_97' title="bbox 629 5147 2190 5219">
    <p class='ocr_par' dir='ltr' id='par_1_97' title="bbox 629 5147 2190 5219">
     <span class='ocr_line' id='line_1_97' title="bbox 629 5147 2190 5219; baseline 0.001 -16"><span class='ocrx_word' id='word_1_739' title='bbox 629 5147 852 5203; x_wconf 87' lang='lat' dir='ltr'><strong>Joannis</strong></span> <span class='ocrx_word' id='word_1_740' title='bbox 910 5149 1186 5219; x_wconf 62' lang='lat' dir='ltr'><strong>Baptista.</strong></span> <span class='ocrx_word' id='word_1_741' title='bbox 1242 5153 1413 5208; x_wconf 88' lang='lat' dir='ltr'><strong>Porro</strong></span> <span class='ocrx_word' id='word_1_742' title='bbox 1467 5152 1713 5209; x_wconf 84' lang='lat' dir='ltr'><strong>Joachim</strong></span> <span class='ocrx_word' id='word_1_743' title='bbox 1771 5153 1924 5206; x_wconf 82' lang='lat' dir='ltr'><strong>duxit</strong></span> <span class='ocrx_word' id='word_1_744' title='bbox 1978 5153 2190 5204; x_wconf 88' lang='lat' dir='ltr'><strong>Annam</strong></span> 
     </span>
    </p>
   </div>
   <div class='ocr_carea' id='block_1_98' title="bbox 631 5242 2191 5313">
    <p class='ocr_par' dir='ltr' id='par_1_98' title="bbox 631 5242 2191 5313">
     <span class='ocr_line' id='line_1_98' title="bbox 631 5242 2191 5313; baseline 0.004 -23"><span class='ocrx_word' id='word_1_745' title='bbox 631 5253 876 5303; x_wconf 84' lang='lat' dir='ltr'><strong>uxorem,</strong></span> <span class='ocrx_word' id='word_1_746' title='bbox 915 5244 1004 5310; x_wconf 92' lang='lat' dir='ltr'><strong>qui</strong></span> <span class='ocrx_word' id='word_1_747' title='bbox 1030 5245 1213 5313; x_wconf 88' lang='lat' dir='ltr'><strong>genuit</strong></span> <span class='ocrx_word' id='word_1_748' title='bbox 1238 5258 1303 5297; x_wconf 78' lang='lat' dir='ltr'><strong>ex</strong></span> <span class='ocrx_word' id='word_1_749' title='bbox 1331 5259 1394 5299; x_wconf 91' lang='lat' dir='ltr'><strong>ea</strong></span> <span class='ocrx_word' id='word_1_750' title='bbox 1426 5244 1672 5310; x_wconf 76' lang='lat' dir='ltr'><strong>Mariam,</strong></span> <span class='ocrx_word' id='word_1_751' title='bbox 1702 5242 1926 5298; x_wconf 68' lang='lat' dir='ltr'><strong>Hatrem</strong></span> <span class='ocrx_word' id='word_1_752' title='bbox 1959 5242 2191 5297; x_wconf 84' lang='lat' dir='ltr'><strong>Domini.</strong></span> 
     </span>
    </p>
   </div>
   <div class='ocr_carea' id='block_1_99' title="bbox 629 5329 2193 5405">
    <p class='ocr_par' dir='ltr' id='par_1_99' title="bbox 629 5329 2193 5405">
     <span class='ocr_line' id='line_1_99' title="bbox 629 5329 2193 5405; baseline 0.003 -23"><span class='ocrx_word' id='word_1_753' title='bbox 629 5329 840 5383; x_wconf 78' lang='lat' dir='ltr'><strong>Mortuo</strong></span> <span class='ocrx_word' id='word_1_754' title='bbox 865 5329 1131 5400; x_wconf 86' lang='lat' dir='ltr'><strong>Joachim,</strong></span> <span class='ocrx_word' id='word_1_755' title='bbox 1159 5334 1424 5405; x_wconf 86' lang='lat' dir='ltr'><strong>Cleophas</strong></span> <span class='ocrx_word' id='word_1_756' title='bbox 1451 5334 1607 5390; x_wconf 82' lang='lat' dir='ltr'><strong>duxit</strong></span> <span class='ocrx_word' id='word_1_757' title='bbox 1629 5336 1838 5389; x_wconf 85' lang='lat' dir='ltr'><strong>Annam</strong></span> <span class='ocrx_word' id='word_1_758' title='bbox 1871 5335 1921 5387; x_wconf 92' lang='lat' dir='ltr'><strong>in</strong></span> <span class='ocrx_word' id='word_1_759' title='bbox 1949 5348 2193 5397; x_wconf 81' lang='lat' dir='ltr'><strong>uxorem,</strong></span> 
     </span>
    </p>
   </div>
   <div class='ocr_carea' id='block_1_100' title="bbox 628 5426 2198 5496">
    <p class='ocr_par' dir='ltr' id='par_1_100' title="bbox 628 5426 2198 5496">
     <span class='ocr_line' id='line_1_100' title="bbox 628 5426 2198 5496; baseline 0.004 -24"><span class='ocrx_word' id='word_1_760' title='bbox 628 5429 682 5473; x_wconf 92' lang='lat' dir='ltr'><strong>et</strong></span> <span class='ocrx_word' id='word_1_761' title='bbox 720 5426 901 5490; x_wconf 87' lang='lat' dir='ltr'><strong>genuit</strong></span> <span class='ocrx_word' id='word_1_762' title='bbox 937 5438 1002 5476; x_wconf 81' lang='lat' dir='ltr'><strong>ex</strong></span> <span class='ocrx_word' id='word_1_763' title='bbox 1051 5439 1114 5478; x_wconf 86' lang='lat' dir='ltr'><strong>ea</strong></span> <span class='ocrx_word' id='word_1_764' title='bbox 1143 5427 1652 5494; x_wconf 76' lang='lat' dir='ltr'><strong>alteram&#39;Mariam,</strong></span> <span class='ocrx_word' id='word_1_765' title='bbox 1719 5442 1838 5496; x_wconf 72' lang='lat' dir='ltr'><strong>qttte</strong></span> <span class='ocrx_word' id='word_1_766' title='bbox 1866 5426 1966 5480; x_wconf 81' lang='lat' dir='ltr'><strong>fuit</strong></span> <span class='ocrx_word' id='word_1_767' title='bbox 2027 5435 2198 5479; x_wconf 85' lang='lat' dir='ltr'><strong>mater</strong></span> 
     </span>
    </p>
   </div>
   <div class='ocr_carea' id='block_1_101' title="bbox 628 5511 2198 5590">
    <p class='ocr_par' dir='ltr' id='par_1_101' title="bbox 628 5511 2198 5590">
     <span class='ocr_line' id='line_1_101' title="bbox 628 5511 2198 5590; baseline 0.005 -27"><span class='ocrx_word' id='word_1_768' title='bbox 628 5511 812 5566; x_wconf 83' lang='lat' dir='ltr'><strong>Jacobi</strong></span> <span class='ocrx_word' id='word_1_769' title='bbox 865 5513 1092 5570; x_wconf 87' lang='lat' dir='ltr'><strong>minoris</strong></span> <span class='ocrx_word' id='word_1_770' title='bbox 1125 5517 1354 5588; x_wconf 73' lang='lat' dir='ltr'><strong>Alphaei,</strong></span> <span class='ocrx_word' id='word_1_771' title='bbox 1399 5519 1490 5590; x_wconf 88' lang='lat' dir='ltr'><strong>qui</strong></span> <span class='ocrx_word' id='word_1_772' title='bbox 1533 5518 1833 5588; x_wconf 84' lang='lat' dir='ltr'><strong>appellatur</strong></span> <span class='ocrx_word' id='word_1_773' title='bbox 1874 5519 2037 5571; x_wconf 81' lang='lat' dir='ltr'><strong>frater</strong></span> <span class='ocrx_word' id='word_1_774' title='bbox 2092 5516 2198 5571; x_wconf 76' lang='lat' dir='ltr'><strong>Do~</strong></span> 
     </span>
    </p>
   </div>
   <div class='ocr_carea' id='block_1_102' title="bbox 631 5649 1581 5777">
    <p class='ocr_par' dir='ltr' id='par_1_102' title="bbox 631 5649 1581 5777">
     <span class='ocr_line' id='line_1_102' title="bbox 631 5649 1581 5777; baseline 0.006 -73"><span class='ocrx_word' id='word_1_775' title='bbox 631 5736 647 5777; x_wconf 66' lang='grc' dir='ltr'><strong>Ι</strong></span> <span class='ocrx_word' id='word_1_776' title='bbox 701 5649 933 5772; x_wconf 49' lang='grc' dir='ltr'><strong>ἔξιθιιιι.</strong></span> <span class='ocrx_word' id='word_1_777' title='bbox 968 5669 1085 5721; x_wconf 80' lang='lat' dir='ltr'><strong>vui,</strong></span> <span class='ocrx_word' id='word_1_778' title='bbox 1126 5654 1208 5711; x_wconf 73' lang='grc'><strong>12.</strong></span> <span class='ocrx_word' id='word_1_779' title='bbox 1284 5655 1464 5714; x_wconf 78' lang='lat' dir='ltr'><strong>’ibid.</strong></span> <span class='ocrx_word' id='word_1_780' title='bbox 1492 5656 1581 5712; x_wconf 77' lang='lat'><strong>‘26.</strong></span> 
     </span>
    </p>
   </div>
   <div class='ocr_carea' id='block_1_103' title="bbox 656 5758 790 5788">
    <p class='ocr_par' dir='ltr' id='par_1_103' title="bbox 656 5758 790 5788">
     <span class='ocr_line' id='line_1_103' title="bbox 656 5758 790 5788; baseline 0 -14"><span class='ocrx_word' id='word_1_781' title='bbox 656 5759 669 5788; x_wconf 72' lang='lat'><strong><em>’</em></strong></span> <span class='ocrx_word' id='word_1_782' title='bbox 707 5758 790 5774; x_wconf 69' lang='grc'><strong>-.0</strong></span> 
     </span>
    </p>
   </div>
   <div class='ocr_carea' id='block_1_104' title="bbox 1666 5651 2696 5724">
    <p class='ocr_par' dir='ltr' id='par_1_104' title="bbox 1666 5651 2696 5724">
     <span class='ocr_line' id='line_1_104' title="bbox 1666 5651 2696 5724; baseline -0.004 -12"><span class='ocrx_word' id='word_1_783' title='bbox 1666 5659 1707 5690; x_wconf 78' lang='grc'><strong>³⁸</strong></span> <span class='ocrx_word' id='word_1_784' title='bbox 1740 5657 1873 5714; x_wconf 88' lang='lat' dir='ltr'><strong>Luc.</strong></span> <span class='ocrx_word' id='word_1_785' title='bbox 1921 5674 1961 5715; x_wconf 90' lang='lat' dir='ltr'><strong>l.</strong></span> <span class='ocrx_word' id='word_1_786' title='bbox 1991 5655 2082 5712; x_wconf 76' lang='lat'><strong>28.</strong></span> <span class='ocrx_word' id='word_1_787' title='bbox 2164 5655 2203 5685; x_wconf 86' lang='grc'>¹¹</span> <span class='ocrx_word' id='word_1_788' title='bbox 2233 5651 2426 5712; x_wconf 79' lang='lat' dir='ltr'><strong>Matth.</strong></span> <span class='ocrx_word' id='word_1_789' title='bbox 2481 5667 2609 5724; x_wconf 78' lang='lat' dir='ltr'><strong>xvn,</strong></span> <span class='ocrx_word' id='word_1_790' title='bbox 2645 5653 2696 5708; x_wconf 83' lang='lat'><strong>5.</strong></span> 
     </span>
    </p>
   </div>
   <div class='ocr_carea' id='block_1_105' title="bbox 2307 4507 3866 4580">
    <p class='ocr_par' dir='ltr' id='par_1_105' title="bbox 2307 4507 3866 4580">
     <span class='ocr_line' id='line_1_105' title="bbox 2307 4507 3866 4580; baseline -0.001 -17"><span class='ocrx_word' id='word_1_791' title='bbox 2307 4509 2489 4580; x_wconf 88' lang='lat' dir='ltr'><strong>pultus</strong></span> <span class='ocrx_word' id='word_1_792' title='bbox 2516 4523 2532 4562; x_wconf 87' lang='lat'><strong>:</strong></span> <span class='ocrx_word' id='word_1_793' title='bbox 2559 4524 2658 4578; x_wconf 89' lang='lat' dir='ltr'><strong>pro</strong></span> <span class='ocrx_word' id='word_1_794' title='bbox 2694 4507 2856 4578; x_wconf 85' lang='lat' dir='ltr'><strong>cujus</strong></span> <span class='ocrx_word' id='word_1_795' title='bbox 2885 4513 3063 4563; x_wconf 90' lang='lat' dir='ltr'><strong>morte</strong></span> <span class='ocrx_word' id='word_1_796' title='bbox 3108 4508 3236 4563; x_wconf 78' lang='lat' dir='ltr'><strong>fecit</strong></span> <span class='ocrx_word' id='word_1_797' title='bbox 3286 4507 3550 4566; x_wconf 87' lang='lat' dir='ltr'><strong>Jeremias</strong></span> <span class='ocrx_word' id='word_1_798' title='bbox 3597 4511 3866 4567; x_wconf 85' lang='lat' dir='ltr'><strong>Lamenta-</strong></span> 
     </span>
    </p>
   </div>
   <div class='ocr_carea' id='block_1_106' title="bbox 2305 4599 3861 4669">
    <p class='ocr_par' dir='ltr' id='par_1_106' title="bbox 2305 4599 3861 4669">
     <span class='ocr_line' id='line_1_106' title="bbox 2305 4599 3861 4669; baseline 0 -13"><span class='ocrx_word' id='word_1_799' title='bbox 2305 4603 2505 4658; x_wconf 90' lang='lat' dir='ltr'><strong>tiones.</strong></span> <span class='ocrx_word' id='word_1_800' title='bbox 2557 4600 2811 4656; x_wconf 77' lang='lat' dir='ltr'><strong>Milliario</strong></span> <span class='ocrx_word' id='word_1_801' title='bbox 2864 4616 2893 4654; x_wconf 87' lang='lat' dir='ltr'><strong>a</strong></span> <span class='ocrx_word' id='word_1_802' title='bbox 2955 4599 3229 4666; x_wconf 84' lang='lat' dir='ltr'><strong>Jezrahet,</strong></span> <span class='ocrx_word' id='word_1_803' title='bbox 3290 4616 3503 4658; x_wconf 87' lang='lat' dir='ltr'><strong>montes</strong></span> <span class='ocrx_word' id='word_1_804' title='bbox 3554 4604 3786 4669; x_wconf 80' lang='lat' dir='ltr'><strong>Gelboe;</strong></span> <span class='ocrx_word' id='word_1_805' title='bbox 3820 4605 3861 4657; x_wconf 91' lang='lat' dir='ltr'><strong>in</strong></span> 
     </span>
    </p>
   </div>
   <div class='ocr_carea' id='block_1_107' title="bbox 2306 4691 3864 4763">
    <p class='ocr_par' dir='ltr' id='par_1_107' title="bbox 2306 4691 3864 4763">
     <span class='ocr_line' id='line_1_107' title="bbox 2306 4691 3864 4763; baseline 0.004 -16"><span class='ocrx_word' id='word_1_806' title='bbox 2306 4693 2503 4763; x_wconf 89' lang='lat' dir='ltr'><strong>quibus</strong></span> <span class='ocrx_word' id='word_1_807' title='bbox 2556 4692 2884 4748; x_wconf 84' lang='lat' dir='ltr'><strong>dimicantes</strong></span> <span class='ocrx_word' id='word_1_808' title='bbox 2923 4691 3052 4748; x_wconf 89' lang='lat' dir='ltr'><strong>Saul</strong></span> <span class='ocrx_word' id='word_1_809' title='bbox 3105 4702 3158 4748; x_wconf 92' lang='lat' dir='ltr'><strong>et</strong></span> <span class='ocrx_word' id='word_1_810' title='bbox 3212 4692 3492 4761; x_wconf 90' lang='lat' dir='ltr'><strong>Jonathas,</strong></span> <span class='ocrx_word' id='word_1_811' title='bbox 3520 4726 3522 4730; x_wconf 63' lang='grc' dir='ltr'><strong><em>τ</em></strong></span> <span class='ocrx_word' id='word_1_812' title='bbox 3552 4697 3756 4752; x_wconf 85' lang='lat' dir='ltr'><strong>subacti</strong></span> <span class='ocrx_word' id='word_1_813' title='bbox 3799 4695 3864 4752; x_wconf 84' lang='lat' dir='ltr'><strong>si-</strong></span> 
     </span>
    </p>
   </div>
   <div class='ocr_carea' id='block_1_108' title="bbox 2305 4784 3862 4854">
    <p class='ocr_par' dir='ltr' id='par_1_108' title="bbox 2305 4784 3862 4854">
     <span class='ocr_line' id='line_1_108' title="bbox 2305 4784 3862 4854; baseline 0.001 -14"><span class='ocrx_word' id='word_1_814' title='bbox 2305 4787 2537 4840; x_wconf 91' lang='lat' dir='ltr'><strong>luerunt.</strong></span> <span class='ocrx_word' id='word_1_815' title='bbox 2584 4784 2737 4840; x_wconf 89' lang='lat' dir='ltr'><strong>Unde</strong></span> <span class='ocrx_word' id='word_1_816' title='bbox 2776 4785 2946 4840; x_wconf 85' lang='lat' dir='ltr'><strong>David</strong></span> <span class='ocrx_word' id='word_1_817' title='bbox 2985 4800 3001 4838; x_wconf 87' lang='lat'><strong>:</strong></span> <span class='ocrx_word' id='word_1_818' title='bbox 3051 4784 3254 4840; x_wconf 72' lang='lat' dir='ltr'><strong>Montes</strong></span> <span class='ocrx_word' id='word_1_819' title='bbox 3296 4784 3486 4840; x_wconf 84' lang='lat' dir='ltr'><strong>Gelboe</strong></span> <span class='ocrx_word' id='word_1_820' title='bbox 3517 4788 3580 4854; x_wconf 79' lang='grc'><strong>³³,</strong></span> <span class='ocrx_word' id='word_1_821' title='bbox 3618 4800 3727 4843; x_wconf 88' lang='lat' dir='ltr'><strong>etc.</strong></span> <span class='ocrx_word' id='word_1_822' title='bbox 3775 4789 3862 4842; x_wconf 85' lang='lat' dir='ltr'><strong>Se-</strong></span> 
     </span>
    </p>
   </div>
   <div class='ocr_carea' id='block_1_109' title="bbox 2308 4877 3860 4949">
    <p class='ocr_par' dir='ltr' id='par_1_109' title="bbox 2308 4877 3860 4949">
     <span class='ocr_line' id='line_1_109' title="bbox 2308 4877 3860 4949; baseline 0.002 -17"><span class='ocrx_word' id='word_1_823' title='bbox 2308 4878 2487 4934; x_wconf 88' lang='lat' dir='ltr'><strong>cundo</strong></span> <span class='ocrx_word' id='word_1_824' title='bbox 2523 4877 2777 4932; x_wconf 89' lang='lat' dir='ltr'><strong>milliario</strong></span> <span class='ocrx_word' id='word_1_825' title='bbox 2812 4892 2843 4931; x_wconf 94' lang='lat' dir='ltr'><strong>a</strong></span> <span class='ocrx_word' id='word_1_826' title='bbox 2900 4877 3121 4945; x_wconf 87' lang='lat' dir='ltr'><strong>Gelboe,</strong></span> <span class='ocrx_word' id='word_1_827' title='bbox 3178 4886 3363 4932; x_wconf 90' lang='lat' dir='ltr'><strong>contra</strong></span> <span class='ocrx_word' id='word_1_828' title='bbox 3402 4877 3706 4942; x_wconf 87' lang='lat' dir='ltr'><strong>Orientem,</strong></span> <span class='ocrx_word' id='word_1_829' title='bbox 3743 4880 3860 4949; x_wconf 74' lang='lat' dir='ltr'><strong>Scy-</strong></span> 
     </span>
    </p>
   </div>
   <div class='ocr_carea' id='block_1_110' title="bbox 2310 4967 3861 5041">
    <p class='ocr_par' dir='ltr' id='par_1_110' title="bbox 2310 4967 3861 5041">
     <span class='ocr_line' id='line_1_110' title="bbox 2310 4967 3861 5041; baseline -0.001 -17"><span class='ocrx_word' id='word_1_830' title='bbox 2310 4969 2542 5038; x_wconf 86' lang='lat' dir='ltr'><strong>thopolis</strong></span> <span class='ocrx_word' id='word_1_831' title='bbox 2589 4969 2804 5032; x_wconf 85' lang='lat' dir='ltr'><strong>civitas,</strong></span> <span class='ocrx_word' id='word_1_832' title='bbox 2849 4967 3084 5022; x_wconf 66' lang='lat' dir='ltr'><strong>Galilaam</strong></span> <span class='ocrx_word' id='word_1_833' title='bbox 3137 4970 3485 5039; x_wconf 83' lang='lat' dir='ltr'><strong>metropolis,</strong></span> <span class='ocrx_word' id='word_1_834' title='bbox 3532 4987 3648 5041; x_wconf 69' lang='lat' dir='ltr'><strong>quae</strong></span> <span class='ocrx_word' id='word_1_835' title='bbox 3683 4982 3740 5027; x_wconf 86' lang='lat' dir='ltr'><strong>et</strong></span> <span class='ocrx_word' id='word_1_836' title='bbox 3779 4969 3861 5023; x_wconf 75' lang='lat' dir='ltr'><strong>Be-</strong></span> 
     </span>
    </p>
   </div>
   <div class='ocr_carea' id='block_1_111' title="bbox 2305 5059 3861 5131">
    <p class='ocr_par' dir='ltr' id='par_1_111' title="bbox 2305 5059 3861 5131">
     <span class='ocr_line' id='line_1_111' title="bbox 2305 5059 3861 5131; baseline -0.002 -15"><span class='ocrx_word' id='word_1_837' title='bbox 2305 5064 2484 5126; x_wconf 90' lang='lat' dir='ltr'><strong>thsan,</strong></span> <span class='ocrx_word' id='word_1_838' title='bbox 2526 5061 2578 5114; x_wconf 88' lang='lat' dir='ltr'><strong>id</strong></span> <span class='ocrx_word' id='word_1_839' title='bbox 2609 5069 2712 5124; x_wconf 89' lang='lat' dir='ltr'><strong>est,</strong></span> <span class='ocrx_word' id='word_1_840' title='bbox 2755 5059 2944 5113; x_wconf 87' lang='lat' dir='ltr'><strong>domus</strong></span> <span class='ocrx_word' id='word_1_841' title='bbox 2971 5059 3125 5128; x_wconf 86' lang='lat' dir='ltr'><strong>solis,</strong></span> <span class='ocrx_word' id='word_1_842' title='bbox 3173 5069 3253 5116; x_wconf 87' lang='lat' dir='ltr'><strong>vet</strong></span> <span class='ocrx_word' id='word_1_843' title='bbox 3287 5061 3498 5128; x_wconf 84' lang='lat' dir='ltr'><strong>civitas,</strong></span> <span class='ocrx_word' id='word_1_844' title='bbox 3535 5077 3697 5131; x_wconf 86' lang='lat' dir='ltr'><strong>supra</strong></span> <span class='ocrx_word' id='word_1_845' title='bbox 3727 5061 3861 5130; x_wconf 71' lang='lat' dir='ltr'><strong>cuius</strong></span> 
     </span>
    </p>
   </div>
   <div class='ocr_carea' id='block_1_112' title="bbox 2306 5149 3858 5220">
    <p class='ocr_par' dir='ltr' id='par_1_112' title="bbox 2306 5149 3858 5220">
     <span class='ocr_line' id='line_1_112' title="bbox 2306 5149 3858 5220; baseline -0.002 -14"><span class='ocrx_word' id='word_1_846' title='bbox 2306 5168 2492 5206; x_wconf 84' lang='lat' dir='ltr'><strong>muros</strong></span> <span class='ocrx_word' id='word_1_847' title='bbox 2551 5151 2950 5219; x_wconf 85' lang='lat' dir='ltr'><strong>suspenderunt</strong></span> <span class='ocrx_word' id='word_1_848' title='bbox 2993 5159 3156 5220; x_wconf 87' lang='lat' dir='ltr'><strong>caput</strong></span> <span class='ocrx_word' id='word_1_849' title='bbox 3221 5149 3371 5206; x_wconf 80' lang='lat' dir='ltr'><strong>Suul.</strong></span> <span class='ocrx_word' id='word_1_850' title='bbox 3429 5151 3629 5217; x_wconf 84' lang='lat' dir='ltr'><strong>Quinto</strong></span> <span class='ocrx_word' id='word_1_851' title='bbox 3680 5152 3858 5206; x_wconf 51' lang='lat' dir='ltr'><strong>millia‘</strong></span> 
     </span>
    </p>
   </div>
   <div class='ocr_carea' id='block_1_113' title="bbox 2301 5238 3857 5309">
    <p class='ocr_par' dir='ltr' id='par_1_113' title="bbox 2301 5238 3857 5309">
     <span class='ocr_line' id='line_1_113' title="bbox 2301 5238 3857 5309; baseline -0.003 -14"><span class='ocrx_word' id='word_1_852' title='bbox 2301 5245 2384 5295; x_wconf 90' lang='lat' dir='ltr'><strong>rio</strong></span> <span class='ocrx_word' id='word_1_853' title='bbox 2446 5257 2474 5294; x_wconf 89' lang='lat' dir='ltr'><strong>a</strong></span> <span class='ocrx_word' id='word_1_854' title='bbox 2508 5238 2772 5302; x_wconf 81' lang='lat' dir='ltr'><strong>Jezrahel,</strong></span> <span class='ocrx_word' id='word_1_855' title='bbox 2823 5239 3091 5309; x_wconf 87' lang='lat' dir='ltr'><strong>geminum</strong></span> <span class='ocrx_word' id='word_1_856' title='bbox 3146 5239 3400 5308; x_wconf 83' lang='lat' dir='ltr'><strong>Oppidum</strong></span> <span class='ocrx_word' id='word_1_857' title='bbox 3457 5242 3625 5306; x_wconf 81' lang='lat' dir='ltr'><strong>illud,</strong></span> <span class='ocrx_word' id='word_1_858' title='bbox 3683 5257 3713 5296; x_wconf 93' lang='lat' dir='ltr'><strong>a</strong></span> <span class='ocrx_word' id='word_1_859' title='bbox 3769 5254 3857 5309; x_wconf 88' lang='lat' dir='ltr'><strong>quo</strong></span> 
     </span>
    </p>
   </div>
   <div class='ocr_carea' id='block_1_114' title="bbox 2302 5330 3853 5401">
    <p class='ocr_par' dir='ltr' id='par_1_114' title="bbox 2302 5330 3853 5401">
     <span class='ocr_line' id='line_1_114' title="bbox 2302 5330 3853 5401; baseline -0.003 -14"><span class='ocrx_word' id='word_1_860' title='bbox 2302 5333 2490 5401; x_wconf 90' lang='lat' dir='ltr'><strong>incipit</strong></span> <span class='ocrx_word' id='word_1_861' title='bbox 2572 5331 2842 5386; x_wconf 83' lang='lat' dir='ltr'><strong>Samaria.</strong></span> <span class='ocrx_word' id='word_1_862' title='bbox 2897 5330 3118 5385; x_wconf 88' lang='lat' dir='ltr'><strong>Decimo</strong></span> <span class='ocrx_word' id='word_1_863' title='bbox 3186 5331 3439 5386; x_wconf 88' lang='lat' dir='ltr'><strong>milliario</strong></span> <span class='ocrx_word' id='word_1_864' title='bbox 3497 5347 3528 5386; x_wconf 91' lang='lat' dir='ltr'><strong>a</strong></span> <span class='ocrx_word' id='word_1_865' title='bbox 3596 5331 3853 5394; x_wconf 87' lang='lat' dir='ltr'><strong>Samaria,</strong></span> 
     </span>
    </p>
   </div>
   <div class='ocr_carea' id='block_1_115' title="bbox 2303 5421 3852 5508">
    <p class='ocr_par' dir='ltr' id='par_1_115' title="bbox 2303 5421 3852 5508">
     <span class='ocr_line' id='line_1_115' title="bbox 2303 5421 3852 5508; baseline -0.001 -31"><span class='ocrx_word' id='word_1_866' title='bbox 2303 5439 2422 5508; x_wconf 76' lang='lat' dir='ltr'><strong>qua:</strong></span> <span class='ocrx_word' id='word_1_867' title='bbox 2451 5432 2503 5478; x_wconf 87' lang='lat' dir='ltr'><strong>et</strong></span> <span class='ocrx_word' id='word_1_868' title='bbox 2532 5421 2775 5488; x_wconf 83' lang='lat' dir='ltr'><strong>SebaSte,</strong></span> <span class='ocrx_word' id='word_1_869' title='bbox 2816 5423 2864 5476; x_wconf 90' lang='lat' dir='ltr'><strong>id</strong></span> <span class='ocrx_word' id='word_1_870' title='bbox 2920 5431 3025 5486; x_wconf 88' lang='lat' dir='ltr'><strong>est,</strong></span> <span class='ocrx_word' id='word_1_871' title='bbox 3057 5423 3324 5491; x_wconf 67' lang='lat' dir='ltr'><strong>Augusta,</strong></span> <span class='ocrx_word' id='word_1_872' title='bbox 3366 5425 3434 5478; x_wconf 86' lang='lat' dir='ltr'><strong>ab</strong></span> <span class='ocrx_word' id='word_1_873' title='bbox 3462 5425 3709 5494; x_wconf 84' lang='lat' dir='ltr'><strong>Augusto</strong></span> <span class='ocrx_word' id='word_1_874' title='bbox 3752 5422 3852 5479; x_wconf 65' lang='lat' dir='ltr'><strong>Cc-</strong></span> 
     </span>
    </p>
   </div>
   <div class='ocr_carea' id='block_1_116' title="bbox 2309 5511 3851 5587">
    <p class='ocr_par' dir='ltr' id='par_1_116' title="bbox 2309 5511 3851 5587">
     <span class='ocr_line' id='line_1_116' title="bbox 2309 5511 3851 5587; baseline -0.003 -19"><span class='ocrx_word' id='word_1_875' title='bbox 2309 5528 2432 5569; x_wconf 85' lang='lat' dir='ltr'><strong>sare</strong></span> <span class='ocrx_word' id='word_1_876' title='bbox 2463 5516 2603 5568; x_wconf 84' lang='lat' dir='ltr'><strong>dicta</strong></span> <span class='ocrx_word' id='word_1_877' title='bbox 2635 5531 2650 5569; x_wconf 71' lang='grc' dir='ltr'><strong>ι</strong></span> <span class='ocrx_word' id='word_1_878' title='bbox 2688 5515 2869 5584; x_wconf 88' lang='lat' dir='ltr'><strong>in-qua</strong></span> <span class='ocrx_word' id='word_1_879' title='bbox 2901 5513 3142 5582; x_wconf 89' lang='lat' dir='ltr'><strong>sepultus</strong></span> <span class='ocrx_word' id='word_1_880' title='bbox 3187 5514 3288 5569; x_wconf 89' lang='lat' dir='ltr'><strong>l&#39;uit</strong></span> <span class='ocrx_word' id='word_1_881' title='bbox 3335 5518 3741 5587; x_wconf 86' lang='lat' dir='ltr'><strong>paranymphus</strong></span> <span class='ocrx_word' id='word_1_882' title='bbox 3775 5511 3851 5568; x_wconf 83' lang='lat' dir='ltr'><strong>ille</strong></span> 
     </span>
    </p>
   </div>
   <div class='ocr_carea' id='block_1_117' title="bbox 2819 5651 3848 5723">
    <p class='ocr_par' dir='ltr' id='par_1_117' title="bbox 2819 5651 3848 5723">
     <span class='ocr_line' id='line_1_117' title="bbox 2819 5651 3848 5723; baseline -0.005 -14"><span class='ocrx_word' id='word_1_883' title='bbox 2819 5654 2859 5685; x_wconf 82' lang='lat'>&quot;</span> <span class='ocrx_word' id='word_1_884' title='bbox 2886 5652 3030 5711; x_wconf 84' lang='lat' dir='ltr'><strong>Psai.</strong></span> <span class='ocrx_word' id='word_1_885' title='bbox 3083 5666 3345 5722; x_wconf 72' lang='lat' dir='ltr'><strong>Lxxn&#39;m,</strong></span> <span class='ocrx_word' id='word_1_886' title='bbox 3379 5651 3465 5711; x_wconf 77' lang='lat' dir='ltr'><strong>l5.</strong></span> <span class='ocrx_word' id='word_1_887' title='bbox 3581 5656 3626 5686; x_wconf 84' lang='lat'>&quot;</span> <span class='ocrx_word' id='word_1_888' title='bbox 3658 5654 3702 5711; x_wconf 88' lang='lat' dir='ltr'><strong>ll</strong></span> <span class='ocrx_word' id='word_1_889' title='bbox 3736 5653 3848 5723; x_wconf 76' lang='lat' dir='ltr'><strong>Reg.</strong></span> 
     </span>
    </p>
   </div>
  </div>
