3956 6324
587 330 698 393 ἘΩΩ

2001 316 2418 378 EUGESlPPI

3703 314 3830 379 1000

593 423 655 494 se
692 438 837 503 inde,
869 438 995 506 quia
1029 437 1110 490 vir
1135 434 1414 502 sanguinis
1445 442 1580 489 crat.
1621 432 1758 502 Ergo
1797 447 1931 500 quas
1959 429 2025 484 ad
2060 431 2164 485 hoc
2193 432 2240 488 Α
2267 433 2357 496 tyr
2375 425 2650 481 occubuit.
2678 425 2852 497 Supra
2913 428 3167 496 templum
3201 428 3300 484 hoc
3329 427 3388 481 in
3424 427 3591 483 veteri
3646 425 3830 483 Testa-

589 537 985 600 praeparaverat
1011 541 1299 596 expensas,
1336 525 1610 580 Salomoni
1669 525 1779 578 filio
1831 539 1951 587 suo,
2004 521 2088 577 cui
2131 535 2164 574 a

589 622 818 681 Domino
867 619 1284 684 concedebatur,
1314 615 1554 678 tradidit,
1603 624 1867 684 quatenus
1898 614 2022 667 inde
2069 613 2164 667 do-

588 725 734 766 mum
767 708 995 761 Domino
1024 715 1390 762 construeret.
1427 704 1742 760 .Edilicavit
1778 720 1869 758 rex
1907 705 2160 759 Salomon

588 800 816 857 Deniinu
858 799 1150 866 templum,
1241 798 1293 852 id
1348 808 1472 859 est,
1532 796 1761 859 Bethel,
1824 806 1878 850 et
1930 797 2099 850 altare
2145 810 2161 848 :

585 907 705 958 qua!
753 898 808 943 et
849 888 1120 943 dedicavit
1170 888 1583 957 incomparabili
1633 897 1884 956 sumptu:
1914 894 2104 955 petens
2132 899 2164 940 a

586 976 842 1046 Domino,
893 983 1058 1050 quod,
1088 983 1395 1049 quicunque
1430 984 1496 1036 de
1521 996 1841 1050 quocunque
1875 981 2163 1035 Dominum

578 1075 910 1139 consuleret,
979 1074 1034 1127 in
1089 1089 1155 1128 eo
1212 1073 1456 1129 exaudiri
1492 1081 1809 1137 mereretur,
1841 1073 1985 1140 quod
2032 1086 2166 1126 con-

581 1180 800 1218 cessum
828 1163 926 1217 fuit
955 1182 983 1216 a
1015 1163 1265 1217 Domino.
1295 1161 1438 1231 Ergo
1471 1162 1664 1216 domus
1694 1160 1933 1226 Domini,
1965 1161 2160 1215 domus

578 1256 822 1310 consilii.
852 1254 982 1308 Illud
1011 1265 1210 1316 autem,
1261 1268 1358 1320 pro
1399 1251 1796 1306 incontinentia
1856 1250 2158 1318 principum

559 1341 638 1401 et
687 1323 896 1414 papuli,
923 1345 1254 1417 exspoliavit
1304 1343 1806 1398 Nabuchodonosor
1842 1356 1938 1410 per
1977 1339 2160 1393 Nabu-

584 1437 808 1497 zardan,
837 1435 1136 1503 principem
1164 1448 1458 1500 coquorum
1493 1447 1737 1492 suorum,
1783 1440 2025 1498 tempore
2061 1430 2159 1484 Se-

582 1525 789 1579 dechize
826 1525 985 1592 regis,
1045 1524 1328 1591 ipsumque
1385 1521 1616 1589 privavit
1672 1523 1826 1583 urbe,
1879 1529 2157 1585 totumque

583 1615 723 1680 quod
759 1613 1055 1681 pretiosum
1115 1611 1359 1680 fulgebat
1409 1612 1459 1663 iu
1501 1612 1614 1662 ωδε
1661 1619 1714 1662 et
1742 1609 1792 1660 in
1825 1610 1974 1672 urbe,
2010 1608 2155 1674 tulit,

581 1703 798 1771 sibique
829 1703 1144 1772 praesentari
1192 1701 1355 1769 jussit
1397 1701 1450 1753 in
1487 1699 1810 1770 Babylonem
1837 1740 1852 1763 ,
1886 1707 1939 1752 et
1986 1713 2155 1767 popu-

2272 524 2457 571 mento
2481 517 2824 574 sanctificare
2865 518 3111 572 solebant
3140 527 3380 573 turtures
3431 529 3487 574 et
3521 519 3830 574 columbas:

2267 609 2414 675 quod
2450 622 2481 661 a
2517 607 2807 664 Saracenis
2828 618 3014 678 postea
3045 611 3380 664 immutatum
3409 596 3494 666 est
3537 613 3590 663 in
3625 610 3834 664 horolo-

2265 696 2434 764 gium,
2468 705 2525 752 et
2573 700 2752 761 adhuc
2781 699 2955 754 videri
2993 709 3193 769 potest.
3238 699 3342 755 Per
3372 700 3688 770 Speciosam
3719 717 3832 772 por-

2269 798 2376 842 tam
2405 789 2589 858 templi
2618 791 2887 846 transiena
2919 790 3115 846 Petrus
3141 806 3262 864 cum
3288 792 3515 858 Joanne,
3554 793 3840 862 respondit-

2265 879 2467 946 petenti
2497 877 2566 933 ab
2589 881 2668 934 eis
2702 897 2718 934 :
2753 881 2906 945 Quod
2933 891 3106 934 autem
3135 882 3321 948 habeo,
3353 884 3451 936 hoc
3475 883 3573 937 tibi
3601 884 3672 936 do
3695 883 3761 936 ⁸³.
3781 883 3831 936 lu

2265 968 2566 1025 Jerusalem
2594 969 2879 1026 Probatica
2912 974 3155 1042 piscina;
3189 989 3376 1043 quam,
3415 984 3664 1046 tempore
3690 973 3829 1036 Jesu,

2265 1061 2430 1114 certis
2460 1061 2789 1129 temporibus
2817 1077 3036 1117 movere
3069 1063 3295 1132 angelus
3324 1063 3541 1117 Domini
3583 1064 3827 1126 solebat;

2263 1151 2576 1220 quicunque
2605 1153 2856 1208 inﬁrmus
2880 1161 3061 1206 autem
3097 1163 3219 1221 post
3243 1157 3540 1209 motionem
3573 1153 3828 1217 intrabat,

2209 1245 2213 1248 ’
2263 1255 2427 1295 sanus
2467 1243 2649 1307 fiebat,
2679 1256 2707 1295 a
2752 1256 3076 1312 quacunque
3116 1243 3465 1298 detinebatur
3495 1244 3826 1298 inﬁrmitate.

2263 1331 2536 1386 Probaton
2571 1331 2780 1396 Graece,
2826 1349 2992 1402 pecus
3019 1333 3229 1398 Latine,
3258 1348 3324 1392 eo
3361 1337 3506 1403 quod
3543 1336 3595 1389 in
3625 1335 3832 1390 sacrifi-

2263 1419 2363 1474 ciis
2391 1420 2637 1478 solebant
2673 1421 2797 1475 inde
2825 1419 2974 1475 ablui
3006 1432 3129 1475 exta
3169 1422 3455 1490 pecudum.
3487 1423 3828 1495 Eratjquippe

2257 1511 2425 1563 rubea
2452 1523 2516 1562 ex
2550 1509 2764 1573 hostiis,
2799 1525 2918 1579 qua
2965 1509 3040 1565 ibi
3071 1510 3514 1567 immolabantur.
3545 1511 3598 1565 In
3634 1511 3829 1567 Proba-

2261 1600 2363 1652 tica
2397 1598 2501 1652 ista
2534 1599 2876 1667 languentem
2913 1600 3138 1655 sanitati
3169 1602 3412 1656 restituit
3442 1601 3628 1666 Jesus,
3647 1605 3827 1658 dicens

2259 1689 2309 1744 ei
2341 1706 2356 1742 :
2391 1687 2537 1741 Tolle
2567 1689 2846 1757 grabatum
2887 1699 3033 1743 tuum
3076 1689 3142 1756 ",
3173 1702 3280 1746 etc.
3308 1691 3365 1745 ln
3399 1694 3577 1746 medio
3613 1691 3828 1748 Jerusa-

587 1758 726 1850 lmn:
774 1758 944 1846 Paulo
977 1803 1100 1860 post
1149 1758 1367 1858 quidem
1402 1758 1617 1846 Pharao
1647 1758 1864 1844 Nechao
1897 1758 2143 1859 templum

2259 1782 2389 1848 lem,
2416 1782 2676 1836 excitavit
2702 1798 2730 1835 a
2757 1790 2932 1837 morte
2963 1783 3196 1850 puellam
3227 1784 3407 1851 Jesus,
3457 1785 3560 1840 sub
3589 1785 3829 1839 Salomo-

580 1883 779 1938 delevit
819 1893 871 1936 et
903 1883 1111 1936 urbem.
1144 1881 1300 1936 Modo
1340 1896 1489 1946 vero,
1515 1897 1606 1934 ‘ne
1643 1881 1860 1935 relatori
1904 1881 2153 1935 videatur

577 1973 899 2038 absurdum,
932 1975 1160 2027 auditori
1195 1974 1497 2037 taediosum,
1528 1975 1626 2026 sub
1649 1973 1846 2040 quibus
1877 1982 1926 2028 et
1971 1989 1998 2026 a
2032 1974 2152 2042 qni-

577 2066 682 2117 bus
712 2064 1075 2117 restitutiones
1124 2072 1176 2116 et
1208 2063 1605 2116 destruetiones
1633 2065 1792 2132 primi
1841 2073 1891 2118 et
1927 2064 2153 2118 set-undi

569 2163 633 2208 et
663 2151 804 2208 te'rtii
853 2153 1036 2221 templi
1070 2154 1394 2216 commissae,
1433 2156 1533 2207 hoc
1562 2153 1627 2208 de
1659 2155 1912 2222 praesenti
1941 2154 2148 2219 Betbel,

575 2251 736 2312 prout
765 2243 943 2296 verius
990 2237 1207 2312 queam,
1241 2243 1514 2297 elucidare
1550 2244 1810 2299 conabor.
1845 2243 2053 2300 Revera
2086 2247 2151 2301 de

573 2334 681 2386 hoc
728 2332 931 2395 Bethel,
967 2333 1067 2385 sub
1109 2347 1216 2400 quo
1247 2341 1299 2385 et
1344 2347 1373 2384 a
1419 2347 1526 2399 quo
1559 2331 1804 2402 principe
1840 2333 2149 2387 restitutum

572 2422 666 2487 sit,
704 2422 816 2477 fere
845 2423 1149 2493 ignoratur.
1179 2421 1406 2488 Quidam
1444 2425 1612 2488 enim,
1665 2426 1764 2478 sub
1795 2423 2150 2478 Constantino

574 2515 927 2583 imperatore,
987 2517 1052 2568 ab
1103 2513 1306 2568 Helena
1386 2524 1561 2569 matre
1602 2530 1709 2569 sua
1765 2516 2146 2569 remdificatum

573 2601 748 2671 fuisse
766 2605 1072 2672 perhibent,
1130 2620 1231 2673 pro
1259 2607 1566 2659 reverentia
1602 2615 1811 2662 sancta:
1844 2608 2021 2660 crucis
2055 2616 2149 2673 per

575 2708 696 2746 eam
744 2702 1006 2762 repertis;
1045 2694 1134 2747 alii
1169 2694 1238 2748 ab
1267 2693 1516 2750 Heraclio
1556 2697 1900 2764 imperatore,
1936 2710 2033 2765 pro
2065 2710 2149 2749 re-

573 2781 816 2834 verentia
847 2781 975 2848 ligni
1014 2780 1250 2846 Domini,
1286 2783 1429 2850 quod
1463 2783 1527 2837 de
1555 2783 1776 2837 Perside
1807 2781 2147 2851 triumphans

570 2873 867 2936 attulerat;
896 2873 989 2925 alii
1017 2888 1044 2926 a
1070 2871 1378 2927 Justiniano
1407 2874 1688 2944 Augusto;
1728 2874 1817 2928 alii
1842 2889 1881 2927 .a
1911 2874 2146 2943 quodam

569 2963 892 3016 admirando
915 2946 1174 3032 Memphis
1204 2963 1444 3034 Egypt],
1482 2980 1579 3033 pro
1612 2964 1912 3019 reverentia
1939 2963 2147 3017 Allahi-

566 3053 684 3121 hyi,
711 3053 762 3106 id
790 3063 892 3119 est,
918 3054 1114 3107 summi
1149 3054 1262 3119 Dei,
1290 3055 1452 3108 etiam
1480 3055 1545 3109 ad
1572 3055 1802 3124 primum
1833 3054 2141 3110 colendum.
2171 3086 2214 3144 ο

572 3143 653 3195 Ab
683 3143 830 3196 omni
887 3143 1066 3214 lingua
1118 3141 1412 3200 reveren'de
1447 3155 1732 3200 veneratur
1762 3161 1999 3216 praesens
2036 3146 2141 3202 hoc

571 3233 859 3302 templum,
888 3243 1154 3304 quantum
1198 3234 1541 3304 praedicatur.
1562 3234 1727 3302 Cujus
1750 3235 1802 3291 in
1824 3234 2140 3304 penultimo,

564 3330 759 3376 octavo
800 3321 888 3376 die
919 3323 1112 3375 natalis
1148 3324 1253 3386 sui,
1291 3338 1424 3392 puer
1462 3323 1818 3380 circumcisus
1846 3333 1967 3390 est;
2003 3339 2140 3394 pras-

569 3413 777 3482 putium
804 3415 974 3484 cujus,
1001 3412 1295 3469 Jerusalem
1331 3415 1383 3468 in
1409 3415 1606 3484 templo
1632 3417 1698 3470 de
1723 3416 1896 3482 caelis,
1932 3417 2002 3470 ab
2035 3432 2138 3471 an-

528 3537 532 3544 -
568 3508 709 3576 gelo,
735 3507 929 3563 Caroio
952 3508 1147 3578 Magno
1179 3509 1288 3577 regi
1321 3518 1706 3576 praesentatum
1743 3509 1868 3574 fuit,
1893 3521 1945 3566 et
1975 3513 2042 3565 ab
2072 3526 2137 3566 eo

567 3600 808 3656 delatum
850 3601 901 3654 in
950 3599 1179 3656 Galliam
1219 3600 1616 3670 Aquisgranum
1655 3621 1670 3656 :
1703 3613 1888 3672 postea
1917 3605 2135 3671 quidem

562 3704 596 3742 a
620 3689 819 3745 Carolo
849 3688 1013 3753 Calvo
1043 3689 1362 3743 translatum
1397 3691 1448 3743 in
1476 3699 1670 3762 pagum
1716 3691 2133 3758 Pictaviens'em,

568 3780 707 3848 apud
739 3780 1077 3844 Carnosiam,
1122 3781 1176 3834 in
1203 3781 1452 3845 ecclesia,
1482 3797 1642 3850 quam
1675 3782 1747 3836 ibi
1789 3783 1842 3836 in
1873 3783 2133 3850 honorem

564 3871 1196 3937 Salvatorisconstruait,
1218 3881 1272 3926 et
1297 3873 1459 3942 regiis
1489 3873 1645 3928 bonis
1664 3875 2011 3942 amplissimis
2035 3874 2136 3928 sub

560 3963 867 4016 monacbali
923 3963 1181 4032 religione
1242 3965 1630 4033 locupletavit,
1669 3968 1838 4035 'quod
1888 3982 1954 4021 ex
2006 3977 2134 4021 tunc

556 4070 734 4125 usque
759 4059 918 4110 modo
957 4057 1030 4111 ibi
1059 4058 1375 4113 solemniter
1408 4069 1697 4118 veneratur
1723 4062 1836 4131 ipsa
1878 4061 2132 4131 praesenti

560 4161 660 4200 suo
693 4145 849 4201 Jesus
875 4161 903 4199 a
945 4157 1114 4202 matre
1161 4163 1255 4202 sua
1287 4161 1399 4216 prat
1430 4158 1645 4204 entatus
1675 4158 1776 4216 est,
1808 4160 1862 4205 et
1878 4165 2133 4223 receptus

560 4251 592 4289 a
643 4239 802 4292 beato
858 4237 1098 4302 Simone,
1144 4239 1402 4293 dicente:
1439 4237 1598 4292 Nunc
1653 4241 1874 4295 dimittis
1926 4260 2131 4298 seruum

564 4337 733 4391 tuum,
772 4328 991 4382 Domine
1011 4328 1076 4380 ’⁸.
1099 4328 1172 4382 De
1197 4329 1395 4398 templo
1421 4329 1534 4398 ipso
1557 4329 1804 4387 liberavit
1834 4333 2130 4388 adulteram

2257 1876 2345 1930 nis
2378 1876 2543 1945 regia,
2583 1875 2634 1929 in
2660 1877 2913 1929 accubitu
2963 1875 3118 1930 Sion.
3148 1876 3198 1930 In
3236 1875 3520 1945 Josaphat,
3555 1877 3826 1931 natatoria

2257 1963 2403 2018 Siloe
2442 1981 2454 2016 :
2486 1963 2555 2017 ad
2588 1979 2749 2033 quam
2782 1963 3034 2020 Christus
3080 1981 3304 2031 ciccum,
3339 1970 3407 2021 ab
3446 1982 3510 2021 eo
3550 1966 3824 2022 illumina-

2258 2064 2392 2121 tum,
2455 2055 2622 2118 misit,
2689 2062 2745 2108 ut
2771 2071 2835 2110 ex
2895 2069 2959 2109 ea
3017 2056 3224 2134 lavat-et
3285 2059 3472 2115 oculos
3515 2075 3683 2128 suos,
3736 2061 3824 2130 qui

2255 2145 2464 2210 abiens,
2496 2144 2646 2211 lavit,
2679 2153 2732 2199 et
2755 2147 2904 2200 vidit.
2948 2145 3115 2213 Siloe,
3168 2149 3366 2204 missus
3419 2150 3820 2220 interpretatur.

2258 2236 2426 2302 Siloe,
2495 2239 2790 2292 secundum
2841 2239 3184 2293 traditionem
3245 2240 3533 2309 majorum,
3597 2256 3666 2297 ex
3718 2243 3823 2297 Silo

2255 2342 2478 2381 manare
2508 2328 2730 2382 dicitur.
2785 2327 2941 2384 Unde
2980 2330 3151 2385 lsaias
3183 2350 3197 2385 :
3235 2330 3384 2386 Siloe
3432 2348 3556 2387 cum
3607 2335 3823 2389 silentio

2253 2419 2520 2485 gurgitem
2563 2434 2723 2473 suum
2779 2420 2959 2488 ducit;
3013 2422 3140 2490 quia
3183 2424 3627 2479 subterraneum.
3666 2424 3824 2480 Juxta

2255 2507 2403 2563 Siloe
2427 2510 2636 2563 exstitit
2665 2524 2897 2579 quercus
2935 2511 3099 2582 Regel
3124 2529 3141 2578 ;
3169 2515 3267 2568 sub
3307 2529 3413 2583 qua
3450 2515 3641 2570 beatus
3666 2516 3825 2570 lsaias

2253 2600 2500 2669 sepultus
2547 2601 2800 2668 quiescit.
2833 2603 2890 2656 In
2915 2605 3052 2657 valle
3086 2602 3368 2674 Josaphat,
3403 2609 3504 2662 sub
3527 2615 3688 2661 acuta
3725 2623 3819 2678 py-

2253 2691 2480 2756 ramide,
2556 2707 2648 2744 rex
2692 2693 2832 2746 idem
2875 2693 3138 2762 Josaphat
3187 2696 3428 2765 sepultus
3457 2698 3716 2766 quiescit.
3768 2699 3818 2753 In

2251 2779 2392 2834 valle
2421 2778 2685 2849 Josaphat
2715 2782 3064 2856 sepultuscst
3091 2783 3280 2838 beatus
3305 2783 3564 2852 Jacobus,
3593 2787 3818 2856 indeque

2254 2871 2547 2925 translatus
2587 2872 3116 2944 Constantinopolin.
3174 2875 3425 2932 Secundo
3485 2880 3741 2934 milliaria
3790 2895 3818 2934 a

2247 2962 2571 3028 Jerusalem,
2604 2970 2714 3031 via,
2747 2981 2866 3035 quae
2911 2968 3063 3021 ducit
3097 2965 3334 3034 Sichem,
3381 2985 3534 3026 mons
3579 2971 3815 3028 Sabauth

2251 3055 2301 3107 in
2337 3054 2478 3109 tribu
2502 3053 2803 3124 Bcnjamin.
2839 3057 3088 3127 Milliario
3133 3074 3162 3112 a
3203 3058 3524 3125 Jeruéalem,
3557 3063 3609 3117 in
3662 3079 3817 3119 accu-

2250 3145 2365 3198 bitu
2407 3146 2608 3200 montis
2641 3145 2858 3210 Oliveti,
2896 3159 3083 3202 contra
3110 3148 3472 3218 Asphaltiten,
3503 3151 3762 3208 Bethania
3797 3168 3812 3212 :

2255 3250 2378 3304 quae
2417 3235 2747 3292 collateralis
2785 3246 2868 3293 est
2907 3241 3074 3293 monti
3132 3241 3349 3298 Oliveti.
3399 3243 3552 3300 Mons
3598 3245 3814 3311 Oliveti,

2252 3340 2408 3380 mons
2447 3325 2786 3393 oﬂ‘ensionis,
2817 3340 2872 3383 et
2902 3330 3213 3387 continuus.
3265 3331 3466 3389 Dividit
3507 3346 3685 3390 autem
3721 3351 3811 3393 eos

2252 3421 2361 3483 via,
2401 3434 2521 3488 qua:
2583 3421 2649 3474 de
2682 3419 2944 3488 Josaphat
2983 3436 3078 3490 per
3110 3422 3384 3496 Betphage
3431 3429 3597 3484 ducit.
3632 3431 3810 3484 Dictus

2249 3522 2334 3566 est
2370 3522 2548 3566 autem
2584 3526 2738 3566 mons
2774 3512 3112 3579 offensionis,
3138 3531 3202 3570 eo
3249 3519 3392 3585 quod
3436 3535 3530 3575 rex
3565 3520 3808 3575 Salomon

2249 3603 2302 3656 in
2330 3616 2396 3656 eo
2436 3602 2634 3657 idolum
2679 3601 2888 3658 Moloch
2913 3596 3185 3660 adoravit.
3235 3607 3500 3664 Bethania
3554 3622 3636 3666 est
3665 3613 3810 3681 oppi-

2250 3694 2378 3747 dum
2405 3693 2559 3759 illud,
2596 3694 2649 3746 in
2680 3711 2786 3763 quo
2822 3692 3006 3751 Simon
3044 3697 3290 3767 leprosus
3331 3715 3473 3769 saepe
3519 3701 3702 3757 Jesum
3731 3718 3811 3757 re-

2247 3787 2393 3855 cepit
2415 3785 2467 3838 in
2496 3787 2760 3855 hospitem
2785 3804 2800 3851 ;
2827 3790 2916 3843 cui
2945 3790 3140 3844 devote
3167 3791 3550 3847 ministrabant
3574 3794 3735 3850 Maria
3757 3805 3806 3850 et

2247 3875 2475 3931 Martha.
2510 3877 2786 3930 Bethaniae
2840 3876 3007 3932 Maria
3069 3895 3190 3934 cum
3225 3880 3477 3953 lacrymis
3513 3884 3695 3954 rigans
3718 3901 3802 3954 pe-

2254 3968 2349 4021 des
2401 3965 2552 4032 Jesu,
2610 3969 2836 4035 suisque
2870 3969 3110 4023 crinibus
3151 3981 3458 4041 extergeus,
3499 3985 3556 4027 et
3606 3989 3804 4050 angens

2250 4066 2544 4127 unguento,
2579 4073 2800 4113 suorum
2828 4061 3042 4113 veniam
3090 4063 3284 4116 meruit
3307 4076 3676 4130 peccatorum.
3713 4066 3805 4124 Bc-

2252 4149 2449 4204 thaniae
2502 4149 2747 4204 Christus
2794 4148 3061 4206 Martham
3117 4153 3379 4220 laudavit,
3436 4164 3492 4209 et
3555 4155 3801 4222 Mariam,

2248 4235 2539 4301 Martham,
2592 4236 2648 4291 in
2698 4237 3057 4293 ministrando
3112 4241 3438 4307 sollicitam;
3476 4242 3722 4309 Mariam,
3751 4245 3799 4297 in

2245 4329 2425 4383 verbis
2453 4330 2568 4398 ejus
2603 4329 2890 4384 sollicitam
2926 4349 2939 4384 :
2975 4346 3206 4401 quarum
3249 4336 3499 4400 precibus
3526 4344 3583 4391 et
3635 4338 3799 4406 lacry-

559 4420 630 4475 ab
645 4420 1026 4475 accusantibus
1049 4435 1192 4486 eam,
1219 4421 1437 4474 dicens:
1465 4419 1569 4485 Qui
1593 4423 1705 4476 sine
1733 4434 1943 4491 peccato
1970 4435 2041 4478 est
2063 4426 2133 4491 εί,
2167 4415 2346 4473 D'mis
2374 4431 2696 4485 commotus,
2735 4421 2959 4476 fratrem
2992 4437 3176 4478 earum
3213 4424 3477 4480 Lazarum
3531 4429 3585 4482 in
3622 4415 3799 4482 moun-

555 4521 666 4565 etc.
701 4509 804 4565 Ista
843 4511 1085 4565 adultera
1115 4510 1214 4565 fuit
1246 4510 1312 4565 de
1340 4510 1483 4565 tribu
1511 4509 1839 4582 Nephtalim,
1886 4515 1992 4569 ﬁlia
2033 4517 2133 4571 Se-

553 4618 677 4671 gor.
727 4603 782 4656 ln
836 4604 1036 4670 templo
1082 4605 1186 4678 isto
1234 4602 1474 4658 laudavit
1521 4620 1718 4660 munus
1766 4609 2130 4676 pauperculae,

558 4699 699 4774 quod
743 4698 794 4752 in
825 4698 1210 4769 gaZOphylacio
1249 4707 1540 4766 posuerat;
1580 4713 1699 4765 quae
1754 4707 1948 4763 totum,
1987 4702 2130 4768 quod

554 4789 810 4852 habebat,
844 4790 1123 4842 attulerat.
1155 4788 1212 4842 in
1249 4789 1448 4855 templo
1492 4789 1615 4855 isto,
1648 4789 1774 4842 dum
1822 4801 2132 4844 moraretur

557 4879 880 4944 Jerusalem,
912 4880 1139 4934 docebat
1177 4877 1412 4947 JUdiBOS,
1461 4879 1587 4933 licet
1624 4895 1746 4933 eum
1778 4883 2122 4936 aemulantcs.

553 4971 732 5038 Supra
784 4970 1128 5039 pinnaculum
1175 4970 1355 5038 templi
1397 4969 1584 5023 statuit
1626 4969 1805 5022 Jesum
1855 4971 2127 5034 diabolus,

559 5071 771 5116 tentans
800 5077 945 5126 eum,
982 5071 1036 5115 et
1060 5062 1242 5116 dicens
1276 5080 1287 5114 :
1315 5061 1376 5114 Si
1414 5060 1584 5113 Filius
1621 5061 1717 5114 Dei
1745 5078 1795 5114 es
1821 5063 1885 5125 “,
1917 5073 2022 5117 etc.
2054 5063 2130 5116 De

557 5154 759 5222 templo
786 5152 1146 5220 praecipitatus
1181 5153 1280 5205 fuit
1313 5155 1470 5206 divus
1497 5151 1752 5215 Jacobus,
1793 5154 1995 5220 primus
2021 5153 2122 5206 sub

559 5244 730 5314 gratia
781 5243 1018 5312 pontifex
1063 5244 1114 5296 in
1143 5243 1465 5298 Jcsus:ilem.
1507 5244 1562 5296 In
1606 5244 1803 5311 templo
1853 5244 1955 5297 isto
1992 5261 2128 5296 utm-

560 5339 750 5388 tiatum
789 5336 907 5401 fuit,
955 5338 1020 5390 ab
1069 5335 1277 5407 angelo,
1315 5336 1612 5398 Zachariaz,
1673 5336 1848 5389 natale
1900 5336 1993 5389 filii
2048 5337 2130 5389 sui

554 5428 777 5484 Joannis
813 5430 1085 5498 Baptistae,
1138 5429 1269 5483 feria
1300 5439 1474 5492 sexta,
1528 5429 1656 5481 hora
1693 5426 1947 5481 secunda.
1990 5426 2134 5481 inter

561 5520 818 5590 templum
850 5529 901 5572 et
929 5521 1098 5575 altare
1135 5519 1444 5584 Zacharias,
1475 5518 1614 5573 ﬁlius
1647 5516 1948 5583 Barachiae,
1979 5533 2126 5571 uiar-

634 5696 679 5727 ²⁰
710 5695 840 5751 Luc.
880 5715 941 5767 tt,
982 5700 1073 5758 29.
1154 5702 1193 5732 ²¹
1221 5701 1371 5757 Joan.
1411 5717 1527 5780 vnt,
1565 5700 1614 5754 7.
1693 5705 1735 5736 ²²
1766 5699 1954 5756 Matth.
1987 5717 2059 5769 tv,
2094 5702 2143 5756 3.

2255 5706 2271 5736 ³
2323 5705 2442 5761 Act.
2477 5723 2558 5774 ιιι,
2619 5707 2670 5762 6.

2237 4523 2419 4568 mento
2448 4513 2559 4578 jam
2591 4515 3037 4583 quatriduanum,
3073 4510 3198 4570 vitae
3227 4516 3486 4570 restituit.
3519 4517 3791 4583 Bethania,

2233 4604 2421 4657 domus
2473 4603 2781 4660 obedientia:
2817 4605 3228 4674 interpretatur.
3267 4605 3560 4675 Betphage,
3607 4624 3727 4676 quae
3747 4619 3795 4661 et

2232 4692 2424 4746 vitulus
2443 4710 2501 4747 sa
2514 4694 2795 4760 wrdottmt,
2827 4697 3010 4747 domus
3037 4694 3213 4748 bucca
3247 4696 3330 4749 vel
3357 4698 3699 4752 maxillarum
3725 4701 3795 4752 iu-

2236 4794 2581 4853 terpretatur.
2612 4785 2764 4840 Mons
2802 4786 3020 4851 Oliveti,
3053 4803 3208 4843 mons
3252 4788 3530 4853 tribuaris,
3563 4793 3644 4845 vel
3679 4806 3794 4845 san-

2235 4878 2601 4933 ctificationis.
2645 4879 2809 4933 Vallis
2843 4879 3128 4949 Josapbat,
3167 4880 3316 4936 vallis
3339 4881 3548 4951 judicii.
3586 4884 3792 4938 Jerusa-

2234 4970 2528 5034 lem,visio
2577 4974 2744 5039 pacis.
2808 4973 2960 5037 Sion,
2993 4975 3292 5043 speculum,
3349 4975 3433 5029 vel
3482 4979 3788 5047 speculatio.

2233 5061 2336 5116 Per
2392 5062 2535 5115 hunc
2571 5068 2841 5118 tramitem
2872 5067 3115 5120 ascendit
3141 5065 3303 5122 Jesus
3355 5067 3788 5140 Hierosolymam,

2234 5153 2427 5206 sedens
2479 5169 2639 5220 super
2673 5156 2900 5220 asinam,
2954 5156 3061 5218 die,
3115 5172 3216 5225 qua
3265 5157 3572 5212 celebratur
3627 5174 3788 5212 ramus

2243 5243 2565 5310 palmarum.
2602 5244 2692 5296 Sic
2725 5256 2776 5296 et
2807 5247 3035 5312 quisque
3063 5248 3359 5302 catholicus
3404 5247 3581 5318 angeli
3609 5248 3787 5305 summi

2235 5333 2444 5386 consilii
2477 5333 2636 5388 debet
2662 5337 2937 5402 incedere,
2963 5347 3016 5392 et
3055 5339 3205 5392 adire
3231 5342 3572 5409 praisentiam
3616 5356 3783 5397 sacer-

2233 5426 2446 5488 dotum,
2484 5428 2570 5496 qui
2599 5426 2688 5481 Dei
2720 5431 2938 5483 verbum
2975 5431 3287 5500 ruminant;
3315 5443 3372 5489 ut
3411 5437 3478 5491 ab
3511 5439 3593 5493 eis
3631 5434 3786 5492 corri-

2241 5528 2419 5586 gatur,
2447 5529 2498 5572 et
2541 5521 2860 5586 instruatur,
2898 5538 3070 5592 coque
3103 5526 3331 5583 consilio
3357 5537 3412 5603 ε)
3447 5530 3687 5588 doctrina
3707 5544 3785 5585 stt-

2752 5711 2793 5741 "
2823 5711 2986 5767 Marc.
3029 5729 3084 5779 It,
3114 5713 3166 5768 9.
