3956 6324
144 189 276 268 laet

1360 203 1457 264 DE
1498 203 1712 264 LOCIS
1751 201 2066 264 SANCTIS

3235 200 3371 268 E002

140 318 262 372 bire
307 315 498 370 vallem
559 313 772 384 iudicii,
830 309 885 366 id
939 321 1053 374 est,
1113 312 1491 368 enutritionem
1547 314 2122 384 satteAliquoribus,
2154 319 2209 367 et
2263 309 2597 366 al'otnatibus
2657 307 2916 373 condivit,
2964 307 3376 379 involutumqua

137 406 585 477 corripunctionis,
613 406 666 458 in
697 409 1021 473 conspectu,
1053 408 1069 424 ‘
1088 401 1332 457 videlicet
1355 404 1444 472 qui
1473 418 1533 458 se
1559 404 1697 458 allii-

136 499 238 566 git,
267 510 356 564 per
386 506 595 564 portam
652 491 981 548 Orientalem
1010 492 1168 561 digne
1200 492 1521 545 introitnrus
1567 508 1695 546 sau-

135 596 274 641 ctam
297 583 622 650 Jerusalem,
654 585 928 638 cmlestetn
980 581 1133 644 Sion,
1163 582 1298 636 stola
1340 584 1696 650 iucunditatis

131 678 486 732 decorandus.
521 676 699 732 Mortte
735 674 862 728 Sion
901 675 1031 748 lavit
1059 671 1219 728 Jesus
1259 677 1423 742 pedes
1452 674 1692 741 discipu-

131 765 302 820 lorum
368 781 614 827 suorum,
669 767 853 817 dicens
906 761 1147 816 cis:Sic
1203 763 1364 831 facile
1415 763 1468 815 in
1526 778 1693 814 meum

130 858 663 910 commorationem
702 857 770 909 ".
808 855 983 908 Monte
1037 855 1165 909 Sion
1225 856 1462 907 ctenavit
1530 851 1691 906 Jesus

131 961 256 1002 cum
299 947 574 1016 discipulis
599 947 733 1010 suis,
766 947 898 1000 dans
933 945 1012 1000 eis
1041 944 1095 998 in
1137 959 1270 1013 pane
1297 958 1496 1012 corpus
1534 959 1692 997 suum

131 1037 201 1092 ad
241 1037 691 1101 manducandum,
725 1045 778 1091 et
828 1035 882 1090 in
937 1036 1061 1088 vino
1092 1035 1411 1104 sanguinem
1440 1050 1594 1087 suum
1625 1034 1689 1087 ad

130 1129 417 1183 bibendum
445 1147 460 1182 :
489 1132 633 1197 quod
657 1139 741 1182 est
771 1128 1020 1185 viaticum
1051 1136 1250 1180 noslrte
1281 1125 1688 1194 redemptionis.

127 1218 309 1272 ﬂante
336 1217 487 1284 Sion,
528 1220 581 1272 in
609 1232 765 1273 caena
799 1233 960 1288 supra
1021 1229 1210 1288 pectus
1244 1218 1455 1272 Domini
1500 1221 1691 1270 beatus

126 1307 360 1365 Joannes
417 1310 708 1375 recubuit,
768 1311 834 1364 de
893 1311 1040 1364 fonte
1106 1310 1384 1378 sapientiae
1471 1319 1683 1378 potans.

127 1402 310 1456 Monte
343 1402 492 1466 Sion,
524 1402 698 1468 Judte,
729 1404 988 1471 proditori
1011 1417 1131 1466 suo,-
1164 1402 1216 1454 in
1249 1415 1404 1457 corna
1440 1400 1691 1456 Christus

128 1493 423 1548 buccellam
497 1493 656 1561 panis
705 1492 912 1546 intulit.
951 1492 1134 1546 Monte
1163 1491 1303 1547 'Sion
1359 1492 1438 1546 ait
1485 1492 1686 1547 Jesus:

129 1581 332 1636 Mecum
369 1595 442 1638 est
466 1584 519 1637 in
561 1599 765 1648 mensa,
840 1598 1041 1635 mecum
1088 1584 1300 1652 intingit
1360 1600 1572 1637 insnum
1635 1586 1688 1638 in

1809 409 1860 462 in
1884 407 2110 462 sindone
2140 403 2356 469 munda,
2389 404 2528 456 haud
2561 403 2715 472 longe
2743 401 2989 472 sepelivit
3020 401 3072 455 in
3107 403 3287 468 horto,
3322 404 3376 457 in

1807 507 2180 572 monumento,
2215 497 2354 564 quod
2412 509 2610 547 novum
2651 494 2753 548 sibi
2786 494 2851 546 dc
2883 507 3014 562 rupe
3049 493 3373 561 sculpscrat.

1806 588 1939 642 Inde
1989 588 2267 642 descendit
2323 590 2388 639 ad
2444 585 2645 639 inferos
2696 587 2762 638 ad
2798 585 3169 639 redimendum
3206 586 3380 638 homi-

1806 693 1929 732 nem
1964 695 2001 733 :r
2029 678 2153 731 inde
2187 679 2519 738 resurrexit,
2570 691 2729 730 verus
2782 676 2865 729 leo
2914 677 2980 729 de
3025 677 3163 728 tribu
3213 675 3376 737 Juda,

1805 778 1978 820 morte
2009 768 2233 821 subacta
2263 767 2332 820 ibi
2366 784 2380 820 :
2418 778 2472 820 et
2501 766 2726 833 angelus
2762 765 2968 816 Domini
3012 765 3213 820 sanctis
3261 780 3379 814 mu-

1805 857 2024 912 lieribus
2077 860 2343 926 apparuit,
2377 859 2488 925 jaut
2527 855 2595 910 ah
2623 855 2762 909 osdo
2799 853 3138 907 monumenti
3197 853 3375 921 lapide

1804 948 2070 1010 revoluto,
2094 956 2169 1012 et,
2195 945 2376 1001 Jesnm
2401 961 2528 1000 vere
2552 945 2919 998 resurrexisse
2947 944 3226 1009 nuntians,
3256 943 3306 995 ai
3360 960 3372 995 :

1802 1039 1904 1102 Ite,
1933 1049 1980 1091 et
2013 1040 2170 1092 dicite
2189 1040 2460 1105 discipulis
2481 1037 2614 1104 ejus,
2647 1048 2693 1089 et
2738 1036 2918 1097 Petro,
2947 1036 3084 1106 quod
3117 1037 3374 1103 prwcedet

1798 1147 1888 1184 vos
1917 1132 1970 1183 in
2017 1129 2291 1185 Galilteam
2327 1131 2540 1185 “.‘Sub
2575 1131 2691 1187 loco
2744 1130 3031 1192 Calvarize,
3095 1129 3146 1182 in
3198 1129 3376 1195 capite

1752 1209 1755 1212 ’
1799 1217 2078 1282 Ecclesiae,
2112 1221 2178 1273 ab
2210 1218 2411 1274 Helena
2461 1235 2592 1272 crux
2630 1220 2834 1272 Domini
2877 1229 3086 1284 reperta
3138 1228 3242 1273 est.
3274 1219 3375 1271 Se-

1798 1300 1976 1367 cundo
2012 1311 2312 1365 milliarios
2341 1309 2666 1374 Jerusalem,
2699 1320 2891 1364 contra
2924 1311 3221 1365 Jerusalem
3253 1325 3375 1364 cre-

1797 1403 1873 1456 vit
1911 1403 2072 1455 arbor
2119 1401 2206 1454 illa
2245 1401 2582 1470 dignissima,
2619 1418 2671 1454 ιη
2699 1418 2802 1470 qua
2837 1417 2992 1455 verus
3021 1402 3108 1455 ille
3156 1402 3238 1456 leo
3272 1417 3371 1468 pe—

1797 1493 2001 1560 pendit,
2031 1492 2121 1560 qui
2155 1500 2330 1546 morte
2355 1507 2450 1546 sua
2477 1503 2706 1546 mortem
2733 1492 2949 1556 delevit,
2978 1494 3144 1546 vitam
3169 1493 3349 1545 mund:
3387 1535 3392 1538 .

1799 1599 2074 1650 reparans.
2108 1582 2258 1638 Unde
2284 1584 2542 1651 pmphcta
2572 1601 2586 1638 :
2623 1583 2667 1636 0
2701 1601 2861 1647 mors,
2884 1601 2968 1637 ero
3007 1601 3144 1637 mors
3175 1595 3265 1637 tua
3299 1585 3365 1648 ⁸³,

121 1676 416 1741 parapside,
440 1677 630 1746 quinte
657 1675 947 1728 traditurus
971 1685 1046 1728 est
1070 1676 1138 1745 '1'.
1176 1673 1273 1729 Cui
1294 1672 1492 1728 Judas:
1518 1674 1690 1728 Num-
1723 1675 1760 1728 Β
1788 1686 1896 1732 etc.
1931 1674 2002 1731 De
2036 1691 2256 1730 carcere
2293 1692 2440 1738 vero,
2497 1687 2550 1729 et
2599 1677 2776 1730 medio
2810 1678 3016 1737 mundi,
3047 1676 3368 1731 labulatorie

118 1767 249 1833 quid
272 1782 360 1836 ego
393 1784 530 1833 sum,
563 1765 725 1820 Rabbi
751 1767 778 1819 γ
806 1765 964 1820 Jesus
1016 1765 1304 1835 respondet
1336 1767 1384 1820 ei
1422 1783 1437 1821 ε
1477 1765 1556 1820 Tu
1599 1767 1685 1819 di-

121 1847 195 1908 cis
223 1856 291 1910 ".
319 1858 393 1909 Ad
420 1858 696 1911 sinistram
721 1858 919 1910 montis
947 1856 1100 1919 Sion,
1132 1871 1294 1924 super
1318 1871 1503 1925 agrum
1531 1871 1687 1925 pere-

117 1947 418 2013 grinorum,
461 1949 552 2018 qui
589 1958 643 2003 et
675 1946 1023 2012 Ilaheldama,
1076 1948 1128 2002 id
1159 1959 1260 2011 est,
1305 1949 1681 2016 ager_sangtti-

117 2040 226 2106 nis,
255 2056 412 2096 secus
441 2042 606 2108 viam,
631 2061 748 2112 qua!
775 2045 925 2099 ducit
950 2044 1218 2115 Ephrata,
1238 2049 1254 2067 '
1274 2044 1424 2098 Mons
1456 2043 1606 2109 Sion,
1629 2046 1681 2098 in

115 2144 224 2198 quo
251 2145 339 2186 rex
368 2131 625 2188 Salomon
658 2130 884 2200 unctus,
908 2137 1056 2204 regni
1087 2135 1336 2190 diadema
1369 2138 1596 2204 recepit.
1626 2136 1680 2188 In

115 2221 412 2289 Jerusalem
450 2226 690 2280 vendidit
724 2224 910 2280 Jesum
946 2224 1113 2280 Judas
1146 2226 1276 2279 hora
1307 2240 1679 2295 vesperarutn.

118 2313 171 2365 In
203 2306 456 2370 accubitu
512 2319 713 2372 montis
762 2316 958 2371 Oliveti
998 2328 1186 2373 contra
1232 2320 1495 2384 orientem
1529 2327 1681 2370 trans

116 2401 513 2476 Cedron,jactu
541 2407 735 2478 lapidis
762 2422 791 2460 a
815 2407 1184 2473 Gethsemani,
1226 2409 1402 2462 oravit
1431 2406 1682 2462 Christus

114 2498 179 2552 ad
232 2498 442 2554 Patrem
486 2515 668 2563 suum,
725 2503 910 2558 dieens
939 2519 953 2555 :
984 2502 1178 2565 Pater,
1217 2504 1264 2555 si
1316 2503 1434 2569 ﬁeri
1491 2512 1677 2570 potest,

114 2596 340 2643 trtamat
367 2606 398 2644 ο
429 2607 512 2645 me
563 2593 704 2646 calix
737 2593 836 2646 iste
865 2593 948 2658 ¹⁸;
991 2593 1078 2647 ubi
1128 2609 1192 2646 ex
1240 2593 1433 2647 timore
1474 2593 1676 2654 carnis,

113 2679 356 2736 sudorem
392 2682 531 2736 fudit
563 2684 716 2754 quasi
766 2684 1082 2752 sanguinem
1113 2702 1128 2750 ;
1162 2684 1249 2737 ubi
1284 2694 1337 2736 et
1371 2685 1447 2738 ait
1470 2679 1630 2737 Petro
1660 2701 1676 2738 :

117 2767 233 2824 Non
259 2774 505 2840 patuistis
547 2791 652 2828 una
701 2775 833 2827 hora
865 2773 1083 2842 uigilare
1130 2785 1331 2828 mecum
1365 2774 1444 2828 ⁸⁸2
1479 2775 1678 2828 Deinde

112 2861 454 2920 Gethsetnani
507 2881 782 2936 regressus
831 2863 1134 2920 est.Judas
1193 2876 1371 2919 autem
1426 2867 1672 2931 traditur,

112 2965 330 3024 accepto
346 2958 456 3023 jam
487 2959 678 3026 pretio,
709 2958 772 3011 ad
801 2957 854 3010 id
885 2959 1025 3026 quod
1061 2959 1125 3012 de
1153 2956 1276 3012 Jcstt
1307 2957 1507 3012 Judmis
1541 2975 1675 3028 ει)υά

113 3049 311 3112 pendit,
346 3049 558 3117 signum
586 3049 804 3102 dederat
831 3048 1039 3102 cohorti
1072 3065 1084 3101 :
1119 3047 1489 3119 Quemcunque
1515 3065 1671 3127 oscu-

113 3135 246 3191 latus
268 3138 416 3207 [uero
442 3138 512 3204 ⁸⁸,
543 3130 650 3195 etc.
687 3137 880 3204 Quem,
910 3131 1182 3208 cognitum
1214 3141 1415 3193 fraudis
1459 3142 1667 3206 osenlo,

116 3229 341 3282 vinctum
371 3231 573 3283 ducunt
607 3229 660 3283 in
706 3229 858 3294 Sion,
904 3231 971 3284 ad
1004 3229 1156 3282 Pilati
1192 3234 1522 3300 praetorium.
1571 3232 1668 3287 Ubi

111 3326 159 3369 et
196 3317 386 3373 Petrus
419 3329 503 3374 ter
537 3335 658 3373 eum
707 3322 920 3388 negavit
954 3337 970 3374 :
1005 3321 1144 3374 unde
1199 3331 1268 3381 et.
1331 3322 1451 3392 galli
1509 3335 1667 3376 cantu

115 3409 192 3475 pie
221 3411 572 3467 reminiscens
608 3411 759 3465 verbi
783 3409 936 3475 Jesu,
964 3427 1089 3465 vere
1114 3414 1385 3482 pwttituit,
1417 3413 1669 3482 ﬂevitque

112 3507 324 3567 amare;
374 3514 426 3555 et
471 3502 683 3571 fugiens
711 3502 766 3556 lu
819 3515 1126 3563 cavernam,
1184 3516 1303 3570 qua:
1334 3506 1488 3557 modo
1532 3506 1664 3559 Galli

114 3602 292 3648 cantus
320 3595 644 3664 appellatur,
680 3595 1076 3664 vulgaritcrque
1124 3594 1359 3650 Galilacaa
1403 3598 1510 3660 via,
1547 3615 1667 3665 qua:

114 3684 379 3739 descendit
421 3685 706 3754 Josapbat,
754 3687 854 3742 sub
880 3696 1027 3754 porta
1061 3687 1259 3739 montis
1305 3684 1454 3741 Sion.
1487 3688 1664 3742 Monte

114 3754 237 3824 Sion
260 3757 439 3826 Jesunt
465 3774 768 3844 o'pprbbriis
794 3766 1065 3834 amictum,
1098 3774 1409 3829 ‘verberibtts
1437 3791 1661 3841 crestun,

110 3865 306 3919 catenis
348 3873 576 3928 lentum,
609 3880 670 3918 ac
710 3865 968 3927 derisum,
1017 3864 1195 3918 crucis
1249 3880 1359 3918 suae
1405 3867 1660 3933 bajulutn,

111 3950 258 4009 Pilati
280 3954 455 4022 jussu,
491 3955 794 4012 Judaeorum
829 3957 1079 4024 itnpulsu,
1109 3958 1161 4009 in
1187 3955 1470 4024 Golgotha,
1517 3958 1660 4024 quod

111 4053 185 4096 est
221 4046 480 4100 Calvaria
530 4047 702 4111 locus,
742 4048 915 4100 tunica
951 4057 1189 4111 exutum,
1223 4039 1347 4102 felle
1393 4061 1448 4102 et
1507 4062 1660 4102 aceto

113 4146 359 4203 potatutu,
390 4138 570 4192 crucis
592 4139 832 4206 patibulo
861 4151 1178 4203 suspensum
1223 4137 1343 4190 neci
1372 4138 1654 4206 dederunt.

114 4225 293 4296 Locus,
327 4234 568 4300 inquam,
617 4229 1121 4292 Calvariae‘dictus,
1184 4243 1249 4282 eo
1303 4229 1532 4296 quod'in
1592 4247 1656 4284 eo

1790 1769 2143 1836 praedicatur;
2194 1781 2315 1820 cum
2375 1769 2654 1836 utriusque
2688 1769 2786 1822 loci
2828 1769 3066 1836 dignitas
3108 1769 3238 1823 satis
3273 1785 3370 1823 re-

1789 1861 2023 1912 verenda
2053 1861 2141 1913 sit.
2174 1860 2369 1924 Locus,
2405 1862 2641 1929 inquam,
2678 1860 2767 1929 qui
2798 1852 2953 1913 modo
2983 1861 3180 1914 Curcer
3210 1860 3368 1914 Chri-

1787 1952 1854 2005 sti
1895 1951 2118 2014 dicitur,
2153 1954 2202 2004 in
2241 1955 2492 2021 passione
2538 1951 2664 2006 Jesu
2706 1955 3028 2019 campestris
3073 1964 3226 2017 erat;
3270 1954 3364 2007 sed

1787 2043 1839 2095 in
1867 2042 1945 2114 lea
1979 2053 2183 2097 moram
2234 2043 2438 2108 habuit,
2504 2044 2739 2110 quandiu
2801 2043 3254 2096 machinabantur
3312 2045 3359 2096 ei

1785 2135 1965 2188 crucis
1995 2135 2364 2202 suspendium.
2417 2134 2510 2202 [llo
2545 2135 2759 2202 quidem
2791 2133 2934 2196 loco,
2977 2135 3218 2188 secumlo
3247 2151 3362 2188 ma-

1786 2225 2062 2279 nil'estavit
2090 2241 2148 2280 se
2177 2225 2336 2280 Jesus
2376 2226 2558 2292 Marha
2588 2225 2934 2293 Magdalente,
2978 2241 3101 2296 cu'm
3157 2227 3361 2281 rediret

1785 2318 1852 2372 ab
1889 2317 2098 2372 inferis.
2131 2318 2331 2372 Eadem
2363 2318 2581 2386 diejam
2616 2318 2921 2373 declinante
2941 2320 3007 2372 ad
3049 2334 3354 2388 vesperam,

1781 2407 1884 2461 sub
1915 2409 2182 2475 peregrini
2217 2409 2399 2477 specie
2456 2408 2695 2470 latitans,
2733 2407 2983 2475 apparuit
3032 2408 3242 2462 duobus
3277 2410 3359 2461 di-

1782 2500 2004 2570 scipulis
2031 2501 2085 2553 iu
2118 2501 2222 2562 via,
2277 2499 2379 2554 sub
2432 2510 2727 2567 conquestu
2757 2499 2823 2553 de
2852 2510 3024 2553 morte
3067 2500 3207 2554 illius
3241 2509 3357 2554 teuv

1781 2591 2031 2645 dentibus
2062 2589 2366 2658 Niropolin,
2398 2592 2449 2642 id
2477 2598 2582 2652 est,
2604 2590 2856 2646 Etnmaus
2887 2592 3164 2660 oppidum,
3186 2592 3355 2660 seplie
3449 2605 3459 2619 '

1782 2695 1872 2736 mo
1905 2683 2158 2736 milliario
2189 2699 2216 2734 a
2247 2680 2548 2736 Jerusalem
2582 2700 2594 2735 :
2629 2697 2784 2750 quem
2808 2691 2862 2738 et
2892 2684 2963 2738 ibi
2998 2694 3269 2752 receptmn
3299 2685 3350 2739 in

1781 2772 2048 2840 hospitem
2111 2783 2540 2842 recognovernnt
2611 2777 2665 2828 lu
2736 2773 2996 2829 l'ractione
3066 2777 3247 2842 panis;
3298 2785 3354 2829 ct

1782 2866 1964 2918 statim
1998 2864 2263 2932 disparuit
2290 2866 2356 2916 ab
2401 2865 2501 2917 eis.
2555 2865 2734 2919 Monte
2777 2863 2905 2918 Sion
2940 2867 3192 2932 apparuit
3219 2881 3352 2934 apo-

1778 2955 1930 3008 stolis
1985 2957 2253 3021 omnibus,
2294 2955 2496 3022 absque
2535 2953 2764 3018 Thema,
2794 2955 2974 3032 januis
3003 2954 3223 3017 clausis,
3267 2957 3348 3007 di-

1778 3060 1905 3100 cens
1932 3047 2009 3099 eis
2044 3064 2058 3101 :
2099 3045 2215 3099 I’aa:
2261 3048 2398 3100 vobis
2444 3048 2508 3101 “.
2559 3046 2739 3102 Monte
2792 3046 2940 3111 Sion,
2993 3057 3180 3100 octava
3235 3045 3346 3106 die.

1777 3133 1996 3192 Thomas
2045 3154 2164 3190 cum
2202 3137 2327 3204 illis,
2353 3137 2530 3205 januis
2567 3137 2767 3192 clausis
2805 3139 3078 3202 omnibus,
3124 3137 3343 3190 vulnera

1773 3241 1870 3281 sua
1917 3227 2180 3298 palpanda
2208 3229 2422 3282 obtulit.
2473 3227 2570 3282 Cui
2621 3229 2697 3281 ait
2756 3227 2993 3282 Thomas
3037 3244 3052 3281 :
3091 3226 3345 3280 Dominus

1773 3336 1937 3384 meus,
1964 3332 2010 3372 et
2046 3319 2188 3373 Deus
2234 3336 2376 3373 meus
2413 3321 2478 3372 ³³.
2515 3319 2567 3372 In
2610 3317 2830 3374 Galilara
2875 3329 3034 3372 secus
3087 3335 3254 3381 mare,
3292 3329 3346 3372 ct

1773 3414 1826 3467 in
1858 3413 1988 3466 mari
2033 3412 2315 3480 discipulis
2352 3414 2464 3466 suis
2508 3423 2590 3464 ter
2628 3428 2685 3466 se
2755 3409 3145 3464 tnauilcstavit.
3196 3409 3344 3475 Qua-

1775 3504 2083 3571 dragesimo
2112 3503 2219 3565 die,
2252 3504 2301 3555 in
2336 3512 2515 3555 monte
2561 3501 2777 3563 Olivcti,
2806 3511 3098 3570 susceptus
3121 3517 3148 3554 a
3179 3504 3338 3560 nube,

1774 3594 2023 3646 manibus
2049 3592 2268 3655 erectis,
2289 3591 2456 3645 (αλιος
2483 3593 2747 3665 ascendit.
2781 3592 3207 3661 Quadragesimo
3235 3594 3340 3654 die,

1768 3688 1858 3755 qui
1885 3684 2041 3740 nobis
2069 3683 2332 3751 jubileutn
2362 3698 2587 3751 annum,
2625 3684 2676 3739 id
2712 3696 2812 3751 est,
2834 3695 3090 3738 arternam
3120 3684 3343 3738 liberta-

1771 3785 1874 3829 tetn
1903 3773 2122 3846 ﬁgurat,
2159 3775 2527 3844 apostolorum
2560 3773 2722 3828 corda
2755 3789 2974 3827 suorum
3006 3771 3339 3826 inﬂamman-

1773 3877 1905 3931 tem,
1938 3876 2185 3919 sanctum
2222 3865 2428 3918 remisit
2459 3865 2718 3933 Spiritum
2755 3863 3118 3918 Paraclctutn.
3158 3862 3337 3917 Monle

1767 3959 1895 4011 Sion
1932 3957 2115 4025 Virgo,
2164 3956 2290 4011 Jesu
2337 3956 2526 4020 Mater,
2576 3957 2788 4011 transiit
2819 3956 2886 4011 de
2931 3958 3152 4016 mundo.
3191 3966 3246 4010 et
3282 3956 3334 4007 in

1764 4048 2025 4116 Josapltat
2053 4051 2120 4102 ab
2147 4048 2403 4117 apostolis
2432 4047 2642 4116 sepulta
2677 4044 2810 4110 luit;
2843 4047 2965 4098 imle
3001 4063 3027 4097 a
3066 4044 3206 4100 Filio
3236 4058 3334 4097 suo

1763 4142 1920 4207 supra
1951 4139 2145 4193 choros
2170 4139 2482 4207 angelorum
2507 4138 2764 4197 exaltata.
2801 4138 2980 4192 Mante
3011 4138 3142 4190 Sion
3169 4135 3333 4190 David

1764 4246 1877 4296 rex,
1927 4239 1981 4284 et
2036 4229 2318 4292 Salomon,
2377 4229 2578 4298 aliique
2627 4245 2782 4298 reges
2839 4226 3330 4297 "terllSUIylllllalll,

109 4321 317 4388 calvari,
353 4325 406 4376 id
441 4331 545 4386 est,
579 4320 818 4375 damnari
851 4321 926 4373 rei
953 4319 1502 4398 solebant._Calvariaz
1528 4323 1651 4375 dum
1682 4331 1736 4389 ι)
1760 4320 1954 4388 sepulti
2007 4321 2310 4389 quiescunt.
2369 4323 2509 4375 Ante
2568 4329 2776 4390 portam
2836 4319 3156 4381 Jerusalem,
3211 4331 3330 4382 qn.e

112 4409 156 4462 in
181 4428 337 4468 cruce
380 4421 656 4484 pateretur
681 4409 861 4475 Jesus,
905 4408 1129 4465 Matrem
1159 4425 1310 4466 suam
1351 4412 1528 4465 amico
1562 4426 1659 4465 suo

109 4504 488 4558 commendavit
543 4514 599 4556 ut
636 4501 900 4571 virginem
951 4501 1138 4570 virgini
1188 4501 1365 4566 Matri,
1416 4501 1599 4556 dicens
1642 4521 1654 4555 :

115 4585 231 4643 Ecce
264 4593 408 4661 ﬁlius
432 4604 555 4647 tutu
589 4594 656 4657 ³⁸,
683 4604 792 4648 etc.
832 4593 1091 4646 Calvariaz
1119 4594 1244 4646 dum
1275 4593 1326 4646 in
1359 4607 1520 4648 cruce
1561 4609 1650 4660 pa-

105 4686 298 4736 ‘lcretur
339 4686 513 4740 hostia
554 4683 758 4749 mundi,
817 4684 1007 4738 latroni
1062 4685 1310 4752 pendenti
1365 4685 1428 4737 ad
1465 4687 1648 4738 dexte-

115 4782 232 4835 ram,
265 4777 329 4828 ab
362 4790 426 4828 eo
465 4775 666 4842 petenti
717 4776 950 4839 veniam,
985 4775 1174 4828 stolam
1227 4776 1650 4828 immortalitatis

112 4866 388 4924 Promisit:
429 4866 608 4920 crucis
663 4865 716 4920 in
767 4865 1023 4935 patibulo,
1082 4865 1383 4932 perloratus
1440 4865 1646 4928 lancea,

113 4957 405 5022 sanguinem
464 4957 644 5011 emisit
712 4965 767 5010 et
826 4969 1042 5024 aquam,
1118 4971 1182 5008 ex
1222 4971 1449 5024 quorum
1506 4954 1648 5007 stilla

112 5047 263 5106 aperti
312 5056 437 5100 sunt
476 5047 622 5101 oculi
685 5047 934 5118 Longini,
989 5046 1079 5116 qui
1116 5062 1236 5100 eum
1288 5057 1648 5114 percusserat.

112 5130 206 5187 Sub
237 5138 354 5193 loco
384 5139 645 5194 Calvaria:
675 5142 741 5194 ad
779 5141 1078 5211 dexteram,
1117 5141 1168 5192 in
1213 5139 1430 5192 introitu
1461 5130 1649 5193 Eccle-

112 5222 211 5293 εἰει),
241 5232 408 5294 locus,
438 5236 491 5285 in
525 5248 632 5301 quo
667 5231 863 5301 Joseplt
906 5233 1212 5301 impetravit
1255 5250 1286 5286 a
1331 5233 1501 5287 Pilato
1530 5248 1652 5288 cor-

115 5330 194 5378 vus
222 5323 370 5388 lese,
405 5324 674 5377 sublatum
700 5327 766 5378 de
795 5338 956 5378 cruce
995 5325 1125 5376 lavit
1155 5331 1464 5378 reverenter
1507 5325 1652 5387 caris

173 5495 213 5525 "
240 5497 362 5550 Luc.
401 5513 537 5558 uti,
562 5495 649 5550 l9.
726 5498 772 5532 ⁸⁸
801 5499 994 5552 Matth.
1028 5514 1172 5562 xxvr,
1201 5497 1290 5552 Ξῖ).
1366 5500 1408 5529 ⁸⁷
1442 5499 1574 5554 Ibid.
1606 5499 1698 5553 25.

1003 5567 1047 5598 ³³
1079 5567 1215 5621 Osee
1249 5585 1363 5634 xm,
1396 5571 1480 5625 l4.
1542 5570 1604 5602 '“
1629 5569 1763 5628 Luc.
1798 5585 1946 5634 xxiv,
1978 5571 2066 5624 56.

117 5571 159 5621 ι.
184 5564 266 5618 26.
343 5569 384 5597 ³³
417 5567 608 5618 Matth.
645 5583 836 5636 xxvut,
872 5567 923 5620 7.

399 5661 670 5722 Parum.
704 5664 818 5720 Gn.
853 5653 1197 5724 CXXXIII.

1763 4412 1978 4478 respicit
2015 4426 2266 4465 occasum
2295 4417 2306 4430 ’
2337 4413 2465 4464 urbs
2493 4423 2679 4465 sancta
2707 4409 2896 4470 Israel,
2918 4411 3070 4462 saxis
3099 4408 3324 4458 obrutus

1760 4503 1952 4556 beatus
1982 4501 2294 4572 Stephanus
2318 4511 2684 4571 protomartyr
2707 4501 2861 4563 obiit,
2889 4501 3015 4555 inde
3036 4499 3326 4551 translatm

1760 4595 1812 4648 itt
1850 4593 2007 4660 Sion,
2037 4606 2090 4647 et
2135 4596 2380 4662 sepultus
2427 4597 2564 4648 inter
2592 4594 2947 4648 Nicodemum
2992 4603 3047 4645 et
3073 4589 3320 4652 Habilon,

1751 4694 1805 4740 et
1859 4684 2247 4751 Gamalielem;
2302 4694 2490 4752 pOSIea
2550 4681 3050 4752 Constantinopolin
3088 4698 3102 4735 :
3140 4681 3322 4731 llotme

1761 4776 1826 4828 ad
1861 4776 2108 4829 ultimum
2148 4775 2302 4830 beato
2356 4774 2648 4828 Laurentio
2700 4771 3122 4827 contumulatus.
3169 4767 3326 4830 Unde

1757 4880 1811 4918 ct
1843 4868 1894 4919 in
1929 4867 2137 4920 tumqu
2160 4869 2414 4920 scribitur
2447 4884 2461 4919 :
2498 4866 2628 4930 Qua:
2667 4862 2795 4918 Sion
2822 4863 3006 4916 occidit
3033 4860 3178 4913 nobis
3205 4861 3281 4912 bis

1751 4968 1935 5010 austra
1997 4948 2156 5012 misit.
2218 4961 2357 5012 Ante
2399 4967 2602 5026 portam
2660 4954 2980 5018 Jerusalem,
3026 4953 3182 5023 juxta‘
3237 4954 3320 5003 lo-

1753 5060 1870 5100 cum
1920 5051 2010 5117 qui
2063 5049 2287 5117 ιἐξδρίεἱι
2337 5047 2620 5102 meridiem
2652 5060 2814 5101 cavea
2864 5043 2976 5107 illa,
3010 5045 3059 5095 in
3095 5059 3198 5110 qua
3230 5043 3316 5120 leo

1751 5139 1993 5208 quidam,
2041 5141 2199 5208 jussu
2263 5141 2352 5193 Dei
2413 5138 2825 5207 omnipotentis,
2860 5147 3152 5205 martyrum
3206 5136 3317 5188 lena

1752 5228 2033 5282 duodecim
2073 5229 2237 5282 millia
2278 5229 2377 5284 sub
2411 5230 2647 5284 Costhoe
2678 5237 2972 5296 perempta,
3009 5241 3114 5279 una
3162 5243 3244 5280 nm
3270 5245 3318 5280 te

1756 5323 1943 5380 detulit
1986 5342 1998 5374 :
2040 5326 2180 5378 unde
2235 5333 2288 5376 et
2350 5339 2582 5378 caverna
2632 5323 2800 5376 leonis
2865 5322 3084 5374 dicitur.
3151 5323 3318 5384 Sexto

1777 5501 1822 5532 "
1848 5499 1984 5553 Ibid.
2009 5501 2097 5553 '59.
2174 5499 2219 5528 ”
2262 5497 2396 5552 Ibid.
2430 5499 2519 5554 40.
2591 5497 2634 5529 ⁸ο
2670 5496 2803 5549 Ibid.
2846 5494 2936 5548 48.
3016 5497 3231 5552 "Joan.
3264 5514 3314 5552 λι

2145 5569 2188 5600 ³⁸
2217 5568 2373 5625 Joan.
2414 5587 2502 5638 xx,
2541 5568 2632 5623 ‘28.

2917 5654 2988 5719 32
