3956 6324
573 207 705 270 1003

569 319 823 377 milliario
880 335 908 370 a
969 315 1295 380 Jerusalem,
1343 316 1450 380 vin,
1489 333 1608 385 quae
1656 317 1800 370 ducit
1855 318 2141 379 liamatha,
2170 323 2221 381 Α

566 427 722 470 mons
761 410 940 469 Modin
969 426 984 475 ;
1022 424 1084 462 ex
1114 425 1221 477 quo
1253 407 1602 472 Mathathias,
1626 417 1777 476 pater
1805 409 2141 462 Machalnro-

566 519 718 564 rum;
757 503 808 553 in
832 514 941 568 quo
967 498 1164 565 sepulti
1192 499 1506 566 quiescunt,
1533 512 1719 551 eorum
1748 499 1924 550 adhuc
1973 513 2142 566 appa-

567 597 810 651 rentibus
861 585 1109 646 tumulis.
1166 591 1370 644 Octavo
1425 589 1680 643 milliaria
1731 603 1760 641 a
1795 588 1998 648 Modin,
2055 590 2138 639 via

565 701 685 757 qua:
715 683 866 740 ducit
920 667 1154 752 Joppen,
1215 680 1410 742 Lidda,
1468 695 1589 748 quae
1649 691 1701 733 et
1735 680 2003 748 Diospolis
2039 699 2051 732 :
2087 680 2138 730 in

565 793 670 848 qua
703 791 900 845 corpus
929 774 1070 828 beati
1125 770 1341 840 Georgii
1374 772 1639 839 sepultum
1694 770 1866 824 fuisse
1915 769 2143 822 manife-

566 877 763 924 statur.
795 865 1052 919 Milliario
1093 877 1122 915 a
1159 862 1450 924 Ramatlta,
1487 862 1649 914 tertio
1683 861 1942 914 milliario
1979 876 2006 912 a
2045 860 2143 912 Be-

568 961 788 1023 thleem,
814 956 1034 1011 Thecue
1065 955 1343 1024 Oppidum,
1387 968 1447 1006 ex
1482 968 1589 1022 quo
1618 951 1784 1006 Amos
1832 954 2094 1021 propheta
2125 969 2139 1005 :

565 1052 658 1122 qui
689 1059 743 1104 et
776 1049 849 1104 ibi
882 1049 1124 1118 sepultus
1170 1047 1425 1117 quiescit.
1455 1045 1658 1111 Quarto
1687 1037 1943 1098 milliario
1991 1058 2020 1096 a
2048 1040 2144 1098 Je-

571 1142 801 1197 rusalem
832 1141 900 1193 ad
949 1149 1220 1202 austrum,
1247 1137 1499 1205 oppidum
1553 1136 1706 1200 illud,
1739 1137 1791 1188 in
1828 1150 1937 1204 quo
1960 1149 2144 1189 mora-

569 1237 729 1289 batur
755 1229 1048 1286 Zacharias
1101 1238 1227 1282 tunc
1279 1230 1563 1294 temporis,
1626 1243 1753 1281 cum
1788 1226 1962 1281 Mater
2014 1225 2142 1282 Jesu

567 1323 754 1384 Maria,
796 1321 1080 1383 festinans,
1111 1319 1221 1386 jam
1254 1320 1460 1373 habens
1513 1321 1564 1372 in
1600 1329 1755 1372 utero
1790 1317 1987 1372 Filium
2023 1318 2140 1382 Dei,

567 1415 712 1468 venit
737 1412 801 1466 ad
830 1409 1168 1464 salutandam
1197 1409 1488 1471 Elisabeth,
1516 1418 1798 1477 cngnatam
1824 1422 2000 1469 suam,
2019 1422 2141 1474 qua:

569 1514 689 1558 erat
730 1501 956 1572 gravida
995 1497 1204 1554 Joanne
1241 1499 1521 1569 Baptista;
1557 1513 1716 1565 quem
1750 1497 1823 1551 ibi
1859 1505 1914 1550 et
1956 1508 2142 1551 natum

571 1595 737 1649 fuisse
781 1593 1085 1661 perhibent.
1121 1589 1339 1641 Decimo
1373 1589 1533 1642 tertio
1563 1587 1815 1642 tnilliario
1858 1603 1888 1642 a
1929 1587 2142 1642 Jerusa-

568 1690 669 1740 lem
704 1692 889 1737 contra
930 1684 1169 1744 boream,
1203 1677 1444 1742 Jericbo,
1484 1695 1550 1732 ex
1598 1694 1706 1748 qua
1740 1679 1926 1733 Babab
1961 1694 2141 1732 mere-
2178 1657 2217 1712 Β

573 1776 700 1839 trix,
731 1790 848 1844 quae
883 1772 1121 1841 hospitio
1147 1773 1385 1840 suscepit
1411 1779 1465 1825 et
1503 1772 1650 1839 pavit
1677 1771 1981 1840 celavitque
2012 1786 2142 1839 qua-

572 1880 695 1921 tuor
748 1865 1128 1933 exploratores
1204 1872 1360 1916 terra:
1415 1861 1816 1931 promissionis.
1887 1860 1966 1914 Ex
2039 1875 2144 1930 qna

567 1958 829 2011 Zachazus
881 1964 1086 2009 statura
1138 1953 1386 2022 pusillus,
1439 1952 1664 2008 audiens
1714 1950 1918 2016 Jesum,
1963 1962 2145 2022 partes

504 2068 510 2073 ·
567 2049 688 2104 illas
718 2045 1207 2116 per-ambulantem,
1239 2043 1852 2114 sycomorum‘arborem
1879 2045 2141 2108 ascendit,

569 2149 642 2203 et,
681 2149 736 2191 ut
770 2137 1059 2192 Dominum
1085 2137 1317 2202 videret,
1348 2145 1404 2192 et
1452 2151 1573 2190 cum
1617 2150 1683 2191 eo
1716 2125 2052 2206 loqueretur,
2086 2152 2146 2191 se

566 2229 846 2294 indicavit,
879 2239 1068 2300 petens
1102 2229 1351 2294 veniam;
1377 2244 1440 2282 ex
1478 2244 1582 2298 qua
1615 2237 1668 2280 et
1697 2228 1870 2297 pueri,
1897 2228 1985 2296 qui
2021 2227 2147 2281 bea-

573 2333 682 2376 tum
717 2321 994 2384 Eliseum,
1036 2319 1461 2389 Hierosolymam
1491 2319 1901 2383 ascendentem,
1937 2319 2149 2374 derise-

568 2420 695 2472 runt
728 2411 1103 2465 exclamantes
1138 2427 1153 2463 :
1179 2378 1429 2464 Escende
1455 2409 1619 2471 calve,
1656 2409 1880 2463 ascende
1901 2410 2047 2462 calve
2074 2409 2140 2462 ".

570 2501 822 2558 Secundo
861 2501 1040 2571 lapide
1078 2515 1106 2554 a
1140 2498 1359 2555 Jericho
1412 2502 1478 2554 ad
1511 2510 1778 2565 austrum,
1818 2512 1898 2556 est
1954 2503 2144 2558 deser-

572 2604 710 2656 tum,
743 2595 886 2662 quod
919 2593 1268 2658 Quarantena
1303 2602 1546 2656 vocatur,
1601 2595 1653 2646 in
1681 2600 1791 2662 qdo
1817 2592 1975 2648 Jesus
2007 2609 2146 2663 qua-

569 2685 815 2755 draginta
877 2683 1067 2737 diebus
1128 2683 1466 2752 tetidemque
1542 2685 1791 2741 noctibus
1850 2686 2143 2753 jejunavit,

568 2793 802 2846 cumque
837 2777 905 2832 ibi
933 2762 1262 2832 esu-rientem
1301 2785 1521 2831 tentans
1551 2778 1822 2842 diabolus,
1857 2780 1931 2830 ait
1970 2796 1984 2833 :
2025 2778 2143 2840 Dic,

567 2881 622 2925 tu
669 2870 868 2937 lapides
915 2869 1005 2923 isti
1046 2885 1204 2937 panes
1258 2869 1389 2936 ﬁant
1427 2868 1494 2923 ".
1533 2869 1786 2923 Secundo
1841 2871 2145 2924 milliarioa

568 2960 922 3025 Quarantena
957 2967 1146 3012 contra
1195 2957 1495 3024 Galilaeam,
1537 2973 1691 3011 mons
1740 2958 1994 3013 excelsus
2036 2959 2142 3022 ille,
2175 2983 2218 3041 ρ

570 3053 625 3105 in
661 3066 770 3120 quo
807 3052 1005 3105 iterum
1043 3049 1292 3104 diabolus
1346 3054 1574 3105 tentavit
1605 3049 1812 3115 Jesum,
1848 3054 2142 3105 ostendens

569 3143 618 3198 ei
654 3144 834 3195 omnia
889 3158 1051 3208 regna
1093 3143 1307 3209 mundi,
1347 3153 1402 3197 et
1454 3144 1751 3212 inquiens:
1792 3140 1921 3196 Hinc
1964 3143 2141 3196 omnia

569 3233 662 3289 libi
689 3233 849 3298 dabo,
900 3235 946 3287 si
975 3235 1166 3288 cadens
1209 3235 1514 3288 adoraveris
1545 3251 1623 3288 me
1645 3234 1710 3288 ³⁸ς
1763 3233 1874 3288 Sub
1896 3234 2146 3300 Quarun-

569 3334 714 3390 tena,
757 3323 921 3380 fontis
958 3326 1103 3379 illius
1146 3325 1378 3389 rivulus,
1413 3340 1572 3393 quem
1633 3326 1828 3378 beatus
1895 3324 2142 3388 Elisznus,

568 3419 687 3488 ejus
725 3426 913 3471 sanata
957 3419 1270 3482 sterilitate,
1314 3408 1393 3471 "de
1433 3431 1619 3470 amaro
1645 3417 1932 3484 potabilem
1974 3418 2149 3470 reddi-

571 3511 666 3563 dit.
719 3508 860 3562 Ante
907 3506 1150 3572 Jericbo,
1202 3523 1364 3564 secus
1397 3509 1562 3570 viam,
1615 3509 2146 3571 c:ecus,niendicns,

571 3596 796 3652 audiens
838 3599 979 3678 quod
1033 3595 1191 3654 Jesus
1247 3597 1521 3662 transiret,
1570 3597 1849 3651 clamans:
1881 3595 2030 3661 Jesu,
2065 3598 2147 3665 ﬁli

641 3756 792 3828 ’μιν
829 3756 964 3828 Reg.
1008 3773 1072 3822 ιι,
1112 3758 1201 3814 25.

634 3758 792 3828 3'er
829 3758 964 3828 Reg.
1008 3773 1072 3822 ιι,
1112 3758 1201 3814 25.
1305 3758 1350 3791 ⁸⁷
1382 3758 1576 3815 Matth.
1613 3775 1685 3828 tv,
1723 3760 1778 3815 5.

572 3842 667 3893 vn,
704 3827 758 3880 5.

1878 3763 1920 3794 ³³
1949 3761 2083 3817 Ibid.
2124 3763 2176 3817 9.

1786 209 2184 268 'fllEUDOBI
2227 208 2625 268 I’RODROMI

2251 317 2438 380 David,
2473 321 2714 371 miserere
2740 318 2838 370 mei
2864 317 2929 381 ",
2952 319 3018 371 ab
3042 333 3106 372 eo
3135 318 3426 374 illuminari
3463 321 3669 385 meruit,
3689 330 3781 374 tam

2246 407 2477 462 interius
2505 422 2664 476 quam
2699 406 3170 461 exterius.'Tertio
3219 408 3474 463 milliarib
3507 424 3536 462 a
3569 407 3782 475 Jericbo,

2245 497 2483 553 secundo
2533 499 2783 552 milliario
2832 493 2886 571 ei
2917 498 3196 566 Bethagla,
3242 500 3387 568 quod
3425 499 3784 568 interpretatur

2247 591 2391 643 locus
2422 592 2557 658 gyri,
2590 605 2652 644 eo
2683 590 2823 658 quod
2867 590 2936 642 ibi
2987 604 3138 643 more
3191 592 3556 661 plangentium
3590 591 3783 647 circuis-

2245 689 2365 734 si-nt
2394 681 2579 735 [ιιιιριιιι
2613 681 2803 742 Jacob,
2846 681 2938 733 illii
2967 681 3085 748 ejus
3112 690 3165 736 et
3195 698 3330 753 gens
3365 697 3485 746 sua.
3522 682 3783 738 referentes

2246 787 2366 823 eum
2400 771 2468 824 de
2499 769 2733 841 Egypto
2757 772 2806 824 in
2837 769 3070 826 Hebron.
3105 772 3344 841 Engaildi
3386 774 3438 826 in
3479 775 3618 828 tribu
3651 771 3782 838 luds,

2247 861 2334 913 ubi
2396 859 2680 914 abscondit
2725 875 2782 913 se
2825 859 2988 915 David
3038 862 3459 926 in'solitudine,
3505 879 3624 932 qua!
3644 864 3782 919 estin

2246 953 2442 1006 aulone
2467 954 2486 972 ⁴
2519 949 2754 1015 Jericho,
2789 954 2891 1006 hoc
2918 963 3020 1014 est,
3044 953 3097 1006 in
3133 955 3350 1023 regione
3388 954 3476 1007 illa
3503 955 3782 1022 campestri,

2247 1043 2314 1097 de
2336 1059 2439 1111 qua
2464 1059 2623 1110 supra
2660 1044 2912 1097 diximus.
2945 1043 3184 1101 Vocatur
3213 1046 3361 1100 vicus
3384 1046 3475 1099 ille
3499 1049 3783 1116 pergrandis

2247 1130 2578 1189 ludasoruni.
2617 1133 2672 1186 In
2717 1134 2902 1188 Gadda
2944 1135 3279 1204 juxtamare
3323 1135 3787 1201 Mortnum,balsa-

2250 1240 2395 1278 nium
2447 1223 2628 1277 alierri
2663 1226 2871 1279 solebat
2915 1238 2968 1279 et
2998 1226 3150 1281 oriri.
3187 1224 3339 1280 Unde
3393 1238 3448 1279 et
3507 1229 3670 1283 vincte
3695 1227 3784 1281 En-

2248 1313 2406 1384 gaddi
2453 1324 2848 1383 nuncupantur.
2905 1317 3108 1371 Oetavo
3159 1317 3407 1372 tniiliario
3471 1333 3499 1370 τι
3553 1317 3788 1372 Nazarth

2247 1413 2436 1459 contra
2463 1403 2768 1459 Carmelum
2819 1397 2988 1461 Cham
3041 1423 3231 1476 mons;
3263 1410 3327 1463 ad
3375 1410 3612 1465 radicem
3643 1411 3785 1478 cujus.

2245 1499 2401 1568 juxta
2442 1498 2668 1563 fontem,
2712 1498 2970 1563 Lamech,
3008 1511 3157 1569 pater
3185 1501 3316 1566 Noe,
3344 1503 3537 1569 sagitta
3571 1518 3660 1557 sua
3688 1517 3788 1570 per-

2250 1589 2384 1642 emit
2416 1588 2570 1649 Cain,
2618 1605 2856 1657 arcuque
2891 1606 2986 1642 suo
3014 1591 3204 1643 duceni
3250 1607 3426 1646 suum.
3463 1591 3616 1648 Unde
3638 1593 3790 1647 furore

2251 1680 2508 1748 repletus,
2565 1691 2618 1734 et
2669 1682 2859 1744 iratus,
2920 1681 3251 1736 ait:0ccidi
3303 1684 3475 1736 virum
3528 1686 3581 1739 in
3631 1685 3789 1738 vulnus

2247 1787 2439 1835 meum,
2465 1781 2513 1824 et
2544 1772 2984 1825 adolescentulum
3016 1774 3070 1825 in
3103 1773 3317 1828 lit-orem
3345 1791 3516 1828 meum
3543 1776 3610 1829 “.
3635 1767 3790 1828 Tertio

2249 1861 2498 1915 milliario
2552 1877 2580 1913 a
2625 1861 2755 1913 Cain
2792 1872 2993 1925 monte,
3021 1878 3181 1916 mons
3229 1863 3486 1930 Carmeli,
3517 1866 3581 1918 de
3623 1879 3718 1934 quo
3745 1865 3786 1917 in

2246 1953 2485 2008 Canticis
2521 1970 2542 2006 ι
2567 1952 2772 2008 Collum
2808 1963 2977 2018 tuum,
3013 1965 3064 2006 ut
3112 1953 3383 2009 Carmelus
3419 1957 3497 2024 “;
3548 1959 3600 2012 in
3630 1973 3724 2027 quo
3745 1968 3791 2011 et

2249 2059 2344 2112 per
2378 2044 2606 2097 multum
2666 2047 2926 2113 temporis
2992 2048 3226 2114 spatium
3284 2051 3601 2105 conversari
3648 2049 3790 2104 voluit

2249 2138 2436 2191 beatus
2479 2137 2645 2202 Elius,
2709 2139 2933 2207 ejusque
2980 2140 3276 2209 discipulus
3327 2157 3449 2196 cum
3500 2159 3594 2208 eo,
3626 2143 3791 2202 beatus

2259 2229 2502 2282 Elismns.
2530 2221 2780 2298 Septimo
2804 2229 3052 2282 milliario
3075 2246 3102 2283 a
3122 2231 3389 2286 Nazareth
3417 2232 3789 2287 contra‘Geni-

2251 2321 2436 2382 mium,
2467 2318 2659 2384 Gaver,
2684 2320 2832 2374 locus
2855 2321 2908 2373 in
2930 2337 3036 2389 quo
3059 2321 3193 2376 Jehu
3230 2339 3318 2378 rex
3349 2325 3512 2379 lsrael
3557 2324 3792 2394 percussit

2252 2411 2544 2464 Ochozinm
2580 2424 2758 2477 regem
2807 2409 3025 2477 ludam.
3063 2409 3278 2464 Decimo
3318 2422 3474 2466 sexto
3515 2410 3789 2464 milliarios

2250 2497 2518 2552 Nazareth
2576 2510 2764 2552 contra
2831 2498 3096 2551 orientem
3143 2513 3303 2568 supra
3351 2516 3503 2554 mare
3561 2498 3790 2561 Galila-a,

2249 2591 2506 2661 Gergesa,
2537 2591 2742 2645 viculus
2785 2592 2894 2654 ille,
2931 2592 2983 2643 in
3038 2607 3146 2660 quo
3209 2590 3457 2644 Salvator
3513 2607 3606 2646 eos
3637 2592 3718 2660 qui
3768 2611 3789 2640 ιι

2250 2684 2590 2737 daemonibus
2623 2682 2982 2745 vexabantur,
3047 2683 3264 2736 sanitati
3304 2684 3581 2747 restituit;
3607 2697 3667 2736 ex
3700 2697 3791 2751 quo

2249 2777 2382 2827 etin
2418 2775 2556 2827 mari
2598 2774 2744 2843 porci
2796 2773 3118 2841 prmcipitati
3167 2775 3372 2828 obiere.
3410 2775 3629 2828 Decimo
3657 2782 3792 2827 sexto

2251 2865 2505 2918 milliario
2535 2875 2714 2918 monte
2741 2864 2969 2917 Carmeli
2995 2876 3185 2918 contra
3215 2866 3521 2930 meridiem,
3553 2866 3793 2925 Casam.

2251 2957 2551 3012 Palestina
2584 2957 2920 3024 metmpolis,
2973 2972 3038 3010 ex
3098 2972 3202 3026 qua
3238 2957 3524 3012 Cornelius
3555 2957 3794 3019 centurio,

2251 3064 2410 3118 quem
2444 3050 2495 3100 in
2527 3063 2591 3102 ea
2627 3048 2920 3117 baptizavit
2965 3048 3159 3102 beatus
3195 3049 3410 3112 Petrus.
3439 3062 3490 3103 et
3525 3051 3718 3104 creavit
3749 3049 3793 3103 in

2251 3141 2596 3210 episcopum:
2624 3140 2674 3192 in
2703 3155 2805 3208 qua
2838 3149 2891 3193 et
2929 3141 3096 3194 turris
3125 3140 3418 3206 StratOnis,
3456 3159 3615 3211 quam
3646 3141 3794 3196 Hern-

2253 3234 2350 3288 des
2398 3243 2588 3285 contra
2633 3235 2922 3287 adventum
2973 3235 3196 3303 Augusti
3227 3233 3461 3289 Cassi-is
3515 3235 3795 3290 construxit

2256 3328 2320 3380 de
2372 3324 2492 3377 albo
2551 3339 2851 3390 marmore;
2901 3335 2955 3379 et
3004 3327 3231 3388 turrim,
3285 3341 3406 3394 qua:
3457 3325 3794 3394 supereminet

2255 3413 2664 3484 Hierosolymis,
2713 3415 2826 3481 ipse
2873 3414 3136 3480 Herodes,
3187 3430 3308 3484 qua:
3349 3427 3402 3470 et
3436 3420 3602 3471 turris
3646 3415 3806 3470 David

2253 3507 2474 3571 dicitur,
2504 3505 2739 3575 Josepho
2779 3514 3093 3570 attestante,
3131 3505 3420 3561 fabricavit
3453 3521 3674 3580 eamque
3701 3506 3796 3559 An-

2255 3599 2456 3653 tOuiatn
2483 3597 2716 3651 vocavit.

2285 3762 2328 3794 ³⁹
2387 3761 2575 3816 Matth.
2632 3776 2708 3825 ix,
2769 3758 2860 3813 97.
2967 3760 3014 3791 ⁸⁸
3059 3722 3196 3814 Gen.
3254 3773 3329 3824 tv,
3387 3757 3477 3813 25.
3576 3756 3618 3788 ⁸⁸
3652 3754 3795 3810 Cant.

785 4378 2116 4556 THEODOBUS
2277 4363 3600 4552 PBODROMUS

1956 4819 2456 4907 NOTI'I‘IA

989 4997 1081 5059 (Ex
1105 4997 1268 5047 Lenne
1304 4997 1484 5046 Aliatio
1513 4998 1579 5046 De
1605 4993 1878 5046 Theudoris
1913 5009 2046 5044 num.
2081 4994 2245 5056 CXVI,

2276 5008 2353 5056 ap.
2387 4994 2560 5042 Maium
2587 4993 2636 5043 in
2667 4994 2791 5045 Bibl.
2821 4998 2951 5047 Non.
2983 4998 3126 5046 Patr.
3153 5001 3272 5047 tom.
3301 4997 3398 5062 γι.)

644 5244 960 5303 Theodorus
1009 5250 1352 5318 Prodromus,
1388 5253 1500 5307 sive
1555 5254 2101 5323 Ptochoprodromus,
2139 5254 2206 5304 ita
2239 5252 2380 5306 enim
2410 5251 2704 5316 Saepissime
2740 5251 2792 5304 in
2852 5251 3236 5322 manuscriptis
3281 5251 3622 5324 exprimitur,
3657 5245 3789 5304 Chri-

571 5338 763 5395 stianis
798 5345 1114 5412 parentibus
1145 5356 1315 5410 ortus,
1350 5347 1504 5403 bonis
1536 5348 1749 5418 piisque
1780 5347 2083 5415 disciplinis
2114 5347 2422 5401 instruitur.
2459 5345 2574 5414 Ipse
2605 5346 2747 5399 enim
2783 5345 2847 5399 de
2875 5346 3140 5404 se'dicit:

1623 5463 1718 5526 ⁸ος
1747 5464 1998 5534 πατέρων
2045 5457 2143 5530 μὲν
2175 5461 2369 5531 ὲξέφυν
2407 5461 2730 5529 Θεοφρὸνων,

1613 5536 1722 5588 Καὶ
1751 5533 1932 5587 πίστιν
1961 5533 2023 5585 ἐκ
2070 5549 2129 5584 τε
2163 5533 2505 5603 πραγμάτων
2542 5534 2915 5584 πιστουαένων

1615 5604 1725 5656 Καὶ
1752 5604 1976 5664 κλήσεσι
2002 5603 2234 5664 μάλιστα.
2266 5604 2690 5666 γριστωνυμίαςο
