3964 6328
93 285 210 348 ιω]
1470 283 1658 342 ΡΠᾸΞΙ

1726 281 1864 342 ΤΙΟ
3161 276 3291 342 1038

83 414 299 469 qrnaque
333 399 533 469 gradus
552 399 942 454 ascentlt-hatur
965 398 1350 453 celebraretur.
1385 399 1537 452 Alias
1573 399 1713 465 apud
1749 396 2000 449 Nostrum
2025 395 2180 448 sedes
2227 393 2342 447 sive
2383 403 2622 461 potestas
2645 406 2767 446 tum
2797 393 2938 462 regia
2969 402 3088 446 tum
3131 395 3266 446 erclc

91 488 288 541 nauita
312 486 411 541 hoc
433 487 655 540 nomine
682 487 848 541 venit.
879 488 1053 556 Atque
1077 487 1150 540 ita
1185 487 1238 540 in
1273 487 1361 540 illa
1392 487 1654 556 inaugura

1746 485 1989 546 aratione,
2036 483 2176 553 Διχῆ
2207 483 2337 552 γὰρ,
2389 485 2584 550 inquit,
2618 483 2717 552 τῆς
2744 480 2868 534 καθ’
2905 482 3055 552 ἡμᾶς
3076 479 3297 550 ἁπάσης

83 577 395 646 διῃρημένης
415 575 592 645 ἀρχῆς
621 577 715 629 καὶ
743 575 868 629 δυσὶ
893 575 1460 646 συνδιανενεμημένης
1490 578 1599 637 τοῖς
1631 576 1856 646 βήμασι,
1895 575 1975 644 τῷ
2007 576 2291 645 ἱερατικῷ,
2333 576 2500 642 φημι,
2532 575 2625 626 καὶ
2650 572 2918 641 βασιλικῷ
2945 589 2961 606 ο
2994 581 3047 627 et
3073 572 3126 626 in
3154 581 3296 627 Orat.

83 667 138 715 ad
170 664 408 716 Alexium
435 662 746 716 Aristcnmn
775 663 956 717 eidem
986 662 1362 733 nomopbylaci
1393 673 1448 718 et
1475 664 1646 733 orpba

1732 663 2146 732 trophutribuit
2181 663 2241 715 τὸ
2272 657 2646 737 συγκλητικόν
2698 677 2760 711 τε
2790 659 2907 730 ἅμα
2973 659 3070 714 καὶ
3138 660 3297 730 ἱερα-

82 751 217 800 τικὸν
239 748 412 818 βῆμα.

143 835 387 902 Plerique
415 839 738 889 monachum
774 837 940 890 fuisse
970 836 1310 891 Theodorum
1343 847 1588 891 nostrum
1617 836 1822 891 volunt.
1853 838 1916 890 Et
1946 837 2214 906 profecto,
2252 839 2296 889 si
2324 853 2488 891 unum
2525 837 2884 907 eamdemque
2936 834 3168 889 facimus
3226 845 3291 887 ac

82 921 614 988 I’mcboprodrmmim
646 923 793 976 illum
827 923 893 978 de
923 939 1028 992 quo
1060 923 1318 987 diximus,
1350 938 1457 977 nou
1490 938 1774 991 possumus
1797 925 1939 978 aliud
1966 926 2316 996 statuercghi
2360 927 2424 979 iis
2461 927 2601 978 enim
2640 908 2886 978 versibus
2939 936 3075 989 quos
3133 933 3298 988 supe-

84 1009 180 1061 rius
208 1008 559 1062 indicavimus
610 1009 667 1062 'id
705 1011 857 1064 de~se
891 1019 1074 1076 aperte
1118 1021 1318 1072 narrat,
1363 1010 1448 1065 ubi
1479 1013 1544 1064 de
1599 1010 1832 1063 aliorum
1863 1013 2129 1078 elegantia
2167 1013 2435 1066 scribendi
2471 1012 2604 1065 dixit
2636 1029 2650 1064 :
2718 996 2860 1077 Ἐιξὼ
2920 1007 2965 1062 δ’
2997 1009 3098 1076 οὐχ
3151 1005 3297 1060 οὓτω

86 1095 288 1164 γράφω,
320 1094 415 1147 καὶ
453 1086 563 1163 Ῠῖιρ
588 1094 952 1164 ἀγράμματός
983 1096 1101 1164 εἰμι
1144 1099 1236 1148 καὶ
1257 1097 1372 1159 νέος
1415 1096 1752 1166 ρακενδύτης
1803 1101 1900 1151 καὶ
1933 1100 2169 1169 μσνσιχὸς
2220 1099 2331 1150 τῶν
2379 1098 2614 1150 εὐτελῶν
2645 1099 2754 1151 τῶν
2792 1096 2962 1166 μηδὲν
3010 1110 3189 1160 κεκτη
3204 1095 3301 1161 μὲ-

83 1200 195 1235 νων.
222 1181 532 1248 Coagruere
560 1182 672 1234 bzcc
705 1182 837 1236 satis
863 1183 1113 1236 videmur
1139 1198 1262 1237 cum
1288 1185 1353 1237 iis
1377 1199 1498 1252 qua:
1521 1184 1587 1238 ad
1617 1183 1648 1236 Ι.

1735 1201 1848 1239 cem
1889 1186 2079 1239 scribit
2110 1186 2246 1257 (12),
2276 1189 2344 1238 τὰ
2407 1185 2452 1238 δ’
2483 1186 2726 1256 ἡμέτερα
2760 1182 3122 1253 ἀλουτοῦμεν,
3169 1192 3299 1241 etc.,

83 1278 224 1335 ctep.
278 1267 303 1319 1
362 1267 432 1320 de
485 1267 780 1322 solitudine
814 1283 933 1321 sua.
963 1267 1034 1322 Ut
1059 1269 1199 1322 enim
1233 1270 1424 1330 borum
1453 1279 1648 1338 tempor

1736 1285 1750 1322 ι
1787 1272 2021 1338 scriptor
2043 1271 2255 1326 Nicetes
2279 1272 2416 1343 (i5),
2448 1272 2570 1323 δέον
2602 1271 2659 1334 ὲν
2698 1271 2885 1334 τόποις
2917 1271 3301 1340 δυσερενήτοις

85 1357 162 1406 xui
243 1355 471 1424 χωρίοις
569 1359 908 1425 πανερὴμοις
968 1359 1080 1418 τοῖς
1173 1356 1499 1424 μονὰζουσιν
1556 1359 1650 1409 ἀπε

1739 1356 1828 1420 Eat
1906 1357 1970 1409 τὺ
2037 1347 2330 1427 σκήνωμα,
2411 1358 2566 1424 Quod
2623 1357 2669 1411 si
2719 1358 2771 1410 in
2843 1355 3301 1424 orphanotmphio

86 1453 248 1510 postea
277 1443 434 1507 vixit,
489 1442 657 1498 fuisse
685 1443 756 1497 ibi
790 1445 884 1497 καὶ
913 1443 1258 1510 μοναζόντων
1285 1447 1378 1498 καὶ
1409 1446 1651 1514 μομαζου

1735 1461 1772 1495 ιν
1804 1443 2151 1512 καταγώγια,
2181 1445 2421 1500 Zonaras
2478 1452 2533 1498 et
2565 1445 2720 1496 Anna
2755 1442 2887 1497 locis
2937 1442 3114 1496 allatis
3160 1457 3300 1498 nar-

87 1538 211 1584 rant.
241 1531 445 1584 Contra
480 1545 629 1594 vero,
658 1531 786 1599 quid
814 1540 959 1584 esset
985 1545 1084 1584 cur
1115 1532 1412 1584 monachus
1441 1532 1511 1586 de
1538 1532 1734 1599 capillo
1774 1540 2058 1603 tantopere
2113 1543 2453 1602 quereretur,
2480 1533 2624 1602 quod
2678 1531 2854 1600 capite
2908 1530 3171 1594 ﬂuxisset,
3237 1543 3296 1584 ut

87 1620 186 1687 ipse
209 1618 338 1674 iacit
363 1618 527 1687 epist.
558 1618 623 1672 l0
647 1619 782 1685 naut
806 1619 898 1687 qui
928 1620 1188 1672 monacho
1211 1619 1348 1672 idem
1375 1618 1689 1673 conveniret
1713 1630 1982 1685 unguento
2007 1619 2357 1682 delibutus,ut
2375 1622 2532 1674 habet
2559 1620 2719 1686 epiSI.
2755 1620 2822 1673 15
2849 1618 2870 1671 i
2895 1618 2970 1672 De
3000 1619 3299 1672 monacho-

88 1721 191 1760 rum
214 1716 434 1760 tonsura
473 1704 558 1759 his
581 1707 914 1772 temporibus
933 1707 1087 1760 testis
1109 1718 1192 1760 est
1217 1706 1512 1770 Cedrenus,
1541 1707 1636 1777 qui
1665 1706 1730 1759 de
1758 1705 2014 1762 Michacle
2043 1707 2335 1776 Calepbate
2359 1722 2386 1759 a
2421 1706 2534 1760 Zoe
2559 1707 2625 1760 de
2658 1697 2888 1775 imperio
2919 1705 3130 1774 dejecto
3153 1695 3291 1758 'si-ri-

89 1795 171 1855 hit,
198 1793 256 1844 ἐν
289 1790 372 1862 τῷ
401 1790 546 1843 κατὰ
577 1791 680 1860 τὴν
710 1792 872 1860 νῆσον
907 1790 1141 1861 nptias-qv
1160 1792 1514 1864 μοναστηρίερ
1564 1793 1664 1861 τὴν
1694 1794 1968 1862 κοσμικὴν
2011 1795 2349 1863 ἀποθέμενος
2409 1780 2569 1863 σέρεχα
2598 1793 2690 1846 τὸν
2752 1793 2941 1846 λοιπὸν
3001 1793 3102 1859 τῆς
3156 1793 3304 1860 ζωῆς
3393 1844 3396 1848 .

87 1881 286 1949 διήνυσε
313 1879 532 1951 χρόνον.
566 1877 631 1932 In
671 1878 862 1934 insuit:
887 1883 1072 1934 Protea
1100 1882 1414 1933 monasterio
1441 1882 1765 1934 mundanum
1789 1881 2046 1946 deponens
2067 1881 2340 1944 capillum,
2366 1879 2618 1948 reliquam
2646 1881 2806 1932 vitam
2829 1881 3020 1947 exegit.
3078 1878 3301 1942 Verum,

89 1983 192 2019 cum
222 1982 364 2021 nunc
387 1981 601 2036 quoque
628 1966 843 2021 Graecos
867 1973 1162 2021 monachos
1191 1969 1467 2021 videamus
1487 1967 1682 2034 capillo
1714 1967 1989 2036 aliquanto
2020 1966 2262 2034 longiore
2293 1967 2390 2027 n’ti,
2410 1975 2462 2017 et
2489 1980 2612 2019 cum
2636 1970 2774 2032 apud
2808 1963 3048 2025 Latinos,
3107 1980 3214 2017 non
3252 1963 3301 2016 id

90 2052 248 2108 facere
273 2055 700 2109 ecclesiasticam
731 2066 1029 2119 tonsuram,
1058 2063 1118 2107 ut
1147 2057 1324 2109 crines
1361 2056 1636 2108 resecantli
1678 2059 1897 2108 oumino
1929 2055 2041 2116 sint
2083 2067 2097 2104 :
2136 2069 2248 2106 rem
2304 2053 2459 2120 plane
2481 2056 2620 2120 apud
2651 2067 2736 2105 me
2801 2056 3130 2106 constituere
3187 2067 3295 2105 non

92 2154 291 2206 possum
327 2158 342 2204 ;
373 2140 506 2203 etsi,
543 2151 601 2194 ut
625 2156 807 2194 verum
839 2141 1029 2205 fatear,
1069 2143 1118 2194 in
1144 2157 1262 2195 eam
1316 2153 1519 2208 partem
1551 2140 1775 2195 inclinat
1834 2141 2069 2202 animus,
2113 2154 2232 2207 quae
2288 2141 2456 2207 ponit,
2492 2153 2519 2190 a
2577 2137 3078 2208 PtotbOprudromo
3121 2139 3212 2209 qui
3245 2153 3304 2192 se
3356 2162 3367 2171 -

91 2228 232 2280 etiam
263 2226 593 2282 Hilarionem
627 2229 924 2282 uinnastico
964 2228 1175 2281 nomine
1209 2239 1378 2289 vocat.
1417 2228 1580 2281 fuisse
1612 2226 1966 2281 Prodrnmum
1996 2233 2238 2279 nostrum
2273 2226 2566 2278 diversum.

153 2312 344 2386 versus
375 2312 573 2381 quibus
614 2314 665 2366 in
690 2313 913 2367 Baream
937 2314 1052 2366 sive
1081 2313 1254 2382 Baryn
1285 2313 1549 2374 scribens,
1584 2310 1896 2380 parentibus
1925 2324 1984 2364 se
2014 2319 2189 2364 ortum
2219 2308 2399 2378 probis
2431 2317 2617 2361 narrat
2645 2305 2980 2378 optimisque
3004 2307 3306 2376 disciplinis

93 2402 407 2455 instructum
441 2411 493 2454 ct
521 2403 591 2455 de
620 2403 881 2469 avunculo
909 2402 1156 2471 episcopo
1190 2403 1440 2468 loquitur,
1474 2401 1549 2454 ali
1581 2413 1628 2454 rt
1659 2399 1956 2454 Fabricius.
1988 2397 2178 2449 Mirum
2232 2405 2316 2449 est
2342 2395 2644 2465 Kmuigium
2710 2396 3065 2452 Prodromum
3123 2399 3304 2466 ipsum

94 2493 317 2543 nostrum
347 2494 660 2559 episcopum
693 2490 869 2544 facere
891 2489 1092 2560 (λοιγεεί
1124 2492 1174 2542 in
1198 2489 1429 2559 Phrygia
1463 2507 1478 2554 ;
1509 2497 1564 2542 et
1595 2487 1835 2543 scribere
1885 2483 2134 2538 eumdem
2199 2482 2444 2536 ﬂoruisse
2504 2483 2753 2546 szcculolv
2788 2501 2803 2548 ;
2861 2483 3142 2538 Fabricius
3193 2499 3302 2552 quo
3347 2552 3349 2554 η

93 2586 292 2631 auctore
325 2578 412 2630 vel
445 2585 582 2630 teste
615 2576 667 2629 id
696 2577 780 2628 ille
803 2576 1021 2640 dixerit,
1055 2577 1248 2629 fatetur
1306 2591 1365 2629 se
1398 2577 1672 2642 ignora-e.
1696 2571 1946 2626 Arbitror
1979 2580 2152 2623 tamen
2185 2569 2237 2621 iu
2264 2581 2502 2621 errorem
2531 2569 2805 2630 inductum
2843 2585 2871 2623 a
2923 2570 3050 2639 Cyri
3089 2573 3308 2624 nomine

93 2665 221 2729 quod
254 2661 504 2717 nonnulli
537 2663 585 2715 ei
624 2663 948 2726 tribuerunt,
976 2665 1120 2731 quod
1151 2664 1397 2732 legerunt
1430 2661 1598 2732 xzipoo
1635 2660 1658 2713 ε

1740 2658 1910 2728 δώρου
1936 2657 2036 2732 ,τοῦ
2074 2656 2430 2726 Πρυδρόμου;
2465 2658 2672 2725 Cyrum
2703 2672 2832 2711 vero
2863 2657 3010 2711 illum
3037 2658 3305 2724 celebrem

94 2723 177 2802 sub
199 2749 507 2804 Theodosio
529 2750 745 2818 iuniore
766 2751 892 2801 olim
923 2723 1108 2805 CP'olis
1133 2723 1472 2818 praelectum,
1506 2723 1689 2816 postea
1717 2723 2456 2816 Smirnztmruruepiscopum
2482 2723 2607 2799 sunt
2636 2747 2726 2814 qui
2758 2746 2972 2814 Cotymi.
2991 2745 3305 2813 episcopum

102 2838 252 2894 fuisse
280 2838 494 2901 volunt,
529 2849 588 2894 ut
622 2839 886 2892 Duronius
917 2839 1029 2908 (Η)
1061 2839 1247 2893 tradit.
1274 2839 1743 2906 Supervacancum
1777 2849 1905 2888 vero
1926 2843 2011 2888 est
2039 2835 2330 2890 admouere
2359 2833 2529 2902 κύρου
2561 2849 2657 2902 pro
2689 2833 2901 2900 ¹κυρίου
2951 2832 3158 2888 dixisse
3187 2832 3304 2884 ina-

95 2924 221 2978 xiiue
246 2926 346 2979 :evi
376 2925 650 2992 sequioris
687 2911 929 2988 Graecos,
985 2926 1222 2994 adeoque
1254 2926 1463 2979 titulum
1492 2920 1714 2977 honoris
1746 2936 1868 2976 esse
1930 2921 2080 2986 illud,
2113 2937 2214 2976 non
2278 2936 2470 2975 nomen
2530 2923 2582 2974 in
2624 2922 2908 2976 Theodoro
2959 2929 3171 2980 nostro.
3227 2921 3305 2971 uti

97 3012 582 3065 animadverterunt
599 3016 709 3080 jam
738 3012 917 3078 inulti,
956 3011 1228 3074 Barthius,
1259 3011 1602 3072 Gaulminns,
1635 3009 1938 3074 Fabricius,
1970 3019 2078 3064 etc.
2134 3010 2399 3064 Caeterum
2462 3017 2593 3062 mtas
2651 3006 2948 3068 Theodori,
3011 3013 3210 3075 prater
3239 3019 3303 3057 ea

97 3113 200 3166 qua
225 3098 478 3168 superius
503 3100 757 3166 diximus,
795 3099 1144 3154 continuatur
1176 3115 1240 3153 ex
1278 3101 1359 3154 his
1391 3098 1634 3167 epistolis
1661 3096 1864 3150 nostris
1899 3115 1914 3162 ;
1946 3112 2010 3150 ex
2037 3106 2305 3164 postrema
2337 3095 2546 3149 scilicet
2583 3109 2702 3161 qua:
2737 3083 2808 3145 ad.
2833 3093 3154 3163 Gregorium,
3175 3091 3310 3145 scri-

97 3186 348 3251 biturjts
369 3181 508 3255 ἦλθε
533 3185 673 3254 πρὸς
696 3187 757 3238 τὸ
785 3185 972 3256 νησίον
997 3188 1026 3239 ὁ
1047 3185 1348 3253 ἀγιὼτατος
1371 3184 1527 3254 ἡμῶν
1547 3184 1815 3252 δεσπότης
1845 3183 1953 3235 ἀπὸ
1975 3184 2070 3237 τοῦ
2097 3182 2490 3252 πιτριαρχείου
2520 3181 2884 3254 apponam;
2911 3181 3004 3232 xui.
3030 3195 3310 3248 παραιτη-

101 3272 318 3340 σάμενος
338 3291 353 3304 ο
381 3273 596 3343 quando
622 3275 690 3326 ad
719 3275 949 3328 insulam
974 3277 1104 3327 venit
1125 3275 1480 3327 sanctissimus
1512 3273 1756 3325 dominus
1779 3281 1954 3323 noster
1985 3287 2012 3324 ε
2040 3270 2406 3337 patriarchatu
2435 3276 2547 3334 post
2570 3269 2807 3320 morbum
2828 3277 2878 3320 et
2899 3265 3307 3320 abdicationem.

100 3356 254 3414 beato
282 3360 372 3414 hic
400 3374 509 3414 non
534 3369 789 3428 agnoscet
813 3359 1125 3415 Michaelem
1152 3358 1216 3423 ll,
1243 3359 1455 3412 Oxitem
1481 3359 1706 3424 dictum,
1731 3359 1824 3426 qui
1856 3371 1978 3410 cum
2047 3372 2137 3412 an.
2176 3357 2310 3410 1145
2367 3346 2530 3409 Leoni
2586 3356 2880 3424 Styppio‘tae
2926 3354 3306 3415 successisset,

105 3456 211 3513 post
233 3461 411 3501 annos
442 3445 580 3501 duos
609 3460 924 3514 mensesque
953 3454 1075 3501 octo
1107 3461 1243 3517 quos
1269 3446 1385 3514 ejus
1409 3445 1520 3499 sedi
1548 3442 1825 3512 Philippus
1846 3443 2075 3516 Cyprius
2099 3455 2262 3514 atque
2289 3459 2475 3500 omnes
2499 3444 2586 3496 alii
2627 3443 3054 3517 patriarcharum
3083 3439 3308 3507 cata'ogi

99 3533 354 3600 tribuunt,
374 3548 433 3587 se
453 3534 824 3602 patriarcbatu
857 3533 1144 3599 abdicavit,
1168 3544 1226 3586 ut
1243 3532 1454 3585 Nicetas
1475 3530 1588 3602 (15)
1618 3541 1674 3585 et
1694 3527 1989 3587 Cinnamus
2012 3527 2122 3602 (16)
2148 3531 2411 3586 scribunt.
2435 3531 2610 3600 Atque
2631 3530 2757 3583 hinc
2785 3529 3136 3584 confirmatur
3167 3524 3313 3594 quod

98 3633 199 3674 erat
227 3640 294 3677 ex
328 3623 454 3676 aliis
513 3622 876 3675 monumentis
902 3621 1253 3675 constitutum
1282 3636 1310 3674 a
1361 3620 1538 3683 nobis,
1575 3619 1820 3674 ﬂoruisse
1845 3618 2201 3672 Prodromum
2249 3629 2420 3687 usque
2443 3617 2513 3670 ad
2540 3632 2625 3670 an.
2661 3616 2840 3680 i143;
2896 3613 3094 3670 addere
3146 3607 3311 3665 etiam

100 3722 377 3773 possumus
404 3723 495 3762 an.
530 3707 687 3762 1146.
723 3707 844 3761 11εο
873 3707 1080 3775 longius
1112 3709 1336 3762 fortasse
1362 3707 1428 3762 de
1463 3707 1728 3774 scriptore
1762 3714 1972 3772 nostro,
2006 3707 2073 3761 de
2097 3720 2203 3776 quo
2231 3715 2359 3760 sunt
2382 3706 2554 3759 ferme
2608 3705 2788 3757 omnia
2820 3713 2876 3756 ut
2901 3701 3051 3756 vides
3113 3700 3314 3754 obscu-

100 3794 298 3849 rissima
329 3808 473 3862 ;nec
502 3805 681 3848 tamen
705 3810 803 3848 nos
843 3794 1048 3862 aliquid
1079 3795 1477 3848 nonillustrare
1506 3797 1775 3862 cupimus.
1842 3793 1995 3859 Quod
2026 3790 2283 3861 epistolas
2331 3799 2543 3860 spectat
2597 3799 2723 3843 sunt
2777 3788 2876 3842 illae
2934 3800 3158 3841 numero
3224 3784 3308 3849 li,

104 3897 342 3950 magnam
379 3890 586 3950 partem
620 3881 1140 3947 oﬂiciosm,quchue
1169 3883 1236 3934 ab
1291 3880 1412 3934 aliis
1477 3893 1726 3949 acceptas
1750 3880 2007 3950 epistolas
2061 3880 2395 3932 laudantaut
2454 3879 2668 3930 easdem
2721 3885 2979 3944 expetunt
3037 3889 3141 3927 non
3197 3875 3316 3926 sine

103 3969 266 4036 aliqua
303 3966 730 4020 intermissionis
758 3980 943 4019 earum
972 3968 1211 4034 querela.
1249 3966 1560 4033 EIOquentia
1603 3977 1779 4021 tamen
1815 3966 2049 4019 hominis
2076 3973 2255 4018 exstat
2282 3964 2440 4030 plane
2493 3963 2804 4031 singularis,
2851 3977 2971 4030 quae
3041 3964 3091 4013 in
3122 3961 3313 4014 eodem

102 4062 411 4122 argumento
442 4065 618 4118 eoque
647 4050 852 4120 vulgari
880 4052 1039 4105 habet
1072 4051 1425 4105 nihilominus
1453 4067 1670 4122 semper
1697 4052 1900 4121 aliquid
1931 4051 2076 4120 quod
2141 4051 2400 4106 delectat.
2435 4051 2666 4106 Morosis
2721 4050 3020 4118 przesertim
3081 4047 3317 4102 liomini-
3370 4083 3374 4086 ι

101 4142 188 4191 bus
209 4142 298 4209 qui
333 4153 504 4208 genus
535 4138 662 4190 illud
693 4136 972 4190 fastidierit
1007 4138 1362 4192 redundantis
1410 4147 1466 4192 et
1515 4141 1669 4205 quasi
1702 4139 2031 4193 lascivientis
2090 4139 2375 4203 oratioais,
2435 4139 2790 4206 reputandum
2848 4146 2951 4201 est,
3003 4151 3108 4189 non
3164 4134 3320 4188 aliter

102 4229 326 4281 scribere
353 4232 454 4280 hoc
489 4237 732 4291 tempore
763 4224 1110 4276 consuevisse
1166 4225 1257 4293 qui
1299 4227 1439 4294 apud
1477 4221 1694 4279 Graecos
1746 4224 2057 4284 doctissimi-
2090 4235 2250 4296 atque
2283 4225 2710 4294 eloquentissimi
2786 4222 3144 4282 habebantur,
3207 4221 3318 4274 imo

103 4313 378 4367 historicos
402 4313 569 4379 ipsos,
605 4319 662 4362 ut
683 4325 749 4364 ex
780 4307 990 4370 Niceta,
1024 4311 1174 4361 Anna
1195 4309 1472 4364 Comncna
1502 4312 1732 4380 aliisque
1767 4321 2000 4366 constat.
2033 4312 2215 4366 Iiestat
2262 4322 2319 4365 ut
2353 4314 2420 4366 de
2450 4312 2894 4380 interpretatione
2944 4324 3064 4361 mea
3117 4307 3314 4360 dicam.

104 4397 159 4449 Et
185 4401 416 4467 primum
465 4413 563 4451 cur
602 4396 783 4450 ltalice
815 4403 1027 4449 vertere
1052 4395 1451 4451 hasProdrmni
1485 4398 1694 4453 litteras
1722 4401 2001 4453 maluerim
2030 4399 2052 4450 ἲ
2079 4399 2270 4453 Verum
2299 4399 2400 4452 hoc
2456 4413 2523 4452 ex
2570 4414 2654 4450 me
2707 4398 2798 4465 qui
2872 4395 3314 4448 molestissimum

115 4485 208 4538 hoc
239 4473 772 4550 lricoSissitiiuiiiqtte
800 4483 1188 4548 interpretandi
1219 4485 1495 4551 negotium
1526 4485 1818 4553 aliquando
1875 4497 2249 4554 susceperunt,
2284 4501 2378 4540 eos
2429 4485 2753 4554 quaesituros
2812 4499 2916 4536 non
2981 4493 3130 4552 puto.
3175 4481 3319 4535 Satis

102 4572 229 4626 enim
254 4583 458 4625 norunt
492 4584 695 4639 quanto
725 4571 1060 4623 commodius
1083 4566 1283 4624 Graacis
1319 4571 1498 4624 Italica
1529 4573 1893 4642 respondeant
1924 4590 2084 4643 quam
2115 4574 2328 4637 Latina,
2359 4573 2468 4626 Cur
2500 4573 2660 4642 igitur
2683 4573 2859 4626 minus
2895 4573 2997 4626 hoc
3029 4571 3164 4625 mihi
3201 4587 3320 4624 mo-

106 4657 263 4711 lestiaz
304 4673 413 4709 non
449 4671 699 4725 caperem
733 4657 754 4709 ?
787 4659 964 4709 minus
995 4657 1156 4709 etiam
1200 4658 1516 4721 lectoribus,
1554 4675 1690 4728 quos
1726 4663 1897 4714 ferme
1932 4660 2099 4713 Italici
2155 4662 2421 4715 sermonis
2480 4677 2582 4713 nun
2636 4661 2921 4724 imperitos
2987 4659 3320 4731 obventurqs

113 4741 234 4794 mihi
265 4743 576 4809 sperabam,
607 4742 920 4793 exhiberem
949 4740 972 4792 ?
1006 4739 1196 4794 Postea
1225 4749 1404 4794 tamen
1438 4757 1560 4794 cum
1590 4758 1773 4800 essent
1807 4748 1898 4814 qui
1941 4745 2188 4800 Latinam
2249 4748 2740 4815 interpretationem
2797 4745 3123 4814 ﬂagitarent,
3151 4756 3318 4800 telum

108 4826 152 4877 id
183 4827 384 4896 negotii
416 4827 592 4878 amico
613 4828 754 4887 dedi,
794 4828 884 4893 qui
920 4838 1156 4880 nostram
1188 4842 1309 4881 Cum
1331 4828 1577 4889 vidisset,
1606 4845 1636 4882 e
1657 4831 1864 4888 Graecis
1900 4845 2075 4886 tamen
2109 4850 2260 4888 suam
2288 4836 2600 4889 adornavit.
2640 4835 2828 4903 Itaque
2865 4834 2910 4888 si
2969 4835 3089 4888 bmc
3122 4833 3319 4888 alicubi

106 4914 370 4980 disctcpat
405 4930 434 4964 a
474 4925 614 4976 mea,
649 4931 752 4964 tttm
791 4928 1001 4974 reenso,
1035 4916 1325 4982 quominus
1364 4916 1441 4967 illi
1470 4918 1647 4984 potius
1683 4919 1852 4971 lector
1888 4923 2087 4974 [iicreat
2112 4937 2272 4988 quam
2300 4937 2454 4974 meze.
2483 4921 2593 4990 Ego
2630 4924 2681 4977 in
2711 4923 2915 4978 Graecis
2941 4923 3318 4990 exprimendis

106 5002 258 5067 paulo
295 5001 528 5053 lortasse
558 4999 779 5052 liberius
811 5011 1056 5072 versatus
1079 5017 1217 5054 sum.
1252 5001 1506 5055 Nolebam
1539 5006 1682 5055 enim
1709 5001 1892 5058 Italica
1931 5007 2198 5075 legentem
2233 5024 2339 5061 non
2374 5018 2481 5061 tam
2521 5010 2703 5064 Italica
2739 5015 2899 5064 verba
2935 5023 2988 5064 et
3013 5025 3322 5064 sermonem

107 5096 341 5139 nostrum
373 5085 615 5138 invenire
650 5102 808 5152 quam
840 5086 1082 5142 Graecum
1108 5103 1200 5142 seu
1233 5090 1539 5143 barbarum.
1572 5092 1676 5156 Sed
1711 5101 1766 5143 nt
1797 5094 1846 5144 in
1878 5096 2096 5148 ueteris
2132 5097 2210 5147 ita
2238 5095 2324 5149 hic
2358 5097 2530 5150 multo
2587 5100 2757 5166 magis
2795 5096 2890 5153 sua
2943 5099 3146 5168 cuique
3177 5099 3316 5152 ratio

107 5184 155 5224 et
179 5173 680 5241 cOnsiliumplacct.
702 5171 769 5224 Ut
795 5173 978 5229 ϐιᾶται
1007 5179 1188 5228 darent
1222 5177 1545 5229 correctioni
1576 5178 1642 5229 ad
1667 5178 1844 5232 Vatic.
1876 5183 1997 5234 cod.
2031 5181 2229 5245 CCCV,
2261 5199 2420 5252 quem
2454 5188 2704 5254 superius
2743 5187 3028 5256 descripsi,
3063 5185 3280 5253 confugi
3309 5204 3323 5242 :

107 5260 278 5312 attulit
301 5260 466 5313 etiam
499 5257 905 5326 opemaliquam
939 5262 990 5316 in
1022 5264 1289 5318 nonnullis
1310 5279 1424 5331 qua:
1453 5266 1763 5318 continebat
1789 5267 2027 5334 ejusdem
2065 5269 2182 5324 Vat.
2221 5272 2348 5325 bibl.
2372 5271 2504 5326 Cod.
2537 5273 2972 5330 Othohonianus.
3009 5275 3065 5329 In
3103 5276 3325 5328 varian-

110 5346 239 5402 tibus
299 5346 623 5405 lectionibus
673 5346 992 5434 exhiheu‘dis
1029 5352 1138 5405 sive
1167 5351 1512 5406 emendandis
1532 5355 1730 5407 nostris
1748 5359 1977 5422 primum
2009 5358 2239 5412 iudicavi
2268 5361 2442 5415 littera
2462 5361 2502 5415 C
2522 5363 2634 5417 sive
2659 5363 2926 5422 eumCod.
2955 5362 3074 5417 Vat.
3099 5363 3326 5434 ιιι-πρίει

318 5503 496 5592 Ἐρξξί.
528 5505 637 5592 4.ηή
1244 5583 1273 5592 Α
1833 5520 1940 5592 (I5)
1973 5521 2084 5592 I.ib.
2124 5536 2179 5576 ll,
2218 5534 2362 5571 llltlll.
2399 5520 2451 5574 ὅ.

317 5573 766 5658 In‘Manatf'ontn.
796 5577 887 5631 lib.
928 5594 1023 5643 vn,
1058 5595 1207 5636 nunt.
1242 5583 1297 5637 ‘3.
1833 5573 1942 5658 (411)
1973 5591 2087 5641 Lib.
2117 5573 2178 5650 tt,
2205 5600 2310 5644 etc.

175 5647 284 5717 (ὁῦ)
311 5646 393 5695 Ad
427 5660 517 5696 an.
549 5647 672 5700 fait}.

419 5739 689 5798 ΡΑτιιοι..
725 5743 838 5800 Gn.
875 5742 1213 5807 CXXXIII.
1293 5769 1298 5773 '

2205 5777 2213 5783 '
2932 5757 3005 5816 35
