3964 6328
71 293 229 358 1233

725 408 807 472 Ἐγ
823 408 1060 475 μηνεία.

144 496 417 550 Γενναΐον
470 498 562 550 καὶ
602 498 837 566 ἡρωϊκὸν
862 497 935 560 ὡς
981 498 1147 556 ὅντως
1182 497 1240 562 ἐξ
1283 498 1456 568 ἀρχῆς
1485 499 1653 566 αὐτῆς

65 586 129 636 τὸ
169 586 288 639 τοῦ
338 587 527 656 μέλους
562 588 710 656 ἆλμα
761 587 838 656 τῷ
894 587 1141 657 μελῳδῷ,
1196 590 1288 640 καὶ
1322 588 1453 640 αὐτὸ
1480 587 1654 653 τοῦτο

67 678 229 729 κατὰ
263 677 363 747 τὴν
409 678 759 746 ἀκροστιχίδι
806 678 1070 731 λεόντειον
1094 695 1108 707 ο
1142 679 1217 730 ἴδε
1265 679 1371 748 γάρ
1410 677 1568 741 εὐθὺς
1595 677 1652 743 ἐξ

65 767 270 834 ἀρχῆς
289 785 303 801 ·
334 768 428 821 ἐπὶ
453 772 516 838 τῇ
544 786 601 821 τε
628 769 737 839 ᾠδῇ
771 769 958 839 πρώτῃ
987 770 1092 838 γὰρ
1115 770 1417 829 ἀκολούθως
1441 770 1651 840 ἥρμοσε

67 857 168 907 τὸν
221 858 441 928 εἱρμὸν,
479 862 570 911 καὶ
604 860 720 923 ἅμα
749 862 845 928 τῆς
900 863 957 912 ὲν
986 861 1170 928 χεροῖν
1221 859 1526 920 ὑποθέσεως
1553 859 1653 911 οὐκ

66 945 286 1016 ἐξέστη
313 949 411 1016 τῆς
445 954 747 1021 σταυρικῆς
796 951 1157 1018 πανηγύρεως
1183 963 1194 973 ’
1231 949 1365 1000 ἀλλὰ
1399 950 1528 1017 μίαν
1560 949 1655 1001 λα-

70 1031 195 1084 ϐὼν
227 1034 496 1089 ὑπόθεσιν
543 1037 634 1090 τὸν
663 1038 940 1099 Μωῦσέως
983 1037 1196 1106 ῥάϐδον,
1226 1038 1316 1090 καὶ
1362 1038 1458 1107 τὴν
1491 1039 1651 1106 Ἐρυ·

69 1123 227 1188 θρὰν
261 1126 352 1178 ὑπ’
384 1127 551 1196 αὐτῆς
578 1127 1244 1198 τεμνομένηνθάλασσαν,
1272 1131 1336 1198 τῇ
1366 1146 1426 1180 τε
1455 1129 1564 1198 ᾠδῇ
1592 1129 1653 1181 τὸ

69 1215 337 1284 καθῆκον
384 1219 784 1286 ἀπονενέμηκε,
817 1220 908 1271 καὶ
939 1219 1032 1270 τοῦ
1088 1220 1322 1289 σταυροῦ
1363 1223 1461 1288 τὴν
1492 1222 1652 1290 χάριν

69 1304 403 1375 ὲξὺμνησεο
453 1308 656 1376 μᾶλλον
683 1308 738 1359 δὲ
787 1309 954 1377 αὐτὴν
982 1309 1079 1378 τὴν
1117 1308 1215 1376 τῆς
1247 1310 1466 1380 πρώτης
1510 1311 1651 1380 ᾠδῆς

67 1393 352 1465 ὑπόθεσιν
381 1396 725 1465 προτύπωμα
776 1392 913 1448 εἶναι
953 1397 1201 1461 ἀπέδειξε
1251 1397 1344 1450 τοῦ
1395 1399 1647 1466 σταυροῦ.

84 1484 249 1537 Ἀλλ’
281 1487 379 1555 ἠδη
399 1487 490 1539 καὶ
515 1488 654 1540 κατά
677 1488 821 1553 λέξιν
852 1488 1279 1564 ἐπισκεψώμεθα
1301 1490 1391 1543 τὸν
1419 1492 1613 1560 είρμόν
1635 1510 1647 1522 ’

69 1572 434 1645 κάπειδήπερ
464 1577 690 1647 ἀπορία,
714 1580 897 1644 φασὶν,
919 1580 1060 1648 ἀρχὴ
1076 1582 1330 1650 ἀπορίας,
1348 1572 1650 1651 ἀπορητέον

75 1661 316 1730 πρῶτον
347 1664 579 1733 ἀπορίαν
605 1664 807 1735 ταύτην
839 1661 991 1733 οἶμαι
1021 1667 1122 1719 οὐκ
1139 1667 1350 1735 ἀλσγον.

1254 297 1570 358 semen
1616 266 2166 356 MISCELLANEA.

1695 408 1746 467 Α
1772 403 1988 474 θρωπος
2036 403 2246 455 τέκτων
2274 400 2768 470 οἰκοδομησάμενος
2814 395 2979 466 οἶκον,
3015 402 3104 454 καὶ
3141 404 3322 473 ἀπαρ-

3189 284 3324 349 1234

1759 495 1941 556 τίσας.
1969 493 2152 551 αὐτὸν,
2202 494 2296 544 καὶ
2348 491 2683 560 ἀκεραιήσας
2731 492 3146 561 ὁλοκληρότατα,
3206 491 3320 545 εἶτα

1758 585 1980 652 θεμέλια
2034 583 2293 646 ὑπέϐαλε,
2350 584 2442 634 καὶ
2491 583 2702 650 τοίχους
2747 582 2837 635 ἐπὶ
2885 584 2993 646 τοῖς
3053 583 3319 652 θεμελίοις

1759 675 2045 744 ἀνήγειρε,
2081 676 2174 727 καὶ
2205 673 2302 742 τὴν
2334 673 2531 741 στέγην
2565 672 2778 734 ’τούτοις
2815 674 3226 743 ὲπωρεερήσατο.

1747 827 1755 833 _
1832 767 1970 836 Πρὸς
2001 766 2066 832 δὴ
2094 765 2298 834 ταύτην
2344 765 2444 834 τὴν
2472 764 2706 833 ἀπορίαν
2747 764 2907 817 τοῦτο
2949 766 3319 834 ἐπιλυομένως

1755 859 1964 929 ῥητέον,
1999 858 2174 910 ὅτιντε
2233 855 2394 923 διπλῆ
2457 846 2571 907 ἐστι
2618 855 2715 923 τῆς
2741 855 2834 906 τοῦ
2883 848 3194 924 χαράττων
3225 856 3318 907 λέ-

1757 951 1891 1015 ξεως
1923 949 2166 1019 σημασία
2191 963 2206 977 ·
2241 947 2356 999 ἐστι
2389 947 2488 1015 μὲν
2522 935 2837 1013 χαράττων
2872 950 2965 999 καὶ
2997 947 3054 998 τὸ
3083 949 3171 999 διὰ
3210 963 3321 1015 χει-

1757 1040 1864 1107 ρῶν
1895 1040 2210 1109 χαράττειν,
2243 1037 2339 1090 καὶ
2374 1036 2434 1087 τὸ
2465 1035 2799 1103 αἰσθητικῶς
2825 1051 2840 1067 ·
2870 1037 2944 1098 ὠς
2975 1038 3101 1087 ὅταν
3135 1037 3316 1088 εἰκόνα

1752 1131 1913 1202 τυχὸν
1941 1132 2036 1183 καὶ
2067 1128 2371 1204 ἑπιστόλιόν
2402 1145 2452 1179 τι
2501 1127 2865 1197 χαράττομεν,
2898 1127 2930 1195 ἢ
2971 1127 3096 1181 ἄλλο
3125 1145 3174 1179 τι
3211 1127 3316 1177 τῶν

1751 1221 2175 1292 χαραττομένων
2230 1218 2263 1288 ἢ
2312 1219 2707 1287 γραφομένων’
2757 1217 2836 1270 ἔτι
2885 1222 3173 1289 χαράττειν
3224 1218 3320 1269 καὶ

1754 1311 2061 1384 προτυποῦν
2084 1327 2156 1364 τιο
2177 1311 2271 1384 ⁴ὡς
2299 1312 2425 1363 ὅταν
2464 1309 2693 1376 λέγομεν
2719 1310 2799 1361 ὅτι
2835 1310 2868 1379 ἡ
2907 1309 3066 1378 βάτος
3093 1312 3126 1380 ἠ
3166 1328 3316 1361 καιο-

1755 1402 1888 1472 μένη
1929 1401 2023 1454 καὶ
2054 1399 2128 1471 μὴ
2157 1399 2562 1468 κατακαιομένη
2597 1401 2859 1467 ἐχάραττε
2897 1399 2993 1466 τὴν
3019 1399 3316 1468 ἀειπάρθε-

1753 1508 1843 1542 νον
1885 1491 2240 1558 Θεομήτοραο
2293 1489 2354 1540 οὐ
2405 1487 2512 1557 γὰρ
2558 1486 2731 1556 δήπου
2765 1483 3053 1554 ἀίσθητῶς
3101 1489 3195 1539 καὶ
3231 1486 3319 1539 διὰ

1752 1580 1949 1650 χειρῶν
1988 1581 2022 1649 ἠ
2047 1579 2205 1647 βάτος
2241 1579 2446 1649 ἔγραφε
2483 1577 2587 1646 τὴν
2611 1575 2903 1645 Παρθένον,
2948 1577 3082 1637 ἀλλά
3114 1578 3316 1643 συμϐο-

1754 1668 1920 1731 λικῶς
1952 1671 2045 1721 καὶ
2068 1667 2335 1727 τυπικῶς.
2374 1665 2546 1734 Διχῶς
2575 1661 2691 1728 οὖν,
2719 1663 2794 1724 ὡς
2825 1663 3062 1733 εἴρηται,
3088 1665 3183 1715 τοῦ
3216 1681 3319 1730 χιι-

156 1750 331 1803 Ετποι
352 1753 460 1822 γὰρ
489 1754 553 1807 ἄν
584 1755 924 1834 τιςδδικαίωῆ
939 1757 1074 1824 πρὸς
1108 1757 1272 1824 αὐτὴν
1297 1756 1390 1810 τοῦ
1416 1756 1651 1828 μελῳδοῦ
1685 1781 1724 1833 Β
1745 1762 1987 1828 ράττειν
2009 1759 2328 1827 λεγομένου,
2384 1755 2618 1809 ἐνταῦθα
2661 1757 2800 1808 κατά
2833 1755 2892 1807 τὸ
2919 1755 3169 1824 δεύτερον
3217 1773 3313 1825 ση-

71 1841 184 1909 τὴν
223 1841 382 1911 ῥῆσιν
417 1831 874 1915 δωποροὸμενοςο
912 1831 1030 1911 πῶς
1073 1846 1244 1900 εἰπὼν
1283 1849 1518 1919 σταυρὸν
1551 1867 1652 1918 χα-
1688 1831 1713 1833 v
1758 1850 2080 1920 μαινόμενον
2106 1850 2363 1917 εἴληπται
2398 1847 2429 1916 ἠ
2464 1845 2607 1909 λέξις
2648 1845 2725 1915 τῷ
2775 1846 2990 1913 ποιητῇ,
3038 1849 3132 1897 καὶ
3173 1843 3316 1895 οὕτω

76 1926 264 1998 ράξας
295 1933 552 2001 Μωῦσῆς,
585 1935 678 1987 ua}.
721 1936 1056 2005 χαραχθῆναι
1101 1937 1203 2007 ήδη
1242 1939 1534 2007 γενόμενον
1561 1938 1652 1990 τδν

77 2023 332 2086 σταυρὸν
371 2021 458 2074 διὰ
495 2025 593 2094 τῆς
621 2023 818 2089 λέξεως
848 2024 1210 2094 αἰνιξάμενος,
1258 2029 1538 2096 ἐπήγαγεν
1568 2028 1652 2080 ἐπ’

76 2109 309 2168 εὐθείας
336 2111 516 2182 ῥάϐδῳ
564 2114 663 2181 τὴν
695 2113 964 2185 Ἐρυθρὰν
985 2115 1269 2186 διέτεμενς
1319 2118 1396 2170 Οὐ
1429 2118 1536 2184 γάρ
1561 2099 1653 2187 δή-

76 2211 192 2247 που
231 2196 370 2266 μετά
395 2198 455 2249 τὸ
485 2199 720 2268 χαράξαι
743 2203 833 2255 τὸν
864 2202 1096 2272 σταυρὸν
1127 2204 1341 2273 διέτεμε
1365 2205 1462 2275 τὴν
1493 2206 1653 2275 Ἐρυ-

79 2283 256 2353 θράν,
295 2287 390 2339 καὶ
441 2288 611 2358 αὐτῆς
650 2291 718 2342 τὰ
755 2291 1019 2360 τμήματα
1055 2292 1287 2362 ἥνωσεν,
1326 2293 1462 2346 ἀλλά
1515 2295 1654 2364 μετά

80 2374 146 2422 τὸ
171 2374 401 2441 τέμνειν
429 2379 524 2428 καὶ
547 2377 765 2445 ἐνῶσαι,
796 2379 887 2432 τὸν
916 2382 1146 2451 σταυρὸν
1187 2382 1490 2452 ἐχαράξατο
1513 2399 1528 2413 ·
1563 2385 1654 2436 ἀν-

80 2461 316 2533 τίφορον
339 2461 434 2518 οὖν
451 2467 652 2534 μᾶλλον
670 2469 838 2539 ἐχρῆν
862 2471 1036 2524 είπεϊν
1055 2488 1072 2505 ο
1095 2470 1215 2524 Ἐπ’
1237 2473 1451 2535 εὐθείας
1473 2475 1655 2546 ῥάϐδῳ

80 2552 191 2620 τὴν
221 2555 495 2637 ’Ἐρυθρὰν
525 2557 795 2626 διατεμὼν
823 2562 851 2614 ὀ
892 2562 1131 2631 Μωῦσῆς
1160 2563 1254 2632 καὶ
1291 2566 1356 2635 τῇ
1399 2567 1655 2636 ἐπιστρε-

83 2649 268 2715 πτικῇ
299 2649 393 2698 καὶ
444 2648 651 2720 πλαγίᾳ
679 2650 883 2716 ένὼσας
907 2654 1122 2725 ξταύτης
1146 2657 1213 2709 τά
1245 2659 1527 2726 τμήματα,
1565 2659 1655 2711 οὖ·

83 2750 202 2795 τως
234 2737 465 2807 ἐχάραξε
495 2739 586 2793 τὸν
613 2743 847 2812 σταυρόν
869 2760 884 2774 ο
920 2744 982 2796 τὸ
1006 2744 1062 2797 δὲ
1094 2747 1425 2817 προειπόντα
1447 2750 1544 2817 τὴν
1569 2751 1656 2803 διά

84 2821 373 2888 Μωῦσέως
410 2827 538 2896 ὃλην
585 2825 905 2899 διαχάραξιν
943 2829 1037 2884 τοῦ
1077 2833 1312 2902 σταυροῦ
1358 2836 1655 2905 ἐπαγαγεῖν

83 2911 192 2979 τὴν
225 2912 313 2964 ἐπ’
343 2914 560 2979 εὐθείας
588 2918 688 2986 τῆς
719 2918 988 2990 θαλάττης
1013 2919 1204 2991 τομὴν,
1241 2922 1317 2993 μὴ
1348 2925 1442 2976 καὶ
1492 2925 1658 2979 σόλοι-

86 3018 187 3052 κον
233 3003 298 3054 ἂν
325 3003 409 3076 εἴη
441 3008 535 3058 καὶ
568 3010 870 3079 κακόζηλον
919 3011 1011 3063 καὶ
1043 3010 1380 3080 ἀδιανόητον,
1409 3011 1504 3065 καὶ
1533 3030 1651 3066 ποι·

87 3095 297 3162 ητικῆς
343 3097 557 3167 ἐκείνης
592 3101 853 3167 ἀνάξιονς
909 3102 1158 3155 Τοιοῦτον
1204 3104 1312 3172 γάρ
1367 3121 1421 3157 τι
1474 3105 1652 3171 λέγειν

1750 1937 2040 2009 ληφθεῖσα,
2068 1937 2325 2006 οὐδεμίαν
2348 1937 2586 2007 ἀπορίαν
2633 1935 2860 2003 παρέξει
2892 1935 2970 2003 τῷ
3005 1936 3152 2004 λόγῳ
3179 1953 3190 1963 ·
3227 1937 3317 1987 τὸν

1753 2033 1863 2099 γὰρ
1897 2033 2127 2101 σταυρόν
2154 2045 2287 2099 φησι
2317 2028 2668 2098 προχαράξας
2711 2030 2804 2080 καὶ
2836 2027 3192 2096 προδηλώσας
3227 2029 3318 2079 καὶ

1753 2120 2206 2191 προαινιξάμενος
2249 2123 2277 2173 ό
2305 2122 2545 2188 Morini];
2572 2123 2638 2190 τῇ
2675 2121 2773 2189 μὲν
2825 2121 2913 2172 ἐπ’
2941 2121 3156 2182 εὐθείας
3188 2131 3322 2189 προέ

1753 2213 1884 2282 τέρᾳ
1913 2213 2070 2265 τάσει
2102 2214 2168 2282 τῇ
2200 2211 2380 2280 ῥάϐδῳ
2417 2212 2515 2282 τὴν
2558 2211 2825 2281 Ἐρυθρὰν
2854 2211 3074 2280 διέτεμε
3118 2212 3318 2263 θάλασ-

1756 2319 1854 2354 σαν
1905 2300 2044 2370 ὑπὲρ
2072 2300 2165 2353 τοῦ
2213 2287 2428 2370 Ἰσραὴλ
2460 2301 2778 2364 πεζεύοντος
2817 2301 3021 2368 ταύτην
3076 2301 3170 2353 καὶ
3198 2301 3312 2370 ἤδη

1755 2389 2114 2452 πεζεύσαντος
2136 2402 2155 2420 ⁸
2194 2388 2292 2456 τὴν
2321 2389 2398 2452 δὲ,
2428 2387 2594 2458 ήγουν
2641 2389 2741 2458 τὴν
2763 2389 3047 2458 δευτέραν,
3097 2390 3190 2457 τῆς
3220 2387 3317 2441 αὐ-

1752 2479 1849 2547 τῆς
1882 2477 2076 2549 ῥάϐδου
2113 2479 2306 2543 τάσιν,
2357 2479 2602 2546 πλαγίως
2631 2480 2855 2547 ὕστερον
2902 2480 3178 2549 κρατήσας
3219 2479 3315 2531 καὶ

1755 2566 2214 2636 ἑπιστρεπτικῶς,
2253 2567 2321 2620 τὰ
2376 2568 2486 2620 τῶν
2547 2568 2752 2621 ὑδάτων
2813 2567 2992 2636 ἦνωσε
3053 2570 3316 2635 τμήματα

1755 2654 1899 2707 κατά
1931 2655 2040 2707 τῶν
2070 2654 2332 2724 ἁρμάτων
2377 2656 2598 2724 Φαραὼ.
2648 2656 2746 2709 ὲπΥ
2777 2656 2872 2708 τοῦ
2923 2657 3162 2719 πλάτους
3213 2659 3316 2726 τῆς

1756 2746 2028 2818 θαλάσσης
2063 2749 2124 2799 τὸ
2177 2748 2430 2819 ἀνίκητον
2474 2750 2656 2813 ὅπλον,
2710 2750 2909 2820 δηλαδὴ
2943 2751 3033 2803 τδν
3065 2750 3317 2820 σταυρὸν,

1756 2836 2038 2907 αἰσθητῶς
2075 2837 2378 2907 διαγράψας
2404 2838 2492 2890 διὰ
2519 2839 2612 2891 τοῦ
2659 2840 2748 2890 ἐπ’
2776 2839 2990 2900 εὐθείας
3024 2841 3177 2903 ἰῶτα,
3220 2840 3318 2894 καὶ

1755 2927 1853 2997 τῆς
1880 2928 2312 2998 δπιστρεπτικῆς
2342 2929 2538 2997 κεραία
2553 2947 2593 2987 _:.
3096 2931 3098 2933 ’

1826 3016 1949 3068 Ὀτι
1997 3016 2054 3068 δὲ
2095 3014 2361 3084 σύμϐολον
2390 3013 2458 3086 ἦν
2503 3015 2598 3070 τοῦ
2633 3016 2779 3072 θείου
2815 3016 3052 3088 σταυροῦ
3107 3018 3140 3087 ἡ
3176 3018 3316 3071 κατὰ

1758 3106 1858 3175 τὴν
1896 3104 2161 3175 Ἐρυθρὰν
2195 3104 2617 3175 θαυματοποιία,
2666 3109 2828 3163 παντί
2858 3127 2958 3163 που
2995 3109 3153 3179 δῆλον
3175 3125 3190 3140 ο
3227 3109 3318 3164 διὰ

88 3178 359 3252 ἆιτικρυς
382 3184 577 3253 ἔοικεν,
607 3187 681 3251 ὡς
707 3187 772 3241 ἂν
798 3191 848 3241 εί
872 3189 1057 3259 ἔλεγον
1081 3193 1164 3244 ὅτι
1192 3192 1252 3248 Ὀ
1272 3195 1419 3246 δείνά
1445 3212 1526 3258 τις
1556 3195 1650 3247 ἀν·
1678 3211 1722 3268 c
1754 3198 1863 3265 γάρ
1891 3197 1986 3266 τῆς
2014 3197 2220 3259 οἰκείας
2251 3198 2470 3267 ῥάϐδοι),
2493 3201 2585 3252 τοῦ
2622 3201 2860 3272 σταυροῦ
2901 3178 3124 3271 δηλαδὴ,
3169 3202 3263 3253 καὶ
3289 3204 3318 3253 ὁ

681 3371 1076 3452 Interpretatio.

165 3455 345 3512 Poetae
378 3476 430 3514 in
476 3461 726 3513 carminis
761 3463 912 3515 initio
952 3463 1106 3516 dictio
1139 3463 1323 3518 nobilis
1353 3477 1401 3518 et
1431 3468 1660 3525 heroico,

92 3555 142 3596 et
202 3551 504 3603 acrostichis
549 3551 664 3618 ipsa
703 3549 896 3604 leonini
937 3551 1139 3621 aliquid
1201 3569 1311 3618 pra:
1355 3571 1412 3608 se
1454 3557 1574 3626 fert.
1617 3558 1653 3608 Α

93 3637 358 3705 principio
412 3641 548 3693 enim
603 3643 828 3697 carmini
855 3643 1182 3711 primordiali
1221 3647 1448 3697 hirmum
1491 3648 1663 3714 adap-

94 3728 252 3789 tatit,
296 3737 344 3779 et
395 3730 450 3780 in
499 3732 813 3799 expositione
845 3750 876 3784 a
923 3741 1120 3786 sancta
1172 3736 1340 3786 crucis
1397 3739 1653 3805 panegyri

95 3815 244 3868 haud
289 3820 530 3884 recessit;
561 3822 653 3872 sed
693 3820 884 3891 Moysis
918 3825 1123 3892 virgam
1154 3825 1520 3878 celebrandam
1559 3827 1657 3879 sibi

92 3922 393 3976 proponens
424 3925 471 3960 et
501 3910 564 3962 de
596 3911 759 3965 diviso
813 3913 950 3965 mari
997 3913 1168 3967 Rubro
1221 3917 1375 3969 verba
1431 3917 1654 3985 faciem,

94 4012 311 4049 carmen
335 4000 508 4068 ipsum
537 4003 637 4052 rite
683 4002 954 4071 disposuit,
1003 4013 1275 4058 et~sanctat
1323 4010 1486 4060 crucis
1535 4025 1658 4077 gra-

94 4087 230 4139 tiam
285 4087 582 4152 celebravit,
630 4092 732 4143 imo
779 4095 936 4161 primi
990 4097 1238 4148 carminis
1287 4107 1652 4164 argumentum

93 4179 265 4230 crucis
292 4180 629 4249 archetypum
662 4183 895 4249 protulit.
934 4183 1035 4236 Sed
1056 4186 1172 4253 jam
1222 4187 1449 4238 hirmnm
1503 4187 1652 4240 verba

96 4276 249 4320 tenus
282 4269 637 4338 exploremus,
671 4282 718 4325 et
756 4290 871 4325 cum
902 4275 1115 4327 dubium
1136 4276 1278 4328 dubii
1309 4278 1518 4331 initium
1542 4294 1651 4332 esse

95 4359 328 4424 dicatur,
357 4360 421 4413 de
453 4364 546 4415 hoc
588 4365 696 4429 ipso
735 4365 886 4417 verba
939 4365 1112 4433 facere
1162 4368 1306 4420 haud
1365 4369 1650 4423 absurdum

92 4451 318 4507 videtur.

165 4542 245 4597 De
273 4554 435 4613 poeta:
465 4549 598 4599 enim
621 4557 788 4599 mente
814 4550 869 4600 in
897 4551 1130 4602 carmine
1161 4553 1472 4620 proferendo
1505 4571 1652 4624 quie-

97 4652 215 4690 rens
249 4637 443 4708 aliquis
476 4650 611 4692 recte
636 4642 866 4692 dixerit:
905 4640 1173 4704 Quomodo
1207 4644 1414 4714 Moyses
1449 4663 1652 4700 crucem

97 4726 364 4792 formans,
403 4729 509 4780 imo
555 4730 672 4797 jam
705 4729 989 4796 formatam
1035 4731 1184 4784 dictis
1233 4749 1470 4783 annuens
1511 4749 1656 4786 mare

95 4816 330 4869 Rubrum
359 4821 502 4888 virga
530 4822 698 4874 divisit
729 4823 754 4872 1’
780 4820 901 4873 Non
941 4823 1079 4873 enim
1117 4831 1226 4888 post
1252 4825 1416 4874 crucis
1444 4825 1653 4891 signum

96 4905 384 4971 formatum
429 4925 578 4961 mare
632 4908 867 4961 Rubrum
910 4911 1084 4961 divisit
1109 4919 1156 4961 et
1186 4911 1525 4969 coadunavit,
1560 4911 1648 4962 sed

95 5005 212 5063 post
269 4997 572 5050 divisionem
617 5009 665 5050 et
712 4999 1082 5050 adunationem
1122 5000 1234 5066 ejus
1279 5015 1483 5051 crucem
1518 5002 1652 5052 desi-

96 5089 272 5156 gnavit
294 5108 313 5154 ;
351 5092 457 5142 imo
515 5100 726 5142 econtra
768 5091 1042 5142 dicendum
1073 5101 1224 5144 erat:
1254 5094 1456 5160 Moyses
1501 5109 1648 5144 mare

95 5179 328 5234 Rubrum
349 5185 495 5252 virga
527 5191 665 5234 recta
685 5184 877 5255 divisit,
899 5183 1107 5250 obliqua
1138 5194 1312 5248 partes
1333 5184 1444 5249 ejus
1469 5185 1648 5253 junxit

96 5280 252 5340 atque
281 5274 355 5324 ita
371 5289 574 5325 crucem
599 5273 913 5340 plasmauit;
939 5288 1107 5324 nonne
1138 5273 1416 5325 absurdum
1450 5291 1508 5324 ac
1532 5289 1648 5342 per-

99 5362 264 5430 ﬁdum
287 5373 335 5414 et
360 5363 627 5430 indignum
648 5361 791 5413 illius
826 5365 1043 5429 poetices
1067 5365 1196 5430 foret
1230 5365 1396 5417 dicere
1421 5363 1647 5432 Moysem

98 5461 259 5504 tatam
281 5454 448 5504 crucis
472 5452 698 5520 ﬁguram
718 5468 808 5520 per
832 5453 990 5503 maris
1016 5454 1318 5506 divisionem
1346 5453 1648 5505 induxisse?

99 5541 266 5608 dique
315 5542 453 5594 enim
491 5542 766 5593 ridiculum
802 5537 931 5610 foret
970 5545 1179 5596 dicere:
1236 5544 1399 5596 llomo
1453 5544 1644 5606 aliquis

103 5634 399 5688 architectus
439 5634 646 5687 domum
689 5646 1013 5701 construens,
1041 5657 1070 5690 u
1099 5638 1332 5704 partibus
1355 5639 1642 5705 semetiori-

1755 3381 1849 3435 bas
1876 3381 2087 3450 incepit,
2113 3389 2372 3451 postremo
2419 3381 2763 3451 fundamenta
2801 3382 2952 3451 jecit,
2987 3391 3035 3436 et
3059 3391 3318 3452 postremo

1758 3461 1947 3523 tectum
1978 3473 2245 3541 imposuit.
2781 3479 2784 3481 “

1832 3560 1970 3614 Huic
1997 3562 2352 3630 disquisitioni
2375 3563 2642 3617 solvenda:
2672 3567 3027 3633 reponendum
3056 3566 3192 3633 quod
3213 3566 3316 3617 du-

1759 3653 1880 3722 plex
1914 3661 1988 3706 est
2021 3669 2202 3706 sensus
2235 3656 2374 3707 verbi
2428 3655 2758 3723 χαράττειν;
2809 3657 2979 3722 primo
3030 3658 3166 3708 enim
3206 3675 3319 3713 ma-

1753 3760 1915 3797 nuum
1988 3761 2117 3812 ope,
2176 3754 2286 3797 tum
2356 3748 2613 3799 wsthetico
2659 3764 2800 3800 more
2857 3749 2911 3800 id
2954 3747 3172 3816 facimus
3202 3789 3218 3810 ,
3259 3758 3316 3800 ut

1753 3837 1964 3904 quando
2026 3837 2311 3905 imaginem
2353 3846 2445 3889 aut
2503 3838 2775 3905 epistolam
2828 3838 3137 3905 formamus.
3184 3838 3317 3891 Tum

1756 3939 1848 3991 per
1898 3931 2076 3991 typum
2139 3923 2372 3991 formare
2409 3923 2694 3992 signiﬁcat,
2733 3934 2788 3977 ut
2846 3926 3055 3991 quando
3098 3926 3316 3979 dicimus

1757 4014 1896 4081 quod
1922 4013 2077 4064 rubus
2108 4014 2300 4064 ardens
2333 4020 2383 4063 et
2422 4029 2524 4064 non
2563 4013 2857 4064 combustus
2881 4012 3317 4081 Deiparamsem-

1760 4118 1855 4170 per
1885 4103 2141 4171 virginem
2165 4102 2452 4170 signiﬁcat.
2483 4101 2598 4155 Non
2631 4103 2767 4155 enim
2802 4106 2951 4155 macto
2969 4103 3197 4156 sensibili
3223 4113 3317 4156 aut

1759 4206 1851 4258 per
1885 4207 2073 4242 manus
2101 4193 2257 4244 rubus
2293 4189 2556 4259 Virginem
2584 4192 2894 4261 designavit,
2918 4193 3008 4245 sed
3039 4192 3318 4262 symbolice.

1761 4288 1853 4332 aut
1884 4282 2068 4349 typice.
2102 4280 2236 4334 Cum
2274 4281 2457 4350 igitur,
2485 4281 2615 4332 sicut
2647 4282 2840 4332 dictum
2867 4290 2964 4344 est,
3011 4281 3142 4333 duas
3183 4281 3315 4333 illud

1756 4374 1965 4424 verbum
1985 4373 2392 4440 significationes
2434 4371 2642 4434 habeat,
2689 4376 2784 4424 hoc
2815 4374 3022 4441 quidem
3048 4373 3158 4428 loco
3196 4389 3314 4425 cum

1754 4463 1978 4513 secundo
1998 4463 2290 4531 signiﬁcatu
2316 4481 2346 4514 a
2376 4473 2525 4531 poeta
2557 4477 2654 4515 vox
2683 4465 2953 4532 accipitur,
2979 4474 3027 4516 et
3059 4465 3130 4515 sic
3149 4463 3311 4516 intel-

1755 4551 1891 4605 lecta
1947 4568 2282 4621 nequaquam
2328 4552 2542 4604 dubiosu
2615 4560 2858 4619 apparet.
2908 4553 3126 4604 Crucem
3171 4542 3312 4604 enim

1757 4641 1960 4710 Moyses
1987 4640 2379 4710 pra'ﬁgurando
2409 4650 2457 4692 et
2483 4641 2944 4710 prwsigniﬁcando
2969 4651 3015 4693 et
3050 4643 3312 4693 innuendo

1752 4735 1923 4800 prima
1953 4734 2113 4801 virga:
2159 4732 2463 4783 artensione
2510 4748 2658 4782 more
2710 4730 2941 4783 ltubrum
2972 4730 3096 4797 ﬁliis
3130 4729 3304 4782 Israel

1759 4822 2145 4873 transeuntibus
2180 4822 2371 4872 divisit.
2399 4819 2692 4873 Secundam
2719 4837 2838 4873 vero
2868 4822 3024 4888 virga:
3051 4821 3314 4873 extensio-

1758 4928 1876 4963 nem
1924 4911 2132 4980 obliquo
2168 4921 2307 4963 motu
2344 4912 2502 4962 maris
2550 4914 2722 4978 spatia
2771 4920 2958 4964 contra
3004 4909 3307 4962 Pharaonis

1757 5017 1943 5054 currus
1968 5004 2235 5053 concidere
2250 5000 2433 5070 jussit,
2458 5017 2621 5069 supra
2674 5001 2835 5051 maris
2864 4999 3202 5053 latitudinem
3225 5003 3314 5058 Vsi-

1757 5108 1916 5161 gnum
1969 5094 2260 5155 invictum,
2297 5107 2501 5142 crucem
2532 5078 2672 5142 dico
2716 5107 2810 5158 per
2854 5092 2959 5144 iota
3010 5101 3058 5142 ct
3113 5092 3311 5159 apicem

1757 5184 2083 5252 perscripsit.

1823 5273 1974 5336 Quod
2000 5282 2175 5324 autem
2210 5273 2522 5325 miraculum
2552 5275 2689 5325 circa
2723 5289 2867 5324 mare
2901 5270 3137 5324 Rubrum
3187 5290 3312 5327 cru.

1754 5368 1823 5417 cis
1847 5366 2032 5416 divina:
2061 5362 2349 5432 symbolum
2382 5364 2562 5432 fuerit,
2602 5365 2806 5415 nemini
2827 5380 2933 5416 non
2954 5365 3178 5416 ebrium.
3210 5363 3312 5414 l'er

1753 5458 2028 5523 specialem
2099 5459 2236 5509 enim
2281 5460 2517 5527 virgam,
2573 5473 2777 5510 crucem
2833 5458 3087 5524 inquam,
3149 5473 3312 5509 novus

1757 5547 1981 5616 Moyses.
2013 5547 2282 5611 Salvator,
2312 5550 2461 5617 cujus
2478 5549 2624 5616 virga
2648 5549 2970 5601 rectitudinis
2999 5547 3147 5614 virga
3169 5546 3313 5614 regni

1751 5647 1845 5694 est.
1892 5647 1945 5688 ut
1972 5640 2022 5691 in
2056 5639 2258 5706 psalmo
2300 5646 2394 5701 est,
2425 5637 2642 5690 rubrum
2669 5646 2937 5705 peccatum
2966 5636 3157 5690 divisit.
3209 5633 3310 5686 ltu-
