3964 6328
90 390 262 456 1245
1263 403 1400 462 SCR
1413 405 1429 462 l
1443 405 1580 462 P'l’A
1621 408 1676 464 M

1786 407 2173 466 IELLANEA.
3231 408 3369 474 1246

84 508 359 561 στεύειν.
393 510 536 577 Ἐγὼ
567 511 622 564 δὲ
645 510 736 562 τδν
759 511 890 580 ὲμδν
915 512 1005 565 καὶ
1031 513 1516 583 σοφδνὺμνήσομαι
1542 534 1672 586 νομο
1731 521 1773 578 Α
1799 516 1879 577 εἰς
1909 516 2076 576 αὐτὰς
2119 516 2216 576 τὰς
2260 515 2541 568 ’Λκεσαίου
2582 517 2814 584 σελήνας
2862 517 2992 584 (l3).
3026 517 3137 588 Τὴν
3157 519 3210 572 δὲ
3242 524 3372 592 περὶ

80 598 359 661 φύλακα,
389 601 485 662 τῆς
517 601 615 670 μὲν
650 602 1022 669 Πλατωνικῆς,
1051 603 1124 665 ὡς
1153 605 1379 671 ἔφαμεν,
1415 606 1688 668 πολιτείας
1791 607 1860 658 τὰ
1887 606 2143 658 πολιτικά
2192 607 2302 659 τῶν
2337 609 2676 674 πραγμάτων
2718 609 2885 678 σοφὴν
2937 610 3248 678 οἰκονομίαν
3275 614 3370 664 καὶ

83 684 282 754 ὶερῶς
313 690 699 756 ἐκπεμφθέντα
739 691 875 758 μετᾶ
907 689 1074 758 μύρου
1109 693 1198 742 καὶ
1233 692 1566 760 στέμματος,
1600 693 1690 744 ἐπὶ
1795 694 2187 763 μεταχείρισιν,
2214 694 2266 744 τί
2301 695 2365 747 ἂν
2393 711 2474 755 τις
2520 695 2552 763 ῆ
2586 696 2682 747 καὶ
2712 697 2875 746 πόσον
2908 695 3077 745 εἰπὼν
3122 695 3366 761 ἐναργῶς

81 777 146 828 δὲ
179 780 299 846 τὴν
328 779 570 848 βασιλίδα
617 781 716 843 τὴν
755 781 1050 843 Βυζαντίδα
1082 783 1465 850 μετενεχθέντα
1511 783 1690 852 πολλῷ
1793 786 2241 852 παραστήσειεν;
2281 785 2538 853 ’Λρμόσει
2575 786 2686 852 γὰρ
2714 786 2803 837 ἐπὶ
2836 788 2919 836 σοὶ
2947 787 3125 837 ἐκεῖνο
3146 785 3205 837 τὸ
3246 787 3353 853 Ἃρ·

86 866 434 935 ἱερώτερον,
483 870 575 920 καί
631 871 751 930 ταῖς
779 869 899 920 δυσὶ
946 868 1144 939 ταύτης
1183 869 1374 938 μέρεσι
1410 887 1688 939 συμμεμε-

1791 877 2092 945 χιλόχειον,
2154 876 2351 945 μικρόν
2396 893 2449 926 τι
2510 874 2876 945 παρῳδηθένο
2927 876 3196 944 ὑπάρχεις
3256 878 3366 943 γὰρ

90 957 400 1022 ρισμένον,
431 959 495 1025 τῇ
527 958 837 1026 συγκλήτῳ,
876 963 1040 1028 φημὶ,
1085 963 1178 1012 καὶ
1205 962 1280 1028 τῷ
1315 960 1553 1028 βήματι·
1587 963 1688 1012 κάν
1790 966 1911 1017 κατ’
1947 966 2136 1027 αὐτὸν,

82 1046 295 1117 ταύτῃ
326 1048 426 1113 μὲν
450 1047 982 1116 νομοφυλακτοῦντα,
1019 1052 1076 1102 ὲν
1100 1050 1156 1102 δὲ
1188 1037 1362 1118 τούτῳ
1390 1049 1690 1119 πρωτεκδι-

87 1138 346 1205 κοῦντα,
378 1142 471 1192 καὶ
504 1141 572 1192 δι’
603 1142 804 1208 ἀμφοῖν
830 1141 1159 1210 σεμνύνοντα
1181 1143 1241 1192 τὸ
1268 1141 1590 1207 πολίτευμα.
1625 1141 1687 1192 Εἰ

85 1228 216 1298 γάρ
255 1246 312 1282 τι
357 1231 604 1283 πειστέον
648 1231 910 1294 Πλάτωνι,
963 1234 1209 1283 πειστέον
1242 1231 1319 1294 δὲ,
1370 1233 1570 1299 χρῆναι
1601 1231 1690 1283 λέ-

87 1335 272 1384 γοντι
301 1319 414 1388 (η)
457 1315 688 1390 δύναμιν
721 1323 814 1374 ἐπὶ
837 1321 898 1372 τδ
932 1323 1062 1375 αὐτὸ
1088 1325 1181 1375 καὶ
1230 1323 1400 1392 τύχην
1428 1325 1686 1392 φρονήσει

91 1408 398 1460 συνελθεῖν
430 1411 525 1462 καὶ
573 1411 911 1482 δικαιοσύνῃ,
946 1411 1030 1463 ἵνα
1081 1411 1271 1474 κάλλος
1313 1413 1408 1463 καὶ
1458 1413 1687 1480 μέγεθος

91 1497 154 1545 αἱ
191 1497 480 1549 πολιτικαὶ
511 1498 839 1566 λαμϐάνοιεν
867 1501 1122 1570 πράξεις·
1151 1502 1255 1553 τίνι
1288 1500 1353 1553 ἂν
1377 1500 1524 1571 ἄλλῳ
1546 1503 1682 1571 μᾶλ-

88 1586 192 1636 λον
227 1589 678 1651 συνεισελθούσας
720 1590 836 1660 ἅμα
868 1593 1046 1654 πάσας
1090 1591 1292 1652 ταύτας
1336 1592 1682 1662 εὑρήσομενς

90 1674 267 1744 Τύχη
297 1679 393 1745 μὲν
422 1681 530 1747 γὰρ
556 1681 650 1733 καὶ
675 1683 902 1748 δύναμις
930 1681 1133 1735 ἀνωθεν
1160 1682 1542 1751 περιελθοῦσα,
1574 1677 1684 1735 οἷον

88 1765 214 1817 ἀπὸ
243 1768 457 1832 γένους,
482 1772 601 1829 ταῖς
627 1772 759 1838 πρὸς
786 1770 1048 1839 βασιλέως
1067 1771 1275 1839 ηὐξήθη
1302 1774 1488 1839 τιμαῖς
1514 1789 1528 1804 ·
1554 1773 1684 1841 φρόέ

1802 1057 2184 1123 Ἀμφότερον,
2201 1055 2474 1122 θεράπων
2485 1056 2601 1122 μὲν
2612 1053 3037 1123 πραγματικοῖο
3053 1026 3217 1108 Badio
3229 1056 3245 1123 (
3257 1053 3364 1115 14),

1797 1148 1892 1198 καὶ

1931 1235 2231 1289 Μουσάων
2264 1236 2480 1304 ἐρατὸν
2505 1237 2696 1304 δῶρον
2724 1235 3142 1303 ἐπιστάμενος.

1799 1326 2024 1395 Ἀθῆναι
2067 1326 2237 1381 ταῦτα
2265 1329 2362 1380 καὶ
2401 1329 2788 1397 Θῆϐαιμκαϊή
2825 1326 2958 1393 ἄλλη
2998 1323 3365 1394 ἀνακηρύτιει

1805 1418 2015 1482 Ἑλλὰς,
2046 1421 2139 1471 καὶ
2178 1420 2320 1472 αὑτά
2358 1419 2428 1471 τά
2459 1421 2646 1489 πόρρω
2689 1419 2791 1488 τῆς
2843 1417 3097 1484 Ἀττικῆς
3119 1433 3135 1448 ο
3170 1419 3235 1469 τὰ
3264 1418 3366 1483 μὲν

1788 1512 1882 1564 καὶ
1907 1512 2208 1580 ὀφθαλμοῖς
2244 1527 2303 1562 σε
2351 1503 2594 1590 ἡγεμόνα
2650 1509 2908 1578 μέγιστον
2961 1508 3361 1577 ἱστορήσαντα,

1785 1607 1852 1658 τὰ
1883 1606 1938 1657 δὲ
1962 1605 2057 1656 καὶ
2081 1603 2159 1671 τῷ
2191 1601 2376 1670 πτερῷ
2401 1618 2460 1653 σε
2490 1602 2588 1670 τῆς
2614 1602 2802 1670 φήμης
2827 1598 3049 1651 mem
3073 1597 3363 1665 δεξάμενα.

1786 1695 1896 1747 Καὶ
1918 1695 2081 1746 πάλαι
2106 1693 2204 1762 μὲν
2221 1695 2249 1745 ὁ
2276 1692 2552 1761 Ἀθηναῖος
2569 1691 2669 1758 ἐφη
2693 1690 2855 1757 σοφὸς
2871 1691 2927 1740 ὲν
2947 1688 3202 1756 ἐπιστολῇ
3227 1686 3362 1756 (15),

1797 1799 1815 1832 ι
1859 1781 1957 1850 τὴν
2007 1780 2337 1847 οἰκουμένην
2388 1779 2515 1847 ὃλην
2566 1779 2646 1853 εἰς
2700 1779 2860 1846 μόνον
2916 1775 3246 1828 ἀποϐλέπειν
3275 1774 3368 1825 τὸν

90 1872 269 1923 νησις
301 1858 356 1910 δὲ
401 1862 495 1912 καὶ
541 1861 854 1930 δικαιοσύνη
887 1863 988 1912 καὶ
1035 1860 1093 1924 ἐξ
1139 1864 1329 1929 αὐτῆς,
1363 1862 1436 1923 ὡς
1491 1862 1685 1926 εἰπεῖν,
1721 1849 1760 1900 Β
1791 1849 1986 1920 Δίωνα.
2029 1884 2047 1918 ι
2094 1867 2233 1932 Ἐγὼ
2265 1866 2321 1918 δὲ
2351 1865 2442 1918 τὸν
2466 1849 2640 1918 Δίωνα
2670 1865 2769 1934 μὲν
2797 1864 3061 1932 θαυμάζω
3090 1865 3202 1926 τοῖς
3227 1864 3368 1914 lato-

86 1945 202 2012 τῆς
269 1947 534 2012 γενέσεως
591 1951 1114 2019 ἐγκατεσπὰρθησαν
1165 1954 1231 2019 τῇ
1284 1951 1472 2002 τούτου
1509 1951 1682 2021 ψυχῇ.

93 2033 350 2086 Ἔπειτα
384 2037 416 2104 ἠ
446 2036 761 2107 δικαιοσύνη
805 2039 902 2107 μὲν
931 2041 994 2108 τῇ
1045 2039 1300 2108 μαθήσει,
1349 2041 1376 2108 ἡ
1423 2043 1683 2110 φρόνησις

87 2123 149 2174 δὲ
181 2128 259 2193 τῇ
291 2126 456 2197 πείρᾳ
483 2130 991 2198 συνεπηυξήθησαν.
1019 2131 1337 2197 Φιλοσοφίας
1365 2132 1421 2183 δέ
1456 2147 1514 2182 σε
1544 2147 1680 2182 παν-

87 2214 345 2284 τοδαπῆς
381 2220 792 2287 κατακώχιμον,
840 2221 1235 2289 ὀρφανοτρόφε,
1277 2211 1534 2290 ἄντικρυς
1572 2219 1683 2271 δεί-

92 2321 267 2356 κνυσι
301 2308 362 2357 τὸ
393 2308 530 2376 πρὸς
563 2309 685 2362 νοῦν
712 2312 1092 2364 ἀποϐάπτοντα
1121 2313 1388 2380 πρότερον
1414 2312 1511 2380 τὴν
1534 2311 1681 2371 λέξιν

89 2393 250 2447 οὕτω
286 2398 698 2465 προφέρεσθαι·
733 2400 867 2468 ὅπερ
915 2404 1009 2451 καὶ
1043 2403 1225 2468 Ζήνων
1272 2401 1497 2467 ἐναργὲς
1529 2399 1680 2466 φιλο-

94 2486 298 2551 σοφίας
327 2490 628 2558 τεκμήριον
655 2489 824 2542 ἔθετο.
871 2491 1008 2542 Ἀλλ’
1037 2492 1175 2544 οὕτω
1208 2491 1307 2559 μέν
1335 2509 1392 2542 σε
1420 2491 1682 2560 Γραμμα-

89 2575 233 2644 τικὴ
249 2579 347 2629 καὶ
359 2576 652 2647 Ῥητορικὴ
671 2581 762 2631 καὶ
783 2576 848 2632 αὗ
869 2581 1229 2648 Νομοθετικὴ,
1255 2584 1345 2632 καὶ
1367 2577 1677 2648 Φιλοσοφία,

92 2669 416 2722 δικαιότατε
448 2673 865 2741 ,πρωτεκδίκωπη
906 2673 1294 2743 ἐτιθηνήσαντο
1317 2689 1328 2701 ·
1367 2672 1511 2736 οὕτε,
1539 2673 1680 2725 κατά

93 2759 212 2812 τῶν
243 2776 394 2822 τινας
427 2761 664 2830 εὐφυῶν,
697 2763 891 2832 ῥᾳδίως
921 2782 979 2815 τε
1037 2765 1380 2832 λαμϐάνοντα
1411 2766 1477 2815 τὰ
1525 2765 1675 2831 λεγό-

98 2867 269 2916 μενα,
312 2854 407 2904 καὶ
447 2853 777 2923 ῥαδιώτερον
806 2855 1176 2908 ἀποϐάλλοντα
1198 2872 1212 2887 ο
1245 2855 1368 2906 οὔτε
1413 2855 1503 2917 αὖ,
1539 2858 1676 2908 κατά

93 2939 211 2992 τῶν
251 2957 404 3003 τινας
456 2943 663 3010 ἀφυῶν,
707 2944 932 3012 χρονίαις
963 2962 1020 2997 τε
1067 2945 1407 3011 λαμϐάνοντα
1447 2946 1540 2996 καὶ
1571 2962 1676 2995 πα·

97 3031 482 3100 ρακατέχοντα
516 3035 893 3103 χρονιωτέρως
913 3052 927 3064 ·
956 3035 1068 3086 ἀλλ’
1094 3035 1327 3097 ὀξύτατα
1372 3035 1468 3102 μὲν
1499 3036 1590 3087 καὶ
1619 3036 1676 3086 ὲν

94 3123 301 3192 ἀκαρεί
326 3124 425 3192 τὴν
471 3125 674 3191 γνῶσιν
719 3125 1025 3195 δεχόμενον,
1059 3126 1431 3178 ἀποϐάλλοντα
1478 3126 1534 3178 δὲ
1568 3128 1673 3179 οὐδ’

1796 1959 1968 2025 ρικοῖς
1999 1944 2229 2025 ’βιϐλίοις
2279 1958 2650 2026 ἐντυγχάνων·
2686 1955 2747 2008 τὸ
2776 1954 2832 2007 δὲ
2879 1955 3030 2021 παρὰ
3053 1953 3154 2021 τῆς
3178 1954 3365 2004 οἰκου-
3469 2008 3475 2018 ,

1797 2047 1965 2113 μένης
1990 2046 2394 2100 ἀποϐλέπεσθαι
2426 2051 2605 2115 πάσης
2628 2046 2707 2116 τῷ
2739 2046 2853 2116 ὲμῷ
2885 2044 3179 2113 ἀνατίθημι
3205 2059 3367 2112 νομο-

1791 2135 2012 2202 φύλακι.
2042 2135 2106 2187 Εἰ
2139 2137 2247 2204 γὰρ
2277 2139 2309 2205 ἡ
2341 2136 2442 2202 τῆς
2467 2138 2793 2212 οἰκουμένης
2826 2137 3076 2203 καρδίαή
3116 2133 3366 2203 βασιλεύ-

1789 2215 1931 2278 ουσα
1978 2225 2283 2295 καθέστηκε
2350 2219 2527 2290 πόλις,
2580 2227 2716 2290 αὕτη
2766 2227 2822 2278 δὲ
2867 2227 2962 2292 ὅλη
3021 2226 3157 2294 πρὸς
3202 2225 3364 2276 αὑτὸν

1788 2317 1988 2385 ἀφορᾷ,
2030 2315 2254 2385 εὔδηλον
2297 2317 2372 2379 ὡς
2411 2320 2477 2388 τῇ
2512 2319 2708 2388 καρδία
2749 2318 2843 2370 καὶ
2876 2316 2935 2367 τὸ
2987 2315 3170 2366 λοιπὸν
3219 2315 3364 2366 ἆπαν

1792 2397 2335 2473 συμπεριαχθήσεται
2384 2405 2564 2474 σῶμα.
2595 2406 2730 2474 Δίκη
2781 2406 3093 2457 συνίσταται
3138 2404 3268 2473 περὶ
3297 2404 3366 2456 τὰ

1789 2495 2056 2565 βασίλεια,
2094 2497 2188 2548 καὶ
2235 2495 2326 2548 τὸν
2373 2496 2726 2565 νομοφύλακα
2759 2499 2792 2565 ἡ
2843 2496 3145 2562 σύγκλητος
3197 2510 3362 2564 περι-

1786 2586 2110 2652 ϐλέπονται,
2157 2588 2314 2650 ἄλλος
2364 2589 2492 2641 ἄλλο
2525 2605 2578 2639 τι
2619 2591 2718 2657 τῆς
2750 2588 2959 2640 ἐκείνου
3008 2588 3188 2658 φωνῆς
3221 2604 3362 2656 προ·

1790 2678 2042 2745 αρπάσαι
2069 2677 2522 2746 φιλονεικοῦντες.
2557 2679 2748 2748 Ψῆφος
2787 2680 2915 2748 περί
2955 2679 3021 2730 τά
3075 2679 3194 2747 ἰερά
3232 2695 3366 2747 κρο-

1785 2771 1956 2821 τείται
1993 2771 2291 2839 ἀνάκτορα,
2317 2770 2411 2823 καὶ
2440 2771 2614 2834 οὐδεὶς
2635 2770 2691 2832 ὃς
2722 2771 2783 2823 οὑ
2820 2769 2895 2838 τῷ
2919 2771 3272 2839 πρωτεκδίκῳ
3301 2770 3366 2821 τὰ

1788 2862 2033 2929 πρωτεῖα
2058 2861 2152 2911 τοῦ
2180 2862 2340 2927 λόγου
2371 2861 2610 2915 δίδωσιν.
2634 2856 2781 2930 *Αρα
2804 2861 2866 2912 οὐ
2898 2861 3029 2929 πρὸς
3057 2861 3152 2913 ἕνα
3178 2859 3366 2912 τοῦτον

1785 2949 1819 3015 ἡ
1855 2949 2114 3017 σύμπασα
2149 2950 2434 3014 Βυζαντὶς,
2475 2952 2670 3005 ταυτὸν
2691 2951 2736 3004 δ’
2771 2953 2967 3016 εἰπεῖν,
2999 2953 3029 3021 η
3073 2952 3364 3019 οἰκουμένη

1786 3040 2071 3108 σύμπασα,
2108 3041 2295 3109 βλέπει
2322 3059 2336 3108 ;
2366 3043 2429 3095 Εἰ
2459 3043 2517 3094 δὲ
2545 3044 2721 3113 μέρος,
2754 3044 2854 3110 τῆς
2892 3044 3221 3111 οἰκουμένης
3258 3043 3364 3093 εἰσί

1785 3137 1880 3183 καὶ
1912 3133 1961 3183 οἰ
2000 3134 2249 3200 πένητες,
2282 3135 2330 3184 οἰ
2361 3134 2432 3186 τὰ
2468 3132 2701 3202 σώματα
2735 3131 3100 3203 βεϐλαμμένοι
3137 3131 3231 3184 καὶ
3266 3147 3364 3182 πε-

98 3325 246 3383 mate
280 3331 548 3400 expulsus,
591 3333 646 3385 in
678 3335 881 3402 regiam
927 3334 1106 3386 urbem
1142 3333 1388 3402 Byzantii
1410 3333 1663 3399 pervenit,
1693 3338 1739 3397 α
1773 3334 2076 3403 explanabit
2097 3335 2344 3404 peritiam
2365 3345 2512 3386 tuam
2533 3335 2674 3386 circa
2693 3349 2773 3386 res
2797 3331 3036 3400 politicas
3053 3350 3184 3402 quas
3205 3333 3364 3387 semel

100 3439 207 3475 non
251 3425 364 3476 sine
405 3425 828 3489 nuntinedivino,
849 3425 1019 3494 ibique
1037 3428 1196 3478 curia:
1231 3422 1562 3478 actribunali
1593 3425 1697 3476 ad-'

93 3515 315 3583 junctus
346 3516 506 3567 estut
537 3523 583 3568 et
621 3516 795 3585 legum
844 3516 1093 3570 custodite
1125 3527 1172 3569 et
1187 3517 1304 3585 juri
1324 3517 1536 3568 dicendo
1567 3531 1685 3576 ope-

102 3622 223 3659 ram
249 3608 421 3671 daret,
439 3609 615 3676 sicque
643 3608 943 3676 reipublicae
972 3620 1276 3662 ornamento
1299 3618 1449 3662 esset.
1467 3608 1603 3661 Nam
1638 3608 1682 3660 si

100 3697 326 3750 Platoni
353 3697 483 3764 ﬁdes
527 3698 789 3760 habenda,
832 3707 908 3751 est
952 3709 1148 3764 autem,
1193 3700 1405 3758 dicenti,
1445 3699 1576 3750 vires
1622 3713 1684 3748 ac

103 3787 378 3853 fortunam
398 3790 606 3858 ingenio
634 3805 697 3842 ac
721 3790 948 3858 justitiw
971 3791 1305 3844 associandas
1332 3805 1460 3855 esse,
1486 3798 1542 3841 ut
1568 3803 1683 3857 qua:

101 3882 158 3932 in
187 3879 457 3949 republica
482 3879 620 3946 ﬁunt
642 3882 1043 3951 pulchritudinis
1068 3899 1128 3934 ac
1165 3881 1539 3950 magnitudinis
1568 3896 1678 3945 spe-

101 3971 232 4023 ciem
263 3986 375 4038 prta
399 3986 451 4023 se
495 3972 706 4037 ferant:
738 3973 821 4024 cui
849 3973 956 4024 hare
990 3973 1167 4024 omnia
1201 3972 1368 4040 magis
1399 3987 1557 4038 quam
1586 3971 1680 4023 tibi

104 4062 422 4116 inharentia
458 4065 814 4131 reperiemus?
850 4065 1062 4131 fortuna
1090 4066 1225 4115 enim
1255 4071 1304 4114 et
1361 4063 1614 4131 fortitudo
1649 4079 1681 4113 a

106 4153 395 4221 majoribus
419 4155 633 4207 traditae
651 4155 795 4224 regia
818 4155 1171 4212 muniﬁcentia
1192 4162 1381 4217 auctir;
1398 4154 1679 4220 prudentia

105 4255 151 4296 et
174 4246 394 4314 justitia
419 4247 541 4298 inde
573 4263 604 4298 a
645 4248 924 4299 nativitate
965 4247 1140 4298 animo
1184 4245 1354 4297 insita:
1384 4254 1530 4297 sunt.
1567 4243 1679 4297 Huc

106 4337 306 4390 accedit
327 4337 468 4405 quod
483 4337 696 4406 justitia
725 4337 978 4389 doctrina!
999 4337 1295 4404 praeceptis,
1325 4335 1677 4403 intelligentia

107 4431 432 4499 experientia
463 4429 592 4482 duce
622 4431 1002 4481 incrementum
1029 4439 1297 4496 ceperunt.
1327 4426 1677 4495 PhilosOphia:

103 4523 330 4590 denique
357 4535 531 4583 amor,
590 4519 844 4572 divinitus
885 4519 976 4572 tibi
1026 4521 1314 4587 inspiratus
1352 4518 1677 4588 pupillorum

109 4612 360 4675 nutritor,
394 4608 551 4664 verba
599 4611 1002 4677 cogitationibus
1047 4613 1203 4680 plane
1233 4610 1548 4678 respondere
1587 4611 1677 4662 de-

1788 3427 2150 3494 cupessivisti?
2175 3425 2233 3478 In
2262 3435 2309 3478 te
2338 3429 2476 3478 enim
2504 3424 2638 3477 illud
2658 3426 2853 3477 dictum
2873 3423 3169 3477 Archilochi
3189 3422 3358 3476 leviter

1788 3525 1991 3569 mutata
2018 3517 2190 3584 forma
2226 3517 2492 3586 quadrat;
2519 3531 2643 3568 nam
2664 3515 2953 3568 secundum
2998 3530 3116 3566 eum

1788 3606 1868 3661 Tu
1893 3609 1984 3662 Dei
2029 3608 2426 3677 omnipotentis
2454 3622 2647 3660 servus
2686 3624 2765 3669 es,
2801 3616 2854 3660 et
2889 3605 3167 3659 Musarum
3210 3605 3365 3659 dulce

2352 3701 2555 3752 donum
2611 3701 2802 3752 calles.

1855 3790 2070 3843 Athena:
2123 3796 2298 3841 autem
2350 3805 2412 3841 ac
2466 3787 2647 3841 Thebae
2686 3796 2734 3839 et
2762 3797 2963 3840 cirtera:
3001 3783 3216 3839 Gracia:
3242 3801 3366 3852 pro-

1782 3881 1967 3933 vincia:
2006 3880 2085 3934 vel
2132 3881 2432 3949 longissime
2481 3883 2546 3932 ab
2587 3880 2763 3933 Attica
2811 3881 3063 3932 distantes
3106 3877 3240 3931 illud
3285 3889 3366 3930 at-

1784 3980 2082 4036 testantur,
2124 3987 2240 4041 qua:
2287 3958 2494 4042 quidem
2530 3981 2577 4024 te
2625 3973 2807 4024 ducem
2834 3973 3237 4040 magnanimum
3279 3986 3368 4022 ex-

1783 4073 1944 4130 pertie
1965 4071 2108 4126 sunt,
2134 4073 2225 4116 aut
2254 4062 2588 4118 sermonibus
2622 4063 2766 4131 farno
2791 4065 2990 4133 sparsis
3027 4072 3363 4132 acceperunt.

1753 4148 1758 4152 ’
1782 4153 2062 4207 Αιήεηηναε
2078 4156 2216 4207 enim
2240 4157 2292 4206 in
2315 4154 2536 4221 epistola
2562 4155 2829 4224 quondam
2853 4155 2984 4207 dixit
3006 4163 3168 4207 totum
3190 4154 3367 4206 orbem

1743 4257 1748 4260 ’
1780 4244 1957 4297 oculos
1996 4245 2050 4297 in
2084 4244 2305 4297 Dionem
2346 4257 2667 4300 convertere.
2703 4245 2956 4315 Equidem
3009 4247 3224 4299 Dionem
3269 4247 3366 4296 ad-

1781 4335 1947 4387 miror
1990 4336 2356 4388 historicorum
2396 4353 2554 4406 opera
2589 4336 2785 4406 legens;
2823 4339 2959 4406 quod
3003 4347 3178 4390 autem
3226 4345 3362 4390 totus

1781 4427 1921 4478 orbis
1971 4426 2392 4480 udmirabundus
2431 4428 2607 4481 oculos
2633 4429 2687 4481 in
2719 4428 2946 4499 aliquem
2979 4438 3269 4490 convertat,
3308 4430 3364 4482 id

1783 4516 1953 4583 legum
1987 4518 2189 4570 custodi
2213 4518 2384 4570 amico
2413 4535 2530 4572 meo
2566 4521 2788 4573 vindico.
2819 4518 2876 4573 Si
2902 4522 3040 4572 enim
3073 4520 3193 4573 urbs
3221 4522 3364 4588 regia

1781 4611 2016 4662 universi
2053 4611 2193 4662 orbis
2226 4626 2314 4662 cor
2355 4619 2453 4673 est,
2494 4619 2543 4663 et
2576 4613 2757 4664 eadem
2790 4613 2845 4663 in
2890 4614 3058 4677 ipsum
3113 4614 3364 4664 convertit

111 4711 410 4766 monstrat;
454 4703 591 4772 quod
638 4702 780 4756 Zeno
826 4719 1029 4772 quoque
1081 4712 1279 4758 certum
1339 4702 1676 4769 philosophia:
1710 4699 1752 4722 υ
1780 4699 1976 4764 oculos,
2006 4701 2151 4753 cordi
2185 4701 2447 4769 reliquum
2481 4717 2670 4770 corpus
2720 4701 3202 4771 obtemperaturum
3258 4717 3365 4752 esse

111 4796 458 4849 testimonium
492 4810 600 4848 esse
623 4795 833 4847 asserit.
859 4792 943 4847 Sic
967 4795 1130 4862 igitur
1156 4793 1456 4857 Rhetorica,
1485 4791 1675 4846 Gram-

1779 4793 2118 4860 manifestum
2164 4800 2262 4846 est.
2301 4791 2525 4844 Iustitia
2559 4792 2699 4844 circa
2740 4802 2859 4844 acta
2895 4793 3060 4860 regia,
3097 4801 3144 4845 et
3188 4792 3362 4860 legum

109 4888 324 4948 matica,
368 4885 542 4956 legum
576 4885 965 4938 condendarum
994 4887 1206 4938 scientia
1233 4885 1366 4937 lacte
1390 4885 1542 4954 quasi
1578 4899 1672 4936 suo
1773 4891 1944 4936 custos
1966 4900 1997 4936 a
2021 4891 2210 4935 senatu
2239 4885 2296 4935 in
2326 4884 2520 4935 honore
2548 4883 2773 4946 habetur,
2801 4899 3023 4952 magno;
3058 4883 3252 4951 quippe
3274 4899 3361 4934 cu-

110 4990 159 5032 te
189 4979 508 5031 nutrierunt.
542 4975 694 5047 Apud
731 4987 780 5028 te
819 4992 952 5040 non,
978 4978 1109 5029 sicut
1140 4976 1280 5043 apud
1321 4993 1422 5029 non
1452 4990 1664 5044 paucos,

107 5085 221 5136 quae
249 5068 466 5122 auribus
501 5069 761 5130 hauseris,
805 5067 944 5119 brevi
988 5069 1278 5129 intereunt;
1313 5083 1404 5119 nec
1430 5075 1483 5118 ut
1526 5066 1667 5134 apud

110 5161 241 5214 alios
256 5176 350 5230 per
380 5169 582 5230 tempus
599 5159 866 5229 quoddam
889 5159 1256 5227 comprehensa
1291 5159 1517 5210 breviori
1547 5166 1674 5208 tem—

110 5265 232 5318 pore
275 5249 590 5313 retinentur;
622 5251 726 5301 imo
765 5263 879 5317 qua:
915 5247 1096 5300 mentis
1134 5247 1372 5298 acumine
1397 5244 1674 5314 collegisti,

114 5357 381 5409 nunquam
405 5357 432 5395 ε
465 5343 718 5394 memoria
742 5339 980 5393 decidere
1017 5340 1166 5394 sinis.
1209 5339 1335 5404 Quis
1361 5355 1518 5407 porro
1541 5340 1673 5392 satis

183 5559 465 5631 (l2)Qonl‘.
500 5522 714 5615 Platon.
749 5560 819 5614 De
846 5562 1041 5630 republ.
1070 5561 1169 5631 ub.
1200 5560 1289 5623 1v,
1340 5576 1392 5628 p.
1429 5561 1552 5621 427,

132 5629 479 5711 ωῌόλῦρρς.
510 5630 723 5686 Erasm.
763 5632 933 5701 Ἀόος.
961 5632 1087 5688 chil.
1112 5630 1153 5693 Ι,
1195 5641 1340 5685 ccnt.
1405 5631 1467 5696 V,
1506 5631 1664 5699 adag.

118 5699 326 5763 85,c01.
361 5699 487 5754 48b.
887 5699 899 5701 “

187 5772 292 5841 (14)
325 5769 483 5826 Conf.
526 5771 728 5828 Athen.
761 5771 857 5828 lib.
891 5770 1027 5840 XIV,
1060 5787 1178 5843 pag.
1212 5770 1334 5825 627.
1364 5770 1422 5825 C.
1453 5769 1668 5824 Plutar-

1769 4976 1788 5040 ᾔ
1797 4991 1852 5028 us
1869 4990 2043 5027 vocem
2077 4990 2139 5027 ac
2151 4974 2369 5026 verbain
2387 4990 2541 5026 suum
2570 4975 2790 5044 quisque
2815 4975 3144 5026 commodum
3161 4990 3364 5026 conuer-

1782 5077 1888 5118 tere
1910 5070 2129 5135 satagit.
2153 5065 2434 5119 Sententia:
2471 5067 2527 5118 in
2550 5066 2755 5133 templis
2783 5066 2887 5119 Deo
2908 5067 3073 5119 sacris
3108 5066 3362 5134 colligun-

1782 5169 1890 5222 tur,
1930 5165 1977 5209 et
2019 5173 2196 5209 omnes
2249 5159 2542 5224 protecdir-o
2590 5159 2790 5226 primas
2834 5157 3145 5219 eloquentia:
3185 5164 3364 5225 partes

1782 5249 2096 5302 attribuunt.
2123 5248 2306 5302 Nonne
2329 5247 2489 5316 igitur
2524 5257 2680 5300 'otum
2708 5248 2762 5300 B'
2802 5252 3042 5310 rantium,
3071 5256 3161 5299 aut
3191 5248 3361 5315 potius

1783 5349 1924 5394 totus
1961 5341 2097 5393 orbis
2137 5342 2273 5394 hunc
2304 5357 2465 5393 unum
2522 5341 2747 5409 espicit?
2827 5344 2833 5350 '
2866 5351 3043 5393 autem
3069 5340 3207 5393 orbis
3237 5355 3359 5406 pars

1775 5558 1914 5612 chus
1939 5559 1994 5613 in
2020 5558 2186 5611 Phoc.
2225 5571 2346 5625 cap.
2383 5554 2492 5612 VII.
2525 5523 2943 5612 Themismral.
2971 5560 3032 5610 de
3090 5559 3210 5612 ιιὶνι.
3241 5574 3350 5625 reg.

1779 5627 1897 5692 XV,
1924 5644 2026 5697 pag
2052 5629 2174 5694 185,
2201 5627 2262 5680 Β.

1853 5722 1964 5791 (15)
2003 5722 2139 5775 Plat.
2172 5736 2258 5790 ep.
2292 5719 2383 5785 ιν,
2414 5719 2661 5782 lom.lll,
2697 5733 2813 5788 pag.
2847 5717 2973 5778 59.0,
3009 5717 3048 5769 Ι)
