4002 6332
197 189 341 256 1253

1371 194 1694 257 SCRIPTA
1740 194 2275 262 MISCELLANEA

3307 202 3447 274 125‘

189 309 276 365 οὐι
293 308 574 376 μένουσιν.
618 305 754 360 ἀλλὰ
787 306 889 366 τὰς
927 306 1136 369 οἰκείας
1169 306 1449 377 μαχαίρας
1478 307 1624 361 κατὰ
1668 307 1776 360 τῶν
1805 314 1851 368 Α
1881 303 1967 357 ἵνα
1996 322 2078 358 σοι
2115 307 2210 358 καὶ
2242 306 2462 375 μνήμης
2517 308 2609 361 καὶ
2638 312 3028 382 προσρητικῶν
3072 313 3289 380 ἀξιωθῶ
3321 322 3446 374 συλ-

189 399 525 468 σπλάγχνων
550 397 840 461 ὠθοῦντες,
891 398 924 466 ἢ
955 399 1091 469 ἄλλῃ
1130 415 1209 466 πη
1242 397 1338 450 τοῦ
1377 399 1630 468 σώματος
1661 399 1769 452 διε-

185 487 508 550 λαύνοντες,
538 487 689 555 σφῶν
723 484 930 539 ἑαυτῶν
952 487 1268 557 αὐτόχειρες
1315 488 1575 555 γίνονται,
1599 505 1770 541 κατα.

188 578 582 647 καυχήσασθαι
606 578 702 630 τοῦ
737 577 918 631 αὐτῶν
947 579 1174 648 αὐχένος
1225 579 1467 648 δυσμενῆ
1502 577 1767 649 παλάμην

190 669 272 737 μὴ
305 665 708 737 ἀντισχόμενοι,
761 670 935 722 ὁποῖοι
987 671 1208 735 Κάτων,
1255 671 1347 723 καὶ
1381 670 1637 742 Βροῦτος,
1670 672 1767 724 καὶ

189 760 620 821 Κάσιοςοιοῠτω
659 761 724 830 δὴ
770 759 864 813 καὶ
912 761 1101 825 αὐτὸς,
1134 761 1242 825 ἕως
1277 760 1379 832 μὶν
1407 763 1628 829 ἀγαθῶς
1653 758 1765 832 εῖχέ

190 867 290 918 μοι
317 850 387 902 τὰ
419 854 548 917 περὶ
567 851 628 902 τὸ
650 852 828 919 σῶμα,
854 850 950 902 καὶ
974 851 1158 920 ἁϐρῶς
1184 852 1284 919 μὲν
1312 855 1344 919 ἠ
1377 853 1500 921 θρὶξ
1514 852 1761 915 ἔσταλτο,

187 939 290 991 καὶ
313 939 564 1006 κομψῶς,
597 941 928 1010 συμμέτρως
952 941 1010 994 δὲ
1051 941 1148 993 καὶ
1170 941 1228 992 οὐ
1249 941 1403 993 ,κατὰ
1437 941 1765 1011 φιλοσόφους

185 1027 422 1081 καθεῖτο
447 1026 509 1079 τδ
536 1028 766 1095 γένειον,
792 1029 1003 1082 πλατὺν
1031 1030 1285 1098 μυκτῆρα
1319 1031 1433 1084 τῶν
1464 1034 1523 1084 ὲν
1550 1031 1764 1095 τούτοις

183 1118 604 1186 δυστυχούντων
633 1120 896 1188 κατέχεον
915 1136 930 1151 ·
983 1121 1085 1172 οὑκ
1120 1119 1237 1173 ἐστι
1268 1121 1376 1190 γὰρ
1406 1122 1465 1184 ὃς
1496 1138 1564 1175 ιιι
1593 1122 1764 1186 φαλα-

185 1211 328 1278 κρὸς
361 1213 460 1263 οὐκ
497 1210 655 1272 εὐθὺς
691 1210 811 1263 ίδὼν
843 1211 1176 1278 ίλιγγίασενθ
1205 1214 1305 1266 οὐκ
1338 1212 1453 1264 ἐστι
1488 1213 1547 1266 δὲ
1572 1214 1628 1273 ὅς
1672 1229 1764 1280 μοι

188 1300 539 1369 βαθυπώγων
561 1299 871 1368 περιτυχὼν
902 1302 1000 1352 οὐκ
1024 1301 1226 1367 ηὔξατό
1250 1303 1300 1353 οἱ
1341 1302 1622 1370 χανείσθαι
1664 1302 1764 1370 τὴν

185 1393 336 1459 γῆνο
372 1391 467 1442 νῦν
523 1390 599 1453 δὲ,
651 1393 727 1451 είς
763 1390 862 1459 ἐμὲ
914 1390 1008 1469 τοῦ
1038 1393 1136 1458 τῆς
1167 1391 1557 1460 ἀσχημοσύνης
1590 1390 1762 1473 κύῦομ

191 1479 688 1548 μεταῤῥιφθέντος,
713 1481 774 1530 οὑ
800 1480 1120 1548 περιμείνας
1143 1483 1267 1542 τοὺς
1293 1481 1349 1546 ἐξ
1367 1481 1541 1534 ἄλλων
1569 1481 1764 1549 λεσχα-

187 1569 392 1638 σμοὺς,
424 1573 513 1621 καὶ
544 1571 645 1630 τὰς
679 1569 1050 1638 βλασφημίας,
1077 1572 1270 1624 ἑαυτὸν
1300 1573 1462 1634 αὐτὸς
1492 1571 1618 1625 καθ’
1649 1572 1717 1623 αὑ
1738 1601 1760 1611 —

183 1656 290 1709 τοῦ
323 1658 627 1727 καεήγορον
669 1652 890 1726 ἴᾶτημιο
945 1658 1042 1710 καὶ
1085 1660 1186 1727 τῆς
1236 1661 1374 1729 ἐμῆς
1404 1658 1762 1730 ἐμφορεῖσθαι
1798 1659 1836 1705 Β

187 1750 396 1819 χλεύης
452 1752 564 1813 τοῖς
617 1748 862 1800 ἐθέλουσι
893 1748 1110 1817 δίδωμι.
1170 1750 1363 1802 Καίτοι
1395 1751 1488 1802 καὶ
1509 1750 1759 1801 Συνὲσιον

184 1839 314 1894 οἴδα
343 1841 444 1909 τὴν
471 1840 760 1908 φαλάκραν
789 1840 1308 1909 καλλωπισάμενονο
1345 1841 1436 1892 καὶ
1477 1839 1765 1894 Ἰουλιανόν

184 1949 254 2001 γε
285 1933 388 1983 οὐκ
410 1931 587 1997 ἀγνοῶ
616 1931 706 1982 τὸν
735 1932 956 1993 οἰκεῖον,
985 1930 1062 1994 ὡς
1101 1932 1161 1983 ὲν
1187 1931 1537 2000 προσχήματι
1565 1931 1758 1998 ψόγου,

188 2009 854 2092 σεμνύνανταίπὼγωνα.
913 2021 980 2072 Τί
1019 2022 1112 2074 ἐπὶ
1165 2020 1326 2073 τοῦτο
1396 2021 1712 2090 ικάγχασας
1746 2038 1796 2083 ;Δ

186 2113 439 2182 ὲμφόρου
471 2111 725 2178 γέλωτος,
749 2110 825 2173 ὡς
849 2111 916 2164 ἂν
941 2106 1052 2173 οἷός
1083 2128 1143 2163 τε
1164 2106 1254 2183 ᾖς,
1283 2111 1377 2164 ἐπὶ
1407 2113 1504 2179 τῆς
1524 2112 1765 2191 γραφῆς.

186 2200 384 2254 Ταῦτα
420 2201 531 2270 γὰρ
561 2203 636 2269 (9)
664 2203 755 2272 καὶ
785 2203 948 2270 ἡμεῖς
981 2202 1042 2254 οὐ
1073 2201 1264 2271 πὸῥρω
1291 2201 1610 2270 φιλοσοφίας
1639 2201 1765 2268 διῳ-

1877 392 2096 473 λαὸῶνς
2134 394 2417 448 συλλαϐῶν
2454 395 2699 460 ἐκείνων,
2729 400 2891 468 ἱερῶν
2922 401 3037 468 μιν,
3069 403 3102 473 ἢ
3141 405 3211 458 τὰ
3239 407 3298 458 ιν
3318 408 3447 463 Διλ.

1876 486 2000 551 φοῖς
2033 484 2125 535 καὶ
2161 485 2336 536 Πύθια
2361 486 2772 556 προγράμματα
2792 504 2808 519 °
2845 492 3067 560 χρυσῶν
3093 494 3173 559 δι,
3204 495 3236 565 ἢ
3265 497 3446 552 Πυθα-

1873 574 2039 642 γόρου
2093 576 2276 644 χρυσᾶ
2337 575 2649 644 καλούμενα
2699 577 2840 648 ιπηο
2877 583 3153 649 μουσικῶν
3191 584 3248 637 δὲ
3280 586 3314 656 ἢ
3345 588 3445 649 τὰς

1873 663 2136 732 Σειρῆνας
2158 666 2207 716 οἱ
2229 664 2386 733 μῦθοι
2413 666 3006 738 γράφουσι-γλυκερῶν
3034 673 3092 724 δὲ
3113 673 3253 743 ὑπὲρ
3278 677 3406 743 μέλι
3423 718 3439 742 ,

1872 754 2186 823 ψαλμικῶς,
2221 756 2318 808 καὶ
2352 757 2566 826 κηρίον,
2591 758 2728 810 ἀλλὰ
2751 759 2870 826 μέλι
2905 764 3004 828 μὲν
3035 765 3097 816 τὸ
3129 765 3440 838 Ὑμήττιον,

1875 847 2068 914 κηρίον
2096 845 2152 897 δέ
2184 861 2249 914 γε
2271 845 2334 898 τὸ
2378 844 2831 915 Τραπεζούντιον.
2895 852 2963 904 Ἦ
3000 850 3225 919 πάντωξ
3246 859 3280 927 ὴ
3312 857 3442 910 σύν-

1873 939 2076 1005 τροφός
2143 955 2228 991 σοι
2288 942 2722 1008 μετριοπάθεια,
2775 949 2870 998 καὶ
2950 949 2984 1016 ὴ
3040 953 3441 1022 συναυξηθεῖσα

1873 1029 1968 1081 καὶ
2027 1029 2126 1098 ήδη
2186 1032 2654 1106 συγγηράσκουσα
2701 1037 3017 1104 ἐπιείκεια,
3080 1042 3174 1092 καὶ
3248 1045 3442 1113 μέχρις

1871 1117 2029 1187 ἡμῶν
2089 1121 2192 1190 τὴν
2248 1122 2347 1189 τῆς
2397 1125 2617 1194 γραφῆς
2650 1142 2751 1179 σου
2816 1131 3103 1200 περιωπήν
3163 1135 3442 1201 ἠνάγκασα

1872 1210 2176 1264 κατελθεῖν,
2233 1212 2324 1264 Σοὶ
2357 1215 2456 1281 μὲν
2485 1214 2579 1289 ρῦν
2626 1218 2825 1287 πολλὴν
2862 1221 3073 1289 μυρίων
3137 1240 3196 1275 τε
3262 1225 3440 1278 ἄλλων

1873 1299 1969 1350 καὶ
2029 1299 2236 1353 τούτων
2304 1302 2361 1353 δὲ
2430 1304 2491 1356 οὐ
2551 1303 2702 1373 μεῖον
2749 1309 2900 1374 δφὶιω
2957 1312 3055 1378 τὴν
3121 1313 3299 1382 χάριν.
3376 1317 3440 1368 Ἦ

1870 1383 1927 1435 δὲ
1961 1386 2150 1438 πασῶν
2187 1389 2551 1456 εὐτυχεστέρα
2577 1394 2636 1455 τὸ
2660 1394 2754 1445 ἐπὶ
2787 1397 2869 1446 σοὶ
2905 1397 3014 1448 τῶν
3045 1399 3255 1451 πόλεων
3291 1402 3439 1470 Τρα-

1870 1472 2066 1535 πεζοῦς
2102 1476 2178 1535 εἰς
2216 1476 2271 1526 τί
2307 1493 2394 1544 μοι
2430 1479 2558 1542 τοὺς
2605 1481 2808 1551 ἑαυτῆς
2858 1483 2945 1535 διὰ
2975 1487 3224 1556 τῆς.σῆς
3258 1493 3440 1558 χειρὸς

1870 1563 2159 1646 χρυσίνους
2209 1566 2602 1635 ὲκπέπομφενς
2651 1565 2728 1623 Ἦ
2777 1588 2880 1624 που
2913 1574 3010 1642 τὴν
3045 1579 3182 1644 πρός
3251 1597 3318 1646 με
3352 1582 3442 1634 διὰ

1870 1643 2078 1708 τούτω’ν
2113 1660 2424 1727 μηχανᾶται
2463 1663 2741 1730 σπονδήν;
2797 1665 2872 1716 Οὐ
2914 1643 3207 1736 σπείσομαὶ
3240 1643 3353 1739 (ἸΞ)
3382 1689 3440 1738 γε

1871 1746 2066 1815 ταύτῃ,
2089 1747 2198 1798 οὐδ’
2222 1750 2303 1799 etv
2327 1750 2437 1818 (15)
2472 1751 2650 1803 ’Δῖδαο
2671 1767 2680 1780 ·
2716 1753 2951 1827 εστωσαν
2975 1758 3024 1806 oi
3052 1758 3255 1821 πάντες
3279 1761 3441 1812 ἀστέ-

1876 1854 1987 1905 ρες,
2018 1837 2114 1888 καὶ
2142 1838 2169 1889 ό
2207 1837 2414 1890 τούτων
2458 1839 2686 1909 ἔξαρχος
2716 1843 2867 1910 ἥλιος
2888 1860 2902 1875 ο
2930 1846 3039 1898 οὐδ’
3069 1849 3132 1900 ἄν
3167 1867 3257 1914 μοι
3286 1850 3441 1902 πλίν-
3518 1867 3523 1874 ·

1872 1929 1998 1988 θους
2032 1927 2158 1990 ὅλας
2199 1928 2403 1997 χρυσοῦ
2430 1920 2633 1995 κομιεῖ,
2669 1931 2812 1983 καθὰ
2835 1933 2912 2002 τῷ
2950 1935 3130 2004 Πυθίῳ
3157 1937 3247 1989 τὸν
3279 1939 3440 2008 Κροῖ-

1872 2019 1963 2071 σόν
1986 2035 2140 2087 φασι.
2164 2019 2266 2071 Τὸν
2286 2021 2394 2088 γὰρ
2421 2021 2552 2088 ἐμὸν
2578 2023 2890 2104 ἀφελομένη
2915 2026 3026 2093 (14)
3053 2045 3119 2093 με
3145 2023 3439 2109 θησαυρὸν,

1864 2112 1962 2180 τὴν
1988 2112 2158 2180 μόνην
2187 2111 2246 2162 ὲν
2271 2115 2388 2174 ταῖς
2411 2114 2858 2181 συμπιπτούσαις
2879 2119 3055 2178 ἀνίαις
3085 2117 3436 2189 θυμηρεστά·

1862 2220 1964 2268 την
2009 2203 2360 2272 παραψυχὴν,
2418 2205 2506 2257 τὸν
2566 2207 2773 2273 γλυκὺν
2806 2209 2898 2259 καὶ
2955 2210 3084 2260 ἰδεῖν
3126 2199 3216 2262 καὶ
3265 2213 3440 2264 εἰπεῖν

185 2292 640 2362 κονομησάμεθα,
683 2293 771 2356 ἵν’,
823 2294 915 2345 ἐπὶ
947 2292 1055 2344 τῶν
1089 2292 1434 2360 γραμμάτων
1467 2293 1566 2361 τὴν
1595 2292 1764 2360 ,ἰσχὺν
1860 2292 2301 2359 Τραπεζοῦντος,
2324 2293 2496 2346 ἔπειθ’
2519 2291 2629 2346 οἷον
2650 2297 2715 2348 ἐκ
2749 2299 3062 2365 μεταμέλου
3098 2301 3321 2362 συκίνας
3349 2319 3439 2369 μοι

183 2383 288 2436 τοῦ
334 2382 694 2452 ηγχάσοντος
723 2383 991 2445 κενώσας,
1047 2382 1164 2451 μεθ’
1189 2383 1410 2452 ἥττονος
1442 2385 1573 2453 ἡμῖν
1606 2384 1764 2435 αὐτος

193 2474 536 2541 προσωπέῃς
566 2469 677 2542 (10)
706 2471 800 2523 τοῦ
832 2471 1089 2540 γέλωτος.
1123 2472 1393 2540 Ἐρῤωοο.

231 2557 515 2624 (In—Td»
538 2561 945 2626 μητροπολίτῃ
987 2558 1094 2612 τοῦ
1130 2557 1562 2634 Τραπεζοῦντος
1587 2558 1720 2627 (Η).

266 2648 358 2712 Τίς
385 2649 500 2718 είμι
523 2652 614 2701 καὶ
642 2647 824 2711 τίνων,
845 2649 956 2717 ἱερέ
981 2665 1082 2717 μου
1111 2650 1206 2700 καὶ
1232 2647 1473 2702 θειότατε
1495 2649 1755 2713 δέσποτα,

183 2836 401 2909 quidem
436 2834 546 2886 dixi
584 2823 687 2886 non
744 2839 802 2886 ut
841 2833 1023 2901 justus
1061 2835 1150 2901 qui
1181 2841 1257 2885 est
1306 2833 1455 2886 initio
1507 2836 1783 2893 sermonis,

1866 2380 2070 2441 ταύτας
2120 2382 2476 2448 παραμυθίας
2537 2385 2888 2452 ἐπιτεχνᾶται
2948 2388 3045 2454 τῆς
3115 2390 3438 2455 συμφορᾶς;

1869 2473 2276 2541 παραπλήσιον,
2312 2473 2500 2542 ὥσπερ
2530 2473 2583 2526 εἴ
2601 2477 2684 2536 τίς
2735 2493 2835 2545 μου
2869 2477 3126 2546 ἐξορύξας
3148 2480 3315 2545 ἄμφω
3362 2477 3440 2529 τὼ

1870 2561 2155 2628 ὀφθαλμὼ,
2207 2564 2236 2630 ἢ
2295 2565 2734 2632 ἐκκρουσάμενος
2795 2567 2921 2628 τοὺς
2972 2567 3210 2629 ὀδόντας,
3249 2568 3439 2620 ἔπειτα

1874 2653 2202 2720 κοινωνῆσαέ
2253 2656 2301 2706 οἱ
2357 2655 2506 2707 ἁλῶν
2535 2656 2688 2724 ἠξίου
2721 2659 2813 2711 καί
2849 2657 3061 2720 ὕδατος.
3114 2659 3179 2710 Τί
3214 2676 3306 2728 μοι
3331 2657 3438 2710 τῶν
3515 2651 3543 2712 λ

1867 2842 1923 2887 ut
1957 2835 2146 2905 dignus
2176 2833 2216 2888 α’
2244 2845 2293 2887 te
2319 2836 2519 2889 habear
2547 2840 2802 2892 memoria
2829 2847 2920 2892 tua
2951 2837 3250 2908 litterisque
3305 2844 3432 2904 tuis,

186 2932 472 2998 accusator
498 2921 580 2975 sui
609 2921 651 2985 ‘,
678 2921 768 2974 sed
785 2921 947 2975 veluti
977 2922 1168 2974 ducum
1202 2921 1564 2990 gloriosissimi
1598 2925 1686 2991 qui
1719 2923 1764 2976 si
1792 2933 1832 2989 ρ
1869 2925 2056 2980 litteris
2091 2927 2196 2980 illis
2227 2928 2573 2981 sanctioribus
2593 2947 2752 2998 quam
2787 2931 3009 2982 oracula
3046 2929 3363 2999 Delphorum
3389 2939 3436 2983 et

183 3015 296 3081 ipsi
325 3012 535 3083 quidem
564 3013 776 3064 vincant
804 3015 973 3064 hostes
1015 3014 1294 3075 occidunt;
1330 3013 1452 3065 victi
1472 3029 1615 3076 vero,
1661 3029 1776 3065 non,

188 3107 264 3160 ab
292 3104 400 3158 illis
426 3105 587 3157 occidi
613 3105 893 3169 sustinent,
930 3106 1040 3166 sed,
1068 3106 1303 3173 proprios
1325 3120 1470 3158 enses
1491 3105 1546 3157 in
1567 3106 1764 3158 viscera

186 3197 488 3266 adigentes,
535 3192 617 3247 vel
663 3193 830 3246 aliam
869 3196 1102 3262 corporis
1153 3203 1360 3260 partem
1389 3194 1654 3262 ferientes,
1711 3210 1764 3247 se

184 3290 335 3356 ipsos
364 3287 726 3354 interﬁciunt;
773 3301 878 3340 non
908 3289 1052 3356 passi
1075 3287 1347 3340 inimicam
1399 3304 1618 3341 manum
1656 3286 1768 3355 glo-

183 3381 334 3433 riari
387 3394 532 3448 posse
575 3377 874 3447 praecidisse
931 3394 1114 3432 eorum
1192 3386 1374 3444 caput.
1419 3378 1570 3432 Tales
1619 3379 1766 3446 {uere

181 3470 351 3534 Cato,
382 3470 579 3522 Brutus
613 3477 663 3521 et
684 3468 917 3521 Cassius.
953 3468 1043 3524 Sic
1091 3479 1139 3521 et
1165 3470 1308 3538 ipse;
1361 3468 1524 3522 donec
1578 3485 1764 3536 corpus

183 3556 383 3624 ualuit,
411 3556 662 3626 capillum
697 3557 920 3610 delicate
959 3559 1200 3625 discrevi,
1233 3569 1280 3612 et
1302 3574 1495 3611 ornare
1545 3560 1763 3613 barbam

186 3649 312 3704 alui
337 3660 530 3714 mento,
585 3665 690 3704 non
737 3648 1104 3719 philosophice,
1159 3656 1242 3702 eos
1290 3650 1621 3702 subsannans
1672 3652 1764 3718 qui

183 3745 254 3797 in
276 3744 371 3797 hoc
396 3732 636 3798 aversam
680 3741 950 3809 fortunam
1011 3742 1214 3810 experti
1253 3748 1429 3794 erant.
1462 3741 1626 3796 Nemo
1656 3740 1772 3796 cal-.

182 3851 291 3889 vus
319 3842 440 3888 erat
459 3835 550 3904 qui
577 3848 657 3886 me
687 3832 862 3886 videns
904 3839 1013 3885 non'
1059 3834 1240 3885 statim
1283 3841 1553 3894 astuaret,
1585 3831 1764 3884 nullus

189 3925 445 3978 inornata
507 3921 667 3974 barba
689 3923 778 3988 qui
804 3923 856 3974 in
894 3937 976 3973 me
1001 3920 1234 3973 incidens
1276 3937 1377 3973 non
1424 3929 1764 3990 praeoptasset

187 4013 393 4068 hiscere
419 4019 638 4064 terram.
672 4007 831 4061 Nunc
865 4026 984 4062 vero
1025 4011 1078 4062 in
1106 4025 1187 4062 me
1221 4011 1314 4062 hoc
1339 4009 1600 4062 irrisionis
1633 4025 1763 4077 pon-

185 4105 321 4156 dere
342 4101 595 4155 inclinato
611 4115 714 4154 non
744 4109 982 4168 exspecto
1010 4116 1073 4153 ex
1104 4097 1226 4153 aliis
1255 4100 1696 4153 subsannationes
1715 4108 1764 4151 et

184 4195 386 4264 probra
408 4208 427 4256 ;
456 4207 535 4243 me
557 4192 666 4260 ipse
680 4187 874 4242 ’accusd
902 4198 1145 4241 etmeam
1173 4190 1456 4256 producere
1477 4188 1763 4242 volentibus

1874 3016 2097 3086 Pythice,
2129 3019 2301 3070 aureis
2328 3022 2487 3072 etiam
2524 3023 2691 3088 magis
2724 3037 2882 3088 quam
2917 3022 3022 3072 sint
3055 3036 3222 3072 aurea
3253 3033 3436 3072 vocata

1881 3108 2200 3179 Pythagora:
2225 3110 2404 3174 verba,
2435 3112 2604 3179 magis
2628 3114 2787 3163 etiam
2823 3113 3053 3173 musicis,
3090 3127 3247 3172 quam
3287 3112 3428 3179 fabu-

1876 3198 1941 3251 lis
2000 3194 2372 3266 perhibeantur
2419 3198 2526 3250 illa:
2561 3196 2871 3252 Sirenarum
2923 3211 3099 3267 atque,
3135 3193 3190 3250 ut
3238 3200 3437 3252 Psalmi

1871 3289 2036 3343 verbis
2074 3289 2278 3358 loquar,
2316 3287 2631 3340 dulcioribus
2659 3305 2816 3357 super
2849 3289 2952 3341 mel
2975 3299 3023 3341 et
3053 3291 3230 3360 favum
3256 3293 3312 3354 ';
3346 3294 3436 3345 sed

1875 3378 1979 3432 mel
2029 3378 2281 3447 Hymetti,
2339 3378 2513 3445 {avum
2568 3395 2686 3430 vero
2747 3379 3112 3447 Trapezuntis.
3195 3380 3436 3449 Profecto

1874 3469 2222 3536 temperantia
2273 3476 2439 3519 tecum
2483 3467 2704 3521 educata
2741 3478 2820 3520 est
2866 3471 3147 3536 crevitque,
3191 3480 3236 3522 et
3266 3475 3436 3524 senuit

1874 3567 2041 3610 tecum
2076 3556 2372 3626 benignitas
2394 3597 2407 3618 ,
2443 3565 2589 3626 teque
2615 3561 2779 3627 coegit
2810 3560 2879 3611 ad
2913 3577 3001 3612 nos
3027 3576 3190 3628 usque
3228 3560 3434 3612 litteru—

1874 3663 1991 3700 rum
2023 3655 2288 3714 aspectum
2317 3649 2635 3717 extendere.
2673 3647 2783 3700 Tibi
2820 3650 2980 3716 igitur
3026 3649 3249 3702 muitam
3281 3653 3435 3703 debeo

1873 3737 2108 3805 gratiam
2143 3749 2189 3788 et
2231 3734 2593 3788 sexcentarum
2649 3736 2877 3789 aliorum
2927 3737 3313 3803 beneﬁciorum,
3348 3750 3434 3790 at-

1874 3841 1975 3893 que
2029 3826 2214 3878 horum
2277 3841 2379 3877 non
2445 3827 2720 3879 minorem.
2755 3825 3020 3894 Trapezus
3058 3843 3178 3881 tero
3202 3832 3434 3883 omnium

1873 3932 1967 3984 per
2020 3923 2069 3967 te
2123 3914 2425 3983 felicissima
2470 3917 2656 3969 civitas
2692 3934 2785 3968 cur
2811 3935 2929 3970 suos
2973 3936 3160 3996 aureos
3199 3938 3436 3975 nummos

1841 4008 2002 4066 ,mihi
2051 4024 2212 4060 manu
2271 4016 2361 4060 tua
2403 4009 2583 4064 misit?
2633 4009 2884 4063 Fwdusne
2943 4028 3140 4064 mecum
3195 4029 3287 4074 per
3327 4017 3437 4067 ha-c

1873 4096 2136 4150 molitur?
2172 4096 2288 4150 Non
2312 4101 2406 4151 hoc
2471 4103 2649 4167 patiar
2701 4102 2800 4155 etsi
2853 4119 2992 4154 mors
3022 4104 3288 4155 subeunda
3340 4109 3426 4158 sit.

1871 4187 2062 4241 Norint
2101 4189 2270 4241 stellae
2319 4205 2496 4258 omnes
2532 4198 2580 4242 et
2609 4192 2888 4246 stellarum
2927 4210 3018 4246 rex
3043 4196 3142 4247 sol.
3182 4196 3358 4264 Neque
3393 4200 3437 4250 si

189 4283 494 4335 irrisionem
520 4282 742 4350 praebeo.
776 4278 1055 4348 Synesium
1082 4280 1304 4348 quidem
1337 4281 1456 4333 novi
1500 4279 1759 4332 calvitiem
1794 4275 1838 4327 D
1865 4279 1992 4334 mihi
2029 4279 2218 4333 lateres
2254 4298 2431 4335 omnes
2464 4299 2652 4336 aureos
2689 4292 2860 4353 portet
2891 4295 2946 4337 ut
2995 4284 3182 4356 Pythio
3229 4289 3438 4356 Apolli-

191 4371 440 4423 laudibus
496 4376 807 4432 ornantem;
834 4380 881 4421 et
904 4369 1189 4421 Iulianum
1226 4385 1328 4420 non
1380 4369 1564 4438 ignoro
1611 4384 1764 4437 suam

191 4477 292 4532 per
312 4459 663 4528 vituperantis
689 4459 911 4528 speciem
939 4459 1158 4512 barbam
1197 4459 1463 4512 laudasse.
1522 4459 1628 4512 Cur
1661 4459 1764 4511 ista

191 4554 373 4607 rides?
399 4552 588 4604 Ridens
621 4559 875 4621 quantum
924 4549 1044 4602 libet
1071 4548 1347 4616 epistolam
1376 4551 1533 4602 istam
1576 4559 1626 4601 et
1676 4565 1767 4602 ca-

193 4644 478 4695 chinneris.
517 4639 642 4693 Haec
669 4656 760 4691 nos
805 4654 908 4689 non
937 4638 1088 4706 longe
1122 4657 1152 4690 a
1193 4637 1518 4706 philosophia
1559 4638 1766 4706 excogi-

193 4733 443 4794 tavimus,
464 4740 519 4787 ut
547 4748 703 4798 super
726 4730 910 4783 litteris
946 4732 1174 4782 acriores
1200 4732 1514 4784 exhauriens
1545 4729 1761 4782 cachin-

193 4817 290 4879 nos
322 4826 493 4877 minus
516 4831 794 4893 praesentes
817 4821 1010 4874 rideas.
1050 4819 1200 4873 Vale.
1260 4829 1262 4831 '
1357 4835 1363 4842 '

309 4914 398 4968 Vl.
434 4944 502 4953 —
528 4913 806 4984 Ejusdem.
854 4912 1215 4979 metropolitze
1252 4911 1638 4982 Trapezuntis.

274 5004 398 5070 Quis
425 5022 517 5076 eao
548 5005 820 5058 aualisaue
861 5019 1002 5058 sum.
1044 5019 1194 5056 sacer
1227 5012 1276 5055 et
1320 5005 1495 5059 divine
1526 5007 1736 5062 domine

274 5166 295 5197 ⁸
316 5165 476 5219 Prov.
513 5179 660 5228 mu,
691 5163 776 5216 ΓΙ.
861 5163 881 5193 ⁷
913 5163 1057 5217 Psal.
1088 5177 1242 5222 mu,
1274 5164 1360 5216 11.

277 5315 350 5384 t9)
377 5312 731 5386 Lazcrus,ib;_
751 5312 816 5365 ἂν
835 5313 929 5381 οὐχ
960 5309 1069 5374 οἷός
1091 5329 1150 5364 τε
1179 5307 1246 5383 ᾗς
1272 5313 1366 5363 ἐπὶ
1389 5312 1486 5383 τῆς
1506 5317 1753 5386 γραφῆς,

201 5383 378 5441 ταῦτα
410 5388 538 5452 γὰρ,
565 5401 616 5435 κ.
650 5383 767 5436 τ.λ.
793 5386 935 5450 quod
977 5399 1140 5453 sensu
1176 5395 1370 5437 caret.‘
1401 5445 1409 5453 _

278 5456 388 5519 (i0)
417 5453 668 5520 Lazarus,
719 5452 1168 5520 αὐτοπροσωποίη
1179 5470 1282 5504 σιν.

281 5517 388 5596 (ιι)
416 5517 544 5577 Vide
577 5521 776 5577 Orient.
800 5517 1016 5590 Christ.,
1060 5531 1101 5576 ι.
1139 5517 1179 5589 Ι,
1207 5523 1313 5577 col.
1338 5522 1430 5577 5U
1473 5532 1539 5579 οι-
1568 5521 1691 5579 512.

1875 4373 1928 4425 ni
1979 4372 2163 4425 dicunt
2217 4372 2416 4439 tulisse.
2445 4374 2702 4428 Croesum.
2753 4375 2898 4429 Meus
2929 4379 3016 4444 qui
3047 4394 3128 4429 me
3147 4378 3297 4446 juvat
3324 4382 3436 4430 the-

1872 4477 2060 4514 saurus
2089 4461 2205 4514 sola
2245 4478 2326 4514 me
2368 4464 2666 4518 demulcens
2698 4468 2753 4519 in
2798 4469 3140 4535 prarsentibus
3177 4472 3438 4538 angustiis

1870 4550 2160 4605 consolatio
2211 4564 2308 4616 est,
2351 4554 2557 4608 dulcem
2588 4557 2760 4611 videre
2812 4570 2860 4611 et
2896 4559 3098 4629 alloqui
3131 4559 3434 4628 Trapezun-

1872 4644 2024 4694 tium.
2059 4641 2261 4695 Deinde
2307 4643 2492 4712 quales
2532 4646 2693 4699 veluti
2741 4651 3043 4718 paenitentia
3079 4655 3235 4704 ducta
3270 4669 3436 4704 vanas

1871 4734 1998 4786 mihi
2027 4736 2406 4802 consolationes
2445 4738 2601 4807 hujus
2633 4739 2955 4794 calamitatis
2995 4751 3244 4809 apparat.
3280 4742 3438 4797 Simi-

1871 4824 1995 4876 liter
2038 4825 2166 4893 facit
2213 4843 2278 4878 ac
2321 4827 2367 4880 si
2416 4815 2530 4895 quis
2561 4838 2840 4899 postquam
2883 4833 3062 4886 ambos
3100 4835 3228 4886 mihi
3260 4835 3435 4886 oculos

1866 4917 2001 4969 eruit
2036 4917 2316 4987 dentesque
2353 4922 2637 4990 perfregit,
2669 4923 2852 4976 deinde
2902 4926 3028 4979 mihi
3077 4943 3249 4979 secum
3301 4942 3438 4978 com-

1867 5024 2080 5062 munem
2129 5026 2236 5064 esse
2275 5014 2569 5068 convictum
2625 5015 2766 5070 velit.
2805 5015 2944 5080 Quid
2996 5019 3122 5072 mihi
3159 5034 3274 5072 cum
3331 5024 3434 5072 tuis

1935 5313 2047 5382 (ιὲ)
2085 5274 2212 5368 Lai.
2254 5314 2538 5382 πείσομαι.

1957 5385 2041 5460 i5)
2073 5383 2262 5460 Later.
2297 5386 2376 5447 εἴς
2411 5393 2480 5452 γ’.
2526 5386 2684 5442 Cont‘.
2731 5387 2972 5456 "omen,
3022 5391 3181 5460 Iliutl.
3227 5395 3288 5457 Φ,
3341 5393 3434 5448 lib.

1858 5453 1998 5513 XXI.
2026 5471 2076 5508 ν.
2105 5455 2196 5507 48.

1946 5525 2059 5596 (14)
2082 5524 2270 5580 Lazer.
2308 5524 2410 5596 leg.
2446 5526 2790 5598 ὠφελομένη.
