4002 6332
766 276 900 342 1327
1951 275 2054 334 ΤΗ
2065 271 2346 338 EODORI

1951 275 2054 334 ΤΠ
2065 271 2348 338 EODORI
2386 266 2791 333 PRODROMI

2361 391 2405 443 Α
2436 374 2548 451 Τῆς
2581 381 2818 445 δουλίδος
2851 378 2962 448 γάρ
2992 378 3205 450 μωρίας
3239 372 3515 455 ξυνεργία

837 397 933 456 Τίς
960 393 1053 449 τοῦ
1089 393 1308 464 σιδήρου
1342 394 1437 462 τὴν
1469 391 1690 446 ἅπασαν
1717 388 1908 443 ουσίαν

766 488 970 556 Δούλην
1003 487 1236 557 καθιστᾷ
1268 487 1366 556 τῆς
1398 482 1733 555 μαγνήτιδος
1757 481 1946 544 Mean;

769 580 935 632 Οὐδέν
965 596 1045 631 τοι
1071 577 1284 640 πάντως
1318 576 1448 629 ἄλλο
1477 573 1663 636 Φιλίας
1701 572 1846 642 δίχα.

784 671 939 740 Ἰἰμοὶ
962 673 1023 724 τὸ
1045 672 1152 724 πᾶν
1186 670 1274 740 ζῇ,
1309 668 1402 722 καὶ
1433 659 1745 738 κρατεῖται,
1781 663 1874 717 καὶ
1917 663 2088 731 μένει.

843 767 996 818 Εἴπω
1029 763 1089 816 τὸ
1122 763 1336 833 μεῖζον,
1377 761 1472 814 καὶ
1503 758 1711 826 σιγάτω
1744 758 1850 820 πᾶς
1875 755 2055 824 λόγος.

784 857 928 926 Ἐγὼ
958 858 1090 910 Θεὸν
1124 856 1214 908 τὸν
1241 855 1392 918 ὅντα,
1422 852 1516 904 τὸν
1550 847 1954 919 παντεργάτην,

773 954 846 1005 Τὸ
872 951 1082 1020 Πατρὸς
1112 946 1518 1025 ὲκσφράγισμα,
1541 943 1634 997 τὸν
1659 941 1834 1010 μέγαν
1864 940 2060 1006 Λόγον,

775 1047 849 1100 To
878 1042 1141 1113 παμφαὲς
1168 1039 1304 1108 φῶς,
1333 1039 1431 1106 τὴν
1464 1031 1733 1106 ὑπέρθεον
1758 1034 1943 1102 φύσιν,

777 1137 882 1189 Τὸν
911 1135 1143 1204 ἄχρονον
1171 1119 1316 1195 νοῦν,
1351 1130 1448 1200 τὴν
1479 1125 1815 1198 χρονουργδν
1838 1123 2051 1183 οὐσίαν,

791 1202 999 1281 mea;
1032 1224 1228 1276 ἔπεισα
1266 1221 1431 1290 μέχρι
1461 1221 1566 1294 γῆς
1594 1217 1693 1271 καὶ
1723 1215 1832 1269 τῶν
1862 1213 2030 1273 κάτω,
2128 1202 2131 1203 ν

699 1341 702 1344 ’
784 1323 890 1374 Καὶ
918 1319 1018 1389 τὴν
1047 1315 1299 1384 παθητὴν
1330 1309 1661 1381 προσλαϐεῖν
1695 1308 1827 1376 ὃλην
1861 1307 2045 1373 φύσιν,

783 1415 888 1469 Καὶ
921 1407 1239 1478 σωματικὴν
1273 1404 1560 1472 ὲνδυθῆναι
1602 1398 1917 1470 πορφύραν,

794 1508 888 1558 Ἐκ
920 1501 1271 1574 παρθενικῶν
1295 1499 1550 1568 αἱμάτων
1580 1493 1927 1561 ὑφασμένην,

787 1601 1005 1661 Παθεῖν,
1042 1597 1245 1656 θανεῖν,
1272 1592 1403 1662 φεῦὶ
1454 1591 1554 1659 τῆς
1582 1586 1853 1655 τοσαύτης
1891 1584 2136 1652 ἀγάπης,

784 1695 861 1747 Δι’
888 1689 952 1760 ἧς
980 1689 1235 1744 τοσοῦτον
1265 1683 1447 1756 ἔργον,
1486 1682 1531 1736 ὣ
1566 1682 1792 1753 φίλτρου
1827 1678 2016 1746 given!

786 1787 860 1839 Δι’
890 1785 917 1837 ὃ
945 1781 1212 1854 χρονικῶς
1245 1779 1506 1851 μίγνυται
1539 1775 1617 1846 τῷ
1650 1772 1882 1844 σαρκίῳ,

796 1878 855 1930 '0
891 1873 1159 1945 κυριεύων
1193 1870 1291 1922 καὶ
1309 1869 1502 1938 χρόνου
1533 1865 1627 1918 καὶ
1656 1863 1916 1931 σαρκίου·

789 1971 896 2021 Καὶ
923 1963 1216 2031 συνανιστᾷ
1245 1961 1346 2030 τὴν
1374 1957 1648 2013 πεσοῦσαν
1683 1953 1893 2015 εἰκόνα,

799 2059 888 2110 Ἐν
920 2056 998 2125 τῷ
1027 2053 1150 2108 καθ’
1180 2050 1348 2106 αὑτὸν
1380 2043 1768 2117 ἁναχωνεύσας
1795 2042 1979 2096 πάθει.

861 2146 1099 2199 Τοιαῦτα
1126 2142 1277 2212 τάμὰ
1315 2141 1454 2209 πρὸς
1482 2136 1708 2208 βροτοὺς
1739 2134 1897 2204 ἔργα,
1932 2133 2072 2198 ξένε.

791 2239 1033 2294 Τοιαῦτά
1064 2253 1166 2308 μου
1193 2235 1262 2288 τὰ
1295 2234 1445 2302 δῶρα
1473 2229 1543 2283 τά
1571 2228 1706 2296 πρὸς
1741 2226 1835 2279 τὸν
1867 2225 2006 2295 βίον.

807 2331 946 2386 Ἀλλ’
974 2333 1053 2392 εἰς
1083 2327 1314 2397 νεκροὺς
1339 2325 1408 2377 τὰ
1438 2322 1588 2392 μῦρκ
1625 2321 1726 2387 τῆς
1751 2317 2080 2386 παροιμίας,

804 2425 946 2479 Ἀλλ’
977 2426 1058 2485 είς
1085 2421 1241 2482 ὅνους
1270 2419 1304 2488 ὴ
1338 2415 1481 2484 λύρα
1512 2413 1638 2475 τοὺς
1667 2409 2014 2480 κανθηλίους.

807 2516 1128 2570 Ἐλάνθανον
1151 2511 1261 2581 γὰρ
1288 2507 1571 2580 ἀχαρίστῳ
1596 2503 1878 2576 δραπέτην

799 2609 969 2676 Ὅλην
1002 2601 1247 2674 ἐμαυτὴν
1282 2597 1567 2668 ἐκδιδοῦσα
1607 2595 1685 2663 τῷ
1719 2595 1843 2665 βίῳ,

806 2705 903 2763 Ὃς
935 2701 1032 2768 τὴν
1064 2696 1200 2765 ἐμὴν
1236 2695 1334 2761 μὲν
1364 2691 1547 2744 ἀθετεῖ
1590 2686 1879 2741 συνουσίαν

801 2791 1042 2851 Δείλαιος
1072 2786 1302 2856 ἀνδρῶν,
1340 2782 1416 2843 τίς
1444 2779 1488 2832 δ’
1520 2779 1719 2846 ἀγεννῆ
1760 2776 2030 2846 μαχλάδα,

805 2885 1048 2953 Ἐχθρκν
1082 2875 1330 2941 καλοῦσι,
1359 2874 1458 2943 τὴν
1489 2867 1793 2925 ἀτάσθαλον
1819 2867 1999 2938 ρὲπει.

801 3112 933 3167 Cum
964 3106 1031 3161 sit
1069 3100 1294 3157 marinis
1325 3110 1529 3166 semper
1549 3091 1810 3148 innutrita
1840 3087 2029 3160 aquis?
2075 3166 2077 3169 ι

803 3203 959 3257 lubet
1001 3213 1173 3260 amor,
1205 3203 1360 3249 extra
1396 3188 1630 3246 Thetidis
1654 3197 1711 3241 ut
1737 3185 1870 3252 ﬁnes
1898 3193 2002 3246 eat,

806 3298 1053 3365 Novoque
1079 3293 1243 3345 discat
1278 3303 1334 3341 se
1373 3286 1594 3340 sinuare
1622 3280 1819 3335 littore.

879 3382 1141 3453 Magnetis
1177 3377 1246 3431 ad
1279 3383 1468 3430 nutum
1500 3370 1694 3442 lapidis
1729 3367 2094 3436 ﬁrmissimum

805 3477 935 3541 Qua:
963 3490 1124 3527 causa
1163 3469 1364 3537 ferrum
1391 3478 1575 3534 cogere
1603 3467 1771 3532 potest
1798 3457 2000 3514 attrahi
2020 3457 2045 3507 ?

808 3568 924 3620 Non
959 3566 1068 3618 alia
1109 3576 1259 3623 sane,
1291 3574 1450 3630 quam
1491 3556 1662 3609 tatem
1686 3551 1987 3607 concordia.

808 3656 945 3719 Quid
979 3653 1145 3707 multa
1171 3652 1195 3704 7
1225 3649 1422 3703 Rerum
1456 3643 1713 3717 quidquid
1739 3651 1814 3698 est
1839 3641 2020 3712 quovis
2048 3637 2159 3690 loco

812 3747 870 3798 ld
908 3747 1031 3798 vivit
1073 3744 1127 3795 in
1163 3757 1264 3802 me,
1298 3740 1615 3800 continetur,
1648 3746 1696 3789 et
1729 3742 1930 3789 manet.

885 3838 1099 3904 Majora
1134 3838 1330 3894 dicam,
1361 3835 1500 3886 ratio
1531 3832 1739 3900 captiva
1777 3829 1953 3881 sileat.

815 3930 932 3994 Ipsa
965 3941 1058 3993 ego
1094 3924 1276 3982 Deum,
1307 3922 1396 3989 qui
1421 3929 1609 3974 cuncta
1635 3918 1892 3977 condidit,
1924 3914 2101 3968 Patris

816 4019 1122 4086 Imaginem,
1157 4004 1477 4087 Verbumgue
1510 4005 1856 4077 noneﬂ‘abile,

816 4109 1162 4165 Purissimam
1190 4103 1377 4168 lucem,
1409 4115 1710 4170 supremam
1739 4100 2037 4158 essentiam,

816 4205 1037 4258 Mentem
1071 4203 1181 4253 sine
1201 4208 1451 4267 tempore,
1479 4196 1567 4249 sed
1598 4194 1835 4263 opiﬁcem
1866 4195 2138 4262 temporis,

817 4292 1136 4349 Descendere
1164 4307 1325 4343 causa
1356 4306 1437 4342 res
1464 4289 1532 4340 ad
1564 4289 1827 4341 humanas
1860 4287 1957 4353 fui,

820 4388 887 4440 Et
912 4381 1184 4454 possibilia
1209 4380 1440 4432 membra
1466 4377 1795 4429 circumdare
1821 4375 1940 4436 sibi,

819 4476 1190 4545 Fragilemque
1221 4470 1452 4536 corporis
1481 4465 1659 4520 subire
1688 4481 2006 4535 purpuram,

821 4565 945 4629 Qua:
971 4566 1135 4617 tincta
1171 4577 1300 4632 puro
1332 4557 1547 4628 virginis
1575 4564 1691 4609 erat
1718 4555 1995 4624 sanguine,

824 4654 1055 4721 Denique
1079 4655 1210 4715 pati,
1234 4650 1488 4720 morique.
1523 4647 1662 4701 Proh
1692 4655 1923 4718 quantus
1945 4645 2042 4714 fuit

824 4748 986 4801 Amor
1019 4747 1135 4805 iste,
1168 4754 1423 4812 quantum
1457 4743 1688 4812 facinus,
1719 4749 1767 4793 et
1793 4740 2021 4804 dilectio,

829 4833 906 4887 Ob
938 4848 1094 4898 quant
1127 4841 1375 4900 gravatus
1409 4831 1543 4885 mole
1574 4848 1677 4884 non
1698 4839 1772 4885 est
1807 4845 1996 4882 carnea

826 4925 1047 4978 Indutus
1080 4936 1234 4988 agere
1265 4929 1464 4984 tempus
1493 4920 1708 4989 aliquod
1739 4923 1791 4973 in
1823 4918 1957 4980 solo,

830 5013 933 5075 Qui
959 5012 1133 5064 carnis
1167 5008 1332 5061 omnis
1360 5019 1429 5060 est
1465 5008 1717 5062 Dominus
1739 5022 1785 5062 et
1815 5009 2080 5077 temporis.

830 5101 932 5154 Sic.
964 5103 1038 5155 sic
1068 5099 1275 5167 reﬁcere
1310 5097 1471 5151 voluit
1503 5099 1756 5152 abolitam
1789 5099 1880 5151 Dei

836 5192 1128 5263 Imaginem
1155 5195 1209 5244 in
1244 5192 1408 5254 nobis,
1441 5205 1729 5258 novamque
1756 5193 1819 5241 de
1845 5192 2045 5258 integro

833 5282 1141 5350 lmprimere
1169 5282 1349 5334 mortis
1379 5295 1472 5348 per
1499 5293 1608 5330 sua:
1641 5279 1990 5344 signaculum.

837 5372 964 5425 lla'c
996 5383 1144 5425 tanta
1179 5373 1371 5424 mundo
1405 5371 1592 5423 merita
1621 5377 1810 5420 cuncta
1839 5373 2057 5423 contuli.

840 5461 1055 5525 Verum,
1089 5465 1226 5532 quod
1253 5465 1423 5524 aiunt,
1459 5469 1689 5513 mortuos
1722 5460 1992 5527 inungere,

831 5554 1178 5623 Accinereque
1205 5555 1366 5606 asinis
1393 5569 1511 5605 cum
1538 5551 1676 5621 lyra,
1713 5549 1861 5603 labor
1893 5551 2070 5604 irritus
2099 5572 2116 5605 .-

832 5645 918 5699 δίε
947 5646 1060 5715 ipsa
1099 5662 1179 5697 me
1207 5662 1317 5698 meo
1346 5645 1536 5697 marito
1573 5644 1744 5697 nescia

2437 473 2618 545 Αὐτὴν
2649 474 2748 543 μὶν
2781 472 2933 535 ιντὸς
2957 470 3169 538 εἰσάγει
3196 470 3296 540 τῆς
3326 468 3525 530 οίκίας,

2449 565 2630 634 Ἡμᾶς
2651 563 2874 616 τύπτων
2894 562 3104 630 ἐξάγει.
3140 561 3205 614 Ὃ
3242 560 3422 630 νόμοι,
3444 558 3644 626 νόμοιι
3708 613 3712 616 ,

2444 658 2552 710 Καὶ
2580 657 2708 718 τοὺς
2738 653 3017 722 ἀθέσμους
3046 636 3294 706 ούδὶκᾶν
3323 651 3533 721 κλέπτῃ
3560 648 3796 715 γάμους,

2457 748 2603 802 Ἀλλ’
2629 745 2938 814 ἀναφανδὸν
2970 743 3187 797 ἔκτελεί
3214 742 3312 813 τὴν
3338 741 3636 810 αἰσχύνην,

2447 839 2644 895 Καίτοι
2671 838 2779 909 πρδ
2804 838 3020 892 πάντων
3044 833 3255 903 ἀγνοῶν
3289 836 3384 888 καὶ
3413 833 3512 904 τὴν
3554 833 3738 900 θέμιν.

2520 933 2586 986 Τί
2617 931 2858 1002 φλαῦρον
2882 931 3034 1000 ἡμῖν,
3065 927 3206 982 ὥστε
3236 928 3396 981 λῦσαι
3421 929 3511 981 τὸν
3535 929 3741 996 γάμον,

2449 1027 2515 1079 Τί
2540 1025 2584 1077 δ’
2612 1023 2815 1091 ἀγαθὸν
2847 1021 3109 1090 πρόσεστι
3139 1023 3205 1088 τῇ
3245 1021 3538 1089 μοιχαλίδι,

2452 1117 2612 1168 Ὥστε
2643 1114 2776 1183 πρὶς
2803 1112 2974 1182 αύτην
3003 1111 3325 1180 ἀντενίγκαι
3353 1113 3444 1165 τὸν
3483 1111 3687 1174 πόθονς

2452 1209 2515 1263 Ei
2538 1209 2646 1277 γάρ
2677 1225 2744 1279 με
2768 1207 2942 1278 ταύτῃ
2972 1207 3284 1277 συγκρίνειν
3319 1208 3560 1278 βούλοιτό
3590 1225 3700 1271 τις,

2463 1300 2641 1356 Ὀκνῶ
2663 1301 2732 1353 τὰ
2763 1298 2951 1370 κομψά
2982 1300 3194 1369 μέμψιν
3222 1300 3624 1370 εὐλαϐουμένη.
3720 1359 3725 1362 τ

2522 1392 2667 1462 ἐγὼ
2697 1393 2797 1463 μέν
2826 1393 2941 1462 ειμι
2967 1392 3233 1462 χαροπδς,
3261 1393 3469 1462 χρηστὰ
3496 1392 3699 1461 βλέπω,

2452 1485 2565 1540 Καὶ
2598 1483 2788 1550 μειδιῶ
2807 1483 2876 1535 τά
2907 1482 3153 1548 πλείστα,
3189 1485 3282 1537 καὶ
3315 1484 3478 1553 χάριν
3513 1485 3684 1549 πνέω,

2455 1579 2579 1632 Κᾶν
2609 1577 2690 1629 δεῖ
2713 1561 2895 1629 λαλείν
2925 1575 3163 1628 ἐνταῦθα
3194 1575 3471 1646 γλυκύτης
3500 1578 3602 1644 ὅση
3625 1592 3644 1609 ·

2385 1693 2430 1752 Β
2458 1668 2577 1723 Κᾶν
2600 1668 2682 1720 δεῖ
2709 1666 2896 1737 γελᾷν,
2933 1665 3169 1718 ἐνταῦθα
3211 1667 3477 1736 σεμνότης
3507 1669 3630 1736 ὅση,

2470 1757 2561 1810 Ἐν
2594 1757 2936 1825 συμπλοκαῖς
2961 1755 3021 1808 οὑ
3053 1754 3344 1824 μανθάνεις
3372 1756 3499 1819 τοὺς
3529 1757 3846 1819 δακτύλου»,

2472 1850 2562 1902 Ἐν
2593 1848 2706 1908 τοῖς
2737 1845 3024 1916 βαδισμοῖς
3059 1844 3187 1906 τοὺς
3221 1844 3385 1906 πόδας
3407 1845 3451 1898 δ’
3479 1846 3576 1898 οὒκ
3606 1847 3674 1899 ἂν
3702 1848 3906 1915 “eam.

2464 1937 2584 1991 Κᾶν
2610 1935 2705 1989 νῦν
2735 1934 3100 1997 πλακοῦντες,
3141 1933 3236 1986 νῦν
3268 1935 3312 1986 δ’
3344 1933 3472 1996 meq
3499 1935 3742 2003 τρέφωσί
3776 1954 3862 2004 με,

2464 2030 2540 2084 Οὐ
2574 2029 2700 2092 τοὺς
2733 2025 3076 2089 πλακοῦντας
3110 2027 3394 2096 προκρίνω
3426 2026 3534 2078 τῶν
3569 2026 3805 2078 άλάτων.

2473 2122 2567 2176 Ἐν
2594 2123 2708 2184 τοῖς
2737 2118 2967 2186 ἀγαθοῖς
2987 2118 3078 2170 τὸν
3109 2117 3281 2178 πέλας
3307 2117 3505 2186 γοργὸν
3539 2116 3743 2186 βλέπω,

2469 2215 2672 2285 Πάσχω
2700 2205 2758 2265 δῦ
2791 2212 2927 2282 πρὸς
2961 2208 3169 2280 φαῦλόν
3203 2228 3262 2263 τε
3293 2209 3686 2278 ἁμδλυωπίαν.

2484 2306 2773 2378 Ἑναρτίας
2802 2305 3054 2373 πέφευγα
3088 2306 3288 2365 κακίας
3314 2303 3429 2368 δύο,

2472 2396 2586 2467 Τὴν
2623 2395 2937 2465 ὑπόκρισιν,
2972 2394 3065 2448 τόν
3097 2410 3157 2446 τε
3193 2398 3473 2464 πέρπερον
3501 2393 3727 2461 τρόπον.

2557 2488 2721 2559 Ἑμοῦ
2748 2489 2845 2557 μὶν
2877 2482 2973 2540 οὖν
2998 2487 3258 2552 τοσαῦτα,
3297 2487 3397 2556 τῆς
3424 2487 3469 2539 δ’
3495 2485 3701 2556 ἔχθρας
3729 2485 3876 2546 τίνας

2469 2583 2657 2637 Φάνιον
2693 2575 2856 2651 αἷμα,
2884 2583 3068 2652 χεῖρες
3093 2579 3480 2652 ⁴ᾑματωμένω,

2471 2677 2767 2745 ’Υπωχρος
2798 2672 2942 2741 ὄψις,
2975 2673 3373 2742 ἐκτετηγμέναι
3405 2671 3620 2740 γνάθοι,

2473 2767 2633 2834 Φωνὴ
2655 2767 2908 2834 τραχεῖα,
2934 2764 3210 2832 βάρὸαρος
3236 2764 3292 2816 δὲ
3322 2765 3383 2816 τὸ
3423 2764 3612 2825 πλέον,

2476 2859 2748 2926 Ἀσεμνος
2782 2853 2963 2924 ὕϐρις,
3001 2853 3174 2922 ἅλμα,
3209 2853 3453 2921 κραυγὴ,
3485 2852 3651 2922 θροῦς
3680 2855 3827 2914 ὅσος.

2402 3081 2450 3148 (ἶ
2483 3102 2665 3156 Totam
2694 3101 2885 3161 dicavi,
2917 3108 2965 3154 et
2993 3100 3193 3153 tradidi
3213 3098 3592 3170 ingratissimo,

2482 3191 2584 3255 Qui
2612 3191 2808 3244 stultus
2839 3199 2886 3242 et
2915 3191 3078 3242 miser
3103 3206 3274 3243 meum
3304 3193 3627 3258 contemptui

2484 3281 2800 3351 Conjngium
2831 3280 3005 3344 habet,
3039 3290 3373 3349 scortumque
3401 3282 3684 3343 pessimum
3719 3282 3816 3335 sibi

2484 3369 2654 3439 Cepit.
2688 3367 2978 3424 lnimicitia
3015 3381 3232 3423 vocatur
3262 3370 3494 3423 nomine.

2491 3461 2618 3516 lla'c
2650 3463 2898 3531 recipitur
2927 3478 3022 3530 ope
3057 3460 3400 3530 consiliisque
3427 3461 3670 3528 famular,

2485 3553 2583 3608 Cui
2613 3570 2796 3608 nomen
2825 3563 2901 3607 est
2927 3552 3190 3617 Stultitia,
3218 3569 3310 3606 nos
3333 3553 3673 3621 expeltimur.

2490 3643 2624 3696 Proh
2646 3644 2902 3696 dedecus‘!
2931 3659 2961 3696 ο
2988 3643 3148 3712 leges,
3178 3643 3422 3698 scelestas
3451 3645 3656 3714 publice

2502 3735 2592 3787 Vir
2621 3735 2853 3800 nuptias.
2895 3743 2988 3807 aut
3007 3735 3185 3788 verius
3216 3737 3361 3804 nefas
3386 3736 3563 3788 habet.

2493 3825 2646 3879 Nihil
2670 3835 2897 3888 veretur,
2927 3825 3206 3895 impudens
3241 3827 3445 3895 {actum
3473 3841 3640 3893 neque

2491 3921 2660 3985 Colat,
2693 3937 2784 3975 nec
2817 3919 2928 3974 utla
2958 3919 3114 3989 jura,
3145 3922 3228 3988 [as
3262 3919 3463 3972 nullum
3496 3927 3654 3971 tenet.

2567 4013 2718 4078 Quod
2745 4015 2944 4066 crimen
2972 4010 3029 4065 in
3056 4024 3135 4064 me
3160 4019 3261 4073 est,
3288 4011 3428 4082 quod
3460 4009 3646 4079 repelli
3674 4009 3888 4065 debeam
3912 4008 3930 4060 i

2491 4103 2696 4174 Ecquid
2716 4102 2865 4157 habet
2887 4103 2992 4155 ista
3021 4101 3164 4166 boni,
3191 4105 3332 4172 quod
3366 4101 3538 4155 amari
3570 4101 3766 4155 debeat
3794 4102 3818 4151 2

2501 4195 2795 4265 Utramque
2821 4196 3022 4265 pariter
3052 4210 3365 4264 comparare
3386 4195 3432 4248 si
3451 4193 3630 4259 velim,

2495 4285 2668 4341 Metuo
2694 4303 2756 4338 ne
2784 4286 2967 4338 videar
2997 4285 3241 4338 laudibus
3263 4285 3429 4337 nimia
3455 4288 3601 4338 meis.

2571 4372 2663 4427 Est
2704 4361 2927 4426 blandus
2949 4383 2997 4427 et
3020 4373 3197 4427 suavis
3220 4385 3460 4442 aspectus
3495 4374 3650 4436 mihi,

2503 4464 2818 4534 Plerumque
2839 4466 3008 4528 rideo,
3043 4475 3152 4518 tota
3181 4468 3326 4534 spiro
3347 4468 3574 4534 gratias.

2448 4597 2453 4604 .
2494 4554 2551 4608 Si
2590 4555 2714 4622 quid
2745 4554 3080 4622 loquendum,
3118 4570 3277 4623 quam
3301 4555 3558 4622 leporibus
3588 4557 3751 4625 aﬂiuo
3775 4557 3801 4608 .’

2500 4643 2687 4696 Ridere
2712 4646 2755 4696 si
2788 4645 2922 4707 volo,
2953 4661 3054 4697 non
3085 4646 3201 4696 sine
3219 4647 3477 4714 gravitate
3505 4645 3589 4711 ﬁt.

2502 4737 2672 4790 Custis
2711 4738 2918 4789 honeste
2949 4737 3189 4789 manibus
3211 4739 3505 4805 amplector
3537 4738 3726 4791 bonos.

2502 4825 2696 4877 ltteedo
2722 4841 2904 4892 gressu
2933 4827 3164 4895 graviter
3187 4840 3251 4879 ac
3283 4823 3567 4881 lenissime.

2502 4917 2569 4969 Et
2601 4934 2690 4970 seu
2725 4918 2991 4985 placenta,
3023 4933 3112 4971 seu
3149 4919 3294 4972 cibus
3324 4917 3410 4972 sal
3429 4921 3494 4972 sit
3515 4921 3671 4983 mihi,

2504 5008 2810 5078 Frugaliter
2839 5026 2960 5078 ago,
2989 5025 3082 5062 nec
3106 5009 3406 5078 placentam
3433 5013 3688 5076 praefero.

2503 5100 2762 5153 Suavibus
2796 5101 2971 5152 ocellis
3003 5101 3202 5167 aspicio
3229 5098 3387 5153 bonos
3407 5102 3582 5161 viros;

2502 5190 2646 5244 Inter
2672 5189 2840 5241 malos
2867 5187 2986 5242 vero
3013 5189 3187 5242 volens
3217 5189 3450 5241 caeutio.

2506 5280 2727 5348 infensa
2755 5297 2912 5348 porro
2948 5281 3158 5350 gemina
3189 5289 3310 5333 sunt
3334 5281 3460 5332 mihi
3491 5281 3650 5348 vitia,

2503 5371 2909 5441 Ilgpocrisisque
2939 5381 2988 5423 et
3022 5371 3259 5437 pravitas
3289 5371 3344 5421 in
3375 5370 3628 5424 moribus.

2580 5463 2702 5516 Ila'c
2738 5465 2953 5532 propria
2973 5463 3099 5514 mihi
3131 5472 3293 5516 sunt:
3318 5463 3494 5529 pellici
3520 5475 3716 5520 contra
3752 5481 3864 5521 met:

2505 5556 2870 5624 Adultertvque
2907 5553 3206 5607 Inimicitiae
3227 5564 3344 5607 sunt
3369 5555 3501 5607 talia
3529 5575 3551 5613 .-

2507 5648 2685 5702 Ca’des
2712 5657 2949 5716 cruenta,
2979 5647 3238 5717 sanguine
3267 5647 3475 5717 infecta:
3521 5666 3743 5713 manus,
