4002 6332
165 313 308 378 1337·
881 404 887 407 _
1013 370 1015 372 .
1302 326 1623 389 scmpTA
1650 328 1744 390 M1

881 404 887 407 _
1013 370 1015 372 -
1302 326 1623 389 SCRIPTA
1650 328 2213 410 MISCELLANEA.

165 433 255 496 Ὠς
284 432 473 502 κτῆσιν
502 434 698 506 ἀργὴν,
728 435 773 490 ῶ
794 437 1076 511 -μεγίστης
1108 439 1314 511 ζημίας
1343 443 1358 496 ι

155 522 263 572 Kal
294 521 594 577 λωποδυτεῖ
621 526 748 588 τοὺς
771 525 964 594 λόγους
995 527 1055 580 τὸ
1087 529 1332 598 χρυσίον.

155 612 358 680 Ὠμοιί
387 612 584 678 πόσους
615 613 852 686 εῤῥευσα
885 618 1140 688 δακρύων
1169 621 1364 686 πίθους

171 700 318 754 Ἰδὼν
351 704 546 771 σοφοὺς
575 706 674 773 μὲν
700 708 755 758 ὲν
783 708 933 778 μέσῳ
960 709 1222 779 συνεδρίῳ

147 789 461 862 Λαλοῦντας
489 793 624 862 ὀρθά
658 796 750 848 καὶ
779 800 1334 868 περιφρονουμένους,

148 878 519 950 Παράφρονας
547 884 604 937 δὲ
635 886 927 958 πλουσίους
962 894 1325 960 τιμωμένους.

143 970 323 1039 Ληρεῖ
347 972 599 1037 Μέλιτος,
635 975 728 1028 καὶ
752 976 995 1031 διδάσκει
1028 980 1357 1052 Σωκράτηςο

144 1061 256 1113 Καὶ
275 1062 341 1132 ζῇ
370 1065 622 1131 Μέλιτος,
652 1068 747 1121 καὶ
771 1069 1000 1142 τελευτᾷ
1029 1073 1347 1146 Σωκράτης.

155 1151 216 1207 '0
246 1157 592 1226 συκοφάντης
617 1160 964 1230 ἐκδιδράσκει
1000 1163 1100 1228 τὰς
1124 1165 1284 1229 δίκας
1305 1182 1318 1197 ·

139 1247 207 1299 Oi
235 1248 280 1299 δ’
307 1249 498 1302 ἕνδεκα
526 1250 772 1320 κρίνουσι
793 1254 923 1316 τοὺς
947 1254 1292 1326 ἐλευθέρους.

139 1336 254 1387 Καὶ
277 1336 522 1403 τρίϐεται
556 1338 657 1408 μὲν
689 1341 1085 1410 φάρμακοντῷ
1115 1346 1349 1418 γεννάδα

149 1422 216 1476 Ὅ
243 1423 289 1475 δ’
316 1425 543 1502 ’Δνυτος
575 1426 815 1498 πέφευγε
848 1430 948 1502 τὴν
975 1434 1278 1503 τιμωρίαν.

137 1510 375 1581 Χριστὸν
406 1499 577 1582 πένης
597 1513 775 1581 Eleis;
804 1499 1080 1582 δυσσεϐῶς
1118 1499 1291 1590 λέγει.

137 1598 403 1662 Πλούσιος
453 1601 820 1672 ’Δντίχριστον
841 1647 856 1672 ,
892 1607 1131 1672 εὐσεϐῶς
1155 1609 1326 1678 λέγει.

147 1693 497 1764 Έπάγχομαι
529 1696 666 1765 πρὸς
696 1697 902 1752 ταῦτα·
933 1705 1110 1770 μισῶν
1146 1705 1242 1759 τὸν
1273 1707 1390 1776 βίον

135 1781 288 1835 Θέλω
316 1782 497 1836 θανεῖν
519 1802 535 1818 ο
561 1785 715 1856 ἣλιον
736 1789 797 1841 οῦ
824 1788 961 1844 θέλω
995 1793 1236 1861 βλέπειν.
1366 1855 1372 1863 π

144 1871 432 1928 Ἐντεῦθεν
451 1876 747 1948 εισήγαγεν
774 1881 934 1944 ἄλλος
965 1884 1064 1953 τὴν
1098 1885 1290 1956 τύχην,

133 1964 212 2016 Τὸ
241 1965 286 2016 δ’
309 1966 611 2037 αὐτόματον
643 1971 824 2034 ἄλλος,
872 1973 1145 2044 Ἐλλήνων
1170 1978 1292 2032 δύο⁸

136 2057 344 2146 Ἀμὶφω
377 2058 437 2111 δὲ
465 2059 659 2122 κοινῶς
691 2063 790 2132 τὴν
822 2065 1253 2136 ἁκυϐερνησίαν.

145 2147 429 2202 Ἐντεῦθεν
466 2150 811 2232 ἡγνόησανιοί
836 2153 956 2206 τότε
984 2157 1162 2224 χρόνοι

133 2236 246 2288 Kal
275 2237 372 2305 τῆς
397 2238 658 2304 Προνοίας
697 2242 880 2310 χρῆμα
911 2241 1012 2309 τῆς
1045 2245 1379 2316 σοφωτάτης.

142 2326 428 2379 Ἐντεῦθεν
457 2328 490 2398 ἡ
519 2328 791 2398 ξύμφυλος
819 2329 1001 2399 ἀνθρώ
1013 2332 1322 2400 πων’φύσις

133 2416 320 2483 Ἔγνω
342 2417 736 2471 διασπασθεῖσα
761 2418 895 2487 πρὸς
919 2419 1058 2491 μέρη
1087 2421 1202 2488 δύο,

129 2510 244 2562 Καὶ
269 2509 512 2581 κλήσεων
533 2509 717 2575 ἄδικος
750 2511 966 2581 ἐγράφη
997 2513 1165 2580 νόμος

126 2600 203 2656 Τὸ
231 2601 453 2670 πλάσμα
483 2601 699 2670 τέμνων
729 2605 808 2667 είς
837 2604 1011 2673 τομὰς
1039 2605 1390 2676 ἀσυμφύλους
1410 2623 1426 2638 ο

126 2698 243 2752 Καὶ
268 2699 358 2751 τὸν
388 2698 487 2768 μὶν
508 2698 761 2766 ὠνόμασε
791 2699 1026 2769 δοῦλονὴ
1055 2699 1217 2771 τύχη,

125 2787 232 2841 Τδν
256 2789 311 2841 δὲ
334 2775 758 2858 προσεκλήρωσε
789 2790 904 2850 τοῖς
929 2789 1268 2860 ἐλευθέροις.
1299 2801 1302 2805 ’

135 2881 305 2950 Ἀρχή
335 2897 399 2947 γε
434 2880 639 2944 κακῶν,
675 2880 860 2951 χρυσὶ,
889 2882 990 2950 γῆς
1017 2881 1220 2950 τυφλὸν
1247 2883 1456 2950 τέκνον,

133 2968 222 3032 Ὠς
259 2967 478 3021 ἀπόλοιο
500 2967 596 3020 καὶ
628 2969 918 3036 παρεὶλθοις
952 2970 1016 3022 εκ
1050 2970 1216 3038 μέσου

123 3120 228 3174 Hei
254 3127 456 3190 quanta
495 3109 628 3189 ﬂuxi
664 3120 1023 3189 lacrymarum
1048 3125 1278 3192 ﬂumina

122 3211 282 3264 Catos
305 3210 483 3264 uidens
509 3210 565 3262 in
592 3210 742 3262 curia
773 3211 1103 3277 penitissima

119 3302 266 3355 Bene
297 3299 625 3354 consulentes
647 3299 882 3367 despici;
915 3301 1276 3369 insipientium

123 3391 352 3445 Hactari
377 3394 571 3444 honore
598 3392 819 3456 diuitum
847 3390 1058 3445 deliria.
1324 3397 1338 3430 ν

121 3483 332 3537 Helitus
364 3482 568 3552 ineptit,
602 3481 850 3536 Socrates
877 3482 1118 3550 sapliiam
1149 3481 1318 3546 docet,

119 3573 206 3629 Sic
237 3575 356 3627 vivit
374 3573 485 3637 ille,
513 3574 739 3625 moritur
770 3572 850 3636 hic
866 3587 885 3634 ;
910 3587 1117 3639 plenam
1141 3572 1270 3624 exiit

121 3663 261 3715 Trux:
287 3663 629 3731 sycophanta,
662 3660 880 3713 liberum
901 3661 1265 3715 undecim-viri
1291 3661 1295 3664 “

124 3753 433 3815 Danmant;
471 3751 637 3802 cicuta
672 3757 941 3822 stjenuum
963 3754 1202 3821 sequitur
1228 3754 1422 3819 virum,

115 3840 442 3912 Supplicium
462 3842 637 3894 inanis
670 3847 868 3910 Anytus
907 3842 1032 3894 boni
1051 3843 1210 3912 fugit.

117 3932 382 3985 Christum
415 3930 673 3982 invocabit
701 3931 945 3999 pauper?
976 3929 1146 4000 Impie
1173 3931 1324 3999 facit.

118 4026 213 4078 Dis
235 4024 658 4078 Antichristum?
685 4023 780 4098 Nil
816 4031 981 4092 potest
1009 4025 1180 4093 magis
1204 4028 1304 4093 pie.

115 4115 335 4168 Mmrore
367 4115 531 4166 victus
551 4114 708 4166 vitam
731 4127 822 4180 ego
851 4111 957 4174 odi,
987 4113 1107 4165 nolo
1131 4114 1248 4183 jam

114 4202 290 4257 Solem
320 4202 542 4264 intueri;
589 4199 664 4252 nil
701 4201 801 4252 nisi
831 4212 1052 4252 mortem
1082 4202 1224 4255 volo.

116 4291 249 4343 Hinc
285 4291 441 4342 sortis
473 4287 614 4341 alius
647 4289 796 4343 rebus
828 4291 1035 4343 induxit
1066 4299 1262 4359 rotam,

114 4378 308 4432 (Iasum
339 4377 501 4443 alius,
523 4379 671 4431 ambo
700 4379 914 4433 Graecia:
939 4388 1082 4434 terra
1103 4384 1228 4448 sati,

113 4470 275 4520 Ambo
295 4467 534 4520 docentes
564 4482 672 4523 esse
703 4471 815 4521 sine
842 4485 958 4537 rege
985 4472 1201 4537 omnia;

112 4555 183 4609 0b
219 4557 361 4609 istud
397 4557 495 4609 illa
526 4558 705 4624 nesciit
747 4557 911 4610 Deum
943 4561 1125 4613 (cvitas

112 4645 490 4714 Negotiumque
521 4647 919 4713 providentiam,
951 4664 1187 4703 sacrum.

115 4733 331 4788 Duabus
361 4735 483 4804 hinc
510 4744 703 4802 natura
740 4746 894 4803 rupta
925 4739 1164 4805 partibus

115 4825 348 4877 Hominis
370 4839 599 4876 amorem
627 4824 676 4875 in
701 4833 937 4877 mutuum
964 4822 1075 4879 nati
1103 4829 1322 4880 abstitit.

112 4914 319 4979 Iniusta
345 4912 426 4964 lea:
448 4922 524 4965 est
550 4913 668 4966 inde
690 4923 905 4980 prosata
939 4917 1229 4966 nominum.

119 5004 401 5056 Divisiones
434 5020 516 5056 res
544 5005 598 5055 in
630 4999 852 5056 hosticas
879 5019 1083 5056 secans.
1273 5067 1280 5072 _

116 5093 247 5147 Fors
275 5105 413 5148 sorte
443 5106 600 5164 capta
622 5098 752 5148 dixit
780 5099 914 5146 hunc
953 5112 1176 5158 servum,
1211 5097 1436 5150 alterum

119 5183 328 5243 Potiore
356 5186 466 5253 fato
485 5186 629 5237 sciuit
656 5200 761 5236 esse
802 5183 1038 5235 liberum.
1112 5226 1114 5228 τ

115 5282 334 5345 Aurum,
366 5297 394 5333 ο
425 5281 687 5335 malorum
724 5297 859 5334 caeca
895 5283 1051 5347 stirps
1080 5288 1232 5333 terra:
1273 5293 1456 5351 caput,

118 5369 325 5424 Utinam
354 5373 570 5438 perisses
597 5371 846 5424 aboltum
878 5387 904 5422 ε
933 5372 1096 5423 medio
1131 5371 1185 5426 in
1213 5375 1346 5428 nihil

116 5460 295 5512 Mundi
323 5475 459 5512 ca'cu
480 5477 666 5513 caussa
706 5477 880 5513 rerum
910 5461 1113 5516 discidi.

123 5547 279 5602 Vanis
304 5549 391 5600 sed
423 5565 613 5601 aurum
646 5551 882 5617 diﬁeram
906 5551 1178 5605 conviciis;

110 5639 340 5694 Exsensa
370 5655 543 5691 massa
579 5639 700 5706 quid
737 5639 863 5690 mali
895 5639 1036 5692 nobis
1072 5641 1253 5695 dedit?

1747 451 1794 506 Δ
1823 451 1896 505 Τδ
1925 456 2236 520 στασιῶδες
2261 459 2456 529 χρῆμα
2482 462 2576 516 καὶ
2609 461 3007 533 κοσμοφθόρον.

1834 543 1974 596 Ἀλλ’
2006 546 2064 597 ἐν
2085 548 2263 611 κενοῖς
2297 566 2388 618 μοι
2415 549 2592 608 ταῦτα
2628 551 2765 623 πρὸς
2789 551 2849 604 τὺ
2875 551 3101 622 χρυσίον
3123 567 3141 584 ο

1821 631 1889 688 Τί
1919 631 2028 703 γὰρ
2057 637 2456 705 πεπαρῴνηκεν
2479 635 2689 707 ἄψυχος
2722 636 2919 706 φύσιςς

1831 718 1920 784 Ὠς
1947 721 2167 774 ἀπόλοιο
2200 724 2311 777 τῶν
2341 724 2551 794 βροτῶν
2582 728 2615 796 ἡ
2641 723 2938 794 φαυλότης,

1819 807 1884 863 Οἵ
1903 810 2032 874 τοὺς
2061 809 2261 876 καλοὺς
2287 813 2564 883 κρίνουσιν
2593 814 2652 878 ἐξ
2676 813 2956 884 εὐτυχίας,

1815 898 1928 951 Καὶ
1958 899 2084 962 τοὺς
2109 902 2313 963 κακοὺς
2335 901 2638 972 τοῦμπαλιν
2667 903 2728 966 ἐξ
2757 904 3007 973 ἀτυχίας.

1819 989 1884 1042 Ὦ
1911 987 2140 1053 τάλανες
2161 991 2411 1060 πένητες,
2440 991 2626 1066 ἄθλιον
2650 994 2828 1060 γένος,

1813 1079 2052 1133 Πλούτου
2080 1081 2196 1149 μετ’
2221 1080 2386 1135 αὐτοῦ
2414 1082 2508 1158 καὶ
2531 1085 2628 1137 σὺν
2662 1083 2810 1151 αὐτῷ
2834 1084 3045 1153 χρυσίῳ

1811 1167 1925 1236 Τῆς
1945 1169 2147 1238 ἀρετῆς
2173 1171 2273 1242 τὴν
2301 1170 2460 1236 δόξαν
2486 1169 2864 1244 ἀφῃρημέναι

1811 1255 2006 1327 Ὅμως
2035 1261 2064 1312 δ
2097 1259 2302 1329 κόσμος
2325 1260 2532 1329 ἀγαθὸν
2560 1261 2680 1323 πῶς
2707 1261 2775 1314 ἂν
2814 1262 2990 1333 δράσῃ

1808 1346 1900 1402 Ἐν
1923 1348 2002 1419 τῷ
2040 1351 2265 1422 πονηρῷ
2292 1350 2571 1420 κείμενος;
2601 1352 2751 1419 λέγει
2780 1353 2973 1420 Λόγος.

1811 1436 1976 1506 Ὠμοι
2000 1437 2170 1492 πόσον
2193 1437 2428 1510 δάκρυον
2455 1439 2517 1505 ἐξ
2552 1441 2930 1509 Ἡρακλείτου,

1806 1524 1981 1589 Πόσος
2010 1526 2184 1596 γέλως
2204 1527 2261 1582 δὲ
2289 1529 2456 1583 πάλιν
2487 1532 2554 1584 ἐκ
2586 1531 2934 1599 Δημοκρίτου
2959 1533 2974 1584 !

1805 1617 1880 1670 Τὸ
1906 1618 2004 1687 μὲν
2042 1619 2454 1675 κατοικτίσαιτο
2483 1621 2577 1676 τὸν
2607 1623 2795 1693 μωρὸν
2824 1623 2963 1693 βίον,

1804 1701 1975 1772 Οὗτος
1996 1707 2054 1763 δι
2083 1712 2406 1781 μωκήσαιτο
2435 1713 2562 1775 τοῦς
2591 1713 2950 1784 ἀϐελτέρους.

1728 1761 1780 1821 Β
1811 1761 2400 1869 menaeus;
2429 1761 2489 1864 ἐξ
2505 1761 3020 1873 ἰ’κᾶέι’ῥὲ›ξ⁷τ’έό’τὲου

1809 1888 1930 1960 Χρὴ
1960 1891 2100 1958 σφᾶς
2133 1890 2360 1955 ἑαυτοὺς
2390 1895 2486 1945 καὶ
2517 1894 2684 1964 γελᾷν
2706 1893 2803 1947 καὶ
2830 1894 3105 1962 δακρύειν.

1821 1980 1981 2051 Ἐμοὶ
2004 1981 2062 2036 δὲ
2099 1981 2184 2045 τίς
2221 1984 2447 2053 χρήσειε
2477 1984 2743 2050 σαλπίζον
2773 1987 2946 2054 στόμα
2971 2028 2985 2050 ,

1818 2072 2208 2144 Ἀγχίστροφον
2226 2074 2283 2128 δὶ
2315 2073 2568 2143 γλῶσσαν
2594 2076 2674 2140 εἰς
2697 2076 2858 2147 λόγου
2888 2078 3087 2141 πλάτος
3107 2117 3125 2143 s

1805 2163 1917 2215 Kal
1945 2164 2085 2233 πρὸς
2103 2165 2347 2234 κορυφὴν
2378 2166 2666 2237 Παρνασοῦ
2693 2170 2898 2234 στήσας
2924 2171 3103 2239 ἄκραν

1815 2244 1905 2316 Ὠς
1928 2255 1988 2320 ἐξ
2019 2255 2264 2309 ἀπόπτου
2297 2255 2395 2322 τὴν
2422 2256 2551 2325 βοὴν
2577 2257 2881 2326 διευρύνως

1802 2343 1992 2395 Είπείν
2022 2343 2296 2416 παράσχοι
2319 2343 2492 2398 ταῦτα
2519 2344 2658 2415 πρὸς
2686 2347 2813 2410 τοὺς
2837 2346 3135 2410 πλουσίους
3161 2363 3181 2416 3

1801 2433 1866 2485 Ol
1893 2434 2259 2504 χρυσολάτραι
2286 2437 2383 2489 ποτ
2408 2436 2686 2491 πλανᾶσθε
2715 2438 2992 2504 πλούσιοι;

1800 2524 1934 2577 Οἴαν
1954 2524 2012 2578 δὲ
2038 2525 2133 2578 καὶ
2160 2526 2727 2594 στέλλεσθε,δείλαιοι,
2754 2529 2981 2600 τρίϐον;

1813 2615 1870 2666 '0
1905 2614 2132 2679 πλοῦτος
2161 2616 2261 2684 ῦλη
2287 2616 2395 2686 γῆς
2423 2618 2626 2688 ῥέουσα
2657 2620 2963 2688 συντόμως,

1797 2698 1905 2768 *Ης
1929 2705 1978 2758 οί
2005 2707 2166 2760 κακοὶ
2198 2708 2426 2778 φέρουσι
2461 2709 2680 2773 πάντως
2709 2710 2772 2764 τὸ
2796 2711 2979 2766 πλέον.

1797 2786 1863 2848 Ti
1894 2797 2120 2860 κακίους
2149 2798 2367 2867 γίνεσθε
2402 2799 2763 2867 πλουτοῦντες
2793 2802 2956 2856 πλέον
2978 2845 2994 2864 ,

1800 2884 2031 2955 Εὖρημα
2055 2886 2215 2949 κυνὸς
2233 2888 2268 2956 ἠ
2293 2887 2534 2960 σεϐαστὴ
2572 2892 2829 2961 πορφύρα
2850 2907 2866 2921 '

1808 2974 1868 3027 Ὀ
1903 2976 2190 3046 μάργαρος
2213 2976 2401 3048 κύημα
2434 2977 2637 3048 φαῦλον
2669 2980 2896 3052 ὀστρέου
2918 2995 2933 3009 ο

1721 3090 1765 3146 c
1801 3125 2013 3179 Utinam
2037 3127 2272 3194 periisset
2307 3129 2578 3185 hominum
2613 3131 2755 3186 iners
2785 3134 3056 3200 vecordia,

1793 3213 1963 3270 Solita
1985 3219 2250 3272 astimare
2269 3227 2411 3272 sorte
2428 3221 2492 3274 de
2514 3221 2652 3275 bona
2672 3218 2833 3278 bonos

1793 3303 2069 3374 Halosque
2095 3315 2279 3359 contra
2302 3309 2366 3360 de
2389 3307 2530 3360 malo
2554 3310 2867 3376 infortunio.

1791 3393 1836 3447 Ο
1861 3396 2036 3447 miseri
2055 3405 2284 3463 egentes,
2318 3395 2541 3450 obsitum
2568 3401 2817 3451 (erumnis
2837 3417 3024 3468 genus.

1790 3479 1918 3535 Cum
1946 3496 2101 3533 censu
2125 3483 2322 3550 optimo
2351 3497 2570 3552 cumque
2603 3487 2744 3540 tristi
2770 3505 2903 3542 auro
2931 3490 3093 3546 simul

1800 3569 2018 3622 Virtutis
2043 3572 2188 3623 omni
2215 3570 2398 3624 decore
2432 3575 2564 3626 nudi
2594 3584 2642 3627 et
2671 3577 2884 3646 gloria!

1791 3656 1861 3713 Et
1889 3659 2024 3713 orbis
2055 3660 2150 3712 iste
2181 3674 2285 3726 quo
2331 3660 2523 3716 bonum
2551 3662 2716 3730 faciat
2747 3668 2900 3720 modo

1790 3749 1941 3806 Malo
1962 3752 2069 3819 ipse
2099 3761 2237 3806 totus
2263 3752 2541 3822 subiacens
2557 3756 2582 3808 γ
2609 3755 2846 3812 Christus
2871 3760 3032 3813 canit.

1791 3841 1905 3894 Heu
1942 3851 2141 3909 quanta
2166 3844 2328 3913 ﬂendi
2355 3847 2430 3898 vis
2457 3846 2521 3899 ab
2551 3862 2641 3900 ore
2680 3847 2939 3903 Heracliti
2949 3891 2962 3912 ,

1790 3930 1874 3985 Ha
1901 3944 2101 4002 quanta
2128 3935 2266 3989 risus
2294 3951 2387 3990 ore
2423 3937 2490 3989 de
2517 3937 2802 3993 Democriti
2877 3970 2880 3974 ι

1792 4019 2004 4091 Deﬂerit
2038 4023 2128 4076 ille
2146 4025 2312 4078 stulta
2343 4028 2526 4082 mundi
2545 4030 2790 4095 crimina,

1791 4109 1989 4164 Fatuos
2022 4113 2290 4166 cachinnis
2321 4119 2421 4168 iste
2458 4117 2617 4170 claris
2643 4122 2860 4187 ruperit.

1791 4200 1914 4252 Vere
1940 4201 2124 4252 horum
2159 4209 2378 4272 uterque
2407 4211 2625 4272 utroque
2650 4221 2767 4258 vere
2793 4209 3000 4260 nomine
3110 4234 3114 4238 -

1785 4289 1973 4345 Ridere
1996 4294 2122 4360 ﬂere
2139 4299 2342 4360 oportet
2371 4291 2490 4347 illos
2523 4305 2783 4349 mutuum.

1709 4398 1764 4458 ι)
1789 4384 1857 4435 At
1878 4383 2004 4435 mihi
2029 4398 2278 4436 sonorum
2307 4398 2364 4437 os
2393 4386 2508 4450 quis
2537 4385 2681 4441 dabit
2710 4388 2844 4441 tubae
2873 4391 3032 4443 vicem

1797 4470 2203 4540 Versatilemque
2233 4472 2470 4543 linguam
2489 4476 2544 4528 in
2573 4493 2752 4547 aequor
2776 4482 3047 4543 carminis,

1778 4548 2040 4617 Parnassi
2056 4565 2110 4615 in
2143 4564 2253 4616 alto
2272 4574 2422 4620 stans
2457 4570 2533 4621 uti
2564 4571 2849 4635 cacumine,

1781 4650 2046 4704 Grandem
2070 4653 2336 4719 irremisso
2359 4659 2613 4711 concitem
2637 4675 2810 4712 vocem
2830 4677 2958 4714 sono
2981 4704 2994 4726 ,

1775 4743 1899 4798 Ilaec
1928 4755 2171 4814 prompta
2199 4749 2340 4802 dictu
2365 4730 2552 4803 ditibus
2586 4753 2708 4804 viris
2734 4768 2930 4804 canens
2971 4768 2989 4806 :

1777 4834 2065 4909 Mancipia,
2094 4840 2244 4904 dites,
2283 4855 2386 4908 quo
2422 4841 2626 4893 metalli
2650 4842 2859 4895 tenditis
2881 4843 2907 4894 7

1716 4911 1718 4913 ί
1774 4925 1885 4991 Quo
1911 4927 2046 4981 calle
2071 4929 2246 4982 miseri
2274 4931 2501 4999 ﬂebilem
2533 4933 2738 4985 instatis
2768 4935 2904 4986 viam
2929 4933 2953 4985 ?

1773 5016 1985 5071 Caduca
2013 5016 2184 5086 proles
2211 5026 2334 5071 sunt
2359 5035 2479 5088 opes
2513 5029 2667 5076 terra:
2691 5025 2925 5091 hospitae,

1772 5105 2010 5168 Quarum
2032 5109 2282 5174 fruuntur
2305 5121 2457 5178 parte
2487 5111 2691 5179 majore
2716 5111 2937 5179 improbi
2957 5128 2977 5175 ;

1773 5196 1908 5261 Quid
1933 5199 2058 5252 vitia
2090 5215 2206 5250 cum
2236 5199 2416 5268 Opibus
2453 5215 2654 5266 semper
2679 5202 2876 5266 augetis
2908 5197 3085 5280 nova?

1768 5292 1987 5360 Augusti
2015 5291 2225 5343 honoris
2253 5307 2489 5359 purpura
2515 5295 2783 5342 inventum
2805 5298 2879 5343 est
2915 5294 3079 5346 canis.

1772 5378 1973 5442 Libido,
2005 5383 2333 5446 margaritae,
2366 5381 2480 5431 vilis
2514 5382 2695 5433 ostrei.

1768 5469 1987 5522 Summa
2022 5479 2096 5520 est
2124 5468 2317 5538 lapillis
2338 5470 2475 5537 quod
2505 5469 2734 5537 glabella
2764 5489 2896 5524 saeta
2921 5480 3044 5525 sunt

1743 5558 1852 5612 ‘Ex
1885 5559 2041 5620 calce,
2077 5558 2251 5627 lignis,
2284 5557 2561 5625 splendida
2589 5570 2802 5624 ornatu,
2837 5568 3042 5628 domus,

1766 5649 2020 5717 Coctoquc
2051 5649 2213 5702 latere
2237 5640 2506 5720 fossilique'
2534 5668 2794 5705 marmore
2823 5661 2897 5705 cst

3244 349 3388 412 ΗΖΒ
