4002 6332
243 246 388 308 1315

239 358 318 411 Το
340 359 538 430 κράτος
567 363 665 432 τῆς
687 361 1034 432 Κομνηνικῆς
1056 362 1296 433 μεγάλης
1322 362 1568 428 ἐξουσίας
1591 380 1605 395 '

246 451 356 502 Ἰδε
386 451 484 518 τῆς
522 450 739 520 Ῥώμης
763 451 854 504 τὸν
883 452 1110 519 στρατὸν
1134 453 1256 506 ὅσον
1288 453 1527 523 ἐξισχύει
1551 470 1564 483 ·

240 542 381 610 Δίχα
405 542 514 610 γὰρ
542 541 709 593 ἵππου
742 542 834 594 καὶ
862 543 1066 610 τροφῆς
1090 543 1184 596 καὶ
1212 542 1334 612 δίχα
1363 543 1777 613 χορτασμάτων,

243 631 504 700 Ᾱὺκμῶν,
539 631 802 696 πεξεῦων,
825 632 1085 698 ἁλουτῶν,
1118 634 1363 702 θνήσκων
1393 633 1453 699 ἐξ
1488 635 1722 702 ἀσιτίας,

259 722 348 785 Ὠς
375 722 612 790 ἆψαοθαι
638 725 732 776 καὶ
759 725 959 793 μιαρᾶς
992 724 1151 777 αὐτὸν
1179 726 1539 793 ίπποφαγίας,

248 812 352 864 Τὸν
377 811 659 882 εὔτροφοι),
692 811 780 863 τὸν
805 810 1035 864 εὕῖππον
1077 813 1480 880 κατηγωνίσατό
1502 828 1581 876 σε,

249 904 361 956 Καὶ
390 908 504 973 τοῖς
526 904 620 956 τοῦ
645 901 824 957 Λύκου
855 903 1118 974 ῥεύμασιν
1145 904 1536 971 ἑγκατεϐύθισέ
1562 920 1642 957 σε.

249 996 515 1049 1‘l'zolwv
546 997 784 1065 δράσεις,
819 996 968 1050 ἄθλιε
1006 997 1349 1066 Μουχούμιτ,
1378 998 1471 1049 καὶ
1489 997 1542 1050 τί
1565 997 1780 1062 πείθεις,

246 1087 315 1141 El
336 1105 416 1140 σοι
442 1089 558 1158 μεθ’
586 1090 754 1141 ἵππου
790 1091 883 1142 καὶ
906 1089 1112 1159 τροφῆς
1135 1092 1346 1151 ἐκεῖνος
1376 1090 1705 1157 ἀπαντήσεις

245 1174 317 1230 Ὠ
348 1181 477 1232 λύκε
511 1179 613 1251 θήρ
639 1182 696 1232 ὲν
724 1182 983 1247 ποταμοῖς
1003 1181 1286 1250 ἀκόρεστε,
1318 1181 1606 1250 παμφάγα,

261 1269 616 1346 Ἀρπᾳκτικὲ,
641 1272 960 1341 λαφυκτικὲ,
992 1272 1295 1343 βορώτατον
1318 1270 1525 1342 θηρίον,

247 1363 362 1418 Νῦν
390 1367 632 1435 ὲκορὲσω
658 1365 962 1434 βρώματος,
999 1365 1093 1418 νῦν
1122 1365 1386 1435 ὲθοινήσω
1411 1365 1570 1434 κρέα,

249 1457 364 1510 Νῦν
383 1455 476 1509 σοῦ
503 1457 602 1526 τήν
628 1458 788 1523 γένυν
812 1455 1026 1524 ’ἔδαψας
1045 1456 1226 1527 λύθρῳ
1259 1456 1472 1509 πολλῶν
1501 1457 1774 1524 αἱμάτων,

248 1550 365 1604 Νῦν
395 1551 636 1626 ἔπλησας
658 1549 756 1622 τήν
793 1549 1064 1620 ἄπληστον
1099 1550 1193 1602 καὶ
1218 1549 1391 1618 φάγον
1426 1566 1521 1602 σου
1550 1549 1792 1618 γαστέρα

249 1643 363 1694 Οἰοκ
400 1642 458 1707 ἐξ
494 1645 695 1712 ἀρνίων
723 1641 981 1706 εὐσεϐῶν,
1003 1641 1123 1693 οὐδὲ
1161 1640 1446 1711 προϐάτων
1487 1640 1740 1707 Ῥώμης,

1401 251 1720 312 SCRIP'I‘A
1749 251 2302 319 MISCELLANEA.

3337 257 3478 323 1M6

1831 384 1881 441 Α
1913 363 2062 432 Εἶδες
2082 370 2244 423 αὐτὸν
2279 373 2584 442 μαχόμενον
2611 376 2674 443 τῇ
2710 373 2918 444 σοϐαρᾷ
2954 356 3175 443 Περσίδι
3258 376 3260 379 ’

1909 455 2021 508 Οὐκ
2044 457 2236 526 ἄκροις
2263 459 2702 530 ἀκροϐολισμοῖς,
2741 462 2881 514 ἀλλά
2909 461 3050 514 κατὰ
3081 462 3372 528 συστάδην.

1978 549 2044 602 Τί
2072 549 2254 602 τοίνυν
2267 550 2444 618 λέγεις
2458 591 2474 617 ,
2495 551 2733 621 βλέψασα
2751 551 2885 621 πρὸς
2900 553 3230 621 τηλικαύτην
3253 553 3477 626 αἴγλην;

1920 637 2231 707 Ὀμολογεῖς
2266 642 2562 695 ἀποϐαλεῖν
2588 642 2695 705 τὰς’
2714 641 2946 703 ὀπτικὰς
2976 643 3266 709 δυνάμεις;

1908 730 1980 781 Ἥ
2006 732 2090 785 σοὶ
2113 730 2372 792 πλειόνων
2396 732 2698 802 ἀστραπῶν
2723 735 2917 802 μεστὸς
2947 733 3277 804 ἐπιδημήσει
3290 751 3310 796 ς

1910 817 1975 870 Τί
2007 818 2272 888 πρότερόν
2301 836 2424 883 σου,
2444 820 2715 892 Κομνηνὶ,
2745 821 3066 891 τιμήσουσιν
3095 824 3149 874 αἱ
3186 821 3402 884 nam;

1910 906 1976 958 Τί
2011 907 2261 978 δεύτερόν
2291 925 2386 963 σου
2415 910 2525 963 τῶν
2547 911 2727 964 καλῶν
2762 912 3114 980 ὑμνήσουσιν,
3143 913 3174 979 ὴ
3219 912 3441 980 Ῥώμης

1910 995 1983 1047 Σὺ
2017 997 2125 1064 γὰρ
2154 997 2282 1066 ήμίν
2309 1000 2401 1052 καὶ
2435 997 2692 1067 βασιλεὺς
2721 1002 2812 1052 καὶ
2840 999 3011 1068 μέγας
3049 1001 3445 1070 στρατηγέτης,

1912 1084 2021 1136 Καὶ
2044 1084 2382 1154 στρατιώτης
2410 1099 2676 1153 κραταιός
2701 1087 2733 1154 ἢ
2771 1087 2971 1155 μᾶλλον
3004 1090 3363 1157 στρατιῶται·

1914 1173 1984 1225 Σὺ
2020 1174 2128 1243 γὰρ
2158 1175 2269 1236 τοῖς
2301 1175 2652 1242 γλυκυτάτοις
2686 1192 2778 1228 σου
2819 1178 3317 1246 πορφυροϐλάστοις
3341 1176 3474 1230 κλά-

3265 1267 3396 1339 [δοις

1926 1355 2100 1425 ’Υπὲρ
2127 1357 2285 1426 ήμῶν
2316 1357 2412 1410 καὶ
2447 1357 2545 1427 τῆς
2584 1356 2742 1427 ήμῶν
2786 1359 3103 1427 στρατεύεις
3154 1360 3428 1428 σωτηρίας
3455 1373 3469 1387 ο

1915 1446 2020 1498 Καί
2052 1461 2147 1499 σου
2180 1447 2465 1516 προδοθεὶς
2498 1447 2595 1517 τὴν
2640 1447 2819 1519 ψυχὴν
2866 1452 2960 1502 καὶ
3007 1452 3102 1512 τὰς
3152 1449 3327 1518 ψυχᾶς
3359 1450 3474 1500 τῶν

2312 1542 2335 1579 λ
3122 1538 3370 1611 hamum,

1916 1625 2033 1677 Ἱνα
2062 1624 2314 1698 λυτρώση
2341 1629 2400 1679 τὸ
2436 1628 2632 1695 κοινὸν,
2669 1630 2753 1682 ἵνα
2777 1633 2865 1682 τὸν
2893 1630 3101 1698 κόσμον
3130 1634 3332 1700 σώσῃς.

262 1733 402 1786 ’Δλλ’
428 1709 545 1786 ἀπὸ.
563 1734 785 1802 τράγων
803 1731 1077 1786 δυσσεϐῶν
1107 1709 1506 1802 καὶ-Περσικῶν
1537 1729 1772 1799 ἐρίφων·
1843 1722 1887 1775 Β
1918 1716 2126 1778 Δίῶνας
2151 1717 2306 1779 ὅλους
2332 1721 2359 1771 ὁ
2379 1718 2512 1783 Θεὸς
2547 1720 2623 1789 τῷ
2651 1709 2917 1790 σκήπτρῳ
2957 1738 3049 1773 σου
3079 1723 3364 1794 προσθείη,

250 1829 344 1889 Εἰς
371 1829 560 1890 τόσους
579 1827 951 1896 ἐξερῤόφησας
979 1817 1056 1892 τῷ
1080 1823 1345 1892 Κομνηνῷ
1377 1821 1704 1890 σφαγέντα-ς.

251 1919 414 1972 Ὥστε
444 1917 520 1988 μή
545 1918 752 1984 στέγων
784 1917 881 1981 τῆς
905 1915 1108 1986 τροφῆς
1147 1915 1208 1968 τὸ
1235 1913 1487 1988 περιττὸν
1517 1913 1757 1981 φορτίον,

252 1971 460 2073 Ὄντως
491 1971 585 2063 σου
617 1971 684 2062 τα
709 1971 880 2078 δρομή
891 1971 1036 2076 ματα
1061 1971 1154 2059 τοῦ
1180 1971 1488 2076 τηλδυγοῦς
1517 1971 1672 2072 ήλίου

251 2103 534 2174 Πυρφόρος
565 2100 733 2171 φαίνῃ
759 2100 877 2161 τοῖς
907 2098 1146 2167 ἐχθροῖς,
1199 2097 1488 2166 φωσφόρος
1525 2097 1637 2156 τοῖς
1667 2095 1812 2148 oliti-

1574 2183 1740 2255 [ται;,

261 2287 513 2355 Ἐαρινὴν
543 2285 820 2346 ἀνέτειλας
856 2286 921 2354 τῇ
960 2281 1145 2352 Ῥώμῃ
1172 2280 1267 2351 τὴν
1298 2279 1533 2348 ἡμέραν.

247 2377 360 2432 Καὶ
390 2375 608 2447 θερινὴν
645 2357 1065 2441 ὲξέκαυσαςῖτὴν
1093 2371 1266 2439 φλόγα
1294 2373 1358 2439 τῇ
1394 2368 1632 2437 Περσίδι.

261 2466 560 2534 Ἐξήρανας
587 2465 678 2518 τὸν
707 2463 980 2535 βάρϐαρον
1015 2463 1089 2526 ὡς
1116 2462 1204 2514 τὸν
1229 2459 1397 2529 πηλὸν
1431 2461 1638 2520 ἐκεῖνος
1658 2472 1673 2487 ο

261 2556 564 2617 Ἐπάλυνας
584 2555 646 2607 τὸ
667 2555 891 2623 γνήσιον
912 2552 986 2613 ῶς
1015 2550 1100 2603 τὸν
1127 2549 1303 2619 ¹πηλὸν
1331 2550 1556 2610 ἐκεῖνος.

261 2646 351 2698 Ἐν
378 2642 465 2707 αἶς
485 2643 703 2713 ἐξῆλθες
728 2644 959 2712 ἡμέραις
992 2639 1101 2693 ἀπὸ
1130 2641 1225 2709 τῆς
1256 2636 1598 2700 Βυζαντίδος,

263 2736 350 2787 Ἐν
380 2733 603 2796 ταύταις
622 2729 971 2801 εἰσελήλυθας
996 2728 1182 2782 ἐνθάδε
1213 2727 1528 2796 νικηφόρος,

249 2828 486 2891 Τελέσας
507 2826 776 2880 ἐνιαύσιον
804 2824 877 2886 ὡς
909 2823 1060 2894 ῆλιος
1088 2819 1179 2875 τὸν
1209 2821 1429 2890 δρόμον.

250 2915 402 2984 Bibe;
429 2921 520 2974 καὶ
549 2919 612 2970 σὺ
639 2916 730 2968 τὸν
756 2913 1055 2986 Κομνηνὸν,
1072 2914 1105 2982 ή
1133 2913 1456 2982 Καισαρέων
1485 2910 1639 2980 χώρα

249 3013 362 3068 Καὶ
389 3011 538 3064 πᾶσα
566 3009 638 3078 γῆ
672 3003 1110 3072 Καππαδοκῶνή
1148 3002 1596 3073 βαρϐαροχομένη
1622 3015 1636 3030 °

247 3106 361 3173 Οὐχ
393 3102 673 3156 ἑλεπόλεσι
708 3099 924 3159 πολλαῖς
953 3099 1050 3154 τὰς
1082 3095 1264 3155 πόλεις
1299 3107 1390 3142 σου
1426 3089 1739 3150 κλονοῦντι,

264 3194 423 3249 Ἀλλὰ
447 3193 672 3264 γυμνοῖς
703 3191 813 3252 τοῖς
836 3188 1074 3257 δόρασιν,
1103 3183 1240 3239 ἀλλὰ
1272 3184 1505 3252 γυμναῖς
1525 3181 1642 3241 ταῖς
1674 3176 1812 3231 σπά-

1598 3271 1742 3344 [θαις

261 3379 562 3449 Ῥηγνύντα
590 3391 683 3429 σου
707 3376 805 3438 τὰς
825 3371 1108 3443 φάλαγγας
1128 3369 1222 3423 καὶ
1245 3369 1314 3423 τὰ
1340 3366 1674 3438 στρατόπεδά
1693 3382 1808 3417 σου.

249 3557 377 3612 Sine
397 3555 681 3617 alimentis,
705 3553 818 3606 sine
848 3549 1087 3621 pabulo,.
1111 3546 1367 3614 pedestres
1419 3541 1579 3611 copia!
1602 3539 1664 3593 ob
1710 3539 1810 3594 cibi

249 3653 530 3724 penuriam
557 3664 702 3718 pane
732 3645 1106 3703 moriebantur,
1141 3647 1198 3692 ut
1219 3635 1306 3703 vel
1350 3636 1617 3688 sordidam
1667 3634 1812 3702 equi-

249 3762 382 3801 nam
415 3758 626 3796 carnem
656 3737 1035 3792 manducarent
1056 3750 1074 3799 ;
1099 3741 1332 3786 attamen
1352 3739 1400 3783 te
1416 3731 1542 3784 bene
1575 3737 1806 3798 pastum,

250 3835 398 3904 equis
423 3831 874 3906 benejnstructum
897 3825 1126 3894 aggressi
1150 3822 1273 3893 Lyci
1297 3821 1504 3892 ﬂuentis
1529 3830 1576 3873 te
1599 3821 1812 3872 immer-

247 3934 452 3982 serunt.
480 3922 618 3986 Quid
651 3919 812 3989 igitur
837 3917 1017 3986 facies,
1053 3915 1209 3967 miser
1262 3913 1558 3972 Muhamet,
1593 3907 1808 3978 quando

247 4017 345 4074 ille
364 4032 481 4069 cum
513 4030 643 4083 equo
673 4021 721 4065 et
747 4010 1012 4064 alimentis
1036 4008 1128 4059 tibi
1149 4012 1400 4066 occurret,
1429 4019 1458 4055 ο
1475 4001 1611 4072 fera,
1637 4016 1666 4053 ο
1690 3998 1810 4067 lupe

246 4103 437 4173 uorax,
474 4104 810 4168 insatiabilis,
847 4115 1039 4169 rapax,
1086 4093 1529 4158 helluo,'animal
1581 4092 1812 4146 voracis-

248 4201 478 4264 simum;
511 4213 649 4253 nunc
673 4195 881 4266 quidem
900 4193 1025 4245 cibis
1053 4189 1280 4259 repletus
1300 4203 1375 4250 es,
1402 4202 1539 4238 nunc
1569 4201 1729 4239 carne
1754 4199 1807 4237 es

250 4290 518 4358 repletus;
551 4273 688 4339 nunc
714 4282 949 4337 animum
980 4288 1126 4331 tuum
1160 4271 1322 4330 multo
1344 4276 1600 4344 sanguine
1642 4273 1810 4342 reple-

1915 1803 1989 1862 Οὗ
2020 1810 2225 1864 καὶτὸν
2252 1810 2403 1864 ἔλεον
2434 1816 2574 1884 μιμῇ
2605 1813 2699 1867 καὶ
2731 1813 2831 1884 τήν
2856 1814 3266 1884 φιλανθρωπίαν
3295 1830 3310 1844 ·

1913 1901 2030 1954 Ἵνα
2071 1901 2218 1972 σωθῇ
2256 1901 2603 1973 τδβρότειον,
2636 1905 2725 1958 ινα
2757 1906 2930 1976 ρυσθῇ
2956 1906 3021 1958 τὸ
3045 1905 3254 1960 δοῦλον.

1912 1988 1989 2045 Οὐ
2019 1991 2251 2060 πρέσϐιν
2286 1991 2507 2063 ἔπεμψε
2541 1993 2673 2057 Θεὸς
2705 1995 2804 2048 οὐκ
2837 1995 2904 2050 ἂν
2931 1997 3089 2074 ᾆλλον
3117 1999 3231 2060 τοῖς
3264 1996 3435 2060 κάτω,

1911 2082 1985 2135 Οὐ
2014 2083 2276 2152 σιραφὶμ,
2307 2084 2369 2137 οὐ
2400 2085 2694 2156 χερουϐὶμ,
2727 2087 2788 2139 οὐ
2818 2086 3062 2157 θρόνους,
3095 2089 3155 2141 οὐ
3191 2088 3470 2158 δυνάμεις,

1910 2170 2083 2223 Αὑτὸν
2112 2171 2168 2222 δι
2202 2172 2292 2223 τὸν
2335 2172 2682 2251 Ἐμμανουήλ
2716 2173 2805 2227 τὸν
2839 2175 2978 2243 ὑπὲρ
3014 2175 3173 2241 λόγον
3193 2175 3369 2242 Λόγον
3482 2177 3486 2182 ’

1909 2260 2214 2315 Δὺτότατον
2242 2260 2386 2333 ὑπὲρ
2415 2262 2569 2333 ήμῶν
2595 2263 2835 2334 καθῆκεν
2863 2265 3176 2335 οὐρανόθεν.

1911 2354 2112 2410 Τοῦτον
2142 2356 2237 2409 καὶ
2266 2357 2330 2411 σὺ
2362 2356 2721 2428 μιμούμενος,
2757 2359 2858 2428 γῆς
2884 2357 3021 2423 ἄναξ
3058 2357 3301 2428 Ἰωάννη,

1912 2446 2014 2501 Τὸν
2033 2445 2292 2515 φίλτατόν
2322 2463 2415 2502 σου
2443 2449 2720 2520 Μανουήλ,
2756 2451 2847 2504 τὸν
2873 2450 3181 2504 τελευταῖον
3207 2449 3374 2502 παῖδα

1923 2536 2096 2607 ’Υπὲρ
2122 2537 2282 2608 ήμῶν
2309 2539 2420 2590 τῶν
2442 2540 2667 2593 οἰκετῶν
2697 2540 2837 2592 κατᾶ
2867 2541 3093 2611 Περσῶν
3121 2540 3363 2603 ὀπλίζεις
3381 2579 3397 2604 ,

1911 2625 2022 2678 Καὶ
2045 2626 2134 2678 διὰ
2161 2626 2350 2680 τούτου
2376 2628 2626 2691 θανατοίς
2651 2632 2750 2699 τὴν
2789 2631 3040 2702 ἐναντίαν
3075 2634 3294 2702 μοῖραν,

1911 2715 2022 2770 Καὶ
2047 2720 2115 2770 τὰ
2153 2717 2439 2786 Ῥωμαίων
2472 2697 2807 2783 ἀνιστὰς-ὼς
2829 2722 2894 2775 ἐκ
2925 2697 3214 2794 πεταθρων
3245 2723 3397 2794 ᾅδου,

1913 2809 2064 2876 Καλῇ
2090 2807 2340 2879 προϐόλῳ
2376 2811 2661 2876 πέποιθας,
2697 2812 2834 2882 καλῇ
2865 2813 3085 2885 θαρρεῖς
3120 2816 3420 2885 συμμάχῳ,

1915 2898 2082 2965 ’Λναξ
2104 2900 2574 2970 πορφυρόϐλαστι,
2596 2905 2982 2974 κομνηναυγὴς
3011 2907 3287 2977 φωσφόρε.

1915 2988 2102 3058 Καλὴν
2129 2990 2344 3057 ἐκτήσω
2369 2993 2469 3057 τήν
2496 2993 2742 3061 φρουρὰν
2769 2993 2864 3047 καὶ
2905 2995 3004 3064 τὴν
3041 2995 3472 3065 συστρατηγὲτιν

1911 3076 2018 3144 Τὴν
2049 3076 2242 3129 δοῦσαν
2271 3094 2352 3131 σοι
2383 3081 2476 3132 καὶ
2503 3080 2605 3148 τῆς
2636 3083 2812 3152 ἀρχῆς
2838 3086 3075 3154 ἀρχῆθεν
3102 3089 3199 3149 τὰς
3229 3090 3405 3158 ήνίας,

1912 3168 2022 3221 Καὶ
2045 3169 2417 3248 συντηροῦσαν
2448 3171 2688 3241 εὐτυχῶς
2723 3173 2860 3243 ἄχρι
2883 3179 2974 3228 καὶ
3003 3177 3098 3230 νῦν
3130 3179 3193 3230 τὸ
3234 3183 3467 3249 κράτος,

1913 3259 2020 3313 Καὶ
2047 3259 2398 3330 δωρουμένην
2427 3278 2509 3314 σοι
2540 3262 2796 3333 λαμπρὰς
2815 3265 3126 3336 ἁπανταχοῦ
3152 3268 3248 3332 τὰς
3287 3270 3466 3336 νίκας,

1912 3350 2024 3419 Τήν
2057 3352 2235 3422 ἀληθῆ
2265 3355 2537 3408 νικοποιὺν
2566 3357 2873 3426 ὒπέραγνον
2899 3357 3191 3428 Παρθένον.

1988 3527 2127 3592 Quid
2149 3528 2312 3597 igitur
2343 3530 2490 3594 dicis,
2517 3531 2655 3585 hunc
2686 3533 3016 3601 splendorem
3041 3536 3215 3589 videns
3245 3535 3269 3588 ?
3293 3535 3470 3606 Conﬁ-

1910 3621 2100 3673 terisne
2131 3627 2180 3673 te
2207 3619 2417 3673 videndi
2432 3637 2586 3673 sensu
2611 3624 2875 3690 privatum
2898 3625 3052 3678 esse?
3078 3628 3158 3681 An
3206 3630 3466 3692 maiorem

1909 3709 2163 3780 fulgorem
2202 3709 2506 3777 exspectas?
2552 3709 2689 3776 Quid
2743 3714 2896 3766 urbes
2927 3730 3038 3782 pra:
3084 3725 3154 3780 te,
3184 3716 3465 3782 Comnene,

1909 3801 2372 3869 honoriﬁcabunt?
2403 3802 2475 3856 Tu
2497 3804 2636 3858 enim
2660 3804 2803 3858 nobis
2837 3806 3126 3875 imperator
3162 3819 3210 3861 et
3245 3826 3467 3880 magnus

1910 3893 2134 3946 militum
2162 3909 2214 3946 es
2237 3892 2364 3955 dux,
2385 3895 2491 3948 imo
2516 3895 2821 3963 fortitudine
2844 3897 3126 3950 exercitum
3149 3915 3348 3969 aquas.
3389 3899 3467 3954 Tu

1908 3984 2048 4037 enim
2075 3983 2384 4037 dulcissimis
2397 3986 2560 4039 ramis
2577 3987 2854 4041 decoratus
2867 3990 3145 4058 purpureis
3169 4003 3366 4044 nostra:
3379 4008 3469 4047 sae

1909 4074 2006 4127 luti
2021 4075 2293 4144 prospicis;
2309 4084 2364 4127 tu
2382 4082 2526 4129 tuam
2543 4087 2591 4130 et
2602 4076 2835 4143 ﬁliorum
2847 4081 3054 4134 animas
3067 4081 3235 4133 tradis
3253 4091 3469 4134 utmun-

1908 4167 2032 4221 dum
2053 4166 2240 4220 solves.
2275 4165 2481 4220 Scitula
2497 4167 2588 4220 tibi
2603 4169 2806 4237 integra
2837 4169 2969 4222 Deus
2990 4187 3145 4239 regno
3167 4181 3256 4225 tuo
3277 4173 3468 4239 imper-

1909 4261 2029 4324 tiat;
2049 4260 2146 4312 Dei
2165 4259 2302 4313 enim
2329 4265 2384 4311 tu
2402 4259 2810 4315 misericordiam
2830 4271 2876 4314 et
2898 4263 3273 4316 humanitatem
3292 4265 3468 4317 imita-

248 4351 376 4435 visti
391 4397 411 4446 ;
446 4351 582 4432 nunc
604 4365 840 4429 ventrem’
859 4366 1210 4424 insatiabilem
1229 4376 1276 4420 et
1302 4367 1546 4435 gulosum
1572 4365 1802 4426 satiasti,

1912 4352 2005 4412 ris,
2047 4357 2104 4403 ut
2123 4365 2285 4420 genus
2313 4351 2591 4405 hominum
2625 4351 2875 4418 salvetur,
2905 4361 2959 4405 ut
2992 4355 3126 4407 servi
3160 4353 3466 4413 liberentur.

252 4487 359 4525 non
380 4471 529 4539 agnis
559 4463 866 4523 insontibus,
904 4475 1007 4512 non
1052 4456 1230 4510 Romce
1275 4455 1470 4517 oribus,
1506 4451 1595 4506 sed
1645 4449 1806 4504 hir‘ilis

253 4563 430 4631 impiis
459 4567 508 4610 et
535 4556 705 4625 capris
732 4551 973 4612 Persicis,
995 4564 1121 4618 quos
1146 4548 1406 4625 Qomneno
1435 4561 1590 4600 casas
1615 4553 1689 4595 tot
1717 4559 1814 4595 nu-

251 4667 399 4705 mero
424 4646 749 4716 deglutiisti;
784 4657 885 4711 quo
927 4642 1065 4710 facto
1107 4640 1332 4690 hostibus
1360 4637 1583 4707 lignifer,
1639 4633 1815 4686 dome-

252 4743 397 4797 sticis
420 4739 605 4807 lucifer
635 4752 894 4806 apparens
923 4732 1105 4786 Roma
1129 4731 1264 4783 diem
1284 4745 1500 4782 vernum
1521 4726 1810 4787 adduxisti,

253 4842 304 4885 et
334 4829 538 4884 Persidi
574 4831 846 4899 ﬂammam
873 4824 1109 4895 cestiv‘am
1143 4820 1444 4872 accendisti.
1484 4817 1811 4876 Barbarum,

251 4925 386 4976 sicut
423 4921 516 4974 ille
549 4920 738 4978 lutum,
762 4915 1071 4976 exsiccasti;
1105 4913 1242 4980 quod
1275 4912 1562 4977 genuinum
1589 4917 1724 4969 erat,
1756 4916 1812 4959 ut

253 5013 349 5067 ille
386 5028 609 5076 omnum,
661 5006 916 5079 polluisti.
958 5004 1021 5056 In
1076 5002 1261 5072 quibus
1313 5001 1492 5053 diebus
1555 5000 1813 5067 Byzantio

253 5116 495 5163 veneras,
525 5099 710 5152 iisdem
736 5097 819 5151 hic
844 5098 1005 5149 victor
1054 5093 1288 5152 intrasti,
1347 5091 1652 5150 terminato,
1686 5088 1813 5141 solis

257 5193 331 5247 ad
363 5189 677 5256 exemplum,
704 5202 859 5240 cursu
880 5200 1075 5237 annuo.
1112 5182 1186 5235 Tu
1209 5197 1431 5252 quoque,
1463 5179 1728 5244 Caesarea,
1764 5195 1812 5232 es

259 5284 429 5338 omnis
444 5281 583 5348 regio
612 5279 836 5332 barbara
856 5278 1246 5346 Cappadocum,
1267 5275 1588 5328 Comnenum
1617 5274 1808 5336 vidisti,

258 5389 366 5428 non
398 5370 575 5423 multis
629 5371 889 5423 machinis
922 5368 1075 5420 urbes
1129 5375 1243 5417 tuas
1277 5366 1674 5425 concutientem,
1722 5361 1814 5414 sed

251 5462 450 5534 jaculis
478 5468 525 5512 et
549 5460 754 5512 ensibus
784 5461 935 5512 nudis
988 5456 1282 5528 phalangas
1327 5465 1447 5506 tuas
1470 5470 1531 5506 ac
1558 5454 1811 5504 exercitus

262 5563 378 5606 tuos
403 5558 745 5624 rumpentem.
783 5547 967 5601 Vidisti
991 5564 1106 5600 eum
1138 5563 1252 5599 cum
1289 5546 1424 5598 dura
1464 5543 1682 5597 Perside
1706 5556 1806 5594 non

257 5645 553 5716 jaculando
575 5639 699 5705 tela,
721 5641 809 5694 sed
830 5643 1056 5693 cominus
1084 5646 1424 5709 pugnantem.

1914 4440 2037 4494 Non
2051 4440 2326 4512 Seraphim
2357 4442 2488 4496 Deus
2521 4444 2829 4498 mortalibus
2855 4447 3012 4509 misit,
3039 4462 3139 4499 non
3163 4445 3464 4508 Cherubim,

1913 4549 2014 4586 non
2028 4536 2260 4597 thronos,
2286 4550 2390 4587 non
2408 4544 2706 4602 potestates;
2729 4537 2817 4590 sed
2844 4536 3260 4598 Emmanuelem,
3279 4539 3367 4606 qui
3391 4546 3467 4589 est

1919 4627 2135 4680 Verbum
2177 4643 2336 4697 supra
2387 4628 2621 4693 verbum,
2680 4645 2774 4698 pro
2828 4630 2972 4682 nobis
3006 4628 3203 4681 caelitus
3240 4629 3464 4680 demisit.

1913 4717 2084 4787 Hujus
2131 4726 2186 4768 tu
2237 4721 2438 4786 quaque
2490 4720 2782 4783 exemplum
2821 4720 3075 4778 imitatus,
3107 4735 3195 4769 rex
3215 4718 3464 4779 Joannes,

1915 4811 2277 4861 charissimam
2302 4816 2450 4862 tuum
2479 4821 2529 4862 et
2557 4809 2799 4861 ultimum
2820 4807 2990 4872 ﬁliam
3029 4807 3322 4860 Manuelem
3373 4823 3467 4874 pro

1913 4901 2058 4952 nobis
2093 4899 2254 4952 servis
2286 4911 2470 4952 contra
2495 4899 2682 4952 Persas
2735 4913 2925 4958 moves,
2962 4908 3117 4966 atque
3159 4898 3234 4950 ita
3273 4907 3465 4949 sortem

1913 4991 2188 5043 adversam
2219 4988 2492 5054 debilitas;
2519 4998 2575 5040 tu
2640 4986 2998 5041 Romanorum
3047 5004 3158 5040 rem
3213 4987 3360 5054 quasi
3403 5001 3465 5037 ea:

1911 5096 2033 5133 orco
2063 5079 2131 5131 ad
2154 5082 2321 5132 vitam
2349 5096 2596 5134 revocas:
2617 5079 2864 5147 ﬁduciam
2903 5082 2956 5131 in
3009 5081 3273 5132 murtirum
3298 5075 3467 5141 ﬁrmi-

1911 5179 2019 5223 tate
2056 5179 2103 5223 et
2133 5171 2188 5222 in
2217 5171 2394 5223 uxoris
2423 5171 2805 5237 pulchritudine
2836 5173 3005 5238 ponis,
3037 5185 3126 5220 rex
3153 5173 3462 5235 purpurate,

1913 5262 2132 5332 Lucifer
2156 5263 2374 5331 familia:
2401 5262 2698 5315 Comnenw.
2730 5261 3015 5314 Pulchram
3068 5259 3156 5310 tibi
3177 5263 3465 5309 consortem

1914 5358 2164 5413 addidisti
2191 5365 2239 5409 et
2263 5354 2605 5415 bellatricem,
2660 5369 2777 5422 quae
2807 5353 2898 5405 tibi
2939 5369 2970 5402 a
2999 5349 3252 5418 principio
3285 5347 3466 5413 guber-

1914 5448 2163 5504 naculum
2191 5449 2365 5507 cessit,
2390 5457 2439 5499 et
2463 5449 2726 5514 hucusque
2748 5444 2895 5510 regni
2915 5455 3094 5492 curam
3126 5445 3291 5488 tecum
3308 5438 3463 5504 gerit.

1914 5538 2113 5593 Eadem
2144 5539 2233 5590 tibi
2259 5534 2562 5606 splendidas
2591 5535 2780 5602 ubique
2812 5530 3053 5583 victorias
3103 5534 3358 5595 reportat,
3385 5541 3467 5578 ve-

1913 5644 2052 5693 ram,
2085 5627 2320 5696 inquam,
2356 5624 2586 5679 victoriis
2624 5621 2870 5675 iatricem
2937 5617 3197 5687 Virginem
3248 5617 3469 5677 sanctis-
