  <div class='ocr_page' id='page_1' title='image "/cluster/home/n/w/nwhite01/storage/ocr_20150623/133/pst.000005714490/751.png"; bbox 0 0 4002 6332; ppageno 0'>
   <div class='ocr_carea' id='block_1_1' title="bbox 603 265 738 330">
    <p class='ocr_par' dir='ltr' id='par_1_1' title="bbox 603 265 738 330">
     <span class='ocr_line' id='line_1_1' title="bbox 603 265 738 330; baseline 0.015 -4"><span class='ocrx_word' id='word_1_1' title='bbox 603 265 738 330; x_wconf 71' lang='grc'><strong><em>1351</em></strong></span> 
     </span>
    </p>
   </div>
   <div class='ocr_carea' id='block_1_2' title="bbox 598 369 2037 445">
    <p class='ocr_par' dir='ltr' id='par_1_2' title="bbox 598 369 2037 445">
     <span class='ocr_line' id='line_1_2' title="bbox 598 369 2037 445; baseline -0.006 -15"><span class='ocrx_word' id='word_1_2' title='bbox 598 379 708 430; x_wconf 79' lang='grc' dir='ltr'><strong><em>Καὶ</em></strong></span> <span class='ocrx_word' id='word_1_3' title='bbox 733 374 837 428; x_wconf 83' lang='grc' dir='ltr'>τίνι</span> <span class='ocrx_word' id='word_1_4' title='bbox 866 392 957 428; x_wconf 88' lang='grc' dir='ltr'><strong><em>σου</em></strong></span> <span class='ocrx_word' id='word_1_5' title='bbox 986 375 1094 427; x_wconf 89' lang='grc' dir='ltr'><strong><em>τῶν</em></strong></span> <span class='ocrx_word' id='word_1_6' title='bbox 1119 369 1336 443; x_wconf 74' lang='grc' dir='ltr'>ἀγαθῶν</span> <span class='ocrx_word' id='word_1_7' title='bbox 1359 374 1744 445; x_wconf 75' lang='grc' dir='ltr'>εὐχαριστήσει</span> <span class='ocrx_word' id='word_1_8' title='bbox 1779 373 1997 443; x_wconf 85' lang='grc' dir='ltr'>πρῶτον</span> <span class='ocrx_word' id='word_1_9' title='bbox 2022 388 2037 437; x_wconf 90' lang='grc'><strong>;</strong></span> 
     </span>
    </p>
   </div>
   <div class='ocr_carea' id='block_1_3' title="bbox 597 465 2054 536">
    <p class='ocr_par' dir='ltr' id='par_1_3' title="bbox 597 465 2054 536">
     <span class='ocr_line' id='line_1_3' title="bbox 597 465 2054 536; baseline -0.002 -18"><span class='ocrx_word' id='word_1_10' title='bbox 597 467 922 536; x_wconf 77' lang='grc' dir='ltr'>’Δττοδημῶν</span> <span class='ocrx_word' id='word_1_11' title='bbox 950 466 1314 534; x_wconf 78' lang='grc' dir='ltr'>δουλαγωγεῖς</span> <span class='ocrx_word' id='word_1_12' title='bbox 1338 466 1406 518; x_wconf 84' lang='grc' dir='ltr'><strong><em>τά</em></strong></span> <span class='ocrx_word' id='word_1_13' title='bbox 1433 466 1576 534; x_wconf 80' lang='grc' dir='ltr'>φύλα</span> <span class='ocrx_word' id='word_1_14' title='bbox 1599 465 1710 518; x_wconf 89' lang='grc' dir='ltr'><strong><em>τῶν</em></strong></span> <span class='ocrx_word' id='word_1_15' title='bbox 1742 465 2054 535; x_wconf 72' lang='grc' dir='ltr'>βαρϐάρων,</span> 
     </span>
    </p>
   </div>
   <div class='ocr_carea' id='block_1_4' title="bbox 595 553 2088 624">
    <p class='ocr_par' dir='ltr' id='par_1_4' title="bbox 595 553 2088 624">
     <span class='ocr_line' id='line_1_4' title="bbox 595 553 2088 624; baseline -0.001 -18"><span class='ocrx_word' id='word_1_16' title='bbox 595 553 908 624; x_wconf 79' lang='grc' dir='ltr'>Ἐπιδημῶν</span> <span class='ocrx_word' id='word_1_17' title='bbox 932 556 1324 623; x_wconf 78' lang='grc' dir='ltr'>νυμφοστολεῖς</span> <span class='ocrx_word' id='word_1_18' title='bbox 1355 555 1448 607; x_wconf 72' lang='grc' dir='ltr'>καὶ</span> <span class='ocrx_word' id='word_1_19' title='bbox 1479 554 1817 623; x_wconf 76' lang='grc' dir='ltr'><strong><em>πανηγύρεις</em></strong></span> <span class='ocrx_word' id='word_1_20' title='bbox 1843 553 2088 614; x_wconf 66' lang='grc' dir='ltr'>πλέκεις,</span> 
     </span>
    </p>
   </div>
   <div class='ocr_carea' id='block_1_5' title="bbox 597 633 1882 716">
    <p class='ocr_par' dir='ltr' id='par_1_5' title="bbox 597 633 1882 716">
     <span class='ocr_line' id='line_1_5' title="bbox 597 633 1882 716; baseline 0 -18"><span class='ocrx_word' id='word_1_21' title='bbox 597 646 785 714; x_wconf 79' lang='grc' dir='ltr'>Χαρᾶς</span> <span class='ocrx_word' id='word_1_22' title='bbox 815 647 986 716; x_wconf 82' lang='grc' dir='ltr'>χαρὰν</span> <span class='ocrx_word' id='word_1_23' title='bbox 1020 647 1262 716; x_wconf 80' lang='grc' dir='ltr'><strong><em>διάδοχον</em></strong></span> <span class='ocrx_word' id='word_1_24' title='bbox 1292 633 1378 698; x_wconf 79' lang='grc' dir='ltr'><strong><em>άεί</em></strong></span> <span class='ocrx_word' id='word_1_25' title='bbox 1405 661 1538 697; x_wconf 81' lang='grc' dir='ltr'>ποτε</span> <span class='ocrx_word' id='word_1_26' title='bbox 1574 644 1882 714; x_wconf 78' lang='grc' dir='ltr'>βραϐεύων.</span> 
     </span>
    </p>
   </div>
   <div class='ocr_carea' id='block_1_6' title="bbox 597 734 1986 806">
    <p class='ocr_par' dir='ltr' id='par_1_6' title="bbox 597 734 1986 806">
     <span class='ocr_line' id='line_1_6' title="bbox 597 734 1986 806; baseline -0.003 -18"><span class='ocrx_word' id='word_1_27' title='bbox 597 738 726 797; x_wconf 79' lang='grc' dir='ltr'>Θεός</span> <span class='ocrx_word' id='word_1_28' title='bbox 764 754 846 788; x_wconf 90' lang='grc' dir='ltr'><strong><em>σοι</em></strong></span> <span class='ocrx_word' id='word_1_29' title='bbox 873 736 969 806; x_wconf 77' lang='grc' dir='ltr'>τὴν</span> <span class='ocrx_word' id='word_1_30' title='bbox 991 736 1332 806; x_wconf 75' lang='grc' dir='ltr'>άνταμιοιόὴν</span> <span class='ocrx_word' id='word_1_31' title='bbox 1365 737 1461 788; x_wconf 69' lang='grc' dir='ltr'>καὶ</span> <span class='ocrx_word' id='word_1_32' title='bbox 1491 736 1652 804; x_wconf 82' lang='grc' dir='ltr'><strong><em>μόνος</em></strong></span> <span class='ocrx_word' id='word_1_33' title='bbox 1684 734 1986 788; x_wconf 76' lang='grc' dir='ltr'><strong><em>ἀντιδώσει.</em></strong></span> 
     </span>
    </p>
   </div>
   <div class='ocr_carea' id='block_1_7' title="bbox 597 813 2015 898">
    <p class='ocr_par' dir='ltr' id='par_1_7' title="bbox 597 813 2015 898">
     <span class='ocr_line' id='line_1_7' title="bbox 597 813 2015 898; baseline -0.004 -18"><span class='ocrx_word' id='word_1_34' title='bbox 597 829 771 898; x_wconf 83' lang='grc' dir='ltr'><strong><em>Χαῖρὲ</em></strong></span> <span class='ocrx_word' id='word_1_35' title='bbox 800 845 910 896; x_wconf 92' lang='grc' dir='ltr'>μοι,</span> <span class='ocrx_word' id='word_1_36' title='bbox 943 835 1127 896; x_wconf 77' lang='grc' dir='ltr'>νύμφη</span> <span class='ocrx_word' id='word_1_37' title='bbox 1152 813 1435 895; x_wconf 84' lang='grc' dir='ltr'>τηλαυγὴς</span> <span class='ocrx_word' id='word_1_38' title='bbox 1474 826 1568 879; x_wconf 72' lang='grc' dir='ltr'>καὶ</span> <span class='ocrx_word' id='word_1_39' title='bbox 1594 824 2015 896; x_wconf 74' lang='grc' dir='ltr'><strong><em>βασιλικωτάτη,</em></strong></span> 
     </span>
    </p>
   </div>
   <div class='ocr_carea' id='block_1_8' title="bbox 595 912 2068 985">
    <p class='ocr_par' dir='ltr' id='par_1_8' title="bbox 595 912 2068 985">
     <span class='ocr_line' id='line_1_8' title="bbox 595 912 2068 985; baseline -0.004 -15"><span class='ocrx_word' id='word_1_40' title='bbox 595 919 692 970; x_wconf 81' lang='grc' dir='ltr'>Ἐκ</span> <span class='ocrx_word' id='word_1_41' title='bbox 717 916 996 985; x_wconf 80' lang='grc' dir='ltr'><strong><em>τριγονίας</em></strong></span> <span class='ocrx_word' id='word_1_42' title='bbox 1025 917 1267 983; x_wconf 77' lang='grc' dir='ltr'>φέρουσα</span> <span class='ocrx_word' id='word_1_43' title='bbox 1293 915 1352 966; x_wconf 82' lang='grc' dir='ltr'>τὸ</span> <span class='ocrx_word' id='word_1_44' title='bbox 1385 915 1692 983; x_wconf 76' lang='grc' dir='ltr'>πάνσεμνον</span> <span class='ocrx_word' id='word_1_45' title='bbox 1723 912 1819 965; x_wconf 81' lang='grc' dir='ltr'>τοῦ</span> <span class='ocrx_word' id='word_1_46' title='bbox 1854 914 2068 979; x_wconf 80' lang='grc' dir='ltr'>γένους,</span> 
     </span>
    </p>
   </div>
   <div class='ocr_carea' id='block_1_9' title="bbox 599 1004 1940 1075">
    <p class='ocr_par' dir='ltr' id='par_1_9' title="bbox 599 1004 1940 1075">
     <span class='ocr_line' id='line_1_9' title="bbox 599 1004 1940 1075; baseline -0.003 -15"><span class='ocrx_word' id='word_1_47' title='bbox 599 1007 908 1075; x_wconf 72' lang='grc' dir='ltr'>Περιφανὴς</span> <span class='ocrx_word' id='word_1_48' title='bbox 936 1005 1074 1058; x_wconf 82' lang='grc' dir='ltr'>κατὰ</span> <span class='ocrx_word' id='word_1_49' title='bbox 1097 1005 1299 1075; x_wconf 71' lang='grc' dir='ltr'>ψυχὴν,</span> <span class='ocrx_word' id='word_1_50' title='bbox 1323 1006 1652 1075; x_wconf 67' lang='grc' dir='ltr'>περικαλλὴς</span> <span class='ocrx_word' id='word_1_51' title='bbox 1675 1005 1734 1057; x_wconf 82' lang='grc' dir='ltr'>τὸ</span> <span class='ocrx_word' id='word_1_52' title='bbox 1762 1004 1940 1074; x_wconf 85' lang='grc' dir='ltr'>σῶμα,</span> 
     </span>
    </p>
   </div>
   <div class='ocr_carea' id='block_1_10' title="bbox 608 1095 1879 1165">
    <p class='ocr_par' dir='ltr' id='par_1_10' title="bbox 608 1095 1879 1165">
     <span class='ocr_line' id='line_1_10' title="bbox 608 1095 1879 1165; baseline -0.002 -17"><span class='ocrx_word' id='word_1_53' title='bbox 608 1099 789 1165; x_wconf 80' lang='grc' dir='ltr'>Ὠραίε</span> <span class='ocrx_word' id='word_1_54' title='bbox 826 1098 983 1149; x_wconf 79' lang='grc' dir='ltr'>κλάδε</span> <span class='ocrx_word' id='word_1_55' title='bbox 1013 1098 1106 1149; x_wconf 77' lang='grc' dir='ltr'>καὶ</span> <span class='ocrx_word' id='word_1_56' title='bbox 1139 1097 1272 1148; x_wconf 81' lang='grc' dir='ltr'>καλὲ</span> <span class='ocrx_word' id='word_1_57' title='bbox 1308 1097 1478 1165; x_wconf 82' lang='grc' dir='ltr'>καλῆς</span> <span class='ocrx_word' id='word_1_58' title='bbox 1511 1095 1879 1148; x_wconf 86' lang='grc' dir='ltr'>καλλιελαίου.</span> 
     </span>
    </p>
   </div>
   <div class='ocr_carea' id='block_1_11' title="bbox 609 1185 1930 1258">
    <p class='ocr_par' dir='ltr' id='par_1_11' title="bbox 609 1185 1930 1258">
     <span class='ocr_line' id='line_1_11' title="bbox 609 1185 1930 1258; baseline -0.005 -18"><span class='ocrx_word' id='word_1_59' title='bbox 609 1189 696 1251; x_wconf 83' lang='grc' dir='ltr'>Ὠς</span> <span class='ocrx_word' id='word_1_60' title='bbox 725 1188 948 1258; x_wconf 82' lang='grc' dir='ltr'>ἄριστον</span> <span class='ocrx_word' id='word_1_61' title='bbox 983 1191 1039 1240; x_wconf 87' lang='grc' dir='ltr'>ὲν</span> <span class='ocrx_word' id='word_1_62' title='bbox 1078 1189 1278 1241; x_wconf 76' lang='grc' dir='ltr'>ἅπασιν</span> <span class='ocrx_word' id='word_1_63' title='bbox 1317 1188 1542 1257; x_wconf 71' lang='grc' dir='ltr'>ἡρμόσω</span> <span class='ocrx_word' id='word_1_64' title='bbox 1564 1187 1655 1238; x_wconf 86' lang='grc' dir='ltr'>τὸν</span> <span class='ocrx_word' id='word_1_65' title='bbox 1679 1185 1930 1254; x_wconf 84' lang='grc' dir='ltr'>νυμφίον,</span> 
     </span>
    </p>
   </div>
   <div class='ocr_carea' id='block_1_12' title="bbox 598 1275 1938 1349">
    <p class='ocr_par' dir='ltr' id='par_1_12' title="bbox 598 1275 1938 1349">
     <span class='ocr_line' id='line_1_12' title="bbox 598 1275 1938 1349; baseline -0.004 -19"><span class='ocrx_word' id='word_1_66' title='bbox 598 1280 756 1341; x_wconf 75' lang='grc' dir='ltr'>Νέον,</span> <span class='ocrx_word' id='word_1_67' title='bbox 787 1280 1010 1349; x_wconf 82' lang='grc' dir='ltr'>ὡραῖον,</span> <span class='ocrx_word' id='word_1_68' title='bbox 1045 1280 1263 1348; x_wconf 78' lang='grc' dir='ltr'>εὐγενῆ,</span> <span class='ocrx_word' id='word_1_69' title='bbox 1304 1279 1535 1346; x_wconf 82' lang='grc' dir='ltr'>γεννάδα</span> <span class='ocrx_word' id='word_1_70' title='bbox 1567 1275 1938 1346; x_wconf 81' lang='grc' dir='ltr'><strong><em>στρατιώτην,</em></strong></span> 
     </span>
    </p>
   </div>
   <div class='ocr_carea' id='block_1_13' title="bbox 592 1367 2152 1441">
    <p class='ocr_par' dir='ltr' id='par_1_13' title="bbox 592 1367 2152 1441">
     <span class='ocr_line' id='line_1_13' title="bbox 592 1367 2152 1441; baseline -0.003 -17"><span class='ocrx_word' id='word_1_71' title='bbox 592 1373 841 1441; x_wconf 76' lang='grc' dir='ltr'>Χρηστὸν</span> <span class='ocrx_word' id='word_1_72' title='bbox 871 1373 936 1424; x_wconf 76' lang='grc' dir='ltr'><strong><em>τά</em></strong></span> <span class='ocrx_word' id='word_1_73' title='bbox 967 1373 1140 1425; x_wconf 87' lang='grc' dir='ltr'>πάντα</span> <span class='ocrx_word' id='word_1_74' title='bbox 1169 1375 1264 1423; x_wconf 76' lang='grc' dir='ltr'>καὶ</span> <span class='ocrx_word' id='word_1_75' title='bbox 1296 1371 1461 1423; x_wconf 66' lang='grc' dir='ltr'>καλὸν</span> <span class='ocrx_word' id='word_1_76' title='bbox 1501 1369 1596 1421; x_wconf 81' lang='grc' dir='ltr'>καὶ</span> <span class='ocrx_word' id='word_1_77' title='bbox 1627 1367 2152 1436; x_wconf 83' lang='grc' dir='ltr'>κατερυθμισμένον·</span> 
     </span>
    </p>
   </div>
   <div class='ocr_carea' id='block_1_14' title="bbox 603 1461 1986 1532">
    <p class='ocr_par' dir='ltr' id='par_1_14' title="bbox 603 1461 1986 1532">
     <span class='ocr_line' id='line_1_14' title="bbox 603 1461 1986 1532; baseline -0.007 -13"><span class='ocrx_word' id='word_1_78' title='bbox 603 1465 691 1524; x_wconf 80' lang='grc' dir='ltr'>Ὠς</span> <span class='ocrx_word' id='word_1_79' title='bbox 717 1463 955 1532; x_wconf 75' lang='grc' dir='ltr'>χαίροιεν</span> <span class='ocrx_word' id='word_1_80' title='bbox 989 1463 1036 1514; x_wconf 82' lang='lat' dir='ltr'><strong><em>oi</em></strong></span> <span class='ocrx_word' id='word_1_81' title='bbox 1064 1461 1251 1513; x_wconf 80' lang='grc' dir='ltr'>τοῦτόν</span> <span class='ocrx_word' id='word_1_82' title='bbox 1285 1478 1366 1512; x_wconf 89' lang='grc' dir='ltr'><strong><em>σοι</em></strong></span> <span class='ocrx_word' id='word_1_83' title='bbox 1395 1461 1986 1528; x_wconf 75' lang='grc' dir='ltr'>νενυμφαγωγηκὸτεςο</span> 
     </span>
    </p>
   </div>
   <div class='ocr_carea' id='block_1_15' title="bbox 590 1550 1974 1618">
    <p class='ocr_par' dir='ltr' id='par_1_15' title="bbox 590 1550 1974 1618">
     <span class='ocr_line' id='line_1_15' title="bbox 590 1550 1974 1618; baseline -0.004 -12"><span class='ocrx_word' id='word_1_84' title='bbox 590 1556 698 1606; x_wconf 85' lang='lat' dir='ltr'><strong><em>Kal</em></strong></span> <span class='ocrx_word' id='word_1_85' title='bbox 733 1555 801 1606; x_wconf 75' lang='grc' dir='ltr'><strong><em>τά</em></strong></span> <span class='ocrx_word' id='word_1_86' title='bbox 836 1555 931 1617; x_wconf 86' lang='grc' dir='ltr'>μὲν</span> <span class='ocrx_word' id='word_1_87' title='bbox 962 1552 1030 1603; x_wconf 76' lang='grc' dir='ltr'>σὰ</span> <span class='ocrx_word' id='word_1_88' title='bbox 1057 1551 1328 1618; x_wconf 48' lang='grc' dir='ltr'>περισανῆ</span> <span class='ocrx_word' id='word_1_89' title='bbox 1355 1550 1715 1618; x_wconf 83' lang='grc' dir='ltr'>τυγχάνουσι,</span> <span class='ocrx_word' id='word_1_90' title='bbox 1752 1551 1974 1617; x_wconf 74' lang='grc' dir='ltr'>νυμφίε·</span> 
     </span>
    </p>
   </div>
   <div class='ocr_carea' id='block_1_16' title="bbox 601 1636 2008 1708">
    <p class='ocr_par' dir='ltr' id='par_1_16' title="bbox 601 1636 2008 1708">
     <span class='ocr_line' id='line_1_16' title="bbox 601 1636 2008 1708; baseline -0.002 -19"><span class='ocrx_word' id='word_1_91' title='bbox 601 1641 659 1689; x_wconf 88' lang='grc' dir='ltr'>Ὀ</span> <span class='ocrx_word' id='word_1_92' title='bbox 681 1639 740 1690; x_wconf 76' lang='grc' dir='ltr'>δὲ</span> <span class='ocrx_word' id='word_1_93' title='bbox 769 1637 1018 1708; x_wconf 84' lang='grc' dir='ltr'>νυμφὼν,</span> <span class='ocrx_word' id='word_1_94' title='bbox 1051 1641 1084 1707; x_wconf 77' lang='grc' dir='ltr'><strong>ἡ</strong></span> <span class='ocrx_word' id='word_1_95' title='bbox 1110 1639 1165 1690; x_wconf 82' lang='grc' dir='ltr'>δὲ</span> <span class='ocrx_word' id='word_1_96' title='bbox 1197 1636 1431 1704; x_wconf 74' lang='grc' dir='ltr'>παστὰς,</span> <span class='ocrx_word' id='word_1_97' title='bbox 1460 1640 1492 1707; x_wconf 81' lang='grc' dir='ltr'><strong>ή</strong></span> <span class='ocrx_word' id='word_1_98' title='bbox 1525 1638 1580 1691; x_wconf 79' lang='grc' dir='ltr'>δὲ</span> <span class='ocrx_word' id='word_1_99' title='bbox 1617 1640 2008 1708; x_wconf 80' lang='grc' dir='ltr'>νυμφαγωγία,</span> 
     </span>
    </p>
   </div>
   <div class='ocr_carea' id='block_1_17' title="bbox 590 1727 1806 1794">
    <p class='ocr_par' dir='ltr' id='par_1_17' title="bbox 590 1727 1806 1794">
     <span class='ocr_line' id='line_1_17' title="bbox 590 1727 1806 1794; baseline 0.001 -13"><span class='ocrx_word' id='word_1_100' title='bbox 590 1728 895 1781; x_wconf 79' lang='grc' dir='ltr'>Ἐδξσσευσέ</span> <span class='ocrx_word' id='word_1_101' title='bbox 923 1745 1003 1780; x_wconf 90' lang='grc' dir='ltr'><strong><em>σοι</em></strong></span> <span class='ocrx_word' id='word_1_102' title='bbox 1032 1729 1090 1780; x_wconf 80' lang='grc' dir='ltr'>τὸ</span> <span class='ocrx_word' id='word_1_103' title='bbox 1111 1727 1292 1794; x_wconf 78' lang='grc' dir='ltr'>καλὸν,</span> <span class='ocrx_word' id='word_1_104' title='bbox 1324 1729 1674 1782; x_wconf 76' lang='grc' dir='ltr'>ἐδιπλασίασέ</span> <span class='ocrx_word' id='word_1_105' title='bbox 1701 1745 1806 1782; x_wconf 89' lang='grc' dir='ltr'>σοι·</span> 
     </span>
    </p>
   </div>
   <div class='ocr_carea' id='block_1_18' title="bbox 587 1819 2046 1892">
    <p class='ocr_par' dir='ltr' id='par_1_18' title="bbox 587 1819 2046 1892">
     <span class='ocr_line' id='line_1_18' title="bbox 587 1819 2046 1892; baseline 0.001 -20"><span class='ocrx_word' id='word_1_106' title='bbox 587 1819 747 1888; x_wconf 79' lang='grc' dir='ltr'>Λύτῷ</span> <span class='ocrx_word' id='word_1_107' title='bbox 783 1821 890 1890; x_wconf 81' lang='grc' dir='ltr'>γὰρ</span> <span class='ocrx_word' id='word_1_108' title='bbox 915 1820 991 1889; x_wconf 81' lang='grc' dir='ltr'>τῷ</span> <span class='ocrx_word' id='word_1_109' title='bbox 1023 1819 1354 1890; x_wconf 80' lang='grc' dir='ltr'>Κομνηνικῷ</span> <span class='ocrx_word' id='word_1_110' title='bbox 1388 1821 1846 1892; x_wconf 82' lang='grc' dir='ltr'>συνεφηρμόσθης</span> <span class='ocrx_word' id='word_1_111' title='bbox 1877 1823 2046 1890; x_wconf 80' lang='grc' dir='ltr'>γένει,</span> 
     </span>
    </p>
   </div>
   <div class='ocr_carea' id='block_1_19' title="bbox 589 1911 2014 1982">
    <p class='ocr_par' dir='ltr' id='par_1_19' title="bbox 589 1911 2014 1982">
     <span class='ocr_line' id='line_1_19' title="bbox 589 1911 2014 1982; baseline 0 -18"><span class='ocrx_word' id='word_1_112' title='bbox 589 1911 699 1964; x_wconf 87' lang='lat' dir='ltr'><strong><em>Kal</em></strong></span> <span class='ocrx_word' id='word_1_113' title='bbox 729 1913 1084 1981; x_wconf 74' lang='grc' dir='ltr'>λαμπροτάτη</span> <span class='ocrx_word' id='word_1_114' title='bbox 1119 1915 1374 1964; x_wconf 80' lang='grc' dir='ltr'>κοινωνὸν</span> <span class='ocrx_word' id='word_1_115' title='bbox 1403 1912 1718 1981; x_wconf 78' lang='grc' dir='ltr'>ηὐτύχησας</span> <span class='ocrx_word' id='word_1_116' title='bbox 1745 1914 1839 1966; x_wconf 84' lang='grc' dir='ltr'>τοῦ</span> <span class='ocrx_word' id='word_1_117' title='bbox 1873 1913 2014 1982; x_wconf 89' lang='grc' dir='ltr'>βίου,</span> 
     </span>
    </p>
   </div>
   <div class='ocr_carea' id='block_1_20' title="bbox 587 1999 2005 2071">
    <p class='ocr_par' dir='ltr' id='par_1_20' title="bbox 587 1999 2005 2071">
     <span class='ocr_line' id='line_1_20' title="bbox 587 1999 2005 2071; baseline 0.001 -17"><span class='ocrx_word' id='word_1_118' title='bbox 587 2006 710 2063; x_wconf 82' lang='grc' dir='ltr'><strong><em>Τοῖς</em></strong></span> <span class='ocrx_word' id='word_1_119' title='bbox 738 2006 902 2054; x_wconf 83' lang='grc' dir='ltr'>πᾶσιν</span> <span class='ocrx_word' id='word_1_120' title='bbox 928 2004 1329 2071; x_wconf 82' lang='grc' dir='ltr'>ἀπαράμιλλον,</span> <span class='ocrx_word' id='word_1_121' title='bbox 1367 2003 1557 2053; x_wconf 84' lang='grc' dir='ltr'>πασῶν</span> <span class='ocrx_word' id='word_1_122' title='bbox 1584 2005 1820 2070; x_wconf 82' lang='grc' dir='ltr'>χαρίτων</span> <span class='ocrx_word' id='word_1_123' title='bbox 1853 1999 2005 2056; x_wconf 78' lang='grc' dir='ltr'>οἶκον</span> 
     </span>
    </p>
   </div>
   <div class='ocr_carea' id='block_1_21' title="bbox 587 2091 2150 2164">
    <p class='ocr_par' dir='ltr' id='par_1_21' title="bbox 587 2091 2150 2164">
     <span class='ocr_line' id='line_1_21' title="bbox 587 2091 2150 2164; baseline -0.001 -19"><span class='ocrx_word' id='word_1_124' title='bbox 587 2096 707 2146; x_wconf 72' lang='grc' dir='ltr'><strong><em>Τῶν</em></strong></span> <span class='ocrx_word' id='word_1_125' title='bbox 743 2097 805 2147; x_wconf 82' lang='grc' dir='ltr'>ὲκ</span> <span class='ocrx_word' id='word_1_126' title='bbox 826 2093 1003 2164; x_wconf 75' lang='grc' dir='ltr'>ψυχῆς</span> <span class='ocrx_word' id='word_1_127' title='bbox 1031 2095 1124 2147; x_wconf 86' lang='grc' dir='ltr'>καὶ</span> <span class='ocrx_word' id='word_1_128' title='bbox 1152 2093 1406 2164; x_wconf 87' lang='grc' dir='ltr'>σώματος</span> <span class='ocrx_word' id='word_1_129' title='bbox 1453 2093 1547 2145; x_wconf 75' lang='grc' dir='ltr'>καὶ</span> <span class='ocrx_word' id='word_1_130' title='bbox 1577 2092 1685 2144; x_wconf 91' lang='grc' dir='ltr'><strong><em>τῶν</em></strong></span> <span class='ocrx_word' id='word_1_131' title='bbox 1710 2092 1818 2146; x_wconf 76' lang='grc' dir='ltr'><strong><em>ἀπὸ</em></strong></span> <span class='ocrx_word' id='word_1_132' title='bbox 1843 2094 1941 2163; x_wconf 86' lang='grc' dir='ltr'>τῆς</span> <span class='ocrx_word' id='word_1_133' title='bbox 1963 2091 2150 2162; x_wconf 67' lang='grc' dir='ltr'>τύχης*</span> 
     </span>
    </p>
   </div>
   <div class='ocr_carea' id='block_1_22' title="bbox 593 2189 2091 2262">
    <p class='ocr_par' dir='ltr' id='par_1_22' title="bbox 593 2189 2091 2262">
     <span class='ocr_line' id='line_1_22' title="bbox 593 2189 2091 2262; baseline -0.001 -18"><span class='ocrx_word' id='word_1_134' title='bbox 593 2195 663 2244; x_wconf 87' lang='grc' dir='ltr'><em>Ἢ</em></span> <span class='ocrx_word' id='word_1_135' title='bbox 693 2193 781 2244; x_wconf 80' lang='grc' dir='ltr'>καὶ</span> <span class='ocrx_word' id='word_1_136' title='bbox 811 2191 1131 2262; x_wconf 83' lang='grc' dir='ltr'>συγχαίροις</span> <span class='ocrx_word' id='word_1_137' title='bbox 1160 2191 1216 2253; x_wconf 73' lang='grc' dir='ltr'>ἐς</span> <span class='ocrx_word' id='word_1_138' title='bbox 1246 2191 1454 2262; x_wconf 82' lang='grc' dir='ltr'>μακρὸν</span> <span class='ocrx_word' id='word_1_139' title='bbox 1485 2190 1592 2252; x_wconf 75' lang='grc' dir='ltr'>ἕως</span> <span class='ocrx_word' id='word_1_140' title='bbox 1616 2189 1848 2258; x_wconf 78' lang='grc' dir='ltr'>ἐσχάτου</span> <span class='ocrx_word' id='word_1_141' title='bbox 1881 2189 2091 2259; x_wconf 75' lang='grc' dir='ltr'>γήρως.</span> 
     </span>
    </p>
   </div>
   <div class='ocr_carea' id='block_1_23' title="bbox 657 2281 2107 2353">
    <p class='ocr_par' dir='ltr' id='par_1_23' title="bbox 657 2281 2107 2353">
     <span class='ocr_line' id='line_1_23' title="bbox 657 2281 2107 2353; baseline -0.002 -16"><span class='ocrx_word' id='word_1_142' title='bbox 657 2286 867 2353; x_wconf 79' lang='grc' dir='ltr'>Κόσμει</span> <span class='ocrx_word' id='word_1_143' title='bbox 894 2283 990 2336; x_wconf 71' lang='grc' dir='ltr'>καὶ</span> <span class='ocrx_word' id='word_1_144' title='bbox 1024 2286 1088 2336; x_wconf 83' lang='grc' dir='ltr'>σὺ</span> <span class='ocrx_word' id='word_1_145' title='bbox 1121 2283 1219 2352; x_wconf 79' lang='grc' dir='ltr'>τὴν</span> <span class='ocrx_word' id='word_1_146' title='bbox 1251 2283 1444 2353; x_wconf 77' lang='grc' dir='ltr'>ἑορτὴν</span> <span class='ocrx_word' id='word_1_147' title='bbox 1476 2286 1583 2335; x_wconf 89' lang='grc' dir='ltr'><strong><em>τῶν</em></strong></span> <span class='ocrx_word' id='word_1_148' title='bbox 1619 2281 2107 2351; x_wconf 85' lang='grc' dir='ltr'>πασταδοπηγίων,</span> 
     </span>
    </p>
   </div>
   <div class='ocr_carea' id='block_1_24' title="bbox 585 2373 2064 2444">
    <p class='ocr_par' dir='ltr' id='par_1_24' title="bbox 585 2373 2064 2444">
     <span class='ocr_line' id='line_1_24' title="bbox 585 2373 2064 2444; baseline -0.003 -16"><span class='ocrx_word' id='word_1_149' title='bbox 585 2377 695 2428; x_wconf 83' lang='lat' dir='ltr'><strong><em>Kal</em></strong></span> <span class='ocrx_word' id='word_1_150' title='bbox 722 2377 813 2427; x_wconf 81' lang='grc' dir='ltr'>τὸν</span> <span class='ocrx_word' id='word_1_151' title='bbox 846 2376 941 2444; x_wconf 83' lang='grc' dir='ltr'>τῆς</span> <span class='ocrx_word' id='word_1_152' title='bbox 973 2375 1366 2442; x_wconf 82' lang='grc' dir='ltr'>ἀδελφόπαιδος</span> <span class='ocrx_word' id='word_1_153' title='bbox 1403 2373 1824 2443; x_wconf 77' lang='grc' dir='ltr'>συντελετάρχιι</span> <span class='ocrx_word' id='word_1_154' title='bbox 1860 2374 2064 2442; x_wconf 80' lang='grc' dir='ltr'>γάμον,</span> 
     </span>
    </p>
   </div>
   <div class='ocr_carea' id='block_1_25' title="bbox 552 2461 1910 2554">
    <p class='ocr_par' dir='ltr' id='par_1_25' title="bbox 552 2461 1910 2554">
     <span class='ocr_line' id='line_1_25' title="bbox 552 2461 1910 2554; baseline -0.004 -35"><span class='ocrx_word' id='word_1_155' title='bbox 552 2468 756 2554; x_wconf 49' lang='grc' dir='ltr'><strong><em>⁸’Ἁναξ</em></strong></span> <span class='ocrx_word' id='word_1_156' title='bbox 789 2465 849 2528; x_wconf 77' lang='grc' dir='ltr'>ἐξ</span> <span class='ocrx_word' id='word_1_157' title='bbox 884 2464 1304 2534; x_wconf 84' lang='grc' dir='ltr'>αὐτοκράτορος,</span> <span class='ocrx_word' id='word_1_158' title='bbox 1335 2462 1449 2529; x_wconf 84' lang='grc' dir='ltr'><strong><em>φῶς</em></strong></span> <span class='ocrx_word' id='word_1_159' title='bbox 1479 2461 1537 2525; x_wconf 66' lang='grc' dir='ltr'><strong><em>ἐξ</em></strong></span> <span class='ocrx_word' id='word_1_160' title='bbox 1561 2461 1712 2529; x_wconf 77' lang='grc' dir='ltr'>ἡλίου</span> <span class='ocrx_word' id='word_1_161' title='bbox 1741 2461 1910 2530; x_wconf 86' lang='grc' dir='ltr'>μέγα,</span> 
     </span>
    </p>
   </div>
   <div class='ocr_carea' id='block_1_26' title="bbox 583 2553 2151 2628">
    <p class='ocr_par' dir='ltr' id='par_1_26' title="bbox 583 2553 2151 2628">
     <span class='ocr_line' id='line_1_26' title="bbox 583 2553 2151 2628; baseline -0.003 -17"><span class='ocrx_word' id='word_1_162' title='bbox 583 2557 702 2611; x_wconf 85' lang='grc' dir='ltr'>Τῶν</span> <span class='ocrx_word' id='word_1_163' title='bbox 733 2557 842 2628; x_wconf 79' lang='grc' dir='ltr'>μὲν</span> <span class='ocrx_word' id='word_1_164' title='bbox 863 2557 1064 2609; x_wconf 83' lang='grc' dir='ltr'>λοιπῶν</span> <span class='ocrx_word' id='word_1_165' title='bbox 1109 2553 1581 2625; x_wconf 75' lang='grc' dir='ltr'>προφρνκτωρῶν,</span> <span class='ocrx_word' id='word_1_166' title='bbox 1616 2553 1692 2623; x_wconf 84' lang='grc' dir='ltr'>τῷ</span> <span class='ocrx_word' id='word_1_167' title='bbox 1722 2554 1781 2606; x_wconf 73' lang='grc' dir='ltr'>δὲ</span> <span class='ocrx_word' id='word_1_168' title='bbox 1825 2554 1993 2624; x_wconf 75' lang='grc' dir='ltr'>πατρὶ</span> <span class='ocrx_word' id='word_1_169' title='bbox 2026 2553 2151 2607; x_wconf 88' lang='grc' dir='ltr'>συλ-</span> 
     </span>
    </p>
   </div>
   <div class='ocr_carea' id='block_1_27' title="bbox 1763 2644 2041 2717">
    <p class='ocr_par' dir='ltr' id='par_1_27' title="bbox 1763 2644 2041 2717">
     <span class='ocr_line' id='line_1_27' title="bbox 1763 2644 2041 2717; baseline 0.014 -23"><span class='ocrx_word' id='word_1_170' title='bbox 1763 2644 1853 2717; x_wconf 82' lang='grc' dir='ltr'>[λά</span> <span class='ocrx_word' id='word_1_171' title='bbox 1860 2661 2041 2716; x_wconf 74' lang='grc' dir='ltr'>μπωνο</span> 
     </span>
    </p>
   </div>
   <div class='ocr_carea' id='block_1_28' title="bbox 584 2731 2078 2805">
    <p class='ocr_par' dir='ltr' id='par_1_28' title="bbox 584 2731 2078 2805">
     <span class='ocr_line' id='line_1_28' title="bbox 584 2731 2078 2805; baseline -0.001 -14"><span class='ocrx_word' id='word_1_172' title='bbox 584 2731 659 2791; x_wconf 76' lang='grc' dir='ltr'>ῦῖι</span> <span class='ocrx_word' id='word_1_173' title='bbox 689 2737 782 2790; x_wconf 73' lang='grc' dir='ltr'>καὶ</span> <span class='ocrx_word' id='word_1_174' title='bbox 809 2736 977 2805; x_wconf 76' lang='grc' dir='ltr'>μιμοῦ</span> <span class='ocrx_word' id='word_1_175' title='bbox 1008 2737 1106 2798; x_wconf 64' lang='grc' dir='ltr'>τὶς</span> <span class='ocrx_word' id='word_1_176' title='bbox 1130 2736 1328 2805; x_wconf 75' lang='grc' dir='ltr'>ἀρετάς</span> <span class='ocrx_word' id='word_1_177' title='bbox 1354 2738 1448 2789; x_wconf 76' lang='grc' dir='ltr'>καὶ</span> <span class='ocrx_word' id='word_1_178' title='bbox 1476 2735 1647 2805; x_wconf 74' lang='grc' dir='ltr'>ζήλου</span> <span class='ocrx_word' id='word_1_179' title='bbox 1672 2737 1796 2798; x_wconf 82' lang='grc' dir='ltr'>τοὺς</span> <span class='ocrx_word' id='word_1_180' title='bbox 1821 2737 2040 2804; x_wconf 82' lang='grc' dir='ltr'>ἀγῶνας</span> <span class='ocrx_word' id='word_1_181' title='bbox 2062 2775 2078 2798; x_wconf 95' lang='grc'><strong><em>,</em></strong></span> 
     </span>
    </p>
   </div>
   <div class='ocr_carea' id='block_1_29' title="bbox 581 2826 2249 2896">
    <p class='ocr_par' dir='ltr' id='par_1_29' title="bbox 581 2826 2249 2896">
     <span class='ocr_line' id='line_1_29' title="bbox 581 2826 2249 2896; baseline -0.001 -16"><span class='ocrx_word' id='word_1_182' title='bbox 581 2829 690 2880; x_wconf 83' lang='lat' dir='ltr'><strong><em>Kal</em></strong></span> <span class='ocrx_word' id='word_1_183' title='bbox 711 2829 832 2888; x_wconf 76' lang='grc' dir='ltr'>τοὺς</span> <span class='ocrx_word' id='word_1_184' title='bbox 850 2826 1112 2896; x_wconf 80' lang='grc' dir='ltr'>ἀτρύτους</span> <span class='ocrx_word' id='word_1_185' title='bbox 1138 2829 1230 2877; x_wconf 68' lang='grc' dir='ltr'>καὶ</span> <span class='ocrx_word' id='word_1_186' title='bbox 1252 2827 1448 2887; x_wconf 79' lang='grc' dir='ltr'>καλοὺς</span> <span class='ocrx_word' id='word_1_187' title='bbox 1473 2828 1613 2894; x_wconf 78' lang='grc' dir='ltr'>ὑπὲρ</span> <span class='ocrx_word' id='word_1_188' title='bbox 1634 2828 1889 2879; x_wconf 78' lang='grc' dir='ltr'>Αὐσόνων</span> <span class='ocrx_word' id='word_1_189' title='bbox 1929 2828 2146 2880; x_wconf 68' lang='grc' dir='ltr'>πόνους.</span> <span class='ocrx_word' id='word_1_190' title='bbox 2239 2857 2249 2862; x_wconf 95' lang='grc'><strong>-</strong></span> 
     </span>
    </p>
   </div>
   <div class='ocr_carea' id='block_1_30' title="bbox 520 2915 2040 2987">
    <p class='ocr_par' dir='ltr' id='par_1_30' title="bbox 520 2915 2040 2987">
     <span class='ocr_line' id='line_1_30' title="bbox 520 2915 2040 2987; baseline -0.004 -13"><span class='ocrx_word' id='word_1_191' title='bbox 520 2915 529 2924; x_wconf 75' lang='grc'><em>’</em></span> <span class='ocrx_word' id='word_1_192' title='bbox 583 2923 692 2975; x_wconf 84' lang='lat' dir='ltr'><strong><em>Kal</em></strong></span> <span class='ocrx_word' id='word_1_193' title='bbox 720 2923 783 2973; x_wconf 79' lang='grc' dir='ltr'><strong><em>σύ</em></strong></span> <span class='ocrx_word' id='word_1_194' title='bbox 819 2919 1293 2987; x_wconf 78' lang='grc' dir='ltr'>συνεπιλάμπρυνε</span> <span class='ocrx_word' id='word_1_195' title='bbox 1321 2919 1443 2980; x_wconf 84' lang='grc' dir='ltr'>τοὺς</span> <span class='ocrx_word' id='word_1_196' title='bbox 1476 2917 1776 2979; x_wconf 70' lang='grc' dir='ltr'>ἑνεστῶτας</span> <span class='ocrx_word' id='word_1_197' title='bbox 1804 2917 2040 2986; x_wconf 81' lang='grc' dir='ltr'>γάμους,</span> 
     </span>
    </p>
   </div>
   <div class='ocr_carea' id='block_1_31' title="bbox 581 3008 1998 3084">
    <p class='ocr_par' dir='ltr' id='par_1_31' title="bbox 581 3008 1998 3084">
     <span class='ocr_line' id='line_1_31' title="bbox 581 3008 1998 3084; baseline -0.005 -17"><span class='ocrx_word' id='word_1_198' title='bbox 581 3014 799 3084; x_wconf 83' lang='grc' dir='ltr'>Χρυσέα</span> <span class='ocrx_word' id='word_1_199' title='bbox 829 3012 1088 3083; x_wconf 80' lang='grc' dir='ltr'>τρίπλοκε</span> <span class='ocrx_word' id='word_1_200' title='bbox 1121 3010 1282 3081; x_wconf 75' lang='grc' dir='ltr'>σειρά</span> <span class='ocrx_word' id='word_1_201' title='bbox 1306 3010 1415 3063; x_wconf 88' lang='grc' dir='ltr'><strong><em>τῶν</em></strong></span> <span class='ocrx_word' id='word_1_202' title='bbox 1456 3008 1998 3080; x_wconf 78' lang='grc' dir='ltr'>σεϐαστοκρατόρων,</span> 
     </span>
    </p>
   </div>
   <div class='ocr_carea' id='block_1_32' title="bbox 595 3099 1905 3172">
    <p class='ocr_par' dir='ltr' id='par_1_32' title="bbox 595 3099 1905 3172">
     <span class='ocr_line' id='line_1_32' title="bbox 595 3099 1905 3172; baseline -0.003 -16"><span class='ocrx_word' id='word_1_203' title='bbox 595 3104 652 3156; x_wconf 89' lang='lat'>&#39;0</span> <span class='ocrx_word' id='word_1_204' title='bbox 686 3103 961 3172; x_wconf 80' lang='grc' dir='ltr'>βέλτιστος</span> <span class='ocrx_word' id='word_1_205' title='bbox 997 3101 1357 3172; x_wconf 79' lang='grc' dir='ltr'>Ἀνδρόνικος,</span> <span class='ocrx_word' id='word_1_206' title='bbox 1391 3103 1422 3170; x_wconf 81' lang='grc' dir='ltr'>ἡ</span> <span class='ocrx_word' id='word_1_207' title='bbox 1459 3101 1655 3170; x_wconf 80' lang='grc' dir='ltr'>συνετὴ</span> <span class='ocrx_word' id='word_1_208' title='bbox 1691 3099 1905 3170; x_wconf 86' lang='grc' dir='ltr'>καρδία,</span> 
     </span>
    </p>
   </div>
   <div class='ocr_carea' id='block_1_33' title="bbox 589 3190 1859 3261">
    <p class='ocr_par' dir='ltr' id='par_1_33' title="bbox 589 3190 1859 3261">
     <span class='ocr_line' id='line_1_33' title="bbox 589 3190 1859 3261; baseline 0.033 -50"><span class='ocrx_word' id='word_1_209' title='bbox 589 3194 651 3245; x_wconf 81' lang='lat'><strong><em>.0</em></strong></span> <span class='ocrx_word' id='word_1_210' title='bbox 678 3193 817 3253; x_wconf 70' lang='grc' dir='ltr'>θεῖος</span> <span class='ocrx_word' id='word_1_211' title='bbox 865 3191 1154 3256; x_wconf 74' lang='grc' dir='ltr'>ἰσαάκιος,</span> <span class='ocrx_word' id='word_1_212' title='bbox 1194 3190 1253 3244; x_wconf 77' lang='grc' dir='ltr'>τὸ</span> <span class='ocrx_word' id='word_1_213' title='bbox 1291 3192 1403 3245; x_wconf 83' lang='grc' dir='ltr'><strong><em>τῶν</em></strong></span> <span class='ocrx_word' id='word_1_214' title='bbox 1437 3191 1640 3261; x_wconf 75' lang='grc' dir='ltr'>ἡλίκων</span> <span class='ocrx_word' id='word_1_215' title='bbox 1676 3190 1859 3257; x_wconf 74' lang='grc' dir='ltr'>ἄνθος,</span> 
     </span>
    </p>
   </div>
   <div class='ocr_carea' id='block_1_34' title="bbox 581 3281 1946 3354">
    <p class='ocr_par' dir='ltr' id='par_1_34' title="bbox 581 3281 1946 3354">
     <span class='ocr_line' id='line_1_34' title="bbox 581 3281 1946 3354; baseline 0.007 -18"><span class='ocrx_word' id='word_1_216' title='bbox 581 3286 689 3336; x_wconf 83' lang='lat' dir='ltr'><strong><em>Kal</em></strong></span> <span class='ocrx_word' id='word_1_217' title='bbox 724 3285 980 3354; x_wconf 82' lang='grc' dir='ltr'>Μανουὴλ</span> <span class='ocrx_word' id='word_1_218' title='bbox 1003 3286 1028 3335; x_wconf 86' lang='grc' dir='ltr'>ὁ</span> <span class='ocrx_word' id='word_1_219' title='bbox 1063 3281 1396 3351; x_wconf 79' lang='grc' dir='ltr'>θαυμαστὸς,</span> <span class='ocrx_word' id='word_1_220' title='bbox 1429 3283 1463 3350; x_wconf 85' lang='grc' dir='ltr'>ὴ</span> <span class='ocrx_word' id='word_1_221' title='bbox 1492 3283 1707 3350; x_wconf 75' lang='grc' dir='ltr'>ζηλωτὴ</span> <span class='ocrx_word' id='word_1_222' title='bbox 1733 3281 1946 3352; x_wconf 84' lang='grc' dir='ltr'>νεότης.</span> 
     </span>
    </p>
   </div>
   <div class='ocr_carea' id='block_1_35' title="bbox 579 3371 2142 3444">
    <p class='ocr_par' dir='ltr' id='par_1_35' title="bbox 579 3371 2142 3444">
     <span class='ocr_line' id='line_1_35' title="bbox 579 3371 2142 3444; baseline 0.001 -17"><span class='ocrx_word' id='word_1_223' title='bbox 579 3376 820 3436; x_wconf 84' lang='grc' dir='ltr'>Ἀκτῖνες</span> <span class='ocrx_word' id='word_1_224' title='bbox 837 3377 981 3444; x_wconf 83' lang='grc' dir='ltr'>τρεῖς</span> <span class='ocrx_word' id='word_1_225' title='bbox 1005 3371 1096 3426; x_wconf 85' lang='grc' dir='ltr'><strong><em>τοῦ</em></strong></span> <span class='ocrx_word' id='word_1_226' title='bbox 1130 3371 1392 3441; x_wconf 87' lang='grc' dir='ltr'>κραταιοῦ</span> <span class='ocrx_word' id='word_1_227' title='bbox 1413 3373 1840 3441; x_wconf 80' lang='grc' dir='ltr'>Κομνηναυγοῦς</span> <span class='ocrx_word' id='word_1_228' title='bbox 1861 3374 2142 3430; x_wconf 79' lang='grc' dir='ltr'>δεσπότου.</span> 
     </span>
    </p>
   </div>
   <div class='ocr_carea' id='block_1_36' title="bbox 579 3541 2144 3614">
    <p class='ocr_par' dir='ltr' id='par_1_36' title="bbox 579 3541 2144 3614">
     <span class='ocr_line' id='line_1_36' title="bbox 579 3541 2144 3614; baseline 0 -14"><span class='ocrx_word' id='word_1_229' title='bbox 579 3557 661 3600; x_wconf 83' lang='lat' dir='ltr'><strong><em>sta</em></strong></span> <span class='ocrx_word' id='word_1_230' title='bbox 689 3545 937 3598; x_wconf 73' lang='lat' dir='ltr'><strong><em>celebras.</em></strong></span> <span class='ocrx_word' id='word_1_231' title='bbox 968 3543 1039 3596; x_wconf 87' lang='lat' dir='ltr'><strong><em>Tu</em></strong></span> <span class='ocrx_word' id='word_1_232' title='bbox 1066 3542 1313 3612; x_wconf 79' lang='lat' dir='ltr'><strong><em>gaudium</em></strong></span> <span class='ocrx_word' id='word_1_233' title='bbox 1338 3557 1402 3594; x_wconf 75' lang='lat' dir='ltr'><strong><em>ex</em></strong></span> <span class='ocrx_word' id='word_1_234' title='bbox 1425 3541 1618 3610; x_wconf 83' lang='lat' dir='ltr'><strong><em>gaudio</em></strong></span> <span class='ocrx_word' id='word_1_235' title='bbox 1641 3558 1842 3614; x_wconf 91' lang='lat' dir='ltr'><strong><em>semper</em></strong></span> <span class='ocrx_word' id='word_1_236' title='bbox 1865 3560 2144 3612; x_wconf 85' lang='lat' dir='ltr'><strong><em>proceaere</em></strong></span> 
     </span>
    </p>
   </div>
   <div class='ocr_carea' id='block_1_37' title="bbox 578 3631 2143 3706">
    <p class='ocr_par' dir='ltr' id='par_1_37' title="bbox 578 3631 2143 3706">
     <span class='ocr_line' id='line_1_37' title="bbox 578 3631 2143 3706; baseline -0.001 -16"><span class='ocrx_word' id='word_1_237' title='bbox 578 3638 727 3706; x_wconf 82' lang='lat' dir='ltr'><strong><em>facis.</em></strong></span> <span class='ocrx_word' id='word_1_238' title='bbox 755 3635 891 3687; x_wconf 89' lang='lat' dir='ltr'><strong><em>Deus</em></strong></span> <span class='ocrx_word' id='word_1_239' title='bbox 917 3633 1057 3686; x_wconf 85' lang='lat' dir='ltr'><strong><em>solus</em></strong></span> <span class='ocrx_word' id='word_1_240' title='bbox 1083 3631 1367 3684; x_wconf 83' lang='lat' dir='ltr'><strong><em>mercedem</em></strong></span> <span class='ocrx_word' id='word_1_241' title='bbox 1396 3631 1487 3684; x_wconf 88' lang='lat' dir='ltr'><strong><em>tibi</em></strong></span> <span class='ocrx_word' id='word_1_242' title='bbox 1509 3632 1677 3688; x_wconf 91' lang='lat' dir='ltr'><strong><em>dabit.</em></strong></span> <span class='ocrx_word' id='word_1_243' title='bbox 1704 3633 1886 3696; x_wconf 75' lang='lat' dir='ltr'><strong><em>Salue,</em></strong></span> <span class='ocrx_word' id='word_1_244' title='bbox 1914 3638 2143 3704; x_wconf 82' lang='lat' dir='ltr'><strong><em>nympha</em></strong></span> 
     </span>
    </p>
   </div>
   <div class='ocr_carea' id='block_1_38' title="bbox 576 3722 2144 3809">
    <p class='ocr_par' dir='ltr' id='par_1_38' title="bbox 576 3722 2144 3809">
     <span class='ocr_line' id='line_1_38' title="bbox 576 3722 2144 3809; baseline -0.001 -27"><span class='ocrx_word' id='word_1_245' title='bbox 576 3727 874 3798; x_wconf 86' lang='lat' dir='ltr'><strong><em>splendida,</em></strong></span> <span class='ocrx_word' id='word_1_246' title='bbox 903 3727 1068 3796; x_wconf 89' lang='lat' dir='ltr'><strong><em>regia,</em></strong></span> <span class='ocrx_word' id='word_1_247' title='bbox 1097 3740 1123 3778; x_wconf 91' lang='lat' dir='ltr'><strong><em>e</em></strong></span> <span class='ocrx_word' id='word_1_248' title='bbox 1157 3722 1350 3794; x_wconf 89' lang='lat' dir='ltr'><strong><em>triplici</em></strong></span> <span class='ocrx_word' id='word_1_249' title='bbox 1383 3726 1548 3794; x_wconf 91' lang='lat' dir='ltr'><strong><em>stirpe</em></strong></span> <span class='ocrx_word' id='word_1_250' title='bbox 1584 3733 1733 3788; x_wconf 84' lang='lat' dir='ltr'><strong><em>nata,</em></strong></span> <span class='ocrx_word' id='word_1_251' title='bbox 1765 3741 1883 3809; x_wconf 65' lang='lat' dir='ltr'><strong><em>quia</em></strong></span> <span class='ocrx_word' id='word_1_252' title='bbox 1918 3732 2144 3780; x_wconf 80' lang='lat' dir='ltr'><strong><em>honorae</em></strong></span> 
     </span>
    </p>
   </div>
   <div class='ocr_carea' id='block_1_39' title="bbox 576 3813 2141 3890">
    <p class='ocr_par' dir='ltr' id='par_1_39' title="bbox 576 3813 2141 3890">
     <span class='ocr_line' id='line_1_39' title="bbox 576 3813 2141 3890; baseline -0.004 -18"><span class='ocrx_word' id='word_1_253' title='bbox 576 3836 736 3890; x_wconf 85' lang='lat' dir='ltr'><strong><em>genus</em></strong></span> <span class='ocrx_word' id='word_1_254' title='bbox 776 3829 953 3880; x_wconf 86' lang='lat' dir='ltr'><strong><em>tuum;</em></strong></span> <span class='ocrx_word' id='word_1_255' title='bbox 988 3814 1191 3868; x_wconf 75' lang='lat' dir='ltr'><strong><em>excelsa</em></strong></span> <span class='ocrx_word' id='word_1_256' title='bbox 1227 3815 1400 3883; x_wconf 83' lang='lat' dir='ltr'><strong><em>quoad</em></strong></span> <span class='ocrx_word' id='word_1_257' title='bbox 1432 3815 1688 3875; x_wconf 87' lang='lat' dir='ltr'><strong><em>animam,</em></strong></span> <span class='ocrx_word' id='word_1_258' title='bbox 1724 3813 1931 3882; x_wconf 88' lang='lat' dir='ltr'><strong><em>egregia</em></strong></span> <span class='ocrx_word' id='word_1_259' title='bbox 1967 3817 2141 3881; x_wconf 84' lang='lat' dir='ltr'><strong><em>quoad</em></strong></span> 
     </span>
    </p>
   </div>
   <div class='ocr_carea' id='block_1_40' title="bbox 576 3901 2142 3976">
    <p class='ocr_par' dir='ltr' id='par_1_40' title="bbox 576 3901 2142 3976">
     <span class='ocr_line' id='line_1_40' title="bbox 576 3901 2142 3976; baseline -0.003 -15"><span class='ocrx_word' id='word_1_260' title='bbox 576 3925 793 3976; x_wconf 85' lang='lat' dir='ltr'><strong><em>corpus;</em></strong></span> <span class='ocrx_word' id='word_1_261' title='bbox 817 3917 874 3959; x_wconf 86' lang='lat' dir='ltr'><strong><em>tu</em></strong></span> <span class='ocrx_word' id='word_1_262' title='bbox 906 3921 1083 3958; x_wconf 88' lang='lat' dir='ltr'><strong><em>ramus</em></strong></span> <span class='ocrx_word' id='word_1_263' title='bbox 1114 3903 1399 3973; x_wconf 73' lang='lat' dir='ltr'><strong><em>prazclarus</em></strong></span> <span class='ocrx_word' id='word_1_264' title='bbox 1429 3903 1633 3955; x_wconf 88' lang='lat' dir='ltr'><strong><em>arboris</em></strong></span> <span class='ocrx_word' id='word_1_265' title='bbox 1663 3902 1774 3954; x_wconf 90' lang='lat' dir='ltr'><strong><em>oleo</em></strong></span> <span class='ocrx_word' id='word_1_266' title='bbox 1804 3901 2142 3956; x_wconf 84' lang='lat' dir='ltr'><strong><em>abundantis.</em></strong></span> 
     </span>
    </p>
   </div>
   <div class='ocr_carea' id='block_1_41' title="bbox 580 3990 2145 4068">
    <p class='ocr_par' dir='ltr' id='par_1_41' title="bbox 580 3990 2145 4068">
     <span class='ocr_line' id='line_1_41' title="bbox 580 3990 2145 4068; baseline -0.004 -15"><span class='ocrx_word' id='word_1_267' title='bbox 580 3998 842 4068; x_wconf 83' lang='lat' dir='ltr'><strong><em>Sponsum</em></strong></span> <span class='ocrx_word' id='word_1_268' title='bbox 867 3994 1200 4063; x_wconf 79' lang='lat' dir='ltr'><strong><em>magnificum</em></strong></span> <span class='ocrx_word' id='word_1_269' title='bbox 1221 3993 1498 4054; x_wconf 88' lang='lat' dir='ltr'><strong><em>ordinasti,</em></strong></span> <span class='ocrx_word' id='word_1_270' title='bbox 1525 3990 1926 4055; x_wconf 86' lang='lat' dir='ltr'><strong><em>adolescentem,</em></strong></span> <span class='ocrx_word' id='word_1_271' title='bbox 1952 3991 2145 4061; x_wconf 87' lang='lat' dir='ltr'><strong><em>formo—</em></strong></span> 
     </span>
    </p>
   </div>
   <div class='ocr_carea' id='block_1_42' title="bbox 577 4080 2145 4153">
    <p class='ocr_par' dir='ltr' id='par_1_42' title="bbox 577 4080 2145 4153">
     <span class='ocr_line' id='line_1_42' title="bbox 577 4080 2145 4153; baseline -0.001 -13"><span class='ocrx_word' id='word_1_272' title='bbox 577 4104 716 4150; x_wconf 86' lang='lat' dir='ltr'><strong><em>sum,</em></strong></span> <span class='ocrx_word' id='word_1_273' title='bbox 765 4085 1009 4148; x_wconf 79' lang='lat' dir='ltr'><strong><em>nobilem,</em></strong></span> <span class='ocrx_word' id='word_1_274' title='bbox 1054 4097 1361 4153; x_wconf 88' lang='lat' dir='ltr'><strong><em>generosum</em></strong></span> <span class='ocrx_word' id='word_1_275' title='bbox 1405 4080 1645 4147; x_wconf 75' lang='lat' dir='ltr'><strong><em>militem,</em></strong></span> <span class='ocrx_word' id='word_1_276' title='bbox 1691 4083 1761 4136; x_wconf 90' lang='lat' dir='ltr'><strong><em>ad</em></strong></span> <span class='ocrx_word' id='word_1_277' title='bbox 1803 4086 1984 4138; x_wconf 87' lang='lat' dir='ltr'><strong><em>omnia</em></strong></span> <span class='ocrx_word' id='word_1_278' title='bbox 2032 4085 2145 4138; x_wconf 88' lang='lat' dir='ltr'><strong><em>ido-</em></strong></span> 
     </span>
    </p>
   </div>
   <div class='ocr_carea' id='block_1_43' title="bbox 577 4173 2148 4244">
    <p class='ocr_par' dir='ltr' id='par_1_43' title="bbox 577 4173 2148 4244">
     <span class='ocr_line' id='line_1_43' title="bbox 577 4173 2148 4244; baseline -0.001 -14"><span class='ocrx_word' id='word_1_279' title='bbox 577 4195 758 4238; x_wconf 83' lang='lat' dir='ltr'><strong><em>neum,</em></strong></span> <span class='ocrx_word' id='word_1_280' title='bbox 792 4177 1053 4229; x_wconf 89' lang='lat' dir='ltr'><strong><em>eruditum</em></strong></span> <span class='ocrx_word' id='word_1_281' title='bbox 1080 4176 1135 4227; x_wconf 81' lang='lat' dir='ltr'><strong><em>in</em></strong></span> <span class='ocrx_word' id='word_1_282' title='bbox 1161 4173 1419 4243; x_wconf 88' lang='lat' dir='ltr'><strong><em>majorem</em></strong></span> <span class='ocrx_word' id='word_1_283' title='bbox 1451 4176 1686 4237; x_wconf 85' lang='lat' dir='ltr'><strong><em>modum,</em></strong></span> <span class='ocrx_word' id='word_1_284' title='bbox 1719 4191 1820 4244; x_wconf 82' lang='lat' dir='ltr'><strong><em>quo</em></strong></span> <span class='ocrx_word' id='word_1_285' title='bbox 1847 4191 2024 4230; x_wconf 89' lang='lat' dir='ltr'><strong><em>omnes</em></strong></span> <span class='ocrx_word' id='word_1_286' title='bbox 2053 4177 2148 4229; x_wconf 89' lang='lat' dir='ltr'><strong><em>ad-</em></strong></span> 
     </span>
    </p>
   </div>
   <div class='ocr_carea' id='block_1_44' title="bbox 578 4267 2146 4337">
    <p class='ocr_par' dir='ltr' id='par_1_44' title="bbox 578 4267 2146 4337">
     <span class='ocr_line' id='line_1_44' title="bbox 578 4267 2146 4337; baseline -0.002 -15"><span class='ocrx_word' id='word_1_287' title='bbox 578 4271 858 4322; x_wconf 85' lang='lat' dir='ltr'><strong><em>miratione</em></strong></span> <span class='ocrx_word' id='word_1_288' title='bbox 886 4267 1085 4336; x_wconf 81' lang='lat' dir='ltr'><strong><em>perfusi</em></strong></span> <span class='ocrx_word' id='word_1_289' title='bbox 1113 4274 1268 4330; x_wconf 86' lang='lat' dir='ltr'><strong><em>sunt;</em></strong></span> <span class='ocrx_word' id='word_1_290' title='bbox 1296 4277 1436 4319; x_wconf 88' lang='lat' dir='ltr'><strong><em>certo</em></strong></span> <span class='ocrx_word' id='word_1_291' title='bbox 1467 4283 1547 4320; x_wconf 84' lang='lat' dir='ltr'><strong><em>res</em></strong></span> <span class='ocrx_word' id='word_1_292' title='bbox 1579 4276 1681 4320; x_wconf 78' lang='lat' dir='ltr'><strong><em>tua:</em></strong></span> <span class='ocrx_word' id='word_1_293' title='bbox 1701 4307 1715 4329; x_wconf 88' lang='lat'><strong><em>,</em></strong></span> <span class='ocrx_word' id='word_1_294' title='bbox 1745 4285 1930 4335; x_wconf 84' lang='lat' dir='ltr'><strong><em>sponse</em></strong></span> <span class='ocrx_word' id='word_1_295' title='bbox 1949 4308 1965 4333; x_wconf 90' lang='lat'><strong><em>,</em></strong></span> <span class='ocrx_word' id='word_1_296' title='bbox 1995 4283 2146 4337; x_wconf 91' lang='lat' dir='ltr'><strong><em>egre-</em></strong></span> 
     </span>
    </p>
   </div>
   <div class='ocr_carea' id='block_1_45' title="bbox 1837 257 2667 320">
    <p class='ocr_par' dir='ltr' id='par_1_45' title="bbox 1837 257 2667 320">
     <span class='ocr_line' id='line_1_45' title="bbox 1837 257 2667 320; baseline 0.001 -1"><span class='ocrx_word' id='word_1_297' title='bbox 1837 257 2227 320; x_wconf 81' lang='lat' dir='ltr'><strong><em>I‘HEODORI</em></strong></span> <span class='ocrx_word' id='word_1_298' title='bbox 2263 258 2667 320; x_wconf 78' lang='lat' dir='ltr'><strong><em>PRODROMI</em></strong></span> 
     </span>
    </p>
   </div>
   <div class='ocr_carea' id='block_1_46' title="bbox 2186 371 3715 446">
    <p class='ocr_par' dir='ltr' id='par_1_46' title="bbox 2186 371 3715 446">
     <span class='ocr_line' id='line_1_46' title="bbox 2186 371 3715 446; baseline 0.002 -21"><span class='ocrx_word' id='word_1_299' title='bbox 2186 380 2230 432; x_wconf 78' lang='grc' dir='ltr'><strong>Α</strong></span> <span class='ocrx_word' id='word_1_300' title='bbox 2332 372 2442 425; x_wconf 90' lang='lat' dir='ltr'><strong><em>Kal</em></strong></span> <span class='ocrx_word' id='word_1_301' title='bbox 2473 372 2556 434; x_wconf 88' lang='grc' dir='ltr'><strong><em>τίς</em></strong></span> <span class='ocrx_word' id='word_1_302' title='bbox 2582 371 2648 425; x_wconf 84' lang='grc' dir='ltr'>ἂν</span> <span class='ocrx_word' id='word_1_303' title='bbox 2681 373 2770 441; x_wconf 67' lang='grc' dir='ltr'>εἴη</span> <span class='ocrx_word' id='word_1_304' title='bbox 2799 373 2989 445; x_wconf 80' lang='grc' dir='ltr'>τελετὴ</span> <span class='ocrx_word' id='word_1_305' title='bbox 3014 375 3115 444; x_wconf 75' lang='grc' dir='ltr'>τῆς</span> <span class='ocrx_word' id='word_1_306' title='bbox 3143 377 3448 446; x_wconf 75' lang='grc' dir='ltr'>ἐνεστώσης</span> <span class='ocrx_word' id='word_1_307' title='bbox 3481 376 3715 446; x_wconf 77' lang='grc' dir='ltr'>μείζων,</span> 
     </span>
    </p>
   </div>
   <div class='ocr_carea' id='block_1_47' title="bbox 3703 257 3840 320">
    <p class='ocr_par' dir='ltr' id='par_1_47' title="bbox 3703 257 3840 320">
     <span class='ocr_line' id='line_1_47' title="bbox 3703 257 3840 320; baseline 0 0"><span class='ocrx_word' id='word_1_308' title='bbox 3703 257 3840 320; x_wconf 70' lang='grc'><strong><em>1252</em></strong></span> 
     </span>
    </p>
   </div>
   <div class='ocr_carea' id='block_1_48' title="bbox 2265 458 3655 534">
    <p class='ocr_par' dir='ltr' id='par_1_48' title="bbox 2265 458 3655 534">
     <span class='ocr_line' id='line_1_48' title="bbox 2265 458 3655 534; baseline 0.001 -18"><span class='ocrx_word' id='word_1_309' title='bbox 2265 458 2370 524; x_wconf 81' lang='grc' dir='ltr'>Ἦς</span> <span class='ocrx_word' id='word_1_310' title='bbox 2402 464 2742 533; x_wconf 74' lang='grc' dir='ltr'><strong><em>προεξάρχει⁹</em></strong></span> <span class='ocrx_word' id='word_1_311' title='bbox 2762 465 3016 533; x_wconf 65' lang='grc' dir='ltr'>βασιλεὺς</span> <span class='ocrx_word' id='word_1_312' title='bbox 3044 467 3288 530; x_wconf 82' lang='grc' dir='ltr'>τοιοῦτος</span> <span class='ocrx_word' id='word_1_313' title='bbox 3313 467 3655 534; x_wconf 79' lang='grc' dir='ltr'>τηλικοῦτος,</span> 
     </span>
    </p>
   </div>
   <div class='ocr_carea' id='block_1_49' title="bbox 2261 552 3760 624">
    <p class='ocr_par' dir='ltr' id='par_1_49' title="bbox 2261 552 3760 624">
     <span class='ocr_line' id='line_1_49' title="bbox 2261 552 3760 624; baseline 0.001 -20"><span class='ocrx_word' id='word_1_314' title='bbox 2261 552 2612 621; x_wconf 83' lang='grc' dir='ltr'>Λαμπρύνων</span> <span class='ocrx_word' id='word_1_315' title='bbox 2635 554 2694 606; x_wconf 76' lang='grc' dir='ltr'>τὸ</span> <span class='ocrx_word' id='word_1_316' title='bbox 2726 554 2967 624; x_wconf 84' lang='grc' dir='ltr'>διάδημα</span> <span class='ocrx_word' id='word_1_317' title='bbox 2989 555 3067 624; x_wconf 83' lang='grc' dir='ltr'>τῷ</span> <span class='ocrx_word' id='word_1_318' title='bbox 3094 556 3280 609; x_wconf 76' lang='grc' dir='ltr'>κάλλει</span> <span class='ocrx_word' id='word_1_319' title='bbox 3313 560 3423 609; x_wconf 82' lang='grc' dir='ltr'><strong><em>τῶν</em></strong></span> <span class='ocrx_word' id='word_1_320' title='bbox 3447 557 3760 624; x_wconf 74' lang='grc' dir='ltr'>τροπαίων,</span> 
     </span>
    </p>
   </div>
   <div class='ocr_carea' id='block_1_50' title="bbox 2263 644 3722 716">
    <p class='ocr_par' dir='ltr' id='par_1_50' title="bbox 2263 644 3722 716">
     <span class='ocr_line' id='line_1_50' title="bbox 2263 644 3722 716; baseline 0.005 -22"><span class='ocrx_word' id='word_1_321' title='bbox 2263 644 2371 695; x_wconf 87' lang='lat' dir='ltr'><strong><em>Kal</em></strong></span> <span class='ocrx_word' id='word_1_322' title='bbox 2399 645 2513 706; x_wconf 78' lang='grc' dir='ltr'>τοῖς</span> <span class='ocrx_word' id='word_1_323' title='bbox 2546 645 2998 715; x_wconf 77' lang='grc' dir='ltr'>ἀνδραγαθήμασι</span> <span class='ocrx_word' id='word_1_324' title='bbox 3018 648 3080 699; x_wconf 80' lang='grc' dir='ltr'>τὸ</span> <span class='ocrx_word' id='word_1_325' title='bbox 3111 648 3306 716; x_wconf 75' lang='grc' dir='ltr'>στέφος</span> <span class='ocrx_word' id='word_1_326' title='bbox 3337 649 3675 715; x_wconf 75' lang='grc' dir='ltr'>άντιστέφων</span> <span class='ocrx_word' id='word_1_327' title='bbox 3703 663 3722 711; x_wconf 80' lang='grc' dir='ltr'><strong><em>ς</em></strong></span> 
     </span>
    </p>
   </div>
   <div class='ocr_carea' id='block_1_51' title="bbox 2262 732 3687 808">
    <p class='ocr_par' dir='ltr' id='par_1_51' title="bbox 2262 732 3687 808">
     <span class='ocr_line' id='line_1_51' title="bbox 2262 732 3687 808; baseline 0.004 -25"><span class='ocrx_word' id='word_1_328' title='bbox 2262 732 2489 794; x_wconf 85' lang='grc' dir='ltr'>Πάντως</span> <span class='ocrx_word' id='word_1_329' title='bbox 2517 732 2583 785; x_wconf 79' lang='grc' dir='ltr'>ἂν</span> <span class='ocrx_word' id='word_1_330' title='bbox 2619 733 2760 804; x_wconf 80' lang='grc' dir='ltr'>αὕτη</span> <span class='ocrx_word' id='word_1_331' title='bbox 2790 736 3000 802; x_wconf 73' lang='grc' dir='ltr'>γένοιτο</span> <span class='ocrx_word' id='word_1_332' title='bbox 3026 736 3132 787; x_wconf 86' lang='grc' dir='ltr'><strong><em>τῶν</em></strong></span> <span class='ocrx_word' id='word_1_333' title='bbox 3167 737 3370 806; x_wconf 79' lang='grc' dir='ltr'>ἑορτῶν</span> <span class='ocrx_word' id='word_1_334' title='bbox 3403 738 3435 807; x_wconf 82' lang='grc' dir='ltr'>ἠ</span> <span class='ocrx_word' id='word_1_335' title='bbox 3469 738 3687 808; x_wconf 83' lang='grc' dir='ltr'>πρώτη,</span> 
     </span>
    </p>
   </div>
   <div class='ocr_carea' id='block_1_52' title="bbox 2261 824 3513 898">
    <p class='ocr_par' dir='ltr' id='par_1_52' title="bbox 2261 824 3513 898">
     <span class='ocr_line' id='line_1_52' title="bbox 2261 824 3513 898; baseline 0.005 -23"><span class='ocrx_word' id='word_1_336' title='bbox 2261 824 2371 875; x_wconf 84' lang='lat' dir='ltr'><strong><em>Kal</em></strong></span> <span class='ocrx_word' id='word_1_337' title='bbox 2404 825 2766 894; x_wconf 86' lang='grc' dir='ltr'>πανηγύρεων</span> <span class='ocrx_word' id='word_1_338' title='bbox 2795 827 2986 880; x_wconf 83' lang='grc' dir='ltr'>πασῶν</span> <span class='ocrx_word' id='word_1_339' title='bbox 3016 829 3048 896; x_wconf 79' lang='grc' dir='ltr'>ἡ</span> <span class='ocrx_word' id='word_1_340' title='bbox 3085 830 3513 898; x_wconf 81' lang='grc' dir='ltr'>κορυφαιοτάτη·</span> 
     </span>
    </p>
   </div>
   <div class='ocr_carea' id='block_1_53' title="bbox 2261 914 3832 988">
    <p class='ocr_par' dir='ltr' id='par_1_53' title="bbox 2261 914 3832 988">
     <span class='ocr_line' id='line_1_53' title="bbox 2261 914 3832 988; baseline 0.003 -23"><span class='ocrx_word' id='word_1_341' title='bbox 2261 914 2524 977; x_wconf 77' lang='grc' dir='ltr'>Αὐξάνου,</span> <span class='ocrx_word' id='word_1_342' title='bbox 2548 917 2826 986; x_wconf 81' lang='grc' dir='ltr'>σκῆπτρον</span> <span class='ocrx_word' id='word_1_343' title='bbox 2859 919 3181 988; x_wconf 80' lang='grc' dir='ltr'>Κομνηνῶν,</span> <span class='ocrx_word' id='word_1_344' title='bbox 3201 919 3451 988; x_wconf 83' lang='grc' dir='ltr'>εὐρύνου,</span> <span class='ocrx_word' id='word_1_345' title='bbox 3471 918 3614 970; x_wconf 80' lang='grc' dir='ltr'>θεῖον</span> <span class='ocrx_word' id='word_1_346' title='bbox 3649 920 3832 986; x_wconf 70' lang='grc' dir='ltr'>γένος,</span> 
     </span>
    </p>
   </div>
   <div class='ocr_carea' id='block_1_54' title="bbox 2261 1003 3654 1079">
    <p class='ocr_par' dir='ltr' id='par_1_54' title="bbox 2261 1003 3654 1079">
     <span class='ocr_line' id='line_1_54' title="bbox 2261 1003 3654 1079; baseline 0.006 -25"><span class='ocrx_word' id='word_1_347' title='bbox 2261 1003 2421 1066; x_wconf 78' lang='grc' dir='ltr'>Γένος</span> <span class='ocrx_word' id='word_1_348' title='bbox 2446 1004 2707 1071; x_wconf 76' lang='grc' dir='ltr'>χρυσοῦν,</span> <span class='ocrx_word' id='word_1_349' title='bbox 2744 1008 3004 1075; x_wconf 72' lang='grc' dir='ltr'>ἡρωϊκὸν,</span> <span class='ocrx_word' id='word_1_350' title='bbox 3029 1008 3304 1079; x_wconf 77' lang='grc' dir='ltr'>βασιλικὸν</span> <span class='ocrx_word' id='word_1_351' title='bbox 3341 1009 3436 1062; x_wconf 79' lang='grc' dir='ltr'>καὶ</span> <span class='ocrx_word' id='word_1_352' title='bbox 3473 1009 3616 1077; x_wconf 84' lang='grc' dir='ltr'>μέγα</span> <span class='ocrx_word' id='word_1_353' title='bbox 3641 1028 3654 1042; x_wconf 87' lang='grc'><strong>·</strong></span> 
     </span>
    </p>
   </div>
   <div class='ocr_carea' id='block_1_55' title="bbox 2265 1092 3706 1168">
    <p class='ocr_par' dir='ltr' id='par_1_55' title="bbox 2265 1092 3706 1168">
     <span class='ocr_line' id='line_1_55' title="bbox 2265 1092 3706 1168; baseline 0.004 -24"><span class='ocrx_word' id='word_1_354' title='bbox 2265 1092 2375 1144; x_wconf 73' lang='grc' dir='ltr'><strong><em>Καὶ</em></strong></span> <span class='ocrx_word' id='word_1_355' title='bbox 2403 1092 2510 1144; x_wconf 85' lang='grc' dir='ltr'><strong><em>τῶν</em></strong></span> <span class='ocrx_word' id='word_1_356' title='bbox 2534 1094 2712 1160; x_wconf 82' lang='grc' dir='ltr'>γενῶν</span> <span class='ocrx_word' id='word_1_357' title='bbox 2747 1096 3077 1166; x_wconf 75' lang='grc' dir='ltr'>μιγνύμενον</span> <span class='ocrx_word' id='word_1_358' title='bbox 3111 1101 3220 1161; x_wconf 78' lang='grc' dir='ltr'>τοῖς</span> <span class='ocrx_word' id='word_1_359' title='bbox 3252 1099 3706 1168; x_wconf 78' lang='grc' dir='ltr'>ὲπιφανεστὲροις</span> 
     </span>
    </p>
   </div>
   <div class='ocr_carea' id='block_1_56' title="bbox 2213 1184 3831 1260">
    <p class='ocr_par' dir='ltr' id='par_1_56' title="bbox 2213 1184 3831 1260">
     <span class='ocr_line' id='line_1_56' title="bbox 2213 1184 3831 1260; baseline 0.002 -24"><span class='ocrx_word' id='word_1_360' title='bbox 2213 1257 2216 1260; x_wconf 10' lang='grc' dir='ltr'><strong><em>ἥ</em></strong></span> <span class='ocrx_word' id='word_1_361' title='bbox 2273 1184 2370 1236; x_wconf 82' lang='grc' dir='ltr'><strong><em>Ἐκ</em></strong></span> <span class='ocrx_word' id='word_1_362' title='bbox 2415 1185 2635 1237; x_wconf 30' lang='grc' dir='ltr'>,τέκνων</span> <span class='ocrx_word' id='word_1_363' title='bbox 2684 1186 2850 1242; x_wconf 86' lang='grc' dir='ltr'>τέκνα</span> <span class='ocrx_word' id='word_1_364' title='bbox 2903 1187 3204 1258; x_wconf 83' lang='grc' dir='ltr'>βλάστανε,</span> <span class='ocrx_word' id='word_1_365' title='bbox 3259 1192 3458 1253; x_wconf 82' lang='grc' dir='ltr'>παῖδας</span> <span class='ocrx_word' id='word_1_366' title='bbox 3504 1193 3564 1242; x_wconf 81' lang='grc' dir='ltr'>ἐκ</span> <span class='ocrx_word' id='word_1_367' title='bbox 3618 1191 3831 1243; x_wconf 72' lang='grc' dir='ltr'>παίδων</span> 
     </span>
    </p>
   </div>
   <div class='ocr_carea' id='block_1_57' title="bbox 3529 1281 3747 1353">
    <p class='ocr_par' dir='ltr' id='par_1_57' title="bbox 3529 1281 3747 1353">
     <span class='ocr_line' id='line_1_57' title="bbox 3529 1281 3747 1353; baseline 0 -20"><span class='ocrx_word' id='word_1_368' title='bbox 3529 1281 3747 1353; x_wconf 59' lang='lat' dir='ltr'><strong><em>“twn,</em></strong></span> 
     </span>
    </p>
   </div>
   <div class='ocr_carea' id='block_1_58' title="bbox 2263 1367 3832 1442">
    <p class='ocr_par' dir='ltr' id='par_1_58' title="bbox 2263 1367 3832 1442">
     <span class='ocr_line' id='line_1_58' title="bbox 2263 1367 3832 1442; baseline 0.003 -23"><span class='ocrx_word' id='word_1_369' title='bbox 2263 1367 2492 1432; x_wconf 72' lang='grc' dir='ltr'>Κοινοῦς</span> <span class='ocrx_word' id='word_1_370' title='bbox 2550 1372 2869 1442; x_wconf 87' lang='grc' dir='ltr'>προμάχους</span> <span class='ocrx_word' id='word_1_371' title='bbox 2925 1371 3207 1436; x_wconf 81' lang='grc' dir='ltr'>εὐσεὸῶν,</span> <span class='ocrx_word' id='word_1_372' title='bbox 3255 1372 3469 1436; x_wconf 79' lang='grc' dir='ltr'>κοινοὺς</span> <span class='ocrx_word' id='word_1_373' title='bbox 3526 1373 3832 1442; x_wconf 78' lang='grc' dir='ltr'>προὸὁλους</span> 
     </span>
    </p>
   </div>
   <div class='ocr_carea' id='block_1_59' title="bbox 3462 1463 3751 1534">
    <p class='ocr_par' dir='ltr' id='par_1_59' title="bbox 3462 1463 3751 1534">
     <span class='ocr_line' id='line_1_59' title="bbox 3462 1463 3751 1534; baseline -0.021 0"><span class='ocrx_word' id='word_1_374' title='bbox 3462 1463 3751 1534; x_wconf 80' lang='grc' dir='ltr'>[Ῥώμης.</span> 
     </span>
    </p>
   </div>
   <div class='ocr_carea' id='block_1_60' title="bbox 2261 1550 3830 1622">
    <p class='ocr_par' dir='ltr' id='par_1_60' title="bbox 2261 1550 3830 1622">
     <span class='ocr_line' id='line_1_60' title="bbox 2261 1550 3830 1622; baseline 0.003 -17"><span class='ocrx_word' id='word_1_375' title='bbox 2261 1553 2369 1605; x_wconf 82' lang='lat' dir='ltr'><strong><em>Kal</em></strong></span> <span class='ocrx_word' id='word_1_376' title='bbox 2392 1550 2715 1621; x_wconf 61' lang='grc' dir='ltr'>συμπλξρου</span> <span class='ocrx_word' id='word_1_377' title='bbox 2735 1553 2916 1604; x_wconf 78' lang='grc' dir='ltr'>πᾶσαν</span> <span class='ocrx_word' id='word_1_378' title='bbox 2936 1552 3034 1621; x_wconf 81' lang='grc' dir='ltr'>τὴν</span> <span class='ocrx_word' id='word_1_379' title='bbox 3069 1555 3171 1622; x_wconf 74' lang='grc' dir='ltr'>γῆν</span> <span class='ocrx_word' id='word_1_380' title='bbox 3195 1554 3307 1616; x_wconf 80' lang='grc' dir='ltr'>τοῖς</span> <span class='ocrx_word' id='word_1_381' title='bbox 3339 1552 3674 1621; x_wconf 79' lang='grc' dir='ltr'>τιθηνήμασί</span> <span class='ocrx_word' id='word_1_382' title='bbox 3709 1570 3830 1609; x_wconf 76' lang='grc' dir='ltr'>σου.</span> 
     </span>
    </p>
   </div>
   <div class='ocr_carea' id='block_1_61' title="bbox 2352 1661 3734 1730">
    <p class='ocr_par' dir='ltr' id='par_1_61' title="bbox 2352 1661 3734 1730">
     <span class='ocr_line' id='line_1_61' title="bbox 2352 1661 3734 1730; baseline 0.004 -18"><span class='ocrx_word' id='word_1_383' title='bbox 2352 1663 2426 1715; x_wconf 71' lang='grc' dir='ltr'><strong><em>Δθ.</em></strong></span> <span class='ocrx_word' id='word_1_384' title='bbox 2464 1661 2573 1715; x_wconf 85' lang='grc' dir='ltr'><strong><em>Τοῦ</em></strong></span> <span class='ocrx_word' id='word_1_385' title='bbox 2608 1661 2797 1716; x_wconf 83' lang='grc' dir='ltr'>αὑτοῦ</span> <span class='ocrx_word' id='word_1_386' title='bbox 2839 1664 2924 1725; x_wconf 86' lang='grc' dir='ltr'>εὶς</span> <span class='ocrx_word' id='word_1_387' title='bbox 2957 1661 3163 1728; x_wconf 79' lang='grc' dir='ltr'>ἕτερον</span> <span class='ocrx_word' id='word_1_388' title='bbox 3187 1663 3378 1730; x_wconf 79' lang='grc' dir='ltr'>γάμον</span> <span class='ocrx_word' id='word_1_389' title='bbox 3395 1662 3734 1726; x_wconf 67' lang='grc' dir='ltr'>βασιλικὸν</span> 
     </span>
    </p>
   </div>
   <div class='ocr_carea' id='block_1_62' title="bbox 2748 1732 3346 1799">
    <p class='ocr_par' dir='ltr' id='par_1_62' title="bbox 2748 1732 3346 1799">
     <span class='ocr_line' id='line_1_62' title="bbox 2748 1732 3346 1799; baseline 0.002 -15"><span class='ocrx_word' id='word_1_390' title='bbox 2748 1734 2937 1785; x_wconf 77' lang='grc' dir='ltr'>παιὰν</span> <span class='ocrx_word' id='word_1_391' title='bbox 2964 1733 3086 1797; x_wconf 85' lang='grc' dir='ltr'>τοῖς</span> <span class='ocrx_word' id='word_1_392' title='bbox 3113 1732 3346 1799; x_wconf 75' lang='grc' dir='ltr'>δήμοις.</span> 
     </span>
    </p>
   </div>
   <div class='ocr_carea' id='block_1_63' title="bbox 2259 1822 3665 1894">
    <p class='ocr_par' dir='ltr' id='par_1_63' title="bbox 2259 1822 3665 1894">
     <span class='ocr_line' id='line_1_63' title="bbox 2259 1822 3665 1894; baseline 0 -20"><span class='ocrx_word' id='word_1_393' title='bbox 2259 1822 2365 1874; x_wconf 81' lang='grc' dir='ltr'><strong><em>Καὶ</em></strong></span> <span class='ocrx_word' id='word_1_394' title='bbox 2396 1822 2561 1876; x_wconf 86' lang='grc' dir='ltr'>πάλιν</span> <span class='ocrx_word' id='word_1_395' title='bbox 2593 1822 2692 1891; x_wconf 76' lang='grc' dir='ltr'>μὲν</span> <span class='ocrx_word' id='word_1_396' title='bbox 2731 1823 3017 1892; x_wconf 71' lang='grc' dir='ltr'>ἐπιδημῶν</span> <span class='ocrx_word' id='word_1_397' title='bbox 3058 1824 3190 1892; x_wconf 77' lang='grc' dir='ltr'>ἡμῖν</span> <span class='ocrx_word' id='word_1_398' title='bbox 3217 1824 3323 1875; x_wconf 70' lang='grc' dir='ltr'><strong><em>ἀπὸ</em></strong></span> <span class='ocrx_word' id='word_1_399' title='bbox 3350 1823 3451 1892; x_wconf 84' lang='grc' dir='ltr'>τῆς</span> <span class='ocrx_word' id='word_1_400' title='bbox 3479 1824 3665 1894; x_wconf 69' lang='grc' dir='ltr'>μάχης</span> 
     </span>
    </p>
   </div>
   <div class='ocr_carea' id='block_1_64' title="bbox 2259 1911 3765 1986">
    <p class='ocr_par' dir='ltr' id='par_1_64' title="bbox 2259 1911 3765 1986">
     <span class='ocr_line' id='line_1_64' title="bbox 2259 1911 3765 1986; baseline 0.004 -23"><span class='ocrx_word' id='word_1_401' title='bbox 2259 1911 2429 1976; x_wconf 75' lang='grc' dir='ltr'>’Δναξ</span> <span class='ocrx_word' id='word_1_402' title='bbox 2462 1915 3001 1984; x_wconf 70' lang='grc' dir='ltr'>πορφυροὸλάστητε,</span> <span class='ocrx_word' id='word_1_403' title='bbox 3039 1914 3370 1985; x_wconf 74' lang='grc' dir='ltr'>σκηπτοῦχε,</span> <span class='ocrx_word' id='word_1_404' title='bbox 3407 1917 3765 1986; x_wconf 80' lang='grc' dir='ltr'>τροπαιοῦχε,</span> 
     </span>
    </p>
   </div>
   <div class='ocr_carea' id='block_1_65' title="bbox 2257 2003 3827 2073">
    <p class='ocr_par' dir='ltr' id='par_1_65' title="bbox 2257 2003 3827 2073">
     <span class='ocr_line' id='line_1_65' title="bbox 2257 2003 3827 2073; baseline 0.003 -20"><span class='ocrx_word' id='word_1_405' title='bbox 2257 2003 2295 2053; x_wconf 86' lang='grc' dir='ltr'><strong><em>Γ</em></strong></span> <span class='ocrx_word' id='word_1_406' title='bbox 2297 2003 2469 2070; x_wconf 81' lang='grc' dir='ltr'>άμους</span> <span class='ocrx_word' id='word_1_407' title='bbox 2495 2003 2842 2072; x_wconf 77' lang='grc' dir='ltr'>ὲνύμφευσας</span> <span class='ocrx_word' id='word_1_408' title='bbox 2872 2006 3158 2073; x_wconf 77' lang='grc' dir='ltr'>λαμπροὺς</span> <span class='ocrx_word' id='word_1_409' title='bbox 3184 2006 3279 2057; x_wconf 77' lang='grc' dir='ltr'>καὶ</span> <span class='ocrx_word' id='word_1_410' title='bbox 3312 2007 3377 2073; x_wconf 85' lang='grc' dir='ltr'><strong><em>βα</em></strong></span> <span class='ocrx_word' id='word_1_411' title='bbox 3389 2008 3788 2070; x_wconf 75' lang='grc' dir='ltr'>σιλικωτάτυυς</span> <span class='ocrx_word' id='word_1_412' title='bbox 3813 2026 3827 2039; x_wconf 90' lang='grc'><strong>·</strong></span> 
     </span>
    </p>
   </div>
   <div class='ocr_carea' id='block_1_66' title="bbox 2256 2091 3830 2168">
    <p class='ocr_par' dir='ltr' id='par_1_66' title="bbox 2256 2091 3830 2168">
     <span class='ocr_line' id='line_1_66' title="bbox 2256 2091 3830 2168; baseline 0.003 -22"><span class='ocrx_word' id='word_1_413' title='bbox 2256 2091 2366 2146; x_wconf 76' lang='lat' dir='ltr'><strong><em>Kal</em></strong></span> <span class='ocrx_word' id='word_1_414' title='bbox 2395 2093 2488 2147; x_wconf 82' lang='grc' dir='ltr'>νῦν</span> <span class='ocrx_word' id='word_1_415' title='bbox 2514 2093 2653 2164; x_wconf 82' lang='grc' dir='ltr'>πρὸς</span> <span class='ocrx_word' id='word_1_416' title='bbox 2685 2094 2868 2165; x_wconf 82' lang='grc' dir='ltr'>μάχην</span> <span class='ocrx_word' id='word_1_417' title='bbox 2898 2095 3154 2166; x_wconf 78' lang='grc' dir='ltr'>ἐκδημῶν</span> <span class='ocrx_word' id='word_1_418' title='bbox 3203 2096 3302 2165; x_wconf 76' lang='grc' dir='ltr'>τὴν</span> <span class='ocrx_word' id='word_1_419' title='bbox 3349 2096 3491 2149; x_wconf 76' lang='grc' dir='ltr'>κατὰ</span> <span class='ocrx_word' id='word_1_420' title='bbox 3538 2097 3643 2166; x_wconf 82' lang='grc' dir='ltr'>τῆς</span> <span class='ocrx_word' id='word_1_421' title='bbox 3681 2100 3830 2168; x_wconf 83' lang='grc' dir='ltr'>Περ-</span> 
     </span>
    </p>
   </div>
   <div class='ocr_carea' id='block_1_67' title="bbox 3551 2187 3724 2260">
    <p class='ocr_par' dir='ltr' id='par_1_67' title="bbox 3551 2187 3724 2260">
     <span class='ocr_line' id='line_1_67' title="bbox 3551 2187 3724 2260; baseline 0.017 -21"><span class='ocrx_word' id='word_1_422' title='bbox 3551 2187 3724 2260; x_wconf 75' lang='grc' dir='ltr'>[σίδας</span> 
     </span>
    </p>
   </div>
   <div class='ocr_carea' id='block_1_68' title="bbox 2190 2265 3828 2354">
    <p class='ocr_par' dir='ltr' id='par_1_68' title="bbox 2190 2265 3828 2354">
     <span class='ocr_line' id='line_1_68' title="bbox 2190 2265 3828 2354; baseline 0.003 -26"><span class='ocrx_word' id='word_1_423' title='bbox 2190 2265 2191 2270; x_wconf 22' lang='grc'><strong>¹</strong></span> <span class='ocrx_word' id='word_1_424' title='bbox 2255 2277 2435 2347; x_wconf 88' lang='grc' dir='ltr'>Γάμον</span> <span class='ocrx_word' id='word_1_425' title='bbox 2459 2276 2756 2347; x_wconf 78' lang='grc' dir='ltr'>νυμφεύεις</span> <span class='ocrx_word' id='word_1_426' title='bbox 2786 2278 3122 2348; x_wconf 71' lang='grc' dir='ltr'>θαυμαστὸν,</span> <span class='ocrx_word' id='word_1_427' title='bbox 3156 2279 3369 2348; x_wconf 81' lang='grc' dir='ltr'>χρυσῆν</span> <span class='ocrx_word' id='word_1_428' title='bbox 3396 2281 3653 2354; x_wconf 83' lang='grc' dir='ltr'>παστάδα</span> <span class='ocrx_word' id='word_1_429' title='bbox 3689 2282 3828 2334; x_wconf 69' lang='grc' dir='ltr'>πλέα</span> 
     </span>
    </p>
   </div>
   <div class='ocr_carea' id='block_1_69' title="bbox 3575 2383 3720 2431">
    <p class='ocr_par' dir='ltr' id='par_1_69' title="bbox 3575 2383 3720 2431">
     <span class='ocr_line' id='line_1_69' title="bbox 3575 2383 3720 2431; baseline 0.021 -3"><span class='ocrx_word' id='word_1_430' title='bbox 3575 2383 3720 2431; x_wconf 56' lang='lat' dir='ltr'><strong><em>“Ws</em></strong></span> 
     </span>
    </p>
   </div>
   <div class='ocr_carea' id='block_1_70' title="bbox 2256 2365 3762 2530">
    <p class='ocr_par' dir='ltr' id='par_1_70' title="bbox 2256 2365 3762 2530">
     <span class='ocr_line' id='line_1_70' title="bbox 3575 2383 3720 2431; baseline 0.007 -13"><span class='ocrx_word' id='word_1_431' title='bbox 3575 2383 3720 2431; x_wconf 72' lang='grc' dir='ltr'>κεν,</span> 
     </span>
     <span class='ocr_line' id='line_1_71' title="bbox 2256 2365 3762 2530; baseline -0.001 -18"><span class='ocrx_word' id='word_1_432' title='bbox 2256 2459 2609 2522; x_wconf 75' lang='grc' dir='ltr'>Παντοδαπὰς</span> <span class='ocrx_word' id='word_1_433' title='bbox 2638 2461 2739 2522; x_wconf 76' lang='grc' dir='ltr'><strong><em>τὰς</em></strong></span> <span class='ocrx_word' id='word_1_434' title='bbox 2768 2459 3000 2530; x_wconf 88' lang='grc' dir='ltr'>χάριτας</span> <span class='ocrx_word' id='word_1_435' title='bbox 3028 2459 3312 2530; x_wconf 76' lang='grc' dir='ltr'>βραϐεύων</span> <span class='ocrx_word' id='word_1_436' title='bbox 3346 2461 3460 2522; x_wconf 86' lang='grc' dir='ltr'>τοῖς</span> <span class='ocrx_word' id='word_1_437' title='bbox 3486 2365 3762 2522; x_wconf 49' lang='grc' dir='ltr'>οίξιότέις.</span> 
     </span>
    </p>
   </div>
   <div class='ocr_carea' id='block_1_71' title="bbox 2257 2549 3538 2622">
    <p class='ocr_par' dir='ltr' id='par_1_71' title="bbox 2257 2549 3538 2622">
     <span class='ocr_line' id='line_1_72' title="bbox 2257 2549 3538 2622; baseline -0.002 -18"><span class='ocrx_word' id='word_1_438' title='bbox 2257 2553 2322 2604; x_wconf 81' lang='grc' dir='ltr'><strong>Ὢ</strong></span> <span class='ocrx_word' id='word_1_439' title='bbox 2357 2553 2627 2622; x_wconf 84' lang='grc' dir='ltr'>βασιλέως</span> <span class='ocrx_word' id='word_1_440' title='bbox 2654 2551 2900 2620; x_wconf 85' lang='grc' dir='ltr'>νικητοῦ,</span> <span class='ocrx_word' id='word_1_441' title='bbox 2934 2551 3181 2620; x_wconf 86' lang='grc' dir='ltr'>χαρίτων</span> <span class='ocrx_word' id='word_1_442' title='bbox 3203 2549 3538 2621; x_wconf 77' lang='grc' dir='ltr'>άμυθήτωνί</span> 
     </span>
    </p>
   </div>
   <div class='ocr_carea' id='block_1_72' title="bbox 2253 2641 3632 2724">
    <p class='ocr_par' dir='ltr' id='par_1_72' title="bbox 2253 2641 3632 2724">
     <span class='ocr_line' id='line_1_73' title="bbox 2253 2641 3632 2724; baseline -0.001 -29"><span class='ocrx_word' id='word_1_443' title='bbox 2253 2644 2423 2697; x_wconf 84' lang='grc' dir='ltr'>ιιάλιν</span> <span class='ocrx_word' id='word_1_444' title='bbox 2458 2644 2708 2698; x_wconf 79' lang='grc' dir='ltr'>ἀνάκτων</span> <span class='ocrx_word' id='word_1_445' title='bbox 2740 2642 2926 2715; x_wconf 76' lang='grc' dir='ltr'>ἑορτὴ,</span> <span class='ocrx_word' id='word_1_446' title='bbox 2959 2641 3122 2696; x_wconf 88' lang='grc' dir='ltr'>πάλιν</span> <span class='ocrx_word' id='word_1_447' title='bbox 3153 2642 3401 2695; x_wconf 81' lang='grc' dir='ltr'>ἀνάκτων</span> <span class='ocrx_word' id='word_1_448' title='bbox 3433 2643 3632 2724; x_wconf 77' lang='grc' dir='ltr'>γάμοι,</span> 
     </span>
    </p>
   </div>
   <div class='ocr_carea' id='block_1_73' title="bbox 2255 2730 3832 2814">
    <p class='ocr_par' dir='ltr' id='par_1_73' title="bbox 2255 2730 3832 2814">
     <span class='ocr_line' id='line_1_74' title="bbox 2255 2730 3832 2814; baseline -0.002 -29"><span class='ocrx_word' id='word_1_449' title='bbox 2255 2734 2362 2785; x_wconf 80' lang='grc' dir='ltr'><strong><em>Καὶ</em></strong></span> <span class='ocrx_word' id='word_1_450' title='bbox 2399 2733 2559 2787; x_wconf 80' lang='grc' dir='ltr'>πάλιν</span> <span class='ocrx_word' id='word_1_451' title='bbox 2583 2732 2797 2796; x_wconf 82' lang='grc' dir='ltr'>τούτοις</span> <span class='ocrx_word' id='word_1_452' title='bbox 2838 2731 3088 2814; x_wconf 49' lang='grc' dir='ltr'>δᾳδουχεῖ</span> <span class='ocrx_word' id='word_1_453' title='bbox 3129 2730 3376 2799; x_wconf 84' lang='grc' dir='ltr'>φαιδρῶς</span> <span class='ocrx_word' id='word_1_454' title='bbox 3415 2732 3509 2784; x_wconf 73' lang='grc' dir='ltr'>καὶ</span> <span class='ocrx_word' id='word_1_455' title='bbox 3543 2731 3832 2798; x_wconf 80' lang='grc' dir='ltr'>περιλάμ-</span> 
     </span>
    </p>
   </div>
   <div class='ocr_carea' id='block_1_74' title="bbox 3624 2838 3722 2872">
    <p class='ocr_par' dir='ltr' id='par_1_74' title="bbox 3624 2838 3722 2872">
     <span class='ocr_line' id='line_1_75' title="bbox 3624 2838 3722 2872; baseline 0 0"><span class='ocrx_word' id='word_1_456' title='bbox 3624 2838 3722 2872; x_wconf 73' lang='grc' dir='ltr'><strong><em>πει</em></strong></span> 
     </span>
    </p>
   </div>
   <div class='ocr_carea' id='block_1_75' title="bbox 2261 2819 3619 2983">
    <p class='ocr_par' dir='ltr' id='par_1_75' title="bbox 2261 2819 3619 2983">
     <span class='ocr_line' id='line_1_76' title="bbox 2261 2819 3619 2983; baseline 0.025 -19"><span class='ocrx_word' id='word_1_457' title='bbox 2261 2912 2456 2965; x_wconf 82' lang='grc' dir='ltr'>⁹Ο··ιῶν</span> <span class='ocrx_word' id='word_1_458' title='bbox 2486 2911 2736 2963; x_wconf 80' lang='grc' dir='ltr'>Αὐσόνων</span> <span class='ocrx_word' id='word_1_459' title='bbox 2763 2912 2936 2980; x_wconf 69' lang='grc' dir='ltr'>ἥλιος,</span> <span class='ocrx_word' id='word_1_460' title='bbox 2969 2913 2996 2963; x_wconf 73' lang='grc' dir='ltr'><em>ὁ</em></span> <span class='ocrx_word' id='word_1_461' title='bbox 3027 2912 3288 2981; x_wconf 63' lang='grc' dir='ltr'><strong><em>κοσμικδς</em></strong></span> <span class='ocrx_word' id='word_1_462' title='bbox 3318 2819 3619 2983; x_wconf 51' lang='grc' dir='ltr'><strong><em>δᾳδοῦχοςξ</em></strong></span> 
     </span>
    </p>
   </div>
   <div class='ocr_carea' id='block_1_76' title="bbox 2172 3002 3606 3091">
    <p class='ocr_par' dir='ltr' id='par_1_76' title="bbox 2172 3002 3606 3091">
     <span class='ocr_line' id='line_1_77' title="bbox 2172 3002 3606 3091; baseline 0.009 -1"><span class='ocrx_word' id='word_1_463' title='bbox 2172 3034 2216 3091; x_wconf 89' lang='lat' dir='ltr'><strong><em>c</em></strong></span> <span class='ocrx_word' id='word_1_464' title='bbox 2262 3005 2321 3058; x_wconf 86' lang='lat'><strong><em>&#39;0</em></strong></span> <span class='ocrx_word' id='word_1_465' title='bbox 2352 3004 2600 3073; x_wconf 82' lang='grc' dir='ltr'>νικητὴς.</span> <span class='ocrx_word' id='word_1_466' title='bbox 2631 3004 2659 3054; x_wconf 77' lang='grc' dir='ltr'><strong>ὁ</strong></span> <span class='ocrx_word' id='word_1_467' title='bbox 2689 3003 2993 3072; x_wconf 75' lang='grc' dir='ltr'>Κομνιινδςι</span> <span class='ocrx_word' id='word_1_468' title='bbox 3024 3002 3291 3071; x_wconf 65' lang='grc' dir='ltr'>δεσπότης</span> <span class='ocrx_word' id='word_1_469' title='bbox 3330 3002 3606 3073; x_wconf 61' lang='grc' dir='ltr'><strong><em>Ἰωάννηίν</em></strong></span> 
     </span>
    </p>
   </div>
   <div class='ocr_carea' id='block_1_77' title="bbox 2249 3091 3801 3164">
    <p class='ocr_par' dir='ltr' id='par_1_77' title="bbox 2249 3091 3801 3164">
     <span class='ocr_line' id='line_1_78' title="bbox 2249 3091 3801 3164; baseline -0.004 -16"><span class='ocrx_word' id='word_1_470' title='bbox 2249 3095 2453 3163; x_wconf 80' lang='grc' dir='ltr'>Αίγλας</span> <span class='ocrx_word' id='word_1_471' title='bbox 2483 3095 2853 3164; x_wconf 80' lang='grc' dir='ltr'>προπέμπων,</span> <span class='ocrx_word' id='word_1_472' title='bbox 2880 3093 3091 3164; x_wconf 80' lang='grc' dir='ltr'>ἀρετῶν</span> <span class='ocrx_word' id='word_1_473' title='bbox 3125 3091 3321 3160; x_wconf 84' lang='grc' dir='ltr'>αῐγλας</span> <span class='ocrx_word' id='word_1_474' title='bbox 3347 3093 3801 3161; x_wconf 77' lang='grc' dir='ltr'>ἀριστευμάτων,</span> 
     </span>
    </p>
   </div>
   <div class='ocr_carea' id='block_1_78' title="bbox 2250 3184 3687 3255">
    <p class='ocr_par' dir='ltr' id='par_1_78' title="bbox 2250 3184 3687 3255">
     <span class='ocr_line' id='line_1_79' title="bbox 2250 3184 3687 3255; baseline -0.001 -15"><span class='ocrx_word' id='word_1_475' title='bbox 2250 3186 2506 3249; x_wconf 83' lang='grc' dir='ltr'>Ποικίλας</span> <span class='ocrx_word' id='word_1_476' title='bbox 2536 3188 2628 3240; x_wconf 80' lang='grc' dir='ltr'>καὶ</span> <span class='ocrx_word' id='word_1_477' title='bbox 2659 3184 3010 3248; x_wconf 78' lang='grc' dir='ltr'>παντοδαπάς</span> <span class='ocrx_word' id='word_1_478' title='bbox 3037 3185 3278 3255; x_wconf 86' lang='grc' dir='ltr'>χαρίτων</span> <span class='ocrx_word' id='word_1_479' title='bbox 3304 3185 3687 3254; x_wconf 79' lang='grc' dir='ltr'>φρυκτωρίας.</span> 
     </span>
    </p>
   </div>
   <div class='ocr_carea' id='block_1_79' title="bbox 2320 3275 3720 3347">
    <p class='ocr_par' dir='ltr' id='par_1_79' title="bbox 2320 3275 3720 3347">
     <span class='ocr_line' id='line_1_80' title="bbox 2320 3275 3720 3347; baseline 0 -17"><span class='ocrx_word' id='word_1_480' title='bbox 2320 3278 2412 3345; x_wconf 81' lang='grc' dir='ltr'><strong><em>Μὴ</em></strong></span> <span class='ocrx_word' id='word_1_481' title='bbox 2442 3276 2626 3345; x_wconf 83' lang='grc' dir='ltr'>δύνῃς,</span> <span class='ocrx_word' id='word_1_482' title='bbox 2652 3275 2873 3344; x_wconf 82' lang='grc' dir='ltr'>Ῥώμης</span> <span class='ocrx_word' id='word_1_483' title='bbox 2903 3276 3044 3344; x_wconf 67' lang='grc' dir='ltr'>ἥλιε,</span> <span class='ocrx_word' id='word_1_484' title='bbox 3080 3275 3345 3347; x_wconf 63' lang='grc' dir='ltr'>μὴηδύνῃς</span> <span class='ocrx_word' id='word_1_485' title='bbox 3376 3277 3454 3340; x_wconf 86' lang='grc' dir='ltr'><strong><em>είς</em></strong></span> <span class='ocrx_word' id='word_1_486' title='bbox 3482 3276 3720 3339; x_wconf 81' lang='grc' dir='ltr'>αἰῶνας.</span> 
     </span>
    </p>
   </div>
   <div class='ocr_carea' id='block_1_80' title="bbox 2247 3359 3835 3437">
    <p class='ocr_par' dir='ltr' id='par_1_80' title="bbox 2247 3359 3835 3437">
     <span class='ocr_line' id='line_1_81' title="bbox 2247 3359 3835 3437; baseline 0 -18"><span class='ocrx_word' id='word_1_487' title='bbox 2247 3369 2310 3419; x_wconf 84' lang='grc' dir='ltr'><strong><em>’Ὠ</em></strong></span> <span class='ocrx_word' id='word_1_488' title='bbox 2337 3367 2521 3429; x_wconf 91' lang='grc' dir='ltr'>πόσοις</span> <span class='ocrx_word' id='word_1_489' title='bbox 2553 3367 2798 3436; x_wconf 87' lang='grc' dir='ltr'>τρόποις,</span> <span class='ocrx_word' id='word_1_490' title='bbox 2839 3359 3083 3435; x_wconf 75' lang='grc' dir='ltr'>βασιλεῦ’,</span> <span class='ocrx_word' id='word_1_491' title='bbox 3118 3367 3423 3437; x_wconf 80' lang='grc' dir='ltr'>εὐεργετεῖς</span> <span class='ocrx_word' id='word_1_492' title='bbox 3451 3368 3542 3420; x_wconf 80' lang='grc' dir='ltr'>τὸν</span> <span class='ocrx_word' id='word_1_493' title='bbox 3589 3370 3835 3433; x_wconf 84' lang='grc' dir='ltr'>κόσμον,</span> 
     </span>
    </p>
   </div>
   <div class='ocr_carea' id='block_1_81' title="bbox 2318 3540 3836 3613">
    <p class='ocr_par' dir='ltr' id='par_1_81' title="bbox 2318 3540 3836 3613">
     <span class='ocr_line' id='line_1_82' title="bbox 2318 3540 3836 3613; baseline 0.003 -21"><span class='ocrx_word' id='word_1_494' title='bbox 2318 3540 2448 3606; x_wconf 71' lang='lat' dir='ltr'><strong><em>Qua</em></strong></span> <span class='ocrx_word' id='word_1_495' title='bbox 2471 3543 2786 3596; x_wconf 75' lang='lat' dir='ltr'><strong><em>caremonia</em></strong></span> <span class='ocrx_word' id='word_1_496' title='bbox 2813 3541 3098 3596; x_wconf 89' lang='lat' dir='ltr'><strong><em>solemnior</em></strong></span> <span class='ocrx_word' id='word_1_497' title='bbox 3121 3557 3281 3612; x_wconf 87' lang='lat' dir='ltr'><strong><em>quam</em></strong></span> <span class='ocrx_word' id='word_1_498' title='bbox 3308 3556 3368 3594; x_wconf 83' lang='lat' dir='ltr'><strong><em>ea</em></strong></span> <span class='ocrx_word' id='word_1_499' title='bbox 3401 3558 3558 3610; x_wconf 88' lang='lat' dir='ltr'><strong><em>quam</em></strong></span> <span class='ocrx_word' id='word_1_500' title='bbox 3586 3545 3656 3595; x_wconf 90' lang='lat' dir='ltr'><strong><em>im</em></strong></span> <span class='ocrx_word' id='word_1_501' title='bbox 3664 3562 3836 3613; x_wconf 84' lang='lat' dir='ltr'><strong><em>pera-</em></strong></span> 
     </span>
    </p>
   </div>
   <div class='ocr_carea' id='block_1_82' title="bbox 2246 3630 3839 3701">
    <p class='ocr_par' dir='ltr' id='par_1_82' title="bbox 2246 3630 3839 3701">
     <span class='ocr_line' id='line_1_83' title="bbox 2246 3630 3839 3701; baseline 0.001 -17"><span class='ocrx_word' id='word_1_502' title='bbox 2246 3641 2330 3686; x_wconf 95' lang='lat' dir='ltr'><strong><em>tor</em></strong></span> <span class='ocrx_word' id='word_1_503' title='bbox 2366 3642 2618 3701; x_wconf 80' lang='lat' dir='ltr'><strong><em>augustas</em></strong></span> <span class='ocrx_word' id='word_1_504' title='bbox 2661 3634 2906 3686; x_wconf 90' lang='lat' dir='ltr'><strong><em>initiatur</em></strong></span> <span class='ocrx_word' id='word_1_505' title='bbox 2944 3631 3257 3690; x_wconf 82' lang='lat' dir='ltr'><strong><em>diadematis</em></strong></span> <span class='ocrx_word' id='word_1_506' title='bbox 3297 3630 3679 3701; x_wconf 80' lang='lat' dir='ltr'><strong><em>pulchritudini</em></strong></span> <span class='ocrx_word' id='word_1_507' title='bbox 3719 3642 3839 3685; x_wconf 82' lang='lat' dir='ltr'><strong><em>tro-</em></strong></span> 
     </span>
    </p>
   </div>
   <div class='ocr_carea' id='block_1_83' title="bbox 2245 3720 3832 3792">
    <p class='ocr_par' dir='ltr' id='par_1_83' title="bbox 2245 3720 3832 3792">
     <span class='ocr_line' id='line_1_84' title="bbox 2245 3720 3832 3792; baseline -0.001 -16"><span class='ocrx_word' id='word_1_508' title='bbox 2245 3739 2490 3792; x_wconf 71' lang='lat' dir='ltr'><strong><em>pworum,</em></strong></span> <span class='ocrx_word' id='word_1_509' title='bbox 2518 3722 2714 3775; x_wconf 86' lang='lat' dir='ltr'><strong><em>addens</em></strong></span> <span class='ocrx_word' id='word_1_510' title='bbox 2753 3720 3106 3791; x_wconf 86' lang='lat' dir='ltr'><strong><em>splendorem,</em></strong></span> <span class='ocrx_word' id='word_1_511' title='bbox 3142 3721 3345 3790; x_wconf 75' lang='lat' dir='ltr'><strong><em>fortiter</em></strong></span> <span class='ocrx_word' id='word_1_512' title='bbox 3375 3720 3526 3790; x_wconf 87' lang='lat' dir='ltr'><strong><em>factis</em></strong></span> <span class='ocrx_word' id='word_1_513' title='bbox 3567 3737 3832 3775; x_wconf 87' lang='lat' dir='ltr'><strong><em>coronam</em></strong></span> 
     </span>
    </p>
   </div>
   <div class='ocr_carea' id='block_1_84' title="bbox 2244 3816 2833 3886">
    <p class='ocr_par' dir='ltr' id='par_1_84' title="bbox 2244 3816 2833 3886">
     <span class='ocr_line' id='line_1_85' title="bbox 2244 3816 2833 3886; baseline -0.003 -16"><span class='ocrx_word' id='word_1_514' title='bbox 2244 3819 2345 3870; x_wconf 86' lang='lat' dir='ltr'><strong><em>sibi</em></strong></span> <span class='ocrx_word' id='word_1_515' title='bbox 2375 3819 2460 3880; x_wconf 20' lang='lat' dir='ltr'><strong><em>ita,</em></strong></span> <span class='ocrx_word' id='word_1_516' title='bbox 2483 3818 2788 3886; x_wconf 73' lang='lat' dir='ltr'><strong><em>praripiens</em></strong></span> <span class='ocrx_word' id='word_1_517' title='bbox 2808 3816 2833 3868; x_wconf 69' lang='grc' dir='ltr'><strong><em>Ρ</em></strong></span> 
     </span>
    </p>
   </div>
   <div class='ocr_carea' id='block_1_85' title="bbox 2317 3904 3833 3978">
    <p class='ocr_par' dir='ltr' id='par_1_85' title="bbox 2317 3904 3833 3978">
     <span class='ocr_line' id='line_1_86' title="bbox 2317 3904 3833 3978; baseline 0.001 -17"><span class='ocrx_word' id='word_1_518' title='bbox 2317 3908 2413 3961; x_wconf 86' lang='lat' dir='ltr'><strong><em>Hic</em></strong></span> <span class='ocrx_word' id='word_1_519' title='bbox 2440 3910 2577 3960; x_wconf 88' lang='lat' dir='ltr'><strong><em>inter</em></strong></span> <span class='ocrx_word' id='word_1_520' title='bbox 2603 3907 2712 3961; x_wconf 91' lang='lat' dir='ltr'><strong><em>dies</em></strong></span> <span class='ocrx_word' id='word_1_521' title='bbox 2739 3907 2890 3975; x_wconf 90' lang='lat' dir='ltr'><strong><em>festos</em></strong></span> <span class='ocrx_word' id='word_1_522' title='bbox 2920 3908 3116 3976; x_wconf 88' lang='lat' dir='ltr'><strong><em>primus</em></strong></span> <span class='ocrx_word' id='word_1_523' title='bbox 3148 3906 3340 3960; x_wconf 82' lang='lat' dir='ltr'><strong><em>luceat.</em></strong></span> <span class='ocrx_word' id='word_1_524' title='bbox 3377 3904 3668 3978; x_wconf 66' lang='lat' dir='ltr'><strong><em>Magniﬁca</em></strong></span> <span class='ocrx_word' id='word_1_525' title='bbox 3715 3924 3833 3962; x_wconf 85' lang='lat' dir='ltr'><strong><em>sce-</em></strong></span> 
     </span>
    </p>
   </div>
   <div class='ocr_carea' id='block_1_86' title="bbox 2246 3997 3832 4070">
    <p class='ocr_par' dir='ltr' id='par_1_86' title="bbox 2246 3997 3832 4070">
     <span class='ocr_line' id='line_1_87' title="bbox 2246 3997 3832 4070; baseline 0 -18"><span class='ocrx_word' id='word_1_526' title='bbox 2246 4009 2421 4070; x_wconf 87' lang='lat' dir='ltr'><strong><em>ptrum</em></strong></span> <span class='ocrx_word' id='word_1_527' title='bbox 2450 4000 2635 4052; x_wconf 89' lang='lat' dir='ltr'><strong><em>domus</em></strong></span> <span class='ocrx_word' id='word_1_528' title='bbox 2658 4000 2962 4064; x_wconf 75' lang='lat' dir='ltr'><strong><em>Comnena&#39;,</em></strong></span> <span class='ocrx_word' id='word_1_529' title='bbox 2987 3997 3257 4067; x_wconf 76' lang='lat' dir='ltr'><strong><em>ampli/ica</em></strong></span> <span class='ocrx_word' id='word_1_530' title='bbox 3280 3997 3536 4066; x_wconf 78' lang='lat' dir='ltr'><strong><em>familiam</em></strong></span> <span class='ocrx_word' id='word_1_531' title='bbox 3558 4000 3832 4063; x_wconf 81' lang='lat' dir='ltr'><strong><em>diuinam,</em></strong></span> 
     </span>
    </p>
   </div>
   <div class='ocr_carea' id='block_1_87' title="bbox 2247 4089 3832 4162">
    <p class='ocr_par' dir='ltr' id='par_1_87' title="bbox 2247 4089 3832 4162">
     <span class='ocr_line' id='line_1_88' title="bbox 2247 4089 3832 4162; baseline -0.001 -16"><span class='ocrx_word' id='word_1_532' title='bbox 2247 4109 2410 4162; x_wconf 84' lang='lat' dir='ltr'><strong><em>genus</em></strong></span> <span class='ocrx_word' id='word_1_533' title='bbox 2445 4109 2684 4154; x_wconf 89' lang='lat' dir='ltr'><strong><em>aureum,</em></strong></span> <span class='ocrx_word' id='word_1_534' title='bbox 2723 4092 3010 4154; x_wconf 85' lang='lat' dir='ltr'><strong><em>heroicum,</em></strong></span> <span class='ocrx_word' id='word_1_535' title='bbox 3047 4089 3244 4160; x_wconf 87' lang='lat' dir='ltr'><strong><em>regale,</em></strong></span> <span class='ocrx_word' id='word_1_536' title='bbox 3281 4089 3514 4142; x_wconf 81' lang='lat' dir='ltr'><strong><em>omnium</em></strong></span> <span class='ocrx_word' id='word_1_537' title='bbox 3550 4091 3832 4158; x_wconf 82' lang='lat' dir='ltr'><strong><em>primum;</em></strong></span> 
     </span>
    </p>
   </div>
   <div class='ocr_carea' id='block_1_88' title="bbox 2247 4180 3834 4253">
    <p class='ocr_par' dir='ltr' id='par_1_88' title="bbox 2247 4180 3834 4253">
     <span class='ocr_line' id='line_1_89' title="bbox 2247 4180 3834 4253; baseline -0.001 -17"><span class='ocrx_word' id='word_1_538' title='bbox 2247 4199 2274 4236; x_wconf 90' lang='lat' dir='ltr'><strong><em>e</em></strong></span> <span class='ocrx_word' id='word_1_539' title='bbox 2311 4199 2562 4253; x_wconf 86' lang='lat' dir='ltr'><strong><em>generum</em></strong></span> <span class='ocrx_word' id='word_1_540' title='bbox 2595 4184 2974 4236; x_wconf 86' lang='lat' dir='ltr'><strong><em>associatorum</em></strong></span> <span class='ocrx_word' id='word_1_541' title='bbox 3007 4181 3263 4235; x_wconf 88' lang='lat' dir='ltr'><strong><em>connubio</em></strong></span> <span class='ocrx_word' id='word_1_542' title='bbox 3296 4181 3417 4234; x_wconf 85' lang='lat' dir='ltr'><strong><em>sinu</em></strong></span> <span class='ocrx_word' id='word_1_543' title='bbox 3454 4180 3724 4251; x_wconf 81' lang='lat' dir='ltr'><strong><em>producas</em></strong></span> <span class='ocrx_word' id='word_1_544' title='bbox 3769 4199 3834 4236; x_wconf 69' lang='lat' dir='ltr'><strong><em>ex</em></strong></span> 
     </span>
    </p>
   </div>
   <div class='ocr_carea' id='block_1_89' title="bbox 2248 4267 3829 4348">
    <p class='ocr_par' dir='ltr' id='par_1_89' title="bbox 2248 4267 3829 4348">
     <span class='ocr_line' id='line_1_90' title="bbox 2248 4267 3829 4348; baseline 0.001 -23"><span class='ocrx_word' id='word_1_545' title='bbox 2248 4274 2393 4340; x_wconf 88' lang='lat' dir='ltr'><strong><em>prole</em></strong></span> <span class='ocrx_word' id='word_1_546' title='bbox 2421 4267 2674 4348; x_wconf 83' lang='lat' dir='ltr'><strong><em>sobolem,</em></strong></span> <span class='ocrx_word' id='word_1_547' title='bbox 2706 4289 2769 4326; x_wconf 73' lang='lat' dir='ltr'><strong><em>ea:</em></strong></span> <span class='ocrx_word' id='word_1_548' title='bbox 2798 4273 2924 4340; x_wconf 83' lang='lat' dir='ltr'><strong><em>filiis</em></strong></span> <span class='ocrx_word' id='word_1_549' title='bbox 2956 4273 3112 4341; x_wconf 82' lang='lat' dir='ltr'><strong><em>ﬁlios,</em></strong></span> <span class='ocrx_word' id='word_1_550' title='bbox 3145 4288 3323 4326; x_wconf 90' lang='lat' dir='ltr'><strong><em>omnes</em></strong></span> <span class='ocrx_word' id='word_1_551' title='bbox 3355 4274 3558 4341; x_wconf 87' lang='lat' dir='ltr'><strong><em>piorum</em></strong></span> <span class='ocrx_word' id='word_1_552' title='bbox 3595 4281 3829 4333; x_wconf 82' lang='lat' dir='ltr'><strong><em>tutores.</em></strong></span> 
     </span>
    </p>
   </div>
   <div class='ocr_carea' id='block_1_90' title="bbox 577 4353 3830 4435">
    <p class='ocr_par' dir='ltr' id='par_1_90' title="bbox 577 4353 3830 4435">
     <span class='ocr_line' id='line_1_91' title="bbox 577 4353 3830 4435; baseline -0.001 -23"><span class='ocrx_word' id='word_1_553' title='bbox 577 4364 658 4430; x_wconf 74' lang='lat' dir='ltr'><strong><em>gie</em></strong></span> <span class='ocrx_word' id='word_1_554' title='bbox 699 4376 753 4412; x_wconf 87' lang='lat' dir='ltr'><strong><em>sc</em></strong></span> <span class='ocrx_word' id='word_1_555' title='bbox 796 4359 988 4411; x_wconf 83' lang='lat' dir='ltr'><strong><em>habent</em></strong></span> <span class='ocrx_word' id='word_1_556' title='bbox 1027 4373 1043 4409; x_wconf 89' lang='lat'><strong><em>:</em></strong></span> <span class='ocrx_word' id='word_1_557' title='bbox 1085 4357 1270 4419; x_wconf 85' lang='lat' dir='ltr'><strong><em>cubile,</em></strong></span> <span class='ocrx_word' id='word_1_558' title='bbox 1313 4356 1470 4409; x_wconf 86' lang='lat' dir='ltr'><strong><em>lectus</em></strong></span> <span class='ocrx_word' id='word_1_559' title='bbox 1511 4357 1767 4426; x_wconf 85' lang='lat' dir='ltr'><strong><em>nuptialis</em></strong></span> <span class='ocrx_word' id='word_1_560' title='bbox 1804 4359 1928 4428; x_wconf 86' lang='lat' dir='ltr'><strong><em>bina</em></strong></span> <span class='ocrx_word' id='word_1_561' title='bbox 1969 4365 2090 4410; x_wconf 91' lang='lat' dir='ltr'><strong><em>sunt</em></strong></span> <span class='ocrx_word' id='word_1_562' title='bbox 2125 4372 2142 4408; x_wconf 87' lang='lat'><strong><em>.&#39;</em></strong></span> <span class='ocrx_word' id='word_1_563' title='bbox 2175 4365 2220 4418; x_wconf 76' lang='grc' dir='ltr'>υ</span> <span class='ocrx_word' id='word_1_564' title='bbox 2247 4379 2542 4417; x_wconf 69' lang='lat' dir='ltr'><strong><em>commune;</em></strong></span> <span class='ocrx_word' id='word_1_565' title='bbox 2581 4353 2758 4416; x_wconf 66' lang='lat' dir='ltr'><strong><em>Roma</em></strong></span> <span class='ocrx_word' id='word_1_566' title='bbox 2796 4372 3236 4435; x_wconf 72' lang='lat' dir='ltr'><strong><em>propugnatores,</em></strong></span> <span class='ocrx_word' id='word_1_567' title='bbox 3277 4370 3326 4415; x_wconf 77' lang='lat' dir='ltr'><strong><em>et</em></strong></span> <span class='ocrx_word' id='word_1_568' title='bbox 3366 4377 3571 4416; x_wconf 72' lang='lat' dir='ltr'><strong><em>omnem</em></strong></span> <span class='ocrx_word' id='word_1_569' title='bbox 3616 4373 3830 4417; x_wconf 68' lang='lat' dir='ltr'><strong><em>terram</em></strong></span> 
     </span>
    </p>
   </div>
   <div class='ocr_carea' id='block_1_91' title="bbox 468 4443 2138 4518">
    <p class='ocr_par' dir='ltr' id='par_1_91' title="bbox 468 4443 2138 4518">
     <span class='ocr_line' id='line_1_92' title="bbox 468 4443 2138 4518; baseline -0.005 -15"><span class='ocrx_word' id='word_1_570' title='bbox 468 4449 473 4454; x_wconf 85' lang='grc'><em>’</em></span> <span class='ocrx_word' id='word_1_571' title='bbox 577 4451 674 4518; x_wconf 83' lang='lat' dir='ltr'><strong><em>ipsi</em></strong></span> <span class='ocrx_word' id='word_1_572' title='bbox 727 4447 1107 4502; x_wconf 87' lang='lat' dir='ltr'><strong><em>Comnenorum</em></strong></span> <span class='ocrx_word' id='word_1_573' title='bbox 1165 4443 1380 4511; x_wconf 68' lang='lat' dir='ltr'><strong><em>familia:</em></strong></span> <span class='ocrx_word' id='word_1_574' title='bbox 1433 4445 1698 4514; x_wconf 84' lang='lat' dir='ltr'><strong><em>adscripta</em></strong></span> <span class='ocrx_word' id='word_1_575' title='bbox 1757 4445 2138 4499; x_wconf 79' lang='lat' dir='ltr'><strong><em>nobilissimum</em></strong></span> 
     </span>
    </p>
   </div>
   <div class='ocr_carea' id='block_1_92' title="bbox 577 4535 2139 4605">
    <p class='ocr_par' dir='ltr' id='par_1_92' title="bbox 577 4535 2139 4605">
     <span class='ocr_line' id='line_1_93' title="bbox 577 4535 2139 4605; baseline -0.003 -13"><span class='ocrx_word' id='word_1_576' title='bbox 577 4539 901 4592; x_wconf 84' lang='lat' dir='ltr'><strong><em>matrimonii</em></strong></span> <span class='ocrx_word' id='word_1_577' title='bbox 937 4545 1226 4588; x_wconf 86' lang='lat' dir='ltr'><strong><em>consortem</em></strong></span> <span class='ocrx_word' id='word_1_578' title='bbox 1265 4543 1420 4586; x_wconf 84' lang='lat' dir='ltr'><strong><em>nacta</em></strong></span> <span class='ocrx_word' id='word_1_579' title='bbox 1455 4549 1538 4598; x_wconf 91' lang='lat' dir='ltr'><strong><em>es,</em></strong></span> <span class='ocrx_word' id='word_1_580' title='bbox 1575 4535 1808 4588; x_wconf 87' lang='lat' dir='ltr'><strong><em>omnium</em></strong></span> <span class='ocrx_word' id='word_1_581' title='bbox 1842 4539 2139 4605; x_wconf 86' lang='lat' dir='ltr'><strong><em>gratiarum</em></strong></span> 
     </span>
    </p>
   </div>
   <div class='ocr_carea' id='block_1_93' title="bbox 576 4625 2140 4701">
    <p class='ocr_par' dir='ltr' id='par_1_93' title="bbox 576 4625 2140 4701">
     <span class='ocr_line' id='line_1_94' title="bbox 576 4625 2140 4701; baseline -0.002 -18"><span class='ocrx_word' id='word_1_582' title='bbox 576 4633 787 4701; x_wconf 82' lang='lat' dir='ltr'><strong><em>plenam</em></strong></span> <span class='ocrx_word' id='word_1_583' title='bbox 808 4631 930 4682; x_wconf 72' lang='lat' dir='ltr'><strong><em>sine</em></strong></span> <span class='ocrx_word' id='word_1_584' title='bbox 957 4625 1192 4696; x_wconf 74' lang='lat' dir='ltr'><strong><em>exemplo</em></strong></span> <span class='ocrx_word' id='word_1_585' title='bbox 1223 4627 1432 4678; x_wconf 87' lang='lat' dir='ltr'><strong><em>domum</em></strong></span> <span class='ocrx_word' id='word_1_586' title='bbox 1454 4665 1467 4684; x_wconf 86' lang='lat'><strong><em>,</em></strong></span> <span class='ocrx_word' id='word_1_587' title='bbox 1496 4626 1541 4677; x_wconf 89' lang='lat' dir='ltr'><strong><em>si</em></strong></span> <span class='ocrx_word' id='word_1_588' title='bbox 1571 4635 1793 4681; x_wconf 87' lang='lat' dir='ltr'><strong><em>mentem</em></strong></span> <span class='ocrx_word' id='word_1_589' title='bbox 1812 4667 1828 4692; x_wconf 92' lang='lat'><strong><em>,</em></strong></span> <span class='ocrx_word' id='word_1_590' title='bbox 1862 4645 2049 4698; x_wconf 82' lang='lat' dir='ltr'><strong><em>corpus</em></strong></span> <span class='ocrx_word' id='word_1_591' title='bbox 2079 4645 2140 4680; x_wconf 90' lang='lat' dir='ltr'><strong><em>ac</em></strong></span> 
     </span>
    </p>
   </div>
   <div class='ocr_carea' id='block_1_94' title="bbox 578 4715 2141 4788">
    <p class='ocr_par' dir='ltr' id='par_1_94' title="bbox 578 4715 2141 4788">
     <span class='ocr_line' id='line_1_95' title="bbox 578 4715 2141 4788; baseline -0.002 -16"><span class='ocrx_word' id='word_1_592' title='bbox 578 4723 843 4787; x_wconf 88' lang='lat' dir='ltr'><strong><em>fortunam</em></strong></span> <span class='ocrx_word' id='word_1_593' title='bbox 868 4727 1086 4788; x_wconf 86' lang='lat' dir='ltr'><strong><em>spectes,</em></strong></span> <span class='ocrx_word' id='word_1_594' title='bbox 1108 4716 1289 4786; x_wconf 78' lang='lat' dir='ltr'><strong><em>quibus</em></strong></span> <span class='ocrx_word' id='word_1_595' title='bbox 1315 4715 1552 4768; x_wconf 86' lang='lat' dir='ltr'><strong><em>omnibus</em></strong></span> <span class='ocrx_word' id='word_1_596' title='bbox 1576 4717 1644 4770; x_wconf 86' lang='lat' dir='ltr'><strong><em>ad</em></strong></span> <span class='ocrx_word' id='word_1_597' title='bbox 1670 4726 1956 4771; x_wconf 73' lang='lat' dir='ltr'><strong><em>extremam</em></strong></span> <span class='ocrx_word' id='word_1_598' title='bbox 1981 4734 2141 4787; x_wconf 87' lang='lat' dir='ltr'><strong><em>usque</em></strong></span> 
     </span>
    </p>
   </div>
   <div class='ocr_carea' id='block_1_95' title="bbox 577 4807 1143 4876">
    <p class='ocr_par' dir='ltr' id='par_1_95' title="bbox 577 4807 1143 4876">
     <span class='ocr_line' id='line_1_96' title="bbox 577 4807 1143 4876; baseline 0.004 -18"><span class='ocrx_word' id='word_1_599' title='bbox 577 4816 784 4860; x_wconf 78' lang='lat' dir='ltr'><strong><em>o&#39;tatem</em></strong></span> <span class='ocrx_word' id='word_1_600' title='bbox 815 4808 1104 4876; x_wconf 78' lang='lat' dir='ltr'><strong><em>perfruaris</em></strong></span> <span class='ocrx_word' id='word_1_601' title='bbox 1125 4807 1143 4859; x_wconf 89' lang='lat'><strong><em>.&#39;</em></strong></span> 
     </span>
    </p>
   </div>
   <div class='ocr_carea' id='block_1_96' title="bbox 651 4896 2138 4968">
    <p class='ocr_par' dir='ltr' id='par_1_96' title="bbox 651 4896 2138 4968">
     <span class='ocr_line' id='line_1_97' title="bbox 651 4896 2138 4968; baseline 0.001 -18"><span class='ocrx_word' id='word_1_602' title='bbox 651 4897 868 4950; x_wconf 77' lang='lat' dir='ltr'><strong><em>Exorna</em></strong></span> <span class='ocrx_word' id='word_1_603' title='bbox 891 4907 945 4950; x_wconf 90' lang='lat' dir='ltr'><strong><em>tu</em></strong></span> <span class='ocrx_word' id='word_1_604' title='bbox 971 4913 1174 4967; x_wconf 88' lang='lat' dir='ltr'><strong><em>quoque</em></strong></span> <span class='ocrx_word' id='word_1_605' title='bbox 1196 4897 1383 4966; x_wconf 87' lang='lat' dir='ltr'><strong><em>festum</em></strong></span> <span class='ocrx_word' id='word_1_606' title='bbox 1413 4896 1647 4965; x_wconf 87' lang='lat' dir='ltr'><strong><em>nuptiale</em></strong></span> <span class='ocrx_word' id='word_1_607' title='bbox 1668 4907 1716 4949; x_wconf 91' lang='lat' dir='ltr'><strong><em>et</em></strong></span> <span class='ocrx_word' id='word_1_608' title='bbox 1741 4900 1904 4967; x_wconf 83' lang='lat' dir='ltr'><strong><em>neptis</em></strong></span> <span class='ocrx_word' id='word_1_609' title='bbox 1928 4902 2138 4968; x_wconf 86' lang='lat' dir='ltr'><strong><em>nuptias</em></strong></span> 
     </span>
    </p>
   </div>
   <div class='ocr_carea' id='block_1_97' title="bbox 577 4989 2138 5060">
    <p class='ocr_par' dir='ltr' id='par_1_97' title="bbox 577 4989 2138 5060">
     <span class='ocr_line' id='line_1_98' title="bbox 577 4989 2138 5060; baseline -0.001 -16"><span class='ocrx_word' id='word_1_610' title='bbox 577 4990 798 5050; x_wconf 86' lang='lat' dir='ltr'><strong><em>celebra,</em></strong></span> <span class='ocrx_word' id='word_1_611' title='bbox 848 5003 941 5040; x_wconf 75' lang='lat' dir='ltr'><strong><em>rex</em></strong></span> <span class='ocrx_word' id='word_1_612' title='bbox 987 4997 1239 5056; x_wconf 88' lang='lat' dir='ltr'><strong><em>prognate</em></strong></span> <span class='ocrx_word' id='word_1_613' title='bbox 1284 4991 1446 5060; x_wconf 85' lang='lat' dir='ltr'><strong><em>stirpe</em></strong></span> <span class='ocrx_word' id='word_1_614' title='bbox 1495 4991 1638 5059; x_wconf 87' lang='lat' dir='ltr'><strong><em>regia</em></strong></span> <span class='ocrx_word' id='word_1_615' title='bbox 1669 5028 1682 5051; x_wconf 85' lang='lat'><strong><em>,</em></strong></span> <span class='ocrx_word' id='word_1_616' title='bbox 1738 4989 1912 5042; x_wconf 89' lang='lat' dir='ltr'><strong><em>lumen</em></strong></span> <span class='ocrx_word' id='word_1_617' title='bbox 1959 5007 1986 5043; x_wconf 95' lang='lat' dir='ltr'><strong><em>e</em></strong></span> <span class='ocrx_word' id='word_1_618' title='bbox 2030 4991 2138 5042; x_wconf 90' lang='lat' dir='ltr'><strong><em>sole</em></strong></span> 
     </span>
    </p>
   </div>
   <div class='ocr_carea' id='block_1_98' title="bbox 577 5082 2138 5150">
    <p class='ocr_par' dir='ltr' id='par_1_98' title="bbox 577 5082 2138 5150">
     <span class='ocr_line' id='line_1_99' title="bbox 577 5082 2138 5150; baseline -0.001 -14"><span class='ocrx_word' id='word_1_619' title='bbox 577 5098 848 5150; x_wconf 86' lang='lat' dir='ltr'><strong><em>magnum,</em></strong></span> <span class='ocrx_word' id='word_1_620' title='bbox 893 5088 1081 5133; x_wconf 60' lang='lat' dir='ltr'><strong><em>caetera</em></strong></span> <span class='ocrx_word' id='word_1_621' title='bbox 1129 5082 1452 5150; x_wconf 73' lang='lat' dir='ltr'><strong><em>prcssignans</em></strong></span> <span class='ocrx_word' id='word_1_622' title='bbox 1500 5082 1725 5143; x_wconf 86' lang='lat' dir='ltr'><strong><em>lumina,</em></strong></span> <span class='ocrx_word' id='word_1_623' title='bbox 1772 5092 1820 5134; x_wconf 89' lang='lat' dir='ltr'><strong><em>et</em></strong></span> <span class='ocrx_word' id='word_1_624' title='bbox 1870 5100 1974 5135; x_wconf 90' lang='lat' dir='ltr'><strong><em>una</em></strong></span> <span class='ocrx_word' id='word_1_625' title='bbox 2022 5100 2138 5135; x_wconf 88' lang='lat' dir='ltr'><strong><em>cum</em></strong></span> 
     </span>
    </p>
   </div>
   <div class='ocr_carea' id='block_1_99' title="bbox 578 5151 2142 5243">
    <p class='ocr_par' dir='ltr' id='par_1_99' title="bbox 578 5151 2142 5243">
     <span class='ocr_line' id='line_1_100' title="bbox 578 5151 2142 5243; baseline -0.001 -17"><span class='ocrx_word' id='word_1_626' title='bbox 578 5185 726 5243; x_wconf 88' lang='lat' dir='ltr'><strong><em>patre</em></strong></span> <span class='ocrx_word' id='word_1_627' title='bbox 754 5173 948 5225; x_wconf 87' lang='lat' dir='ltr'><strong><em>lucens.</em></strong></span> <span class='ocrx_word' id='word_1_628' title='bbox 984 5151 1156 5236; x_wconf 70' lang='lat' dir='ltr'><strong><em>Hujus</em></strong></span> <span class='ocrx_word' id='word_1_629' title='bbox 1185 5179 1241 5221; x_wconf 85' lang='lat' dir='ltr'><strong><em>tu</em></strong></span> <span class='ocrx_word' id='word_1_630' title='bbox 1272 5174 1487 5226; x_wconf 83' lang='lat' dir='ltr'><strong><em>virtutes</em></strong></span> <span class='ocrx_word' id='word_1_631' title='bbox 1509 5213 1522 5236; x_wconf 92' lang='lat'><strong><em>,</em></strong></span> <span class='ocrx_word' id='word_1_632' title='bbox 1553 5174 1707 5241; x_wconf 83' lang='lat' dir='ltr'><strong><em>hujus</em></strong></span> <span class='ocrx_word' id='word_1_633' title='bbox 1736 5175 1944 5226; x_wconf 76' lang='lat' dir='ltr'><strong><em>imitare</em></strong></span> <span class='ocrx_word' id='word_1_634' title='bbox 1973 5183 2142 5226; x_wconf 88' lang='lat' dir='ltr'><strong><em>certa-</em></strong></span> 
     </span>
    </p>
   </div>
   <div class='ocr_carea' id='block_1_100' title="bbox 581 5263 2143 5334">
    <p class='ocr_par' dir='ltr' id='par_1_100' title="bbox 581 5263 2143 5334">
     <span class='ocr_line' id='line_1_101' title="bbox 581 5263 2143 5334; baseline -0.001 -16"><span class='ocrx_word' id='word_1_635' title='bbox 581 5267 723 5318; x_wconf 85' lang='lat' dir='ltr'><strong><em>mina</em></strong></span> <span class='ocrx_word' id='word_1_636' title='bbox 761 5275 807 5317; x_wconf 92' lang='lat' dir='ltr'><strong><em>et</em></strong></span> <span class='ocrx_word' id='word_1_637' title='bbox 842 5264 1120 5317; x_wconf 85' lang='lat' dir='ltr'><strong><em>indomitos</em></strong></span> <span class='ocrx_word' id='word_1_638' title='bbox 1154 5269 1200 5312; x_wconf 87' lang='lat' dir='ltr'><strong><em>et</em></strong></span> <span class='ocrx_word' id='word_1_639' title='bbox 1230 5263 1511 5324; x_wconf 67' lang='lat' dir='ltr'><strong><em>pra’claros</em></strong></span> <span class='ocrx_word' id='word_1_640' title='bbox 1541 5283 1636 5334; x_wconf 89' lang='lat' dir='ltr'><strong><em>pro</em></strong></span> <span class='ocrx_word' id='word_1_641' title='bbox 1667 5267 1959 5320; x_wconf 81' lang='lat' dir='ltr'><strong><em>Ausonibus</em></strong></span> <span class='ocrx_word' id='word_1_642' title='bbox 1997 5266 2143 5319; x_wconf 88' lang='lat' dir='ltr'><strong><em>labo-</em></strong></span> 
     </span>
    </p>
   </div>
   <div class='ocr_carea' id='block_1_101' title="bbox 579 5353 2140 5426">
    <p class='ocr_par' dir='ltr' id='par_1_101' title="bbox 579 5353 2140 5426">
     <span class='ocr_line' id='line_1_102' title="bbox 579 5353 2140 5426; baseline 0.001 -19"><span class='ocrx_word' id='word_1_643' title='bbox 579 5374 680 5410; x_wconf 88' lang='lat' dir='ltr'><strong><em>res.</em></strong></span> <span class='ocrx_word' id='word_1_644' title='bbox 709 5357 873 5408; x_wconf 85' lang='lat' dir='ltr'><strong><em>Porro</em></strong></span> <span class='ocrx_word' id='word_1_645' title='bbox 901 5356 1202 5423; x_wconf 85' lang='lat' dir='ltr'><strong><em>nuptiarum</em></strong></span> <span class='ocrx_word' id='word_1_646' title='bbox 1232 5353 1466 5420; x_wconf 75' lang='lat' dir='ltr'><strong><em>proxime</em></strong></span> <span class='ocrx_word' id='word_1_647' title='bbox 1494 5356 1792 5421; x_wconf 87' lang='lat' dir='ltr'><strong><em>futurarum</em></strong></span> <span class='ocrx_word' id='word_1_648' title='bbox 1817 5358 2140 5426; x_wconf 85' lang='lat' dir='ltr'><strong><em>splendorem</em></strong></span> 
     </span>
    </p>
   </div>
   <div class='ocr_carea' id='block_1_102' title="bbox 579 5442 2141 5514">
    <p class='ocr_par' dir='ltr' id='par_1_102' title="bbox 579 5442 2141 5514">
     <span class='ocr_line' id='line_1_103' title="bbox 579 5442 2141 5514; baseline 0.001 -17"><span class='ocrx_word' id='word_1_649' title='bbox 579 5461 732 5509; x_wconf 82' lang='lat' dir='ltr'><strong><em>auge.</em></strong></span> <span class='ocrx_word' id='word_1_650' title='bbox 775 5452 960 5495; x_wconf 86' lang='lat' dir='ltr'><strong><em>catena</em></strong></span> <span class='ocrx_word' id='word_1_651' title='bbox 1007 5442 1198 5511; x_wconf 71' lang='lat' dir='ltr'><strong><em>triplex</em></strong></span> <span class='ocrx_word' id='word_1_652' title='bbox 1239 5443 1612 5509; x_wconf 86' lang='lat' dir='ltr'><strong><em>Augustorum,</em></strong></span> <span class='ocrx_word' id='word_1_653' title='bbox 1658 5447 1884 5512; x_wconf 86' lang='lat' dir='ltr'><strong><em>optimus</em></strong></span> <span class='ocrx_word' id='word_1_654' title='bbox 1929 5446 2141 5514; x_wconf 81' lang='lat' dir='ltr'><strong><em>quidem</em></strong></span> 
     </span>
    </p>
   </div>
   <div class='ocr_carea' id='block_1_103' title="bbox 580 5531 2144 5602">
    <p class='ocr_par' dir='ltr' id='par_1_103' title="bbox 580 5531 2144 5602">
     <span class='ocr_line' id='line_1_104' title="bbox 580 5531 2144 5602; baseline 0 -16"><span class='ocrx_word' id='word_1_655' title='bbox 580 5535 905 5587; x_wconf 80' lang='lat' dir='ltr'><strong><em>Andronicus</em></strong></span> <span class='ocrx_word' id='word_1_656' title='bbox 944 5532 1076 5584; x_wconf 80' lang='lat' dir='ltr'><strong><em>clari</em></strong></span> <span class='ocrx_word' id='word_1_657' title='bbox 1112 5531 1340 5600; x_wconf 85' lang='lat' dir='ltr'><strong><em>ingenii;</em></strong></span> <span class='ocrx_word' id='word_1_658' title='bbox 1380 5531 1584 5582; x_wconf 84' lang='lat' dir='ltr'><strong><em>divinus</em></strong></span> <span class='ocrx_word' id='word_1_659' title='bbox 1626 5531 1888 5596; x_wconf 81' lang='lat' dir='ltr'><strong><em>lsaacius,</em></strong></span> <span class='ocrx_word' id='word_1_660' title='bbox 1925 5537 2019 5602; x_wconf 82' lang='lat' dir='ltr'><strong><em>ﬂos</em></strong></span> <span class='ocrx_word' id='word_1_661' title='bbox 2061 5535 2144 5599; x_wconf 79' lang='lat' dir='ltr'><strong><em>iu-</em></strong></span> 
     </span>
    </p>
   </div>
   <div class='ocr_carea' id='block_1_104' title="bbox 578 5621 2140 5691">
    <p class='ocr_par' dir='ltr' id='par_1_104' title="bbox 578 5621 2140 5691">
     <span class='ocr_line' id='line_1_105' title="bbox 578 5621 2140 5691; baseline 0.001 -15"><span class='ocrx_word' id='word_1_662' title='bbox 578 5626 822 5686; x_wconf 81' lang='lat' dir='ltr'><strong><em>ventutis,</em></strong></span> <span class='ocrx_word' id='word_1_663' title='bbox 870 5632 916 5674; x_wconf 89' lang='lat' dir='ltr'><strong><em>et</em></strong></span> <span class='ocrx_word' id='word_1_664' title='bbox 967 5621 1204 5682; x_wconf 80' lang='lat' dir='ltr'><strong><em>Manuel.</em></strong></span> <span class='ocrx_word' id='word_1_665' title='bbox 1258 5623 1339 5675; x_wconf 82' lang='lat' dir='ltr'><strong><em>vir</em></strong></span> <span class='ocrx_word' id='word_1_666' title='bbox 1386 5621 1664 5687; x_wconf 85' lang='lat' dir='ltr'><strong><em>mirabilis,</em></strong></span> <span class='ocrx_word' id='word_1_667' title='bbox 1707 5625 1917 5691; x_wconf 78' lang='lat' dir='ltr'><strong><em>ﬂorenti</em></strong></span> <span class='ocrx_word' id='word_1_668' title='bbox 1965 5633 2140 5690; x_wconf 71' lang='lat' dir='ltr'><strong><em>(etate,</em></strong></span> 
     </span>
    </p>
   </div>
   <div class='ocr_carea' id='block_1_105' title="bbox 583 5715 1786 5786">
    <p class='ocr_par' dir='ltr' id='par_1_105' title="bbox 583 5715 1786 5786">
     <span class='ocr_line' id='line_1_106' title="bbox 583 5715 1786 5786; baseline 0.004 -20"><span class='ocrx_word' id='word_1_669' title='bbox 583 5731 686 5780; x_wconf 62' lang='lat' dir='ltr'><strong><em>gres</em></strong></span> <span class='ocrx_word' id='word_1_670' title='bbox 714 5716 848 5767; x_wconf 84' lang='lat' dir='ltr'><strong><em>radii</em></strong></span> <span class='ocrx_word' id='word_1_671' title='bbox 878 5723 1112 5786; x_wconf 74' lang='lat' dir='ltr'><strong><em>augusta:</em></strong></span> <span class='ocrx_word' id='word_1_672' title='bbox 1137 5715 1520 5772; x_wconf 88' lang='lat' dir='ltr'><strong><em>Comnenorum</em></strong></span> <span class='ocrx_word' id='word_1_673' title='bbox 1551 5715 1786 5784; x_wconf 68' lang='lat' dir='ltr'><strong><em>familiis.</em></strong></span> 
     </span>
    </p>
   </div>
   <div class='ocr_carea' id='block_1_106' title="bbox 2248 4452 2703 4523">
    <p class='ocr_par' dir='ltr' id='par_1_106' title="bbox 2248 4452 2703 4523">
     <span class='ocr_line' id='line_1_107' title="bbox 2248 4452 2703 4523; baseline -0.002 -17"><span class='ocrx_word' id='word_1_674' title='bbox 2248 4453 2393 4523; x_wconf 92' lang='lat' dir='ltr'><strong><em>prole</em></strong></span> <span class='ocrx_word' id='word_1_675' title='bbox 2420 4464 2510 4506; x_wconf 91' lang='lat' dir='ltr'><strong><em>tua</em></strong></span> <span class='ocrx_word' id='word_1_676' title='bbox 2541 4452 2703 4522; x_wconf 88' lang='lat' dir='ltr'><strong><em>reple.</em></strong></span> 
     </span>
    </p>
   </div>
   <div class='ocr_carea' id='block_1_107' title="bbox 2443 4566 3609 4646">
    <p class='ocr_par' dir='ltr' id='par_1_107' title="bbox 2443 4566 3609 4646">
     <span class='ocr_line' id='line_1_108' title="bbox 2443 4566 3609 4646; baseline 0 -27"><span class='ocrx_word' id='word_1_677' title='bbox 2443 4566 2532 4620; x_wconf 76' lang='grc' dir='ltr'>Π.</span> <span class='ocrx_word' id='word_1_678' title='bbox 2564 4566 2817 4635; x_wconf 82' lang='lat' dir='ltr'><strong><em>Ejusdem</em></strong></span> <span class='ocrx_word' id='word_1_679' title='bbox 2852 4569 2927 4646; x_wconf 85' lang='lat' dir='ltr'><strong><em>in_</em></strong></span> <span class='ocrx_word' id='word_1_680' title='bbox 2964 4568 3420 4646; x_wconf 40' lang='lat' dir='ltr'><strong><em>alteragnuptias</em></strong></span> <span class='ocrx_word' id='word_1_681' title='bbox 3456 4582 3609 4638; x_wconf 63' lang='lat' dir='ltr'><strong><em>paean</em></strong></span> 
     </span>
    </p>
   </div>
   <div class='ocr_carea' id='block_1_108' title="bbox 2833 4638 3226 4707">
    <p class='ocr_par' dir='ltr' id='par_1_108' title="bbox 2833 4638 3226 4707">
     <span class='ocr_line' id='line_1_109' title="bbox 2833 4638 3226 4707; baseline 0.008 -18"><span class='ocrx_word' id='word_1_682' title='bbox 2833 4638 2954 4703; x_wconf 85' lang='grc' dir='ltr'>τοῖς</span> <span class='ocrx_word' id='word_1_683' title='bbox 2994 4638 3226 4707; x_wconf 71' lang='grc' dir='ltr'>δήμοις.</span> 
     </span>
    </p>
   </div>
   <div class='ocr_carea' id='block_1_109' title="bbox 2313 4727 3834 4798">
    <p class='ocr_par' dir='ltr' id='par_1_109' title="bbox 2313 4727 3834 4798">
     <span class='ocr_line' id='line_1_110' title="bbox 2313 4727 3834 4798; baseline 0.001 -19"><span class='ocrx_word' id='word_1_684' title='bbox 2313 4728 2394 4779; x_wconf 71' lang='lat' dir='ltr'><strong><em>Ea:</em></strong></span> <span class='ocrx_word' id='word_1_685' title='bbox 2441 4727 2624 4796; x_wconf 70' lang='lat' dir='ltr'><strong><em>praelia</em></strong></span> <span class='ocrx_word' id='word_1_686' title='bbox 2673 4731 2743 4781; x_wconf 90' lang='lat' dir='ltr'><strong><em>ad</em></strong></span> <span class='ocrx_word' id='word_1_687' title='bbox 2784 4745 2876 4781; x_wconf 90' lang='lat' dir='ltr'><strong><em>nos</em></strong></span> <span class='ocrx_word' id='word_1_688' title='bbox 2914 4745 3172 4793; x_wconf 75' lang='lat' dir='ltr'><strong><em>reuersus,</em></strong></span> <span class='ocrx_word' id='word_1_689' title='bbox 3207 4731 3496 4796; x_wconf 88' lang='lat' dir='ltr'><strong><em>imperator</em></strong></span> <span class='ocrx_word' id='word_1_690' title='bbox 3529 4728 3834 4798; x_wconf 69' lang='lat' dir='ltr'><strong><em>porphyre-</em></strong></span> 
     </span>
    </p>
   </div>
   <div class='ocr_carea' id='block_1_110' title="bbox 2241 4817 3834 4887">
    <p class='ocr_par' dir='ltr' id='par_1_110' title="bbox 2241 4817 3834 4887">
     <span class='ocr_line' id='line_1_111' title="bbox 2241 4817 3834 4887; baseline 0.001 -19"><span class='ocrx_word' id='word_1_691' title='bbox 2241 4819 2434 4887; x_wconf 83' lang='lat' dir='ltr'><strong><em>genite,</em></strong></span> <span class='ocrx_word' id='word_1_692' title='bbox 2482 4819 2872 4882; x_wconf 74' lang='lat' dir='ltr'><strong><em>sccptritenens,</em></strong></span> <span class='ocrx_word' id='word_1_693' title='bbox 2927 4818 3112 4882; x_wconf 71' lang='lat' dir='ltr'><strong><em>uictor,</em></strong></span> <span class='ocrx_word' id='word_1_694' title='bbox 3159 4819 3370 4885; x_wconf 84' lang='lat' dir='ltr'><strong><em>nuptias</em></strong></span> <span class='ocrx_word' id='word_1_695' title='bbox 3416 4817 3728 4886; x_wconf 76' lang='lat' dir='ltr'><strong><em>splendidas</em></strong></span> <span class='ocrx_word' id='word_1_696' title='bbox 3783 4829 3834 4870; x_wconf 81' lang='lat' dir='ltr'><strong><em>et</em></strong></span> 
     </span>
    </p>
   </div>
   <div class='ocr_carea' id='block_1_111' title="bbox 2241 4907 3833 4978">
    <p class='ocr_par' dir='ltr' id='par_1_111' title="bbox 2241 4907 3833 4978">
     <span class='ocr_line' id='line_1_112' title="bbox 2241 4907 3833 4978; baseline 0.001 -17"><span class='ocrx_word' id='word_1_697' title='bbox 2241 4926 2358 4961; x_wconf 83' lang='lat' dir='ltr'><strong><em>vere</em></strong></span> <span class='ocrx_word' id='word_1_698' title='bbox 2386 4908 2586 4978; x_wconf 86' lang='lat' dir='ltr'><strong><em>regales</em></strong></span> <span class='ocrx_word' id='word_1_699' title='bbox 2622 4909 2930 4971; x_wconf 84' lang='lat' dir='ltr'><strong><em>celebrasti;</em></strong></span> <span class='ocrx_word' id='word_1_700' title='bbox 2969 4925 3109 4961; x_wconf 88' lang='lat' dir='ltr'><strong><em>nunc</em></strong></span> <span class='ocrx_word' id='word_1_701' title='bbox 3151 4924 3271 4962; x_wconf 85' lang='lat' dir='ltr'><strong><em>vero</em></strong></span> <span class='ocrx_word' id='word_1_702' title='bbox 3299 4907 3472 4963; x_wconf 85' lang='lat' dir='ltr'><strong><em>Persis</em></strong></span> <span class='ocrx_word' id='word_1_703' title='bbox 3493 4907 3706 4961; x_wconf 74' lang='lat' dir='ltr'><strong><em>bellum</em></strong></span> <span class='ocrx_word' id='word_1_704' title='bbox 3751 4912 3833 4962; x_wconf 89' lang='lat' dir='ltr'><strong><em>in-</em></strong></span> 
     </span>
    </p>
   </div>
   <div class='ocr_carea' id='block_1_112' title="bbox 2242 4997 3828 5068">
    <p class='ocr_par' dir='ltr' id='par_1_112' title="bbox 2242 4997 3828 5068">
     <span class='ocr_line' id='line_1_113' title="bbox 2242 4997 3828 5068; baseline 0.001 -18"><span class='ocrx_word' id='word_1_705' title='bbox 2242 4999 2410 5066; x_wconf 81' lang='lat' dir='ltr'><strong><em>ferens</em></strong></span> <span class='ocrx_word' id='word_1_706' title='bbox 2462 4999 2673 5066; x_wconf 81' lang='lat' dir='ltr'><strong><em>nuptias</em></strong></span> <span class='ocrx_word' id='word_1_707' title='bbox 2716 5001 2844 5065; x_wconf 83' lang='lat' dir='ltr'><strong><em>facis</em></strong></span> <span class='ocrx_word' id='word_1_708' title='bbox 2890 5000 3146 5068; x_wconf 85' lang='lat' dir='ltr'><strong><em>egregias.</em></strong></span> <span class='ocrx_word' id='word_1_709' title='bbox 3195 5015 3417 5052; x_wconf 84' lang='lat' dir='ltr'><strong><em>aureum</em></strong></span> <span class='ocrx_word' id='word_1_710' title='bbox 3468 4997 3642 5052; x_wconf 82' lang='lat' dir='ltr'><strong><em>cubile</em></strong></span> <span class='ocrx_word' id='word_1_711' title='bbox 3697 5016 3828 5054; x_wconf 84' lang='lat' dir='ltr'><strong><em>con-</em></strong></span> 
     </span>
    </p>
   </div>
   <div class='ocr_carea' id='block_1_113' title="bbox 2242 5089 3824 5150">
    <p class='ocr_par' dir='ltr' id='par_1_113' title="bbox 2242 5089 3824 5150">
     <span class='ocr_line' id='line_1_114' title="bbox 2242 5089 3824 5150; baseline 0 -10"><span class='ocrx_word' id='word_1_712' title='bbox 2242 5097 2470 5150; x_wconf 86' lang='lat' dir='ltr'><strong><em>struens,</em></strong></span> <span class='ocrx_word' id='word_1_713' title='bbox 2495 5099 2541 5140; x_wconf 89' lang='lat' dir='ltr'><strong><em>et</em></strong></span> <span class='ocrx_word' id='word_1_714' title='bbox 2570 5105 2741 5142; x_wconf 86' lang='lat' dir='ltr'><strong><em>servos</em></strong></span> <span class='ocrx_word' id='word_1_715' title='bbox 2775 5089 3111 5142; x_wconf 86' lang='lat' dir='ltr'><strong><em>liberalitatis</em></strong></span> <span class='ocrx_word' id='word_1_716' title='bbox 3143 5098 3248 5142; x_wconf 79' lang='lat' dir='ltr'><strong><em>tua:</em></strong></span> <span class='ocrx_word' id='word_1_717' title='bbox 3260 5089 3558 5142; x_wconf 81' lang='lat' dir='ltr'><strong><em>muneribus</em></strong></span> <span class='ocrx_word' id='word_1_718' title='bbox 3585 5105 3824 5142; x_wconf 79' lang='lat' dir='ltr'><strong><em>ornans.</em></strong></span> 
     </span>
    </p>
   </div>
   <div class='ocr_carea' id='block_1_114' title="bbox 2227 5174 3828 5244">
    <p class='ocr_par' dir='ltr' id='par_1_114' title="bbox 2227 5174 3828 5244">
     <span class='ocr_line' id='line_1_115' title="bbox 2227 5174 3828 5244; baseline 0.001 -16"><span class='ocrx_word' id='word_1_719' title='bbox 2227 5174 2285 5228; x_wconf 88' lang='lat'><strong><em>-0</em></strong></span> <span class='ocrx_word' id='word_1_720' title='bbox 2321 5176 2588 5241; x_wconf 79' lang='lat' dir='ltr'><strong><em>inﬁnitam</em></strong></span> <span class='ocrx_word' id='word_1_721' title='bbox 2635 5178 2968 5243; x_wconf 83' lang='lat' dir='ltr'><strong><em>imperatOris</em></strong></span> <span class='ocrx_word' id='word_1_722' title='bbox 3016 5178 3222 5229; x_wconf 79' lang='lat' dir='ltr'><strong><em>uictoris</em></strong></span> <span class='ocrx_word' id='word_1_723' title='bbox 3284 5177 3557 5244; x_wconf 82' lang='lat' dir='ltr'><strong><em>gratiam!</em></strong></span> <span class='ocrx_word' id='word_1_724' title='bbox 3613 5177 3828 5230; x_wconf 82' lang='lat' dir='ltr'><strong><em>Rursus</em></strong></span> 
     </span>
    </p>
   </div>
   <div class='ocr_carea' id='block_1_115' title="bbox 2242 5265 3830 5336">
    <p class='ocr_par' dir='ltr' id='par_1_115' title="bbox 2242 5265 3830 5336">
     <span class='ocr_line' id='line_1_116' title="bbox 2242 5265 3830 5336; baseline 0.001 -19"><span class='ocrx_word' id='word_1_725' title='bbox 2242 5265 2432 5330; x_wconf 86' lang='lat' dir='ltr'><strong><em>festum</em></strong></span> <span class='ocrx_word' id='word_1_726' title='bbox 2455 5266 2644 5332; x_wconf 81' lang='lat' dir='ltr'><strong><em>regale,</em></strong></span> <span class='ocrx_word' id='word_1_727' title='bbox 2667 5267 2852 5317; x_wconf 86' lang='lat' dir='ltr'><strong><em>iterum</em></strong></span> <span class='ocrx_word' id='word_1_728' title='bbox 2880 5267 3077 5336; x_wconf 81' lang='lat' dir='ltr'><strong><em>regales</em></strong></span> <span class='ocrx_word' id='word_1_729' title='bbox 3103 5268 3320 5334; x_wconf 78' lang='lat' dir='ltr'><strong><em>nuptia&#39;,</em></strong></span> <span class='ocrx_word' id='word_1_730' title='bbox 3345 5283 3524 5328; x_wconf 83' lang='lat' dir='ltr'><strong><em>rursus</em></strong></span> <span class='ocrx_word' id='word_1_731' title='bbox 3545 5271 3830 5322; x_wconf 71' lang='lat' dir='ltr'><strong><em>Ausonum</em></strong></span> 
     </span>
    </p>
   </div>
   <div class='ocr_carea' id='block_1_116' title="bbox 2243 5355 3832 5428">
    <p class='ocr_par' dir='ltr' id='par_1_116' title="bbox 2243 5355 3832 5428">
     <span class='ocr_line' id='line_1_117' title="bbox 2243 5355 3832 5428; baseline 0.003 -22"><span class='ocrx_word' id='word_1_732' title='bbox 2243 5355 2321 5407; x_wconf 91' lang='lat' dir='ltr'><strong><em>sol</em></strong></span> <span class='ocrx_word' id='word_1_733' title='bbox 2374 5357 2539 5423; x_wconf 87' lang='lat' dir='ltr'><strong><em>facem</em></strong></span> <span class='ocrx_word' id='word_1_734' title='bbox 2603 5356 2781 5409; x_wconf 75' lang='lat' dir='ltr'><strong><em>lwtam</em></strong></span> <span class='ocrx_word' id='word_1_735' title='bbox 2823 5358 3036 5426; x_wconf 77' lang='lat' dir='ltr'><strong><em>praefert</em></strong></span> <span class='ocrx_word' id='word_1_736' title='bbox 3097 5359 3162 5408; x_wconf 86' lang='lat' dir='ltr'><strong><em>ac</em></strong></span> <span class='ocrx_word' id='word_1_737' title='bbox 3196 5356 3466 5421; x_wconf 78' lang='lat' dir='ltr'><strong><em>prcelucet,</em></strong></span> <span class='ocrx_word' id='word_1_738' title='bbox 3510 5358 3592 5410; x_wconf 89' lang='lat' dir='ltr'><strong><em>sol</em></strong></span> <span class='ocrx_word' id='word_1_739' title='bbox 3640 5377 3832 5428; x_wconf 71' lang='lat' dir='ltr'><strong><em>nempe</em></strong></span> 
     </span>
    </p>
   </div>
   <div class='ocr_carea' id='block_1_117' title="bbox 2248 5447 3829 5510">
    <p class='ocr_par' dir='ltr' id='par_1_117' title="bbox 2248 5447 3829 5510">
     <span class='ocr_line' id='line_1_118' title="bbox 2248 5447 3829 5510; baseline 0.003 -14"><span class='ocrx_word' id='word_1_740' title='bbox 2248 5448 2428 5499; x_wconf 83' lang='lat' dir='ltr'><strong><em>mundi</em></strong></span> <span class='ocrx_word' id='word_1_741' title='bbox 2457 5447 2660 5510; x_wconf 83' lang='lat' dir='ltr'><strong><em>lucifer,</em></strong></span> <span class='ocrx_word' id='word_1_742' title='bbox 2687 5447 2919 5502; x_wconf 83' lang='lat' dir='ltr'><strong><em>Joannes</em></strong></span> <span class='ocrx_word' id='word_1_743' title='bbox 2943 5448 3236 5502; x_wconf 89' lang='lat' dir='ltr'><strong><em>Comnenus</em></strong></span> <span class='ocrx_word' id='word_1_744' title='bbox 3267 5449 3506 5501; x_wconf 89' lang='lat' dir='ltr'><strong><em>dominus</em></strong></span> <span class='ocrx_word' id='word_1_745' title='bbox 3538 5464 3601 5500; x_wconf 89' lang='lat' dir='ltr'><strong><em>ac</em></strong></span> <span class='ocrx_word' id='word_1_746' title='bbox 3635 5453 3829 5510; x_wconf 77' lang='lat' dir='ltr'><strong><em>victor,</em></strong></span> 
     </span>
    </p>
   </div>
   <div class='ocr_carea' id='block_1_118' title="bbox 2245 5537 3830 5607">
    <p class='ocr_par' dir='ltr' id='par_1_118' title="bbox 2245 5537 3830 5607">
     <span class='ocr_line' id='line_1_119' title="bbox 2245 5537 3830 5607; baseline 0.001 -17"><span class='ocrx_word' id='word_1_747' title='bbox 2245 5539 2451 5590; x_wconf 86' lang='lat' dir='ltr'><strong><em>virtutis</em></strong></span> <span class='ocrx_word' id='word_1_748' title='bbox 2483 5537 2757 5606; x_wconf 84' lang='lat' dir='ltr'><strong><em>splendore</em></strong></span> <span class='ocrx_word' id='word_1_749' title='bbox 2811 5539 2983 5593; x_wconf 89' lang='lat' dir='ltr'><strong><em>lucens</em></strong></span> <span class='ocrx_word' id='word_1_750' title='bbox 3027 5549 3074 5591; x_wconf 85' lang='lat' dir='ltr'><strong><em>et</em></strong></span> <span class='ocrx_word' id='word_1_751' title='bbox 3120 5541 3322 5607; x_wconf 87' lang='lat' dir='ltr'><strong><em>gratias</em></strong></span> <span class='ocrx_word' id='word_1_752' title='bbox 3355 5541 3674 5594; x_wconf 82' lang='lat' dir='ltr'><strong><em>innumeras</em></strong></span> <span class='ocrx_word' id='word_1_753' title='bbox 3721 5539 3830 5592; x_wconf 84' lang='lat' dir='ltr'><strong><em>dis-</em></strong></span> 
     </span>
    </p>
   </div>
   <div class='ocr_carea' id='block_1_119' title="bbox 2250 5626 2502 5679">
    <p class='ocr_par' dir='ltr' id='par_1_119' title="bbox 2250 5626 2502 5679">
     <span class='ocr_line' id='line_1_120' title="bbox 2250 5626 2502 5679; baseline 0 -2"><span class='ocrx_word' id='word_1_754' title='bbox 2250 5626 2502 5679; x_wconf 86' lang='lat' dir='ltr'><strong><em>tribuens.</em></strong></span> 
     </span>
    </p>
   </div>
   <div class='ocr_carea' id='block_1_120' title="bbox 2321 5720 3828 5791">
    <p class='ocr_par' dir='ltr' id='par_1_120' title="bbox 2321 5720 3828 5791">
     <span class='ocr_line' id='line_1_121' title="bbox 2321 5720 3828 5791; baseline 0.003 -17"><span class='ocrx_word' id='word_1_755' title='bbox 2321 5720 2404 5774; x_wconf 88' lang='lat' dir='ltr'><strong><em>Ne</em></strong></span> <span class='ocrx_word' id='word_1_756' title='bbox 2429 5722 2651 5789; x_wconf 84' lang='lat' dir='ltr'><strong><em>occidas,</em></strong></span> <span class='ocrx_word' id='word_1_757' title='bbox 2678 5724 2854 5780; x_wconf 74' lang='lat' dir='ltr'><strong><em>Roma:</em></strong></span> <span class='ocrx_word' id='word_1_758' title='bbox 2884 5725 2984 5791; x_wconf 89' lang='lat' dir='ltr'><strong><em>sol,</em></strong></span> <span class='ocrx_word' id='word_1_759' title='bbox 3013 5741 3073 5779; x_wconf 87' lang='lat' dir='ltr'><strong><em>ne</em></strong></span> <span class='ocrx_word' id='word_1_760' title='bbox 3105 5725 3331 5781; x_wconf 89' lang='lat' dir='ltr'><strong><em>intereas</em></strong></span> <span class='ocrx_word' id='word_1_761' title='bbox 3363 5726 3416 5780; x_wconf 90' lang='lat' dir='ltr'><strong><em>in</em></strong></span> <span class='ocrx_word' id='word_1_762' title='bbox 3434 5723 3662 5779; x_wconf 69' lang='lat' dir='ltr'><strong><em>secula.</em></strong></span> <span class='ocrx_word' id='word_1_763' title='bbox 3690 5723 3828 5790; x_wconf 77' lang='lat' dir='ltr'><strong><em>Quot</em></strong></span> 
     </span>
    </p>
   </div>
  </div>
