4002 6332
197 298 266 362 13
279 300 358 363 65

1565 525 1676 574 νος.

195 590 314 661 Ούχ
343 592 499 646 ὕδατι
526 596 874 658 κατέπαυσας
903 596 1001 663 τὴν
1031 599 1090 668 δν
1108 598 1185 669 τῷ
1214 599 1408 653 Χάλεπ
1431 509 1609 668 bid/Ri

191 679 313 732 θύκ
339 679 510 752 ιφθης
541 684 959 756 ἁπομόρξασθαι
985 685 1079 740 τδν
1112 673 1376 761 Περσικόν
1403 688 1629 758 ιδρῶτα,

189 765 332 825 οὐδ’
357 770 548 844 ἆσθμα
594 776 727 843 γοῦν
758 775 1044 842 συνέλεξας
1085 779 1150 832 εκ
1175 779 1284 832 τῶν
1323 783 1381 833 ὲν
1407 779 1600 848 Σύροις
1632 780 1754 858 δρό-

1541 886 1688 939 μων.

191 955 315 1009 θύκ
342 954 950 1028 ἔφθηςάπολούσασθαι
982 956 1082 1028 τὴν
1109 959 1216 1012 τῶν
1244 959 1483 1013 Κιλίκων

191 1046 334 1101 οὐδὲ
352 1048 480 1111 τοὺς
509 1040 944 1118 κυϐιστήσαντας
977 1049 1209 1119 χιτῶνας
1237 1053 1293 1101 ιν
1322 1051 1594 1122 Σαγγάρῳ
1638 1048 1640 1050 ’

207 1137 424 1206 ’Δνέμῳ
455 1134 846 1208 παρεξήρανας
879 1139 912 1209 ἢ
943 1141 1068 1202 ταῖς
1107 1141 1304 1206 αὐγαῖς
1333 1136 1510 1210 ἡλίου.

276 1226 390 1281 Καὶ
417 1226 583 1282 πάλιν
630 1229 802 1299 μάχαι
846 1230 942 1283 καὶ
975 1232 1195 1300 στρατοὶ
1224 1232 1316 1285 καὶ
1356 1233 1755 1304 στρατοπεδάρ-

343 1331 347 1334 ’
1507 1323 1670 1392 [χίαι.

190 1407 317 1460 Τίνι
349 1424 406 1461 σε
438 1408 856 1479 παρεικάσομεν
879 1410 1016 1480 πρὸς
1041 1411 1141 1480 τὴν
1170 1321 1544 1482 φερεπονίανῗ

197 1498 400 1560 Ἀτλας
437 1499 575 1569 ἀνὴρ
615 1500 910 1570 μυθεύεται
933 1503 1046 1565 τοῖς
1078 1501 1330 1566 παλαιοῖς
1359 1502 1586 1572 βιϐλίοις

190 1590 432 1659 Μακρὰς
463 1593 673 1660 ἀνέχων
713 1593 895 1656 κίονας
923 1593 1025 1647 τὸν
1038 1594 1241 1664 κόσμον
1268 1595 1566 1665 ἀνεχούσας
1586 1612 1600 1626 ⁸

189 1681 345 1751 Πλὴν
366 1683 624 1763 κοπιάσαι
655 1682 869 1750 λέγουσι
900 1685 993 1736 καὶ
1011 1685 1196 1737 τοῦτον
1227 1686 1361 1756 πρὸς
1383 1687 1445 1738 τὸ
1476 1686 1684 1755 βάρος.,

191 1770 308 1825 Καὶ
334 1773 652 1829 καταθεῖναι
689 1773 798 1844 μὲν⁴
819 1774 982 1829 αὑτὸν
1010 1775 1070 1827 τὸ
1101 1775 1210 1827 τῶν
1241 1776 1433 1829 κιόνων
1465 1776 1650 1846 ἄχθος,

202 1861 609 1916 ’Υποϐάλλοντα
645 1863 690 1915 δ’
732 1864 1007 1934 Ἠρακλῆν
1035 1866 1146 1926 τοῖς
1178 1863 1352 1932 ὤμοις
1375 1864 1453 1935 τῷ
1480 1868 1687 1936 φορτίῳ

189 1952 627 2024 Μικρᾶνὲκείνῳ
659 1959 962 2024 παρασχεῖν
997 1957 1306 2010 ἀνάπαυσιν
1327 1955 1418 2010 τοῦ
1451 1956 1636 2012 πόνου.

181 2039 269 2111 ,Σὺ
298 2040 356 2092 δι
388 2041 477 2094 τὸν
503 2041 664 2110 δγκον
683 2043 897 2116 ᾶπαντα
932 2043 1030 2112 τῆς
1059 2044 1386 2114 οἰκουμένης
1413 2045 1616 2116 φέρων,

190 2130 344 2199 Πρὸς
360 2129 418 2181 δὲ
451 2133 663 2194 καὶτὰς
689 2114 1058 2203 στρατηγικὰς
1091 2134 1299 2202 ἀνέχων
1328 2114 1652 2203 άχθηδόνας.

191 2220 456 2284 Μόνοςτδ
486 2221 653 2290 βάρος
685 2227 992 2292 καρτερεῖς,
1023 2225 1080 2277 ού
1114 2225 1328 2296 χρῄζων
1360 2227 1716 2292 Ἡρακλέους,

191 2315 309 2367 Καὶ
338 2317 732 2385 καρτερήσειας
766 2315 896 2368 αὐτὸ
919 2317 1076 2384 μέχρι
1105 2317 1330 2385 μακρῶν
1353 2318 1561 2372 αἰώνων

204 2403 346 2456 ’Υπδ
375 2407 620 2476 στεῤῥοῖς
644 2408 755 2468 τοῖς
783 2405 968 2475 μέλεσι
993 2407 1088 2458 καὶ¹
1121 2411 1406 2477 καρτεροῖς
1431 2412 1543 2472 τοῖς
1563 2409 1752 2482 ὤμοις.

281 2495 627 2566 Ἐγνώκαμεν
657 2498 922 2562 ἀνατολὴν
955 2497 1051 2550 τοῦ
1083 2501 1405 2567 φωταυγοῦς
1435 2503 1602 2572 ἡλίου,

206 2587 369 2641 Ἀλλὰ
398 2590 492 2640 καὶ
521 2588 704 2641 σὸἑσιν
726 2590 819 2642 καὶ
846 2589 1057 2658 δυσμὴν
1088 2591 1366 2661 ἐμάθομεν
1399 2596 1609 2648 ἐκείνου
1630 2613 1646 2627 ο

190 2679 307 2732 Καὶ
330 2680 433 2748 γῆν
463 2679 559 2747 μὲν
590 2680 809 2732 ἃπασαν
838 2681 1034 2747 αὐγαῖς
1075 2683 1300 2750 ἁφάτοις
1326 2688 1678 2753 καταυγάζει,

204 2771 374 2823 Ἀλλὰ
401 2770 500 2824 καὶ
527 2770 680 2838 νέφει
709 2773 1008 2841 κρύπτεται
1040 2775 1133 2826 καῖ
1161 2776 1435 2838 παντελῶς
1476 2778 1718 2834 ἐκλείπει
1737 2796 1753 2812 ⁸

181 2861 310 2936 μαι
337 2862 531 2930 κάμνει
557 2863 656 2930 μὲν
678 2863 974 2933 ὴμερινοὺς
994 2863 1262 2935 διφρεύων
1286 2867 1409 2931 τοὺς
1441 2869 1680 2937 ἀγῶνας,

209 2951 372 3005 Ἀλλὰ
395 2953 488 3005 καὶ
515 2952 732 3006 λούεται
757 2955 952 3017 νυκτὸς
977 2956 1218 3009 ὠκεανοῦ
1247 2959 1359 3020 τοῖς
1394 2958 1648 3030 ῥείθροις.

195 3042 277 3095 Σὺ
310 3041 356 3093 δ’
386 3042 692 3106 άνατὲλλεις
727 3046 783 3104 ις
809 3043 896 3096 ἀεὶ
928 3045 1019 3097 καὶ
1055 3045 1207 3098 δύσιν
1238 3048 1294 3099 ού
1328 3047 1644 3114 γινώσκεις,

194 3134 342 3202 Μηδ’
374 3133 656 3205 ἔπι-γνοίης
693 3133 914 3188 πώποτε
981 3135 1140 3206 μέχρι
1173 3140 1458 3206 τερμάτων
1487 3139 1634 3209 βίου⁹

194 3227 265 3283 El
292 3226 352 3280 δέ
386 3226 518 3281 ποτέ
537 3243 596 3281 σε
626 3225 718 3280 τοῦ
744 3225 938 3300 καιροῦ
963 3228 1058 3281 καὶ
1082 3226 1373 3283 λούσασθαι
1403 3228 1608 3300 δεήσει,

195 3392 432 3454 sudore,
481 3387 718 3442 annelitu
768 3395 818 3441 et
867 3388 1099 3458 pulvere.
1149 3387 1266 3442 Non
1311 3399 1366 3442 tu
1413 3407 1550 3459 aqua
1605 3395 1745 3449 sitim

196 3478 383 3542 delesti
406 3481 462 3533 in
484 3478 718 3545 Chaleb;
752 3480 998 3532 sudorem
1030 3477 1300 3532 Persicum
1322 3495 1425 3534 non
1452 3485 1746 3552 exsiccasti;

199 3585 312 3622 non
335 3570 390 3622 in
423 3568 582 3638 Sgria
615 3552 897 3638 peragrata
920 3569 1164 3637 spiritum
1196 3569 1412 3635 vitiasti,
1448 3590 1548 3627 non
1581 3578 1755 3644 pulue-

199 3675 314 3713 rem
363 3662 419 3712 in
460 3659 645 3713 Cilicia
690 3658 1014 3722 abstersisti,
1064 3675 1167 3722 non
1206 3672 1367 3717 vestes
1421 3665 1475 3719 in
1508 3664 1754 3739 Sangaro

200 3749 587 3817 madefactatas
620 3748 690 3801 ad
714 3748 839 3802 solis
874 3749 1047 3804 radios
1075 3751 1356 3808 siccavisti.

1329 301 1646 365 SCRIPTA
1679 300 2228 367 HISCELLANEA.

192 415 415 485 Αύχῶν,
457 414 638 486 ίδρῶν,
670 416 767 471 καὶ
802 417 1109 472 πνιυστιῶν
1148 405 1244 472 ’καὶ
1282 418 1431 474 κόνει
1465 418 1752 488 πεπασμέ-
1777 418 1825 474 Α
1862 418 1950 479 Ὠς
1970 419 2127 472 ἄλλον
2163 419 2289 490 ῥοῦν
2321 417 2562 472 ὠκεανοῦ
2592 420 2718 481 τοὺς
2759 417 2886 479 σοὺς
2927 415 3152 485 ἱδρῶτας
3183 415 3330 488 λούῃ.

3277 297 3409 364 1366

1857 512 2043 564 Ἔστιν
2070 514 2354 580 ἀκάματον
2377 509 2438 563 τὺ
2465 509 2593 579 πῦρ,
2623 509 2753 578 ὕλης
2782 508 2848 561 ἂν
2878 509 3181 584 εὐπορήσῃ,

1854 601 1998 670 Πλὴν
2025 601 2203 654 δέεται
2234 602 2331 654 καὶ
2360 598 2666 666 πνεύματος
2697 595 2788 650 τοῦ
2827 597 3300 663 συνεπιφυσῶντος

1853 693 1964 750 Καὶ
1997 692 2095 763 τὴν
2124 692 2300 762 ὁρμὴν
2331 691 2636 760 ἐγείροντος
2664 693 2761 755 τὴν
2789 687 3091 758 καυστικὴν
3117 689 3347 742 ἐκείνου·

1853 784 2143 837 Σϐέννυται
2175 782 2232 836 δὲ
2262 782 2482 851 καὶτῆς
2513 782 2686 851 ὑγρᾶς
2711 781 3117 850 έπιρῥευσάσης
3147 779 3298 848 ὕλης.

1853 878 1926 929 Σὺ
1953 875 2008 928 δὲ
2026 877 2280 944 πιμπρᾷς
2307 875 2434 936 τοὺς
2468 873 2706 934 ἀσεϐεῖς,
2743 871 3016 940 φλογίζεις
3046 873 3170 934 τοὺς
3191 871 3406 936 ἀθέους,

1853 964 1963 1015 Καὶ
1991 965 2178 1030 τήκεις
2205 962 2338 1015 ὡσεὶ
2374 962 2642 1031 μόλιῦδον,
2672 961 2802 1013 ὡσεὶ
2827 961 3079 1029 καλάμην
3111 959 3349 1028 φλέγεις,

1856 1047 1930 1100 Ob
1953 1047 2167 1118 χρῄζων
2188 1047 2291 1111 ἔξω
2319 1049 2634 1115 πνεύματος
2661 1048 2756 1100 τοῦ
2791 1043 3286 1114 συνεπιφυσῶντος·

1866 1139 2051 1207 ’Δρκεῖ
2075 1156 2154 1191 σοι
2186 1139 2292 1208 γὰρ
2322 1141 2401 1203 είς
2438 1139 2626 1208 ἔξαψιν
2656 1142 2753 1208 τῆς
2771 1139 2892 1191 κατ’
2920 1139 3128 1208 ἐχθρῶν
3159 1140 3349 1208 ὲθφπου
3385 1157 3391 1162 '

1854 1229 1926 1284 Τδ
1955 1231 2037 1283 σολ⁵
2066 1231 2240 1295 συζῶν
2281 1231 2378 1285 καὶ
2410 1232 2674 1283 συνοικῶν
2710 1231 2850 1298 μέγα
2882 1234 2974 1283 καὶ
2999 1233 3137 1284 θεῖον
3161 1232 3409 1299 Πνεῦμα,

1866 1319 1988 1387 Ὑφ’
2014 1313 2075 1372 οὗ
2102 1321 2196 1374 καὶ
2229 1321 2576 1389 ῥιπιζόμενος
2608 1319 2815 1382 πάντας
2860 1321 3090 1390 ἐχθροὺς
3112 1320 3409 1392 φλογίζεις.

1854 1411 1964 1463 Καὶ
1997 1411 2176 1466 πᾶσαν
2200 1411 2306 1479 γῆν
2339 1410 2640 1478 ἀλλόφυλον
2666 1413 2762 1463 καὶ
2792 1411 2948 1462 πόλιν
2985 1409 3241 1480 ἐπινέμῃ.
3337 1458 3344 1466 .

1854 1500 1994 1568 Μηδ¹
2030 1500 2166 1564 ὅλως
2193 1499 2322 1568 γοῦν
2355 1505 2473 1564 ταῖς
2499 1501 2739 1564 ἐθνικαῖς
2798 1500 3161 1570 σϐεννύμενος
3207 1500 3410 1556 θαλάσ-

3167 1590 3339 1662 [σαις,

1857 1681 1975 1733 Κᾶν
2014 1680 2141 1751 περὶ
2169 1680 2300 1750 μίαν
2330 1681 2583 1750 ἄμπωτιν
2619 1683 2711 1734 καὶ
2741 1683 3001 1751 χάρυϐδιν
3038 1683 3306 1753 μιχθεῖεν,

1787 1736 1828 1790 Β
1856 1736 2190 1841 Κατὲρχέται
2232 1772 2325 1825 καὶ
2358 1736 2602 1841 ποταμὸς
2637 1736 3055 1843 καῖ’χείμαρῥος
3075 1736 3306 1826 κινεῖται

1854 1863 2006 1914 Μετὰ
2037 1862 2267 1930 σφοδροῦ
2301 1861 2624 1932 ῥοιζήματος
2654 1865 2746 1915 καὶ
2781 1865 2876 1916 σὺν
2902 1863 3016 1926 ὀξεῖ
3037 1863 3111 1933 τῷ
3135 1863 3343 1933 δρόμῳ,

1854 1954 1963 2007 Καί
1995 1970 2096 2007 που
2129 1954 2223 2008 καὶ
2264 1954 2444 2018 λίθους
2475 1957 2715 2025 ὑποσπᾷ,
2751 1955 3026 2025 ῥιζοτομεῖ
3059 1955 3151 2007 καὶ
3177 1955 3405 2025 δένδραο

1868 2041 2030 2095 Ἀλλά
2060 2061 2114 2096 τι
2135 2043 2349 2115 δένδρον
2369 2044 2626 2112 μέγιστον
2655 2045 2685 2113 ἢ
2715 2031 3055 2114 παλαμναῖος
3076 2045 3220 2107 λίθος

1855 2134 2034 2198 Micio;
2054 2135 2102 2186 εί
2129 2134 2282 2204 τύχει
2311 2135 2602 2203 προπεσὼν
2633 2134 2722 2187 τὸν
2748 2136 2874 2203 ῥοῦν
2905 2136 3272 2204 άναχαιτίζειέ

1855 2224 1922 2276 Σὲ
1949 2224 2026 2286 δὲ,
2049 2224 2283 2293 χαρίτων
2306 2223 2568 2289 θάλασσα,
2606 2226 2698 2277 καὶ
2725 2224 2939 2294 ποταμὲ
2970 2227 3269 2294 τροπαίων,

1855 2314 2019 2368 Οὐδὲν
2045 2314 2258 2368 οὐδέπω
2290 2315 2387 2384 τῆς
2418 2316 2598 2385 ὁρμῆς
2628 2318 2724 2386 τῆς
2754 2317 2831 2379 είς
2859 2316 2961 2380 τὰς
2987 2317 3166 2387 μάχας
3193 2317 3354 2370 παύει
3376 2331 3388 2344 ’

1856 2408 1931 2460 Οὐ
1958 2407 2309 2478 προλαϐοῦσα
2340 2410 2607 2473 κάκωσις,
2641 2409 2741 2463 ούκ
2771 2409 3073 2478 ἐπισχοῦσα
3100 2408 3273 2472 νόσος,

1853 2502 1991 2570 Οὐχὶ
2020 2501 2213 2571 καιρὸς
2243 2500 2573 2570 χειμερινὸς,
2599 2501 2660 2553 ού
2698 2499 2956 2565 παγετδς,
2988 2499 3087 2552 οὐκ
3126 2499 3351 2566 ὄμϐρος,

1856 2594 1928 2645 Οὐ
1960 2593 2148 2662 θέρους
2185 2592 2242 2644 τδ
2278 2590 2630 2660 μεσαίτατον,
2652 2591 2822 2659 ούχαί
2850 2590 3152 2659 κυνάστρου
3186 2589 3405 2658 φλόγες,

1853 2685 1928 2737 Οὐ
1952 2682 2236 2753 δυσχέρεια
2263 2683 2371 2735 τῶν
2399 2681 2554 2747 όδῶν,
2591 2681 2710 2750 οὐχὶ
2731 2682 3078 2751 στενοχωρία,

1867 2777 2024 2830 Ἀλλὰ
2047 2776 2183 2848 πρὸς
2211 2776 2371 2845 μόνον
2404 2776 2628 2845 ἀφορῶν
2659 2774 2719 2826 τὸ
2752 2777 2940 2846 χρῆμα
2969 2775 3028 2827 τὸ
3052 2773 3150 2843 τῆς
3182 2775 3374 2844 νίκης,.

1855 2871 1965 2926 Καὶ
1995 2868 2131 2940 πρὸς
2161 2868 2259 2936 τὴν
2283 2866 2652 2938 ὑπεραύξησιν
2673 2867 2774 2934 τῆς
2798 2866 2899 2935 σῆς
2928 2866 3320 2935 κληρονομίας.

1854 2961 2065 3023 Βαίνεις
2092 2959 2167 3023 ὡς
2195 2959 2328 3011 λέων
2350 2956 2624 3019 πεποιθὼς
2657 2959 2798 3010 κατὰ
2828 2955 2935 3008 τῶν
2970 2956 3306 3025 ἀλλοφύλων,

1776 3051 1820 3109 ο
1852 3048 2076 3104 Πάντων
2100 3047 2234 3116 όμοῦ
2257 3045 2611 3114 καταφρονῶν
2641 3045 2751 3096 τῶν
2781 3035 3347 3116 παρεμποδισμάτων,

1856 3144 1935 3214 Τῇ
1960 3141 2322 3211 συστρατῆγῳ
2361 3155 2453 3191 σου
2470 3135 2687 3217 θαρρῶν
2710 3135 2962 3207 παρθένῳ
2995 3141 3085 3191 καὶ
3109 3138 3408 3207 συμμάχῳ..

1856 3235 1933 3289 Δι’
1961 3228 2029 3305 ἧς
2060 3235 2125 3286 ὲκ
2153 3232 2331 3302 πάσης
2351 3227 2652 3300 προσϐολῆς
2684 3229 2780 3280 σὺν
2815 3228 2989 3289 νίκαις
3018 3229 3409 3300 ὑποστρέφεις,

1852 3415 1956 3454 non
2009 3395 2223 3464 deficit;
2272 3395 2362 3447 sed
2433 3393 2689 3463 sufﬂantis
2751 3393 2938 3462 spiritu
2997 3409 3122 3462 opus
3189 3404 3262 3447 est
3316 3398 3405 3463 qui

1853 3488 2186 3543 alacritatem
2214 3483 2359 3538 illius
2396 3492 2689 3536 emortuam
2741 3484 2796 3537 in
2841 3485 3006 3537 vitam
3055 3491 3286 3548 reuocet;
3320 3485 3404 3536 ubi

1856 3584 2034 3630 autem
2061 3574 2284 3629 materia
2316 3573 2532 3627 humida
2553 3571 2849 3636 accesserit,
2880 3581 3017 3625 certe
3038 3573 3405 3640 exstinguitur.

1858 3667 1936 3722 Tu
1985 3683 2103 3721 uero
2157 3667 2340 3734 impios
2395 3664 2671 3727 comburis,
2727 3665 3018 3732 conflagras
3074 3664 3247 3715 atheos
3281 3678 3406 3729 quos

1854 3757 2124 3828 liquefacis
2158 3759 2291 3811 sicut
2316 3755 2588 3825 plumbum
2618 3762 2667 3804 et
2693 3755 2825 3806 sicut
2848 3753 3096 3822 stipulam
3126 3755 3402 3814 consumis.

275 3840 358 3890 En
409 3854 539 3892 noua
583 3841 908 3907 certamina;
953 3843 1144 3894 iterum
1188 3845 1444 3898 exercitus
1474 3857 1650 3901 ,movet
1687 3849 1757 3902 ad
1850 3847 2087 3916 sufﬂante
2119 3845 2299 3915 aliqua
2334 3843 2546 3895 minime
2578 3856 2702 3908 opus
2747 3841 2960 3896 habens.
3008 3841 3215 3910 Sufﬁcit
3268 3845 3403 3895 enim

201 3940 389 3983 castra
432 3931 699 3985 metanda.
740 3930 858 3994 Cui,
899 3949 1091 4000 quaso,
1134 3935 1211 3984 rei
1250 3943 1397 3986 luant
1431 3938 1752 4003 tequiparem

197 4023 259 4074 in
294 4020 516 4088 ferendis
552 4020 812 4075 laboribus
861 4021 1219 4090 patientiam?
1249 4022 1422 4085 Atlas,
1455 4024 1499 4076 si
1526 4025 1758 4095 antiquis

200 4111 502 4163 auctoribus
547 4110 829 4172 credimus,
869 4110 1098 4162 humeris
1141 4111 1369 4178 portavit
1413 4112 1638 4180 grandes
1675 4127 1761 4166 co-

203 4204 416 4276 lumnas
464 4211 627 4254 totum
671 4199 921 4253 mundum
960 4217 1170 4254 sursum
1212 4209 1459 4257 tenentes.
1498 4201 1600 4268 Qui
1645 4220 1760 4257 cum

201 4295 342 4347 mole
389 4301 728 4359 premeretur,
781 4291 1077 4356 columnas,
1117 4299 1174 4342 ut
1215 4303 1459 4355 narrant,
1496 4294 1756 4363 deposuit,

1854 3939 1945 3992 tibi
1985 3937 2054 3992 ad
2081 3935 2388 4006 subigendos
2421 3935 2658 3987 inimicos
2696 3950 2914 4002 magnus
2950 3933 3041 3986 Dei
3071 3931 3296 4004 Spiritus
3317 3935 3403 4002 qui

1854 4032 2018 4079 tecum
2074 4025 2193 4078 sivit
2240 4030 2288 4076 et
2333 4011 2629 4086 cohabitat,
2684 4040 2715 4075 a
2762 4037 2862 4090 quo
2911 4020 3192 4075 uentilatus
3229 4036 3404 4072 omnes

1854 4117 2022 4169 hostes
2051 4115 2328 4175 comburis,
2362 4126 2669 4178 omnemque
2698 4113 2977 4178 regionem,
3007 4126 3206 4163 omnem
3229 4110 3420 4162 urbem,

1854 4215 2155 4259 exterarum
2210 4203 2476 4254 deuastas.
2514 4198 2794 4266 Nunquam
2823 4200 3000 4268 igitur,
3037 4198 3149 4249 licet
3177 4199 3404 4251 maribus

1855 4294 2092 4346 barbaris
2122 4293 2177 4344 in
2205 4291 2407 4360 ﬂuxum
2456 4306 2516 4342 ac
2566 4291 2823 4359 refluxum
2851 4286 3404 4357 agitantibus,sﬂuvius

199 4398 428 4450 quarunt
453 4398 584 4435 onus
615 4380 861 4434 Hercules
890 4396 1006 4434 cum
1035 4381 1259 4434 humeris
1284 4383 1540 4459 subiisset,
1571 4380 1769 4451 Atlans
1789 4393 1832 4448 υ
1861 4381 2088 4433 decurrit
2141 4387 2188 4431 et
2242 4385 2447 4430 torrens
2490 4378 2711 4447 fluctuat
2756 4392 2870 4437 cum
2923 4386 3074 4429 acuto
3114 4377 3333 4430 stiidore
3358 4387 3403 4428 et

203 4484 307 4526 tem
338 4490 439 4527 non
473 4473 801 4526 mediocriter
827 4470 1128 4525 sublevavit.
1159 4471 1236 4525 Tu
1271 4481 1482 4538 autem,
1508 4476 1598 4542 qui
1624 4476 1757 4527 inte-

201 4579 357 4631 grum
409 4564 547 4616 orbis
592 4571 854 4615 terrarum
895 4578 1023 4616 onus
1052 4569 1253 4630 portas,
1283 4554 1330 4616 ἐι
1359 4563 1504 4616 ducis
1544 4580 1757 4618 munere

203 4654 458 4724 fungeris,
479 4651 679 4721 pondus
693 4651 1045 4720 solusportas,
1068 4649 1292 4704 Hercule
1319 4652 1450 4705 nihil
1474 4653 1708 4722 indigens
1735 4670 1765 4718 ,ﬂ

202 4747 314 4796 imo
343 4743 410 4795 ad
460 4754 746 4795 extremam
778 4756 941 4810 usque
992 4748 1201 4794 tetatem
1235 4757 1328 4808 pro
1361 4758 1419 4794 eo
1444 4748 1579 4810 quod
1609 4751 1755 4797 tuum

201 4844 280 4887 est
313 4834 659 4886 membrorum
688 4833 1118 4900 numerorumque
1149 4831 1325 4896 robur,
1364 4843 1621 4900 portans.

279 4923 528 4978 Nouimus
543 4921 665 4975 solis
677 4920 1077 4990 splendescentis
1109 4927 1301 4978 ortum.
1318 4921 1408 4973 sed
1437 4931 1485 4972 et
1504 4923 1663 4990 ipsius
1677 4940 1759 4974 oc-

205 5030 387 5066 casum
435 5021 481 5065 et
510 5015 703 5066 sociam
746 5018 944 5063 noctem
971 5011 1327 5078 cognovimus,
1363 5009 1578 5063 Omnem
1609 5012 1757 5064 modo

207 5097 406 5156 terra'm
459 5106 650 5158 lumine
700 5101 955 5170 ineffabili
1001 5099 1275 5163 illustrat,
1333 5104 1480 5153 modo
1542 5105 1762 5156 nubibus

206 5194 493 5249 occultatus
547 5212 758 5262 prorsus
820 5191 1023 5260 deﬁcit;
1076 5200 1132 5244 et
1182 5191 1285 5244 diei
1330 5193 1536 5260 quidem
1590 5198 1758 5246 curri-

205 5285 322 5340 culo
345 5296 550 5353 peracto
583 5287 855 5356 fatigatur,
877 5292 1033 5339 noctu
1060 5291 1233 5336 autem
1276 5285 1329 5336 in
1358 5282 1551 5338 Oceani
1593 5287 1758 5354 ﬂuen-

209 5379 275 5429 tis
314 5375 544 5428 l'avatur.
593 5374 668 5428 Tu
699 5384 882 5428 contra
915 5372 996 5425 nil
1031 5371 1176 5425 aﬁud
1220 5388 1376 5440 quam
1411 5375 1595 5436 oriris,
1625 5391 1757 5426 nun-

206 5483 366 5535 quam
413 5463 618 5529 occidis,
659 5465 813 5532 idque
863 5478 1022 5530 usque
1057 5465 1125 5514 ad
1171 5461 1287 5514 vita:
1322 5463 1593 5524 terminos,
1632 5470 1680 5516 et
1713 5466 1760 5516 si

208 5556 416 5624 quando
448 5553 628 5608 balneo
659 5568 787 5621 opus
835 5554 1008 5615 habes,
1041 5550 1182 5602 haud
1218 5551 1368 5601 undis
1399 5552 1638 5612 marinis,
1668 5553 1758 5602 sed

215 5652 307 5696 tuo
337 5629 521 5697 sudore
555 5643 768 5698 lavaris.
819 5639 958 5711 Ignis
1010 5653 1112 5692 non
1163 5639 1381 5691 moritur
1437 5641 1522 5692 ubi
1561 5638 1755 5708 lignum

1861 4485 2014 4521 cursu
2045 4468 2252 4536 rapido,
2280 4482 2413 4520 saxa
2443 4465 2671 4525 uoluens,
2704 4467 3013 4535 arboresque
3034 4465 3298 4519 divellens.
3339 4465 3404 4517 At

1860 4559 2016 4611 arbor
2040 4575 2230 4626 magna
2265 4567 2357 4611 aut
2383 4573 2566 4611 saxum
2593 4556 2903 4610 sceleratum
2942 4559 3025 4609 ubi
3056 4557 3400 4616 interciderit,

1859 4649 2104 4715 reprimet
2147 4663 2376 4699 cursum.
2441 4630 2520 4700 Te.
2554 4658 2760 4708 autem,
2816 4639 3116 4715 gratiarum
3167 4646 3403 4713 pelagus,

1861 4745 2175 4806 troptcorum
2240 4740 2477 4808 flumen,
2549 4738 2678 4791 nihil
2732 4734 2889 4805 plane
2957 4752 3057 4804 quo
3122 4738 3286 4788 minus
3353 4740 3403 4788 in

1862 4827 2062 4878 hostem
2105 4841 2226 4879 ruas
2276 4829 2540 4897 impedivit
2584 4843 2731 4882 :non
2761 4827 2976 4895 offensa,
3015 4843 3117 4878 non
3177 4830 3400 4886 morbus,

1863 4933 1966 4970 non
1999 4928 2295 4987 tempestas,
2320 4936 2420 4971 non
2446 4919 2657 4986 glacies,
2695 4934 2795 4969 non
2844 4918 3029 4980 imber,
3076 4935 3175 4968 non
3210 4918 3404 4969 calores

1866 5010 2044 5072 «estivi,
2075 5021 2166 5063 aut
2198 5009 2326 5064 Sirii
2353 5013 2590 5080 flannna,
2623 5024 2724 5060 non
2765 5012 2963 5060 viarum
2992 5012 3280 5077 asperitas;
3317 5015 3404 5058 δειι

1864 5099 2137 5154 victoriam
2200 5099 2368 5154 solam
2430 5101 2490 5152 ob
2553 5099 2725 5150 oculos
2792 5100 3024 5162 habens,
3083 5107 3130 5149 et
3201 5098 3401 5161 imperii

1865 5201 2199 5258 augmentum
2252 5191 2506 5245 meditans
2555 5205 2644 5242 ceu
2695 5190 2774 5243 leo
2812 5208 2930 5244 cum
2972 5189 3164 5258 ﬁducia
3221 5195 3400 5238 contra

1864 5279 2182 5350 alienigenas
2213 5280 2552 5350 proﬁcisceris
2573 5320 2588 5344 ,
2615 5280 2851 5333 omnibus
2880 5276 3152 5333 obstaculis
3178 5285 3376 5327 contem

1861 5376 1997 5439 ptis,
2050 5371 2257 5442 Virgine
2320 5372 2456 5425 socia
2504 5379 2553 5424 et
2599 5373 2992 5442 propugnatrice
3040 5366 3206 5422 ﬁsus.
3259 5382 3404 5430 cujus

1862 5463 2060 5516 auxilio
2087 5479 2148 5516 ex
2193 5465 2330 5516 onmi
2359 5476 2471 5516 cum
2497 5463 2724 5516 hostibus
2751 5474 3020 5528 congressu
3042 5456 3196 5510 victor
3235 5470 3414 5506 rever-

1865 5555 2010 5607 teris.
