4002 6332
500 265 635 327 1375
1027 371 1030 375 ⁸
1672 291 2018 356 ΤΠΕΟῐιΟῖ

2121 301 2512 367 PRODROMI
3551 314 3697 380 1376

487 381 600 474 Kal
624 383 785 436 πάλιν
817 386 1022 455 ἧὸησον
1045 390 1118 454 ὡς
1157 393 1303 462 πρὶν,
1333 398 1425 449 καὶ
1452 400 1600 466 γίνου
1637 403 1730 456 νὲα
1773 405 1984 474 Ῥώμη.

485 473 589 524 Τὸν
614 475 905 546 βόστρυχον
938 481 1261 550 ὲκπέτασον,
1307 489 1553 558 ἑνδύθητι
1587 495 1895 563 πορφύραν,

487 568 786 636 Περιϐαλοῦ
819 573 908 625 τὸν
934 579 1220 647 στολισμὸν
1252 582 1456 635 ἐκεῖνον
1476 586 1566 638 τὸν
1587 588 1811 656 ἀρχαῖον
1833 608 1845 621 ·

486 660 804 731 Κοσμήθητι
830 667 889 717 τὸ
915 669 1221 737 πρόσωπον,
1252 673 1470 743 λούθητι
1494 678 1553 728 τὸ
1581 680 1821 748 σαρκίον,

483 750 593 802 Καὶ
619 753 805 819 φαίνου
828 757 922 808 νέα
949 759 1042 811 καὶ
1074 763 1230 833 καλὴ.
1264 765 1357 816 καὶ
1392 767 1559 836 τέρπε
1589 771 1712 831 τοὺς
1734 772 2002 840 ὁρῶντας.

565 841 808 912 Ἐπῆραν
833 848 1035 912 πάντες
1065 855 1301 921 ποταμοὶ
1333 858 1512 922 φωνὰς
1559 861 1759 926 αὐτῶν,
1797 863 2034 934 ἐπῆραν,

483 932 595 994 Τὰς
630 934 736 998 σὰς
762 938 1245 1008 ἀνακηρύττοντες,
1266 947 1520 1015 δέσποτα,
1540 958 1892 1023 στρατηγίας.

487 1023 812 1103 Ἴστρος
841 1029 942 1098 τὴν
965 1033 1114 1101 ίσχύν
1154 1053 1270 1100 σου,
1310 1039 1548 1110 Σάγαρις
1583 1044 1721 1110 μέγα
1753 1048 1962 1116 κράζει,

484 1115 754 1184 Ὀμνυσιν
780 1120 948 1184 Ἀλυς
973 1125 1045 1194 μὴ
1069 1127 1192 1178 ἰδεῖν
1217 1129 1400 1198 ἕτερον
1428 1132 1669 1200 βασιλέα,

481 1204 593 1300 Τὰς
622 1205 786 1274 ὄχθας
822 1212 1162 1280 παραθέοντα
1203 1220 1294 1271 καὶ
1335 1222 1560 1276 πίνοντα
1597 1226 1687 1278 τοῦ
1724 1229 1960 1300 ῥείθρου¹

481 1295 542 1348 Ei
569 1299 640 1368 μὴ
669 1300 758 1351 τὸν
794 1307 1281 1379 πορφυροσλάστην
1303 1312 1568 1383 δεσπότην
1618 1295 1892 1389 Ἰωάννην,

666 1392 958 1461 Ῥωμαίοις
985 1398 1149 1468 μέχρι
1173 1419 1265 1454 σου
1304 1404 1402 1472 τὴν
1424 1407 1595 1474 ῥάχυν
1625 1410 1993 1482 ὑποστρῶσαι,

478 1477 629 1547 Μηδὲ
660 1483 1002 1552 πορθμεῦσαι
1029 1488 1269 1558 λάφυρον
1299 1494 1548 1549 τοσοῦτον
1576 1499 1636 1550 ἐκ
1675 1477 1960 1570 Περσίδοςο

478 1572 586 1624 Καὶ
625 1574 826 1643 γέγηθε
860 1576 960 1644 τῆς
994 1578 1208 1649 ὲθνικῆς
1237 1585 1574 1654 ἀπαλλαγεὶς
1593 1591 1854 1658 δουλείας,

479 1663 592 1716 Καὶ
621 1665 701 1716 σοὶ
737 1666 1000 1723 δουλεύων
1038 1671 1132 1724 τοῦ
1165 1673 1374 1742 λοιποῦ,
1421 1680 1513 1732 καὶ
1548 1681 1643 1750 σὴν
1679 1686 2029 1753 προσκλύζων

495 1750 572 1849 “-
646 1847 656 1849 ξ
726 1848 733 1849 7
1718 1750 1958 1849 Ϊχὼραν.

544 1840 614 1899 Ὦ
643 1847 849 1920 Ῥώμη,
869 1855 1024 1919 πόλις
1047 1857 1337 1928 εὐδαίμων,
1368 1864 1570 1935 πόλιςή
1599 1840 2028 1938 Κωνσταντίνου,

478 1940 815 2012 Στολίσθητι,
852 1947 1148 2015 περιϐαλοῦ
1178 1953 1380 2019 χιτῶνα
1415 1956 1784 2024 πεπλυμένον,
2019 1962 2026 1970 ’

487 2029 771 2104 ’Υπόδεξαι
801 2034 892 2088 τὸν
917 2039 1164 2108 νικητὴν,
1198 2043 1346 2106 δέξαι
1367 2044 1459 2095 τὸν
1486 2045 1730 2113 βασιλέα,

478 2118 585 2176 Καὶ
615 2121 993 2201 τοὺςδδρῷτας
1023 2128 1150 2191 τοὺς
1179 2132 1415 2200 χρυσοῦς
1439 2130 1520 2198 οἷς
1555 2137 1852 2208 ἐξηγόρασὲ
1877 2157 1957 2206 σε,

487 2209 842 2281 ’Δπόμορξον,
873 2217 1154 2288 ἀπόμαεω
1185 2223 1246 2276 ὲκ
1277 2224 1369 2277 τοῦ
1406 2228 1609 2296 χρυσοῦ
1644 2230 1922 2296 μετώπου,

472 2299 702 2373 Φίλησον
735 2307 857 2369 τοὺς
885 2308 1258 2380 δεσποτικοὺς,
1299 2319 1423 2380 τοὺς
1454 2325 1798 2387 πανωραίους
1843 2327 2029 2394 πόδας,

476 2391 609 2453 Τοὺς
639 2395 915 2463 είρηναίαν
943 2415 1024 2452 σοι
1057 2402 1200 2473 ζωὴν
1226 2408 1765 2478 εὐαγγελιζομένους.

476 2483 580 2535 Σοῦ
605 2485 761 2556 ,ίθιριν
787 2490 933 2542 νόσοι
962 2492 1207 2561 σώματος
1237 2497 1312 2567 τῷ
1333 2498 1546 2567 βασιλεί
1571 2503 1664 2556 καὶ
1689 2506 1838 2560 πόνοι
1867 2524 1880 2538 ο
1907 2546 1912 2550 -

487 2661 582 2755 Ἐκ
599 2664 698 2755 σοῦ
729 2667 906 2735 δὲτὴν
938 2671 1240 2742 ἀντίχαριν,
1281 2679 1420 2748 πλὴν
1442 2683 1541 2751 τῆς
1575 2661 1949 2755 εὐχαριστίας.

544 2751 642 2848 ᾼός
667 2768 778 2818 μοι,
798 2759 956 2809 Δαυϊδ
975 2762 1262 2832 κιθαρῳδὲ,
1290 2771 1459 2836 μικρά
1485 2790 1578 2825 σου
1608 2751 2024 2848 των-ᾀσμάτων,

479 2841 548 2938 '—H
690 2847 880 2915 παρὼν
908 2852 1139 2917 ἀλάλαζε
1165 2858 1332 2911 ταῦτα
1350 2862 1429 2930 τῷ
1461 2863 1673 2929 βασιλεί
1706 2841 1846 2938 μου-⁸

472 2931 567 2995 El;
596 2934 727 3006 ὕψος
750 2939 1092 3013 ἁναϐἑϐηκας
1115 2947 1270 3016 ἑῷον,
1289 2955 1638 3025 τροπαιοῦχε,

471 3026 860 3117 ᾼίχμαλωσίαν
886 3035 942 3088 ὲν
973 3037 1120 3108 αύτῷ
1150 3041 1349 3114 πολλὴν
1387 3047 1777 3117 ῂχμαλωτίσω,

474 3114 705 3209 Ἔλαϐες
732 3122 942 3192 δόματα
972 3129 1181 3184 πολλῶν
1200 3114 1500 3205 ἀνθρώπων
1521 3114 1860 3209 ἀλλοφύλων,

474 3203 682 3270 Πάντες
703 3211 753 3261 οἱ
785 3215 969 3281 πίονες
1003 3220 1101 3289 τῆς
1135 3223 1243 3307 γῆς
1272 3203 1748 3299 προσκεκυνήκασί
1775 3203 1880 3288 σοί.

469 3375 730 3428 invenisti.
774 3373 897 3428 Jam
941 3378 1010 3430 ad
1057 3388 1290 3436 teneram
1340 3391 1547 3441 (etatem
1619 3389 1731 3443 redi
1783 3402 1832 3445 et
1895 3408 2028 3447 nova

471 3465 638 3520 Roma
665 3468 781 3536 fieri
812 3485 958 3523 cures
980 3488 1002 3537 ;
1031 3475 1291 3532 cincinnos
1313 3481 1586 3548 concinna,
1631 3501 1919 3555 purpuram
1947 3489 2029 3542 in-

469 3560 594 3622 due,
651 3559 923 3629 antiquum
969 3565 1233 3620 circumda
1291 3573 1570 3637 amictum;
1631 3574 1817 3643 faciem
1865 3564 2020 3642 orna,

466 3665 654 3720 corpus
678 3651 797 3705 lava
824 3690 838 3714 ,
872 3669 1004 3709 nova
1033 3665 1082 3709 et
1111 3657 1342 3727 formosa
1389 3678 1672 3732 apparens,
1718 3675 1767 3720 et
1791 3666 2022 3722 videntes

469 3751 521 3795 te
547 3743 770 3797 delecta.

542 3831 880 3889 Sustulerunt
932 3853 1103 3891 vocem
1131 3856 1282 3894 suam
1316 3856 1491 3894 omnes
1537 3842 1685 3910 ﬂuvii
1705 3880 1721 3904 ,
1755 3859 2025 3898 armorum

424 3983 428 3987 η
470 3928 676 3976 tuorum
696 3926 942 3980 honorem
958 3927 1299 3984 celebrantes.
1316 3929 1450 3983 Ister
1469 3932 1706 3985 virtutem
1735 3941 1882 3986 tuam
1904 3951 2027 4003 pro-

470 4011 700 4077 clamat,
737 4014 955 4083 Sagaris
985 4017 1095 4070 alta
1126 4035 1244 4072 voce
1272 4018 1488 4085 clamat,
1521 4021 1683 4092 Halys
1704 4023 1856 4092 jurat
1890 4042 2023 4079 nun-

471 4124 629 4176 quam
668 4125 722 4162 se
749 4110 931 4164 vidisse
977 4113 1342 4182 imperatorem
1382 4117 1526 4185 ripas
1568 4135 1726 4182 suas,
1781 4121 1913 4173 sicut
1943 4130 2018 4186 tu,

470 4209 869 4268 pratereuntem
916 4212 964 4256 et
1015 4205 1106 4275 qui
1158 4221 1220 4259 ea:
1253 4209 1362 4272 ipso
1410 4207 1614 4273 biberit,
1638 4219 1731 4264 aut
1773 4211 2020 4266 Romanis

2078 417 2115 472 Α
2155 412 2453 486 Ἐξέτεινας
2487 423 2584 494 τὴν
2612 423 2852 493 ἄμπελον
2884 427 2982 496 τῆς
3008 426 3270 496 νεωτέρας
3317 413 3535 498 Ῥώμης

2145 507 2217 561 To
2247 511 2430 580 κλῆμα
2464 513 2624 585 μέχρι
2656 515 2957 583 θαλασσῶν,
2990 519 3081 570 καὶ
3103 509 3199 580 τὰς
3227 519 3593 589 παραφυάδας

2142 600 2434 668 Μεγίστων
2458 605 2585 674 ἄχρι
2611 607 2871 677 ποταμῶν
2899 608 3072 678 πέρας
3099 609 3277 662 αὐτῶν
3306 611 3484 664 ἀλύων
3504 629 3522 645 σ

2153 691 2240 745 Ὠς
2271 696 2640 763 προστεθεῖεν.
2681 698 2922 766 βασιλεῦ,
2949 700 3143 764 αίῶνιες
3174 703 3238 770 τῇ
3266 701 3376 773 ζωῇ
3407 721 3524 759 σου.

2225 782 2453 850 Ἀκούω,
2482 785 2589 838 Θεῖε
2626 787 2869 856 βασιλεῦ,
2905 789 3242 860 κυνηγεσίων
3276 792 3503 860 νόμους·

2138 873 2329 944 Χρόνῳ
2359 876 2457 944 μὲν
2492 875 2705 949 κάπρον
2735 880 2888 934 λάϐοι
2923 897 3026 947 τις,
3061 882 3153 935 καὶ
3180 883 3316 954 μετά
3352 883 3570 953 μόχθων
3598 883 3703 937 106-

3459 970 3618 1042 [οων.

2137 1052 2327 1122 Χρόνῳ
2353 1054 2398 1105 δ’
2425 1055 2683 1122 ἁγρεύσοι
2720 1059 2978 1125 πάρδαλιν
3007 1064 3099 1114 καὶ
3129 1061 3197 1130 δι’
3228 1063 3444 1132 ἐνέδρας
3472 1063 3654 1128 πόσης
3674 1076 3692 1090 ⁰

2137 1144 2211 1196 Τὸ
2235 1144 2324 1196 σὸν
2351 1145 2406 1197 δὲ
2437 1136 2591 1199 τοῦτο
2620 1147 2860 1218 θήραμα.
2887 1149 2946 1215 τὸ
2975 1154 3292 1220 κυνηγέσιόν
3328 1170 3419 1208 σου

2138 1231 2363 1302 Μικρῶν
2391 1236 2490 1302 μὲν
2518 1237 2680 1305 ἔργον
2710 1238 2950 1307 ἡμερῶν,
2984 1225 3100 1294 ἀλλ”
3122 1242 3282 1311 ἔργον
3316 1243 3480 1303 ὅντως
3507 1240 3573 1311 μέ
3586 1255 3658 1306 γα
3676 1253 3696 1268 °

2137 1325 2296 1388 Πόλις
2323 1319 2605 1382 ἁλίσκεται
2653 1329 2839 1399 πολλὴ,
2874 1334 2964 1384 καὶ
3001 1333 3236 1401 φρούρια
3271 1336 3577 1403 κρατεῖται,

2137 1415 2242 1467 Kal
2277 1417 2534 1484 μυριάδες
2565 1419 2783 1490 ἄπειροι
2815 1406 3037 1491 Περσῶν
3062 1422 3556 1490 δουλαγωγοῦνται,

2133 1504 2242 1558 Καὶ
2265 1507 2541 1574 φάλαγγες
2581 1508 2884 1578 Ῥωμαϊκαὶ
2923 1511 3208 1578 πεζεύουσι
3229 1515 3320 1567 τὸν
3357 1514 3543 1580 Ἀλυν,

2135 1598 2241 1649 Kal
2275 1597 2571 1666 σύμπασαν
2596 1600 2871 1671 ληΐζονται
2911 1603 3006 1671 τὴν
3037 1603 3334 1671 ἀντιπέραν
3366 1600 3551 1672 χώραν
3581 1621 3594 1633 ·

2134 1686 2291 1745 Οὕτω
2323 1688 2574 1759 θηρεύειν
2613 1691 2814 1757 ἔμαθεν
2847 1694 2873 1744 ό
2909 1693 3192 1768 Κομνηνὸς
3215 1693 3506 1764 δεσπότης.

2067 1763 2106 1818 Β
2207 1781 2382 1834 Πολλὰ
2413 1781 2534 1850 μὲν,
2591 1784 2700 1834 θεῖε
2750 1763 3013 1852 βασιλεῦξ
3044 1787 3137 1837 καὶ
3186 1785 3256 1837 τὰ
3304 1763 3704 1852 στρατεύματᾶ

3462 1872 3585 1946 [acu
3605 1891 3621 1906 ·

2141 1963 2249 2015 Kal
2289 1963 2342 2014 τί
2367 1963 2474 2032 γὰρ
2503 1961 2534 2026 ἢ
2567 1965 2949 2032 στρατεύματα
2977 1964 3073 2032 τῆς
3099 1965 3484 2032 κραταιότητός
3516 1979 3654 2026 aou;

2144 2051 2308 2103 Ἀλλο
2335 2053 2394 2104 τὸ
2440 2051 2534 2104 νῦν
2577 2052 2907 2121 κατόρθωμα
2943 2055 3191 2121 κρεῖττον
3222 2053 3400 2122 χειρὸς
3445 2052 3703 2122 ἁπάσης,

2140 2143 2302 2205 Πόλις
2351 2143 2589 2211 τοσαύτη
2643 2143 2739 2214 ’τὴν
2774 2145 2942 2214 ἰσχὺν,
2975 2147 3035 2197 τὸ
3073 2143 3319 2214 μέγεθος,
3371 2143 3468 2214 τὴν
3515 2142 3702 2206 θέσιν,

2140 2233 2425 2297 Τοσούτοις
2463 2234 2648 2305 κύκλῳ
2681 2236 2884 2304 τείχεσι
2911 2237 3445 2308 ὲμπεριειλημμένη,

2150 2327 2358 2397 Ἀόρνις
2383 2327 2513 2396 ἄλλη
2541 2328 2634 2379 καλ⁸
2665 2327 2860 2390 παντὸς
2886 2327 3190 2397 ὑψηλοτέρα
3230 2325 3436 2396 βέλους,

2148 2420 2446 2489 ’Ᾱναιμωτὶ
2491 2419 2841 2488 προστίθεται
2888 2421 3000 2480 τοῖς
3043 2420 3186 2487 ὅροις
3219 2419 3329 2470 τῶν
3364 2417 3700 2485 Ῥωμαίωνδ

2139 2513 2244 2564 Kal
2275 2511 2454 2573 πόλεις
2483 2508 2639 2563 ἄλλαι
2661 2508 2947 2576 Περσικαὶ,
2982 2509 3076 2559 καὶ
3113 2506 3349 2577 φρούρια
3385 2505 3578 2574 μυρία.

2138 2603 2246 2656 Kal
2279 2600 2480 2671 πλῆθος
2509 2600 2876 2668 ἀναρίθμητον
2916 2599 3204 2667 αὐτομολεί
3235 2598 3524 2668 βαρϐάρων
3545 2613 3562 2628 ο

2138 2697 2346 2755 Ὄντως
2367 2691 2501 2744 Θεοῦ
2532 2690 2591 2744 τὸ
2612 2691 2874 2760 τρόπαιον
2903 2690 2996 2743 καὶ
3022 2691 3186 2759 τύχης
3219 2688 3578 2758 Κομνηνίδος.

2212 2781 2272 2833 '0
2298 2780 2395 2849 μὲν
2426 2779 2732 2848 προφήτης,
2773 2778 2858 2829 Ἐν
2891 2779 3073 2848 Ῥαμᾷ
3103 2778 3272 2846 φωυὴ,
3298 2779 3482 2844 φησὶν,
3513 2773 3696 2842 ἡκού-

3050 2874 3057 2890 ¹
3443 2866 3572 2936 [σθη
3595 2881 3616 2897 ⁹

2148 2957 2289 3026 Ἐγὼ
2326 2957 2371 3011 δ’
2398 2956 2667 3022 ἀλαλάξας
2691 2956 2750 3008 τὸ
2784 2957 2945 3025 ῥητὸν
2979 2958 3072 3008 καὶ
3108 2957 3462 3025 παρῳδήσας,
3498 2956 3646 3020 λέγω
3674 2974 3692 2983 ο

2149 3049 2236 3102 Ἐν
2266 3049 2582 3119 Κασταμόνι
2612 3048 2712 3118 τὴν
2746 3047 2927 3119 φωνὴν
2955 3048 3157 3113 ταύτην
3192 3047 3617 3115 ἐξακουσθῆναι,

2057 3118 2098 3171 C
2134 3137 2334 3208 Περσὶς
2358 3138 2426 3190 τὰ
2453 3118 2617 3191 τέκνα
2646 3118 2928 3200 κλαίουσα,
2968 3137 3043 3207 μὴ
3072 3139 3529 3208 παρακαλουμένη
3557 3155 3570 3168 ο

2131 3228 2216 3281 Τὰ
2241 3227 2340 3297 μὶν
2366 3228 2475 3297 γὰρ
2508 3227 2924 3301 ἐζωγρήθη-ταν,
2955 3229 3090 3282 ἀλλὰ
3122 3229 3164 3287 δ’
3198 3230 3611 3296 αὐτομολουτιν,

2128 3387 2253 3457 pisti
2266 3401 2286 3449 ,°
2321 3390 2592 3454 magnates
2625 3392 2777 3438 teme
2798 3385 2888 3436 tibi
2912 3400 3079 3453 genua
3104 3389 3382 3456 (texerunt.
3409 3389 3480 3440 Tu
3536 3407 3689 3444 nam:

2125 3475 2302 3531 Romi:
2328 3475 2484 3528 vitem
2513 3473 2788 3527 extendisti
2811 3474 2881 3526 ad
2911 3490 3056 3526 mare
3082 3491 3242 3542 usque
3269 3485 3316 3527 et
3350 3478 3587 3530 surculos
3615 3484 3690 3534 ad

2123 3568 2380 3622 maximos
2435 3581 2598 3634 usque
2644 3566 2824 3635 ﬂuvios
2887 3567 3231 3634 propagasti;
3283 3581 3446 3631 quare
3496 3573 3682 3632 etiam,

2118 3663 2425 3724 imperator,
2463 3657 2584 3710 vita
2633 3664 2738 3712 tua:
2790 3657 2917 3710 anni
2950 3659 3090 3710 aucti
3118 3665 3256 3710 sunt.

2193 3745 2348 3809 Navi,
2397 3746 2513 3799 dive
2572 3747 2882 3816 imperator,
2928 3749 3215 3802 venationis
3269 3746 3429 3816 leges.
3472 3749 3684 3816 Aprum

2121 3839 2237 3906 quis
2268 3842 2406 3892 ceito
2451 3840 2698 3905 temporis
2741 3839 2909 3906 spatio
2951 3838 3140 3903 capiet,
3193 3855 3285 3892 nec
3339 3841 3453 3891 sine
3484 3854 3692 3905 magno

2117 3929 2328 3992 sudore,
2367 3928 2492 3980 item
2514 3925 2781 3997 pardalim
2821 3942 2921 3978 non
2947 3927 3059 3979 sine
3093 3944 3284 3997 magna
3315 3937 3427 3980 arte
3469 3944 3532 3980 ac
3556 3929 3686 3980 dolo

2118 4019 2418 4090 pre/tendet.
2455 4016 2604 4081 Quod
2631 4024 2685 4069 tu
2715 4018 2916 4070 venaris
2957 4033 3248 4084 paucarum
3289 4018 3490 4071 dierum
3548 4036 3690 4086 opus

2115 4112 2274 4180 idque
2293 4109 2491 4180 grande
2518 4116 2616 4172 est,
2643 4107 2766 4160 urbs
2787 4123 2978 4178 magna
3013 4108 3240 4176 capitur,
3266 4106 3453 4160 mania
3498 4123 3690 4160 ascen-

2117 4204 2336 4266 duntur,
2361 4202 2665 4254 innumerus
2698 4196 2980 4253 Persarum
3009 4200 3264 4254 exercitus
3288 4201 3343 4252 in
3372 4201 3682 4254 servitutem

464 4295 603 4345 sicut
637 4302 691 4346 tu
719 4295 995 4350 victoriam
1033 4299 1314 4364 arripuerit
1339 4307 1428 4351 aut
1465 4309 1671 4353 tantam
1694 4303 1928 4370 prtedam
1956 4318 2018 4356 ea:

2121 4292 2406 4362 redigitur;
2426 4289 2680 4342 Romam:
2703 4289 2928 4358 legiones
2961 4288 3134 4356 Halyn
3181 4290 3453 4358 trajiciunt
3484 4299 3532 4340 et
3563 4307 3684 4342 om-

472 4379 685 4433 Perside
714 4383 967 4438 retulerit.
994 4361 1192 4440 Idcirco
1227 4387 1439 4442 laztatur
1459 4406 1512 4442 se
1532 4361 1832 4445 servitutem
1877 4394 2018 4462 apud

2124 4361 2240 4434 nem
2265 4397 2291 4434 e
2325 4380 2530 4449 regione
2552 4387 2750 4432 terram
2798 4377 2936 4446 ferro
2966 4385 3016 4428 et
3060 4379 3178 4446 igne
3215 4387 3441 4434 vastant.
3482 4379 3683 4446 Hujus-

466 4482 668 4525 exteros
695 4474 918 4526 evasisse
946 4482 994 4526 et
1019 4484 1165 4529 tuum
1212 4494 1425 4546 regnum
1474 4479 1669 4534 alluere
1697 4483 1795 4535 sibi
1834 4484 2019 4538 datum

465 4577 594 4615 ωδε.

539 4653 734 4707 Onova
782 4649 970 4716 Roma,
1033 4655 1153 4707 urbs
1214 4657 1504 4724 fortunata,
1545 4659 1726 4713 civitas
1764 4661 2020 4716 Constan-

468 4744 587 4800 tini,
620 4744 773 4795 indue
803 4751 852 4796 te
882 4744 1045 4811 pallio
1075 4753 1318 4814 purgato,
1348 4746 1523 4798 saluta
1549 4750 1810 4814 victorem,
1841 4753 2019 4804 saluta

373 4849 388 4877 ί
466 4833 833 4900 imperatorem
891 4847 939 4889 et
992 4839 1235 4891 sudorem
1284 4854 1500 4890 aureum
1534 4857 1634 4909 quo
1665 4852 1714 4895 te
1777 4845 2016 4905 redemit,

470 4921 725 4987 absterge,
778 4923 997 4988 frontem
1051 4944 1272 4981 auream
1310 4930 1563 4998 absterge.
1619 4933 1767 4998 pedes
1821 4932 2017 4990 domini

469 5011 546 5062 tui
563 5008 932 5078 pulcherrimos
954 5015 1121 5078 basia,
1143 5021 1232 5086 qui
1254 5018 1416 5071 vitam
1444 5019 1718 5087 pacificans
1744 5021 1832 5075 tibi
1856 5039 2018 5077 evan-

465 5100 714 5168 gelizant.
753 5099 847 5153 Tui
888 5106 1059 5169 gratia
1107 5108 1393 5175 imperator
1447 5109 1648 5161 morbos
1707 5125 1767 5162 ac
1813 5109 2015 5164 labores

465 5193 702 5260 spernit;
737 5192 815 5243 tui
867 5207 988 5260 ergo
1021 5210 1219 5262 pugnas
1258 5205 1413 5267 atque
1459 5215 1634 5251 omnes
1664 5197 1785 5251 belli
1813 5199 2016 5255 labores

464 5280 742 5345 cxantlat;
778 5291 990 5350 gratum
1027 5283 1125 5351 ipsi
1152 5284 1324 5354 itaque
1354 5289 1590 5341 animum
1613 5289 1854 5350 praebeto.

543 5372 620 5426 Da
659 5373 808 5435 milii,
839 5371 1009 5424 David
1035 5373 1333 5439 citharaede,
1369 5385 1570 5444 partem
1619 5378 1852 5446 aliquam
1889 5396 2014 5430 can-

466 5464 684 5516 ticorum
709 5470 936 5524 tuorum,
968 5470 1079 5523 aut,
1098 5463 1142 5514 si
1161 5461 1331 5523 malis,
1352 5465 1656 5532 imperatori
1680 5483 1791 5519 meo
1818 5467 2015 5520 occine.

468 5551 541 5604 Tu
584 5554 907 5606 Occidentem
936 5551 1154 5622 signifer
1183 5555 1560 5617 transcurristi,
1603 5555 1787 5608 multos
1851 5557 2016 5623 capti-

469 5660 555 5698 vos
581 5645 764 5710 fecisti,
797 5663 828 5697 a
856 5646 1093 5714 plurimis
1138 5646 1362 5699 externis
1414 5647 1643 5713 gentibus
1695 5648 1840 5710 dona
1873 5663 2018 5701 acce-

2122 4473 2262 4525 modi
2280 4479 2494 4524 venator
2526 4478 2601 4522 est
2626 4470 2915 4523 Comn’enus
2948 4469 3186 4521 dominus
3217 4481 3410 4522 noster.

2195 4559 2350 4614 Multi
2386 4568 2507 4612 sunt
2561 4559 2672 4619 tibi,
2736 4560 3016 4624 imperator
3063 4558 3253 4620 divine,
3305 4561 3583 4620 exercitus,
3623 4573 3678 4612 et

2121 4652 2349 4718 undique
2374 4649 2627 4701 militibus
2653 4657 2702 4699 te
2722 4651 2969 4715 stipatum
2992 4649 3159 4701 video.
3195 4648 3339 4702 Nihil
3376 4659 3464 4701 tua
3499 4652 3682 4718 majus

2118 4742 2440 4809 fortitudine.
2499 4741 2629 4793 Urbs
2673 4743 2957 4808 fortissima
2993 4753 3042 4793 et
3084 4744 3444 4808 magnitudine
3472 4753 3518 4795 et
3571 4743 3677 4796 loci

2117 4839 2311 4884 natura
2352 4840 2399 4884 et
2435 4831 2682 4884 mnibus
2735 4831 2934 4900 invictis
2964 4841 3011 4884 et
3044 4833 3315 4884 altioribus
3350 4849 3508 4901 quam
3552 4851 3679 4903 qua!

2117 4922 2276 4975 telum
2306 4937 2555 4992 superare
2591 4919 2789 4980 valeat,
2835 4919 2974 4972 nullo
3007 4924 3261 4988 sanguine
3284 4905 3445 4987 effuso
3471 4926 3523 4976 in
3570 4923 3678 4977 Ro-

2120 5027 2395 5064 manorum
2429 5011 2678 5064 ditionem
2708 5011 2864 5064 cedit.

2186 5103 2314 5155 Alia:
2339 5116 2540 5169 quoque
2576 5098 2795 5154 Persica
2818 5100 2991 5161 urbes,
3014 5106 3254 5151 sexcenta
3296 5098 3539 5161 castella,
3593 5101 3680 5152 in-

2115 5191 2271 5257 finita
2302 5191 2518 5260 denique
2545 5191 2890 5243 barbarorum
2924 5189 3200 5241 multitudo
3253 5189 3306 5241 in
3339 5197 3432 5242 tua
3488 5199 3674 5242 castra

2114 5281 2432 5352 perfugiunt,
2480 5280 2584 5335 Deo
2621 5283 2694 5335 sic
2726 5279 2924 5332 volente
2948 5295 3010 5332 ac
3038 5278 3420 5361 Comnenorum
3455 5281 3678 5349 fortuna

2106 5371 2352 5433 juvante.

2188 5463 2471 5534 Propheta,
2503 5465 2568 5519 In
2586 5464 2775 5526 Rama,
2797 5465 2983 5532 inquit,
3007 5477 3106 5516 vos:
3122 5463 3305 5514 audita
3323 5472 3419 5526 est,
3445 5464 3516 5517 ad
3536 5465 3679 5549 quod

2115 5573 2206 5626 ego
2238 5567 2439 5609 mutato
2481 5559 2686 5609 nomine
2718 5566 2766 5608 et
2802 5553 3282 5618 loco,Castamone,
3323 5555 3460 5618 dico,
3489 5555 3678 5608 eadem

2114 5646 2208 5700 illa
2243 5663 2338 5700 vox
2369 5647 2548 5700 audita
2587 5658 2662 5701 est
2700 5662 2717 5700 :
2745 5646 2916 5701 Persis
2944 5654 3096 5699 natos
3130 5659 3247 5697 suos
3273 5644 3406 5711 ﬂens
3440 5653 3487 5698 et
3528 5647 3680 5699 sola-
