4002 6332
129 253 250 318 1385

1198 233 1514 296 SCRIPTA
1559 225 2117 290 MISCELLANEA.
2177 289 2180 292 ,

3211 212 3342 276 1386

195 361 246 414 l'i
273 354 757 432 coﬁ‘to_np&rtst;,
801 348 1045 422 βασιλεῦ,
1089 346 1182 399 ἐπὶ
1211 346 1388 416 χαρᾶς
1419 340 1632 432 ἡμιερᾳῖ

1777 339 2007 406 Ἀγξαις
2038 334 2201 407 κημῷ
2233 334 2327 386 καὶ
2355 327 2556 399 χαλινῷ
2589 327 2686 390 τὰς
2718 327 2922 381 τούτων
2942 325 3220 393 σιαγὸνας,

121 450 378 521 Περιορᾷς
409 431 478 517 με
506 445 798 500 κλαίουσαν
818 443 916 512 τὴν
942 438 1275 508 θρέπτειραν
1305 434 1399 487 σοῦ
1415 431 1668 502 Ῥώμην;

131 542 249 596 Ἐπὶ
279 534 829 607 καιρῷιχαρμοσύνης
862 529 1166 600 θρηνοῦσαν
1201 522 1564 595 παραϐλέπεῃῖ

125 628 386 699 Ἧμελλον
407 627 640 697 χαίρειν,
672 624 768 677 καὶ
791 618 975 673 πενθῶ
999 634 1014 652 ο
1044 617 1281 687 κροτεῖν,
1308 615 1402 666 καὶ
1427 611 1675 682 σκυθρω-

1390 701 1601 774 [πάςωο

125 813 344 865 Πλέκειν
378 809 586 862 παιᾶνα
613 804 895 876 μουσικδν,
931 804 1025 855 καὶ
1051 800 1238 854 πλέκω
1269 797 1670 868 παρακλήσεις·

124 907 183 958 Τί
207 922 307 974 μου
336 903 655 972 συντέμνεις
684 901 786 967 τὴν
825 896 1024 968 χαρὰν,
1059 893 1158 965 τὴν
1195 891 1393 964 ἡδονὴν
1432 885 1672 1049 ἶμικρύι

1468 992 1602 1041 νεις;

1468 992 1602 1041 νεις;

126 1086 240 1138 Ἐτι
269 1085 477 1154 γυμνδν
512 1083 574 1134 τδ
603 1081 900 1150 τέτρωρον,
925 1070 1023 1129 καὶ
1047 1075 1114 1128 σὺ
1148 1071 1400 1135 πεζεύεις
1416 1070 1532 1132 tu;

123 1177 232 1233 Οὐκ
257 1176 451 1242 ἐπιϐῇς
481 1174 581 1244 τῆς
612 1173 863 1238 ἄντυγος,
903 1167 965 1220 οὐ
983 1167 1109 1238 δέξῃ
1143 1165 1242 1226 τάς
1272 1164 1465 1234 ἡνίαςῖ

123 1271 229 1322 Οὐκ
257 1266 565 1336 ἐπιδίφριος
591 1263 790 1334 spem;
820 1262 920 1331 οὐχ
949 1259 1427 1330 ἁρματηλατήσειέ
1452 1273 1466 1321 3
1527 1295 1535 1319 \

124 1359 334 1414 ’Δδικόν
363 1359 536 1423 ἐστιν,
567 1356 754 1411 ἄδικον
776 1370 789 1384 ·
819 1353 918 1405 οὐκ
957 1351 1072 1421 ἔχει
1100 1348 1258 1402 τοῦτο
1285 1348 1468 1415 φύσιν.
1499 1347 1510 1354 “

181 1447 532 1502 Εἰσάκουσόν
559 1463 687 1515 μου,
723 1441 968 1513 βκσιλεῦ,
1003 1440 1102 1509 τῆς
1131 1438 1326 1509 δούλης
1360 1436 1493 1497 νέας
1543 1434 1680 1488 Ῥώ-

861 1579 866 1584 .
1438 1528 1602 1601 [μης’

112 1623 441 1681 Ἐίσάκουσόν
475 1644 578 1697 μου
608 1625 711 1695 τῆς
737 1627 1010 1695 κραυγῆς,
1038 1621 1260 1689 ἐπίϐηθι
1290 1620 1384 1673 τοῦ
1415 1620 1607 1688 δίφρου
1630 1634 1646 1647 ι

114 1719 216 1772 Καὶ
245 1720 567 1790 λάμπρυνόν
592 1734 696 1788 μου
726 1717 825 1778 τὰς
854 1716 1006 1779 ὀδοὺς
1046 1718 1102 1785 τῇ
1147 1713 1266 1783 θείᾳ
1299 1731 1391 1766 σου
1422 1711 1631 1783 προίδῳ
1655 1728 1668 1741 ·

116 1812 294 1878 Ἔχεις
328 1809 427 1882 μὲν
454 1807 822 1879 ἕτερον’ὲντδς
854 1806 1008 1877 ἅρμα
1037 1805 1283 1874 Λαμπρὸν
1318 1805 1411 1856 καὶ⁸
1435 1802 1576 1856 θεῖον

110 1899 213 1962 Τὰς
243 1900 514 1968 τέσσαρας
542 1898 654 1952 τῶν
679 1898 891 1969 ἀρετῶν
916 1896 1016 1957 τάς
1047 1898 1274 1964 γενικὰς
1307 1895 1402 1947 καὶ
1427 1895 1670 1965 πρώτας,

109 1987 488 2057 Δικαιοσύνην,
516 1989 804 2060 φρόνησιν,
833 1986 1109 2056 ἀνδρείαν,
1152 1988 1529 2058 σωφροσύνην,

108 2080 180 2130 Δι’
208 2074 285 2132 ὧν
307 2083 400 2131 καὶ
424 2080 620 2149 μέχρις
645 2078 889 2148 οὐρανῶν
914 2078 1096 2130 αὐτῶν
1133 2076 1498 2146 ἑπελαφρίζῃ.

111 2172 213 2222 Καὶ
239 2169 466 2238 φθάνεις
496 2171 574 2231 είς
606 2169 704 2230 τὰς
740 2169 978 2243 ἄντυγας
1010 2169 1109 2231 τὰς
1137 2168 1592 2237 ὑπερουρανίους·

118 2260 278 2313 Ἀλλά
303 2261 400 2312 καὶ
427 2261 644 2323 τούτου,
676 2257 919 2328 βασιλεῦ,
953 2257 1173 2326 ἐπίϐηθι
1198 2257 1290 2310 τοῦ
1323 2257 1516 2327 δίφρου

107 2351 212 2404 Καὶ
243 2350 537 2422 φαίδρυνόν
560 2342 669 2418 ’μου
701 2348 800 2412 τὰς
835 2348 986 2411 ὀδοὺς
1015 2386 1030 2413 ,
1060 2347 1156 2400 καὶ
1177 2347 1385 2418 λάμψον
1421 2365 1522 2418 μου
1549 2350 1668 2412 ταῖς

687 2505 690 2509 _
1344 2427 1608 2510 [τρίόοιςξ

175 2536 293 2588 Οὐκ
311 2533 464 2588 ἀθεεὶ
490 2533 604 2599 σὺν,
637 2527 879 2604 βασιλεῦ,
913 2529 1186 2585 ἐσκεύασα
1207 2531 1299 2584 τὸν
1321 2532 1529 2602 δίφρον,

107 2628 220 2680 Ούκ
255 2626 406 2681 ἀθεεὶ
429 2627 556 2690 τοὺς
583 2625 784 2688 ῐππους
815 2623 1012 2678 τούτου
1045 2607 1460 2694 ὑπεζευξάμηνο

107 2720 218 2772 Ούκ
248 2717 398 2772 ἀθεεὶ
424 2718 551 2779 τοὺς
584 2716 840 2788 χαλινοὺς
863 2714 1088 2778 τούτους
1113 2715 1526 2787 εύηρμοσάμ.ην⁸

106 2803 221 2863 Οὐκ
245 2810 398 2863 ἀθεεὶ
421 2807 520 2880 τὴν
546 2807 756 2878 ἄντυγα
775 2809 980 2879 ταύτην
1011 2809 1374 2879 ὲγυρωσάμην
1392 2823 1406 2838 ο

105 2900 226 2953 Τῶν
249 2901 526 2970 ἐσομένων
549 2901 735 2954 ἄθλων
761 2917 854 2953 σου
870 2902 1075 2969 ιμάντις
1102 2902 1131 2953 ὀ
1157 2899 1344 2969 δίφρος
1377 2894 1531 2964 οὗτος
1554 2916 1569 2932 ο

103 2993 187 3045 Τά
213 2991 461 3059 τέσσαρα
481 2993 590 3062 γάρ
624 2992 871 3061 κλίματα,
894 2991 993 3060 τῆς
1022 2992 1148 3060 ὅλης
1177 2985 1460 3060 περιγείου

117 3078 207 3142 Ὠς
252 3077 461 3142 πώλους
493 3079 731 3148 ταύρους
769 3076 1084 3147 τέσσαρας,
1127 3077 1204 3141 ὡς
1247 3079 1535 3150 δυσηνίους
1583 3081 1674 3135 ἴπ-

651 3161 656 3170 :
1235 3219 1242 3228 ,
1436 3169 1602 3244 [πους

103 3261 220 3332 Τῆς
248 3260 486 3330 ζεύγλης
507 3261 609 3332 τῆς
642 3261 961 3330 Ῥωμαῖκῆς
992 3245 1462 3329 καθυποστρῶσας
1512 3263 1682 3332 τύχης

171 3422 288 3480 Cur
313 3425 409 3476 hoc
440 3420 592 3491 facis,
617 3421 928 3489 imperator,
956 3417 1108 3469 hocce
1122 3417 1206 3471 die
1225 3417 1407 3486 gaudii
1425 3419 1679 3476 .’siccisne

103 3517 274 3572 oculis
296 3530 398 3578 me,
422 3512 644 3566 Romam
665 3525 780 3580 quae
806 3518 854 3562 te
877 3509 1072 3582 nutrio,
1096 3507 1391 3577 plorantem
1412 3511 1633 3566 sustines
1651 3511 1679 3565 7

102 3607 239 3662 nihil
261 3606 332 3658 ad
357 3613 406 3658 te
422 3604 560 3673 quod
587 3612 820 3672 tempore
842 3597 1040 3651 latitia
1060 3596 1179 3659 sola
1201 3613 1350 3666 gemo
1365 3600 1391 3652 7
1410 3599 1474 3654 In
1494 3599 1686 3657 animo

101 3692 440 3756 eratslwtari,
467 3699 516 3742 et
547 3705 659 3743 ecce
688 3689 860 3759 lugeo;
887 3686 1129 3756 plausum
1152 3687 1302 3753 dare,
1333 3697 1383 3742 et
1416 3706 1530 3746 ecce
1550 3708 1675 3748 man-

104 3801 234 3850 rro;
279 3792 492 3837 cantum
540 3790 719 3835 texere
771 3778 1028 3844 volebam,
1065 3788 1113 3833 et
1157 3782 1368 3835 nzxrori
1407 3783 1670 3852 indulgeo.

106 3875 169 3929 Ut
213 3873 344 3944 quid
377 3871 626 3942 gaudium
670 3873 844 3923 meum
883 3871 1124 3932 destruis,
1174 3869 1418 3934 ltetitiam
1485 3873 1673 3927 deles?

98 3965 382 4034 Quadriga
409 3970 515 4016 stat
547 3961 711 4024 nuda,
738 3969 794 4012 tu
814 3961 951 4012 enim
986 3959 1201 4029 pedibus
1225 3961 1461 4025 incedis;
1479 3964 1670 4033 quippe

102 4065 159 4108 tu
193 4054 498 4115 ascendere,
532 4052 759 4105 habenas
783 4065 978 4118 regere,
1005 4050 1061 4103 in
1085 4057 1244 4102 curru
1271 4052 1509 4106 sublimis
1528 4054 1670 4106 cerni

101 4157 344 4195 recusas.
385 4142 609 4195 Summa
650 4140 759 4192 hinc
801 4138 1029 4206 injuria,
1068 4139 1350 4208 pessimum
1381 4143 1475 4195 hoc
1498 4157 1673 4196 exem-

103 4237 280 4302 plum.
608 4270 610 4272 τ
1077 4273 1081 4277 .
1312 4240 1315 4242 ’

173 4362 393 4418 Exaudi
429 4373 527 4430 me,
568 4366 874 4434 imperator,
916 4379 1140 4428 servam,
1186 4379 1371 4416 novant
1406 4361 1668 4430 Romam;

98 4456 301 4511 exaudi
317 4455 599 4509 clamorem
611 4472 799 4520 meum,
823 4465 872 4508 et
895 4472 1107 4508 currum
1132 4456 1340 4510 tandem
1363 4459 1666 4524 conscende,

99 4559 151 4603 et
192 4550 311 4603 vias
339 4565 482 4603 meas
522 4565 766 4619 processu
807 4556 895 4602 tuo
922 4549 1101 4602 divino
1132 4547 1368 4603 illustra.
1403 4549 1516 4604 Tibi
1543 4560 1668 4605 sunt

98 4659 198 4711 pro
234 4656 398 4694 curru
431 4641 488 4694 in
517 4641 822 4710 praecordiis
868 4648 1097 4710 quatuor
1115 4641 1329 4694 virtutes
1348 4642 1666 4706 cardinales,

61 4769 63 4773 ι
92 4733 342 4804 justitia,
380 4730 755 4801 intelligentia,
801 4730 1083 4799 fortitudo,
1125 4730 1427 4799 prudentia,
1461 4747 1578 4799 quae
1619 4740 1669 4784 te

98 4826 171 4878 ad
220 4823 410 4878 cretum
437 4839 602 4894 usque
640 4823 880 4888 evehunt,
915 4821 1102 4893 plagas
1139 4821 1365 4875 caelestes
1413 4837 1672 4890 peragra-

101 4926 309 4967 turum.
353 4911 455 4966 Sed
483 4915 677 4990 huncce
705 4926 909 4980 quoque
942 4910 1244 4973 conscende,
1284 4911 1595 4979 imperator,
1621 4919 1670 4965 et

103 5005 226 5056 vias
265 5013 312 5054 et
339 5003 617 5073 quadrivia
642 4994 837 5054 lumine
867 5007 954 5050 tuo
980 4998 1255 5064 collustra.

175 5135 310 5189 Non
349 5137 462 5201 sine
497 5139 714 5189 deorum
756 5134 988 5203 auspicio
1025 5149 1238 5187 currum
1280 5139 1465 5204 paravi
1500 5146 1668 5204 tuum,

97 5243 268 5299 equos
317 5225 523 5294 subegi,
579 5227 732 5294 frena
787 5225 1085 5293 composui,
1139 5227 1462 5280 machinam
1491 5229 1671 5284 orbitis

99 5316 366 5385 adaptavi
390 5330 409 5368 :
432 5315 774 5368 victoriarum
810 5331 939 5384 quas
971 5314 1260 5386 reportabis
1298 5317 1356 5368 in
1385 5327 1669 5387 posterum,

100 5412 189 5463 hic
242 5421 427 5458 currus
470 5404 600 5472 felix
666 5422 838 5475 augur
866 5408 1089 5460 exsistit.
1125 5405 1204 5460 Tu
1233 5416 1459 5478 quatuor
1486 5413 1672 5465 mundi

97 5498 300 5571 plagas
343 5503 399 5547 ut
442 5505 668 5563 quatuor
703 5495 874 5564 pullos
915 5495 1127 5565 equinos
1168 5495 1303 5565 freni
1336 5499 1672 5566 impatientes

102 5591 340 5660 fortuna:
366 5580 620 5635 Romana:
653 5585 910 5637 machina:
946 5584 1232 5636 substernis
1274 5591 1323 5638 et
1367 5602 1462 5639 ora
1490 5602 1673 5642 eorum

443 5673 710 5735 νήπιοι..
758 5678 870 5738 Gn.
919 5677 1234 5740 CXXXIII.

1781 433 1887 484 Καὶ
1917 430 2102 484 πᾶσαν
2128 427 2226 495 τὴν
2253 424 2529 494 περίγειον
2569 420 2980 484 καθυποτάξαις
3009 420 3184 490 λῆξιν.

1847 521 2053 592 Ξέρξης
2082 522 2110 573 ὁ
2135 519 2371 586 Πέρσης,
2405 513 2648 584 βασιλεῦ,
2683 511 2795 564 ὁτὲ
2824 511 2996 564 πολλά
3029 514 3347 584 κομπάσας,

1775 615 2024 684 Κοτύλην
2049 613 2179 683 μίαν
2200 609 2391 671 ὓδατος
2415 609 2507 662 καὶ
2525 606 2781 676 χώματος
2804 607 2998 676 ἑτέραν

1777 706 2018 774 Αίτήσας
2047 705 2110 755 ἐκ
2139 702 2239 770 τῆς
2261 700 2385 754 καθ’
2414 701 2446 768 ἡ
2457 699 2562 768 μᾶς
2595 697 2692 751 οὐκ
2724 695 2915 750 ἔλαϐεν
2953 697 3205 764 Ἑλλάδος
3225 716 3240 731 ο

1779 794 1852 848 Σὺ
1888 793 1966 857 δὲ,
2012 790 2482 861 μεγαλουργότατε
2509 787 2616 841 τῶν
2649 788 2815 840 πάλαι
2842 787 3130 856 βασιλέων,

1780 885 1893 953 Τὴν
1923 883 2084 952 ὓϐριν
2108 867 2472 951 ἀμειϐόμενος
2503 877 2603 946 τῆς
2637 878 2902 945 ἀσελγοῦς
2923 881 3206 950 Περσίδος,

1793 974 1939 1026 ’Δντὶ
1965 972 2195 1040 κοτύλης
2230 970 2422 1048 ὕδατος
2460 970 2582 1022 ὅλον
2611 970 2916 1039 λαμϐάνεις
2949 972 3154 1028 Ἀλυνο

1793 1062 1938 1115 Ἀντὶ
1985 1062 2183 1131 μικροῦ
2209 1060 2263 1113 δὲ
2288 1062 2565 1129 χώματος,
2589 1061 3043 1132 ἀπειροπλήθους
3060 1047 3309 1135 ’χώρουςτ

1780 1143 2060 1214 Τοσαύτας
2079 1152 2134 1203 δὲ
2163 1149 2460 1211 τετελεκὼς
2490 1149 2752 1221 λαμπρὰς
2772 1153 3167 1222 ἀνδραγαθίας,

1779 1244 1984 1299 est"),
2007 1244 2305 1312 τέθριππον
2341 1244 2510 1312 ἀρνῇς
2552 1243 2647 1294 καὶ
2686 1244 2782 1312 τὴν
2817 1244 3217 1318 διφρηλασὶανς

1778 1333 1873 1403 Μὴ
1893 1333 2052 1387 τοῦτο
2090 1334 2313 1404 δράσῃς,
2365 1331 2606 1400 βασ;λεῦ,
2644 1336 2719 1402 μὴ
2763 1334 2897 1404 πρὸς
2945 1337 3054 1390 τῶν
3088 1339 3195 1391 σῶν
3225 1357 3352 1410 τρο-

3045 1427 3274 1499 [παίων.

1745 1589 1748 1594 _
1852 1512 1926 1566 Τδ
1946 1513 2089 1568 θεῖον
2115 1516 2288 1584 ἅρμα,
2319 1515 2565 1584 βασιλεῦ,
2607 1521 2639 1589 ἠ
2678 1520 2941 1588 νοουμὲνη
2974 1522 3172 1586 κτίσις,

1788 1605 1856 1660 ’0
1879 1611 1972 1660 καὶ
2011 1607 2403 1676 μυριοπλάτιόν
2424 1625 2590 1676 φησιν
2611 1611 2637 1660 ὁ
2676 1609 3114 1680 Ψαλμογράφος,

1775 1701 2248 1772 Συνεστρατεῦταν
2279 1701 2415 1771 μετὰ
2439 1702 2532 1754 σοῦ
2569 1704 2661 1756 καὶ
2692 1706 3184 1775 συναποδημῆσαν,

1788 1794 2066 1847 τΕδύθισέν
2103 1810 2185 1846 σοι
2217 1794 2315 1864 τὴν
2348 1795 2557 1865 πληθὺν
2601 1797 2711 1848 τῶν
2743 1799 3026 1868 Περσικῶν
3054 1800 3345 1870 ἁρμάτων,

1786 1886 2089 1939 Ἐπόντωσέ
2122 1903 2202 1939 σοι
2244 1887 2372 1945 τοὺς
2409 1887 2611 1950 ἵππους
2638 1887 2738 1958 τῆς
2769 1891 2951 1960 ’Ἅγαρ
2983 1893 3077 1945 καὶ
3109 1893 3339 1963 τριστά-

3169 2003 3270 2049 τας

1742 2069 1886 2121 .Ούκ
1949 2069 2216 2140 Ἐρυθρὰν
2257 2072 2336 2129 είς
2395 2069 2692 2134 θάλασσαν,
2736 2071 2857 2126 ἀλλ’
2893 2051 2974 2136 είς
3026 1984 3342 2129 mgni»

3026 2162 3221 2234 [Ἅλυν
3245 2179 3260 2195 ’

1771 2253 1882 2306 Καὶ
1907 2250 2002 2306 νῦν
2041 2252 2394 2322 συνεπιϐῆναί
2421 2268 2502 2304 σοι
2536 2251 2730 2306 τούτου
2754 2252 2846 2307 τοῦ
2885 2255 3076 2324 δίφρου
3109 2255 3256 2309 θέλει
3281 2272 3296 2287 ο

1769 2343 1862 2414 Μὴ
1889 2342 2021 2411 γοῦν
2045 2339 2382 2407 πεζεύουσαν
2409 2343 2599 2411 αὐτὴν,
2625 2338 2956 2418 σκηπτοῦχε,
2995 2348 3338 2420 παραλίπῃςο

1775 2433 1930 2502 Ἔχει
1962 2434 2084 2502 μὲν,
2116 2429 2254 2500 οῖδα,
2283 2436 2351 2488 τὰ
2372 2436 2548 2507 πτερά
2571 2435 2727 2506 δίκην
2751 2437 2952 2508 πτηνοῦ
2976 2438 3306 2509 τεθρίππου,

1782 2525 1926 2577 Ἀλλ’
1943 2524 2266 2598 ἀποδέχεται
2299 2525 2396 2587 σὺν
2433 2517 2515 2581 σοὶ
2548 2529 2724 2599 χαμαὶ
2757 2528 3180 2600 διφρηλατῆσαι.
3263 2547 3265 2549 ‘

1851 2616 2302 2687 ’Evbéxs-cai'cou,
2336 2615 2581 2686 βασιλεῦ,
2619 2619 2679 2670 τὸ
2713 2617 2872 2688 σῶμα
2901 2619 2961 2672 τὺ
2981 2620 3248 2686 γενναῖον,

1772 2710 1885 2781 Τὴν
1915 2711 2094 2780 σάρκα
2123 2710 2222 2776 τὴν
2247 2707 2593 2780 πολύμοχθον
2620 2709 2712 2762 κα)⁵
2743 2708 2844 2780 τὴν
2882 2710 3280 2782 ἀδαμαντίνην,

1771 2801 1997 2865 Πολλοῖς
2021 2801 2363 2857 παλαίσασαν
2389 2803 2620 2872 κρυμοῖς
2652 2802 2744 2854 καὶ
2775 2801 3004 2856 θάλπεσι
3035 2804 3264 2872 μυρίοις.

1777 2895 2065 2968 νομϐροις,
2111 2893 2273 2966 χιόσι,
2306 2895 2559 2963 νιφετοῖς,
2591 2891 2877 2964 χαλάζαις,
2924 2895 3177 2965 πάχναις,
3211 2895 3339 2965 δρό-

1697 2993 1744 3053 c
3106 2984 3268 3058 [σοις.

1749 3134 1755 3140 ,
1791 3079 1997 3150 ’As’pwv
2026 3076 2369 3142 ἀλλοιώσεσι,
2399 3075 2494 3130 καὶ
2516 3076 2696 3157 τόπων
2725 3074 3050 3148 δυσχωρίαις
3071 3095 3085 3111 ο

1779 3170 2030 3225 Τοσαῦτα
2062 3169 2404 3223 κοπιάσασαν
2428 3170 2487 3222 ὲν
2517 3169 2717 3238 μάχαις
2756 3169 2849 3222 καὶ
2881 3169 3137 3238 πολέμοις
3156 3191 3171 3204 ·
3252 3215 3262 3218 _

1783 3258 2031 3313 Τοσαῦτα
2062 3257 2204 3326 φῦλα
2231 3257 2482 3326 βάρϐαρα
2507 3257 3062 3330 καταδουλωσαμένην

1777 3415 2065 3488 refrenabis
2092 3414 2254 3468 donec
2278 3409 2545 3482 regionem
2568 3415 2794 3469 vicinam
2818 3425 2982 3473 totam
3004 3427 3107 3474 tum
3126 3423 3339 3482 ditionis

1772 3507 1981 3578 feceris.

1839 3594 2034 3650 Xerxes
2072 3593 2261 3658 Persa,
2301 3593 2535 3663 famosus
2576 3595 2874 3664 jactatione
2911 3615 3030 3661 sua,
3075 3618 3106 3653 a
3131 3601 3334 3657 (ἑταιρία

1771 3696 1955 3744 nostra
2003 3684 2284 3757 paululum
2334 3701 2486 3757 aqua:
2545 3693 2596 3739 et
2637 3686 2843 3756 glebam
2904 3691 3178 3759 postulans
3233 3711 3338 3748 non

1770 3778 1999 3848 accepit;
2045 3786 2103 3832 tu
2141 3785 2316 3831 autem
2364 3778 2456 3847 qui
2494 3774 2702 3844 majora
2742 3779 2880 3833 hisce
2916 3783 3097 3850 priscis
3135 3787 3337 3854 regibus

1767 3868 1956 3938 fecisti,
1985 3885 2018 3922 a
2048 3865 2226 3923 Persis
2265 3870 2500 3940 superbis
2546 3887 2650 3924 non
2689 3888 2780 3926 uas
2811 3888 2948 3941 aqua
2989 3873 3222 3943 plenum,
3247 3879 3338 3930 sed

1770 3957 1936 4010 totum
1955 3955 2132 4026 Halyn
2148 3959 2436 4021 extorsisti,
2461 3965 2511 4012 et
2536 3976 2632 4029 pro
2652 3959 2802 4028 gleba
2828 3960 3084 4028 plurimas
3102 3967 3336 4034 regiones

1772 4045 1866 4098 tibi
1882 4046 2165 4115 subjecisti.
2189 4046 2290 4111 Qui
2315 4049 2479 4115 igitur
2497 4065 2578 4101 res
2603 4058 2782 4103 tantas
2812 4052 2993 4117 fecisti,
3020 4058 3334 4124 quadrigam

1772 4137 2115 4191 conscendere
2143 4151 2395 4207 pernegas
2411 4137 2445 4188 ."
2455 4137 2605 4190 Bona
2631 4138 2782 4191 verba
2805 4154 2994 4206 qua'so,
3017 4143 3334 4211 imperator;

1771 4228 2183 4299 per-triumphos
2212 4238 2327 4281 tuos
2356 4235 2404 4281 te
2431 4228 2772 4283 obtestamur.

1702 4326 1747 4381 ι)
1845 4315 2042 4372 Currus
2079 4317 2311 4380 divinus,
2357 4317 2667 4386 imperator,
2714 4320 2910 4372 creatio
2943 4319 3329 4386 intellectualis,

1768 4429 1922 4483 quem
1964 4405 2251 4467 Pealmista
2279 4411 2622 4482 multiplicem
2647 4412 2914 4476 describit,
2950 4416 3136 4483 quique
3165 4421 3332 4469 tecum

1765 4498 1820 4555 in
1844 4501 1977 4555 bello
2000 4508 2049 4555 et
2071 4501 2212 4572 apud
2235 4501 2556 4571 alienigenas
2582 4500 2705 4576 fuit,
2739 4504 2986 4556 curruum
3004 4500 3334 4556 Persicorum

1769 4591 2134 4661 prxgrandem
2169 4605 2444 4644 numerum
2481 4594 2536 4643 in
2569 4607 2714 4644 mare
2745 4591 3111 4661 precipitavit,
3149 4593 3335 4661 Agaris

1768 4691 1943 4734 autem
1966 4695 2121 4749 equos
2143 4687 2193 4733 et
2221 4681 2537 4749 megistanas
2564 4696 2669 4733 non
2698 4681 2751 4733 in
2782 4680 3015 4734 Rubrum
3043 4697 3210 4744 mare,
3239 4681 3333 4734 sed

1767 4772 1821 4823 in
1843 4771 2015 4839 ipsum
2044 4768 2226 4841 Halyn
2253 4771 2492 4839 projecit.
2522 4770 2672 4825 Nunc
2707 4788 2827 4825 uero
2881 4780 2932 4825 te
2968 4774 3108 4837 decet
3139 4770 3329 4824 sellam

1767 4876 2040 4930 occupare,
2096 4859 2299 4924 (ἔωσε.
2359 4877 2524 4930 neque
2579 4863 2790 4927 pedibus
2827 4863 3086 4916 incedere.
3152 4859 3326 4914 Viden‘

1769 4954 2108 5006 machinam?
2144 4960 2389 5022 quatuor,
2419 4963 2478 5007 ut
2503 4955 2760 5024 quadriga
2790 4954 2904 5007 alas
2933 4953 3110 5016 habet;
3138 4952 3245 5017 sed,
3275 4959 3325 5004 te

1770 5044 1917 5107 duce,
1939 5047 2040 5098 iter
2061 5052 2306 5098 terrestre
2327 5061 2433 5098 non
2455 5048 2734 5110 recusabit.
3047 5117 3049 5119 ι

1842 5134 2041 5202 Corpus
2086 5142 2234 5187 tuum
2279 5136 2449 5189 nobile
2495 5138 2549 5190 in
2620 5137 2773 5197 hocce
2830 5151 2988 5187 curru
3049 5134 3322 5204 paululum
3388 5135 3430 5159 ·’

1772 5242 1981 5296 repone,
2035 5224 2174 5294 quod
2222 5241 2487 5284 aerumnas
2540 5226 2790 5296 plurimas
2841 5241 3156 5294 perpessum,
3212 5242 3362 5288 cum,

1773 5317 1984 5386 frigore.
2015 5324 2164 5378 testu,
2185 5316 2368 5378 imbre,
2398 5316 2531 5378 nive,
2549 5318 2824 5385 grandine,
2864 5317 3099 5371 omnibus
3116 5316 3334 5387 denique

1775 5408 1891 5460 cmli
1938 5389 1987 5460 et
2011 5395 2148 5458 aeris
2195 5403 2629 5458 vicissitudinibus
2669 5416 2717 5458 et
2768 5407 2997 5460 locorum
3051 5409 3336 5476 asperitate
3380 5392 3382 5394 ⁷

1775 5487 2107 5566 φιιὶιείαυὶες
2139 5497 2275 5566 quod
2303 5497 2359 5549 in
2384 5496 2579 5565 praeliis
2630 5515 2690 5550 ac
2719 5498 2863 5552 bellis
2896 5506 2967 5552 tot
2995 5499 3336 5552 barbarorum

1777 5591 1992 5652 aqmina
2028 5587 2253 5655 subegit,
2297 5594 2460 5639 totam
2499 5585 2736 5641 Persium
2785 5590 2841 5642 in
2886 5590 2992 5642 ictu
3026 5589 3161 5643 oculi
3197 5590 3337 5644 vicit.

2783 5681 2857 5740 44
