4002 6332
576 168 709 232 1391

961 305 985 343 ι
1089 283 1184 336 ΙΖ’.
1216 287 1319 350 Εἰς
1351 288 1412 340 τὸ
1441 287 1613 342 aveo.

573 376 904 440 Ἐϐάπτισάς
931 394 1018 446 με,
1055 377 1298 446 βασιλεῦ,
1327 377 1427 448 τὴν
1445 379 1638 449 δούλην
1677 380 1805 434 νέαν
1836 380 2056 452 Ῥώμην

555 469 849 540 Θαλάσσης
867 469 995 538 ὅλης
1019 469 1237 537 ἀγαθῶν
1262 471 1358 524 καὶ
1390 470 1543 533 ὅλαις
1574 475 1777 540 πηγαῖς
1802 474 2081 542 τροπαίων
2101 489 2113 502 ·

561 568 652 637 Τῷ
689 568 878 637 κράτει
906 560 1333 636 συνεργούμενος
1355 567 1448 620 τοῦ
1476 566 1570 620 νῦν
1599 568 2029 638 βαπτιζομένου,

574 658 906 728 Ἐνέπλησάς
930 677 996 728 με
1031 658 1439 727 σκυλευμάτων,
1471 655 1770 728 ἐνέπλησας
1801 660 2080 730 λαφύρων,

561 750 768 812 Πολλὰς
793 767 882 820 μοι
904 750 1285 814 καθυπέταεας
1325 751 1509 813 πόλεις
1531 751 1699 804 ὲθνῶν
1734 753 1826 805 καὶ
1856 750 2062 822 χώρας,

562 844 668 907 Τάς
695 844 847 907 νίκας
869 842 1192 905 ἀνεϐίϐασας
1224 843 1364 913 ὑπὲρ
1383 844 1481 911 τὴν
1514 845 1758 916 κορυφήν
1786 829 1908 914 pou.

575 934 990 1005 Ἐκπέπλησμαί
1051 951 1144 988 σου
1171 934 1280 989 τῶν
1306 931 1505 1000 καλῶν,
1537 936 1696 1006 ἀρκεῖ
1726 953 1817 1005 μοι
1848 935 2011 1006 μέχρι
2039 952 2122 988 τιο

1892 1026 2027 1098 [νός.

564 1120 749 1191 Πάσης
771 1121 1084 1192 κεκράτηκα
1113 1123 1350 1191 Δυσμῆς,
1379 1121 1475 1192 τῆς
1500 1121 1673 1192 Ἑῴας
1705 1120 1964 1190 κυριεύω.

563 1213 772 1282 Σκύθης
790 1231 880 1278 μοι
893 1213 1359 1282 κλίνειτράχηλον,
1377 1216 1469 1266 καὶ
1485 1213 1699 1282 Πέρσης
1717 1228 1782 1280 με
1799 1212 2116 1282 προσκυνεῖ,

567 1305 675 1359 Καὶ
724 1307 872 1358 πᾶσα
909 1304 1129 1373 γλῶσσα
1170 1304 1264 1357 καὶ
1294 1304 1436 1373 φυλὴ
1489 1305 1822 1373 προσπίπτει
1853 1305 1964 1367 τοῖς
1995 1302 2122 1356 ποσί

1888 1391 2044 1465 [μου.

568 1487 752 1541 Ταῦτά
776 1505 867 1555 μοι
892 1487 1068 1540 πάντα
1096 1485 1356 1550 δέδωκας,
1383 1485 1631 1555 ὁμολογῶ
1661 1485 1756 1555 τὴν
1778 1485 1960 1556 χάριν,

569 1580 679 1633 Νῦν
708 1577 926 1647 χάρισαί
958 1594 1047 1646 μοι
1074 1578 1167 1628 καὶ
1197 1577 1412 1641 σαυτὸν,
1437 1576 1522 1639 δὸς
1563 1577 1656 1629 καλ⁵
1686 1575 1782 1647 τὴν
1816 1575 1910 1646 σὴν
1935 1575 2116 1647 ιίδὲιιν.

1745 175 2048 234 TIIE’JDO
2059 176 2136 235 ιιι
2193 177 2586 240 PRODROMI

3664 183 3806 244 1392

2147 298 2198 354 Α
2231 295 2416 364 Ἔχεις
2448 296 2658 348 ἐκεῖθεν
2686 297 2839 366 ἥλιον
2865 297 2954 348 τὸν
2984 297 3079 365 τῆς
3115 296 3462 368 δικαιοσύνης
3488 337 3505 364 ,

2231 387 2302 438 Τὸ
2335 387 2428 440 τοῦ
2462 389 2668 457 Πατρδς
2705 387 3049 457 ἀπαύγασμα
3083 389 3287 457 γυμνὸν
3321 391 3376 443 ἐν
3423 389 3693 459 Ἰορδάνῃ·

2234 479 2420 548 Ἔχεις
2447 480 2698 533 ἐντεῦθεν
2728 481 2879 550 ἣλιον
2911 479 3003 532 τδν
3033 480 3133 550 τῆς
3165 482 3534 551 μονοκρατίας
3559 523 3574 548 ,

2229 573 2334 624 Τὸν
2359 571 2454 624 τοῦ
2492 575 2695 641 πατρὸς
2723 573 2967 642 διάδοχον
2994 571 3250 643 λαμπρὸν
3279 576 3336 626 ὲν
3369 573 3728 645 ἀνακτόροις.

2233 663 2296 714 Ὢ
2325 661 2465 714 πόσα
2486 663 2642 729 φῶτα
2673 664 2911 735 σήμερον
2937 662 3036 732 τὴν
3072 662 3294 730 Ῥώμην
3327 645 3800 736 φρυκτωροῦσινὲ

2231 753 2293 804 Ὦ
2322 751 2481 805 πόσαι
2511 752 2573 805 τὸ
2598 754 2879 824 περίγειον
2905 754 3127 818 ἀκτῖνες
3155 753 3537 825 δᾳδουχοῦσινι

2241 843 2380 897 Ἀλλ’
2409 844 2438 896 ὁ
2467 843 2705 915 Χμστὸς
2738 845 2835 913 μὲν
2865 845 3019 916 ἥλιος
3044 844 3140 899 καὶ
3170 847 3401 915 ποιητὴς
3429 847 3607 916 ἡλίουο

2229 937 2298 990 Σὲ
2321 937 2367 992 δ’
2395 938 2546 1008 ἥλιον
2578 938 2646 990 τὰ
2677 941 2999 1007 πράγματα,
3033 939 3369 1008 σκηπτοῦχε,
3403 936 3759 1008 μαρτυροῦσι
3785 951 3803 966 ⁸

2228 1027 2466 1091 Κυκλοῖς
2491 1029 2599 1099 γάρ
2620 1026 2787 1090 ὅντως
2805 1029 2922 1081 κατ’
2944 1027 3108 1082 αὐτὸν
3127 1029 3235 1081 ἀπὸ
3255 1028 3429 1099 βορρᾱ
3451 1026 3588 1097 πρὸς
3615 1027 3807 1079 νότον·

2243 1120 2333 1186 Ἐξ
2363 1120 2438 1173 ἕω
2469 1120 2675 1190 στρέφῃ
2707 1118 2842 1186 πρὸς
2873 1119 3104 1189 δυσμὰς,
3138 1119 3245 1172 ἀπὸ
3276 1119 3493 1188 δυσμῶν
3524 1120 3669 1191 πρὸς
3698 1119 3805 1172 Eur

2229 1213 2490 1283 Τρέφεις,
2539 1211 2852 1282 πυρσεύεις,
2899 1211 3210 1281 ζωπυρεῖς,
3244 1211 3471 1274 θάλπεις
3509 1213 3638 1276 τοὺς
3692 1212 3809 1264 ὑπ-

3437 1301 3692 1372 [ηκόσυς

2228 1396 2471 1472 Φλέγεις,
2502 1395 2799 1467 ξηραίνεις,
2849 1394 3170 1467 πυρπολεῖς,
3207 1397 3428 1466 τεφροῖς
3466 1396 3811 1457 τοὺς’ὲνανο

3491 1485 3692 1558 [τίουςο

2232 1580 2343 1634 Καὶ
2363 1580 2572 1652 τρέχων
2603 1579 2803 1649 δρόμον
2826 1579 3130 1642 ἄπαυστον,
3149 1577 3372 1648 ἀκάμας
3395 1577 3558 1632 πάλιν
3581 1578 3809 1646 μένεις.

571 1646 716 1732 Τοὺς
737 1646 1126 1730 σκυλευθέντας
1170 1667 1372 1736 ἔϐλεψα
1402 1669 1498 1719 καὶ
1525 1646 1850 1736 νικηθέντας
1887 1646 2126 1738 Πέρσας,
2157 1646 2200 1702 Β
2246 1673 2384 1725 Ἀλλ’
2398 1646 2572 1740 ⁷άςρες,
2605 1646 2742 1736 ἄνα-ξ
2770 1671 2914 1741 ἥλιε,
2954 1671 3151 1741 μικρὸν
3176 1646 3276 1739 τὴν
3313 1669 3612 1735 ἱππασίαν,

542 1755 755 1831 Ἦλέψω
785 1763 876 1814 καὶ
904 1760 995 1814 τὸν
1018 1759 1389 1813 σκυλεύσαντα
1416 1759 1509 1812 καὶ
1531 1759 1756 1829 νικητὴν
1773 1759 2063 1828 δεσπότην.

574 1854 736 1923 Στῆθί
763 1871 852 1923 μοι
879 1852 1017 1906 κατά
1051 1852 1361 1921 πρόσωπον,
1414 1849 1618 1918 πλῆσον
1645 1851 1772 1910 τοὺς
1813 1848 2128 1918 ὀφθαλμούς

1892 1941 2046 2012 [μου.

581 2036 907 2100 Ἐὁάπτισάς
939 2052 1005 2105 με
1032 2036 1335 2105 χαρμονῆς,
1365 2035 1441 2107 μὴ
1471 2037 1616 2107 λύττῃ
1648 2054 1712 2106 με
1740 2035 2033 2105 βαπτέσῃς.

579 2130 786 2200 Ἰδρῶσι
825 2127 1050 2189 ἐλουσάς
1092 2142 1159 2195 με
1186 2127 1320 2193 σοῖς,
1357 2127 1432 2195 μὴ
1461 2125 1696 2195 δάκρυσί
1728 2142 1795 2194 με
1824 2122 2043 2196 λούσῃς.

568 2221 818 2277 Κατάθου
886 2235 977 2272 σου
1008 2217 1098 2271 τδν
1130 2216 1378 2288 θώρακα,
1421 2217 1513 2270 καὶ
1530 2207 1640 2270 ’τὶν
1671 2216 1861 2280 στολὴν
1886 2218 1986 2285 τῆς
2021 2215 2131 2285 μά-

1090 2358 1094 2361 ν
1860 2317 1868 2326 ⁸
1899 2307 2048 2380 [Χηῖν

573 2407 685 2462 Καὶ
704 2408 795 2461 τὸν
827 2403 1084 2476 πρεπώδη
1110 2405 1356 2474 νικηταῖς
1382 2401 1627 2473 ὲνδύθητι
1659 2401 1862 2471 χιτῶνα
1882 2416 1898 2431 °

579 2501 686 2554 Καί
715 2518 803 2569 μοι
831 2498 1122 2566 φυλάττου,
1149 2493 1393 2565 βασιλεῦ,
1425 2494 1584 2564 μέχρι
1608 2495 1808 2556 παντὸς
1830 2493 2020 2557 αἰῶνος
2040 2509 2054 2524 ⁸

573 2592 662 2660 Τῷ
689 2590 893 2659 βασιλεῖ
923 2591 1017 2642 καὶ
1037 2591 1209 2657 τέκνῳ
1237 2604 1332 2640 σου
1366 2588 1676 2656 συγχαίρων
1711 2586 1954 2656 Ἀλεξίῳ,

574 2683 686 2737 Καὶ
713 2683 821 2745 τοῖς
864 2679 1356 2748 σεϐαστοκράτορσι
1400 2680 1492 2730 καὶ
1533 2680 1644 2745 τοῖς
1685 2676 2130 2746 πορφυρογεννή-

1920 2782 2055 2829 τοις,

1920 2782 2002 2818 τοι

575 2867 700 2931 Ταῖς
725 2863 941 2934 ἀριθμῷ
966 2861 1341 2932 τρισσεύουσιν
1370 2860 1495 2926 ἀξια
1529 2766 1918 2930 μονουμένοιςὲ
2007 2782 2033 2827 ς

2247 1764 2589 1817 ’Δνάπαυσον
2622 1764 2750 1825 τοὺς
2777 1762 2980 1825 ἵππους
3011 1778 3130 1829 σου,
3160 1761 3323 1814 λῦσον
3365 1762 3491 1822 τοὺς
3537 1759 3809 1843 χαλινούς

3538 1853 3690 1926 [σου,

2233 1946 2344 2000 Καὶ
2369 1946 2458 2008 δὸς
2484 1947 2548 2016 τῇ
2584 1945 2737 1998 πόλει
2768 1963 2862 1999 σου
2895 1946 3005 2000 τῶν
3030 1946 3139 2000 σῶν
3167 1947 3405 2000 ἀκτίνων
3435 1949 3807 2018 κορεσθῆναι,

2236 2039 2381 2109 Πλὴν
2411 2043 2467 2091 ὲν
2499 2039 2796 2108 συμμέτρῳ
2825 2037 2902 2106 τῷ
2932 2039 3073 2106 φωτὶ
3105 2039 3179 2108 μὴ
3214 2039 3440 2108 πηρωθῇ
3468 2041 3566 2104 τὰς
3612 2038 3806 2110 ὂψεις.

2245 2131 2440 2186 ’Δλλνδ
2467 2130 2672 2200 γυμνὸς
2707 2130 2995 2196 ἱστάμενος
3028 2130 3085 2182 ἐν
3116 2129 3357 2201 Ἰορδάνῃ
3377 2131 3578 2199 Λόγος,

2235 2225 2494 2279 Ἕνδυσαι
2521 2223 2722 2294 κράτος
2752 2220 2966 2292 ἄμαχον
3001 2221 3096 2274 καὶ
3126 2220 3301 2284 ζῶσαι
3334 2222 3661 2277 δυναστείαν

2233 2320 2326 2383 Σὲ,
2360 2317 2700 2388 Περσολέτα,
2740 2313 2964 2384 βασιλεύ
3008 2314 3298 2383 Ῥωμαίων
3337 2315 3596 2384 Ἰωάννη,

2233 2409 2388 2464 Μετά
2425 2407 2519 2461 τοῦ
2548 2407 2892 2474 συμμετόχου
2931 2420 3014 2456 σοι
3045 2403 3140 2456 τοῦ
3175 2404 3412 2474 κράτους
3457 2407 3731 2472 ’Δλεξίου,

2234 2502 2344 2553 Καὶ
2365 2499 2460 2569 τῆς
2490 2498 2707 2568 τριάδος
2735 2497 2834 2564 τῆς
2863 2494 3062 2564 σεπτῆς
3095 2494 3206 2547 τῶν
3247 2494 3806 2568 σεϐαστοκρατὸρων.

2232 2655 2334 2710 10'.
2368 2657 2569 2733 Στίχοι
2608 2654 2913 2733 ἐπιτάφιοι
2946 2652 3026 2732 ξῷ
3067 2655 3445 2733 agrariorum
3493 2655 3816 2733 ξορριφο-

2282 2726 2568 2795 fer-ierim)
2599 2726 2694 2795 καί
2721 2722 2976 2795 ,ϐασιλεῖ
2997 2722 3156 2789 κυρῷ
3191 2723 3438 2791 Ἰωάννῃ
3460 2722 3538 2787 τῷ
3567 2722 3814 2795 Kays-n-

2302 2790 2407 2857 ea,
2442 2793 2522 2857 ὡς
2555 2793 2673 2845 ἀπὸ
2706 2790 3009 2860 κειμένου.

571 2958 710 3013 Μεθ’
741 2951 816 3012 ὧν
843 2957 1111 3025 φυλάττου
1142 2953 1389 3025 γεγηθὼς
1413 2945 1719 3021 εὑρώστῶς,
1751 2949 2078 3011 ἀκυνδύνως.
2160 2980 2202 3038 C
2247 2949 2445 3020 Ὀφρῖις
2478 2957 2684 3018 βροτων
2721 2947 2815 3000 καὶ
2845 2947 3012 3016 τῦφος
3041 2948 3273 3019 ἀρχικοῦ
3305 2951 3542 3020 κράτους

1077 3091 1184 3146 ιη’.
1224 3093 1328 3158 Εἰς
1353 3090 1417 3144 τὸ
1447 3085 1616 3144 αὐτό.

573 3232 831 3296 Φωτίζου,
861 3231 1011 3293 πόλις
1043 3227 1303 3298 Ῥωμαῖς,
1336 3227 1500 3280 πάλιν
1527 3225 1659 3295 ἐρῶ,
1689 3223 1953 3293 φωτίζουο

577 3324 802 3386 Διπλαῖς
831 3324 1069 3390 αὑγάζου
1101 3324 1218 3382 ταῖς
1248 3321 1443 3386 αὐγαῖς
1483 3319 1549 3371 ὲκ
1578 3317 1672 3371 δύο
1697 3317 1808 3370 τῶν
1840 3316 2028 3387 ἡλίων.

528 3484 537 3492 ’
573 3498 715 3546 sorte
745 3486 925 3540 Alexio
952 3451 1189 3555 protegas
1231 3499 1336 3535 una
1366 3498 1483 3535 cum
1527 3479 1772 3549 Augustis
1814 3476 2036 3547 Iamilitz
2079 3483 2128 3528 et

578 3577 913 3647 Purpuratis.

1179 3661 1337 3715 XVII.
1383 3660 1537 3713 Item.

651 3753 960 3822 Baptizasti,
1009 3752 1312 3815 imperator,
1349 3761 1429 3797 me
1485 3745 1704 3818 Romam
1757 3757 1944 3793 novam
1989 3751 2137 3792 tuam

585 3845 834 3898 ancillam
862 3843 916 3892 in
942 3838 1175 3892 omnibus
1234 3836 1397 3886 maris
1442 3833 1585 3884 bonis
1637 3840 1685 3882 et
1717 3831 1964 3898 tropa'is;
2017 3829 2139 3880 dein

582 3932 760 3993 spoliis
793 3947 853 3983 ac
885 3927 1066 3998 pra'da
1125 3939 1206 3978 me
1267 3920 1616 3989 locupletasti,
1661 3917 1957 3984 multasque
1995 3916 2143 3967 urbes

584 4042 645 4077 ac
671 4024 901 4091 regiones
931 4019 1166 4072 inimicas
1206 4021 1362 4067 antea
1387 4007 1523 4066 mihi
1561 4009 1845 4077 subjccisli,
1870 4008 1922 4058 in
1949 4013 2136 4074 caput-

582 4132 678 4177 que
711 4112 1044 4166 victoriarum
1076 4106 1273 4175 pondus
1329 4101 1630 4158 cumulasti.
1688 4114 1750 4151 ac
1805 4094 1922 4165 plus
1977 4109 2137 4160 quam

2236 3042 2347 3094 Καὶ
2370 3040 2642 3108 κοσμικῆς
2671 3039 2902 3109 φύσημα
2929 3040 3193 3110 λαμπρᾶς
3217 3039 3398 3104 ἀξίας,

2251 3132 2345 3184 Ἐκ
2369 3132 2477 3183 τῶν
2515 3131 2663 3198 ὲμῶν
2695 3131 2934 3198 μαθόντα
2968 3131 3065 3191 τὰς
3099 3129 3312 3196 θνητῶν
3337 3131 3507 3200 τύχας
3529 3169 3546 3195 ,

2238 3223 2427 3290 Χαμαὶ
2458 3222 2700 3290 φρονεῖτε
2728 3233 2741 3248 δ
2776 3221 2882 3280 πᾶς
2917 3219 3030 3288 γὰρ
3059 3219 3234 3283 ἐξίσου
3261 3221 3447 3287 νέκυς.

2238 3313 2350 3366 Καὶ
2377 3310 2574 3371 πάντες
2605 3311 2712 3360 υἱοὶ
2745 3310 2844 3375 τῆς
2878 3306 3109 3376 ῥοώδους
3136 3305 3344 3367 οὐσίας.

2236 3473 2477 3528 bissolari
2505 3470 2799 3540 splendore,
2821 3468 3012 3521 habens
3046 3483 3151 3520 una
3178 3483 3241 3520 ex
3261 3475 3410 3538 parte
3446 3473 3617 3538 patris
3666 3476 3813 3529 nito-

2240 3582 2350 3619 rem
2376 3569 2512 3618 circa
2536 3562 2842 3618 Jordanem.
2873 3575 2936 3612 ex
3001 3560 3172 3614 altera
3201 3559 3363 3614 solem
3404 3566 3805 3633 monarchismi,

2242 3658 2428 3725 patris,
2465 3657 2700 3721 inquam,
2725 3650 2973 3703 celebrem
3015 3652 3068 3701 in
3128 3667 3286 3719 regno
3329 3667 3702 3709 successorem.
3762 3660 3814 3710 0

2235 3746 2437 3798 lumina
2462 3743 2688 3812 pretiosa
2718 3755 2833 3808 qua
2884 3739 3106 3792 Romam
3149 3743 3242 3792 hoc
3277 3741 3359 3792 die
3403 3742 3728 3799 illustratis!
3766 3748 3815 3803 ο

2238 3835 2379 3887 radii
2405 3833 2578 3884 orbem
2602 3829 2906 3882 soiemniter
2961 3827 3367 3889 collustrantes!
3424 3831 3517 3884 Est
3564 3833 3815 3889 Christus

2239 3920 2449 3988 quidem
2480 3920 2588 3985 ipse
2619 3916 2697 3968 sol
2721 3924 2767 3967 et
2802 3913 2925 3968 solis
2970 3917 3238 3981 conditor;
3270 3925 3318 3968 te
3365 3928 3560 3984 autem,
3597 3922 3812 3992 Cazsar,

2241 4023 2400 4077 opera
2424 4014 2513 4059 tua
2545 4015 2600 4058 ut
2629 4005 2790 4058 solent
2833 4004 3130 4058 declamant
3154 4023 3172 4060 :
3210 4026 3241 4060 a
3280 4011 3628 4076 septentrione
3665 4019 3813 4070 enim

2242 4113 2402 4168 usque
2423 4098 2491 4150 ad
2528 4106 2786 4162 austrum,
2813 4097 2876 4150 ab
2916 4097 3113 4150 oriente
3152 4097 3220 4150 ad
3243 4099 3550 4152 occidentem
3577 4104 3817 4157 circum-

583 4176 708 4269 opus
732 4209 846 4255 erat
875 4199 1174 4252 divitiarum
1210 4193 1498 4247 contulisti.
1523 4192 1677 4244 Totus
1706 4188 1974 4244 Occidens,
2003 4195 2136 4236 totus
2245 4176 2514 4241 τεπαηὲιιδ
2563 4189 2660 4240 im-
2709 4198 2856 4239 ηηηη
2912 4187 3157 4256 perﬁcis;
3189 4197 3340 4242 terra,
3379 4191 3573 4245 incolas
3606 4200 3811 4263 nam."

583 4295 764 4346 Oriens
798 4290 919 4340 mihi
965 4295 1131 4355 paret.
1163 4283 1352 4353 Scytha
1385 4283 1631 4334 certicem
1682 4279 1926 4340 reclinat,
1973 4276 2137 4328 Persa
2164 4343 2210 4355 ﬁ
2245 4278 2511 4348 calefacis,
2541 4279 3096 4348 inspiras;comburis,
3121 4281 3434 4344 exsiccas,in
3467 4285 3698 4338 cinerem
3731 4306 3816 4342 re.h

584 4400 753 4452 genua
783 4382 972 4450 ﬂectit;
1013 4381 1201 4445 qumvis
1231 4375 1414 4435 tribus,
1466 4374 1704 4441 qua'ltbet
1737 4389 1858 4442 gens
1897 4379 2017 4423 ante
2052 4384 2138 4437 pe—
2164 4343 2215 4402 Β
2242 4371 2373 4440 digis
2412 4370 2759 4432 adversarios,
2794 4384 2880 4420 nec
2906 4384 3058 4421 cursu
3103 4371 3345 4423 continuo
3391 4373 3651 4441 fatigaris.
3680 4374 3811 4442 Sed,

587 4479 674 4528 des
700 4488 834 4525 meos
876 4468 1211 4540 provolvitur.
1262 4465 1387 4517 Παῖς
1427 4468 1598 4518 omnia
1656 4475 1711 4517 tu
1749 4464 1871 4516 mihi
1932 4461 2138 4523 dedisti,
2243 4478 2272 4514 ο
2308 4477 2399 4514 rex
2436 4459 2536 4525 sol,
2580 4458 2962 4527 aliquantisper
3019 4460 3391 4526 equitationem
3441 4479 3601 4528 cessa,
3648 4466 3813 4533 frena

2244 4553 2413 4606 inhibe
2435 4563 2479 4604 et
2507 4552 2576 4604 da
2597 4551 2712 4602 urbi
2747 4559 2848 4602 tua:
2879 4567 2910 4601 a
2935 4549 3098 4603 radiis
3145 4553 3244 4603 tuis
3271 4551 3572 4616 demulceri,
3619 4558 3705 4611 ita
3736 4573 3820 4613 ta.

2247 4659 2360 4694 men
2388 4651 2440 4692 ut
2475 4657 2583 4709 pra:
2622 4640 2833 4692 illorum
2863 4639 3066 4708 fulgore
3093 4655 3158 4692 ne
3183 4643 3535 4695 ctecutiamus.
3574 4643 3735 4708 Quod
3757 4653 3817 4703 in

2245 4731 2476 4784 Jordane
2504 4732 2634 4784 stitit
2677 4728 2895 4783 Verbum
2922 4747 3133 4800 purum,
3163 4740 3416 4800 potestate
3433 4733 3554 4801 jam
3582 4735 3819 4790 circ-um-

2246 4827 2416 4888 detur,
2457 4836 2505 4877 et
2535 4826 2715 4877 robore
2743 4827 2968 4885 cinctum
3016 4841 3109 4894 per
3162 4833 3228 4889 te,
3283 4827 3571 4895 imperator
3609 4825 3819 4883 Roma-

2248 4932 2434 4968 norum
2492 4913 2745 4978 Joannes,
2798 4929 2904 4966 una
2953 4931 3071 4967 cum
3110 4915 3312 4979 Alexio,
3361 4917 3508 4984 regni
3544 4919 3709 4983 socio,
3765 4933 3819 4974 et

588 4571 862 4634 gratanter
897 4559 1098 4628 refero;
1128 4556 1216 4609 sed
1253 4564 1298 4606 te
1337 4556 1506 4623 ipsum
1545 4555 1662 4605 dein
1701 4553 1825 4606 mihi
1873 4550 2140 4620 grati/ica,

586 4654 786 4708 vultum
811 4663 956 4703 tuum
984 4654 1235 4702 monstra.
1260 4645 1450 4698 Persa's
1476 4647 1709 4714 equidem
1731 4645 1892 4696 armis
1921 4644 2140 4694 nudatos

589 4747 691 4800 vidi
709 4747 980 4811 victosque,
1008 4741 1088 4808 [ac
1112 4748 1166 4792 ut
1185 4738 1416 4807 deinceps
1447 4739 1685 4790 victorem
1715 4753 1774 4788 ac
1805 4735 2140 4802 spoliatorem

590 4836 811 4886 videam.
852 4831 894 4883 Ε
932 4831 1160 4899 regione,
1192 4841 1383 4895 qua'so,
1417 4828 1593 4889 sistas,
1625 4825 1800 4877 oculos
1841 4823 1917 4874 tui
1961 4823 2140 4889 plenos

595 4925 773 4975 redde.

664 5011 954 5065 Baptizasti
986 5025 1064 5061 me
1083 5007 1298 5077 gaudio,
1332 5022 1393 5058 ne
1433 5023 1646 5060 marrorc
1674 5024 1753 5059 me
1785 5007 2037 5074 baptizes;
2058 5020 2146 5056 su-

594 5102 715 5153 dore
744 5110 797 5151 tu
827 5115 904 5150 me
935 5107 1019 5148 tuo
1047 5096 1254 5156 lavasti,
1281 5109 1342 5145 ne
1375 5093 1616 5162 lacrymis
1648 5111 1726 5146 me
1759 5094 1915 5146 laves.
1950 5092 2143 5145 Thora-

594 5209 698 5244 cem
733 5202 777 5245 et
813 5191 1242 5260 paludamentum
1296 5190 1490 5255 depone
1547 5197 1594 5239 et
1643 5190 1845 5243 victoris
1894 5197 2140 5241 ornatum

596 5287 938 5354 circumpone.
991 5281 1212 5343 Habeas,
1248 5281 1548 5348 imperator,
1579 5287 1738 5337 vitam
1800 5302 1912 5339 cum
1962 5285 2146 5338 Alexio

600 5386 845 5440 consorte,
883 5375 1116 5427 omnibus
1148 5375 1393 5442 Augustis
1420 5382 1464 5424 et
1500 5380 1822 5443 purpuratis,
1865 5397 1979 5432 cum
2029 5383 2145 5449 qui-

600 5466 693 5516 bus
724 5468 860 5517 vit-as
895 5465 1008 5517 lano
1041 5481 1152 5515 cum
1179 5465 1372 5525 animo,
1400 5462 1716 5533 valetudine,
1736 5472 2036 5524 securitate.

1186 5555 1370 5608 XVIII.
1399 5555 1552 5610 Item.
1593 5598 1603 5605 .

666 5644 972 5706 Ituminare,
997 5643 1114 5694 urbs
1172 5643 1354 5709 Roma,
1386 5645 1576 5696 iterum
1630 5643 1741 5696 dico
1769 5685 1782 5709 ,
1831 5645 2139 5705 illuminare

2246 5008 2406 5058 tribus
2435 5006 2702 5073 Augustis,
2761 5004 3049 5057 Persarum
3096 5007 3316 5075 imperio
3378 5009 3598 5078 denique
3636 5010 3817 5077 ﬁnem

2247 5095 2503 5161 imponat.

2249 5203 2388 5257 XIX.
2450 5204 2796 5273 Epitaphium
2857 5209 2910 5257 in
2982 5207 3243 5261 honorem
3316 5210 3520 5265 domini
3575 5215 3818 5274 Joannis

2305 5274 2589 5337 Coumcni,
2617 5277 2838 5328 victoris
2859 5277 3247 5344 attguslissimi,
3276 5279 3757 5355 Prophyrogeniti.

2321 5385 2415 5437 Vos
2447 5388 2534 5453 qui
2558 5384 2832 5452 superbitis
2879 5402 3042 5454 reges,
3085 5391 3424 5458 magistratus
3467 5404 3515 5446 et
3555 5407 3819 5468 quotquot

2249 5475 2503 5545 dignitate
2537 5475 2714 5543 aliqua
2745 5477 2914 5527 vestiti
2944 5479 3086 5538 estis,
3111 5495 3175 5531 ex
3199 5498 3277 5532 me
3297 5482 3522 5548 fortuna:
3552 5489 3822 5543 vicissitu-

2249 5566 2392 5616 dines
2422 5567 2606 5629 edocti,
2643 5566 2862 5617 humiles
2887 5567 3004 5634 jam
3056 5569 3270 5636 spiritus
3295 5571 3515 5638 induite,
3543 5581 3815 5645 morituri,

2250 5661 2299 5706 et
2334 5669 2507 5706 rerum
2535 5655 2888 5708 humanarum
2927 5657 3237 5714 caducitatis
3266 5663 3489 5716 victima:
