  <div class='ocr_page' id='page_1' title='image "/cluster/home/n/w/nwhite01/storage/ocr_20150623/133/pst.000005714490/781.png"; bbox 0 0 4002 6332; ppageno 0'>
   <div class='ocr_carea' id='block_1_1' title="bbox 528 257 675 338">
    <p class='ocr_par' dir='ltr' id='par_1_1' title="bbox 528 257 675 338">
     <span class='ocr_line' id='line_1_1' title="bbox 528 257 675 338; baseline 0.027 -4"><span class='ocrx_word' id='word_1_1' title='bbox 528 257 675 338; x_wconf 75' lang='grc' dir='ltr'><strong>ιιοτ</strong></span> 
     </span>
    </p>
   </div>
   <div class='ocr_carea' id='block_1_2' title="bbox 524 390 1650 471">
    <p class='ocr_par' dir='ltr' id='par_1_2' title="bbox 524 390 1650 471">
     <span class='ocr_line' id='line_1_2' title="bbox 524 390 1650 471; baseline 0.022 -29"><span class='ocrx_word' id='word_1_2' title='bbox 524 390 820 460; x_wconf 70' lang='grc' dir='ltr'><strong>Τηροῦμεν</strong></span> <span class='ocrx_word' id='word_1_3' title='bbox 847 395 1001 463; x_wconf 78' lang='grc' dir='ltr'><strong>ἡμῶν</strong></span> <span class='ocrx_word' id='word_1_4' title='bbox 1015 399 1106 461; x_wconf 69' lang='grc' dir='ltr'><strong>τὰς</strong></span> <span class='ocrx_word' id='word_1_5' title='bbox 1133 398 1382 471; x_wconf 71' lang='grc' dir='ltr'><strong>ἐνόρκους</strong></span> <span class='ocrx_word' id='word_1_6' title='bbox 1415 403 1650 470; x_wconf 72' lang='grc' dir='ltr'><strong>ἐγγύαςῖ</strong></span> 
     </span>
    </p>
   </div>
   <div class='ocr_carea' id='block_1_3' title="bbox 524 479 1812 562">
    <p class='ocr_par' dir='ltr' id='par_1_3' title="bbox 524 479 1812 562">
     <span class='ocr_line' id='line_1_3' title="bbox 524 479 1812 562; baseline 0.011 -30"><span class='ocrx_word' id='word_1_7' title='bbox 524 479 620 548; x_wconf 75' lang='grc' dir='ltr'><strong><em>Μὴ</em></strong></span> <span class='ocrx_word' id='word_1_8' title='bbox 653 481 901 552; x_wconf 82' lang='grc' dir='ltr'><strong>κάλαμον</strong></span> <span class='ocrx_word' id='word_1_9' title='bbox 929 486 1201 550; x_wconf 76' lang='grc' dir='ltr'><strong><em>ξαίνοντες</em></strong></span> <span class='ocrx_word' id='word_1_10' title='bbox 1235 493 1311 554; x_wconf 83' lang='grc' dir='ltr'><strong><em>εἰς</em></strong></span> <span class='ocrx_word' id='word_1_11' title='bbox 1345 494 1579 562; x_wconf 80' lang='grc' dir='ltr'><strong>γράμμα</strong></span> <span class='ocrx_word' id='word_1_12' title='bbox 1608 493 1777 562; x_wconf 67' lang='grc' dir='ltr'><strong>ψόγου</strong></span> <span class='ocrx_word' id='word_1_13' title='bbox 1799 538 1812 560; x_wconf 86' lang='grc'><strong>,</strong></span> 
     </span>
    </p>
   </div>
   <div class='ocr_carea' id='block_1_4' title="bbox 528 572 1570 654">
    <p class='ocr_par' dir='ltr' id='par_1_4' title="bbox 528 572 1570 654">
     <span class='ocr_line' id='line_1_4' title="bbox 528 572 1570 654; baseline 0.012 -31"><span class='ocrx_word' id='word_1_14' title='bbox 528 572 601 625; x_wconf 85' lang='grc' dir='ltr'><strong><em>Ἦ</em></strong></span> <span class='ocrx_word' id='word_1_15' title='bbox 627 572 828 643; x_wconf 79' lang='grc' dir='ltr'>λύομεν</span> <span class='ocrx_word' id='word_1_16' title='bbox 843 577 937 629; x_wconf 67' lang='grc' dir='ltr'><strong>τὸν</strong></span> <span class='ocrx_word' id='word_1_17' title='bbox 963 579 1126 649; x_wconf 83' lang='grc' dir='ltr'><strong>ὅρκον</strong></span> <span class='ocrx_word' id='word_1_18' title='bbox 1148 583 1362 653; x_wconf 82' lang='grc' dir='ltr'><strong>εὖόρκῳ</strong></span> <span class='ocrx_word' id='word_1_19' title='bbox 1389 584 1533 654; x_wconf 80' lang='grc' dir='ltr'><strong>λόγῳ</strong></span> <span class='ocrx_word' id='word_1_20' title='bbox 1555 602 1570 648; x_wconf 85' lang='lat'><strong>;</strong></span> 
     </span>
    </p>
   </div>
   <div class='ocr_carea' id='block_1_5' title="bbox 527 662 1708 744">
    <p class='ocr_par' dir='ltr' id='par_1_5' title="bbox 527 662 1708 744">
     <span class='ocr_line' id='line_1_5' title="bbox 527 662 1708 744; baseline 0.013 -30"><span class='ocrx_word' id='word_1_21' title='bbox 527 662 639 716; x_wconf 81' lang='lat' dir='ltr'><strong><em>Kal</em></strong></span> <span class='ocrx_word' id='word_1_22' title='bbox 668 664 767 735; x_wconf 79' lang='grc' dir='ltr'><strong><em>τὴν</em></strong></span> <span class='ocrx_word' id='word_1_23' title='bbox 792 669 1038 738; x_wconf 72' lang='grc' dir='ltr'><strong>πονηρὰν</strong></span> <span class='ocrx_word' id='word_1_24' title='bbox 1070 673 1461 742; x_wconf 81' lang='grc' dir='ltr'><strong>στηλιτεύομεν</strong></span> <span class='ocrx_word' id='word_1_25' title='bbox 1505 676 1670 744; x_wconf 82' lang='grc' dir='ltr'><strong>φύσιν</strong></span> <span class='ocrx_word' id='word_1_26' title='bbox 1695 694 1708 740; x_wconf 90' lang='grc'><strong>;</strong></span> 
     </span>
    </p>
   </div>
   <div class='ocr_carea' id='block_1_6' title="bbox 529 754 1642 838">
    <p class='ocr_par' dir='ltr' id='par_1_6' title="bbox 529 754 1642 838">
     <span class='ocr_line' id='line_1_6' title="bbox 529 754 1642 838; baseline 0.012 -30"><span class='ocrx_word' id='word_1_27' title='bbox 529 754 593 809; x_wconf 85' lang='grc' dir='ltr'><strong><em>Εἰ</em></strong></span> <span class='ocrx_word' id='word_1_28' title='bbox 625 757 725 826; x_wconf 74' lang='grc' dir='ltr'><strong><em>μὲν</em></strong></span> <span class='ocrx_word' id='word_1_29' title='bbox 746 758 854 829; x_wconf 83' lang='grc' dir='ltr'><strong>γὰρ</strong></span> <span class='ocrx_word' id='word_1_30' title='bbox 877 755 945 830; x_wconf 77' lang='grc' dir='ltr'><strong><em>ἦν</em></strong></span> <span class='ocrx_word' id='word_1_31' title='bbox 977 761 1006 814; x_wconf 85' lang='grc' dir='ltr'><strong><em>ό</em></strong></span> <span class='ocrx_word' id='word_1_32' title='bbox 1041 762 1206 833; x_wconf 82' lang='grc' dir='ltr'><strong>λῆρος</strong></span> <span class='ocrx_word' id='word_1_33' title='bbox 1236 763 1364 836; x_wconf 79' lang='grc' dir='ltr'><strong>ἄχρι</strong></span> <span class='ocrx_word' id='word_1_34' title='bbox 1398 767 1642 838; x_wconf 77' lang='grc' dir='ltr'><strong><em>μετρίου,</em></strong></span> 
     </span>
    </p>
   </div>
   <div class='ocr_carea' id='block_1_7' title="bbox 530 847 1816 930">
    <p class='ocr_par' dir='ltr' id='par_1_7' title="bbox 530 847 1816 930">
     <span class='ocr_line' id='line_1_7' title="bbox 530 847 1816 930; baseline 0.014 -32"><span class='ocrx_word' id='word_1_35' title='bbox 530 847 630 901; x_wconf 74' lang='grc' dir='ltr'><strong><em>Ἂν</em></strong></span> <span class='ocrx_word' id='word_1_36' title='bbox 657 850 740 911; x_wconf 69' lang='grc' dir='ltr'><strong><em>εἰς</em></strong></span> <span class='ocrx_word' id='word_1_37' title='bbox 772 849 944 920; x_wconf 83' lang='grc' dir='ltr'><strong><em>τύχην</em></strong></span> <span class='ocrx_word' id='word_1_38' title='bbox 978 851 1316 928; x_wconf 67' lang='grc' dir='ltr'><strong>ἔσκωπτενῆ</strong></span> <span class='ocrx_word' id='word_1_39' title='bbox 1354 859 1483 926; x_wconf 81' lang='grc' dir='ltr'><strong>γοῦν</strong></span> <span class='ocrx_word' id='word_1_40' title='bbox 1525 862 1606 924; x_wconf 76' lang='grc' dir='ltr'><strong><em>εἰς</em></strong></span> <span class='ocrx_word' id='word_1_41' title='bbox 1637 860 1816 930; x_wconf 79' lang='grc' dir='ltr'><strong>γένος,</strong></span> 
     </span>
    </p>
   </div>
   <div class='ocr_carea' id='block_1_8' title="bbox 530 937 1585 1018">
    <p class='ocr_par' dir='ltr' id='par_1_8' title="bbox 530 937 1585 1018">
     <span class='ocr_line' id='line_1_8' title="bbox 530 937 1585 1018; baseline 0.013 -30"><span class='ocrx_word' id='word_1_42' title='bbox 530 937 633 991; x_wconf 70' lang='lat' dir='ltr'><strong><em>“Av</em></strong></span> <span class='ocrx_word' id='word_1_43' title='bbox 661 938 1044 1008; x_wconf 83' lang='grc' dir='ltr'><strong><em>πλημμέλειαν</em></strong></span> <span class='ocrx_word' id='word_1_44' title='bbox 1068 944 1282 1012; x_wconf 78' lang='grc' dir='ltr'><strong>φύσεως</strong></span> <span class='ocrx_word' id='word_1_45' title='bbox 1309 948 1585 1018; x_wconf 83' lang='grc' dir='ltr'><strong>ἐλοιδόρει,</strong></span> 
     </span>
    </p>
   </div>
   <div class='ocr_carea' id='block_1_9' title="bbox 531 1029 1716 1110">
    <p class='ocr_par' dir='ltr' id='par_1_9' title="bbox 531 1029 1716 1110">
     <span class='ocr_line' id='line_1_9' title="bbox 531 1029 1716 1110; baseline 0.013 -31"><span class='ocrx_word' id='word_1_46' title='bbox 531 1030 630 1080; x_wconf 73' lang='grc' dir='ltr'><strong><em>Ἂν</em></strong></span> <span class='ocrx_word' id='word_1_47' title='bbox 661 1029 1016 1098; x_wconf 76' lang='grc' dir='ltr'><strong><em>δυσμάθειαν,</em></strong></span> <span class='ocrx_word' id='word_1_48' title='bbox 1050 1034 1115 1088; x_wconf 80' lang='grc' dir='ltr'><strong><em>ἂν</em></strong></span> <span class='ocrx_word' id='word_1_49' title='bbox 1149 1035 1352 1105; x_wconf 85' lang='grc' dir='ltr'><strong>τρόπου</strong></span> <span class='ocrx_word' id='word_1_50' title='bbox 1391 1040 1716 1110; x_wconf 82' lang='grc' dir='ltr'><strong>μοχθηρίαν,</strong></span> 
     </span>
    </p>
   </div>
   <div class='ocr_carea' id='block_1_10' title="bbox 541 1119 1748 1203">
    <p class='ocr_par' dir='ltr' id='par_1_10' title="bbox 541 1119 1748 1203">
     <span class='ocr_line' id='line_1_10' title="bbox 541 1119 1748 1203; baseline 0.013 -33"><span class='ocrx_word' id='word_1_51' title='bbox 541 1119 901 1190; x_wconf 80' lang='grc' dir='ltr'><strong>Ἐδυσφόρουν</strong></span> <span class='ocrx_word' id='word_1_52' title='bbox 929 1125 1050 1195; x_wconf 80' lang='grc' dir='ltr'><strong>μὲν,</strong></span> <span class='ocrx_word' id='word_1_53' title='bbox 1082 1127 1196 1180; x_wconf 81' lang='grc' dir='ltr'><strong>ἀλλ’</strong></span> <span class='ocrx_word' id='word_1_54' title='bbox 1215 1131 1363 1198; x_wconf 79' lang='grc' dir='ltr'><strong>ὅμως</strong></span> <span class='ocrx_word' id='word_1_55' title='bbox 1394 1133 1748 1203; x_wconf 73' lang='grc' dir='ltr'><strong><em>ἐκαρτέρουν,</em></strong></span> 
     </span>
    </p>
   </div>
   <div class='ocr_carea' id='block_1_11' title="bbox 531 1211 1766 1294">
    <p class='ocr_par' dir='ltr' id='par_1_11' title="bbox 531 1211 1766 1294">
     <span class='ocr_line' id='line_1_11' title="bbox 531 1211 1766 1294; baseline 0.011 -31"><span class='ocrx_word' id='word_1_56' title='bbox 531 1211 643 1264; x_wconf 83' lang='lat' dir='ltr'><strong><em>Kal</em></strong></span> <span class='ocrx_word' id='word_1_57' title='bbox 672 1217 802 1277; x_wconf 72' lang='grc' dir='ltr'><strong>τοὺς</strong></span> <span class='ocrx_word' id='word_1_58' title='bbox 829 1216 1080 1280; x_wconf 78' lang='grc' dir='ltr'><strong><em>τεθέντας</em></strong></span> <span class='ocrx_word' id='word_1_59' title='bbox 1104 1220 1205 1274; x_wconf 83' lang='grc' dir='ltr'><strong><em>οὐκ</em></strong></span> <span class='ocrx_word' id='word_1_60' title='bbox 1230 1223 1532 1291; x_wconf 84' lang='grc' dir='ltr'><strong>άπέστεγον</strong></span> <span class='ocrx_word' id='word_1_61' title='bbox 1549 1227 1766 1294; x_wconf 86' lang='grc' dir='ltr'><strong>νόμους.</strong></span> 
     </span>
    </p>
   </div>
   <div class='ocr_carea' id='block_1_12' title="bbox 532 1301 1634 1382">
    <p class='ocr_par' dir='ltr' id='par_1_12' title="bbox 532 1301 1634 1382">
     <span class='ocr_line' id='line_1_12' title="bbox 532 1301 1634 1382; baseline 0.015 -30"><span class='ocrx_word' id='word_1_62' title='bbox 532 1301 598 1352; x_wconf 79' lang='grc' dir='ltr'><strong>Τί</strong></span> <span class='ocrx_word' id='word_1_63' title='bbox 621 1302 731 1372; x_wconf 83' lang='grc' dir='ltr'><strong><em>γὰρ</em></strong></span> <span class='ocrx_word' id='word_1_64' title='bbox 755 1307 1123 1378; x_wconf 79' lang='grc' dir='ltr'><strong>κακηγόρη’μα</strong></span> <span class='ocrx_word' id='word_1_65' title='bbox 1145 1325 1160 1375; x_wconf 89' lang='lat'><strong>;</strong></span> <span class='ocrx_word' id='word_1_66' title='bbox 1187 1313 1468 1382; x_wconf 79' lang='grc' dir='ltr'><strong><em>Δυστυχὴς</em></strong></span> <span class='ocrx_word' id='word_1_67' title='bbox 1500 1312 1634 1381; x_wconf 88' lang='grc' dir='ltr'><strong>βίος.</strong></span> 
     </span>
    </p>
   </div>
   <div class='ocr_carea' id='block_1_13' title="bbox 533 1393 1681 1474">
    <p class='ocr_par' dir='ltr' id='par_1_13' title="bbox 533 1393 1681 1474">
     <span class='ocr_line' id='line_1_13' title="bbox 533 1393 1681 1474; baseline 0.012 -29"><span class='ocrx_word' id='word_1_68' title='bbox 533 1393 710 1447; x_wconf 86' lang='grc' dir='ltr'><strong>Ὅπου</strong></span> <span class='ocrx_word' id='word_1_69' title='bbox 729 1395 796 1448; x_wconf 86' lang='grc' dir='ltr'><strong>δι’</strong></span> <span class='ocrx_word' id='word_1_70' title='bbox 835 1399 982 1467; x_wconf 75' lang='grc' dir='ltr'><strong>ἡμᾶς</strong></span> <span class='ocrx_word' id='word_1_71' title='bbox 1012 1403 1110 1453; x_wconf 71' lang='grc' dir='ltr'><strong>καὶ</strong></span> <span class='ocrx_word' id='word_1_72' title='bbox 1142 1402 1273 1465; x_wconf 77' lang='grc' dir='ltr'><strong>Θεὸς</strong></span> <span class='ocrx_word' id='word_1_73' title='bbox 1304 1406 1454 1457; x_wconf 86' lang='grc' dir='ltr'><strong>κάτω</strong></span> <span class='ocrx_word' id='word_1_74' title='bbox 1487 1405 1681 1474; x_wconf 84' lang='grc' dir='ltr'><strong>πένης,</strong></span> 
     </span>
    </p>
   </div>
   <div class='ocr_carea' id='block_1_14' title="bbox 535 1480 1683 1566">
    <p class='ocr_par' dir='ltr' id='par_1_14' title="bbox 535 1480 1683 1566">
     <span class='ocr_line' id='line_1_14' title="bbox 535 1480 1683 1566; baseline 0.011 -28"><span class='ocrx_word' id='word_1_75' title='bbox 535 1480 611 1538; x_wconf 80' lang='grc' dir='ltr'><strong>Οὖ</strong></span> <span class='ocrx_word' id='word_1_76' title='bbox 638 1490 748 1542; x_wconf 79' lang='grc' dir='ltr'><strong>πᾶν</strong></span> <span class='ocrx_word' id='word_1_77' title='bbox 782 1488 882 1557; x_wconf 83' lang='grc' dir='ltr'><strong>μὲν</strong></span> <span class='ocrx_word' id='word_1_78' title='bbox 912 1491 1197 1562; x_wconf 78' lang='grc' dir='ltr'><strong>ἀργύριον,</strong></span> <span class='ocrx_word' id='word_1_79' title='bbox 1223 1494 1296 1558; x_wconf 83' lang='grc' dir='ltr'><strong>ὡς</strong></span> <span class='ocrx_word' id='word_1_80' title='bbox 1329 1496 1490 1560; x_wconf 78' lang='grc' dir='ltr'><strong>αὐτὸς</strong></span> <span class='ocrx_word' id='word_1_81' title='bbox 1513 1497 1683 1566; x_wconf 85' lang='grc' dir='ltr'><strong>λέγει,</strong></span> 
     </span>
    </p>
   </div>
   <div class='ocr_carea' id='block_1_15' title="bbox 535 1580 1685 1656">
    <p class='ocr_par' dir='ltr' id='par_1_15' title="bbox 535 1580 1685 1656">
     <span class='ocr_line' id='line_1_15' title="bbox 535 1580 1685 1656; baseline 0.011 -25"><span class='ocrx_word' id='word_1_82' title='bbox 535 1580 644 1631; x_wconf 73' lang='grc' dir='ltr'><strong><em>Καὶ</em></strong></span> <span class='ocrx_word' id='word_1_83' title='bbox 665 1581 888 1648; x_wconf 83' lang='grc' dir='ltr'><strong>χρυσίον</strong></span> <span class='ocrx_word' id='word_1_84' title='bbox 913 1584 1042 1649; x_wconf 79' lang='grc' dir='ltr'><strong>πᾶν,</strong></span> <span class='ocrx_word' id='word_1_85' title='bbox 1066 1584 1182 1637; x_wconf 82' lang='grc' dir='ltr'><strong>ἀλλ’</strong></span> <span class='ocrx_word' id='word_1_86' title='bbox 1209 1585 1360 1656; x_wconf 75' lang='grc' dir='ltr'><strong>ὅμως</strong></span> <span class='ocrx_word' id='word_1_87' title='bbox 1383 1588 1685 1644; x_wconf 81' lang='grc' dir='ltr'><strong><em>ἀλωπέκων</em></strong></span> 
     </span>
    </p>
   </div>
   <div class='ocr_carea' id='block_1_16' title="bbox 535 1671 1712 1752">
    <p class='ocr_par' dir='ltr' id='par_1_16' title="bbox 535 1671 1712 1752">
     <span class='ocr_line' id='line_1_16' title="bbox 535 1671 1712 1752; baseline 0.013 -30"><span class='ocrx_word' id='word_1_88' title='bbox 535 1671 647 1724; x_wconf 82' lang='lat' dir='ltr'><strong><em>Kal</em></strong></span> <span class='ocrx_word' id='word_1_89' title='bbox 673 1672 784 1725; x_wconf 87' lang='grc' dir='ltr'><strong><em>τῶν</em></strong></span> <span class='ocrx_word' id='word_1_90' title='bbox 817 1676 1077 1730; x_wconf 76' lang='grc' dir='ltr'><strong>πετεινῶν</strong></span> <span class='ocrx_word' id='word_1_91' title='bbox 1105 1679 1501 1751; x_wconf 81' lang='grc' dir='ltr'><strong>ἁστεγέστερος</strong></span> <span class='ocrx_word' id='word_1_92' title='bbox 1535 1681 1712 1752; x_wconf 84' lang='grc' dir='ltr'><strong>μένει.</strong></span> 
     </span>
    </p>
   </div>
   <div class='ocr_carea' id='block_1_17' title="bbox 537 1762 1903 1846">
    <p class='ocr_par' dir='ltr' id='par_1_17' title="bbox 537 1762 1903 1846">
     <span class='ocr_line' id='line_1_17' title="bbox 537 1762 1903 1846; baseline 0.013 -32"><span class='ocrx_word' id='word_1_93' title='bbox 537 1762 632 1824; x_wconf 82' lang='grc' dir='ltr'><strong><em>Τίς</em></strong></span> <span class='ocrx_word' id='word_1_94' title='bbox 653 1762 698 1816; x_wconf 76' lang='grc' dir='ltr'><strong>δ’</strong></span> <span class='ocrx_word' id='word_1_95' title='bbox 729 1764 886 1835; x_wconf 76' lang='grc' dir='ltr'><strong>ὕϐρις</strong></span> <span class='ocrx_word' id='word_1_96' title='bbox 912 1765 1103 1840; x_wconf 80' lang='grc' dir='ltr'><strong>ἀνδρὸς</strong></span> <span class='ocrx_word' id='word_1_97' title='bbox 1147 1770 1222 1842; x_wconf 77' lang='grc' dir='ltr'><strong>μὴ</strong></span> <span class='ocrx_word' id='word_1_98' title='bbox 1252 1773 1374 1841; x_wconf 84' lang='grc' dir='ltr'><strong>μεθ’</strong></span> <span class='ocrx_word' id='word_1_99' title='bbox 1403 1773 1585 1829; x_wconf 90' lang='grc' dir='ltr'><strong>ῖππων</strong></span> <span class='ocrx_word' id='word_1_100' title='bbox 1619 1775 1903 1846; x_wconf 76' lang='grc' dir='ltr'><strong>’Δρῤάϐων</strong></span> 
     </span>
    </p>
   </div>
   <div class='ocr_carea' id='block_1_18' title="bbox 541 1853 1698 1934">
    <p class='ocr_par' dir='ltr' id='par_1_18' title="bbox 541 1853 1698 1934">
     <span class='ocr_line' id='line_1_18' title="bbox 541 1853 1698 1934; baseline 0.012 -28"><span class='ocrx_word' id='word_1_101' title='bbox 541 1853 615 1906; x_wconf 84' lang='grc' dir='ltr'><strong>Ἦ</strong></span> <span class='ocrx_word' id='word_1_102' title='bbox 639 1855 982 1912; x_wconf 76' lang='grc' dir='ltr'><strong>Θετταλικῶν</strong></span> <span class='ocrx_word' id='word_1_103' title='bbox 1007 1862 1433 1932; x_wconf 83' lang='grc' dir='ltr'><strong>πομπικώτερον</strong></span> <span class='ocrx_word' id='word_1_104' title='bbox 1457 1865 1698 1934; x_wconf 81' lang='grc' dir='ltr'>τρέχειν,</span> 
     </span>
    </p>
   </div>
   <div class='ocr_carea' id='block_1_19' title="bbox 540 1944 1682 2027">
    <p class='ocr_par' dir='ltr' id='par_1_19' title="bbox 540 1944 1682 2027">
     <span class='ocr_line' id='line_1_19' title="bbox 540 1944 1682 2027; baseline 0.011 -31"><span class='ocrx_word' id='word_1_105' title='bbox 540 1944 604 1997; x_wconf 82' lang='lat' dir='ltr'><strong><em>El</em></strong></span> <span class='ocrx_word' id='word_1_106' title='bbox 636 1949 747 1999; x_wconf 85' lang='grc' dir='ltr'><strong>τοῖν</strong></span> <span class='ocrx_word' id='word_1_107' title='bbox 775 1950 956 2003; x_wconf 80' lang='grc' dir='ltr'><strong><em>ποδοῖν</em></strong></span> <span class='ocrx_word' id='word_1_108' title='bbox 985 1945 1067 2016; x_wconf 77' lang='grc' dir='ltr'><strong>εὖ,</strong></span> <span class='ocrx_word' id='word_1_109' title='bbox 1098 1953 1219 2023; x_wconf 71' lang='grc' dir='ltr'><strong>μηδ’</strong></span> <span class='ocrx_word' id='word_1_110' title='bbox 1245 1955 1503 2017; x_wconf 81' lang='grc' dir='ltr'><strong>ἐναντίως</strong></span> <span class='ocrx_word' id='word_1_111' title='bbox 1530 1957 1641 2027; x_wconf 69' lang='grc' dir='ltr'><strong>ἔχοι</strong></span> <span class='ocrx_word' id='word_1_112' title='bbox 1665 1973 1682 2021; x_wconf 87' lang='lat'><strong>;</strong></span> 
     </span>
    </p>
   </div>
   <div class='ocr_carea' id='block_1_20' title="bbox 553 2036 1824 2119">
    <p class='ocr_par' dir='ltr' id='par_1_20' title="bbox 553 2036 1824 2119">
     <span class='ocr_line' id='line_1_20' title="bbox 553 2036 1824 2119; baseline 0.009 -30"><span class='ocrx_word' id='word_1_113' title='bbox 553 2036 789 2108; x_wconf 80' lang='grc' dir='ltr'>Ἀνδρῶν</span> <span class='ocrx_word' id='word_1_114' title='bbox 828 2041 1173 2110; x_wconf 77' lang='grc' dir='ltr'><strong>στρατιυτῶν</strong></span> <span class='ocrx_word' id='word_1_115' title='bbox 1205 2044 1370 2108; x_wconf 70' lang='lat' dir='ltr'><strong><em>lano;</em></strong></span> <span class='ocrx_word' id='word_1_116' title='bbox 1404 2045 1601 2116; x_wconf 79' lang='grc' dir='ltr'><strong>εὑρέθη</strong></span> <span class='ocrx_word' id='word_1_117' title='bbox 1643 2048 1824 2119; x_wconf 81' lang='grc' dir='ltr'>χάριν,</span> 
     </span>
    </p>
   </div>
   <div class='ocr_carea' id='block_1_21' title="bbox 542 2131 1702 2210">
    <p class='ocr_par' dir='ltr' id='par_1_21' title="bbox 542 2131 1702 2210">
     <span class='ocr_line' id='line_1_21' title="bbox 542 2131 1702 2210; baseline 0.011 -27"><span class='ocrx_word' id='word_1_118' title='bbox 542 2131 738 2201; x_wconf 60' lang='lat' dir='ltr'><strong><em>Mam:</em></strong></span> <span class='ocrx_word' id='word_1_119' title='bbox 764 2135 1046 2202; x_wconf 74' lang='grc' dir='ltr'><strong>συνεργὸς,</strong></span> <span class='ocrx_word' id='word_1_120' title='bbox 1074 2136 1138 2189; x_wconf 77' lang='grc' dir='ltr'><strong><em>οὗ</em></strong></span> <span class='ocrx_word' id='word_1_121' title='bbox 1159 2140 1370 2206; x_wconf 82' lang='grc' dir='ltr'>τρυφῆς</span> <span class='ocrx_word' id='word_1_122' title='bbox 1401 2139 1702 2210; x_wconf 73' lang='grc' dir='ltr'><strong>ὑπηρέτης.</strong></span> 
     </span>
    </p>
   </div>
   <div class='ocr_carea' id='block_1_22' title="bbox 543 2221 1822 2297">
    <p class='ocr_par' dir='ltr' id='par_1_22' title="bbox 543 2221 1822 2297">
     <span class='ocr_line' id='line_1_22' title="bbox 543 2221 1822 2297; baseline 0.012 -25"><span class='ocrx_word' id='word_1_123' title='bbox 543 2221 640 2284; x_wconf 84' lang='grc' dir='ltr'><strong>Τίς</strong></span> <span class='ocrx_word' id='word_1_124' title='bbox 671 2224 1016 2296; x_wconf 81' lang='grc' dir='ltr'><strong><em>μακαριστὴς</em></strong></span> <span class='ocrx_word' id='word_1_125' title='bbox 1047 2227 1292 2297; x_wconf 75' lang='grc' dir='ltr'><strong><em>ἐγκρίνει</em></strong></span> <span class='ocrx_word' id='word_1_126' title='bbox 1326 2230 1451 2293; x_wconf 83' lang='grc' dir='ltr'><strong>τοὺς</strong></span> <span class='ocrx_word' id='word_1_127' title='bbox 1495 2231 1822 2297; x_wconf 74' lang='grc' dir='ltr'><strong>πλουσίουςς</strong></span> 
     </span>
    </p>
   </div>
   <div class='ocr_carea' id='block_1_23' title="bbox 543 2313 1754 2389">
    <p class='ocr_par' dir='ltr' id='par_1_23' title="bbox 543 2313 1754 2389">
     <span class='ocr_line' id='line_1_23' title="bbox 543 2313 1754 2389; baseline 0.01 -23"><span class='ocrx_word' id='word_1_128' title='bbox 543 2313 778 2383; x_wconf 72' lang='grc' dir='ltr'><strong>Χριστὸς</strong></span> <span class='ocrx_word' id='word_1_129' title='bbox 805 2315 850 2367; x_wconf 89' lang='grc' dir='ltr'><strong>δ’</strong></span> <span class='ocrx_word' id='word_1_130' title='bbox 879 2318 1184 2386; x_wconf 78' lang='grc' dir='ltr'><strong>ἐμακάρισε</strong></span> <span class='ocrx_word' id='word_1_131' title='bbox 1213 2324 1339 2384; x_wconf 81' lang='grc' dir='ltr'><strong>τοὺς</strong></span> <span class='ocrx_word' id='word_1_132' title='bbox 1369 2325 1754 2389; x_wconf 74' lang='grc' dir='ltr'><strong>πενεστάτους.</strong></span> 
     </span>
    </p>
   </div>
   <div class='ocr_carea' id='block_1_24' title="bbox 544 2407 1723 2486">
    <p class='ocr_par' dir='ltr' id='par_1_24' title="bbox 544 2407 1723 2486">
     <span class='ocr_line' id='line_1_24' title="bbox 544 2407 1723 2486; baseline 0.012 -29"><span class='ocrx_word' id='word_1_133' title='bbox 544 2407 612 2457; x_wconf 85' lang='lat' dir='ltr'><strong><em>Ti</em></strong></span> <span class='ocrx_word' id='word_1_134' title='bbox 638 2407 769 2474; x_wconf 80' lang='grc' dir='ltr'><strong>γοῦν</strong></span> <span class='ocrx_word' id='word_1_135' title='bbox 800 2411 1206 2481; x_wconf 82' lang='grc' dir='ltr'><strong>κακηγόρημα;</strong></span> <span class='ocrx_word' id='word_1_136' title='bbox 1238 2414 1558 2484; x_wconf 74' lang='grc' dir='ltr'><strong>Δυσδιίμων</strong></span> <span class='ocrx_word' id='word_1_137' title='bbox 1587 2418 1723 2486; x_wconf 80' lang='grc' dir='ltr'><strong>βίος,</strong></span> 
     </span>
    </p>
   </div>
   <div class='ocr_carea' id='block_1_25' title="bbox 548 2496 1825 2578">
    <p class='ocr_par' dir='ltr' id='par_1_25' title="bbox 548 2496 1825 2578">
     <span class='ocr_line' id='line_1_25' title="bbox 548 2496 1825 2578; baseline 0.014 -30"><span class='ocrx_word' id='word_1_138' title='bbox 548 2497 621 2550; x_wconf 80' lang='grc' dir='ltr'><strong>Ἦ</strong></span> <span class='ocrx_word' id='word_1_139' title='bbox 644 2500 898 2568; x_wconf 81' lang='grc' dir='ltr'><strong>δυσγενὲς</strong></span> <span class='ocrx_word' id='word_1_140' title='bbox 936 2505 1033 2557; x_wconf 75' lang='grc' dir='ltr'><strong>καὶ</strong></span> <span class='ocrx_word' id='word_1_141' title='bbox 1063 2504 1266 2571; x_wconf 80' lang='grc' dir='ltr'><strong>φαῦλον</strong></span> <span class='ocrx_word' id='word_1_142' title='bbox 1305 2496 1612 2578; x_wconf 81' lang='grc' dir='ltr'><strong>ἀνθρώποις</strong></span> <span class='ocrx_word' id='word_1_143' title='bbox 1645 2510 1825 2578; x_wconf 80' lang='grc' dir='ltr'><strong>γένος,</strong></span> 
     </span>
    </p>
   </div>
   <div class='ocr_carea' id='block_1_26' title="bbox 547 2589 1743 2672">
    <p class='ocr_par' dir='ltr' id='par_1_26' title="bbox 547 2589 1743 2672">
     <span class='ocr_line' id='line_1_26' title="bbox 547 2589 1743 2672; baseline 0.043 -64"><span class='ocrx_word' id='word_1_144' title='bbox 547 2589 725 2644; x_wconf 71' lang='grc' dir='ltr'>υοπου</span> <span class='ocrx_word' id='word_1_145' title='bbox 749 2594 1020 2664; x_wconf 69' lang='grc' dir='ltr'><strong><em>γενάρχην</em></strong></span> <span class='ocrx_word' id='word_1_146' title='bbox 1043 2597 1117 2666; x_wconf 78' lang='grc' dir='ltr'><strong><em>τῷ</em></strong></span> <span class='ocrx_word' id='word_1_147' title='bbox 1147 2596 1265 2664; x_wconf 82' lang='grc' dir='ltr'><strong><em>Θεῷ</em></strong></span> <span class='ocrx_word' id='word_1_148' title='bbox 1300 2617 1400 2668; x_wconf 82' lang='grc' dir='ltr'><strong><em>μου</em></strong></span> <span class='ocrx_word' id='word_1_149' title='bbox 1432 2601 1526 2653; x_wconf 80' lang='grc' dir='ltr'><strong>καὶ</strong></span> <span class='ocrx_word' id='word_1_150' title='bbox 1553 2595 1743 2672; x_wconf 87' lang='grc' dir='ltr'><strong>Λόγῳ’</strong></span> 
     </span>
    </p>
   </div>
   <div class='ocr_carea' id='block_1_27' title="bbox 547 2681 1749 2763">
    <p class='ocr_par' dir='ltr' id='par_1_27' title="bbox 547 2681 1749 2763">
     <span class='ocr_line' id='line_1_27' title="bbox 547 2681 1749 2763; baseline 0.013 -32"><span class='ocrx_word' id='word_1_151' title='bbox 547 2681 641 2742; x_wconf 83' lang='lat' dir='ltr'><strong><em>El;</em></strong></span> <span class='ocrx_word' id='word_1_152' title='bbox 665 2682 762 2750; x_wconf 74' lang='grc' dir='ltr'><strong>τὴν</strong></span> <span class='ocrx_word' id='word_1_153' title='bbox 793 2683 942 2736; x_wconf 84' lang='grc' dir='ltr'><strong>κάτω</strong></span> <span class='ocrx_word' id='word_1_154' title='bbox 971 2687 1224 2755; x_wconf 78' lang='grc' dir='ltr'><strong><em>γέννησιν</em></strong></span> <span class='ocrx_word' id='word_1_155' title='bbox 1257 2691 1334 2750; x_wconf 80' lang='grc' dir='ltr'><strong><em>εἰς</em></strong></span> <span class='ocrx_word' id='word_1_156' title='bbox 1360 2692 1459 2759; x_wconf 75' lang='grc' dir='ltr'><strong>τὴν</strong></span> <span class='ocrx_word' id='word_1_157' title='bbox 1488 2693 1749 2763; x_wconf 81' lang='grc' dir='ltr'><strong>δευτέραν</strong></span> 
     </span>
    </p>
   </div>
   <div class='ocr_carea' id='block_1_28' title="bbox 547 2770 1728 2844">
    <p class='ocr_par' dir='ltr' id='par_1_28' title="bbox 547 2770 1728 2844">
     <span class='ocr_line' id='line_1_28' title="bbox 547 2770 1728 2844; baseline 0.011 -22"><span class='ocrx_word' id='word_1_158' title='bbox 547 2770 654 2823; x_wconf 76' lang='grc' dir='ltr'><strong><em>Τὸν</em></strong></span> <span class='ocrx_word' id='word_1_159' title='bbox 686 2774 916 2826; x_wconf 83' lang='grc' dir='ltr'><strong>τεκόντα</strong></span> <span class='ocrx_word' id='word_1_160' title='bbox 940 2777 1246 2844; x_wconf 81' lang='grc' dir='ltr'><strong>γράφουσιν</strong></span> <span class='ocrx_word' id='word_1_161' title='bbox 1268 2779 1322 2830; x_wconf 80' lang='grc' dir='ltr'><strong>αἱ</strong></span> <span class='ocrx_word' id='word_1_162' title='bbox 1351 2781 1493 2832; x_wconf 81' lang='grc' dir='ltr'><strong>θεῖαι</strong></span> <span class='ocrx_word' id='word_1_163' title='bbox 1525 2783 1728 2837; x_wconf 83' lang='grc' dir='ltr'><strong>Βίϐλοι.</strong></span> 
     </span>
    </p>
   </div>
   <div class='ocr_carea' id='block_1_29' title="bbox 547 2861 1842 2939">
    <p class='ocr_par' dir='ltr' id='par_1_29' title="bbox 547 2861 1842 2939">
     <span class='ocr_line' id='line_1_29' title="bbox 547 2861 1842 2939; baseline 0.005 -23"><span class='ocrx_word' id='word_1_164' title='bbox 547 2861 644 2925; x_wconf 84' lang='grc' dir='ltr'><strong>Τίς</strong></span> <span class='ocrx_word' id='word_1_165' title='bbox 677 2863 724 2916; x_wconf 86' lang='grc' dir='ltr'><strong>δ’</strong></span> <span class='ocrx_word' id='word_1_166' title='bbox 753 2863 930 2934; x_wconf 78' lang='grc' dir='ltr'><strong>ὕϐρις,</strong></span> <span class='ocrx_word' id='word_1_167' title='bbox 971 2868 1038 2920; x_wconf 78' lang='grc' dir='ltr'><strong><em>ἄν</em></strong></span> <span class='ocrx_word' id='word_1_168' title='bbox 1063 2885 1138 2936; x_wconf 82' lang='grc' dir='ltr'><strong>τῳ</strong></span> <span class='ocrx_word' id='word_1_169' title='bbox 1182 2872 1274 2920; x_wconf 81' lang='grc' dir='ltr'><strong>καὶ</strong></span> <span class='ocrx_word' id='word_1_170' title='bbox 1307 2868 1630 2939; x_wconf 81' lang='grc' dir='ltr'><strong>παρεσφάλη</strong></span> <span class='ocrx_word' id='word_1_171' title='bbox 1658 2869 1842 2938; x_wconf 79' lang='grc' dir='ltr'><strong>φύσις,</strong></span> 
     </span>
    </p>
   </div>
   <div class='ocr_carea' id='block_1_30' title="bbox 548 2955 1760 3030">
    <p class='ocr_par' dir='ltr' id='par_1_30' title="bbox 548 2955 1760 3030">
     <span class='ocr_line' id='line_1_30' title="bbox 548 2955 1760 3030; baseline 0.005 -22"><span class='ocrx_word' id='word_1_172' title='bbox 548 2955 659 3008; x_wconf 79' lang='lat' dir='ltr'><strong><em>Kal</em></strong></span> <span class='ocrx_word' id='word_1_173' title='bbox 683 2956 847 3025; x_wconf 75' lang='grc' dir='ltr'><strong>τυχὸν</strong></span> <span class='ocrx_word' id='word_1_174' title='bbox 866 2957 1043 3026; x_wconf 72' lang='grc' dir='ltr'><strong>ὠχρὸς</strong></span> <span class='ocrx_word' id='word_1_175' title='bbox 1075 2959 1108 3028; x_wconf 81' lang='grc' dir='ltr'>ἢ</span> <span class='ocrx_word' id='word_1_176' title='bbox 1133 2961 1410 3030; x_wconf 76' lang='grc' dir='ltr'><strong>φαλακρὸς</strong></span> <span class='ocrx_word' id='word_1_177' title='bbox 1435 2962 1533 3029; x_wconf 75' lang='grc' dir='ltr'><strong><em>τὴν</em></strong></span> <span class='ocrx_word' id='word_1_178' title='bbox 1564 2962 1760 3030; x_wconf 84' lang='grc' dir='ltr'><strong>κάραν,</strong></span> 
     </span>
    </p>
   </div>
   <div class='ocr_carea' id='block_1_31' title="bbox 549 3047 1844 3124">
    <p class='ocr_par' dir='ltr' id='par_1_31' title="bbox 549 3047 1844 3124">
     <span class='ocr_line' id='line_1_31' title="bbox 549 3047 1844 3124; baseline 0.007 -26"><span class='ocrx_word' id='word_1_179' title='bbox 549 3047 621 3098; x_wconf 82' lang='grc' dir='ltr'><em>Ἢ</em></span> <span class='ocrx_word' id='word_1_180' title='bbox 649 3048 780 3116; x_wconf 79' lang='grc' dir='ltr'><strong>γοῦν</strong></span> <span class='ocrx_word' id='word_1_181' title='bbox 811 3051 1162 3122; x_wconf 83' lang='grc' dir='ltr'><strong>προγάστωρ,</strong></span> <span class='ocrx_word' id='word_1_182' title='bbox 1194 3051 1227 3121; x_wconf 75' lang='grc' dir='ltr'>ἢ</span> <span class='ocrx_word' id='word_1_183' title='bbox 1257 3053 1635 3122; x_wconf 77' lang='grc' dir='ltr'><strong>δυσόφθαλμος</strong></span> <span class='ocrx_word' id='word_1_184' title='bbox 1659 3054 1844 3124; x_wconf 72' lang='grc' dir='ltr'><strong>μένοις</strong></span> 
     </span>
    </p>
   </div>
   <div class='ocr_carea' id='block_1_32' title="bbox 549 3139 1566 3216">
    <p class='ocr_par' dir='ltr' id='par_1_32' title="bbox 549 3139 1566 3216">
     <span class='ocr_line' id='line_1_32' title="bbox 549 3139 1566 3216; baseline 0.007 -25"><span class='ocrx_word' id='word_1_185' title='bbox 549 3139 842 3210; x_wconf 79' lang='grc' dir='ltr'><strong>Συνωχριῶ</strong></span> <span class='ocrx_word' id='word_1_186' title='bbox 870 3143 970 3212; x_wconf 79' lang='grc' dir='ltr'><strong>μὲν</strong></span> <span class='ocrx_word' id='word_1_187' title='bbox 1000 3144 1078 3214; x_wconf 85' lang='grc' dir='ltr'><strong>τῷ</strong></span> <span class='ocrx_word' id='word_1_188' title='bbox 1110 3145 1257 3214; x_wconf 81' lang='grc' dir='ltr'><strong>σοφῷ</strong></span> <span class='ocrx_word' id='word_1_189' title='bbox 1275 3145 1566 3216; x_wconf 81' lang='grc' dir='ltr'><strong>Βασιλείῳ,</strong></span> 
     </span>
    </p>
   </div>
   <div class='ocr_carea' id='block_1_33' title="bbox 549 3233 1566 3310">
    <p class='ocr_par' dir='ltr' id='par_1_33' title="bbox 549 3233 1566 3310">
     <span class='ocr_line' id='line_1_33' title="bbox 549 3233 1566 3310; baseline 0.006 -25"><span class='ocrx_word' id='word_1_190' title='bbox 549 3233 1043 3304; x_wconf 78' lang='grc' dir='ltr'><strong>Συλλοξοϐλεποίην</strong></span> <span class='ocrx_word' id='word_1_191' title='bbox 1069 3237 1126 3290; x_wconf 78' lang='grc' dir='ltr'><strong><em>δὲ</em></strong></span> <span class='ocrx_word' id='word_1_192' title='bbox 1149 3236 1227 3306; x_wconf 81' lang='grc' dir='ltr'><strong>τῷ</strong></span> <span class='ocrx_word' id='word_1_193' title='bbox 1257 3239 1566 3310; x_wconf 83' lang='grc' dir='ltr'><strong>Γρηγορίῳ,</strong></span> 
     </span>
    </p>
   </div>
   <div class='ocr_carea' id='block_1_34' title="bbox 549 3324 1754 3399">
    <p class='ocr_par' dir='ltr' id='par_1_34' title="bbox 549 3324 1754 3399">
     <span class='ocr_line' id='line_1_34' title="bbox 549 3324 1754 3399; baseline 0.007 -24"><span class='ocrx_word' id='word_1_194' title='bbox 549 3324 662 3376; x_wconf 84' lang='lat' dir='ltr'><strong><em>Kal</em></strong></span> <span class='ocrx_word' id='word_1_195' title='bbox 687 3327 1229 3395; x_wconf 83' lang='grc' dir='ltr'><strong>συγκατισχναίνοιμι</strong></span> <span class='ocrx_word' id='word_1_196' title='bbox 1257 3327 1335 3397; x_wconf 82' lang='grc' dir='ltr'><strong>τῷ</strong></span> <span class='ocrx_word' id='word_1_197' title='bbox 1359 3327 1754 3399; x_wconf 86' lang='grc' dir='ltr'><strong>Χρυσοστόμῳ.</strong></span> 
     </span>
    </p>
   </div>
   <div class='ocr_carea' id='block_1_35' title="bbox 549 3413 1712 3488">
    <p class='ocr_par' dir='ltr' id='par_1_35' title="bbox 549 3413 1712 3488">
     <span class='ocr_line' id='line_1_35' title="bbox 549 3413 1712 3488; baseline 0.004 -20"><span class='ocrx_word' id='word_1_198' title='bbox 549 3414 614 3468; x_wconf 81' lang='lat' dir='ltr'><strong><em>Ei</em></strong></span> <span class='ocrx_word' id='word_1_199' title='bbox 641 3413 813 3468; x_wconf 82' lang='grc' dir='ltr'><strong>ταῦτα</strong></span> <span class='ocrx_word' id='word_1_200' title='bbox 843 3418 1002 3486; x_wconf 78' lang='grc' dir='ltr'><strong>τυχὸν</strong></span> <span class='ocrx_word' id='word_1_201' title='bbox 1032 3418 1127 3470; x_wconf 77' lang='grc' dir='ltr'><strong>καὶ</strong></span> <span class='ocrx_word' id='word_1_202' title='bbox 1155 3419 1223 3471; x_wconf 65' lang='grc' dir='ltr'>τὰ</span> <span class='ocrx_word' id='word_1_203' title='bbox 1251 3418 1459 3483; x_wconf 72' lang='grc' dir='ltr'><strong>τούτοις</strong></span> <span class='ocrx_word' id='word_1_204' title='bbox 1481 3421 1712 3488; x_wconf 80' lang='grc' dir='ltr'><strong>ἐγγύθεν</strong></span> 
     </span>
    </p>
   </div>
   <div class='ocr_carea' id='block_1_36' title="bbox 549 3585 2142 3655">
    <p class='ocr_par' dir='ltr' id='par_1_36' title="bbox 549 3585 2142 3655">
     <span class='ocr_line' id='line_1_36' title="bbox 549 3585 2142 3655; baseline 0.002 -19"><span class='ocrx_word' id='word_1_205' title='bbox 549 3597 732 3636; x_wconf 79' lang='lat' dir='ltr'><strong><em>sumus</em></strong></span> <span class='ocrx_word' id='word_1_206' title='bbox 757 3598 881 3636; x_wconf 86' lang='lat' dir='ltr'><strong><em>num</em></strong></span> <span class='ocrx_word' id='word_1_207' title='bbox 915 3591 1070 3651; x_wconf 77' lang='lat' dir='ltr'><strong><em>putas</em></strong></span> <span class='ocrx_word' id='word_1_208' title='bbox 1097 3590 1272 3638; x_wconf 96' lang='lat' dir='ltr'><strong><em>omnia</em></strong></span> <span class='ocrx_word' id='word_1_209' title='bbox 1307 3585 1630 3640; x_wconf 88' lang='lat' dir='ltr'><strong><em>observanda</em></strong></span> <span class='ocrx_word' id='word_1_210' title='bbox 1661 3601 1773 3640; x_wconf 90' lang='lat' dir='ltr'><strong><em>esse</em></strong></span> <span class='ocrx_word' id='word_1_211' title='bbox 1800 3586 1914 3640; x_wconf 83' lang='lat' dir='ltr'><strong><em>sine</em></strong></span> <span class='ocrx_word' id='word_1_212' title='bbox 1961 3601 2142 3655; x_wconf 81' lang='lat' dir='ltr'><strong><em>repre-</em></strong></span> 
     </span>
    </p>
   </div>
   <div class='ocr_carea' id='block_1_37' title="bbox 551 3674 2128 3746">
    <p class='ocr_par' dir='ltr' id='par_1_37' title="bbox 551 3674 2128 3746">
     <span class='ocr_line' id='line_1_37' title="bbox 551 3674 2128 3746; baseline -0.001 -18"><span class='ocrx_word' id='word_1_213' title='bbox 551 3674 841 3731; x_wconf 77' lang='lat' dir='ltr'><strong><em>hensione?</em></strong></span> <span class='ocrx_word' id='word_1_214' title='bbox 891 3675 1036 3732; x_wconf 78' lang='lat' dir='ltr'><strong><em>Num</em></strong></span> <span class='ocrx_word' id='word_1_215' title='bbox 1091 3677 1478 3746; x_wconf 74' lang='lat' dir='ltr'><strong><em>jusjurandum</em></strong></span> <span class='ocrx_word' id='word_1_216' title='bbox 1533 3695 1652 3745; x_wconf 87' lang='lat' dir='ltr'><strong><em>cum</em></strong></span> <span class='ocrx_word' id='word_1_217' title='bbox 1699 3677 1804 3745; x_wconf 79' lang='lat' dir='ltr'><strong><em>fide</em></strong></span> <span class='ocrx_word' id='word_1_218' title='bbox 1849 3692 2128 3746; x_wconf 74' lang='lat' dir='ltr'><strong><em>sequemur</em></strong></span> 
     </span>
    </p>
   </div>
   <div class='ocr_carea' id='block_1_38' title="bbox 553 3767 2129 3836">
    <p class='ocr_par' dir='ltr' id='par_1_38' title="bbox 553 3767 2129 3836">
     <span class='ocr_line' id='line_1_38' title="bbox 553 3767 2129 3836; baseline -0.001 -14"><span class='ocrx_word' id='word_1_219' title='bbox 553 3767 948 3836; x_wconf 77' lang='lat' dir='ltr'><strong><em>malignumque</em></strong></span> <span class='ocrx_word' id='word_1_220' title='bbox 979 3777 1230 3822; x_wconf 88' lang='lat' dir='ltr'><strong><em>naturam</em></strong></span> <span class='ocrx_word' id='word_1_221' title='bbox 1261 3769 1676 3823; x_wconf 72' lang='lat' dir='ltr'><strong><em>accumbimus?</em></strong></span> <span class='ocrx_word' id='word_1_222' title='bbox 1705 3767 1763 3824; x_wconf 89' lang='lat' dir='ltr'><strong><em>Si</em></strong></span> <span class='ocrx_word' id='word_1_223' title='bbox 1795 3769 1932 3824; x_wconf 86' lang='lat' dir='ltr'><strong><em>enim</em></strong></span> <span class='ocrx_word' id='word_1_224' title='bbox 1976 3783 2129 3836; x_wconf 66' lang='lat' dir='ltr'><strong><em>nugas</em></strong></span> 
     </span>
    </p>
   </div>
   <div class='ocr_carea' id='block_1_39' title="bbox 555 3861 2124 3942">
    <p class='ocr_par' dir='ltr' id='par_1_39' title="bbox 555 3861 2124 3929">
     <span class='ocr_line' id='line_1_39' title="bbox 555 3861 2124 3929; baseline 0 -17"><span class='ocrx_word' id='word_1_225' title='bbox 555 3863 767 3913; x_wconf 87' lang='lat' dir='ltr'><strong><em>modum</em></strong></span> <span class='ocrx_word' id='word_1_226' title='bbox 788 3877 888 3915; x_wconf 88' lang='lat' dir='ltr'><strong><em>non</em></strong></span> <span class='ocrx_word' id='word_1_227' title='bbox 917 3861 1257 3916; x_wconf 71' lang='lat' dir='ltr'><strong><em>excessissent</em></strong></span> <span class='ocrx_word' id='word_1_228' title='bbox 1278 3876 1297 3923; x_wconf 89' lang='lat'><em>;</em></span> <span class='ocrx_word' id='word_1_229' title='bbox 1315 3862 1362 3912; x_wconf 87' lang='lat' dir='ltr'><strong><em>si</em></strong></span> <span class='ocrx_word' id='word_1_230' title='bbox 1379 3861 1673 3929; x_wconf 89' lang='lat' dir='ltr'><strong><em>fortunam,</em></strong></span> <span class='ocrx_word' id='word_1_231' title='bbox 1699 3862 1746 3913; x_wconf 90' lang='lat' dir='ltr'><strong><em>si</em></strong></span> <span class='ocrx_word' id='word_1_232' title='bbox 1764 3876 1925 3928; x_wconf 88' lang='lat' dir='ltr'><strong><em>genus</em></strong></span> <span class='ocrx_word' id='word_1_233' title='bbox 1953 3873 2124 3925; x_wconf 86' lang='lat' dir='ltr'><strong><em>repre-</em></strong></span> 
     </span>
    </p>
   </div>
   <div class='ocr_carea' id='block_1_40' title="bbox 447 3948 2123 4019">
    <p class='ocr_par' dir='ltr' id='par_1_40' title="bbox 447 3948 2123 4019">
     <span class='ocr_line' id='line_1_40' title="bbox 447 3948 2123 4019; baseline 0.001 -18"><span class='ocrx_word' id='word_1_234' title='bbox 447 4003 454 4007; x_wconf 94' lang='lat'><em>_</em></span> <span class='ocrx_word' id='word_1_235' title='bbox 553 3949 795 4003; x_wconf 83' lang='lat' dir='ltr'><strong><em>[tenderet</em></strong></span> <span class='ocrx_word' id='word_1_236' title='bbox 817 3968 837 4014; x_wconf 83' lang='lat'><em>;</em></span> <span class='ocrx_word' id='word_1_237' title='bbox 857 3951 904 4004; x_wconf 93' lang='lat' dir='ltr'><strong><em>si</em></strong></span> <span class='ocrx_word' id='word_1_238' title='bbox 935 3961 1143 4004; x_wconf 63' lang='lat' dir='ltr'><strong><em>natura</em></strong></span> <span class='ocrx_word' id='word_1_239' title='bbox 1167 3950 1556 4019; x_wconf 85' lang='lat' dir='ltr'><strong><em>malignitatem</em></strong></span> <span class='ocrx_word' id='word_1_240' title='bbox 1581 3949 1776 4012; x_wconf 89' lang='lat' dir='ltr'><strong><em>solam;</em></strong></span> <span class='ocrx_word' id='word_1_241' title='bbox 1807 3951 1852 4002; x_wconf 92' lang='lat' dir='ltr'><strong><em>si</em></strong></span> <span class='ocrx_word' id='word_1_242' title='bbox 1871 3948 2123 4002; x_wconf 83' lang='lat' dir='ltr'><strong><em>indocili-</em></strong></span> 
     </span>
    </p>
   </div>
   <div class='ocr_carea' id='block_1_41' title="bbox 556 4041 2119 4110">
    <p class='ocr_par' dir='ltr' id='par_1_41' title="bbox 556 4041 2119 4110">
     <span class='ocr_line' id='line_1_41' title="bbox 556 4041 2119 4110; baseline 0.001 -16"><span class='ocrx_word' id='word_1_243' title='bbox 556 4050 740 4105; x_wconf 86' lang='lat' dir='ltr'><strong><em>tntem,</em></strong></span> <span class='ocrx_word' id='word_1_244' title='bbox 775 4043 824 4095; x_wconf 90' lang='lat' dir='ltr'><strong><em>si</em></strong></span> <span class='ocrx_word' id='word_1_245' title='bbox 845 4059 1048 4095; x_wconf 83' lang='lat' dir='ltr'><strong><em>morum</em></strong></span> <span class='ocrx_word' id='word_1_246' title='bbox 1073 4043 1390 4110; x_wconf 75' lang='lat' dir='ltr'><strong><em>pravitatem</em></strong></span> <span class='ocrx_word' id='word_1_247' title='bbox 1412 4051 1730 4108; x_wconf 82' lang='lat' dir='ltr'><strong><em>accusasset,</em></strong></span> <span class='ocrx_word' id='word_1_248' title='bbox 1755 4056 1889 4110; x_wconf 75' lang='lat' dir='ltr'><strong><em>tegre</em></strong></span> <span class='ocrx_word' id='word_1_249' title='bbox 1909 4041 2119 4109; x_wconf 87' lang='lat' dir='ltr'><strong><em>quidem</em></strong></span> 
     </span>
    </p>
   </div>
   <div class='ocr_carea' id='block_1_42' title="bbox 557 4127 2118 4205">
    <p class='ocr_par' dir='ltr' id='par_1_42' title="bbox 557 4127 2118 4205">
     <span class='ocr_line' id='line_1_42' title="bbox 557 4127 2118 4205; baseline 0.001 -19"><span class='ocrx_word' id='word_1_250' title='bbox 557 4134 769 4202; x_wconf 78' lang='lat' dir='ltr'><strong><em>ferrem,</em></strong></span> <span class='ocrx_word' id='word_1_251' title='bbox 801 4133 894 4188; x_wconf 86' lang='lat' dir='ltr'><strong><em>sed</em></strong></span> <span class='ocrx_word' id='word_1_252' title='bbox 923 4133 1059 4203; x_wconf 87' lang='lat' dir='ltr'><strong><em>ferre</em></strong></span> <span class='ocrx_word' id='word_1_253' title='bbox 1095 4151 1197 4188; x_wconf 92' lang='lat' dir='ltr'><strong><em>non</em></strong></span> <span class='ocrx_word' id='word_1_254' title='bbox 1228 4151 1443 4205; x_wconf 86' lang='lat' dir='ltr'><strong><em>prorsus</em></strong></span> <span class='ocrx_word' id='word_1_255' title='bbox 1489 4150 1807 4199; x_wconf 77' lang='lat' dir='ltr'><strong><em>recusarem,</em></strong></span> <span class='ocrx_word' id='word_1_256' title='bbox 1853 4149 1944 4187; x_wconf 90' lang='lat' dir='ltr'><strong><em>nec</em></strong></span> <span class='ocrx_word' id='word_1_257' title='bbox 1982 4127 2118 4202; x_wconf 84' lang='lat' dir='ltr'><strong><em>leges</em></strong></span> 
     </span>
    </p>
   </div>
   <div class='ocr_carea' id='block_1_43' title="bbox 559 4222 2119 4290">
    <p class='ocr_par' dir='ltr' id='par_1_43' title="bbox 559 4222 2119 4290">
     <span class='ocr_line' id='line_1_43' title="bbox 559 4222 2119 4290; baseline -0.001 -13"><span class='ocrx_word' id='word_1_258' title='bbox 559 4225 698 4277; x_wconf 90' lang='lat' dir='ltr'><strong><em>latas</em></strong></span> <span class='ocrx_word' id='word_1_259' title='bbox 775 4239 1104 4290; x_wconf 85' lang='lat' dir='ltr'><strong><em>aspernarer.</em></strong></span> <span class='ocrx_word' id='word_1_260' title='bbox 1165 4224 1304 4289; x_wconf 84' lang='lat' dir='ltr'><strong><em>Quid</em></strong></span> <span class='ocrx_word' id='word_1_261' title='bbox 1376 4225 1512 4278; x_wconf 83' lang='lat' dir='ltr'><strong><em>enim</em></strong></span> <span class='ocrx_word' id='word_1_262' title='bbox 1575 4224 1911 4278; x_wconf 73' lang='lat' dir='ltr'><strong><em>incusatur?</em></strong></span> <span class='ocrx_word' id='word_1_263' title='bbox 1995 4222 2119 4277; x_wconf 92' lang='lat' dir='ltr'><strong><em>Vita</em></strong></span> 
     </span>
    </p>
   </div>
   <div class='ocr_carea' id='block_1_44' title="bbox 560 4315 2117 4384">
    <p class='ocr_par' dir='ltr' id='par_1_44' title="bbox 560 4315 2117 4384">
     <span class='ocr_line' id='line_1_44' title="bbox 560 4315 2117 4384; baseline 0 -17"><span class='ocrx_word' id='word_1_264' title='bbox 560 4329 880 4377; x_wconf 72' lang='lat' dir='ltr'><strong><em>terumnosa,</em></strong></span> <span class='ocrx_word' id='word_1_265' title='bbox 917 4315 1003 4366; x_wconf 89' lang='lat' dir='ltr'><strong><em>ubi</em></strong></span> <span class='ocrx_word' id='word_1_266' title='bbox 1034 4326 1243 4383; x_wconf 90' lang='lat' dir='ltr'><strong><em>propter</em></strong></span> <span class='ocrx_word' id='word_1_267' title='bbox 1289 4331 1382 4368; x_wconf 90' lang='lat' dir='ltr'><strong><em>nos</em></strong></span> <span class='ocrx_word' id='word_1_268' title='bbox 1418 4315 1556 4368; x_wconf 84' lang='lat' dir='ltr'><strong><em>Deus</em></strong></span> <span class='ocrx_word' id='word_1_269' title='bbox 1590 4317 1702 4384; x_wconf 85' lang='lat' dir='ltr'><strong><em>ipse</em></strong></span> <span class='ocrx_word' id='word_1_270' title='bbox 1732 4330 1930 4382; x_wconf 84' lang='lat' dir='ltr'><strong><em>pauper</em></strong></span> <span class='ocrx_word' id='word_1_271' title='bbox 1951 4315 2117 4383; x_wconf 83' lang='lat' dir='ltr'><strong><em>jacet,</em></strong></span> 
     </span>
    </p>
   </div>
   <div class='ocr_carea' id='block_1_45' title="bbox 1736 290 2583 358">
    <p class='ocr_par' dir='ltr' id='par_1_45' title="bbox 1736 290 2583 358">
     <span class='ocr_line' id='line_1_45' title="bbox 1736 290 2583 358; baseline 0.011 -9"><span class='ocrx_word' id='word_1_272' title='bbox 1736 290 2128 352; x_wconf 71' lang='lat' dir='ltr'><strong><em>TIIEODORI</em></strong></span> <span class='ocrx_word' id='word_1_273' title='bbox 2176 294 2583 358; x_wconf 70' lang='lat' dir='ltr'><strong><em>PRODROMI</em></strong></span> 
     </span>
    </p>
   </div>
   <div class='ocr_carea' id='block_1_46' title="bbox 2119 405 3342 483">
    <p class='ocr_par' dir='ltr' id='par_1_46' title="bbox 2119 405 3342 483">
     <span class='ocr_line' id='line_1_46' title="bbox 2119 405 3342 483; baseline -0.003 -17"><span class='ocrx_word' id='word_1_274' title='bbox 2119 413 2162 466; x_wconf 77' lang='grc' dir='ltr'><strong>Α</strong></span> <span class='ocrx_word' id='word_1_275' title='bbox 2207 411 2644 483; x_wconf 77' lang='grc' dir='ltr'><strong>Ἐλοιδορούμην,</strong></span> <span class='ocrx_word' id='word_1_276' title='bbox 2673 405 2818 482; x_wconf 74' lang='grc' dir='ltr'><strong>εἶχον</strong></span> <span class='ocrx_word' id='word_1_277' title='bbox 2849 409 3094 480; x_wconf 77' lang='grc' dir='ltr'><strong>εὐφόρως</strong></span> <span class='ocrx_word' id='word_1_278' title='bbox 3124 411 3308 480; x_wconf 76' lang='grc' dir='ltr'><strong>φέρειν</strong></span> <span class='ocrx_word' id='word_1_279' title='bbox 3327 453 3342 474; x_wconf 92' lang='grc'><strong>,</strong></span> 
     </span>
    </p>
   </div>
   <div class='ocr_carea' id='block_1_47' title="bbox 3637 298 3794 362">
    <p class='ocr_par' dir='ltr' id='par_1_47' title="bbox 3637 298 3794 362">
     <span class='ocr_line' id='line_1_47' title="bbox 3637 298 3794 362; baseline -0.019 0"><span class='ocrx_word' id='word_1_280' title='bbox 3637 298 3794 362; x_wconf 70' lang='grc'><strong><em>1403</em></strong></span> 
     </span>
    </p>
   </div>
   <div class='ocr_carea' id='block_1_48' title="bbox 2199 498 3355 570">
    <p class='ocr_par' dir='ltr' id='par_1_48' title="bbox 2199 498 3355 570">
     <span class='ocr_line' id='line_1_48' title="bbox 2199 498 3355 570; baseline -0.005 -16"><span class='ocrx_word' id='word_1_281' title='bbox 2199 501 2598 569; x_wconf 84' lang='grc' dir='ltr'><strong>Εὐαγγελικαῖς</strong></span> <span class='ocrx_word' id='word_1_282' title='bbox 2630 502 2964 570; x_wconf 82' lang='grc' dir='ltr'><strong>προσταγαῖς</strong></span> <span class='ocrx_word' id='word_1_283' title='bbox 2993 498 3355 567; x_wconf 77' lang='grc' dir='ltr'><strong>πεπεισμένος</strong></span> 
     </span>
    </p>
   </div>
   <div class='ocr_carea' id='block_1_49' title="bbox 2197 589 3426 662">
    <p class='ocr_par' dir='ltr' id='par_1_49' title="bbox 2197 589 3426 662">
     <span class='ocr_line' id='line_1_49' title="bbox 2197 589 3426 662; baseline -0.005 -15"><span class='ocrx_word' id='word_1_284' title='bbox 2197 593 2268 647; x_wconf 82' lang='grc' dir='ltr'><strong><em>Αἰ</em></strong></span> <span class='ocrx_word' id='word_1_285' title='bbox 2307 609 2462 662; x_wconf 84' lang='grc' dir='ltr'><strong>φασι,</strong></span> <span class='ocrx_word' id='word_1_286' title='bbox 2495 612 2513 644; x_wconf 82' lang='grc' dir='ltr'><strong>ι</strong></span> <span class='ocrx_word' id='word_1_287' title='bbox 2552 591 2644 660; x_wconf 85' lang='grc' dir='ltr'><strong><em>Τῷ</em></strong></span> <span class='ocrx_word' id='word_1_288' title='bbox 2675 591 2908 661; x_wconf 66' lang='grc' dir='ltr'><strong>τύψαντι</strong></span> <span class='ocrx_word' id='word_1_289' title='bbox 2939 591 3037 658; x_wconf 76' lang='grc' dir='ltr'><strong><em>τὴν</em></strong></span> <span class='ocrx_word' id='word_1_290' title='bbox 3065 591 3196 658; x_wconf 87' lang='grc' dir='ltr'><strong>μίαν</strong></span> <span class='ocrx_word' id='word_1_291' title='bbox 3226 589 3426 657; x_wconf 81' lang='grc' dir='ltr'><strong>γνάθον</strong></span> 
     </span>
    </p>
   </div>
   <div class='ocr_carea' id='block_1_50' title="bbox 2200 680 3444 755">
    <p class='ocr_par' dir='ltr' id='par_1_50' title="bbox 2200 680 3444 755">
     <span class='ocr_line' id='line_1_50' title="bbox 2200 680 3444 755; baseline -0.004 -19"><span class='ocrx_word' id='word_1_292' title='bbox 2200 685 2309 736; x_wconf 83' lang='lat' dir='ltr'><strong><em>Kal</em></strong></span> <span class='ocrx_word' id='word_1_293' title='bbox 2339 683 2590 755; x_wconf 82' lang='grc' dir='ltr'><strong>θατέραν,</strong></span> <span class='ocrx_word' id='word_1_294' title='bbox 2627 684 2905 753; x_wconf 79' lang='grc' dir='ltr'><strong><em>ἄνθρωπε,</em></strong></span> <span class='ocrx_word' id='word_1_295' title='bbox 2933 683 3190 735; x_wconf 83' lang='grc' dir='ltr'><strong>τύπτοντι</strong></span> <span class='ocrx_word' id='word_1_296' title='bbox 3223 680 3444 751; x_wconf 63' lang='grc' dir='ltr'><strong>στρέφε.</strong></span> 
     </span>
    </p>
   </div>
   <div class='ocr_carea' id='block_1_51' title="bbox 2201 775 3359 848">
    <p class='ocr_par' dir='ltr' id='par_1_51' title="bbox 2201 775 3359 848">
     <span class='ocr_line' id='line_1_51' title="bbox 2201 775 3359 848; baseline 0 -20"><span class='ocrx_word' id='word_1_297' title='bbox 2201 775 2299 828; x_wconf 61' lang='lat' dir='ltr'><strong><em>“Av</em></strong></span> <span class='ocrx_word' id='word_1_298' title='bbox 2339 775 2620 846; x_wconf 73' lang='grc' dir='ltr'><strong>θοιμάτιον</strong></span> <span class='ocrx_word' id='word_1_299' title='bbox 2646 777 2958 848; x_wconf 70' lang='grc' dir='ltr'><strong>λῃστρικῶς</strong></span> <span class='ocrx_word' id='word_1_300' title='bbox 2985 775 3204 848; x_wconf 76' lang='grc' dir='ltr'><strong><em>ἧρπαζέ</em></strong></span> <span class='ocrx_word' id='word_1_301' title='bbox 3235 795 3359 844; x_wconf 89' lang='grc' dir='ltr'><strong>μου,</strong></span> 
     </span>
    </p>
   </div>
   <div class='ocr_carea' id='block_1_52' title="bbox 2213 864 3376 938">
    <p class='ocr_par' dir='ltr' id='par_1_52' title="bbox 2213 864 3376 938">
     <span class='ocr_line' id='line_1_52' title="bbox 2213 864 3376 938; baseline 0.005 -18"><span class='ocrx_word' id='word_1_302' title='bbox 2213 864 2428 930; x_wconf 77' lang='grc' dir='ltr'><strong>ὀτι-οἶος</strong></span> <span class='ocrx_word' id='word_1_303' title='bbox 2464 866 2614 938; x_wconf 82' lang='grc' dir='ltr'><strong>αὐτῷ</strong></span> <span class='ocrx_word' id='word_1_304' title='bbox 2645 867 3126 938; x_wconf 78' lang='grc' dir='ltr'><strong>βαρϐαρογνὼμων</strong></span> <span class='ocrx_word' id='word_1_305' title='bbox 3155 867 3376 934; x_wconf 75' lang='grc' dir='ltr'><strong>τρόπος.</strong></span> 
     </span>
    </p>
   </div>
   <div class='ocr_carea' id='block_1_53' title="bbox 2201 940 3288 1026">
    <p class='ocr_par' dir='ltr' id='par_1_53' title="bbox 2201 957 3288 1026">
     <span class='ocr_line' id='line_1_53' title="bbox 2201 957 3288 1026; baseline -0.002 -15"><span class='ocrx_word' id='word_1_306' title='bbox 2201 958 2313 1011; x_wconf 77' lang='grc' dir='ltr'><strong><em>Καὶ</em></strong></span> <span class='ocrx_word' id='word_1_307' title='bbox 2351 957 2442 1010; x_wconf 73' lang='grc' dir='ltr'><strong>τὸν</strong></span> <span class='ocrx_word' id='word_1_308' title='bbox 2473 958 2675 1026; x_wconf 83' lang='grc' dir='ltr'><strong>χιτῶνα</strong></span> <span class='ocrx_word' id='word_1_309' title='bbox 2701 958 2978 1025; x_wconf 84' lang='grc' dir='ltr'><strong>συντόμως</strong></span> <span class='ocrx_word' id='word_1_310' title='bbox 3002 957 3288 1021; x_wconf 82' lang='grc' dir='ltr'><strong>συνεξέδυν</strong></span> 
     </span>
    </p>
   </div>
   <div class='ocr_carea' id='block_1_54' title="bbox 2203 1048 3252 1119">
    <p class='ocr_par' dir='ltr' id='par_1_54' title="bbox 2203 1048 3252 1119">
     <span class='ocr_line' id='line_1_54' title="bbox 2203 1048 3252 1119; baseline 0.001 -17"><span class='ocrx_word' id='word_1_311' title='bbox 2203 1049 2324 1118; x_wconf 85' lang='grc' dir='ltr'><strong><em>Θεῷ</em></strong></span> <span class='ocrx_word' id='word_1_312' title='bbox 2353 1048 2630 1111; x_wconf 83' lang='grc' dir='ltr'><strong>πεποιθὼς</strong></span> <span class='ocrx_word' id='word_1_313' title='bbox 2669 1049 3044 1119; x_wconf 76' lang='grc' dir='ltr'><strong>ἀμφιεσθῆναι</strong></span> <span class='ocrx_word' id='word_1_314' title='bbox 3069 1049 3252 1112; x_wconf 82' lang='grc' dir='ltr'><strong>πάλιν,</strong></span> 
     </span>
    </p>
   </div>
   <div class='ocr_carea' id='block_1_55' title="bbox 2204 1141 3342 1212">
    <p class='ocr_par' dir='ltr' id='par_1_55' title="bbox 2204 1141 3342 1212">
     <span class='ocr_line' id='line_1_55' title="bbox 2204 1141 3342 1212; baseline 0.001 -16"><span class='ocrx_word' id='word_1_315' title='bbox 2204 1141 2296 1210; x_wconf 85' lang='grc' dir='ltr'>Τῷ</span> <span class='ocrx_word' id='word_1_316' title='bbox 2330 1145 2424 1194; x_wconf 71' lang='grc' dir='ltr'><strong><em>καὶ</em></strong></span> <span class='ocrx_word' id='word_1_317' title='bbox 2447 1143 2507 1194; x_wconf 80' lang='grc' dir='ltr'>τὸ</span> <span class='ocrx_word' id='word_1_318' title='bbox 2530 1141 2722 1194; x_wconf 58' lang='grc' dir='ltr'><strong>λευκδιν</strong></span> <span class='ocrx_word' id='word_1_319' title='bbox 2747 1141 3112 1195; x_wconf 80' lang='grc' dir='ltr'><strong>ἐνδιδύσκοντι</strong></span> <span class='ocrx_word' id='word_1_320' title='bbox 3137 1143 3342 1212; x_wconf 83' lang='grc' dir='ltr'><strong>κρίνον.</strong></span> 
     </span>
    </p>
   </div>
   <div class='ocr_carea' id='block_1_56' title="bbox 2216 1229 3381 1305">
    <p class='ocr_par' dir='ltr' id='par_1_56' title="bbox 2216 1229 3381 1305">
     <span class='ocr_line' id='line_1_56' title="bbox 2216 1229 3381 1305; baseline 0 -17"><span class='ocrx_word' id='word_1_321' title='bbox 2216 1234 2373 1288; x_wconf 77' lang='grc' dir='ltr'><strong><em>Ἐπεὶ</em></strong></span> <span class='ocrx_word' id='word_1_322' title='bbox 2400 1233 2457 1286; x_wconf 71' lang='grc' dir='ltr'><strong>δὲ</strong></span> <span class='ocrx_word' id='word_1_323' title='bbox 2484 1234 2544 1286; x_wconf 78' lang='grc' dir='ltr'><strong>τὸ</strong></span> <span class='ocrx_word' id='word_1_324' title='bbox 2571 1232 2884 1304; x_wconf 83' lang='grc' dir='ltr'><strong>κράτιστον,</strong></span> <span class='ocrx_word' id='word_1_325' title='bbox 2906 1229 2981 1288; x_wconf 81' lang='grc' dir='ltr'><strong><em>ὧν</em></strong></span> <span class='ocrx_word' id='word_1_326' title='bbox 3007 1234 3226 1288; x_wconf 84' lang='grc' dir='ltr'><strong>πάντων</strong></span> <span class='ocrx_word' id='word_1_327' title='bbox 3250 1234 3381 1305; x_wconf 71' lang='grc' dir='ltr'><strong>ἔχω,</strong></span> 
     </span>
    </p>
   </div>
   <div class='ocr_carea' id='block_1_57' title="bbox 2205 1323 3419 1396">
    <p class='ocr_par' dir='ltr' id='par_1_57' title="bbox 2205 1323 3419 1396">
     <span class='ocr_line' id='line_1_57' title="bbox 2205 1323 3419 1396; baseline 0.001 -19"><span class='ocrx_word' id='word_1_328' title='bbox 2205 1323 2360 1387; x_wconf 73' lang='grc' dir='ltr'><strong>Θεὸν,</strong></span> <span class='ocrx_word' id='word_1_329' title='bbox 2385 1323 2522 1396; x_wconf 77' lang='grc' dir='ltr'><strong>συλᾷ</strong></span> <span class='ocrx_word' id='word_1_330' title='bbox 2563 1341 2664 1393; x_wconf 87' lang='grc' dir='ltr'><strong><em>μου</em></strong></span> <span class='ocrx_word' id='word_1_331' title='bbox 2692 1326 2780 1379; x_wconf 80' lang='grc' dir='ltr'><strong><em>καὶ</em></strong></span> <span class='ocrx_word' id='word_1_332' title='bbox 2807 1327 2990 1395; x_wconf 80' lang='grc' dir='ltr'><strong>στερεῖ</strong></span> <span class='ocrx_word' id='word_1_333' title='bbox 3026 1325 3136 1379; x_wconf 90' lang='grc' dir='ltr'><strong>τῶν</strong></span> <span class='ocrx_word' id='word_1_334' title='bbox 3164 1325 3419 1392; x_wconf 83' lang='grc' dir='ltr'><strong>ἐλπίδων,</strong></span> 
     </span>
    </p>
   </div>
   <div class='ocr_carea' id='block_1_58' title="bbox 2207 1415 3304 1488">
    <p class='ocr_par' dir='ltr' id='par_1_58' title="bbox 2207 1415 3304 1488">
     <span class='ocr_line' id='line_1_58' title="bbox 2207 1415 3304 1488; baseline 0 -18"><span class='ocrx_word' id='word_1_335' title='bbox 2207 1418 2316 1470; x_wconf 80' lang='lat' dir='ltr'><strong><em>Kal</em></strong></span> <span class='ocrx_word' id='word_1_336' title='bbox 2347 1415 2668 1473; x_wconf 82' lang='grc' dir='ltr'><strong>δυσσέϐειαν</strong></span> <span class='ocrx_word' id='word_1_337' title='bbox 2701 1417 2919 1485; x_wconf 75' lang='grc' dir='ltr'><strong>ἐγκαλεῖ</strong></span> <span class='ocrx_word' id='word_1_338' title='bbox 2941 1433 3042 1486; x_wconf 87' lang='grc' dir='ltr'><strong><em>μου</em></strong></span> <span class='ocrx_word' id='word_1_339' title='bbox 3074 1417 3151 1486; x_wconf 82' lang='grc' dir='ltr'>τῷ</span> <span class='ocrx_word' id='word_1_340' title='bbox 3185 1417 3304 1488; x_wconf 85' lang='grc' dir='ltr'><strong>βίῳ,</strong></span> 
     </span>
    </p>
   </div>
   <div class='ocr_carea' id='block_1_59' title="bbox 2221 1505 3231 1577">
    <p class='ocr_par' dir='ltr' id='par_1_59' title="bbox 2221 1505 3231 1577">
     <span class='ocr_line' id='line_1_59' title="bbox 2221 1505 3231 1577; baseline 0 -18"><span class='ocrx_word' id='word_1_341' title='bbox 2221 1508 2309 1570; x_wconf 82' lang='grc' dir='ltr'><strong>Ἐς</strong></span> <span class='ocrx_word' id='word_1_342' title='bbox 2350 1505 2482 1576; x_wconf 76' lang='grc' dir='ltr'><strong>ὕψος</strong></span> <span class='ocrx_word' id='word_1_343' title='bbox 2510 1507 2753 1577; x_wconf 77' lang='grc' dir='ltr'><strong>ἀδίκημα</strong></span> <span class='ocrx_word' id='word_1_344' title='bbox 2781 1507 3021 1576; x_wconf 79' lang='grc' dir='ltr'><strong>λαλήσας</strong></span> <span class='ocrx_word' id='word_1_345' title='bbox 3053 1507 3197 1576; x_wconf 85' lang='grc' dir='ltr'><strong>μέγα</strong></span> <span class='ocrx_word' id='word_1_346' title='bbox 3215 1525 3231 1540; x_wconf 78' lang='grc' dir='ltr'><strong><em>ο</em></strong></span> 
     </span>
    </p>
   </div>
   <div class='ocr_carea' id='block_1_60' title="bbox 2209 1592 3488 1668">
    <p class='ocr_par' dir='ltr' id='par_1_60' title="bbox 2209 1592 3488 1668">
     <span class='ocr_line' id='line_1_60' title="bbox 2209 1592 3488 1668; baseline 0.001 -17"><span class='ocrx_word' id='word_1_347' title='bbox 2209 1592 2282 1651; x_wconf 78' lang='grc' dir='ltr'>Ὅ</span> <span class='ocrx_word' id='word_1_348' title='bbox 2320 1596 2452 1667; x_wconf 81' lang='grc' dir='ltr'><strong><em>πῦρ,</em></strong></span> <span class='ocrx_word' id='word_1_349' title='bbox 2488 1598 2899 1668; x_wconf 70' lang='grc' dir='ltr'><strong>καταρῤάγηθι,</strong></span> <span class='ocrx_word' id='word_1_350' title='bbox 2924 1597 3118 1666; x_wconf 74' lang='grc' dir='ltr'><strong>φλέξον</strong></span> <span class='ocrx_word' id='word_1_351' title='bbox 3150 1598 3252 1667; x_wconf 80' lang='grc' dir='ltr'><strong>τὴν</strong></span> <span class='ocrx_word' id='word_1_352' title='bbox 3289 1598 3488 1652; x_wconf 84' lang='grc' dir='ltr'><strong>κτίσιν.</strong></span> 
     </span>
    </p>
   </div>
   <div class='ocr_carea' id='block_1_61' title="bbox 2211 1689 3388 1760">
    <p class='ocr_par' dir='ltr' id='par_1_61' title="bbox 2211 1689 3388 1760">
     <span class='ocr_line' id='line_1_61' title="bbox 2211 1689 3388 1760; baseline 0.001 -19"><span class='ocrx_word' id='word_1_353' title='bbox 2211 1689 2488 1759; x_wconf 80' lang='grc' dir='ltr'><strong>Σείσθητι,</strong></span> <span class='ocrx_word' id='word_1_354' title='bbox 2529 1689 2625 1759; x_wconf 84' lang='grc' dir='ltr'><strong>γῆ,</strong></span> <span class='ocrx_word' id='word_1_355' title='bbox 2660 1689 2940 1760; x_wconf 84' lang='grc' dir='ltr'><strong>σϐέσθητι,</strong></span> <span class='ocrx_word' id='word_1_356' title='bbox 2974 1689 3176 1759; x_wconf 83' lang='grc' dir='ltr'><strong>φέγγος</strong></span> <span class='ocrx_word' id='word_1_357' title='bbox 3210 1691 3388 1759; x_wconf 81' lang='grc' dir='ltr'><strong>ἡλίου·</strong></span> 
     </span>
    </p>
   </div>
   <div class='ocr_carea' id='block_1_62' title="bbox 2131 1751 3441 1847">
    <p class='ocr_par' dir='ltr' id='par_1_62' title="bbox 2131 1751 3441 1847">
     <span class='ocr_line' id='line_1_62' title="bbox 2131 1751 3441 1847; baseline 0 -16"><span class='ocrx_word' id='word_1_358' title='bbox 2131 1751 2182 1811; x_wconf 75' lang='grc' dir='ltr'><strong>Β</strong></span> <span class='ocrx_word' id='word_1_359' title='bbox 2221 1751 2622 1847; x_wconf 44' lang='grc' dir='ltr'><strong>’Υπέρϐλυσῖιί</strong></span> <span class='ocrx_word' id='word_1_360' title='bbox 2651 1751 3275 1844; x_wconf 25' lang='lat' dir='ltr'><strong><em>Galateam-ultimum»;</em></strong></span> <span class='ocrx_word' id='word_1_361' title='bbox 3307 1777 3441 1847; x_wconf 83' lang='grc' dir='ltr'><strong>βίον.</strong></span> 
     </span>
    </p>
   </div>
   <div class='ocr_carea' id='block_1_63' title="bbox 2211 1867 3299 1937">
    <p class='ocr_par' dir='ltr' id='par_1_63' title="bbox 2211 1867 3299 1937">
     <span class='ocr_line' id='line_1_63' title="bbox 2211 1867 3299 1937; baseline 0 -17"><span class='ocrx_word' id='word_1_362' title='bbox 2211 1867 2285 1920; x_wconf 86' lang='grc' dir='ltr'><strong><em>Τὸ</em></strong></span> <span class='ocrx_word' id='word_1_363' title='bbox 2319 1867 2426 1921; x_wconf 74' lang='grc' dir='ltr'><strong><em>πᾶν</em></strong></span> <span class='ocrx_word' id='word_1_364' title='bbox 2461 1867 2812 1936; x_wconf 76' lang='grc' dir='ltr'><strong>ἀνατράπηθι</strong></span> <span class='ocrx_word' id='word_1_365' title='bbox 2841 1869 3006 1937; x_wconf 75' lang='grc' dir='ltr'><strong>καινῇ</strong></span> <span class='ocrx_word' id='word_1_366' title='bbox 3037 1869 3299 1936; x_wconf 80' lang='grc' dir='ltr'><strong>συγχύσει</strong></span> 
     </span>
    </p>
   </div>
   <div class='ocr_carea' id='block_1_64' title="bbox 2209 1955 3425 2027">
    <p class='ocr_par' dir='ltr' id='par_1_64' title="bbox 2209 1955 3425 2027">
     <span class='ocr_line' id='line_1_64' title="bbox 2209 1955 3425 2027; baseline 0.001 -18"><span class='ocrx_word' id='word_1_367' title='bbox 2209 1955 2303 2025; x_wconf 74' lang='grc' dir='ltr'><strong><em>Μὴ</em></strong></span> <span class='ocrx_word' id='word_1_368' title='bbox 2331 1955 2674 2027; x_wconf 79' lang='grc' dir='ltr'><strong>καρτερῆσαν</strong></span> <span class='ocrx_word' id='word_1_369' title='bbox 2702 1957 2795 2009; x_wconf 79' lang='grc' dir='ltr'><strong>τοῦ</strong></span> <span class='ocrx_word' id='word_1_370' title='bbox 2824 1957 2982 2023; x_wconf 86' lang='grc' dir='ltr'><strong>λόγου</strong></span> <span class='ocrx_word' id='word_1_371' title='bbox 3011 1957 3109 2026; x_wconf 78' lang='grc' dir='ltr'><strong><em>τὴν</em></strong></span> <span class='ocrx_word' id='word_1_372' title='bbox 3140 1956 3425 2026; x_wconf 78' lang='grc' dir='ltr'><strong>αἰσχύνην.</strong></span> 
     </span>
    </p>
   </div>
   <div class='ocr_carea' id='block_1_65' title="bbox 2212 2043 3376 2119">
    <p class='ocr_par' dir='ltr' id='par_1_65' title="bbox 2212 2043 3376 2119">
     <span class='ocr_line' id='line_1_65' title="bbox 2212 2043 3376 2119; baseline 0 -19"><span class='ocrx_word' id='word_1_373' title='bbox 2212 2046 2338 2100; x_wconf 83' lang='grc' dir='ltr'><strong><em>Λύω</em></strong></span> <span class='ocrx_word' id='word_1_374' title='bbox 2359 2047 2451 2101; x_wconf 80' lang='grc' dir='ltr'><strong>τὸν</strong></span> <span class='ocrx_word' id='word_1_375' title='bbox 2481 2048 2668 2117; x_wconf 76' lang='grc' dir='ltr'><strong>ὅρκον,</strong></span> <span class='ocrx_word' id='word_1_376' title='bbox 2697 2048 2796 2102; x_wconf 82' lang='grc' dir='ltr'><strong>καὶ</strong></span> <span class='ocrx_word' id='word_1_377' title='bbox 2819 2043 2960 2100; x_wconf 71' lang='grc' dir='ltr'><strong>’κινῶ</strong></span> <span class='ocrx_word' id='word_1_378' title='bbox 2992 2047 3089 2117; x_wconf 79' lang='grc' dir='ltr'><strong>τὴν</strong></span> <span class='ocrx_word' id='word_1_379' title='bbox 3113 2048 3376 2119; x_wconf 78' lang='grc' dir='ltr'><strong>γραφὶδα,</strong></span> 
     </span>
    </p>
   </div>
   <div class='ocr_carea' id='block_1_66' title="bbox 2211 2141 3576 2212">
    <p class='ocr_par' dir='ltr' id='par_1_66' title="bbox 2211 2141 3576 2212">
     <span class='ocr_line' id='line_1_66' title="bbox 2211 2141 3576 2212; baseline -0.002 -17"><span class='ocrx_word' id='word_1_380' title='bbox 2211 2141 2338 2204; x_wconf 85' lang='grc' dir='ltr'><strong>Τοῖς</strong></span> <span class='ocrx_word' id='word_1_381' title='bbox 2365 2141 2474 2195; x_wconf 89' lang='grc' dir='ltr'><strong><em>τῶν</em></strong></span> <span class='ocrx_word' id='word_1_382' title='bbox 2502 2141 2783 2196; x_wconf 86' lang='grc' dir='ltr'><strong>σεϐαστῶν</strong></span> <span class='ocrx_word' id='word_1_383' title='bbox 2819 2143 2959 2196; x_wconf 81' lang='grc' dir='ltr'><strong>Πατέ</strong></span> <span class='ocrx_word' id='word_1_384' title='bbox 2967 2159 3075 2212; x_wconf 86' lang='grc' dir='ltr'><strong>ρων</strong></span> <span class='ocrx_word' id='word_1_385' title='bbox 3100 2142 3345 2202; x_wconf 79' lang='grc' dir='ltr'><strong>πεισθεὶς</strong></span> <span class='ocrx_word' id='word_1_386' title='bbox 3373 2141 3576 2207; x_wconf 86' lang='grc' dir='ltr'><strong>λόγοις,</strong></span> 
     </span>
    </p>
   </div>
   <div class='ocr_carea' id='block_1_67' title="bbox 2213 2228 3554 2304">
    <p class='ocr_par' dir='ltr' id='par_1_67' title="bbox 2213 2228 3554 2304">
     <span class='ocr_line' id='line_1_67' title="bbox 2213 2228 3554 2304; baseline -0.001 -18"><span class='ocrx_word' id='word_1_387' title='bbox 2213 2228 2309 2296; x_wconf 79' lang='grc' dir='ltr'><strong>Οἷς</strong></span> <span class='ocrx_word' id='word_1_388' title='bbox 2343 2234 2450 2287; x_wconf 78' lang='grc' dir='ltr'><strong><em>πᾶν</em></strong></span> <span class='ocrx_word' id='word_1_389' title='bbox 2484 2234 2582 2302; x_wconf 76' lang='grc' dir='ltr'><strong><em>μὲν</em></strong></span> <span class='ocrx_word' id='word_1_390' title='bbox 2609 2233 2738 2286; x_wconf 66' lang='grc' dir='ltr'><strong>ἄλλο</strong></span> <span class='ocrx_word' id='word_1_391' title='bbox 2767 2233 3007 2304; x_wconf 84' lang='grc' dir='ltr'><strong>σκῶμμα</strong></span> <span class='ocrx_word' id='word_1_392' title='bbox 3039 2233 3135 2286; x_wconf 75' lang='grc' dir='ltr'><strong>καὶ</strong></span> <span class='ocrx_word' id='word_1_393' title='bbox 3169 2233 3348 2286; x_wconf 86' lang='grc' dir='ltr'><strong>πάντα</strong></span> <span class='ocrx_word' id='word_1_394' title='bbox 3383 2233 3554 2301; x_wconf 73' lang='grc' dir='ltr'><strong>ψόγον</strong></span> 
     </span>
    </p>
   </div>
   <div class='ocr_carea' id='block_1_68' title="bbox 2214 2321 3292 2393">
    <p class='ocr_par' dir='ltr' id='par_1_68' title="bbox 2214 2321 3292 2393">
     <span class='ocr_line' id='line_1_68' title="bbox 2214 2321 3292 2393; baseline 0.004 -21"><span class='ocrx_word' id='word_1_395' title='bbox 2214 2321 2434 2390; x_wconf 85' lang='grc' dir='ltr'><strong>Στέγειν</strong></span> <span class='ocrx_word' id='word_1_396' title='bbox 2455 2321 2828 2393; x_wconf 82' lang='grc' dir='ltr'><strong>διωρίσθημεν</strong></span> <span class='ocrx_word' id='word_1_397' title='bbox 2852 2323 3292 2393; x_wconf 74' lang='grc' dir='ltr'><strong>εὖσεϐοφρόνως,</strong></span> 
     </span>
    </p>
   </div>
   <div class='ocr_carea' id='block_1_69' title="bbox 2213 2413 3434 2485">
    <p class='ocr_par' dir='ltr' id='par_1_69' title="bbox 2213 2413 3434 2485">
     <span class='ocr_line' id='line_1_69' title="bbox 2213 2413 3434 2485; baseline 0 -17"><span class='ocrx_word' id='word_1_398' title='bbox 2213 2416 2399 2484; x_wconf 80' lang='grc' dir='ltr'><strong>Μόνην</strong></span> <span class='ocrx_word' id='word_1_399' title='bbox 2421 2415 2477 2467; x_wconf 70' lang='grc' dir='ltr'><strong><em>δέ</em></strong></span> <span class='ocrx_word' id='word_1_400' title='bbox 2507 2413 2827 2468; x_wconf 76' lang='grc' dir='ltr'><strong>δυσσέϐειαν</strong></span> <span class='ocrx_word' id='word_1_401' title='bbox 2858 2414 2966 2468; x_wconf 77' lang='grc' dir='ltr'><strong>οὐδ’</strong></span> <span class='ocrx_word' id='word_1_402' title='bbox 3001 2413 3202 2482; x_wconf 71' lang='grc' dir='ltr'><strong>ἄκραις</strong></span> <span class='ocrx_word' id='word_1_403' title='bbox 3237 2415 3434 2485; x_wconf 78' lang='grc' dir='ltr'><strong>θύραις</strong></span> 
     </span>
    </p>
   </div>
   <div class='ocr_carea' id='block_1_70' title="bbox 2219 2503 3432 2578">
    <p class='ocr_par' dir='ltr' id='par_1_70' title="bbox 2219 2503 3432 2578">
     <span class='ocr_line' id='line_1_70' title="bbox 2219 2503 3432 2578; baseline 0 -20"><span class='ocrx_word' id='word_1_404' title='bbox 2219 2507 2396 2559; x_wconf 84' lang='grc' dir='ltr'><strong>Ὠτων</strong></span> <span class='ocrx_word' id='word_1_405' title='bbox 2421 2503 2676 2575; x_wconf 79' lang='grc' dir='ltr'><strong>δέχεσθαι</strong></span> <span class='ocrx_word' id='word_1_406' title='bbox 2709 2503 3001 2576; x_wconf 76' lang='grc' dir='ltr'><strong>καρτερεῖν</strong></span> <span class='ocrx_word' id='word_1_407' title='bbox 3030 2505 3144 2561; x_wconf 79' lang='grc' dir='ltr'><strong>οὐδ’</strong></span> <span class='ocrx_word' id='word_1_408' title='bbox 3188 2508 3254 2558; x_wconf 88' lang='grc' dir='ltr'><strong><em>ἐκ</em></strong></span> <span class='ocrx_word' id='word_1_409' title='bbox 3285 2507 3432 2578; x_wconf 83' lang='grc' dir='ltr'><strong>βίας,</strong></span> 
     </span>
    </p>
   </div>
   <div class='ocr_carea' id='block_1_71' title="bbox 2215 2596 3433 2670">
    <p class='ocr_par' dir='ltr' id='par_1_71' title="bbox 2215 2596 3433 2670">
     <span class='ocr_line' id='line_1_71' title="bbox 2215 2596 3433 2670; baseline 0.004 -22"><span class='ocrx_word' id='word_1_410' title='bbox 2215 2598 2480 2667; x_wconf 79' lang='grc' dir='ltr'><strong>Πλήττειν</strong></span> <span class='ocrx_word' id='word_1_411' title='bbox 2503 2596 2558 2650; x_wconf 77' lang='grc' dir='ltr'><strong><em>δέ</em></strong></span> <span class='ocrx_word' id='word_1_412' title='bbox 2583 2598 2674 2651; x_wconf 65' lang='grc' dir='ltr'><strong><em>τὸν</em></strong></span> <span class='ocrx_word' id='word_1_413' title='bbox 2702 2597 2931 2666; x_wconf 86' lang='grc' dir='ltr'><strong>λέγοντα</strong></span> <span class='ocrx_word' id='word_1_414' title='bbox 2966 2597 3188 2669; x_wconf 78' lang='grc' dir='ltr'><strong>μᾶλλον,</strong></span> <span class='ocrx_word' id='word_1_415' title='bbox 3220 2601 3288 2653; x_wconf 77' lang='grc' dir='ltr'><strong><em>αν</em></strong></span> <span class='ocrx_word' id='word_1_416' title='bbox 3314 2597 3433 2670; x_wconf 83' lang='grc' dir='ltr'><strong>δέῃ.</strong></span> 
     </span>
    </p>
   </div>
   <div class='ocr_carea' id='block_1_72' title="bbox 2217 2688 3395 2760">
    <p class='ocr_par' dir='ltr' id='par_1_72' title="bbox 2217 2688 3395 2760">
     <span class='ocr_line' id='line_1_72' title="bbox 2217 2688 3395 2760; baseline 0.002 -17"><span class='ocrx_word' id='word_1_417' title='bbox 2217 2688 2286 2743; x_wconf 87' lang='grc' dir='ltr'><em>Ἦ</em></span> <span class='ocrx_word' id='word_1_418' title='bbox 2325 2688 2514 2760; x_wconf 72' lang='grc' dir='ltr'><strong>χερσὶν</strong></span> <span class='ocrx_word' id='word_1_419' title='bbox 2544 2689 2734 2759; x_wconf 78' lang='grc' dir='ltr'><strong>ἁδραῖς</strong></span> <span class='ocrx_word' id='word_1_420' title='bbox 2766 2692 2800 2760; x_wconf 74' lang='grc' dir='ltr'>ἢ</span> <span class='ocrx_word' id='word_1_421' title='bbox 2825 2691 3162 2760; x_wconf 83' lang='grc' dir='ltr'><strong>κακηγόροις</strong></span> <span class='ocrx_word' id='word_1_422' title='bbox 3193 2691 3395 2760; x_wconf 78' lang='grc' dir='ltr'><strong>λόγοις.</strong></span> 
     </span>
    </p>
   </div>
   <div class='ocr_carea' id='block_1_73' title="bbox 2217 2777 3424 2860">
    <p class='ocr_par' dir='ltr' id='par_1_73' title="bbox 2217 2777 3424 2860">
     <span class='ocr_line' id='line_1_73' title="bbox 2217 2777 3424 2860; baseline 0.005 -28"><span class='ocrx_word' id='word_1_423' title='bbox 2217 2781 2292 2833; x_wconf 74' lang='grc' dir='ltr'><strong><em>τὸ</em></strong></span> <span class='ocrx_word' id='word_1_424' title='bbox 2313 2781 2424 2850; x_wconf 81' lang='grc' dir='ltr'><strong><em>γὰρ</em></strong></span> <span class='ocrx_word' id='word_1_425' title='bbox 2454 2783 2665 2850; x_wconf 77' lang='grc' dir='ltr'><strong>σιωπᾷν</strong></span> <span class='ocrx_word' id='word_1_426' title='bbox 2693 2782 2884 2854; x_wconf 77' lang='grc' dir='ltr'><strong>ἀνδρὸς</strong></span> <span class='ocrx_word' id='word_1_427' title='bbox 2907 2784 3256 2860; x_wconf 80' lang='grc' dir='ltr'><strong>ἀρνησιθέου.</strong></span> <span class='ocrx_word' id='word_1_428' title='bbox 3416 2777 3424 2785; x_wconf 78' lang='grc'><em>’</em></span> 
     </span>
    </p>
   </div>
   <div class='ocr_carea' id='block_1_74' title="bbox 2217 2860 3482 2944">
    <p class='ocr_par' dir='ltr' id='par_1_74' title="bbox 2217 2860 3482 2944">
     <span class='ocr_line' id='line_1_74' title="bbox 2217 2860 3482 2944; baseline 0.003 -20"><span class='ocrx_word' id='word_1_429' title='bbox 2217 2872 2330 2924; x_wconf 84' lang='grc' dir='ltr'><strong>Καί</strong></span> <span class='ocrx_word' id='word_1_430' title='bbox 2359 2887 2450 2941; x_wconf 83' lang='grc' dir='ltr'><strong><em>μοι</em></strong></span> <span class='ocrx_word' id='word_1_431' title='bbox 2484 2871 2740 2941; x_wconf 85' lang='grc' dir='ltr'><strong>συναίρου</strong></span> <span class='ocrx_word' id='word_1_432' title='bbox 2781 2860 3262 2943; x_wconf 71' lang='grc' dir='ltr'><strong>τοῦπαρεστῶτος</strong></span> <span class='ocrx_word' id='word_1_433' title='bbox 3299 2875 3482 2944; x_wconf 86' lang='grc' dir='ltr'><strong>λόγου,</strong></span> 
     </span>
    </p>
   </div>
   <div class='ocr_carea' id='block_1_75' title="bbox 2220 2948 3471 3034">
    <p class='ocr_par' dir='ltr' id='par_1_75' title="bbox 2220 2948 3471 3034">
     <span class='ocr_line' id='line_1_75' title="bbox 2220 2948 3471 3034; baseline 0.009 -20"><span class='ocrx_word' id='word_1_434' title='bbox 2220 2961 2387 3015; x_wconf 85' lang='grc' dir='ltr'><strong>Ὅσον</strong></span> <span class='ocrx_word' id='word_1_435' title='bbox 2418 2960 2538 3031; x_wconf 86' lang='grc' dir='ltr'><strong><em>Θεῷ</em></strong></span> <span class='ocrx_word' id='word_1_436' title='bbox 2556 2963 2781 3032; x_wconf 70' lang='grc' dir='ltr'><strong>γνήσιον</strong></span> <span class='ocrx_word' id='word_1_437' title='bbox 2817 2948 3118 3034; x_wconf 80' lang='grc' dir='ltr'><strong>ἀνθρώπων</strong></span> <span class='ocrx_word' id='word_1_438' title='bbox 3147 2966 3326 3034; x_wconf 84' lang='grc' dir='ltr'><strong>γένος.</strong></span> <span class='ocrx_word' id='word_1_439' title='bbox 3440 2975 3471 3009; x_wconf 72' lang='grc'><strong>⁸</strong></span> 
     </span>
    </p>
   </div>
   <div class='ocr_carea' id='block_1_76' title="bbox 2221 3051 3314 3128">
    <p class='ocr_par' dir='ltr' id='par_1_76' title="bbox 2221 3051 3314 3128">
     <span class='ocr_line' id='line_1_76' title="bbox 2221 3051 3314 3128; baseline 0.005 -20"><span class='ocrx_word' id='word_1_440' title='bbox 2221 3054 2412 3123; x_wconf 83' lang='grc' dir='ltr'><strong>Ζηλῶν</strong></span> <span class='ocrx_word' id='word_1_441' title='bbox 2434 3053 2542 3125; x_wconf 77' lang='grc' dir='ltr'><strong>γὰρ</strong></span> <span class='ocrx_word' id='word_1_442' title='bbox 2571 3051 2824 3123; x_wconf 74' lang='grc' dir='ltr'><strong>ἐζήλωκα</strong></span> <span class='ocrx_word' id='word_1_443' title='bbox 2849 3055 2926 3125; x_wconf 83' lang='grc' dir='ltr'><strong><em>τῷ</em></strong></span> <span class='ocrx_word' id='word_1_444' title='bbox 2949 3055 3070 3127; x_wconf 86' lang='grc' dir='ltr'><strong>ἐμῷ</strong></span> <span class='ocrx_word' id='word_1_445' title='bbox 3103 3058 3314 3128; x_wconf 79' lang='grc' dir='ltr'><strong>Κυρίῳ.</strong></span> 
     </span>
    </p>
   </div>
   <div class='ocr_carea' id='block_1_77' title="bbox 2143 3106 3366 3214">
    <p class='ocr_par' dir='ltr' id='par_1_77' title="bbox 2143 3106 3366 3214">
     <span class='ocr_line' id='line_1_77' title="bbox 2143 3106 3366 3214; baseline 0.003 -15"><span class='ocrx_word' id='word_1_446' title='bbox 2143 3106 2189 3168; x_wconf 77' lang='lat' dir='ltr'><strong>c</strong></span> <span class='ocrx_word' id='word_1_447' title='bbox 2221 3145 2421 3214; x_wconf 74' lang='grc' dir='ltr'><strong>Μωσῆ,</strong></span> <span class='ocrx_word' id='word_1_448' title='bbox 2448 3146 2542 3197; x_wconf 72' lang='grc' dir='ltr'><strong><em>τὸν</em></strong></span> <span class='ocrx_word' id='word_1_449' title='bbox 2579 3144 2882 3211; x_wconf 78' lang='grc' dir='ltr'><strong>Αίγύπτιον</strong></span> <span class='ocrx_word' id='word_1_450' title='bbox 2913 3106 3074 3208; x_wconf 70' lang='grc' dir='ltr'><strong>αὖθιέ</strong></span> <span class='ocrx_word' id='word_1_451' title='bbox 3099 3106 3366 3202; x_wconf 45' lang='lat' dir='ltr'><strong><em>ungvng</em></strong></span> 
     </span>
    </p>
   </div>
   <div class='ocr_carea' id='block_1_78' title="bbox 2234 3232 3281 3310">
    <p class='ocr_par' dir='ltr' id='par_1_78' title="bbox 2234 3232 3281 3310">
     <span class='ocr_line' id='line_1_78' title="bbox 2234 3232 3281 3310; baseline 0.001 -21"><span class='ocrx_word' id='word_1_452' title='bbox 2234 3237 2324 3289; x_wconf 85' lang='grc' dir='ltr'><strong>Ἐν</strong></span> <span class='ocrx_word' id='word_1_453' title='bbox 2349 3235 2589 3306; x_wconf 79' lang='grc' dir='ltr'><strong>ψαμάθῳ</strong></span> <span class='ocrx_word' id='word_1_454' title='bbox 2609 3236 2890 3306; x_wconf 74' lang='grc' dir='ltr'><strong><em>κρύπταζι</em></strong></span> <span class='ocrx_word' id='word_1_455' title='bbox 2911 3239 2976 3306; x_wconf 80' lang='grc' dir='ltr'><strong>τῇ</strong></span> <span class='ocrx_word' id='word_1_456' title='bbox 3004 3232 3281 3310; x_wconf 79' lang='grc' dir='ltr'><strong>παραλίῳ,</strong></span> 
     </span>
    </p>
   </div>
   <div class='ocr_carea' id='block_1_79' title="bbox 2222 3326 3503 3400">
    <p class='ocr_par' dir='ltr' id='par_1_79' title="bbox 2222 3326 3503 3400">
     <span class='ocr_line' id='line_1_79' title="bbox 2222 3326 3503 3400; baseline 0.001 -17"><span class='ocrx_word' id='word_1_457' title='bbox 2222 3329 2336 3383; x_wconf 80' lang='grc' dir='ltr'><strong><em>Καὶ</em></strong></span> <span class='ocrx_word' id='word_1_458' title='bbox 2365 3327 2464 3400; x_wconf 78' lang='grc' dir='ltr'><strong>τὴν</strong></span> <span class='ocrx_word' id='word_1_459' title='bbox 2504 3326 2775 3398; x_wconf 81' lang='grc' dir='ltr'><strong>Ἐρυθρὰν</strong></span> <span class='ocrx_word' id='word_1_460' title='bbox 2810 3328 2975 3398; x_wconf 83' lang='grc' dir='ltr'><strong>τέμνε</strong></span> <span class='ocrx_word' id='word_1_461' title='bbox 3014 3331 3108 3383; x_wconf 66' lang='grc' dir='ltr'><strong><em>καλ⁸</em></strong></span> <span class='ocrx_word' id='word_1_462' title='bbox 3128 3329 3282 3384; x_wconf 85' lang='grc' dir='ltr'><strong>πόλει</strong></span> <span class='ocrx_word' id='word_1_463' title='bbox 3315 3333 3503 3399; x_wconf 85' lang='grc' dir='ltr'><strong>μέσον,</strong></span> 
     </span>
    </p>
   </div>
   <div class='ocr_carea' id='block_1_80' title="bbox 2215 3417 3447 3490">
    <p class='ocr_par' dir='ltr' id='par_1_80' title="bbox 2215 3417 3447 3490">
     <span class='ocr_line' id='line_1_80' title="bbox 2215 3417 3447 3490; baseline 0 -15"><span class='ocrx_word' id='word_1_464' title='bbox 2215 3419 2331 3475; x_wconf 76' lang='lat' dir='ltr'><strong><em>Kal</em></strong></span> <span class='ocrx_word' id='word_1_465' title='bbox 2358 3418 2706 3481; x_wconf 79' lang='grc' dir='ltr'><strong>καταποντσῦ</strong></span> <span class='ocrx_word' id='word_1_466' title='bbox 2738 3419 2867 3482; x_wconf 80' lang='grc' dir='ltr'><strong>τοὺς</strong></span> <span class='ocrx_word' id='word_1_467' title='bbox 2897 3417 3083 3490; x_wconf 84' lang='grc' dir='ltr'><strong>βαρεῖς</strong></span> <span class='ocrx_word' id='word_1_468' title='bbox 3111 3420 3447 3484; x_wconf 78' lang='grc' dir='ltr'><strong>ἐπιστάτας.’</strong></span> 
     </span>
    </p>
   </div>
   <div class='ocr_carea' id='block_1_81' title="bbox 2240 3585 3811 3656">
    <p class='ocr_par' dir='ltr' id='par_1_81' title="bbox 2240 3585 3811 3656">
     <span class='ocr_line' id='line_1_81' title="bbox 2240 3585 3811 3656; baseline 0.003 -20"><span class='ocrx_word' id='word_1_469' title='bbox 2240 3585 2368 3637; x_wconf 91' lang='lat' dir='ltr'><strong><em>mihi</em></strong></span> <span class='ocrx_word' id='word_1_470' title='bbox 2395 3585 2610 3639; x_wconf 81' lang='lat' dir='ltr'><strong><em>crimini</em></strong></span> <span class='ocrx_word' id='word_1_471' title='bbox 2641 3585 2812 3649; x_wconf 84' lang='lat' dir='ltr'><strong><em>daret,</em></strong></span> <span class='ocrx_word' id='word_1_472' title='bbox 2846 3585 3118 3640; x_wconf 82' lang='lat' dir='ltr'><strong><em>humiliter</em></strong></span> <span class='ocrx_word' id='word_1_473' title='bbox 3147 3585 3357 3651; x_wconf 78' lang='lat' dir='ltr'><strong><em>ferrem,</em></strong></span> <span class='ocrx_word' id='word_1_474' title='bbox 3389 3595 3655 3656; x_wconf 67' lang='lat' dir='ltr'><strong><em>pra&#39;cepto</em></strong></span> <span class='ocrx_word' id='word_1_475' title='bbox 3684 3587 3811 3640; x_wconf 81' lang='lat' dir='ltr'><strong><em>obe-</em></strong></span> 
     </span>
    </p>
   </div>
   <div class='ocr_carea' id='block_1_82' title="bbox 2232 3671 3813 3744">
    <p class='ocr_par' dir='ltr' id='par_1_82' title="bbox 2232 3671 3813 3744">
     <span class='ocr_line' id='line_1_82' title="bbox 2232 3671 3813 3744; baseline 0.003 -20"><span class='ocrx_word' id='word_1_476' title='bbox 2232 3673 2381 3725; x_wconf 89' lang='lat' dir='ltr'><strong><em>diens</em></strong></span> <span class='ocrx_word' id='word_1_477' title='bbox 2401 3671 2847 3744; x_wconf 67' lang='lat' dir='ltr'><strong><em>Evangelii,’quod</em></strong></span> <span class='ocrx_word' id='word_1_478' title='bbox 2873 3675 3000 3729; x_wconf 89' lang='lat' dir='ltr'><strong><em>dicit</em></strong></span> <span class='ocrx_word' id='word_1_479' title='bbox 3030 3689 3045 3730; x_wconf 90' lang='lat'><em>:</em></span> <span class='ocrx_word' id='word_1_480' title='bbox 3072 3693 3091 3725; x_wconf 75' lang='grc' dir='ltr'><strong><em>ι</em></strong></span> <span class='ocrx_word' id='word_1_481' title='bbox 3119 3673 3179 3729; x_wconf 88' lang='lat' dir='ltr'><strong><em>Si</em></strong></span> <span class='ocrx_word' id='word_1_482' title='bbox 3200 3677 3315 3742; x_wconf 87' lang='lat' dir='ltr'><strong><em>quis</em></strong></span> <span class='ocrx_word' id='word_1_483' title='bbox 3333 3686 3380 3730; x_wconf 88' lang='lat' dir='ltr'><strong><em>te</em></strong></span> <span class='ocrx_word' id='word_1_484' title='bbox 3406 3679 3727 3744; x_wconf 86' lang='lat' dir='ltr'><strong><em>percusserit</em></strong></span> <span class='ocrx_word' id='word_1_485' title='bbox 3759 3679 3813 3729; x_wconf 85' lang='lat' dir='ltr'><strong><em>its</em></strong></span> 
     </span>
    </p>
   </div>
   <div class='ocr_carea' id='block_1_83' title="bbox 2224 3764 3812 3832">
    <p class='ocr_par' dir='ltr' id='par_1_83' title="bbox 2224 3764 3812 3832">
     <span class='ocr_line' id='line_1_83' title="bbox 2224 3764 3812 3832; baseline 0.002 -16"><span class='ocrx_word' id='word_1_486' title='bbox 2224 3767 2471 3818; x_wconf 73' lang='lat' dir='ltr'><strong><em>dextram</em></strong></span> <span class='ocrx_word' id='word_1_487' title='bbox 2501 3764 2802 3832; x_wconf 72' lang='lat' dir='ltr'><strong><em>maxillam,</em></strong></span> <span class='ocrx_word' id='word_1_488' title='bbox 2829 3767 3000 3832; x_wconf 70' lang='lat' dir='ltr'><strong><em>prwbe</em></strong></span> <span class='ocrx_word' id='word_1_489' title='bbox 3023 3766 3108 3819; x_wconf 90' lang='lat' dir='ltr'><strong><em>illi</em></strong></span> <span class='ocrx_word' id='word_1_490' title='bbox 3125 3777 3174 3820; x_wconf 91' lang='lat' dir='ltr'><strong><em>et</em></strong></span> <span class='ocrx_word' id='word_1_491' title='bbox 3201 3769 3481 3821; x_wconf 82' lang='lat' dir='ltr'><strong><em>alteram.s</em></strong></span> <span class='ocrx_word' id='word_1_492' title='bbox 3521 3767 3582 3821; x_wconf 89' lang='lat' dir='ltr'><strong><em>Si</em></strong></span> <span class='ocrx_word' id='word_1_493' title='bbox 3609 3781 3812 3822; x_wconf 83' lang='lat' dir='ltr'><strong><em>restem</em></strong></span> 
     </span>
    </p>
   </div>
   <div class='ocr_carea' id='block_1_84' title="bbox 2231 3856 3813 3930">
    <p class='ocr_par' dir='ltr' id='par_1_84' title="bbox 2231 3856 3813 3930">
     <span class='ocr_line' id='line_1_84' title="bbox 2231 3856 3813 3930; baseline 0.004 -20"><span class='ocrx_word' id='word_1_494' title='bbox 2231 3856 2363 3910; x_wconf 81' lang='lat' dir='ltr'><strong><em>mihi</em></strong></span> <span class='ocrx_word' id='word_1_495' title='bbox 2412 3857 2553 3912; x_wconf 79' lang='lat' dir='ltr'><strong><em>latro</em></strong></span> <span class='ocrx_word' id='word_1_496' title='bbox 2595 3858 2900 3924; x_wconf 79' lang='lat' dir='ltr'><strong><em>abstulerit,</em></strong></span> <span class='ocrx_word' id='word_1_497' title='bbox 2949 3861 3186 3914; x_wconf 86' lang='lat' dir='ltr'><strong><em>tunicam</em></strong></span> <span class='ocrx_word' id='word_1_498' title='bbox 3234 3878 3436 3930; x_wconf 84' lang='lat' dir='ltr'><strong><em>quoque</em></strong></span> <span class='ocrx_word' id='word_1_499' title='bbox 3470 3877 3666 3914; x_wconf 72' lang='lat' dir='ltr'><strong><em>exuam</em></strong></span> <span class='ocrx_word' id='word_1_500' title='bbox 3701 3862 3813 3916; x_wconf 87' lang='lat' dir='ltr'><strong><em>Dco</em></strong></span> 
     </span>
    </p>
   </div>
   <div class='ocr_carea' id='block_1_85' title="bbox 2225 3949 3812 4019">
    <p class='ocr_par' dir='ltr' id='par_1_85' title="bbox 2225 3949 3812 4019">
     <span class='ocr_line' id='line_1_85' title="bbox 2225 3949 3812 4019; baseline 0.001 -15"><span class='ocrx_word' id='word_1_501' title='bbox 2225 3949 2612 4019; x_wconf 84' lang='lat' dir='ltr'><strong><em>obtemperans,</em></strong></span> <span class='ocrx_word' id='word_1_502' title='bbox 2643 3953 2734 4014; x_wconf 87' lang='lat' dir='ltr'><strong><em>qui</em></strong></span> <span class='ocrx_word' id='word_1_503' title='bbox 2758 3967 2836 4004; x_wconf 88' lang='lat' dir='ltr'><strong><em>me</em></strong></span> <span class='ocrx_word' id='word_1_504' title='bbox 2865 3952 3057 4004; x_wconf 83' lang='lat' dir='ltr'><strong><em>iterum</em></strong></span> <span class='ocrx_word' id='word_1_505' title='bbox 3085 3953 3269 4005; x_wconf 75' lang='lat' dir='ltr'><strong><em>vestiet</em></strong></span> <span class='ocrx_word' id='word_1_506' title='bbox 3293 3960 3341 4005; x_wconf 91' lang='lat' dir='ltr'><strong><em>et</em></strong></span> <span class='ocrx_word' id='word_1_507' title='bbox 3365 3952 3453 4018; x_wconf 85' lang='lat' dir='ltr'><strong><em>qui</em></strong></span> <span class='ocrx_word' id='word_1_508' title='bbox 3484 3951 3664 4004; x_wconf 79' lang='lat' dir='ltr'><strong><em>lilium</em></strong></span> <span class='ocrx_word' id='word_1_509' title='bbox 3687 3953 3812 4006; x_wconf 66' lang='grc' dir='ltr'><strong>αιιυο</strong></span> 
     </span>
    </p>
   </div>
   <div class='ocr_carea' id='block_1_86' title="bbox 2221 4035 3811 4105">
    <p class='ocr_par' dir='ltr' id='par_1_86' title="bbox 2221 4035 3811 4105">
     <span class='ocr_line' id='line_1_86' title="bbox 2221 4035 3811 4105; baseline -0.001 -11"><span class='ocrx_word' id='word_1_510' title='bbox 2221 4040 2531 4094; x_wconf 80' lang='lat' dir='ltr'><strong><em>vestimento</em></strong></span> <span class='ocrx_word' id='word_1_511' title='bbox 2576 4049 2821 4093; x_wconf 69' lang='lat' dir='ltr'><strong><em>exornat.</em></strong></span> <span class='ocrx_word' id='word_1_512' title='bbox 2854 4035 2955 4092; x_wconf 89' lang='lat' dir='ltr'><strong><em>Ubi</em></strong></span> <span class='ocrx_word' id='word_1_513' title='bbox 2994 4048 3174 4092; x_wconf 86' lang='lat' dir='ltr'><strong><em>autem</em></strong></span> <span class='ocrx_word' id='word_1_514' title='bbox 3208 4055 3289 4092; x_wconf 89' lang='lat' dir='ltr'><strong><em>me</em></strong></span> <span class='ocrx_word' id='word_1_515' title='bbox 3310 4039 3414 4092; x_wconf 89' lang='lat' dir='ltr'><strong><em>Deo</em></strong></span> <span class='ocrx_word' id='word_1_516' title='bbox 3436 4049 3483 4091; x_wconf 93' lang='lat' dir='ltr'><strong><em>et</em></strong></span> <span class='ocrx_word' id='word_1_517' title='bbox 3508 4055 3598 4105; x_wconf 87' lang='lat' dir='ltr'><strong><em>spe</em></strong></span> <span class='ocrx_word' id='word_1_518' title='bbox 3635 4041 3811 4103; x_wconf 83' lang='lat' dir='ltr'><strong><em>bona,</em></strong></span> 
     </span>
    </p>
   </div>
   <div class='ocr_carea' id='block_1_87' title="bbox 2227 4127 3811 4197">
    <p class='ocr_par' dir='ltr' id='par_1_87' title="bbox 2227 4127 3811 4197">
     <span class='ocr_line' id='line_1_87' title="bbox 2227 4127 3811 4197; baseline -0.002 -16"><span class='ocrx_word' id='word_1_519' title='bbox 2227 4144 2333 4197; x_wconf 89' lang='lat' dir='ltr'><strong><em>qua</em></strong></span> <span class='ocrx_word' id='word_1_520' title='bbox 2361 4127 2493 4183; x_wconf 85' lang='lat' dir='ltr'><strong><em>nihil</em></strong></span> <span class='ocrx_word' id='word_1_521' title='bbox 2520 4128 2792 4196; x_wconf 85' lang='lat' dir='ltr'><strong><em>antiquius</em></strong></span> <span class='ocrx_word' id='word_1_522' title='bbox 2819 4127 3006 4190; x_wconf 80' lang='lat' dir='ltr'><strong><em>habeo,</em></strong></span> <span class='ocrx_word' id='word_1_523' title='bbox 3039 4128 3351 4194; x_wconf 76' lang='lat' dir='ltr'><strong><em>privaverit;</em></strong></span> <span class='ocrx_word' id='word_1_524' title='bbox 3386 4127 3476 4180; x_wconf 81' lang='lat' dir='ltr'><strong><em>ubi</em></strong></span> <span class='ocrx_word' id='word_1_525' title='bbox 3504 4128 3764 4192; x_wconf 78' lang='lat' dir='ltr'><strong><em>pietatem</em></strong></span> <span class='ocrx_word' id='word_1_526' title='bbox 3784 4144 3811 4179; x_wconf 88' lang='lat' dir='ltr'><strong><em>e</em></strong></span> 
     </span>
    </p>
   </div>
   <div class='ocr_carea' id='block_1_88' title="bbox 2225 4215 3812 4286">
    <p class='ocr_par' dir='ltr' id='par_1_88' title="bbox 2225 4215 3812 4286">
     <span class='ocr_line' id='line_1_88' title="bbox 2225 4215 3812 4286; baseline -0.002 -16"><span class='ocrx_word' id='word_1_527' title='bbox 2225 4219 2336 4271; x_wconf 87' lang='lat' dir='ltr'><strong><em>vita</em></strong></span> <span class='ocrx_word' id='word_1_528' title='bbox 2388 4233 2502 4271; x_wconf 90' lang='lat' dir='ltr'><strong><em>mea</em></strong></span> <span class='ocrx_word' id='word_1_529' title='bbox 2553 4217 2868 4278; x_wconf 87' lang='lat' dir='ltr'><strong><em>sustulerit,</em></strong></span> <span class='ocrx_word' id='word_1_530' title='bbox 2901 4215 3243 4286; x_wconf 82' lang='lat' dir='ltr'><strong><em>tum‘injuria</em></strong></span> <span class='ocrx_word' id='word_1_531' title='bbox 3297 4218 3413 4270; x_wconf 88' lang='lat' dir='ltr'><strong><em>alta</em></strong></span> <span class='ocrx_word' id='word_1_532' title='bbox 3466 4232 3586 4268; x_wconf 84' lang='lat' dir='ltr'><strong><em>voce</em></strong></span> <span class='ocrx_word' id='word_1_533' title='bbox 3615 4217 3812 4268; x_wconf 68' lang='lat' dir='ltr'><strong><em>caelum</em></strong></span> 
     </span>
    </p>
   </div>
   <div class='ocr_carea' id='block_1_89' title="bbox 2228 4303 3798 4378">
    <p class='ocr_par' dir='ltr' id='par_1_89' title="bbox 2228 4303 3798 4378">
     <span class='ocr_line' id='line_1_89' title="bbox 2228 4303 3798 4378; baseline -0.003 -15"><span class='ocrx_word' id='word_1_534' title='bbox 2228 4309 2541 4363; x_wconf 87' lang='lat' dir='ltr'><strong><em>invocabit:</em></strong></span> <span class='ocrx_word' id='word_1_535' title='bbox 2570 4307 2719 4378; x_wconf 84' lang='lat' dir='ltr'><strong><em>Ignis</em></strong></span> <span class='ocrx_word' id='word_1_536' title='bbox 2749 4349 2764 4373; x_wconf 95' lang='lat'><strong><em>,</em></strong></span> <span class='ocrx_word' id='word_1_537' title='bbox 2822 4307 2997 4361; x_wconf 87' lang='lat' dir='ltr'><strong><em>dicens</em></strong></span> <span class='ocrx_word' id='word_1_538' title='bbox 3024 4348 3038 4372; x_wconf 95' lang='lat'><strong><em>,</em></strong></span> <span class='ocrx_word' id='word_1_539' title='bbox 3081 4324 3161 4361; x_wconf 89' lang='lat' dir='ltr'><strong><em>res</em></strong></span> <span class='ocrx_word' id='word_1_540' title='bbox 3196 4303 3371 4362; x_wconf 78' lang='lat' dir='ltr'><strong><em>omnes</em></strong></span> <span class='ocrx_word' id='word_1_541' title='bbox 3421 4315 3625 4360; x_wconf 85' lang='lat' dir='ltr'><strong><em>creatas</em></strong></span> <span class='ocrx_word' id='word_1_542' title='bbox 3665 4323 3798 4359; x_wconf 85' lang='lat' dir='ltr'><strong><em>com-</em></strong></span> 
     </span>
    </p>
   </div>
   <div class='ocr_carea' id='block_1_90' title="bbox 561 4395 2130 4476">
    <p class='ocr_par' dir='ltr' id='par_1_90' title="bbox 561 4403 2124 4476">
     <span class='ocr_line' id='line_1_90' title="bbox 561 4403 2124 4476; baseline 0.004 -21"><span class='ocrx_word' id='word_1_543' title='bbox 561 4403 631 4455; x_wconf 87' lang='lat' dir='ltr'><strong><em>atl</em></strong></span> <span class='ocrx_word' id='word_1_544' title='bbox 660 4419 808 4471; x_wconf 84' lang='lat' dir='ltr'><strong><em>quem</em></strong></span> <span class='ocrx_word' id='word_1_545' title='bbox 853 4419 1044 4456; x_wconf 88' lang='lat' dir='ltr'><strong><em>aurum</em></strong></span> <span class='ocrx_word' id='word_1_546' title='bbox 1094 4415 1247 4469; x_wconf 86' lang='lat' dir='ltr'><strong><em>atque</em></strong></span> <span class='ocrx_word' id='word_1_547' title='bbox 1282 4417 1553 4474; x_wconf 82' lang='lat' dir='ltr'><strong><em>argentum</em></strong></span> <span class='ocrx_word' id='word_1_548' title='bbox 1594 4424 1742 4461; x_wconf 89' lang='lat' dir='ltr'><strong><em>omne</em></strong></span> <span class='ocrx_word' id='word_1_549' title='bbox 1789 4408 2036 4476; x_wconf 78' lang='lat' dir='ltr'><strong><em>pertinet,</em></strong></span> <span class='ocrx_word' id='word_1_550' title='bbox 2073 4415 2124 4462; x_wconf 75' lang='lat' dir='ltr'><strong><em>et</em></strong></span> 
     </span>
    </p>
   </div>
   <div class='ocr_carea' id='block_1_91' title="bbox 2232 4395 3814 4476">
    <p class='ocr_par' dir='ltr' id='par_1_91' title="bbox 2232 4395 3814 4465">
     <span class='ocr_line' id='line_1_91' title="bbox 2232 4395 3814 4465; baseline -0.003 -12"><span class='ocrx_word' id='word_1_551' title='bbox 2232 4399 2397 4464; x_wconf 86' lang='lat' dir='ltr'><strong><em>bure;</em></strong></span> <span class='ocrx_word' id='word_1_552' title='bbox 2433 4407 2577 4454; x_wconf 83' lang='lat' dir='ltr'><strong><em>terra</em></strong></span> <span class='ocrx_word' id='word_1_553' title='bbox 2604 4437 2619 4462; x_wconf 95' lang='lat'><strong><em>,</em></strong></span> <span class='ocrx_word' id='word_1_554' title='bbox 2667 4407 2978 4462; x_wconf 83' lang='lat' dir='ltr'><strong><em>concutere;</em></strong></span> <span class='ocrx_word' id='word_1_555' title='bbox 3013 4397 3190 4450; x_wconf 88' lang='lat' dir='ltr'><strong><em>lumen</em></strong></span> <span class='ocrx_word' id='word_1_556' title='bbox 3236 4398 3386 4461; x_wconf 87' lang='lat' dir='ltr'><strong><em>solis,</em></strong></span> <span class='ocrx_word' id='word_1_557' title='bbox 3410 4395 3524 4465; x_wconf 81' lang='lat' dir='ltr'><strong><em>jam</em></strong></span> <span class='ocrx_word' id='word_1_558' title='bbox 3551 4412 3653 4448; x_wconf 88' lang='lat' dir='ltr'><strong><em>non</em></strong></span> <span class='ocrx_word' id='word_1_559' title='bbox 3697 4397 3814 4449; x_wconf 75' lang='lat' dir='ltr'><strong><em>luce</em></strong></span> 
     </span>
    </p>
   </div>
   <div class='ocr_carea' id='block_1_92' title="bbox 560 4494 2131 4567">
    <p class='ocr_par' dir='ltr' id='par_1_92' title="bbox 560 4494 2131 4567">
     <span class='ocr_line' id='line_1_92' title="bbox 560 4494 2131 4567; baseline 0.004 -21"><span class='ocrx_word' id='word_1_560' title='bbox 560 4496 671 4562; x_wconf 86' lang='lat' dir='ltr'><strong><em>qui,</em></strong></span> <span class='ocrx_word' id='word_1_561' title='bbox 697 4495 822 4547; x_wconf 88' lang='lat' dir='ltr'><strong><em>dum</em></strong></span> <span class='ocrx_word' id='word_1_562' title='bbox 846 4494 1018 4560; x_wconf 87' lang='lat' dir='ltr'><strong><em>vulpes</em></strong></span> <span class='ocrx_word' id='word_1_563' title='bbox 1046 4505 1094 4548; x_wconf 88' lang='lat' dir='ltr'><strong><em>et</em></strong></span> <span class='ocrx_word' id='word_1_564' title='bbox 1121 4494 1361 4547; x_wconf 72' lang='lat' dir='ltr'><strong><em>volatilia</em></strong></span> <span class='ocrx_word' id='word_1_565' title='bbox 1388 4513 1575 4549; x_wconf 75' lang='lat' dir='ltr'><strong><em>careas</em></strong></span> <span class='ocrx_word' id='word_1_566' title='bbox 1602 4515 1666 4550; x_wconf 90' lang='lat' dir='ltr'><strong><em>ac</em></strong></span> <span class='ocrx_word' id='word_1_567' title='bbox 1689 4499 1838 4551; x_wconf 85' lang='lat' dir='ltr'><strong><em>nidos</em></strong></span> <span class='ocrx_word' id='word_1_568' title='bbox 1865 4500 2131 4567; x_wconf 78' lang='lat' dir='ltr'><strong><em>habitant,</em></strong></span> 
     </span>
    </p>
   </div>
   <div class='ocr_carea' id='block_1_93' title="bbox 560 4585 2134 4653">
    <p class='ocr_par' dir='ltr' id='par_1_93' title="bbox 560 4585 2134 4653">
     <span class='ocr_line' id='line_1_93' title="bbox 560 4585 2134 4653; baseline 0.004 -17"><span class='ocrx_word' id='word_1_569' title='bbox 560 4601 660 4652; x_wconf 90' lang='lat' dir='ltr'><strong><em>quo</em></strong></span> <span class='ocrx_word' id='word_1_570' title='bbox 700 4593 854 4653; x_wconf 89' lang='lat' dir='ltr'><strong><em>caput</em></strong></span> <span class='ocrx_word' id='word_1_571' title='bbox 902 4585 1111 4638; x_wconf 87' lang='lat' dir='ltr'><strong><em>reclinet</em></strong></span> <span class='ocrx_word' id='word_1_572' title='bbox 1169 4601 1272 4637; x_wconf 84' lang='lat' dir='ltr'><strong><em>nun</em></strong></span> <span class='ocrx_word' id='word_1_573' title='bbox 1329 4585 1506 4644; x_wconf 82' lang='lat' dir='ltr'><strong><em>habet.</em></strong></span> <span class='ocrx_word' id='word_1_574' title='bbox 1561 4585 1701 4649; x_wconf 85' lang='lat' dir='ltr'><strong><em>Quid</em></strong></span> <span class='ocrx_word' id='word_1_575' title='bbox 1745 4603 1862 4640; x_wconf 89' lang='lat' dir='ltr'><strong><em>vero</em></strong></span> <span class='ocrx_word' id='word_1_576' title='bbox 1922 4590 2134 4643; x_wconf 88' lang='lat' dir='ltr'><strong><em>crimini</em></strong></span> 
     </span>
    </p>
   </div>
   <div class='ocr_carea' id='block_1_94' title="bbox 561 4675 2133 4746">
    <p class='ocr_par' dir='ltr' id='par_1_94' title="bbox 561 4675 2133 4746">
     <span class='ocr_line' id='line_1_94' title="bbox 561 4675 2133 4746; baseline 0.006 -21"><span class='ocrx_word' id='word_1_577' title='bbox 561 4675 765 4729; x_wconf 78' lang='lat' dir='ltr'><strong><em>datur?</em></strong></span> <span class='ocrx_word' id='word_1_578' title='bbox 795 4676 945 4739; x_wconf 84' lang='lat' dir='ltr'><strong><em>Quod</em></strong></span> <span class='ocrx_word' id='word_1_579' title='bbox 997 4694 1098 4730; x_wconf 88' lang='lat' dir='ltr'><strong><em>non</em></strong></span> <span class='ocrx_word' id='word_1_580' title='bbox 1124 4694 1253 4746; x_wconf 92' lang='lat' dir='ltr'><strong><em>equo</em></strong></span> <span class='ocrx_word' id='word_1_581' title='bbox 1290 4677 1515 4730; x_wconf 78' lang='lat' dir='ltr'><strong><em>Arabico</em></strong></span> <span class='ocrx_word' id='word_1_582' title='bbox 1565 4676 1928 4732; x_wconf 83' lang='lat' dir='ltr'><strong><em>Thessalicove</em></strong></span> <span class='ocrx_word' id='word_1_583' title='bbox 1958 4690 2133 4734; x_wconf 87' lang='lat' dir='ltr'><strong><em>vectus</em></strong></span> 
     </span>
    </p>
   </div>
   <div class='ocr_carea' id='block_1_95' title="bbox 551 4767 2134 4838">
    <p class='ocr_par' dir='ltr' id='par_1_95' title="bbox 551 4767 2134 4838">
     <span class='ocr_line' id='line_1_95' title="bbox 551 4767 2134 4838; baseline 0.006 -24"><span class='ocrx_word' id='word_1_584' title='bbox 551 4779 802 4828; x_wconf 83' lang='lat' dir='ltr'><strong><em>pompam</em></strong></span> <span class='ocrx_word' id='word_1_585' title='bbox 830 4767 940 4833; x_wconf 89' lang='lat' dir='ltr'><strong><em>agit</em></strong></span> <span class='ocrx_word' id='word_1_586' title='bbox 967 4783 984 4829; x_wconf 89' lang='lat'><em>;</em></span> <span class='ocrx_word' id='word_1_587' title='bbox 1019 4771 1140 4820; x_wconf 88' lang='lat' dir='ltr'><strong><em>dum</em></strong></span> <span class='ocrx_word' id='word_1_588' title='bbox 1167 4771 1243 4821; x_wconf 86' lang='lat' dir='ltr'><strong><em>eis</em></strong></span> <span class='ocrx_word' id='word_1_589' title='bbox 1272 4771 1362 4837; x_wconf 87' lang='lat' dir='ltr'><strong><em>qui</em></strong></span> <span class='ocrx_word' id='word_1_590' title='bbox 1382 4768 1600 4835; x_wconf 88' lang='lat' dir='ltr'><strong><em>pedibus</em></strong></span> <span class='ocrx_word' id='word_1_591' title='bbox 1631 4769 1712 4820; x_wconf 88' lang='lat' dir='ltr'><strong><em>uti</em></strong></span> <span class='ocrx_word' id='word_1_592' title='bbox 1742 4770 1948 4832; x_wconf 81' lang='lat' dir='ltr'><strong><em>nolunt,</em></strong></span> <span class='ocrx_word' id='word_1_593' title='bbox 1974 4786 2134 4838; x_wconf 87' lang='lat' dir='ltr'><strong><em>equus</em></strong></span> 
     </span>
    </p>
   </div>
   <div class='ocr_carea' id='block_1_96' title="bbox 566 4853 2133 4926">
    <p class='ocr_par' dir='ltr' id='par_1_96' title="bbox 566 4853 2133 4926">
     <span class='ocr_line' id='line_1_96' title="bbox 566 4853 2133 4926; baseline 0.007 -23"><span class='ocrx_word' id='word_1_594' title='bbox 566 4853 810 4912; x_wconf 77' lang='lat' dir='ltr'><strong><em>bellator,</em></strong></span> <span class='ocrx_word' id='word_1_595' title='bbox 849 4869 1038 4922; x_wconf 77' lang='lat' dir='ltr'><strong><em>pugna:</em></strong></span> <span class='ocrx_word' id='word_1_596' title='bbox 1089 4874 1192 4909; x_wconf 89' lang='lat' dir='ltr'><strong><em>non</em></strong></span> <span class='ocrx_word' id='word_1_597' title='bbox 1224 4859 1471 4912; x_wconf 88' lang='lat' dir='ltr'><strong><em>mollitiei</em></strong></span> <span class='ocrx_word' id='word_1_598' title='bbox 1539 4860 1713 4912; x_wconf 88' lang='lat' dir='ltr'><strong><em>socius</em></strong></span> <span class='ocrx_word' id='word_1_599' title='bbox 1767 4860 1946 4912; x_wconf 85' lang='lat' dir='ltr'><strong><em>servit.</em></strong></span> <span class='ocrx_word' id='word_1_600' title='bbox 2003 4860 2133 4926; x_wconf 85' lang='lat' dir='ltr'><strong><em>Quis</em></strong></span> 
     </span>
    </p>
   </div>
   <div class='ocr_carea' id='block_1_97' title="bbox 564 4939 2133 5019">
    <p class='ocr_par' dir='ltr' id='par_1_97' title="bbox 564 4939 2133 5019">
     <span class='ocr_line' id='line_1_97' title="bbox 564 4939 2133 5019; baseline 0.007 -25"><span class='ocrx_word' id='word_1_601' title='bbox 564 4945 746 4997; x_wconf 85' lang='lat' dir='ltr'><strong><em>divites</em></strong></span> <span class='ocrx_word' id='word_1_602' title='bbox 801 4945 976 4997; x_wconf 89' lang='lat' dir='ltr'><strong><em>beatos</em></strong></span> <span class='ocrx_word' id='word_1_603' title='bbox 1021 4950 1232 5001; x_wconf 84' lang='lat' dir='ltr'><strong><em>censet?</em></strong></span> <span class='ocrx_word' id='word_1_604' title='bbox 1275 4948 1517 5003; x_wconf 85' lang='lat' dir='ltr'><strong><em>Christus</em></strong></span> <span class='ocrx_word' id='word_1_605' title='bbox 1561 4961 1734 5002; x_wconf 86' lang='lat' dir='ltr'><strong><em>autem</em></strong></span> <span class='ocrx_word' id='word_1_606' title='bbox 1775 4939 2133 5019; x_wconf 47' lang='lat' dir='ltr'><strong><em>paupertinas</em></strong></span> 
     </span>
    </p>
   </div>
   <div class='ocr_carea' id='block_1_98' title="bbox 568 5034 2132 5110">
    <p class='ocr_par' dir='ltr' id='par_1_98' title="bbox 568 5034 2132 5110">
     <span class='ocr_line' id='line_1_98' title="bbox 568 5034 2132 5110; baseline 0.006 -24"><span class='ocrx_word' id='word_1_607' title='bbox 568 5035 744 5087; x_wconf 85' lang='lat' dir='ltr'><strong><em>beatos</em></strong></span> <span class='ocrx_word' id='word_1_608' title='bbox 770 5034 1020 5101; x_wconf 86' lang='lat' dir='ltr'><strong><em>appellat.</em></strong></span> <span class='ocrx_word' id='word_1_609' title='bbox 1056 5036 1193 5099; x_wconf 89' lang='lat' dir='ltr'><strong><em>Quid</em></strong></span> <span class='ocrx_word' id='word_1_610' title='bbox 1220 5039 1380 5106; x_wconf 85' lang='lat' dir='ltr'><strong><em>igitur</em></strong></span> <span class='ocrx_word' id='word_1_611' title='bbox 1403 5052 1690 5094; x_wconf 85' lang='lat' dir='ltr'><strong><em>accusatur</em></strong></span> <span class='ocrx_word' id='word_1_612' title='bbox 1711 5042 1735 5094; x_wconf 70' lang='lat'><strong><em>.9</em></strong></span> <span class='ocrx_word' id='word_1_613' title='bbox 1755 5040 1878 5094; x_wconf 83' lang='lat' dir='ltr'><strong><em>Vita</em></strong></span> <span class='ocrx_word' id='word_1_614' title='bbox 1926 5044 2132 5110; x_wconf 70' lang='lat' dir='ltr'><strong><em>infelix,</em></strong></span> 
     </span>
    </p>
   </div>
   <div class='ocr_carea' id='block_1_99' title="bbox 569 5123 2133 5202">
    <p class='ocr_par' dir='ltr' id='par_1_99' title="bbox 569 5123 2133 5202">
     <span class='ocr_line' id='line_1_99' title="bbox 569 5123 2133 5202; baseline 0.006 -25"><span class='ocrx_word' id='word_1_615' title='bbox 569 5137 658 5177; x_wconf 87' lang='lat' dir='ltr'><strong><em>aut</em></strong></span> <span class='ocrx_word' id='word_1_616' title='bbox 690 5141 851 5195; x_wconf 84' lang='lat' dir='ltr'><strong><em>genus</em></strong></span> <span class='ocrx_word' id='word_1_617' title='bbox 901 5123 1172 5177; x_wconf 86' lang='lat' dir='ltr'><strong><em>hominum</em></strong></span> <span class='ocrx_word' id='word_1_618' title='bbox 1232 5129 1619 5196; x_wconf 86' lang='lat' dir='ltr'><strong><em>infortunatum</em></strong></span> <span class='ocrx_word' id='word_1_619' title='bbox 1653 5143 1701 5185; x_wconf 92' lang='lat' dir='ltr'><strong><em>et</em></strong></span> <span class='ocrx_word' id='word_1_620' title='bbox 1732 5135 2040 5202; x_wconf 79' lang='lat' dir='ltr'><strong><em>malignum,</em></strong></span> <span class='ocrx_word' id='word_1_621' title='bbox 2064 5136 2133 5186; x_wconf 83' lang='lat' dir='ltr'><strong><em>ad</em></strong></span> 
     </span>
    </p>
   </div>
   <div class='ocr_carea' id='block_1_100' title="bbox 570 5213 2134 5284">
    <p class='ocr_par' dir='ltr' id='par_1_100' title="bbox 570 5213 2134 5284">
     <span class='ocr_line' id='line_1_100' title="bbox 570 5213 2134 5284; baseline 0.008 -19"><span class='ocrx_word' id='word_1_622' title='bbox 570 5217 708 5284; x_wconf 88' lang='lat' dir='ltr'><strong><em>quod</em></strong></span> <span class='ocrx_word' id='word_1_623' title='bbox 741 5214 1058 5268; x_wconf 88' lang='lat' dir='ltr'><strong><em>salvandum</em></strong></span> <span class='ocrx_word' id='word_1_624' title='bbox 1085 5213 1227 5268; x_wconf 84' lang='lat' dir='ltr'><strong><em>Deus</em></strong></span> <span class='ocrx_word' id='word_1_625' title='bbox 1266 5226 1314 5270; x_wconf 90' lang='lat' dir='ltr'><strong><em>et</em></strong></span> <span class='ocrx_word' id='word_1_626' title='bbox 1362 5218 1585 5273; x_wconf 86' lang='lat' dir='ltr'><strong><em>Verbum</em></strong></span> <span class='ocrx_word' id='word_1_627' title='bbox 1614 5226 1923 5276; x_wconf 81' lang='lat' dir='ltr'><strong><em>incarnatus</em></strong></span> <span class='ocrx_word' id='word_1_628' title='bbox 1957 5234 2053 5284; x_wconf 74' lang='lat' dir='ltr'><strong><em>est,</em></strong></span> <span class='ocrx_word' id='word_1_629' title='bbox 2079 5234 2134 5277; x_wconf 89' lang='lat' dir='ltr'><strong><em>ut</em></strong></span> 
     </span>
    </p>
   </div>
   <div class='ocr_carea' id='block_1_101' title="bbox 572 5303 2135 5372">
    <p class='ocr_par' dir='ltr' id='par_1_101' title="bbox 572 5303 2135 5372">
     <span class='ocr_line' id='line_1_101' title="bbox 572 5303 2135 5372; baseline 0.009 -17"><span class='ocrx_word' id='word_1_630' title='bbox 572 5306 802 5372; x_wconf 86' lang='lat' dir='ltr'><strong><em>referunt</em></strong></span> <span class='ocrx_word' id='word_1_631' title='bbox 851 5303 1001 5357; x_wconf 90' lang='lat' dir='ltr'><strong><em>Libri</em></strong></span> <span class='ocrx_word' id='word_1_632' title='bbox 1039 5305 1198 5358; x_wconf 88' lang='lat' dir='ltr'><strong><em>sacri.</em></strong></span> <span class='ocrx_word' id='word_1_633' title='bbox 1269 5303 1368 5358; x_wconf 89' lang='lat' dir='ltr'><strong><em>Ubi</em></strong></span> <span class='ocrx_word' id='word_1_634' title='bbox 1429 5311 1777 5366; x_wconf 82' lang='lat' dir='ltr'><strong><em>humiliatio.’</em></strong></span> <span class='ocrx_word' id='word_1_635' title='bbox 1832 5312 1892 5367; x_wconf 89' lang='lat' dir='ltr'><strong><em>Si</em></strong></span> <span class='ocrx_word' id='word_1_636' title='bbox 1938 5326 2135 5369; x_wconf 83' lang='lat' dir='ltr'><strong><em>natura</em></strong></span> 
     </span>
    </p>
   </div>
   <div class='ocr_carea' id='block_1_102' title="bbox 573 5395 2136 5468">
    <p class='ocr_par' dir='ltr' id='par_1_102' title="bbox 573 5395 2136 5468">
     <span class='ocr_line' id='line_1_102' title="bbox 573 5395 2136 5468; baseline 0.008 -22"><span class='ocrx_word' id='word_1_637' title='bbox 573 5398 744 5449; x_wconf 87' lang='lat' dir='ltr'><strong><em>minus</em></strong></span> <span class='ocrx_word' id='word_1_638' title='bbox 768 5395 987 5464; x_wconf 85' lang='lat' dir='ltr'><strong><em>benigna</em></strong></span> <span class='ocrx_word' id='word_1_639' title='bbox 1009 5397 1208 5468; x_wconf 89' lang='lat' dir='ltr'><strong><em>lippum</em></strong></span> <span class='ocrx_word' id='word_1_640' title='bbox 1234 5408 1328 5452; x_wconf 90' lang='lat' dir='ltr'><strong><em>aut</em></strong></span> <span class='ocrx_word' id='word_1_641' title='bbox 1357 5397 1559 5451; x_wconf 77' lang='lat' dir='ltr'><strong><em>calvum</em></strong></span> <span class='ocrx_word' id='word_1_642' title='bbox 1577 5401 1822 5468; x_wconf 84' lang='lat' dir='ltr'><strong><em>aliquem,</em></strong></span> <span class='ocrx_word' id='word_1_643' title='bbox 1844 5416 2136 5458; x_wconf 87' lang='lat' dir='ltr'><strong><em>ventrosum</em></strong></span> 
     </span>
    </p>
   </div>
   <div class='ocr_carea' id='block_1_103' title="bbox 577 5488 2138 5563">
    <p class='ocr_par' dir='ltr' id='par_1_103' title="bbox 577 5488 2138 5563">
     <span class='ocr_line' id='line_1_103' title="bbox 577 5488 2138 5563; baseline 0.007 -24"><span class='ocrx_word' id='word_1_644' title='bbox 577 5498 668 5540; x_wconf 91' lang='lat' dir='ltr'><strong><em>aut</em></strong></span> <span class='ocrx_word' id='word_1_645' title='bbox 692 5488 902 5559; x_wconf 90' lang='lat' dir='ltr'><strong><em>obliqua</em></strong></span> <span class='ocrx_word' id='word_1_646' title='bbox 954 5499 1185 5547; x_wconf 88' lang='lat' dir='ltr'><strong><em>tuentem</em></strong></span> <span class='ocrx_word' id='word_1_647' title='bbox 1218 5491 1381 5561; x_wconf 82' lang='lat' dir='ltr'><strong><em>fecit;</em></strong></span> <span class='ocrx_word' id='word_1_648' title='bbox 1411 5490 1494 5544; x_wconf 85' lang='lat' dir='ltr'><strong><em>sic</em></strong></span> <span class='ocrx_word' id='word_1_649' title='bbox 1510 5490 1629 5559; x_wconf 87' lang='lat' dir='ltr'><strong><em>jam</em></strong></span> <span class='ocrx_word' id='word_1_650' title='bbox 1662 5507 1782 5545; x_wconf 85' lang='lat' dir='ltr'><strong><em>cum</em></strong></span> <span class='ocrx_word' id='word_1_651' title='bbox 1811 5511 1996 5563; x_wconf 86' lang='lat' dir='ltr'><strong><em>magno</em></strong></span> <span class='ocrx_word' id='word_1_652' title='bbox 2028 5497 2138 5549; x_wconf 85' lang='lat' dir='ltr'><strong><em>Ba-</em></strong></span> 
     </span>
    </p>
   </div>
   <div class='ocr_carea' id='block_1_104' title="bbox 578 5578 2138 5653">
    <p class='ocr_par' dir='ltr' id='par_1_104' title="bbox 578 5578 2138 5653">
     <span class='ocr_line' id='line_1_104' title="bbox 578 5578 2138 5653; baseline 0.006 -22"><span class='ocrx_word' id='word_1_653' title='bbox 578 5578 701 5632; x_wconf 84' lang='lat' dir='ltr'><strong><em>silio</em></strong></span> <span class='ocrx_word' id='word_1_654' title='bbox 738 5579 903 5645; x_wconf 86' lang='lat' dir='ltr'><strong><em>lippus</em></strong></span> <span class='ocrx_word' id='word_1_655' title='bbox 946 5599 1104 5637; x_wconf 88' lang='lat' dir='ltr'><strong><em>essem</em></strong></span> <span class='ocrx_word' id='word_1_656' title='bbox 1137 5602 1297 5651; x_wconf 89' lang='lat' dir='ltr'><strong><em>;cum</em></strong></span> <span class='ocrx_word' id='word_1_657' title='bbox 1335 5582 1586 5653; x_wconf 86' lang='lat' dir='ltr'><strong><em>Gregorio</em></strong></span> <span class='ocrx_word' id='word_1_658' title='bbox 1619 5581 1826 5651; x_wconf 88' lang='lat' dir='ltr'><strong><em>obliqua</em></strong></span> <span class='ocrx_word' id='word_1_659' title='bbox 1864 5595 2054 5650; x_wconf 88' lang='lat' dir='ltr'><strong><em>tuerer,</em></strong></span> <span class='ocrx_word' id='word_1_660' title='bbox 2089 5598 2138 5640; x_wconf 89' lang='lat' dir='ltr'><strong><em>et</em></strong></span> 
     </span>
    </p>
   </div>
   <div class='ocr_carea' id='block_1_105' title="bbox 581 5668 2136 5738">
    <p class='ocr_par' dir='ltr' id='par_1_105' title="bbox 581 5668 2136 5738">
     <span class='ocr_line' id='line_1_105' title="bbox 581 5668 2136 5738; baseline 0.012 -17"><span class='ocrx_word' id='word_1_661' title='bbox 581 5685 694 5722; x_wconf 84' lang='lat' dir='ltr'><strong><em>cum</em></strong></span> <span class='ocrx_word' id='word_1_662' title='bbox 747 5668 1110 5737; x_wconf 72' lang='lat' dir='ltr'><strong><em>Cln‘qsostomo</em></strong></span> <span class='ocrx_word' id='word_1_663' title='bbox 1168 5677 1388 5731; x_wconf 76' lang='lat' dir='ltr'><strong><em>macerie</em></strong></span> <span class='ocrx_word' id='word_1_664' title='bbox 1430 5674 1741 5729; x_wconf 62' lang='lat' dir='ltr'><strong><em>labori-rem.</em></strong></span> <span class='ocrx_word' id='word_1_665' title='bbox 1781 5672 1928 5737; x_wconf 69' lang='lat' dir='ltr'><strong><em>Q’Wl</em></strong></span> <span class='ocrx_word' id='word_1_666' title='bbox 1958 5677 2136 5738; x_wconf 71' lang='grc' dir='ltr'><strong>δὶηιιίε</strong></span> 
     </span>
    </p>
   </div>
   <div class='ocr_carea' id='block_1_106' title="bbox 2234 4487 3812 4560">
    <p class='ocr_par' dir='ltr' id='par_1_106' title="bbox 2234 4487 3812 4560">
     <span class='ocr_line' id='line_1_106' title="bbox 2234 4487 3812 4560; baseline -0.003 -16"><span class='ocrx_word' id='word_1_667' title='bbox 2234 4491 2498 4560; x_wconf 85' lang='lat' dir='ltr'><strong><em>amplius;</em></strong></span> <span class='ocrx_word' id='word_1_668' title='bbox 2547 4505 2713 4552; x_wconf 87' lang='lat' dir='ltr'><strong><em>mare,</em></strong></span> <span class='ocrx_word' id='word_1_669' title='bbox 2746 4489 2920 4540; x_wconf 87' lang='lat' dir='ltr'><strong><em>omnia</em></strong></span> <span class='ocrx_word' id='word_1_670' title='bbox 2956 4488 3155 4540; x_wconf 87' lang='lat' dir='ltr'><strong><em>inunda</em></strong></span> <span class='ocrx_word' id='word_1_671' title='bbox 3185 4503 3203 4550; x_wconf 90' lang='lat'><em>;</em></span> <span class='ocrx_word' id='word_1_672' title='bbox 3244 4487 3403 4540; x_wconf 87' lang='lat' dir='ltr'><strong><em>chaos</em></strong></span> <span class='ocrx_word' id='word_1_673' title='bbox 3431 4494 3734 4540; x_wconf 87' lang='lat' dir='ltr'><strong><em>revertatur</em></strong></span> <span class='ocrx_word' id='word_1_674' title='bbox 3763 4497 3812 4539; x_wconf 78' lang='lat' dir='ltr'><strong><em>cl</em></strong></span> 
     </span>
    </p>
   </div>
   <div class='ocr_carea' id='block_1_107' title="bbox 2203 4575 3807 4654">
    <p class='ocr_par' dir='ltr' id='par_1_107' title="bbox 2203 4575 3807 4654">
     <span class='ocr_line' id='line_1_107' title="bbox 2203 4575 3807 4654; baseline -0.004 -19"><span class='ocrx_word' id='word_1_675' title='bbox 2203 4582 2412 4635; x_wconf 62' lang='lat' dir='ltr'><strong><em>~omnia</em></strong></span> <span class='ocrx_word' id='word_1_676' title='bbox 2441 4579 2753 4647; x_wconf 80' lang='lat' dir='ltr'><strong><em>confundat.</em></strong></span> <span class='ocrx_word' id='word_1_677' title='bbox 2785 4575 2873 4631; x_wconf 88' lang='lat' dir='ltr'><strong><em>Sic</em></strong></span> <span class='ocrx_word' id='word_1_678' title='bbox 2900 4579 3035 4631; x_wconf 89' lang='lat' dir='ltr'><strong><em>enim</em></strong></span> <span class='ocrx_word' id='word_1_679' title='bbox 3067 4593 3153 4630; x_wconf 88' lang='lat' dir='ltr'><strong><em>eos</em></strong></span> <span class='ocrx_word' id='word_1_680' title='bbox 3186 4580 3277 4648; x_wconf 92' lang='lat' dir='ltr'><strong><em>qui</em></strong></span> <span class='ocrx_word' id='word_1_681' title='bbox 3322 4578 3807 4654; x_wconf 38' lang='lat' dir='ltr'><strong><em>Verbo‘insultant,</em></strong></span> 
     </span>
    </p>
   </div>
   <div class='ocr_carea' id='block_1_108' title="bbox 2233 4668 3811 4741">
    <p class='ocr_par' dir='ltr' id='par_1_108' title="bbox 2233 4668 3811 4741">
     <span class='ocr_line' id='line_1_108' title="bbox 2233 4668 3811 4741; baseline -0.002 -16"><span class='ocrx_word' id='word_1_682' title='bbox 2233 4688 2510 4733; x_wconf 90' lang='lat' dir='ltr'><strong><em>coercens,</em></strong></span> <span class='ocrx_word' id='word_1_683' title='bbox 2537 4668 2916 4741; x_wconf 79' lang='lat' dir='ltr'><strong><em>jusjurandum</em></strong></span> <span class='ocrx_word' id='word_1_684' title='bbox 2959 4669 3196 4736; x_wconf 87' lang='lat' dir='ltr'><strong><em>persolvo</em></strong></span> <span class='ocrx_word' id='word_1_685' title='bbox 3247 4679 3298 4722; x_wconf 90' lang='lat' dir='ltr'><strong><em>et</em></strong></span> <span class='ocrx_word' id='word_1_686' title='bbox 3345 4668 3532 4722; x_wconf 83' lang='lat' dir='ltr'><strong><em>litteris</em></strong></span> <span class='ocrx_word' id='word_1_687' title='bbox 3583 4679 3811 4731; x_wconf 62' lang='lat' dir='ltr'><strong><em>mando,</em></strong></span> 
     </span>
    </p>
   </div>
   <div class='ocr_carea' id='block_1_109' title="bbox 2236 4759 3812 4826">
    <p class='ocr_par' dir='ltr' id='par_1_109' title="bbox 2236 4759 3812 4826">
     <span class='ocr_line' id='line_1_109' title="bbox 2236 4759 3812 4826; baseline -0.003 -12"><span class='ocrx_word' id='word_1_688' title='bbox 2236 4762 2459 4815; x_wconf 84' lang='lat' dir='ltr'><strong><em>Patrum</em></strong></span> <span class='ocrx_word' id='word_1_689' title='bbox 2492 4759 2872 4814; x_wconf 87' lang='lat' dir='ltr'><strong><em>venerabilium</em></strong></span> <span class='ocrx_word' id='word_1_690' title='bbox 2924 4761 3065 4813; x_wconf 86' lang='lat' dir='ltr'><strong><em>dicto</em></strong></span> <span class='ocrx_word' id='word_1_691' title='bbox 3125 4761 3366 4814; x_wconf 82' lang='lat' dir='ltr'><strong><em>audiens.</em></strong></span> <span class='ocrx_word' id='word_1_692' title='bbox 3399 4759 3472 4812; x_wconf 83' lang='lat' dir='ltr'><strong><em>Hi</em></strong></span> <span class='ocrx_word' id='word_1_693' title='bbox 3500 4760 3636 4811; x_wconf 85' lang='lat' dir='ltr'><strong><em>enim</em></strong></span> <span class='ocrx_word' id='word_1_694' title='bbox 3669 4775 3812 4826; x_wconf 73' lang='lat' dir='ltr'><strong><em>qua-</em></strong></span> 
     </span>
    </p>
   </div>
   <div class='ocr_carea' id='block_1_110' title="bbox 2235 4849 3809 4922">
    <p class='ocr_par' dir='ltr' id='par_1_110' title="bbox 2235 4849 3809 4922">
     <span class='ocr_line' id='line_1_110' title="bbox 2235 4849 3809 4922; baseline -0.003 -16"><span class='ocrx_word' id='word_1_695' title='bbox 2235 4870 2435 4922; x_wconf 86' lang='lat' dir='ltr'><strong><em>cunque</em></strong></span> <span class='ocrx_word' id='word_1_696' title='bbox 2463 4855 2518 4907; x_wconf 92' lang='lat' dir='ltr'><strong><em>in</em></strong></span> <span class='ocrx_word' id='word_1_697' title='bbox 2551 4869 2604 4905; x_wconf 91' lang='lat' dir='ltr'><strong><em>re</em></strong></span> <span class='ocrx_word' id='word_1_698' title='bbox 2643 4868 2737 4906; x_wconf 88' lang='lat' dir='ltr'><strong><em>nos</em></strong></span> <span class='ocrx_word' id='word_1_699' title='bbox 2766 4851 3228 4921; x_wconf 88' lang='lat' dir='ltr'><strong><em>reprehenderint,</em></strong></span> <span class='ocrx_word' id='word_1_700' title='bbox 3253 4851 3524 4904; x_wconf 82' lang='lat' dir='ltr'><strong><em>humiliter</em></strong></span> <span class='ocrx_word' id='word_1_701' title='bbox 3558 4849 3809 4916; x_wconf 84' lang='lat' dir='ltr'><strong><em>perfera-</em></strong></span> 
     </span>
    </p>
   </div>
   <div class='ocr_carea' id='block_1_111' title="bbox 2236 4937 3808 5011">
    <p class='ocr_par' dir='ltr' id='par_1_111' title="bbox 2236 4937 3808 5011">
     <span class='ocr_line' id='line_1_111' title="bbox 2236 4937 3808 5011; baseline -0.001 -18"><span class='ocrx_word' id='word_1_702' title='bbox 2236 4959 2371 5006; x_wconf 88' lang='lat' dir='ltr'><strong><em>mus,</em></strong></span> <span class='ocrx_word' id='word_1_703' title='bbox 2418 4959 2508 4995; x_wconf 88' lang='lat' dir='ltr'><strong><em>nec</em></strong></span> <span class='ocrx_word' id='word_1_704' title='bbox 2542 4959 2622 4995; x_wconf 87' lang='lat' dir='ltr'><strong><em>res</em></strong></span> <span class='ocrx_word' id='word_1_705' title='bbox 2656 4937 2845 5011; x_wconf 79' lang='lat' dir='ltr'><strong><em>impias</em></strong></span> <span class='ocrx_word' id='word_1_706' title='bbox 2894 4943 2962 4994; x_wconf 80' lang='lat' dir='ltr'><strong><em>ad</em></strong></span> <span class='ocrx_word' id='word_1_707' title='bbox 2995 4943 3207 4994; x_wconf 86' lang='lat' dir='ltr'><strong><em>aurium</em></strong></span> <span class='ocrx_word' id='word_1_708' title='bbox 3255 4951 3556 4993; x_wconf 90' lang='lat' dir='ltr'><strong><em>nostrarum</em></strong></span> <span class='ocrx_word' id='word_1_709' title='bbox 3589 4952 3808 5008; x_wconf 80' lang='lat' dir='ltr'><strong><em>portans</em></strong></span> 
     </span>
    </p>
   </div>
   <div class='ocr_carea' id='block_1_112' title="bbox 2238 5031 3810 5104">
    <p class='ocr_par' dir='ltr' id='par_1_112' title="bbox 2238 5031 3810 5104">
     <span class='ocr_line' id='line_1_112' title="bbox 2238 5031 3810 5104; baseline -0.001 -15"><span class='ocrx_word' id='word_1_710' title='bbox 2238 5037 2657 5104; x_wconf 64' lang='lat' dir='ltr'><strong><em>appropinquare</em></strong></span> <span class='ocrx_word' id='word_1_711' title='bbox 2687 5035 2957 5098; x_wconf 80' lang='lat' dir='ltr'><strong><em>sinamus;</em></strong></span> <span class='ocrx_word' id='word_1_712' title='bbox 2987 5043 3034 5086; x_wconf 89' lang='lat' dir='ltr'><strong><em>et</em></strong></span> <span class='ocrx_word' id='word_1_713' title='bbox 3063 5050 3178 5087; x_wconf 89' lang='lat' dir='ltr'><strong><em>eum</em></strong></span> <span class='ocrx_word' id='word_1_714' title='bbox 3203 5034 3294 5102; x_wconf 88' lang='lat' dir='ltr'><strong><em>qui</em></strong></span> <span class='ocrx_word' id='word_1_715' title='bbox 3329 5031 3460 5085; x_wconf 89' lang='lat' dir='ltr'><strong><em>talia</em></strong></span> <span class='ocrx_word' id='word_1_716' title='bbox 3496 5035 3810 5101; x_wconf 69' lang='lat' dir='ltr'><strong><em>prolocutus</em></strong></span> 
     </span>
    </p>
   </div>
   <div class='ocr_carea' id='block_1_113' title="bbox 2237 5121 3812 5196">
    <p class='ocr_par' dir='ltr' id='par_1_113' title="bbox 2237 5121 3812 5196">
     <span class='ocr_line' id='line_1_113' title="bbox 2237 5121 3812 5196; baseline 0.001 -20"><span class='ocrx_word' id='word_1_717' title='bbox 2237 5127 2394 5196; x_wconf 83' lang='lat' dir='ltr'><strong><em>fuerit</em></strong></span> <span class='ocrx_word' id='word_1_718' title='bbox 2421 5164 2434 5187; x_wconf 95' lang='lat'><strong><em>,</em></strong></span> <span class='ocrx_word' id='word_1_719' title='bbox 2485 5139 2661 5174; x_wconf 87' lang='lat' dir='ltr'><strong><em>severa</em></strong></span> <span class='ocrx_word' id='word_1_720' title='bbox 2718 5139 2875 5174; x_wconf 84' lang='lat' dir='ltr'><strong><em>manu</em></strong></span> <span class='ocrx_word' id='word_1_721' title='bbox 2907 5131 2999 5173; x_wconf 88' lang='lat' dir='ltr'><strong><em>ant</em></strong></span> <span class='ocrx_word' id='word_1_722' title='bbox 3024 5138 3260 5175; x_wconf 86' lang='lat' dir='ltr'><strong><em>sermone</em></strong></span> <span class='ocrx_word' id='word_1_723' title='bbox 3292 5123 3634 5191; x_wconf 86' lang='lat' dir='ltr'><strong><em>castigemus.</em></strong></span> <span class='ocrx_word' id='word_1_724' title='bbox 3669 5121 3812 5178; x_wconf 77' lang='lat' dir='ltr'><strong><em>Viro</em></strong></span> 
     </span>
    </p>
   </div>
   <div class='ocr_carea' id='block_1_114' title="bbox 2240 5214 3813 5287">
    <p class='ocr_par' dir='ltr' id='par_1_114' title="bbox 2240 5214 3813 5287">
     <span class='ocr_line' id='line_1_114' title="bbox 2240 5214 3813 5287; baseline 0.001 -19"><span class='ocrx_word' id='word_1_725' title='bbox 2240 5218 2326 5287; x_wconf 84' lang='lat' dir='ltr'><strong><em>qui</em></strong></span> <span class='ocrx_word' id='word_1_726' title='bbox 2382 5216 2545 5270; x_wconf 87' lang='lat' dir='ltr'><strong><em>Deum</em></strong></span> <span class='ocrx_word' id='word_1_727' title='bbox 2602 5225 2784 5282; x_wconf 85' lang='lat' dir='ltr'><strong><em>negat,</em></strong></span> <span class='ocrx_word' id='word_1_728' title='bbox 2845 5214 3117 5266; x_wconf 85' lang='lat' dir='ltr'><strong><em>silentium</em></strong></span> <span class='ocrx_word' id='word_1_729' title='bbox 3170 5216 3415 5283; x_wconf 85' lang='lat' dir='ltr'><strong><em>impone;</em></strong></span> <span class='ocrx_word' id='word_1_730' title='bbox 3453 5218 3580 5270; x_wconf 85' lang='lat' dir='ltr'><strong><em>mihi</em></strong></span> <span class='ocrx_word' id='word_1_731' title='bbox 3622 5227 3813 5270; x_wconf 78' lang='lat' dir='ltr'><strong><em>autem</em></strong></span> 
     </span>
    </p>
   </div>
   <div class='ocr_carea' id='block_1_115' title="bbox 2239 5306 3812 5382">
    <p class='ocr_par' dir='ltr' id='par_1_115' title="bbox 2239 5306 3812 5382">
     <span class='ocr_line' id='line_1_115' title="bbox 2239 5306 3812 5382; baseline 0 -20"><span class='ocrx_word' id='word_1_732' title='bbox 2239 5312 2538 5362; x_wconf 74' lang='lat' dir='ltr'><strong><em>demonstra</em></strong></span> <span class='ocrx_word' id='word_1_733' title='bbox 2572 5307 2841 5359; x_wconf 86' lang='lat' dir='ltr'><strong><em>hominum</em></strong></span> <span class='ocrx_word' id='word_1_734' title='bbox 2883 5323 3043 5371; x_wconf 81' lang='lat' dir='ltr'><strong><em>genus</em></strong></span> <span class='ocrx_word' id='word_1_735' title='bbox 3086 5324 3200 5361; x_wconf 78' lang='lat' dir='ltr'><strong><em>vere</em></strong></span> <span class='ocrx_word' id='word_1_736' title='bbox 3229 5309 3465 5363; x_wconf 87' lang='lat' dir='ltr'><strong><em>divinum</em></strong></span> <span class='ocrx_word' id='word_1_737' title='bbox 3503 5324 3631 5382; x_wconf 81' lang='lat' dir='ltr'><strong><em>esse.</em></strong></span> <span class='ocrx_word' id='word_1_738' title='bbox 3664 5306 3812 5362; x_wconf 76' lang='lat' dir='ltr'><strong><em>Cum</em></strong></span> 
     </span>
    </p>
   </div>
   <div class='ocr_carea' id='block_1_116' title="bbox 2239 5398 3810 5471">
    <p class='ocr_par' dir='ltr' id='par_1_116' title="bbox 2239 5398 3810 5471">
     <span class='ocr_line' id='line_1_116' title="bbox 2239 5398 3810 5471; baseline 0.001 -17"><span class='ocrx_word' id='word_1_739' title='bbox 2239 5401 2347 5454; x_wconf 79' lang='lat' dir='ltr'><strong><em>zelo</em></strong></span> <span class='ocrx_word' id='word_1_740' title='bbox 2405 5402 2537 5453; x_wconf 87' lang='lat' dir='ltr'><strong><em>enim</em></strong></span> <span class='ocrx_word' id='word_1_741' title='bbox 2588 5399 2783 5453; x_wconf 71' lang='lat' dir='ltr'><strong><em>certari</em></strong></span> <span class='ocrx_word' id='word_1_742' title='bbox 2835 5415 2927 5467; x_wconf 89' lang='lat' dir='ltr'><strong><em>pro</em></strong></span> <span class='ocrx_word' id='word_1_743' title='bbox 2979 5398 3203 5453; x_wconf 89' lang='lat' dir='ltr'><strong><em>Domino</em></strong></span> <span class='ocrx_word' id='word_1_744' title='bbox 3250 5418 3382 5455; x_wconf 90' lang='lat' dir='ltr'><strong><em>meo.</em></strong></span> <span class='ocrx_word' id='word_1_745' title='bbox 3429 5401 3530 5464; x_wconf 82' lang='lat' dir='ltr'><strong><em>Tu,</em></strong></span> <span class='ocrx_word' id='word_1_746' title='bbox 3567 5400 3810 5471; x_wconf 69' lang='lat' dir='ltr'><strong><em>Moyses,</em></strong></span> 
     </span>
    </p>
   </div>
   <div class='ocr_carea' id='block_1_117' title="bbox 2241 5491 3812 5564">
    <p class='ocr_par' dir='ltr' id='par_1_117' title="bbox 2241 5491 3812 5564">
     <span class='ocr_line' id='line_1_117' title="bbox 2241 5491 3812 5564; baseline -0.001 -19"><span class='ocrx_word' id='word_1_747' title='bbox 2241 5491 2553 5564; x_wconf 64' lang='lat' dir='ltr'><strong><em>zEgyptium</em></strong></span> <span class='ocrx_word' id='word_1_748' title='bbox 2580 5492 2805 5543; x_wconf 89' lang='lat' dir='ltr'><strong><em>occisum</em></strong></span> <span class='ocrx_word' id='word_1_749' title='bbox 2843 5491 3032 5544; x_wconf 87' lang='lat' dir='ltr'><strong><em>iterum</em></strong></span> <span class='ocrx_word' id='word_1_750' title='bbox 3063 5492 3118 5543; x_wconf 90' lang='lat' dir='ltr'><strong><em>in</em></strong></span> <span class='ocrx_word' id='word_1_751' title='bbox 3143 5507 3304 5546; x_wconf 85' lang='lat' dir='ltr'><strong><em>arena</em></strong></span> <span class='ocrx_word' id='word_1_752' title='bbox 3350 5492 3610 5544; x_wconf 87' lang='lat' dir='ltr'><strong><em>absconde</em></strong></span> <span class='ocrx_word' id='word_1_753' title='bbox 3644 5508 3812 5559; x_wconf 72' lang='lat' dir='ltr'><strong><em>prove</em></strong></span> 
     </span>
    </p>
   </div>
   <div class='ocr_carea' id='block_1_118' title="bbox 2241 5582 3812 5652">
    <p class='ocr_par' dir='ltr' id='par_1_118' title="bbox 2241 5582 3812 5652">
     <span class='ocr_line' id='line_1_118' title="bbox 2241 5582 3812 5652; baseline 0.001 -16"><span class='ocrx_word' id='word_1_754' title='bbox 2241 5599 2411 5648; x_wconf 85' lang='lat' dir='ltr'><strong><em>mare;</em></strong></span> <span class='ocrx_word' id='word_1_755' title='bbox 2444 5601 2586 5639; x_wconf 82' lang='lat' dir='ltr'><strong><em>mare</em></strong></span> <span class='ocrx_word' id='word_1_756' title='bbox 2609 5582 2840 5636; x_wconf 85' lang='lat' dir='ltr'><strong><em>Rubrum</em></strong></span> <span class='ocrx_word' id='word_1_757' title='bbox 2867 5601 3077 5652; x_wconf 86' lang='lat' dir='ltr'><strong><em>separa,</em></strong></span> <span class='ocrx_word' id='word_1_758' title='bbox 3102 5597 3148 5637; x_wconf 90' lang='lat' dir='ltr'><strong><em>et</em></strong></span> <span class='ocrx_word' id='word_1_759' title='bbox 3169 5585 3388 5638; x_wconf 80' lang='lat' dir='ltr'><strong><em>medium</em></strong></span> <span class='ocrx_word' id='word_1_760' title='bbox 3411 5593 3812 5652; x_wconf 65' lang='lat' dir='ltr'><strong><em>transgredere;</em></strong></span> 
     </span>
    </p>
   </div>
   <div class='ocr_carea' id='block_1_119' title="bbox 2243 5674 3807 5742">
    <p class='ocr_par' dir='ltr' id='par_1_119' title="bbox 2243 5674 3807 5742">
     <span class='ocr_line' id='line_1_119' title="bbox 2243 5674 3807 5742; baseline 0 -16"><span class='ocrx_word' id='word_1_761' title='bbox 2243 5685 2598 5742; x_wconf 71' lang='lat' dir='ltr'><strong><em>persecutores</em></strong></span> <span class='ocrx_word' id='word_1_762' title='bbox 2639 5684 2869 5728; x_wconf 73' lang='lat' dir='ltr'><strong><em>armatos</em></strong></span> <span class='ocrx_word' id='word_1_763' title='bbox 2922 5675 2972 5726; x_wconf 89' lang='lat' dir='ltr'><strong><em>in</em></strong></span> <span class='ocrx_word' id='word_1_764' title='bbox 3048 5686 3205 5742; x_wconf 69' lang='lat' dir='ltr'><strong><em>pltth</em></strong></span> <span class='ocrx_word' id='word_1_765' title='bbox 3252 5674 3482 5736; x_wconf 73' lang='lat' dir='ltr'><strong><em>sepelito.</em></strong></span> <span class='ocrx_word' id='word_1_766' title='bbox 3545 5676 3741 5728; x_wconf 84' lang='lat' dir='ltr'><strong><em>Jacu&#39;o</em></strong></span> <span class='ocrx_word' id='word_1_767' title='bbox 3776 5693 3807 5727; x_wconf 81' lang='grc' dir='ltr'><em>α</em></span> 
     </span>
    </p>
   </div>
  </div>
