4002 6332
474 159 492 171 ’
533 142 665 209 1411

531 259 608 310 (ιὺ
646 249 814 321 μικρᾶ
848 248 892 300 δ’
921 247 1204 316 ὲξήνεγκα,
1241 245 1334 297 καὶ
1373 243 1506 312 πρὸς
1539 241 1754 311 ἡμέραν

543 345 641 395 Ἑλ
676 343 781 392 τῶν
813 339 1017 408 ὀνύχων
1038 340 1128 389 τὸν
1157 335 1345 389 λέοντὰ
1373 352 1458 388 σοι
1485 334 1666 408 φανῶ,

535 433 608 485 ἰι
643 433 838 501 μᾶλλον
856 432 914 481 οὗ
951 424 1067 490 σιρτῖ
1087 430 1196 489 τοῖς
1234 428 1290 480 δὲ
1327 425 1451 479 νοῦν
1491 422 1867 493 κεκτημένοις.

541 523 833 590 ’Δναρχον,
871 521 1038 589 ἁρχὴ,
1079 518 1279 580 παντὸς
1308 517 1458 569 αἰτία
1480 515 1636 578 Θεὸς,

539 611 844 669 Βασιλικὸν,
871 608 1110 678 βέϐαιον,
1136 609 1193 659 ὲν
1227 607 1410 675 ταυτῷ
1435 606 1620 675 μένον,

540 701 850 767 Γλυκασμδς
879 699 1124 768 ἔμφρων,
1157 699 1425 766 αὐτέρως,
1457 695 1772 765 αὑταγὰπη,

542 790 870 859 Δωρητικὸν,
907 789 1181 848 πλούσιον,
1212 789 1384 850 seek,
1416 787 1666 856 εὐθύτης,

547 886 662 942 Ἕν,
684 881 898 943 ταυτὸν,
930 875 1066 943 ἴσον,
1099 879 1280 946 ἄρτιον
1311 880 1529 932 πάντων
1559 879 1757 947 πέρας,

545 971 690 1036 Ζιυὴ,
723 968 886 1020 καλὸν
909 966 1043 1034 φῶς,
1076 966 1382 1031 αὑτάγαθος
1421 965 1600 1025 οὐσία,

553 1061 704 1122 Ἡδὺ,
737 1057 1279 1126 προμηθὲς,όντότης,
1315 1057 1641 1125 ἁπειρότης,

547 1153 836 1246 Θεουργξν,
872 1148 1094 1213 ἁπλοῦν,
1127 1147 1316 1216 ἁρετὴ,
1355 1147 1575 1215 σύμπαν
1603 1144 1747 1206 ὅλον,

558 1238 858 1308 Ὶκανόιης,
891 1239 1118 1301 δίκαιον,
1156 1238 1472 1303 αὑτοσοφία,

550 1329 929 1398 Κοσμουργὸν,
963 1327 1250 1390 ἀθάνατον,
1279 1325 1534 1389 suam.

551 1418 847 1484 Λυτρωτικ⁶
868 1433 915 1477 ν,
939 1414 1265 1483 πανταρχον,
1293 1413 1648 1482 αὑθαγιότης,

553 1506 919 1572 Μονοκρατὲς,
962 1506 1169 1571 κύριον,
1203 1506 1454 1557 ἁπάντων
1485 1507 1630 1573 ὅρος,

554 1595 717 1658 Νοῦς,
747 1599 838 1647 καὶ
865 1598 1037 1662 λόγος,
1070 1598 1162 1648 καὶ
1195 1595 1443 1665 πνεῦμα’
1485 1596 1654 1647 ταῦτα
1679 1592 1966 1664 γὰρ-Θεὸς,

549 1685 815 1759 ’Ξύμφυλα
847 1686 1021 1755 πάντη
1059 1686 1148 1737 καὶ
1183 1685 1618 1753 ξυνουσιωμέναο

565 1776 626 1828 '0
660 1776 758 1844 μὲν
800 1778 970 1844 Λόγος
998 1775 1090 1827 νοῦ
1122 1779 1286 1842 γέννα
1313 1774 1407 1827 τοῦ
1445 1773 1759 1836 παναιτίου,

557 1870 836 1935 Πανὰγιος
857 1871 981 1930 παῖς
1013 1869 1222 1936 Πατρός
1249 1870 1312 1919 ὲκ
1342 1867 1638 1933 παναγίου,

568 1962 752 2031 Ῥίζης
777 1964 1011 2031 ἀνάρχου
1047 1964 1256 2033 καρπὸς
1285 1964 1518 2032 ἄναρχος
1554 1962 1736 2031 μόνος.

561 2057 804 2122 Σφραγὶς
833 2055 1048 2122 καθαρὰ
1082 2053 1306 2123 μηδαμῆ
1337 2053 1656 2122 κινουμένη.

635 2149 668 2199 Ἰ
696 2178 707 2196 ι
735 2146 957 2214 Πνεῦμα
984 2148 1028 2198 δ’
1047 2147 1360 2217 ὲκπόρευμα
1389 2147 1483 2199 καὶ
1504 2146 1795 2216 πρόϐλημα
1829 2147 1965 2210 Νοῦ,

567 2237 850 2307 ’Υψ,στον,
877 2237 1116 2307 ἰσότιμον
1149 2238 1296 2307 αὐτῷ
1327 2241 1421 2292 καὶ
1454 2241 1632 2308 Λόγῳ,

567 2330 641 2381 Φύ
653 2347 734 2381 su.
761 2346 817 2382 τε
850 2331 1046 2382 ταυτὸν
1068 2332 1164 2382 καὶ
1191 2330 1420 2400 δυνάμει
1449 2331 1542 2383 καὶ
1567 2332 1784 2400 κράτει,

570 2420 846 2489 Χωριστὺν
859 2419 1010 2472 οὐδὲν
1037 2420 1146 2473 τῶν
1177 2422 1364 2487 τριῶν,
1383 2421 1440 2472 ἓν
1460 2421 1516 2472 δὲ
1539 2421 1686 2486 τρία,

574 2509 829 2561 Ψαυστδν
865 2510 1166 2577 λογισμοῖς,
1197 2512 1310 2562 ἀλλ’
1334 2512 1590 2580 ἀμυδρῶς
1602 2512 1716 2564 \ua‘t
1751 2512 1933 2579 μόνον.

576 2600 767 2660 Ὅστις
802 2597 1038 2668 σεϐασθῇ
1064 2598 1256 2661 ταῦτα,
1291 2605 1387 2652 καὶ
1412 2605 1738 2672 σωθήσεται.

577 2691 637 2742 El
672 2688 844 2741 ταῦτα
875 2689 1058 2753 πιστὰ,
1087 2688 1202 2751 πῶς
1237 2708 1304 2759 με
1337 2692 1543 2744 πιστῶν
1559 2693 1814 2760 ἒεάγειςς

579 2781 641 2832 Ei
677 2779 721 2830 δ’
755 2779 875 2848 οὐχὶ
905 2779 1092 2842 πιστὰ,
1130 2780 1411 2848 προστίθει
1435 2783 1532 2843 τὰς
1556 2784 1756 2848 αίτίας.

590 2869 753 2921 Ἀλλὰ
780 2871 865 2930 τίς
894 2869 959 2922 ἂν
997 2869 1134 2939 τηθή
1166 2887 1226 2922 σε
1246 2871 1342 2940 τῆς
1368 2872 1512 2938 ῥινὸς
1537 2872 1698 2943 λὰϐῃ,

583 2964 694 3015 Καὶ
720 2964 819 3030 τῆς
857 2963 1095 3032 κορύζης
1125 2961 1384 3033 ἀπομύξῃ
1410 2965 1470 3014 τὸ
1492 2962 1656 3015 πλέον
1678 2981 1692 3027 ;

593 3056 681 3116 Ὠς
715 3053 780 3106 ἂν
808 3052 966 3120 λόγου
1001 3051 1260 3120 φθέγξαιο
1287 3052 1555 3122 συλλαϐὴν
1597 3053 1749 3123 μίαν.

593 3144 749 3212 Ἐμοὶ
776 3146 1105 3216 προσάπτεις
1132 3144 1449 3207 δυσσεϐείας
1479 3145 1732 3212 εὐθύνας,

580 3232 653 3290 Ὦ
688 3237 885 3299 παντὸς
907 3235 1174 3289 ὑπεύθυνε
1203 3236 1638 3308 δυσσεϐήματος,

585 3397 683 3461 σεδ,
709 3400 914 3454 ratione
948 3415 1008 3452 ac
1039 3409 1207 3454 mente
1235 3399 1470 3469 pra'ditis
1502 3417 1521 3454 :
1549 3402 1689 3458 Deus
1725 3408 1886 3460 totius
1910 3417 2140 3465 creatio-

587 3492 668 3543 nis
699 3507 860 3543 causa
897 3499 944 3544 et
979 3491 1119 3558 fons,
1164 3492 1276 3542 sine
1319 3492 1598 3560 principia.
1649 3497 1965 3579 principium
1999 3501 2128 3567 ipse,

589 3579 753 3630 uirtus
796 3578 1012 3646 regalis,
1067 3577 1337 3640 diuturna,
1397 3583 1574 3632 eadem
1635 3577 1835 3649 semper
1886 3601 2141 3650 manens;

589 3663 835 3722 dulcedo,
883 3676 1032 3713 amor
1074 3662 1203 3728 ipse,
1246 3664 1353 3729 ipse
1385 3661 1643 3724 charitas,
1685 3667 1850 3730 dives,
1889 3672 2140 3722 immuta-

597 3751 761 3814 bilis;
799 3766 982 3807 unum.
1017 3751 1174 3816 idem,
1220 3754 1450 3804 omnium
1482 3769 1659 3807 rerum
1698 3760 1976 3822 terminus,
2010 3765 2119 3814 vita

596 3845 768 3898 lumen
789 3843 1084 3908 splendens,
1111 3842 1408 3895 substantia
1439 3858 1530 3910 per
1551 3861 1602 3898 se
1620 3847 1792 3913 bona;
1811 3849 2121 3917 jucunditas

597 3933 945 4002 providentia,
1008 3935 1230 3986 essentia
1296 3934 1606 4002 indeﬁnito;
1653 3954 1841 3992 numen
1888 3941 2146 4006 divinum,

597 4025 841 4092 simplex,
875 4024 1067 4088 uirtus,
1093 4024 1353 4089 totalitas,
1377 4026 1592 4093 justitia
1616 4028 1902 4097 sufﬁciens,
1942 4037 2150 4101 sapien-

599 4117 676 4168 tia
718 4115 916 4183 infu'sa,
956 4114 1137 4168 mundi
1177 4117 1534 4183 gubernator;
1583 4122 1924 4185 immortalis,
1977 4128 2147 4178 vivens

1589 167 1597 176 η
1699 122 2096 189 THEODORI
2129 122 2534 204 BRODROMI

3604 94 3761 161 1L1!

2106 240 2148 293 Α
2185 235 2282 299 ⁸ος
2315 236 2412 287 σὺν
2441 235 2561 304 Θεῷ
2591 233 2886 302 σύμπαντα
2915 229 3005 282 τὸν
3033 226 3199 280 πάλαι
3225 221 3387 290 νόμον

2186 326 2293 378 Καὶ
2319 326 2408 378 τὸν
2432 325 2554 378 καθ’
2585 323 2731 392 ἡμᾶς
2765 325 2822 374 ὲν
2849 320 3052 388 στίχοις
3075 311 3448 383 τετραστίχοις

2189 415 2564 487 Παραφράσας
2594 412 2843 466 εὔκλειαν
2865 403 3288 474 ἀπηνεγιιάμην.

2181 509 2341 586 ,Ἐγὼ
2361 506 2496 560 Θεοῦ
2521 503 2820 576 πόρρωθεν,
2840 495 2885 553 ὦ
2911 496 3045 552 Θεοῦ
3066 495 3182 560 ξένε
3203 510 3218 558 ;

2195 603 2291 663 ‘0;
2329 600 2493 670 μηδὲν
2516 597 2645 650 ἄλλο
2672 593 2810 664 πλὴν
2839 587 2973 646 Θεοῦ
3003 589 3165 658 μόνου
3195 584 3363 638 πνέω.

2205 693 2345 760 Ἐγὼ
2376 692 2548 761 μέθης
2573 690 2875 757 πάρεργον,
2901 680 3181 754 ἠλιθιάτης
3207 696 3224 744 ἱ

2194 783 2328 836 Θεοῦ
2363 783 2512 847 ξένος
2541 781 2722 848 γένοιο
2752 779 2844 830 τοῦ
2876 775 3014 829 Θεοῦ
3031 773 3205 836 ξένος.
3528 811 3548 820 -

2207 876 2266 927 '0
2295 875 2471 927 ταῦτα
2507 872 2720 941 τολμῶν
2745 869 3066 939 φληναφετν,
3097 864 3304 932 ληρεῖν,
3342 857 3551 924 λέγειν.

2209 964 2371 1041 Ἐγκὼ,
2405 963 2651 1026 κάκιστε,
2683 960 2942 1029 δυσσεϐὴς
2975 960 3053 1020 είς
3081 958 3174 1010 τὸν
3198 953 3398 1020 Λόγονς

2204 1057 2298 1116 ⁸ος
2341 1054 2595 1122 Πατέρων
2626 1050 2726 1118 μὲν
2752 1049 2951 1115 ὲεέφιλν
2977 1044 3282 1114 θεοφρόνων

2199 1145 2309 1216 Τὴν
2339 1147 2521 1197 πίστιν
2544 1143 2606 1196 εκ
2638 1159 2696 1195 τε
2727 1141 3069 1208 πραγμάτων
3105 1132 3486 1203 πιστουμένων

2201 1239 2310 1292 Καὶ
2339 1238 2582 1306 κλήσεων
2621 1236 2853 1306 μάλιστα
2888 1228 3326 1300 Χριστωνυμίας.

2205 1330 2436 1382 Πάππου
2465 1328 2571 1395 γὰρ
2599 1325 2904 1394 εὐμοίρηκα
2931 1319 3418 1392 Προδρομωνύμου,

2206 1422 2316 1472 Καὶ
2339 1419 2479 1472 θεῖον
2504 1418 2660 1486 ἔσχον
2684 1416 2918 1484 Χριστὸν
2945 1411 3334 1482 ὠνομασμένον

2161 1554 2178 1580 ι
2208 1514 2313 1578 Γῆς
2355 1513 2620 1580 Ῥωσικῆς
2657 1508 2918 1578 πρόεδρον
2949 1505 3117 1576 ἁϐρὸν
3147 1505 3216 1556 ἐν
3239 1503 3442 1570 λόγοις,

2220 1603 2342 1670 Ὑφ’
2371 1599 2454 1664 οἷς
2491 1601 2746 1670 ἀναχθεὶς
2777 1599 3015 1662 εὐσεϐῶς
3044 1598 3373 1667 ἀνετράφην.

2215 1695 2447 1745 Ἔπειτα
2473 1694 2688 1744 πάντων
2710 1692 3009 1760 ἀμελήσας,
3043 1688 3152 1741 τῶν
3184 1688 3295 1740 ἄνω

2213 1784 2286 1836 Οῦ
2320 1779 2784 1850 συγκατημέλησα
2809 1778 2903 1833 τοῦ
2933 1779 3078 1831 θείου
3117 1776 3307 1829 πόθουο

2227 1874 2364 1926 Ἀλλ’
2402 1877 2458 1926 ὲν
2488 1872 2666 1938 λόγοις
2703 1855 2802 1940 μὲν
2830 1873 2941 1931 τοῖς
2970 1870 3202 1939 θύραθεν
3223 1867 3491 1937 ἐτράφην,

2216 1965 2432 2019 Τούτων
2456 1965 2512 2017 δὲ
2535 1964 2604 2016 τὰ
2631 1964 2878 2036 χρήσιμα
2907 1965 2971 2031 τῇ
3006 1961 3186 2014 πίστει
3215 1960 3349 2029 μόνα

2229 2054 2581 2118 Ἀπανθίσας,
2614 2051 2804 2121 ὥθησα
2829 2051 2998 2105 τᾶλλα
3035 2051 3169 2121 πρὸς
3195 2050 3345 2119 χάος,

2229 2153 2317 2212 Ὠς
2352 2144 2706 2218 μήτε’κλαπῶ
2729 2150 2849 2207 ταῖς
2873 2144 3234 2212 πολυτρόποις
3270 2143 3470 2208 πάγαις

2221 2243 2329 2293 Καὶ
2360 2239 2705 2310 λαϐυρίνθοις
2740 2234 3111 2303 συλλογισμῶν
3135 2233 3380 2301 ἐμπέσω,

2220 2335 2374 2402 Μήτε
2406 2330 2650 2398 κλονηθῶ
2685 2331 2794 2390 τοῖς
2823 2328 2965 2396 λόγῳ
3009 2324 3461 2394 σταυρουμένοις,

2226 2422 2566 2483 Παιδεύσεως
2592 2422 2766 2489 ἄῖδρις
2793 2417 2978 2480 ἁπλῶς
3001 2417 3304 2484 τυγχάνων.

2306 2512 2586 2566 Ἐντεῦθεν
2625 2514 2758 2578 ἡμῖν
2788 2513 2844 2562 αἱ
2884 2508 3232 2580 Σταγειρίτου
3264 2506 3458 2575 βίϐλοι,

2239 2601 2516 2654 Ἐντεῦ“εν
2545 2602 2594 2653 οἱ
2639 2601 2924 2660 Πλάτωνος
2950 2601 3140 2670 ὑψηλοὶ
3167 2598 3334 2664 λόγοι,

2231 2693 2395 2743 Ὅσον
2427 2689 2657 2758 φυσικὸν
2686 2689 3004 2757 φιλοσοφίας
3049 2688 3236 2758 μέρος,

2235 2784 2399 2834 Ὀσον
2427 2781 2562 2851 πρὸς
2591 2776 2742 2851 ἦθος,
2767 2781 2862 2832 καὶ
2896 2781 3100 2843 πόλεις,
3141 2782 3232 2834 καὶ
3257 2781 3391 2850 πρὸς
3417 2781 3635 2853 λόγους.

2158 2870 2204 2928 C
2236 2878 2299 2929 Ὢ
2329 2875 2674 2945 βορϐορώδης
2703 2875 2797 2927 καὶ
2830 2874 3124 2939 δυσοσμίας
3155 2874 3329 2939 λόγος,

2247 2969 2459 3028 Ὀποῖος
2495 2965 2801 3032 ἐκπέφευγε
2824 2965 2933 3017 τῶν
2969 2967 3077 3018 σῶν
3105 2966 3368 3034 χειλέωνί

2143 3097 2152 3106 .
2241 3058 2305 3109 Ὢ
2343 3057 2570 3124 κόπρος,
2601 3054 2689 3106 οἵα
2714 3053 2820 3104 σῶν
2847 3055 3072 3106 ὀδόντων
3095 3055 3288 3123 ἁξέϐηί

2243 3149 2305 3198 Ὠ
2343 3134 2568 3209 iam)“,
2595 3138 2704 3206 οἷος
2729 3143 2835 3196 σῶν
2865 3144 3186 3215 ἀπεπνιύθη
3217 3145 3431 3212 γνάθων
3457 3147 3473 3199 ί

2245 3240 2453 3301 ,νΟντως
2479 3237 2542 3289 σὺ
2567 3233 2769 3302 ταύτης
2794 3233 2942 3297 ἄξιος
2976 3233 3073 3304 τῆς
3095 3236 3349 3305 εὐθρνης.

2240 3408 2410 3479 gionis
2441 3419 2561 3458 reus
2580 3420 2632 3456 es
2650 3403 2675 3456 7
2695 3401 2806 3471 Ego
2826 3401 2962 3454 enim
2988 3402 3261 3470 antiquam
3287 3401 3445 3471 legem
3468 3410 3521 3455 et
3545 3415 3817 3459 recentem

2243 3501 2336 3554 Dei
2368 3497 2600 3551 carmine
2634 3493 2928 3561 rhythmico
2959 3493 3145 3545 cecini.
3186 3491 3336 3546 lene
3367 3511 3400 3548 ιι
3435 3492 3542 3547 Deo
3570 3495 3819 3548 alienum

2242 3592 2374 3642 dicis
2410 3598 2486 3648 tu.
2513 3587 2602 3654 qui
2640 3599 2856 3652 prorsus
2897 3585 3006 3636 sine
3041 3582 3146 3636 Deo
3176 3578 3273 3640 es?
3298 3583 3363 3636 At
3401 3599 3495 3653 ego
3527 3585 3664 3637 nihil
3702 3590 3827 3643 nisi

2247 3681 2409 3732 Deum
2463 3679 2628 3738 spiro.
2671 3673 2749 3726 Tu
2798 3686 2875 3726 me
2912 3672 3132 3736 ebrium,
3181 3674 3433 3728 stolidum
3485 3682 3826 3743 nuncupas!

2127 3801 2140 3823 ο
2247 3768 2314 3820 Αι
2354 3777 2399 3818 te
2442 3769 2579 3817 inter
2624 3778 2686 3814 ac
2737 3761 2899 3813 Deum
2944 3761 3076 3814 nihil
3107 3750 3223 3828 jam
3267 3763 3336 3816 sit
3383 3780 3679 3830 commune,
3720 3770 3824 3834 qui

2128 3892 2142 3915 .
2253 3858 2380 3910 talia
2417 3856 2696 3918 blaterare,
2729 3855 2921 3923 nugari
2959 3864 3008 3907 et
3039 3855 3248 3922 eﬂ'utire
3282 3857 3469 3909 audes.
3497 3861 3651 3911 Mene
3677 3870 3732 3911 tu
3763 3864 3827 3914 in

2257 3947 2475 4002 Verbum
2508 3947 2727 4012 impium
2762 3961 2872 3998 esse
2901 3946 3094 3998 asserit
3120 3948 3144 4000 7
3173 3946 3346 4016 Atego
3369 3945 3590 4002 Patrum
3611 3950 3831 4005 dit-iuo-

2254 4056 2371 4092 rum
2410 4047 2460 4091 et
2484 4038 2588 4107 ﬁde
2620 4037 2897 4105 dignorum
2935 4037 3090 4103 [idem
3128 4052 3193 4088 ex
3229 4038 3464 4104 operibus
3501 4055 3687 4092 eorum
3723 4044 3830 4095 de-

2255 4141 2505 4194 monstro,
2526 4137 2574 4183 et
2591 4145 2617 4182 e
2646 4129 2909 4181 nominum
2929 4139 3121 4180 natura
3139 4128 3433 4182 christiana
3453 4131 3640 4198 probo.
3664 4133 3828 4200 Papa

593 4206 790 4274 jugiter
821 4207 1128 4273 monarcha,
1162 4207 1436 4274 Dominus,
1479 4213 1708 4263 omnium
1754 4229 1868 4280 qua:
1899 4226 2017 4266 sunt
2048 4225 2149 4268 ter-'
2183 4245 2226 4300 ο
2255 4222 2391 4273 enim
2405 4221 2639 4282 quiidem
2671 4220 2806 4293 quod
2828 4220 3129 4272 l’rwcursor
3159 4235 3341 4272 nomen
3364 4220 3544 4288 gessit,
3575 4219 3828 4288 familia-

605 4300 797 4362 πάντων
849 4315 1014 4360 Μέθην
1061 4301 1225 4361 ταιίοο
1275 4301 1509 4365 ipim”.
1543 4318 1644 4354 αηο
1680 4303 1828 4357 verbo
1869 4306 2030 4372 οδω,
2067 4311 2155 4376 qui
2258 4320 2384 4370 riter
2414 4333 2542 4369 usus
2577 4332 2728 4379 sum;
2762 4326 2808 4367 et
2837 4317 3148 4367 avunculum
3175 4314 3335 4367 habui
3357 4317 3565 4368 nomine
3591 4315 3825 4376 Christi.

606 4405 839 4441 amorem
869 4400 918 4442 et
952 4389 1194 4441 unionem
1283 4433 1289 4439 .
1334 4406 1386 4442 se
1424 4392 1545 4457 fert.
1585 4394 1797 4448 Verbum
1828 4401 2013 4451 mentis
2047 4415 2158 4450 am-

607 4482 882 4546 nipotentis
923 4490 1163 4532 creatura
1187 4494 1205 4541 ,°
1228 4494 1356 4546 puer
1380 4497 1441 4533 ex
1470 4483 1819 4540 Sanctissima
1851 4499 2157 4558 prognatus,

607 4572 807 4623 radicis
851 4573 962 4622 sine
986 4571 1242 4638 principio
1295 4571 1518 4637 fructus,
1548 4577 1690 4629 solus
1736 4573 1848 4632 sine
1876 4582 2158 4647 principio,

613 4663 840 4730 sigillum
876 4676 1086 4726 purum,
1107 4663 1432 4715 inoariabile.

682 4733 913 4811 Spiritus
955 4754 1154 4808 ,ruclus
1202 4763 1262 4798 ac
1292 4757 1565 4812 proventus
1609 4751 1839 4815 Mentis;
1874 4757 2162 4810 altissimus

614 4848 687 4890 ast
717 4849 761 4890 et
794 4837 1026 4904 ejusdem
1059 4854 1172 4889 cum
1213 4837 1375 4890 Verbo
1406 4841 1589 4908 glorite
1615 4842 1919 4910 particeps;
1951 4857 2162 4913 natura,

615 4932 802 4982 ‘irtute
829 4939 877 4982 et
905 4932 1140 4998 potentia
1180 4930 1342 4994 idem,
1374 4933 1561 4985 mentis
1604 4937 1916 5001 cogitatione
1957 4938 2165 5006 quidem

617 5020 968 5088 attingendus,
994 5021 1080 5072 scd
1109 5021 1400 5089 imperfecte
1427 5033 1475 5076 et
1503 5025 1755 5091 obscure;
1782 5041 1898 5094 quae
1930 5030 2018 5096 qui
2048 5032 2172 5082 reli-

616 5111 757 5176 giose
789 5111 911 5162 colit
944 5127 1004 5162 ac
1036 5112 1221 5176 credit,
1252 5113 1427 5166 salvus
1468 5116 1586 5168 erit.
1631 5116 1687 5168 Si
1717 5119 1880 5186 igitur
1910 5119 2020 5172 hinc
2053 5135 2170 5172 uera

619 5211 757 5262 sunt,
799 5216 891 5251 cur
929 5217 1005 5252 me
1046 5219 1068 5252 ε
1104 5203 1333 5257 veritatis
1368 5205 1446 5257 via
1483 5206 1687 5274 abigis?
1719 5207 1813 5262 Sin
1847 5211 2018 5263 minus
2052 5227 2172 5263 vera

623 5299 764 5351 sunt,
795 5307 981 5344 causas
1005 5296 1237 5346 enuntio.
1270 5294 1397 5359 Quis
1423 5306 1596 5349 autem
1625 5315 1777 5353 nares
1801 5301 2172 5369 tibiemunget,

626 5386 682 5427 ut
727 5394 883 5429 unam
917 5383 1175 5450 syllabam
1210 5387 1374 5438 verbis
1408 5388 1510 5441 tuis
1556 5388 1767 5442 addas?
1799 5389 1935 5444 Mihi
1966 5393 2174 5460 quidem

628 5475 683 5519 tu
729 5467 1006 5533 impietatis
1053 5476 1247 5529 crimen
1295 5479 1504 5546 ingeris,
1556 5488 1610 5532 tu
1648 5482 1733 5549 qui
1787 5483 1954 5536 omnis
2002 5483 2177 5537 irreli-

2262 4419 2414 4461 terrt:
2450 4406 2686 4459 Rustica:
2731 4407 3026 4472 president,
3062 4421 3092 4456 a
3128 4406 3312 4472 quibus
3347 4415 3527 4459 sancte
3559 4408 3830 4462 educatus

2260 4498 2361 4563 fui.
2422 4495 2643 4559 Deinde,
2696 4494 2845 4546 rebus
2904 4493 3238 4546 terrestribus
3292 4499 3489 4548 cunctis
3544 4497 3830 4562 neglectis,

2262 4588 2466 4639 divinas
2510 4600 2834 4653 nequaquam
2877 4584 3114 4653 neglexi;
3157 4584 3245 4636 sed
3293 4586 3348 4635 in
3409 4586 3651 4638 omnibus
3708 4606 3834 4653 qua:

2264 4675 2401 4728 scitu
2429 4675 2587 4742 digna
2609 4684 2750 4734 sunt,
2775 4673 3088 4739 instructus,
3115 4689 3175 4726 ea
3193 4675 3517 4726 solummodo
3548 4691 3666 4742 quo:
3699 4680 3832 4744 ﬁdet

2264 4768 2504 4836 proﬁcua
2531 4776 2672 4829 sunt,
2709 4771 3026 4830 conservavi,
3064 4769 3263 4820 caneris
3298 4767 3444 4837 longe
3479 4768 3727 4835 objectis,
3768 4791 3834 4826 ne

2268 4858 2466 4925 laqueis
2549 4857 2856 4923 multifariis
2931 4873 3162 4923 caperer,
3231 4868 3322 4912 aut
3393 4861 3836 4928 syllogismorum

2270 4935 2566 5014 labyrintho
2617 4949 2924 5011 inerrarem,
2977 4957 3066 5001 aut
3118 4949 3460 5001 conturbarer
3505 4949 3570 5000 ab
3617 4952 3690 5004 iis
3742 4954 3840 5016 qui

2283 5036 2442 5092 Verbo
2476 5041 2715 5104 cruci/ixi
2741 5049 2882 5099 sunt,
2911 5050 3002 5092 aut
3025 5057 3116 5106 pro
3140 5042 3344 5094 homine
3361 5041 3482 5095 rudi
3512 5043 3756 5096 haberer.

2343 5128 2472 5181 Inde
2511 5131 2654 5181 nobis
2699 5144 2851 5195 opera
2891 5130 3225 5192 Aristotelis;
3261 5129 3379 5182 inde
3417 5128 3662 5184 Platonis
3704 5135 3842 5186 libri

2273 5219 2542 5280 sublimes,
2575 5221 2662 5285 qui
2695 5219 2756 5270 de
2783 5218 3109 5285 philosophia
3140 5230 3346 5274 natura:
3377 5229 3469 5272 aut
3500 5222 3561 5272 de
3591 5224 3840 5277 moribus

2276 5319 2320 5359 et
2349 5312 2639 5362 civitatibus
2669 5321 2918 5362 tractant.
2954 5309 2996 5367 0
3029 5326 3189 5363 sermo
3213 5317 3354 5378 fatue
3383 5325 3431 5367 et
3457 5315 3659 5382 tetide,
3691 5318 3783 5382 qui
3813 5331 3846 5366 ο

2277 5397 2431 5450 labiis
2457 5403 2557 5452 tuis
2590 5401 2754 5451 exiit!
2788 5399 2830 5452 Ο
2867 5409 3084 5464 stercus,
3116 5402 3251 5468 quie
3286 5402 3530 5455 dentibus
3569 5402 3674 5455 tuis
3709 5418 3844 5468 pro-

2279 5490 2445 5542 uenit!
2494 5489 2535 5543 0
2583 5490 2740 5556 fume,
2792 5494 2878 5559 qui
2930 5510 2956 5545 e
3002 5495 3232 5547 nutrit/is
3284 5497 3384 5550 tuis
3437 5495 3674 5565 eﬁluxit.’
3723 5493 3842 5547 Tibi
