4002 6332
153 178 294 242 ι413

145 298 266 343 υυκ
293 292 356 342 ἔκ
383 291 546 361 μόνης
575 290 824 363 γλώσσης
845 292 953 363 γὰρ
983 291 1017 362 η
1050 289 1396 362 βλασφημία,

158 384 258 438 Ἐκ
281 386 376 452 τῆς
412 387 730 456 περισσείας
763 387 820 440 δὲ
846 386 944 456 τῆς
973 387 1074 454 σῆς
1098 386 1365 461 καρδίας.-

143 476 226 530 Σὺ
261 477 503 548 κλήσεως
527 477 701 543 ἄξιος,
733 471 800 548 ἧς
843 478 943 548 ip)
972 477 1203 547 κρίνεις,

127 548 566 637 Εἰέωλολατρῶν
601 570 668 622 ἐκ
701 568 1040 640 φιλαργύρου
1072 566 1298 638 τρόπον.
1399 589 1402 591 λ

149 659 312 711 Ποῖον
345 659 514 722 ξένον,
550 652 770 728 μάταιε,
804 657 1042 723 πίστεως
1071 661 1280 730 κρίνεις
1303 675 1329 728 ;_

148 750 258 802 Τὸν
277 750 366 802 τὸν
386 750 516 804 Θεὸν
537 753 768 804 πνέοντα
804 751 900 804 καὶ
943 751 1011 804 τά
1038 750 1254 820 βιόλία;

152 842 264 897 Καὶ
295 843 361 911 τῇ
395 841 591 912 θελητῇ
621 841 920 911 σύντροφον
949 843 1259 913 κακουχίᾳ-ς

149 932 224 984 Ἦ
256 931 349 985 τδν
379 930 598 1002 βιοῦντα
628 931 918 1002 πτωχικιῖη
955 930 1017 996 ιε
1045 932 1332 1000 αίμάτων;

147 1016 261 1076 Καὶ
283 1021 790 1092 παρακερδαίνοντα
812 1021 921 1075 τῶν
953 1022 1324 1092 ήλκωμένωνς

224 1115 460 1166 Ἔπειτα
492 1114 586 1166 καὶ
611 1111 728 1176 πῶς
749 1101 846 1166 καὶ
869 1113 1014 1176 τίνος
1043 1113 1241 1183 τίχνης
1259 1112 1437 1182 λόγοις

146 1201 256 1254 Τὸν
284 1201 479 1272 εὐσεϐῆ
511 1202 576 1256 σὺ
607 1204 698 1256 καὶ
733 1202 826 1257 τὸν
849 1202 911 1256 οὒ
942 1201 1102 1257 τοῦτο
1139 1202 1376 1274 κρίνεις,

149 1292 365 1363 ’Δῖδρις
385 1292 461 1345 ὢν
492 1291 730 1358 ἀπαντος
755 1293 947 1358 ἁπλῶς
971 1293 1181 1364 βιϐλίου
1216 1312 1233 1362 ;

143 1384 307 1448 Ποίος
327 1385 488 1452 σοφὸς
506 1385 757 1455 Μάξιμος
788 1386 1074 1456 ἐστόμωσι
1119 1403 1178 1439 σε
1199 1404 1215 1454 ;

145 1476 309 1539 Ποίος
340 1475 515 1546 μέγας
554 1476 822 1547 Κύριλλος
845 1479 1079 1550 ὴκόνησό
1109 1496 1169 1532 σε
1194 1495 1211 1546 ;

149 1566 249 1629 ’³ος
274 1568 337 1620 τδ
371 1567 530 1622 πλέον
559 1569 658 1638 μὲν
681 1569 776 1623 τοῦ
815 1569 934 1637 βίου
968 1570 1145 1637 σιγῶν
1179 1569 1389 1639 μένεις,

145 1659 218 1713 ΕΙ
246 1676 350 1714 που
377 1661 434 1713 ιι
458 1662 619 1732 τυχὸν
643 1662 740 1717 καὶ
769 1663 987 1728 διοίξεις
1021 1664 1082 1716 τὸ
1120 1665 1317 1735 στόμα,

144 1753 328 1815 Εὐθὺς
350 1753 418 1807 τὰ
441 1754 715 1824 πανάρεια
748 1754 1030 1810 συλλαϐὼν
1072 1755 1276 1824 λέγεις.

144 1845 351 1909 Καθὼς
380 1849 747 1918 παριστόρητο
770 1847 848 1918 τῷ
879 1847 1184 1919 Λουκιλλίῳ
1338 1853 1344 1856 ⁴

156 1934 222 1989 Ὅ
251 1937 642 2006 γραμματικὸς
673 1938 942 2005 Φλάκκος,
966 1938 1025 2003 ὃς
1051 1939 1263 2010 μέλλων
1297 1933 1498 2009 λέγειν,
1567 1988 1570 1989 ν

161 2027 565 2098 Ἐδαρσάρισεν
591 2027 762 2091 εὐθὺς·
787 2028 862 2092 ὡς
890 2030 956 2082 ix
979 2028 1257 2099 βαλόίδος.
1493 2029 1498 2032 ’

152 2119 367 2183 Ὄντως
400 2118 570 2190 βαρὺς
603 2119 688 2185 σὺ,
717 2119 812 2173 καὶ
841 2118 1020 2190 γεηρά
1043 2119 1263 2190 καρδία,

154 2212 255 2274 Ὃς
286 2211 380 2264 καὶ
411 2211 636 2264 σεαυτὸν
674 2211 889 2278 ἀγνοεῖς
917 2211 1010 2263 καὶ
1045 2212 1137 2263 τὸν
1168 2211 1340 2270 πέλας

160 2305 253 2360 Ἓν
275 2304 526 2358 ἐκστάσει
549 2304 605 2358 δὲ
640 2305 747 2359 τῶν
775 2304 1011 2375 φρενῶν,
1045 2305 1147 2359 οὐκ
1169 2305 1430 2359 ἐκστάσει

149 2397 289 2450 Οῐαν
307 2395 467 2450 Δαυῒδ
489 2396 742 2451 ἔκστασιν
763 2396 954 2464 ἐξέστη
972 2397 1161 2459 πάλαι,

150 2489 270 2552 Πᾶς
296 2485 562 2558 δυσσεϐὴς
582 2488 676 2543 ἀνθ
685 2506 892 2559 ρωπος,
920 2489 1169 2558 ἀφρόνως
1192 2486 1397 2553 λέγεις.

149 2578 307 2648 Πλὴν
337 2578 436 2631 κᾶν
465 2578 530 2631 σὺ
559 2578 754 2632 σαυτὸν
780 2581 1002 2651 ἀγνοῇς,
1026 2579 1140 2633 ἀλλ’
1162 2579 1388 2633 αὐτόθεν

161 2670 231 2724 Ἡ
259 2667 453 2740 κλῆσις
473 2669 612 2736 αὐτὴ
646 2673 914 2742 μαρτυρεῖ
937 2687 1033 2724 σου
1057 2673 1160 2740 τὴν
1187 2672 1368 2740 φύσιν.

152 2760 228 2819 Τὸ
261 2763 377 2831 Bap
398 2763 509 2833 γὰρ
535 2763 650 2826 υίός
682 2765 829 2817 ἐστιν
876 2762 1082 2817 Ἐλλάδι
1111 2763 1333 2835 φράσει,

151 2852 227 2906 Τδ
249 2852 365 2923 Bap
407 2853 584 2919 Ἰωνᾶ,
614 2853 824 2924 μάρτυς
850 2851 903 2908 εί
935 2871 1036 2925 μου
1067 2854 1146 2926 τῷ
1171 2857 1339 2926 λόγῳ.

151 2942 264 2999 Τοῦ
291 2942 334 2996 δ’
363 2935 427 3005 ὗς
454 2943 721 3012 πρόδηλός
757 2928 910 2997 ιὶπιίν
929 2946 963 3015 η
998 2945 1248 3015 σημασία
1275 2963 1290 2978 ’

151 3035 352 3102 Χοῖρον
376 3032 483 3104 γὰρ
507 3032 727 3102 ᾐνίξατο
751 3033 867 3092 τοῖς
898 3033 1272 3105 παλαιτέροις.

151 3125 231 3178 Τὸ
265 3124 446 3194 μίγμα
472 3122 517 3175 δ’
543 3125 747 3192 ἀμφοῖν
769 3124 889 3177 ταίν
903 3123 1048 3176 δυεῖν
1073 3127 1402 3196 σημασίαιν.

153 3213 351 3275 Ὅστις
384 3211 504 3265 ποτ’
532 3207 625 3268 οὖν
655 3211 914 3284 βούλοιτο,
946 3217 1389 3286 συμπεραινιτω.

152 3304 409 3370 Τοιοῦτος
435 3302 511 3358 ῶν
537 3305 739 3374 γράφει
766 3312 835 3376 με
859 3308 1240 3383 κακοπιστίας,

152 3466 342 3521 merito
379 3465 434 3520 id
466 3465 677 3518 crimini
717 3466 898 3520 datur.
953 3462 1078 3519 Non
1129 3467 1270 3520 enim
1311 3483 1339 3520 e
1381 3467 1562 3538 lingua
1603 3469 1720 3523 sola

153 3557 446 3620 calumnia,
491 3553 580 3608 sed
633 3569 662 3607 e
713 3554 866 3606 corde
913 3554 1370 3623 superabundanti
1396 3559 1595 3622 prodit.
1639 3559 1718 3612 Tu

154 3661 286 3700 sane
309 3643 500 3714 dignus
532 3659 586 3697 es
620 3644 829 3697 nomine
875 3644 1014 3713 quod
1043 3645 1173 3698 milii
1210 3647 1320 3714 ipse
1349 3646 1513 3712 indis,
1548 3658 1603 3700 tu
1627 3647 1716 3718 qui

155 3737 326 3800 turpis
351 3735 486 3787 lucri
509 3751 670 3788 causa
698 3737 862 3788 Deum
889 3734 1105 3790 adoras.
1129 3735 1294 3801 Quem
1323 3737 1426 3804 ﬁde
1457 3740 1720 3805 privatum

154 3826 290 3881 dicis
305 3827 331 3879 2
352 3822 542 3879 Nonne
563 3841 678 3880 eum
700 3827 788 3896 qui
806 3827 971 3880 Deum
994 3836 1044 3879 et
1070 3823 1374 3897 Scripturas
1413 3830 1598 3900 spirat,
1631 3835 1724 3880 aut

156 3918 248 3987 qui
289 3927 466 3984 sponte
502 3919 704 3985 peccati
738 3933 858 3971 reus
901 3917 1146 3982 exsistit,
1200 3927 1291 3972 aut
1326 3934 1444 3972 eum
1481 3921 1568 3989 qui
1602 3935 1728 3971 san-

156 4009 367 4079 guinem
397 4025 682 4079 pauperum
716 4010 864 4078 bibit,
902 3995 953 4065 et
995 4026 1060 4070 ea
1088 4013 1310 4080 leprosis
1351 4015 1477 4081 ipsis
1513 4015 1718 4067 lucrum

157 4103 348 4174 quaerit
369 4101 395 4156 2

232 4195 350 4260 Quo
393 4193 513 4246 dein
551 4193 804 4246 sermonis
837 4194 1067 4260 arti/icio
1106 4195 1254 4262 pium
1289 4211 1350 4247 ac
1384 4195 1599 4261 impium
1624 4195 1721 4262 ju-

1319 178 1641 240 SCRlPTA
1697 178 2247 242 MISCELLANEA.

1736 299 1782 354 Α
1813 291 1884 348 Ὢ
1908 292 2034 354 νοῦς
2063 291 2322 362 ἐλαφρὸς,
2359 290 2460 345 κᾶν
2480 291 2649 364 βαρὺς
2682 293 2858 363 μάτην
2881 289 3046 364 λέγῃ,

3242 171 3382 244 liii.

1813 384 1922 437 Καὶ
1952 383 2156 448 παντὸς
2186 383 2508 452 εὑρίπιστος
2536 385 2740 454 ἀνέμου
2775 383 2899 453 βίᾳί

1810 476 1876 528 Τί
1903 476 1947 529 δ’
1976 475 2044 530 ἄν
2068 493 2200 528 ποτε
2234 476 2347 547 γνῷ
2378 477 2734 545 δογματίζειν
2761 478 2854 529 καὶ
2887 475 3033 546 μίγα

1811 569 2032 624 Τοιοῦτο
2055 572 2260 638 γυμνὸν
2291 572 2385 622 καὶ
2413 569 2790 622 κακόπλαστον
2814 567 2955 636 κάρα
2977 582 2994 630 ;

1823 660 1912 724 Ἓξ
1931 656 1991 714 οὗ
2027 654 2271 728 πέφευγε
2295 661 2387 712 καὶ
2419 660 2478 711 τὺ
2506 660 2614 711 τῶν
2647 657 2848 728 τριχῶν
2875 656 3029 724 γένος

1811 753 1988 823 Μωρᾷ
2010 753 2217 821 κεφαλῇ
2257 751 2332 821 μὴ
2361 751 2602 819 θελῆσαν
2629 752 2914 820 ἐμμένειν.

1810 848 1941 909 Ναὶ,
1971 849 2154 917 φησιν,
2181 846 2297 899 ἀλλ’
2335 843 2588 910 ἔπαιζον,
2631 845 2731 896 οὐκ
2773 842 3099 909 ἐλοιδόρουν,
3196 830 3198 832 ’

1813 941 2002 1003 Παίζει
2027 939 2083 990 δὲ
2110 938 2201 991 καὶ
2221 936 2410 1006 γέρων
2428 951 2515 998 τις
2535 950 2555 1004 ο,
2576 933 2753 995 οὐδείς
2788 950 2871 996 τις
2905 932 3124 1000 φθόνος.

1810 1031 1989 1097 Μόγις
2016 1029 2139 1098 μὲν,
2161 1022 2206 1081 ὦ
2231 1027 2499 1097 βέλτιστε,
2530 1025 2625 1078 καὶ
2652 1024 2848 1095 μακρῷ
2880 1023 3078 1093 χρόνῳ.

1811 1124 1958 1191 Πλὴν
1979 1121 2091 1176 ἀλλ’
2120 1121 2358 1190 ἀρίστως
2387 1119 2482 1171 καὶ
2511 1115 2694 1179 καλῶς
2719 1115 3024 1184 ἀπεκρίνω,

1812 1217 1923 1270 Καὶ
1953 1216 2036 1277 τίς
2065 1194 2326 1283 σοφιστὴς
2359 1210 2826 1280 ἀνταποκρίναιτό
2853 1227 2936 1261 σοι
2961 1226 2976 1274 ;

1811 1307 1922 1360 Καὶ
1952 1305 2208 1374 παττάλῳ
2238 1302 2514 1357 πάτταλον
2540 1299 2831 1371 ἐκκροὺσοι
2857 1299 3016 1366 λόγου
3042 1313 3058 1362 ;

1811 1398 1959 1467 Πλὴν
1985 1397 2100 1449 ἀλλ’
2127 1396 2233 1450 ἔδει
2259 1397 2319 1448 σὲ
2347 1393 2445 1463 τὴν
2473 1395 2604 1462 ὅλην
2634 1392 2942 1462 παροιμίαν

1823 1488 1910 1540 Ἐν
1948 1471 2032 1556 νιῖῑ
2055 1485 2338 1556 βαλέσθαι.
2371 1485 2506 1555 μηδι
2536 1484 2762 1552 Θάτερον
2806 1482 2989 1552 μέρος.

1881 1580 2144 1642 Παίζουσι
2177 1562 2278 1647 γὰρ
2301 1577 2579 1645 γέροντες,
2609 1573 2745 1627 ἀλλά
2778 1573 3070 1640 σωφρόνως
3095 1586 3111 1604 ο

1817 1671 1888 1724 Σὺ
1915 1668 1961 1723 δ’
1986 1671 2043 1724 ἐν
2069 1666 2461 1737 Θεῷ,·δείλαιε,
2489 1663 2699 1727 παίζων
2733 1663 2793 1715 οὺ
2817 1662 3063 1732 τρέμεις.

1817 1761 2052 1815 Παικτὺν
2080 1759 2140 1812 τδ
2175 1759 2340 1824 Θεϊον,
2369 1755 2466 1810 καὶ
2494 1756 2576 1818 τίς
2607 1754 2668 1807 οὐ
2699 1752 2918 1824 φρίσσει
2948 1752 3166 1816 κλὺωνς

1817 1851 2062 1915 Παίζεις,
2091 1847 2298 1918 στερῶν
2328 1863 2393 1918 με
2423 1846 2532 1899 τῶν
2555 1845 2771 1899 ἐκεῖθεν
2806 1845 3062 1906 ἐλπίδων,

1817 1942 2064 2007 Παίζεις,
2092 1939 2258 2005 ξενῶν
2290 1956 2358 2008 με
2388 1938 2490 2009 τῆς
2519 1939 2757 2007 ἀνάρχου
2787 1936 3016 2006 Τριάδος
3035 1949 3050 1967 ο

1818 2035 2062 2098 Παίζεις,
2097 2031 2404 2086 ἀποκλείων
2428 2045 2510 2102 μεθ
2529 2029 2630 2098 τῆς
2663 2027 2957 2097 σωτηρίας.

1817 2127 1892 2180 Σὺ
1920 2128 2014 2178 καὶ
2033 2108 2452 2193 κατάγχωνζκαὶ
2473 2119 2714 2190 μαχαίρᾳ
2735 2119 3000 2171 κτιννύων

1817 2219 2065 2282 Παίζεις,
2103 2216 2287 2284 λέγοις
2319 2213 2406 2270 άν.
2437 2211 2500 2265 El
2528 2212 2586 2265 δὲ
2617 2209 2791 2264 ταῦτα
2823 2210 3079 2274 παικτία,

1829 2311 1918 2363 Ἐν
1946 2310 2029 2362 σοί
2057 2325 2120 2378 γε
2145 2309 2528 2386 παιχθείησαν,
2567 2311 2643 2373 ὡς
2669 2310 2852 2382 ἔργοις
2883 2309 3082 2381 μάθῃς.

1817 2395 1943 2454 Οἷον
1975 2400 2036 2453 τὸ
2066 2401 2283 2468 παίζειν
2318 2403 2410 2455 καὶ
2441 2401 2502 2454 τὸ
2530 2401 2877 2471 βλασφήμως
2902 2399 3107 2466 λέγειν.

1815 2493 1946 2557 Ναὶ,
1978 2494 2172 2560 φησὶν,
2205 2492 2324 2547 ἀλλ’
2355 2487 2538 2556 δ’Χίος
2561 2490 2820 2563 ὲξύόρικέ
2854 2508 2937 2553 σε,

1823 2587 1920 2648 ’ος
1944 2583 2006 2637 οὒ
2037 2583 2214 2648 τεθείς
2246 2601 2336 2655 μοι
2359 2585 2459 2654 τῆς
2484 2585 2778 2657 συνηθείας
2799 2583 2984 2648 πλέον,

1819 2675 2165 2744 Κατηγορεῐν
2185 2690 2278 2728 σου
2308 2675 2604 2746 φληνάφως
2629 2664 2860 2730 πῖπεικέ
2887 2690 2979 2744 με.

1818 2768 2004 2838 Νόμον
2031 2767 2087 2820 δὲ
2113 2764 2302 2820 τοῦτον
2331 2761 2491 2821 οἶσθα
2520 2769 2863 2840 φιλοτησίας,

1821 2860 2059 2924 Μείζους
2090 2858 2288 2927 φιάλας
2317 2857 2651 2928 ιγχωρεύειν
2679 2861 2794 2922 τοῖς
2829 2859 3043 2927 φίλοις.-

1742 2937 1794 3002 C
1820 2950 1928 3004 Ναὶ
1955 2949 2147 3002 τοῦτον
2171 2945 2291 3002 οῐδα
2317 2949 2635 3020 φιλοτησίας
2659 2950 2848 3017 νόμον,

1827 3041 1969 3098 Ἀλλ’
1993 3040 2100 3094 ἔνθ’
2139 3040 2206 3094 ἀν
2234 3039 2394 3103 αὐτὸς
2423 3039 2506 3104 είς
2531 3040 2593 3095 τὸ
2614 3040 2830 3094 δεῖπνον
2853 3040 3063 3114 ίζάνῃςο

1829 3136 1918 3188 Ἐν
1949 3135 2059 3204 γάρ
2079 3132 2315 3202 λογικῶν
2339 3132 2634 3202 συμποτῶν
2667 3133 2930 3203 συνεδρίῳ

1819 3225 1966 3295 Νικᾷ
1994 3224 2156 3292 λόγου
2196 3223 2452 3294 κέρασμα
2485 3222 2585 3294 τὴν
2618 3224 2764 3276 οῐνου
2805 3226 2987 3277 πόσιν.

1819 3314 1944 3369 Κᾶν
1981 3314 2142 3369 τοῦτο
2169 3314 2215 3368 δ’
2241 3315 2309 3369 ἀν
2333 3313 2730 3387 δοίημεν,ὀύδ’
2767 3317 2911 3369 οὕτω
2941 3318 3105 3370 πάλιν

1825 3472 1985 3538 volet.
2022 3469 2099 3524 Tu
2124 3472 2309 3542 igitur,
2338 3473 2429 3541 qui
2459 3472 2584 3525 talis
2608 3488 2684 3536 es,
2712 3473 2874 3541 ﬁdem
2903 3491 3071 3528 meam
3096 3488 3389 3542 suspectam

1824 3563 2024 3616 reddis.
2053 3559 2097 3615 0
2121 3577 2262 3615 mens
2291 3561 2491 3630 futilis,
2519 3561 2637 3615 licet
2666 3579 2762 3630 pro
2791 3564 3000 3617 homine
3022 3567 3170 3632 gravi
3199 3565 3389 3618 habea-

1822 3653 1938 3716 ris,
1996 3666 2025 3704 o
2071 3649 2231 3718 ﬁdem
2277 3660 2427 3703 tuam
2470 3651 2778 3704 ventosam!
2824 3651 2965 3718 Quid
3001 3654 3163 3721 igitur
3212 3657 3390 3724 magni

1822 3739 2085 3807 ingenium
2126 3737 2252 3789 adeo
2296 3752 2511 3803 pravum
2555 3746 2602 3791 et
2651 3738 2790 3791 male
2829 3735 3114 3808 fodmatunt
3157 3757 3389 3810 unquam

1825 3829 2006 3881 docere
2061 3827 2271 3894 poterit,
2323 3829 2405 3878 cui
2452 3828 2620 3882 crines
2670 3829 2772 3897 ipsi
2817 3829 3416 3891 ualedixerunt,stulto‘

1827 3922 1991 3987 capiti
2033 3920 2212 3973 nolens
2260 3919 2484 3987 amplius
2540 3921 2727 3974 inesse.
2775 3919 2864 3974 Ita
2911 3931 3007 3987 est,
3055 3923 3264 3990 inquit;
3295 3925 3389 3977 {ed

1823 4013 2087 4074 ludebam,
2126 4028 2230 4065 non
2260 4012 2648 4065 calumniabar.
2685 4010 2846 4064 Ludit
2881 4028 2998 4065 vero
3032 4015 3196 4066 etiam
3228 4032 3388 4069 senex

1820 4103 2058 4172 quidam,
2102 4104 2214 4157 sine
2254 4103 2469 4166 invidia,
2517 4117 2545 4154 ο
2573 4100 2722 4162 bone,
2755 4109 2805 4154 et
2847 4103 3054 4168 paucis.
3103 4100 3177 4153 Tu
3208 4113 3386 4157 autent

1822 4199 1950 4250 scite
1997 4205 2045 4247 et
2087 4194 2373 4262 prudenter
2423 4192 2766 4260 respondisti.
2825 4191 2958 4257 Quis
3005 4202 3176 4246 autem
3207 4195 3383 4260 philo-

156 4286 338 4351 dicas,’
380 4294 435 4337 tu
471 4285 558 4353 qui
600 4285 730 4336 nihil
759 4299 972 4348 prorsus
1013 4285 1294 4338 didicisti?
1325 4284 1421 4339 Ubi
1456 4287 1721 4340 Maximus
1755 4300 1798 4352 υ
1826 4284 2020 4354 sophus
2065 4284 2156 4335 tibi
2195 4294 2401 4350 reponet
2426 4283 2475 4350 τι
2498 4291 2589 4334 aut
2651 4283 2767 4351 quis
2824 4281 3123 4334 disserendo
3179 4283 3384 4337 clavum

156 4377 491 4429 doctissimus
516 4383 561 4426 te
578 4375 798 4428 erudivit
817 4376 842 4429 Ρ
866 4375 957 4426 ubi
980 4391 1200 4444 magnus
1221 4376 1463 4445 Cyrillus.
1478 4381 1721 4431 doctrina

162 4475 212 4521 te
237 4465 462 4519 imbuit?
498 4467 568 4517 Tu
600 4467 737 4518 enim
770 4467 1066 4540 maximaml
1110 4469 1228 4520 vita:
1261 4480 1464 4534 portent
1511 4470 1719 4523 silentio

161 4558 434 4626 transigit,
469 4558 586 4610 etsi
621 4555 827 4625 quando
858 4574 914 4610 os
940 4559 1136 4624 aperis,
1159 4560 1519 4631 jactabundus
1547 4563 1720 4631 loque-

159 4651 259 4712 ris,
300 4657 356 4699 ut
409 4645 639 4699 Lucilius
683 4647 843 4714 fecit;
883 4661 940 4699 ut
978 4621 1208 4701 Flaccu:
1254 4653 1627 4717 grammaticus
1668 4654 1722 4705 in

163 4739 418 4807 loquendo
457 4755 618 4790 rauco
648 4751 852 4808 gutture
879 4742 1031 4793 verba
1061 4739 1380 4807 proferebat.
1426 4740 1501 4793 Tu
1545 4753 1720 4794 autent

164 4846 345 4884 revera
415 4831 570 4882 labiis
628 4840 807 4897 captus
863 4837 1016 4884 corde
1083 4847 1136 4884 es
1186 4833 1433 4898 pinguis;
1482 4843 1529 4883 te
1584 4834 1720 4884 enim

163 4925 332 4990 ipsum
372 4936 477 4974 non
519 4923 677 4985 nosti,
717 4929 766 4973 et
794 4904 1088 4987 proximum
1123 4924 1356 4988 ignoras.
1416 4921 1482 4974 In
1522 4923 1720 4973 exstast'

164 5015 373 5083 quidem
402 5029 456 5067 es
515 5022 589 5075 tu,
628 5028 729 5066 non
768 5027 885 5065 uero
920 5028 982 5065 ea
1018 5029 1172 5079 quant
1216 5013 1436 5066 Davides
1470 5015 1594 5066 olim
1626 5029 1720 5066 ex-

162 5113 340 5175 pertus
365 5112 464 5156 est.
496 5101 677 5155 Omnis
706 5103 858 5154 homo
888 5101 1096 5169 impius,
1146 5113 1202 5154 tu
1234 5105 1384 5166 dicis,
1421 5115 1465 5156 et
1497 5107 1718 5172 teipsunt

164 5195 310 5250 haud
334 5196 599 5264 cognitum
626 5195 805 5247 habes.
835 5193 939 5247 Sed
973 5187 1330 5245 denominatio
1351 5195 1462 5260 ipsa
1489 5195 1720 5248 indolem

167 5303 315 5344 tuam
356 5297 598 5341 testatur.
641 5285 748 5337 Bar
780 5284 917 5337 enim
951 5299 1118 5352 graeco
1153 5301 1392 5338 sermone
1439 5287 1582 5352 {ilius
1619 5298 1716 5352 est,

165 5393 224 5436 ut
265 5377 374 5432 Bar
406 5375 565 5431 Iona.
604 5374 670 5427 Et
698 5376 807 5427 suis
841 5373 1048 5442 quidem
1079 5375 1408 5442 signiﬁcatio
1440 5378 1720 5444 manifesta

167 5482 275 5535 est;
299 5485 482 5540 porcus
517 5466 650 5520 enim
678 5466 813 5531 apud
839 5466 1080 5532 antiquos
1111 5465 1212 5518 ista
1240 5466 1485 5519 vocabulo
1517 5469 1719 5523 indica-

171 5565 341 5616 batur.
383 5557 586 5612 Harum
638 5555 860 5610 duarum
892 5571 1070 5610 vocum
1111 5560 1393 5612 mixturam
1436 5559 1598 5626 faciat
1631 5564 1719 5625 qui

1824 4377 1968 4428 clavo
2001 4375 2298 4441 pepulerit?
2335 4373 2435 4427 Sed
2473 4382 2520 4426 te
2560 4382 2723 4425 totant
2759 4373 3091 4440 parcentiam,
3128 4391 3229 4426 non
3260 4390 3383 4436 par-

1823 4478 1942 4530 tem,
1972 4467 2024 4517 in
2053 4475 2220 4518 mente
2251 4480 2440 4532 ponere
2476 4465 2711 4519 decebat.

1896 4557 2053 4609 Senes
2093 4555 2297 4622 quidem
2334 4555 2544 4615 ludunt,
2583 4557 2672 4607 sed
2716 4571 2831 4606 cum
2876 4557 3179 4622 prudentia.
3211 4557 3310 4620 Tu,
3356 4574 3384 4609 e

1824 4661 2027 4706 contra,
2072 4662 2149 4697 res
2185 4646 2389 4696 divinas
2426 4659 2521 4709 pro
2563 4645 2794 4695 luuibrio
2831 4647 3018 4696 habere
3066 4662 3168 4697 non
3207 4646 3384 4696 narre-

1823 4744 1948 4799 scis,
1971 4736 2106 4804 quod
2133 4739 2208 4790 vel
2236 4738 2460 4804 referens
2483 4751 2575 4806 ego
2600 4739 2879 4793 horresco?
2900 4739 2971 4791 Tu
2995 4741 3156 4798 ludis,
3189 4740 3382 4790 caelesti

1823 4847 1911 4896 spe
1952 4828 2210 4882 Trinitate
2259 4845 2371 4897 qua:
2415 4831 2527 4880 sine
2575 4831 2830 4896 principio
2865 4840 2959 4890 est,
3013 4847 3092 4882 me
3139 4831 3374 4896 privans,

1823 4921 2048 4974 salutem
2083 4921 2207 4972 mihi
2240 4920 2484 4987 eripiens.
2520 4917 2597 4971 Tu
2629 4919 2811 4971 ludum
2835 4921 3076 4988 appellas
3129 4935 3379 4987 strangu-

1824 5012 1927 5064 lari
1960 5023 2004 5064 et
2053 5013 2191 5079 {erro
2239 5014 2496 5073 occidere;
2529 5012 2716 5078 quodsi
2756 5011 2851 5062 hoc
2883 5011 3058 5062 ludere
3100 5022 3196 5073 est,
3235 5013 3288 5061 in
3332 5022 3380 5064 te

1823 5104 1922 5156 iste
1973 5105 2128 5155 ludus
2183 5102 2360 5164 cadat,
2412 5111 2468 5152 ut
2494 5102 2667 5152 discas
2701 5117 2751 5152 re
2790 5101 2927 5166 ipsa,
2959 5101 3082 5166 quid
3111 5101 3210 5152 sibi
3257 5103 3374 5154 velit

1824 5194 2001 5246 ludere
2035 5204 2083 5244 et
2119 5191 2464 5244 calumniari.
2517 5192 2605 5252 At,
2663 5190 2850 5254 inquit,
2885 5190 3073 5242 Citium
3121 5193 3293 5246 vinum
3325 5206 3373 5249 te

1822 5285 2129 5337 insolentem
2188 5279 2328 5344 fecit,
2381 5279 2520 5345 quod
2572 5278 2774 5337 copiose
2831 5289 3095 5345 sumptum
3162 5283 3228 5332 ad
3285 5285 3378 5334 tibi

1821 5376 2150 5428 irridendum
2187 5385 2263 5422 me
2312 5368 2504 5436 adegit.
2541 5366 2724 5436 Legem
2783 5371 2920 5422 nosti
2962 5373 3380 5440 propinutorum,

1821 5481 1936 5534 quia
1965 5461 2311 5529 capacissima
2361 5458 2544 5510 amicis
2593 5458 2782 5525 pocula
2828 5460 3024 5527 offert?
3071 5461 3208 5518 Novi
3259 5483 3384 5518 sane

1822 5557 1954 5609 hanc
1987 5559 2170 5622 legem.
2211 5550 2311 5606 Sed
2357 5559 2409 5603 tu
2439 5549 2611 5615 potius
2656 5549 2724 5602 ad
2755 5552 3044 5606 convivium
3070 5556 3289 5620 accede;
3330 5557 3384 5608 in
