4002 6332
151 267 311 334 N17

1306 255 1624 320 SCRIPTA
1683 247 2232 316 MISCELLANEA.

3281 234 3422 305 1418

150 390 306 459 μὺδέ
326 389 371 441 τ’
405 389 576 457 Ἀρης
605 383 941 456 βροτολοιγὸς
965 380 1100 449 ὲμὰς
1131 376 1459 450 ᾁπενόσφισε
1489 377 1703 446 χεῖρας.
1769 379 1818 434 Α
1855 366 2224 424 Ἦδυεπειάωι
2259 380 2329 459 τε
2364 363 2459 417 καὶ
2485 360 2791 459 άμυμόνων.
2832 355 3121 459 suasu:di

233 477 418 549 Οῐδμα
441 477 495 533 δέ
527 478 582 549 μ’
605 477 901 546 ἀτρυγέτου
932 475 1139 543 πέφνεν
1168 470 1294 533 ἁλὸς
1331 470 1544 540 μέλεον.

151 571 252 625 K6
265 587 406 640 μασι
433 571 540 642 γὰρ
576 569 828 639 μαχόμην
860 566 1124 634 ὲῦσέλμου
1166 561 1337 616 ἔνδοθι
1361 561 1508 631 νηὸς,

232 661 391 733 Νηδς
420 648 802 730 ύγροσκελέος,
838 657 964 727 νηὸς
995 654 1334 724 ἀελλομάχου
1352 668 1367 684 ⁸

167 752 474 824 ’Υγρόὸιον
505 751 562 804 δὲ
591 750 744 820 γένος
776 751 869 803 καὶ
900 748 1310 817 είναλινήχυτος
1346 744 1499 814 ίχθὺς

249 844 568 915 Ἀμετέρων
601 843 812 915 χεράων
844 839 1036 909 ζεῦγος
1076 841 1414 909 ἐθοινήσατο.

112 952 118 955 ·
168 936 361 1005 ’ἰχθὺς
384 934 662 988 δαίννυται
688 932 856 1002 άνδρα
876 948 891 963 ο
923 930 1062 1002 ἀνὴρ
1090 927 1537 985 δ’ὰναδαίννυται
1569 924 1740 996 ἰχθύν·

243 1031 455 1098 Ἀμφω
478 1027 822 1097 δαιτυμόνες,
850 1025 894 1079 ὢ
922 1026 1111 1091 πόποι,
1140 1022 1490 1094 ἀμφοτέρων.

155 1120 350 1184 Salve,
386 1123 451 1175 σὺ
478 1122 523 1175 δ’
553 1119 624 1190 ap
663 1120 970 1185 γενέταισιν
984 1118 1137 1187 ἐμοῖς
1167 1116 1279 1186 ὲμά
1306 1113 1508 1185 ῥήματ’
1534 1111 1743 1167 ἔνισπε⁶

241 1213 555 1282 Γουνοῦμαι
587 1213 679 1266 καὶ
704 1210 864 1281 ἄχειρ
887 1226 902 1241 ·
933 1209 1153 1280 λίσσομ’
1179 1207 1408 1270 ἄναυδος
1433 1204 1538 1259 ἰών
1556 1220 1574 1237 ο

164 1319 186 1351 ι
231 1303 554 1370 Δυστυχεῖς,
587 1299 869 1353 παύσασθε
892 1299 1171 1368 τραπέζης
1203 1295 1545 1366 ἱχθυοέσσης,

248 1411 271 1443 s
312 1391 537 1461 Λείῲαθ⁸
566 1391 857 1461 άλιτρεφέα
899 1391 1015 1456 ζῶα
1043 1390 1459 1458 θαλασσοπόραο

167 1503 188 1536 ι
235 1485 336 1554 Μή
364 1485 483 1536 ποτ’
511 1485 677 1554 ἐμοὺς
704 1483 1028 1552 ἀπροόπτως
1049 1482 1348 1546 θοινίζεσθε
1382 1482 1609 1552 φονῆας,

245 1592 270 1624 e
310 1574 421 1627 Καί
453 1590 520 1644 με
550 1573 749 1645 λάθητε
779 1575 936 1626 τόκον
955 1573 1268 1642 δαινύμενοι
1303 1572 1601 1643 σφέτερον

170 1682 192 1714 ι
237 1665 445 1736 Μήτηρ
489 1663 565 1732 θ’,
612 1666 646 1736 ἦ
687 1666 741 1734 μ’
769 1664 1080 1736 ἐλόχευσας,
1102 1665 1245 1730 ῑλοις
1266 1663 1431 1719 πάλιν
1451 1663 1626 1718 ἔνδοθι
1647 1680 1747 1733 γαρ
1771 1715 1775 1720 ,

255 1867 276 1898 ι
314 1846 463 1900 Ζωδν
489 1847 813 1918 γειναμένη.
838 1847 1144 1920 δεχνυμένη
1166 1846 1226 1902 δὲ
1249 1846 1438 1902 νέκυν.
1467 1753 1674 1898 ξηρὸς,

322 1936 425 2005 Eli;
449 1941 556 1993 τὸν
581 1941 874 2009 μοναχὸν,
902 1937 1478 2010 κῦρον.’1ωαννίκιον
1503 1939 1600 2012 (1).

158 2030 252 2082 Οὐ
289 2030 368 2098 μὰ
399 2031 478 2095 σὲ,
521 2031 665 2100 κάρα
695 2031 846 2100 φίλον
869 2046 884 2064 ⁶
931 2033 990 2085 σὲ
1019 2031 1125 2105 γὰρ
1153 2030 1358 2104 ὕμνυμι
1402 2032 1587 2103 ὅρκιον
1614 2033 1753 2106 ἱρὸν,

174 2123 352 2176 Ἦΰτε
383 2123 705 2195 Πυθαγόρας
726 2126 1047 2195 τετρακτὺν,
1080 2127 1173 2179 καὶ
1210 2126 1413 2194 Στυγὸς
1442 2125 1588 2197 ὕδωρ

160 2214 497 2269 Ψευδοθέων
527 2216 702 2288 ἀγορὴ
735 2215 909 2270 σέὄεθ’
941 2217 1106 2288 ἱερὸν,
1139 2213 1254 2288 εἶχε
1276 2219 1320 2270 θ’
1347 2218 1405 2283 ὲς
1434 2219 1617 2290 ὅρκον,

159 2306 354 2376 Λιξ»στ’
391 2305 710 2374 ’1ωαννίκιε,
746 2309 904 2372 κῦδος
929 2310 1188 2381 γενέθλης
1211 2311 1506 2382 μεροπείης
1530 2327 1544 2340 ·

159 2398 274 2460 οὐ,
307 2398 385 2466 μά
410 2398 491 2462 σὲ,
526 2399 588 2451 οὐ
625 2398 866 2470 λαθόμην
898 2399 1158 2470 ὁμιλιάων
1182 2418 1240 2454 τε
1265 2401 1442 2468 λόγων
1469 2419 1552 2466 τε,

1847 463 1953 530 Σῆς
1989 457 2436 528 ἁγανοφροσύνης
2456 470 2470 485 ο
2501 454 2535 526 ἢ
2563 454 2669 524 γὰρ
2710 453 2804 506 καὶ
2834 450 2967 523 ἐμοῦ
2995 448 3346 521 λελαθοίμην.

1859 553 2021 607 Ἀλλά
2053 569 2119 621 με
2155 552 2346 612 νοῦσος
2379 549 2554 619 ἔρεξε,
2589 546 2761 601 νόσων
2785 546 3060 616 ὀλοωτάτή
3095 543 3294 608 ἄλλων,

1850 644 1957 697 Καὶ
1989 641 2227 714 μελεδὼν
2261 639 2451 711 μυρίη,
2480 638 2573 691 καὶ
2597 637 2855 705 ἀπείριτα
2884 636 3105 706 κύματα
3129 633 3330 704 λύπης,

1848 735 2058 804 ’Υόρης
2078 734 2352 803 ὀψιγόνοιο
2380 720 2853 785 πολύπλοκαάλλα
2884 729 3099 798 κάρηνα
3126 741 3141 758 ο
3212 764 3226 776 .

1849 827 2036 882 Τοῖσιν
2057 825 2170 894 ἐγὼ
2194 811 2293 876 »σεῦ
2321 823 2514 876 ἄνευθε
2549 823 2776 893 μακροῖς
2794 821 2898 874 ὑπὸ
2922 822 3097 892 ἧμασι
3122 820 3330 890 μίμνω,

1851 922 1986 976 Οὖδέ
2020 937 2078 973 τε
2108 917 2447 990 λησμοσύνῃ.
2479 917 2552 970 Σὺ
2585 914 2630 969 δ’
2659 915 2904 978 ὀνειδίοις
2927 914 3178 968 ἐπέεσσιν

1849 1005 2026 1082 Ἷιτορ
2065 1012 2197 1081 ἐμὸν
2226 1011 2593 1082 περίτρωσας,
2620 1006 2920 1080 ἀχνύμενος
2944 1007 3003 1060 ού
3034 1006 3180 1076 σάφα
3205 1005 3382 1079 ταύτῃ
3405 1021 3422 1038 ·

1854 1107 1927 1159 Ἤ
1961 1103 2016 1174 μ’
2040 1103 2288 1158 ἐπέοικεν
2320 1101 2608 1173 άχνυσθαι,
2639 1101 2668 1152 ὃ
2704 1100 2780 1171 μὴ
2810 1099 3062 1154 νοσέοντα
3094 1098 3282 1163 ἐειδες,

1854 1201 1925 1253 Ἦ
1957 1213 2038 1267 τῳ
2066 1195 2223 1250 ταῦθ’
2252 1195 2593 1267 άμάρτομεν,
2624 1192 2764 1258 οὐδὲ,
2791 1194 2977 1256 νόσους
3015 1191 3356 1262 παριδόντες,

1862 1291 2034 1362 ’Λμφὶ
2065 1289 2126 1342 σὲ
2167 1287 2561 1360 βαδισάμεσθα,
2590 1286 2662 1359 ἑῷ
2684 1286 2728 1340 δ’
2767 1286 3139 1356 ὲπιμίμνομεν
3160 1287 3316 1355 οἴκῳ.

1849 1382 2007 1438 Τίπτ⁹
2043 1383 2307 1439 άτέλεστά
2353 1399 2447 1452 μοι
2477 1381 2584 1450 ἄρα
2613 1379 2878 1452 χολώσεαι
2903 1398 2920 1447 ;
2951 1380 3027 1434 Ού
3059 1380 3223 1448 ξσάφα
3263 1375 3382 1435 οἶδα
3402 1395 3420 1411 ⁸

1851 1475 1957 1549 Σὴν
1990 1476 2219 1548 κραδίην
2245 1475 2353 1546 γάρ
2385 1474 2581 1545 ἔγνων,
2620 1478 2714 1529 καὶ
2737 1475 2944 1529 ὀνείδεα
2974 1475 3146 1545 σεμνὰ
3178 1474 3380 1546 φιλίης.

2149 1570 2401 1638 Αιγιτμα
2443 1569 2531 1635 είς
2577 1566 2693 1637 τὴν
2728 1567 2996 1638 νεφέλην
3019 1567 3119 1638 (2).

1850 1661 2009 1726 Υίέος
2039 1662 2312 1733 ἡμετέρου
2342 1677 2414 1732 με
2444 1662 2746 1732 φιτύσσατο
2777 1660 2865 1713 δῖα
2895 1659 3174 1730 θυγάτηρ*

1779 1769 1824 1828 Β
1923 1752 2078 1826 Ἧόρι
2101 1753 2148 1808 δ’
2176 1752 2448 1825 άμπελάω
2474 1751 2554 1824 τῷ
2584 1751 2999 1823 περιγειοτέρῳ.

1852 1845 1975 1905 Υἷιν
2002 1848 2134 1921 ὲμδν
2159 1848 2448 1918 λαγόνεσσι
2477 1849 2789 1920 φορευμένη
2808 1849 2924 1920 εἰμὶ
2952 1849 3048 1903 καὶ
3073 1848 3213 1920 αὐτή
3239 1865 3255 1880 ·

1921 1943 2029 1998 Τὸν
2059 1942 2120 1999 δι
2141 1959 2200 1996 τε
2225 1941 2547 2014 γειναμένη,
2584 1941 2843 2013 ὕλλυμαιο
2873 1943 2931 2006 ὃς
2951 1942 3010 1996 δὲ
3040 1942 3256 2014 βροτοῖς

1853 2031 2059 2104 Λοιμοῆ
2086 2031 2373 2102 ἀργαλέοιο
2394 2032 2684 2096 δυσαλθέος
2704 2034 2855 2085 ἐστὶν
2876 2030 3130 2103 άκέστωρ
3144 2041 3180 2074 ’δ

1925 2123 2033 2175 Τὸν
2057 2122 2219 2194 γενεὴ
2247 2124 2502 2192 μερόπων
2530 2124 2565 2193 ἡ
2591 2123 3026 2194 δυσαρεστοτάτη

1855 2216 1967 2269 Καί
1997 2232 2057 2268 τε
2088 2216 2321 2284 μάλιστα
2355 2218 2523 2285 φιλεῖ,
2557 2218 2652 2269 καὶ
2680 2215 3050 2288 ἀπεχθαίρῃσι
3081 2213 3366 2285 μάλιστα.,

1931 2308 2103 2362 Γνῶθί
2132 2326 2221 2379 με,
2255 2310 2339 2374 τίς
2367 2309 2587 2376 τελέθω,
2618 2309 2678 2362 ὃν
2697 2309 2874 2374 τέκον,
2905 2310 2965 2374 ὃς
2997 2325 3067 2380 με
3093 2307 3270 2364 τέκεν.

3394 2511 3404 2552 I

165 2563 227 2618 Η
239 2580 332 2617 ars
386 2562 704 2617 mortalibus
749 2563 1092 2630 perniciosus,
1126 2563 1370 2619 manibus
1412 2580 1494 2619 me
1529 2564 1757 2635 privavit
1858 2577 2126 2636 ceptorum
2152 2568 2496 2638 prudentium
2512 2567 2735 2638 quwabs
2763 2575 3431 2638 teemanant,expersesse

166 2656 330 2710 meis.
373 2653 595 2708 Fluctus
622 2654 862 2722 nefastus
893 2655 1060 2708 maris
1087 2656 1331 2711 immensi
1378 2672 1460 2710 me
1499 2657 1758 2711 enecavit.

166 2747 312 2802 Cum
347 2747 505 2800 undis
531 2747 672 2801 enim
714 2748 768 2801 in
797 2749 920 2801 navi
943 2759 1093 2801 stans
1140 2749 1266 2803 bene
1314 2756 1629 2802 constructa
1655 2766 1761 2818 pu-

1859 2659 2038 2712 velim.
2093 2657 2198 2714 Sed
2227 2659 2440 2713 morbus
2473 2675 2554 2712 me
2590 2657 3186 2731 excitavit‘perniciosus
3213 2668 3263 2724 et
3285 2675 3431 2716 cura

1862 2759 2143 2816 sexcentis,
2165 2759 2214 2806 et
2246 2766 2610 2806 aerumnarum
2644 2749 2930 2804 multitudo
2961 2749 3264 2817 innumera,
3297 2752 3434 2807 sicut

171 2840 362 2913 gnavi.
391 2839 566 2896 Genus
605 2841 899 2906 marinum,
951 2841 1116 2908 piscis
1155 2841 1339 2895 ambas
1389 2843 1522 2896 mihi
1572 2858 1763 2898 manus
1865 2844 2045 2912 capita
2082 2843 2265 2913 hydra:
2286 2843 2638 2898 renascentia.
2665 2841 2778 2909 Sic,
2816 2842 2894 2896 tui
2931 2843 3076 2897 haud
3125 2845 3428 2909 immemor,
3480 2880 3484 2884 -

167 2919 450 2992 mordicus
497 2935 743 2989 abscidit.
776 2934 950 2990 Piscis
987 2935 1155 2990 virum
1194 2934 1457 3002 devorat;
1510 2935 1591 2990 vir
1633 2935 1767 2990 invi-

169 3045 290 3083 cem
311 3029 510 3097 piscem
530 3030 661 3094 edit,
694 3028 890 3082 mutuis
915 3044 970 3082 se
989 3029 1235 3082 dentibus
1261 3039 1649 3098 persequentes.

253 3119 359 3185 Tu,
403 3119 697 3188 peregrine,
735 3119 1042 3187 parentibus
1078 3119 1205 3173 meis
1233 3119 1401 3173 haece
1436 3118 1597 3176 verba
1624 3118 1759 3188 refe-

1869 2935 2056 3006 longos
2085 2936 2240 2988 traho
2264 2933 2400 2988 dies.
2433 2932 2512 2988 Tu
2543 2944 2718 2988 autem
2747 2949 2839 2988 cor
2868 2951 3042 2988 meum
3081 2935 3250 2990 verbis
3299 2937 3432 2991 diris

1865 3028 2157 3083 vulnerasti
2180 3025 2488 3091 crudeliter,
2526 3034 2621 3079 aut
2647 3025 2774 3096 quia
2797 3043 2877 3080 me
2909 3026 3174 3095 offendere
3203 3029 3299 3081 tibi
3317 3029 3432 3098 pla-
3527 3092 3532 3095 η

1863 3119 1997 3183 cuit,
2045 3127 2139 3171 aut
2179 3117 2304 3187 quia
2327 3132 2408 3171 me
2431 3116 2777 3185 aegrotantem
2817 3113 3144 3183 ignorabas;
3175 3125 3431 3184 attamen,

172 3227 299 3276 res;
329 3212 524 3266 exaudi
556 3227 636 3265 me
669 3211 913 3266 manibus
933 3212 1220 3280 privatum,
1253 3209 1545 3280 supplicor,
1568 3226 1754 3279 pressa
1782 3205 1826 3230 “‘
1857 3210 1980 3264 licet
2027 3216 2370 3279 wgrolantes,
2418 3207 2486 3260 ad
2521 3215 2569 3260 te
2599 3221 2703 3260 non
2736 3205 3088 3276 confugimus,
3132 3206 3237 3260 imo
3289 3208 3433 3262 domi

174 3321 306 3359 voce
332 3319 350 3358 :
380 3302 656 3373 Infelices,
695 3306 727 3356 d
758 3318 937 3357 mensa
967 3304 1176 3372 piscosa
1210 3303 1494 3364 abstinete;
1539 3302 1754 3354 aninm-

1856 3300 2236 3354 remdnsimus.
2267 3297 2377 3352 Cur
2413 3299 2577 3368 igitur
2606 3297 2660 3350 in
2688 3313 2882 3351 vanum
2931 3297 3063 3353 mihi
3113 3314 3385 3354 succenses
3404 3299 3430 3352 2

173 3398 258 3451 lia
309 3397 519 3450 marina
559 3397 678 3468 jam
728 3411 833 3450 non
877 3393 1214 3461 manducare,
1240 3410 1301 3448 ne
1325 3393 1466 3464 forte
1493 3393 1754 3447 occisores
1854 3378 2118 3463 Equidem
2145 3390 2357 3454 nescio;
2392 3389 2632 3442 animum
2662 3390 2802 3443 enim
2836 3396 2986 3442 tuum
3023 3388 3166 3454 novi,
3197 3398 3247 3442 et
3297 3389 3431 3443 ami—

174 3505 326 3542 sneos
355 3488 526 3543 edatis
560 3497 610 3541 et
639 3489 909 3558 propriam
935 3487 1135 3557 prolem
1191 3488 1246 3541 in
1274 3486 1755 3554 stomachum‘mit-

177 3586 314 3637 tatis
348 3593 600 3646 vestrum,
636 3592 686 3637 et
735 3599 799 3638 ne
843 3592 921 3650 tu,
948 3591 1138 3649 mater,
1164 3598 1282 3636 eum
1308 3582 1478 3636 denuo
1515 3582 1569 3635 in
1601 3591 1750 3636 utero

179 3675 777 3743 inermum-concipias,
805 3691 957 3744 quem
982 3674 1152 3728 vivum
1191 3674 1245 3728 in
1275 3673 1445 3729 lucem
1475 3673 1714 3728 edidisti.

375 3763 458 3819 Ad
494 3767 825 3825 monachum
858 3767 1138 3820 dominum
1170 3763 1544 3822 Joannicium.

261 3856 407 3912 Proh
451 3857 608 3926 ﬁdem
655 3867 823 3922 tuam,
865 3861 1086 3912 charum
1135 3866 1292 3926 caput
1329 3872 1349 3911 :
1382 3872 1474 3926 per
1517 3864 1567 3911 te
1612 3855 1754 3912 enim

169 3948 559 4019 jusjurandum
613 3965 824 4003 sacrum
869 3949 1032 4018 facio,
1085 3950 1222 4004 sicut
1269 3948 1606 4019 Pythagoras
1656 3963 1749 4016 per

177 4050 504 4106 quaternum
543 4055 844 4106 numerum,
878 4050 969 4094 aut
1018 4039 1234 4094 deorum
1274 4040 1462 4094 chorus
1497 4053 1589 4108 per
1627 4036 1752 4109 Sty-

157 4130 309 4206 ‘gias
354 4134 530 4188 undas
553 4133 726 4203 iurat,
761 4135 834 4188 mi
858 4133 1132 4202 Joannici,
1175 4135 1379 4204 generis
1417 4133 1636 4187 humani
1666 4150 1751 4187 or-

177 4225 532 4283 namentum!
561 4223 684 4278 Non
715 4227 853 4279 enim
882 4241 1178 4281 sermonum
1200 4225 1460 4290 dulcium,
1491 4242 1596 4281 non
1617 4240 1747 4294 pra:-

259 4407 336 4483 (I)
366 4408 711 4483 Idemvperte
775 4423 900 4467 cum
953 4409 1049 4466 illo
1106 4409 1174 4465 de
1234 4422 1343 4481 quo
1411 4408 1592 4480 agitur
1657 4420 1750 4463 su-

177 4495 287 4552 pra
311 4481 416 4538 'col.
451 4481 608 4538 4071.

471 5765 733 5828 PATROL.
788 5760 901 5820 Gn.
948 5761 1273 5820 CXXXIII.

1856 3484 1984 3537 citia
2015 3483 2231 3554 benigne
2268 3483 2554 3536 vituoerat.

2349 3573 2604 3644 lEnigma
2633 3572 2687 3627 in
2713 3573 2934 3628 nubem.

1931 3670 2066 3724 Filii
2118 3670 2286 3724 nostri
2343 3685 2423 3722 me
2450 3669 2631 3739 genuit
2664 3666 2887 3722 caelestis
2934 3668 3074 3736 ﬁlia,
3107 3675 3157 3721 et
3203 3667 3261 3722 in
3305 3683 3426 3723 aere

1858 3762 2169 3832 circumﬂuo
2205 3778 2402 3816 versor.
2463 3759 2671 3814 Filium
2710 3776 2882 3815 meum
2926 3760 2984 3813 in
3033 3769 3182 3813 utero
3236 3770 3426 3830 porto;

1861 3869 2014 3927 quem
2040 3855 2132 3908 ubi
2155 3855 2316 3908 enixa
2361 3869 2502 3918 sum,
2549 3867 2735 3918 pereo;
2781 3852 2866 3904 hic
2899 3859 3077 3905 autem
3107 3851 3425 3906 mortalibus

1851 3956 1992 4011 peste
2033 3944 2400 3998 laborantibus
2443 3943 2716 4002 medetur;
2765 3957 2917 4012 quens
2978 3959 3105 4013 gens
3150 3943 3424 3997 hominum

1851 4038 2217 4093 morosissima
2244 4035 2425 4106 diligit
2472 4045 2520 4091 et
2552 4035 2666 4089 odit
2692 4050 2850 4104 quam
2878 4036 3128 4088 maxime.
3157 4033 3424 4089 Examina

1853 4131 1969 4201 quis
1997 4129 2118 4195 sim,
2147 4143 2301 4198 quem
2333 4126 2625 4197 genuerim,
2645 4127 2761 4197 quis
2793 4142 2874 4181 me
2900 4125 3280 4194 procreaverit.

1921 4405 2006 4474 (2)
2033 4403 2508 4476 Reperitur_c_t_i_arn
2532 4401 2590 4476 in
2619 4417 2724 4476 n35.
2754 4400 3112 4476 bibliotheca
3133 4399 3422 4459 Vaticano-

1852 4471 2157 4541 Palatinae]
2191 4491 2245 4530 η.
2272 4472 2458 4542 XLIII,
2484 4473 2615 4531 lolio
2640 4471 2710 4530 90
2737 4487 2900 4542 verso,
2933 4474 3031 4531 lin.
3051 4471 3143 4527 21.

2865 5740 2940 5806 45
