4140 6404
494 358 554 422 11
1479 355 1481 358 ‘
1768 347 2081 407 ARSENII
2125 345 2466 406 MONAClll
3109 306 3119 315 ’
3659 341 3726 406 13

490 468 711 540 quidem
770 465 940 520 sacris
1003 461 1192 518 olliciis
1237 460 1435 517 addicti
1492 458 1622 524 sint,
1677 458 2059 526 deponuntur:
2099 463 2125 516 Α

2119 463 2139 516 ι
2174 456 2272 523 μὲν
2302 457 2586 526 ἱερ‹ι›;ι.ἰνοι
2619 453 2747 521 εἰσὶ,
2779 454 3210 526 καθαιροῦνται·
3249 455 3296 506 εἰ
3322 453 3375 507 δὲ
3399 453 3600 519 λαῖκοὶ,
3622 456 3754 525 ἀφο-

490 557 612 610 laici
649 568 777 608 vero
805 551 1370 606 excommunicantur.

805 551 1370 606 excommttnicatttur.
2174 548 2437 618 ρίξονται.

564 643 764 714 Synodi
794 641 1076 708 Ephesium
1103 654 1275 693 canon
1304 639 1358 692 7.

2247 639 2475 691 Συνόδοο
2511 639 2742 708 Ἐφέσου
2773 636 2953 690 κανὼν
2981 635 3042 702 ζ’.

559 735 758 805 Synodi
776 732 1236 788 Calchedoncnsis
1259 745 1432 784 canon
1469 729 1523 783 1.

2248 730 2477 782 Συνόδου
2511 730 2854 798 Καλχηδόνος
2885 727 3066 781 κανὼν
3101 727 3171 782 α’.

563 825 768 895 Synodi
804 822 1150 877 Sardicensis
1181 835 1353 874 canon
1387 821 1479 874 20.

1448 824 1479 874 l.
2246 821 2480 874 Συνόδου
2517 822 2766 890 Σάρδεων
2799 819 2981 873 κανὼν
3015 819 3083 872 κ’.

561 917 766 988 Synodi
806 914 1068 985 Carthag.
1103 927 1274 967 canon
1309 909 1751 979 1,18,51,155,
1788 907 2064 976 “6,157.

2241 911 2471 963 Συνόδου
2495 911 2856 983 Καρθαγένης
2884 910 3066 964 κανὼν
3098 908 3166 974 α’,
3200 907 3292 980 ιη’,
3315 909 3414 975 λδ’,
3450 907 3575 979 ρλε’,
3609 907 3755 977 ρλς’,

2211 1002 2311 1067 λς’.

560 1099 764 1172 Synodi
798 1095 867 1151 Vl
894 1109 1066 1151 canon
1093 1094 1149 1150 ‘2.

2245 1097 2476 1150 Συνόδου
2511 1096 2566 1161 ς’
2603 1095 2784 1149 κανὼν
2820 1094 2885 1165 β’.

572 1191 774 1265 Synodi
819 1187 907 1244 VII
943 1201 1112 1241 canon
1155 1184 1207 1250 1,
1232 1183 1288 1249 2,
1316 1182 1402 1238 ll.

2251 1193 2478 1245 Συνόδου
2512 1191 2555 1255 ζ’
2581 1190 2760 1246 κανὼν
2795 1198 2865 1254 α’,
2900 1189 2968 1261 β’,
3000 1190 3091 1244 ια’.

563 1276 1071 1354 Synodiintemplo
1107 1275 1432 1329 Sanetorum
1492 1270 1873 1342 Apostolorum
1930 1269 2073 1324 cclc-

2247 1289 2360 1359 Τῆς
2392 1291 2447 1341 ἐν
2472 1287 2549 1357 τῷ
2587 1289 2700 1356 ναῷ
2730 1285 2841 1339 τῶν
2881 1285 3079 1353 ’Λγίων
3121 1285 3465 1339 Ἀποστόλων
3498 1284 3676 1340 κανὼν
3703 1291 3757 1340 ι’.

495 1375 663 1430 bratae
692 1386 863 1427 canon
899 1371 984 1425 l0.

563 1464 750 1519 Sancti
786 1461 969 1516 Basilii
993 1473 1166 1514 canon
1201 1456 1290 1513 88.

2251 1467 2360 1522 Τοῦ
2391 1467 2550 1536 ἁγίου
2577 1464 2864 1518 Βασιλείου
2897 1464 3080 1518 κανὼν
3109 1461 3227 1534 mf.

563 1553 978 1612 Constitutionis
1002 1561 1162 1622 caput
1186 1551 1237 1605 1.
1271 1549 1329 1614 2,
1362 1547 1455 1602 22.

2249 1559 2496 1630 Νομικὸν
2528 1558 2829 1626 κεφάλαιον
2857 1563 2928 1622 α’,
2960 1555 3026 1627 β’,
3066 1556 3171 1626 κβ’.

570 1647 627 1701 4.
658 1644 1052 1715 Suscipiendas
1082 1655 1204 1696 esse
1245 1656 1309 1695 ac
1339 1638 1591 1710 legendas
1615 1650 1806 1692 omnes
1829 1642 2076 1706 receptas

2252 1650 2315 1706 δ’.
2346 1651 2472 1706 Ὀτι
2495 1651 2578 1704 δεῖ
2603 1649 2856 1720 δέχεσθαι
2898 1651 2994 1702 καὶ
3025 1648 3429 1717 ἀναγινώσκειν
3459 1649 3638 1713 πάσας
3663 1647 3761 1714 τὰς

497 1741 709 1796 divinas
741 1736 1053 1807 Scripturas
1083 1734 1290 1790 Veteris
1311 1743 1365 1789 ct
1392 1732 1524 1788 Novi
1557 1731 1912 1795 Testatnenti,
1942 1745 2074 1785 nec-

2181 1743 2511 1814 δεδεγμένας
2545 1741 2695 1805 θείας
2720 1741 2969 1813 Γραφὰς,
3001 1741 3104 1811 τῆς
3137 1758 3200 1794 τε
3228 1741 3473 1805 Παλαιᾶς
3506 1742 3599 1794 καὶ
3632 1743 3765 1794 Και-

498 1847 605 1886 non
635 1838 692 1885 et
714 1838 1024 1884 sanctorum
1055 1825 1276 1881 Patrum
1307 1837 1614 1880 nostrorum
1679 1836 1734 1880 et
1789 1825 2073 1878 doctorum
2111 1830 2133 1886 ι

2129 1831 2152 1885 3
2181 1837 2278 1906 νῆς
2307 1835 2608 1906 Διαθήκης,
2644 1835 2738 1888 καὶ
2763 1833 2863 1897 τὰς
2895 1834 3216 1904 συγγραφὰς
3246 1833 3355 1886 τῶν
3387 1833 3559 1900 ἁγίων
3592 1832 3764 1885 Πατέ-

497 1923 738 1993 scripta;
770 1929 935 1990 atque
955 1934 1020 1974 ex
1065 1919 1132 1974 iis
1153 1921 1441 1986 episcopos
1484 1916 1715 1987 singulis
1777 1914 2074 1970 Dominicis

2185 1945 2292 2001 ρων
2349 1928 2506 2000 ἡμῶν
2537 1927 2634 1982 καὶ
2667 1925 3009 1980 διδασκάλων
3035 1941 3050 1956 ο
3085 1925 3356 1980 διδάσκειν
3385 1942 3444 1977 τε
3485 1923 3612 1986 τοὺς
3642 1923 3765 1975 ὲπι-

495 2015 699 2086 θλίίιηίά
734 2013 990 2085 Populum
1021 2012 1272 2068 θάοοθτθ·
1299 2009 1400 2076 Qui
1439 2023 1570 2062 νθτο
1603 2015 1962 2075 οοττυίηρηηι
1983 2013 2079 2058 ³⁸η
2184 2023 2422 2084 σκόπους
2449 2024 2519 2074 ’ὲκ
2545 2019 2754 2075 τούτων
2785 2018 2910 2074 καθ’
2932 2019 3172 2090 ἑκάστην
3191 2017 3479 2090 Κυριακὴν
3501 2016 3592 2069 τὸν
3615 2015 3764 2069 λαόν.

497 2108 787 2165 concidunt
811 2105 1016 2176 aliquid
1040 2119 1108 2161 ex
1139 2104 1221 2159 his
1244 2103 1414 2158 sacris
1447 2101 1648 2167 Libris,
1701 2097 2079 2155 excommuni-

2182 2117 2247 2169 υί
2274 2115 2331 2170 δὲ
2362 2113 2775 2185 διαφθείροντες
2801 2113 2834 2184 ἢ
2861 2113 3300 2184 κατατέμνοντες
3329 2113 3393 2164 ἐκ
3417 2108 3625 2164 τούτων
3655 2105 3765 2162 τῶν

498 2206 718 2254 cantur.
2183 2208 2349 2281 ἱερῶν
2381 2207 2637 2275 Βιϐλίων,
2679 2206 3057 2279 ἀφορίζονται.

570 2289 897 2344 Sanctorum
926 2284 1292 2357 aposwlorum
1325 2297 1502 2338 canon
1528 2281 1622 2338 85.

2254 2301 2379 2354 Τῶν
2415 2301 2587 2368 ἁγίων
2613 2300 2932 2354 ἀποστόλων
2955 2297 3136 2352 κανὼν
3169 2295 3278 2352 πε’.

574 2380 778 2453 Synodi
816 2379 1131 2434 Laodicena:
1160 2391 1334 2431 canon
1364 2376 1455 2431 60.

2259 2391 2491 2443 Συνόδου
2522 2390 2848 2452 Λαοδικείας
2875 2387 3060 2444 κανὼν
3082 2378 3146 2454 ξδ.

581 2470 785 2541 Synodi
815 2467 1281 2537 Carthaginiensis
1313 2480 1488 2522 canon
1515 2464 1604 2519 24.

1594 2505 1604 2519 ·
2257 2483 2486 2537 Συνόδου
2523 2483 2892 2554 Καρθαγένης
2925 2479 3107 2535 κανὼν
3133 2477 3229 2532 κδ’.

575 2561 778 2633 Synodi
819 2558 890 2613 Vl
910 2573 1083 2613 canon
1112 2557 1177 2613 19
1209 2566 1266 2612 et
1291 2556 1384 2611 68.

1695 2647 1699 2648 ν
2259 2575 2492 2630 Συνόδου
2525 2580 2579 2638 ς’
2613 2574 2798 2628 κανὼν
2831 2571 2895 2627 ιθ¹
2931 2572 3028 2626 καὶ
3063 2571 3166 2641 ξη’.

573 2651 778 2707 Versus
798 2647 972 2706 sancti
991 2649 1234 2720 Gregorii
1262 2647 1549 2720 Theologi,
1576 2657 1630 2702 et
1661 2647 1870 2704 Versus
1902 2649 2080 2704 sancti

2260 2665 2442 2737 Στίχοι
2476 2665 2575 2718 τοῦ
2639 2665 2798 2733 ἁγίου
2841 2663 3154 2734 Γρηγορίου
3201 2659 3295 2714 τοῦ
3328 2659 3594 2729 Θεολόγου
3619 2676 3632 2691 ο
3673 2663 3769 2716 καὶ

507 2743 894 2813 Ampltilochii.
2190 2759 2371 2829 στίχος
2404 2755 2499 2810 τοῦ
2531 2756 2687 2824 ἁγίου
2713 2754 3094 2826 Ἀμφιλοχίου.

577 2837 634 2892 5.
661 2835 778 2891 Non
811 2848 934 2890 esse
957 2833 1212 2903 legendos
1267 2833 1322 2887 in
1375 2833 1604 2889 ecclesia
1655 2832 1945 2902 impiorum
2017 2830 2086 2885 li-

2263 2854 2326 2902 ε’.
2367 2847 2492 2900 Ὀτι
2522 2846 2582 2898 οὐ
2617 2847 2700 2900 δεῖ
2747 2843 3224 2914 ἀναγινώσκεσθαι
3265 2845 3322 2896 ἐν
3373 2843 3641 2915 ἐκκλησίᾳ
3684 2843 3768 2913 βι-

510 2932 659 2994 bros,
692 2938 784 2981 aut
821 2941 884 2981 ea
929 2940 1050 2996 qua:
1106 2926 1358 2980 dicuntur
1409 2924 1738 2995 apocrypha,
1794 2935 1889 2978 aut
1948 2922 2084 2978 falsa

2191 2938 2315 2992 ὀλία
2342 2936 2578 3006 ἀσεὸῶν,
2609 2937 2730 3007 ἢτά
2758 2937 3033 3007 λεγόμενα
3073 2935 3396 3008 ἀπόκρυφα,
3439 2935 3470 3008 ἢ
3503 2934 3573 2988 τά
3593 2935 3768 3004 ψευδῆ

511 3020 916 3093 martyrolugia,
947 3029 1130 3087 utp0te
1182 3034 1302 3089 quae
1348 3019 1400 3072 in
1453 3018 1824 3075 inﬁdelitatem
1876 3018 2090 3072 audito-

2193 3030 2525 3085 συντεθέντα
2555 3028 2990 3099 μαρτυρολόγια,
3038 3026 3114 3090 ὡς
3150 3029 3229 3090 είς
3263 3027 3528 3080 ἀπιστίαν
3563 3025 3769 3096 ἐμϐάλ-

511 3130 596 3170 res
625 3113 934 3183 conjiciant.
963 3110 1148 3182 Neque
1182 3123 1306 3166 vero
1335 3109 1474 3166 liber
1502 3109 1643 3164 ullus
1696 3124 1803 3164 non
1862 3110 2086 3164 canoni-
2124 3173 2146 3189 Α

2137 3173 2161 3189 _
2192 3123 2353 3178 λοντα
2394 3125 2522 3184 τοὺς
2559 3122 2894 3184 ἀκούοντας·
2937 3119 3064 3174 οὔτε
3095 3120 3152 3172 δὲ
3200 3119 3554 3174 ἀκανόνιστόν
3596 3136 3650 3172 τι
3690 3120 3772 3189 pt-

513 3221 609 3262 cus
632 3204 856 3261 omnino
887 3203 1226 3272 recipiendus
1258 3211 1363 3267 est,
1384 3216 1573 3256 verum
1608 3201 1715 3271 igni
1784 3203 1898 3256 haec
1957 3215 2090 3255 cou-
2119 3173 2148 3233 ί

2140 3173 2162 3233 3
2385 3173 2639 3284 δέξεσθαι
2689 3173 2863 3276 ὅλωςζ
2908 3173 3046 3267 ἀλλά
3089 3213 3225 3282 πυρὶ
3258 3209 3433 3265 ταῦτα
3476 3173 3775 3264 καταναλί-

517 3297 779 3352 sumenda
803 3303 946 3349 sunt.
981 3294 1082 3360 Qui
1107 3301 1286 3348 autem
1319 3293 1404 3348 his
1435 3303 1690 3362 tanquam
1728 3292 1871 3347 veris
1905 3301 2084 3347 attcn-

2205 3323 2392 3360 σκεινο
2427 3309 2476 3360 οἱ
2498 3305 2554 3358 δὲ
2593 3306 2668 3370 ὼς
2702 3307 2926 3376 ἀληθέσι
2956 3305 3315 3377 προσέχοντες
3332 3305 3565 3369 τούτοις,
3597 3303 3646 3356 εί
3676 3305 3774 3374 μὲν

515 3393 670 3455 dunt,
724 3390 990 3458 siquidem
1041 3387 1216 3441 sacris
1267 3387 1465 3440 initiati
1523 3388 1655 3451 sint,
1709 3387 2088 3454 deponuntur:

2200 3399 2489 3470 ἱερωμένοι
2528 3399 2659 3464 εἰσὶ,
2691 3395 3087 3471 καθαιροῦνται
3110 3414 3124 3430 ·
3165 3396 3298 3450 εἰδὲ
3328 3396 3534 3462 λαῖκοὶ,
3577 3397 3776 3450 ἀναθε-

517 3483 638 3538 laici
697 3495 829 3535 vero
881 3479 1214 3536 anathemati
1270 3477 1657 3545 subjiciuntur.
1704 3475 2091 3532 Verumtamen

2201 3491 2545 3560 ματίζονται.
2609 3489 2690 3543 Τά
2751 3490 2935 3560 μέντοι
2995 3489 3296 3560 δεδεγμένα
3349 3491 3415 3560 τῇ
3477 3488 3775 3558 Ἐκκλησία

518 3582 728 3643 recepta
756 3572 809 3626 in
841 3570 1083 3625 Ecclesia
1122 3579 1432 3623 sanctorum
1485 3569 1822 3635 testimonia,
1881 3569 1937 3623 in
1996 3583 2092 3624 eo-

2202 3583 2484 3652 μαρτύρια
2526 3581 2636 3634 τῶν
2685 3582 2860 3650 ἁγίων
2897 3582 3376 3651 ἀναγινώσκεσθαι
3418 3581 3498 3634 δεῖ
3545 3583 3605 3635 ὲν
3656 3583 3776 3643 ταῖς

525 3675 644 3714 rum
681 3657 1297 3714 commemoratiouibus
1322 3656 1549 3724 legenda
1589 3665 1738 3714 sunt.

1059 3657 1297 3711 tionibus
1322 3656 1549 3724 legenda
1589 3665 1738 3714 sunt.
2201 3674 2444 3742 μνήμαις
2485 3672 2690 3726 αὐτῶν.

595 3752 927 3807 Sancto-rum
958 3749 1324 3820 apostolorum
1361 3762 1538 3803 canon
1575 3746 1668 3802 60.

1626 3747 1668 3801 )ο
2273 3761 2394 3816 Τῶν
2425 3762 2596 3828 ἁγίων
2629 3761 2946 3815 ἀποστόλων
2980 3761 3166 3815 κανὼν
3197 3762 3261 3829 ξ’.

592 3844 794 3916 Synodi
825 3841 1146 3897 Laodicenaa
1170 3855 1342 3895 canon
1375 3840 1445 3896 59
1467 3850 1521 3896 et
1543 3840 1636 3897 60.

2270 3854 2501 3907 Συνόδου
2531 3855 2856 3918 Λαοδικείας
2886 3855 3068 3909 κανὼν
3099 3853 3178 3909 νθ¹
3211 3855 3307 3909 καὶ
3343 3853 3407 3922 ξ’.

597 3934 798 4006 Synodi
827 3932 1015 3989 Carth.
1045 3947 1216 3986 canon
1241 3931 1312 3986 24
1339 3941 1394 3986 et
1414 3931 1504 3987 46.

2278 3947 2504 4000 Συνόδου
2548 3947 2908 4019 Καρθαγένης
2941 3948 3123 4003 κανὼν
3155 3948 3228 4005 κδ’
3257 3929 3352 4004 καὶ
3379 3948 3498 4020 μς’.

591 4025 794 4096 Synodi
823 4023 892 4078 Vl
926 4038 1101 4079 canon
1123 4022 1215 4090 65,
1251 4031 1304 4078 et
1362 4023 1536 4078 saneti
1586 4024 1871 4080 Athanasii
1926 4040 2096 4081 cano-

2273 4038 2502 4091 Συνόδου
2536 4045 2590 4104 ς’
2621 4039 2802 4092 κανὼν
2842 4038 2942 4109 ξγ’,
2986 4040 3080 4094 καὶ
3122 4039 3217 4094 τοῦ
3249 4041 3406 4111 ἁγίου
3455 4041 3777 4095 ’Δθανασίοι

521 4136 620 4177 nes
657 4119 716 4174 2.
2202 4131 2429 4196 κανόνες
2467 4130 2534 4202 β’.

596 4231 651 4288 6.
678 4230 796 4287 Non
836 4243 960 4286 esse
982 4227 1358 4285 aediﬁcandum
1391 4229 1634 4284 divinum
1668 4228 1947 4300 templum,
1995 4231 2100 4285 nisi
2161 4285 2166 4292 _

2161 4285 2166 4292 _
2278 4232 2354 4288 ς’.
2387 4228 2512 4281 Ὅτι
2556 4228 2618 4281 οὐ
2672 4227 2755 4281 δεῖ
2806 4245 2932 4283 τινα
2982 4230 3286 4299 οἰκοδομεῖν
3328 4229 3472 4282 θεῖον
3520 4229 3649 4283 ναὸν
3703 4227 3779 4300 μὴ

525 4327 848 4380 instructum
874 4321 947 4377 sit
967 4321 1032 4376 iis
1067 4335 1190 4391 qua:
1214 4321 1283 4375 ad
1319 4320 1464 4376 illius
1519 4320 1972 4390 complementum
2017 4320 2104 4375 fa-

2203 4319 2398 4391 ἔχοντα
2419 4320 2491 4373 τὰ
2515 4321 2654 4391 πρὸς
2679 4322 3028 4394 ἀπαρτισμόν
3055 4339 3069 4353 ·
3101 4322 3228 4376 οὔτε
3251 4323 3308 4376 δὲ
3336 4323 3627 4394 καθιεροῦν
3652 4322 3780 4375 τοῦ-

524 4418 711 4484 ciunt;
775 4429 950 4485 neque
1006 4429 1137 4470 vero
1204 4413 1337 4468 illud
1399 4415 1833 4470 consecrandum
1895 4415 2100 4485 absque

2201 4431 2296 4468 τον
2343 4415 2514 4485 χωρὶς
2572 4413 2922 4478 καταθέσεως
2989 4415 3164 4482 ἁγίων
3217 4414 3524 4483 λειψάνων·
3583 4416 3615 4467 ό
3673 4414 3780 4482 γὰρ

525 4517 840 4566 sanctarum
864 4505 1212 4575 reliquiarum
1244 4500 1603 4575 depositione.
1626 4504 1731 4572 Qui
1777 4505 1920 4561 enim
1972 4508 2092 4562 abs-
2130 4531 2160 4590 Ῑ

2148 4532 2180 4590 D
2204 4501 2361 4562 ἐκτὸς
2391 4500 2598 4554 τούτων
2630 4500 2909 4571 καθιερῶν
2943 4503 3321 4572 καθαιρεῖται.
3369 4503 3476 4554 Καὶ
3510 4501 3592 4554 ὅτι
3637 4504 3783 4570 αἱρε-

528 4616 634 4673 que
662 4599 746 4656 his
776 4610 1080 4661 consecrat,
1113 4595 1422 4665 deponitur.
1470 4593 1602 4651 Item
1663 4597 1951 4651 haereticos
2001 4598 2100 4652 do-
2134 4589 2160 4590 η

2151 4589 2160 4590 ί
2204 4593 2352 4646 τικοὶ
2395 4596 2475 4657 είς
2516 4589 2664 4646 οἷκον
2691 4593 2826 4646 Θεοῦ
2860 4595 2961 4646 οὐκ
2990 4594 3366 4665 εἰσέρχονται·
3399 4594 3524 4648 οὔτε
3554 4594 3610 4648 δὲ
3643 4611 3782 4666 παρ-

531 4706 677 4746 mum
701 4688 795 4744 Dei
831 4703 936 4743 non
963 4685 1192 4758 ingredi,
1229 4699 1406 4754 neque
1427 4685 1785 4756 praesentibus
1807 4687 1914 4743 illis
1965 4689 2104 4744 mis-

1471 4685 1785 4742 raasentibus
1807 4687 1914 4743 illis
1965 4689 2104 4744 mis-
2205 4687 2375 4741 όντων
2399 4687 2580 4742 αὐτῶν
2619 4687 2832 4756 γίνεται
2865 4684 3106 4750 σύναξις.

532 4797 648 4841 sam
681 4779 970 4836 celebrari.

603 4835 1142 4945 SynodiLaodicena:
1175 4885 1353 4927 canon
1382 4871 1436 4925 6.
1569 4835 1573 4838 ί

2279 4862 2511 4916 Συνόδου
2540 4860 2868 4924 Λαοδικείας
2897 4860 3078 4915 κανὼν
3112 4858 3185 4926 ς’.

583 4963 806 5037 Synodi
829 4961 920 5020 Vll
943 4977 1118 5018 canon
1145 4964 1200 5029 7,
1229 4964 1319 5031 17,
1348 4974 1403 5019 et
1449 4962 1623 5019 sancti
1687 4960 1962 5018 Timothei
2010 4977 2101 5018 ca-

2281 4955 2509 5008 Συνόδου
2545 4952 2590 5019 ζ’
2620 4953 2802 5009 κανὼν
2827 4953 2894 5020 ζ’,
2934 4950 3022 5020 ιζ’,
3055 4952 3152 5007 καὶ
3180 4951 3274 5006 τοῦ
3324 4953 3481 5022 ἁγίου
3517 4951 3786 5021 Τιμοθέου

532 5076 640 5115 non
665 5059 715 5112 7.
1729 5052 1733 5055 ·

1729 5052 1733 5055 ”
2210 5047 2391 5101 κανὼν
2415 5047 2479 5111 ζ’.

605 5159 660 5214 7.
693 5154 957 5225 Oportere
1002 5152 1098 5207 Dei
1151 5153 1408 5224 templum
1464 5154 1738 5224 ingressos
1798 5151 2108 5208 divinorum

2281 5137 2346 5202 ζ’.
2376 5138 2500 5190 Ὅτι
2545 5137 2628 5191 δεῖ
2681 5139 2806 5201 τοὺς
2850 5138 3121 5200 ιίσιόντας
3162 5138 3244 5199 cl;
3275 5136 3403 5189 ναὸν
3433 5135 3567 5188 Θεοῦ
3611 5152 3790 5205 παρα-

532 5247 880 5303 oraculorum
927 5244 1308 5299 auscultationi
1360 5245 1638 5311 insistere,
1699 5244 1948 5314 quamvis
2001 5259 2109 5300 non

2217 5231 2398 5301 μένειν
2427 5232 2491 5301 τῇ
2524 5231 2786 5300 ἀκροάσει
2813 5230 2922 5283 τῶν
2947 5229 3106 5282 θείων
3131 5228 3350 5296 λογίων,
3380 5227 3485 5281 κᾶν
3516 5227 3592 5298 μὴ
3622 5227 3789 5279 ποιῶ-

537 5338 740 5392 faciant
763 5352 824 5391 ea
847 5351 969 5407 qua:
1025 5334 1290 5389 audiunt:
1327 5351 1538 5390 necnon
1567 5336 1732 5390 etiam
1796 5336 1848 5389 in
1902 5338 2108 5391 oratio-

2216 5340 2300 5376 σιν
2334 5321 2369 5376 ἂ
2413 5323 2707 5374 ἀκούουσιο
2758 5322 2851 5374 καὶ
2888 5324 2953 5391 τῇ
3003 5322 3280 5392 προσευχῇ
3329 5321 3789 5391 προσκαρτερεῖν,

540 5445 609 5482 ne
637 5443 1006 5496 perseverare.
1052 5443 1116 5482 ac
1157 5437 1345 5482 sancta
1398 5430 1808 5492 communione,
1872 5439 2036 5498 atque
2080 5443 2111 5483 a

2216 5417 2308 5468 mi.
2338 5413 2404 5485 τῇ
2437 5414 2568 5483 ἁγίᾳ
2601 5412 2947 5482 μεταλήψει·
2981 5414 3074 5466 καὶ
3114 5414 3222 5466 ἀπὸ
3262 5412 3534 5482 νηστικῶν
3566 5412 3662 5474 τὰς
3695 5411 3789 5462 θυ-

537 5519 737 5589 jejunis
757 5521 1021 5575 sacriﬁcia
1044 5519 1249 5575 oﬂ'erri.
1283 5518 1386 5586 Qui
1416 5519 1560 5575 enim
1601 5535 1710 5576 non
1759 5520 1832 5576 ita
1881 5520 2108 5586 faciunt,

2219 5508 2341 5570 σίας
2374 5505 2752 5577 προσάγεσθαι
2776 5521 2787 5533 '
2830 5507 2877 5557 οἱ
2915 5506 3023 5575 γὰρ
3059 5507 3133 5576 μὴ
3159 5503 3302 5558 οὕτω
3335 5505 3622 5566 ποιοῦντες
3649 5504 3791 5572 ἀφο-

541 5612 1104 5667 excommunicantur.

841 5612 1104 5667 nicanlur.
2219 5601 2476 5671 ρίζονται.

615 5696 939 5754 Sanctorum
965 5703 1330 5769 apostolorum
1361 5718 1532 5757 canon
1563 5703 1630 5758 50
1669 5713 1723 5759 ct
1745 5706 1798 5760 9.

2291 5695 2412 5744 Τῶν
2442 5694 2611 5759 ἁγίων
2638 5692 2861 5743 ἀποστό)
2876 5708 2950 5743 ων
2977 5689 3159 5742 κανὼν
3191 5688 3232 5743 ν’
3261 5693 3352 5744 καὶ
3379 5689 3442 5746 θ’.

610 5789 816 5862 Synodi
855 5793 1205 5849 Antiochena:
1236 5810 1403 5850 canon
1437 5798 1490 5848 ‘2.

2293 5788 2518 5840 Συνόῦου
2555 5787 2884 5856 Ἀντιοχείας
2918 5785 3099 5838 κανὼν
3137 5784 3203 5845 β’.
