4140 6420
438 375 506 433 .3
1680 331 2016 431 EPITOME
2055 371 2452 432 CANONUM.
3634 356 3700 422 tt

513 482 746 536 Συνόδου
779 483 1136 553 Καρθεγένης
1166 483 1345 536 κανὼν
1375 478 1483 551 μα’.

513 574 748 627 Συνόδου
801 572 855 638 ς’
897 575 1078 626 κανὼν
1117 575 1218 640 κδ’,
1267 575 1362 625 καὶ
1396 573 1492 626 τοῦ
1543 575 1699 640 ἁγίου
1755 573 2026 643 Τιμοθέου

441 680 477 714 κ
487 683 510 712 1
520 681 625 715 νων
657 679 707 724 ι,
733 699 749 714 .

518 755 631 806 Καὶ
673 755 903 822 νομικὸν
931 756 1227 824 κεςαλαιον
1257 753 1321 809 θ’.

513 841 586 913 η’.
616 843 742 896 Ὅτι
774 845 856 896 δεῖ
882 847 940 897 ἐν
964 848 1083 907 ταῖς
1107 845 1392 911 συνάξεσιν
1425 847 1736 912 Εὔαγγέλια
1763 848 1901 913 μετὰ
1938 847 2032 898 καὶ

443 937 656 1006 ἐτέρων
701 938 938 1008 Γραφῶν
986 938 1492 1007 ἀναγινώσκεσθαι,
1546 941 1644 992 καὶ
1689 941 1940 1010 ψαλμοὺς
1977 941 2035 993 δὲ

442 1026 620 1099 ᾅδειν,
651 1029 746 1082 καὶ
777 1029 867 1082 διὰ
897 1031 1071 1098 μέσου
1099 1031 1349 1098 γίνεσθαι
1385 1030 1730 1095 ἀναγνώσεις
1751 1049 1766 1064 ι
1803 1031 1898 1084 καὶ
1937 1031 2035 1103 τὴν

443 1117 623 1189 αὐτὴν
655 1119 714 1173 δὲ
738 1119 1090 1192 λειτουργίαν
1118 1122 1354 1174 πάντοτε
1387 1124 1585 1175 ποιεῖν.

521 1210 749 1264 Συνὸδου
780 1212 1120 1278 Λαοδικείας
1145 1211 1327 1267 κανὼν
1352 1211 1429 1278 ς’,
1466 1214 1554 1277 ιζ’,
1589 1212 1679 1285 ιη’,
1718 1215 1806 1268 ιϐ’.

532 1305 768 1358 Συνόδου
806 1306 1182 1377 Καρθαγένης
1199 1305 1381 1359 κανὼν
1418 1304 1524 1376 ργ’.

527 1398 805 1453 θ’.”οτιού
827 1397 909 1450 δεῖ
939 1397 998 1451 ὲν
1025 1397 1455 1468 ’τεσσαρακοστῇ
1487 1397 1653 1468 ἄρτον
1681 1399 2038 1470 προσφέρειν,

445 1492 576 1544 οὔτε
599 1490 656 1543 δὲ
684 1488 984 1561 μαρτύρων
1023 1489 1246 1558 μνήμας
1285 1489 1584 1555 ἐπιτελεῖν,
1617 1491 1671 1543 εί
1709 1489 1786 1560 μὴ
1816 1492 1873 1542 ἐν
1899 1490 2042 1544 Σαϐ-

446 1589 603 1655 ϐάτῳ
650 1585 744 1637 καὶ
799 1583 1055 1652 Κυριακῇ
1110 1581 1311 1650 μόνον·
1373 1582 1472 1635 καὶ
1525 1583 1628 1652 τὴν
1685 1583 1889 1654 ἑορτὴν
1945 1581 2042 1636 τοῦ

446 1673 892 1744 Εὑαγγελισμοῢ.
939 1673 1068 1725 Ἐπὶ
1114 1671 1173 1725 δὲ
1211 1674 1337 1734 ταῖς
1378 1671 1601 1736 λοιπαῖς
1645 1673 1888 1744 ἡμέραις
1942 1675 2044 1745 τῆς

451 1769 616 1838 ἁγίας
645 1766 1130 1839 Τετσαρακοστῆς,
1177 1764 1412 1835 γινέσθω
1451 1766 1485 1836 ή
1535 1764 1656 1819 θεία
1711 1765 1821 1819 τῶν
1866 1781 2042 1838 προη-

448 1855 774 1925 γιασμένων
807 1854 1150 1926 λειτουργία.
1883 1921 1886 1925 ,

522 1945 751 2000 Συνόδου
784 1945 1110 2010 Λαοδικείας
1152 1945 1336 2002 κανὼν
1367 1953 1460 2017 μα’
1485 1949 1586 2003 καὶ
1615 1954 1720 2016 val,
1751 1949 1846 2003 καὶ
1883 1949 2040 2004 συνό-

449 2035 548 2088 δου
580 2034 632 2102 ς’
664 2037 842 2090 κανὼν
877 2035 948 2107 β’.

531 2126 585 2180 ι’.
616 2126 740 2179 Ὀτι
772 2128 833 2180 οὺ
866 2127 950 2180 δεῖ
992 2144 1116 2182 τινα
1146 2128 1256 2182 τῶν
1296 2128 1510 2183 πιστῶν
1557 2129 2041 2202 ἀπολιμπάνεσθαι

454 2218 568 2270 τῶν
593 2217 754 2273 θείων
775 2220 1052 2285 συνάξεων
1078 2238 1091 2252 ’
1125 2223 1174 2274 εἰ
1207 2221 1317 2292 γὰρ
1356 2223 1664 2295 ἀπολειφθῇ
1696 2227 1752 2277 ἐν
1781 2226 2043 2296 ἑϐδομάσι

454 2313 660 2379 τρισὶν,
716 2314 765 2365 εί
796 2315 896 2383 μὲν
943 2314 1242 2384 ἱερωμένος
1269 2316 1409 2379 ἐστὶ,
1446 2315 1825 2387 καθαιρείσθω
1849 2335 1864 2348 ·
1907 2323 1955 2372 εὶ
1987 2321 2044 2373 δὲ

453 2403 670 2469 λαῖκὸς,
701 2406 1070 2475 ἀφοριςέσθω.

532 2499 756 2552 Συνόδου
790 2497 843 2563 ς’
873 2499 1051 2553 κανὼν
1091 2498 1165 2555 π’.

538 2588 630 2647 ια’.
671 2591 798 2644 Ὀτι
828 2594 888 2645 οὐ
915 2591 998 2645 δεῖ
1029 2592 1293 2664 κληρικὺν
1316 2595 1373 2648 ἐν
1404 2593 1500 2648 δύο
1528 2595 1737 2649 πόλεων
1767 2599 2043 2650 κατατάτ-

456 2685 654 2735 τεσθαι
705 2683 1046 2754 ἐκκλησίαις,
1081 2685 1222 2739 ἀλλά
1267 2684 1560 2756 ἀρκεῖσθαι
1601 2687 1743 2739 κατὰ
1787 2688 1879 2739 τὸν
1938 2689 2046 2739 τῶν

460 2776 705 2829 κανόνων
752 2779 879 2847 ὅρον
923 2781 988 2848 τῇ
1047 2780 1188 2849 μιᾷ⁹
1243 2779 1342 2845 τῆς
1397 2778 1454 2831 δὲ
1483 2779 1678 2847 ἑτέρας
1712 2777 2049 2846 ἀφίστασθαι

461 2870 708 2931 πάντως,
755 2871 878 2921 ἐπεὶ
912 2869 1302 2939 καθαιρεῖται·
1335 2871 1394 2922 ἐν
1427 2869 1483 2922 δὲ
1522 2871 1637 2931 τοῖς
1694 2868 1800 2933 ἔξω
1840 2869 2049 2932 πόλεως

460 2958 709 3025 χωρίοις,
750 2957 838 3008 δια
878 2955 978 3027 τὴν
1018 2957 1260 3027 ἔλλειψιν
1294 2957 1404 3010 τῶν
1439 2956 1744 3027 ἀνθρώπων
1780 2973 2048 3029 παραχω-

462 3049 632 3118 ρείτω
664 3049 774 3119 ita.
809 3047 1279 3121 παραχωρείσθω]
1305 3048 1484 3104 τοῦτο.

2055 481 2104 541 Α
2204 478 2406 549 Synodi
2433 477 2862 548 Cartltaginicns.
2893 488 3064 529 canon
3099 475 3186 528 41.

2206 573 2404 644 Synudi
2445 572 2506 624 Vl
2549 587 2722 625 canon
2754 570 2922 635 ‘29,et
2967 571 3138 623 sancti
3196 567 3466 622 Timmhri
3530 582 3706 622 canon

2139 667 2223 719 i7.

2210 759 2274 812 Et
2302 758 2434 828 legis
2461 768 2618 826 caput
2653 757 2706 812 9.

2209 856 2260 905 ὃ.
2288 853 2344 905 ln
2370 855 2660 924 synaxibus
2686 869 2807 906 cum
2849 851 2970 905 aliis
2999 848 3294 917 Sci-:ptnris
3331 847 3552 916 legenda
3587 857 3708 898 esse

2135 942 2448 1011 Evangelia,
2482 954 2537 998 et
2575 943 2814 1014 psalmos
2859 943 3156 1007 canendus,
3215 937 3708 1018 lectioncsqnein-

2139 1033 2506 1103 terjiciendas,
2534 1046 2694 1105 atque
2726 1035 2865 1089 idem
2896 1034 3130 1088 ollicium
3169 1044 3385 1100 semper
3425 1028 3712 1101 celebran-

2137 1125 2288 1180 dum.

2213 1214 2415 1286 Synodi
2456 1217 2778 1272 Laodiceme
2807 1232 2980 1272 canon
3013 1216 3066 1281 6,
3092 1215 3177 1280 l7,
3209 1214 3297 1282 18,
3326 1213 3415 1270 19.

2215 1308 2419 1379 Synod‘t
2451 1311 2920 1380 Carthaginiensis
2946 1325 3064 1362 can.
3097 1308 3220 1362 l05.

2211 1403 2264 1458 9.
2300 1401 2415 1457 Non
2441 1410 2692 1471 oportere
2721 1402 2773 1456 in
2805 1399 3229 1471 Quadragesima
3275 1411 3468 1463 panem
3492 1393 3713 1459 offerre,

2145 1511 2318 1566 neque
2346 1503 2646 1566 martyrum
2679 1493 3229 1549 connnernorationes
3280 1503 3561 1561 peragere,
3615 1486 3720 1543 nisi

2148 1588 2202 1642 iit
2240 1589 2482 1644 Sabbato
2511 1598 2565 1643 et
2604 1588 2880 1643 Dominica
2913 1596 3122 1641 tantum
3167 1602 3182 1638 :
3253 1600 3318 1640 ac
3367 1583 3563 1637 festum
3608 1582 3722 1635 Att-

2146 1680 2520 1734 nnntiationis.
2555 1678 2611 1732 ln
2646 1679 2855 1733 caeteris
2889 1693 3021 1733 vero
3063 1678 3254 1732 diebus
3309 1684 3514 1731 sancte
3577 1672 3724 1740 Qua-

2147 1774 2486 1840 dtagesimar,
2517 1773 2755 1827 divinum
2799 1773 3004 1844 pridem
3059 1770 3524 1827 sanctificatoruttt
3585 1767 3725 1823 cele-

2074 1836 2116 1890 Β
2148 1836 2336 1916 Ιιΐιιίιιι·
2367 1836 2622 1916 tliicittttt.

2213 1952 2416 2022 Synodi
2447 1952 2770 2009 Laodicenaa
2801 1967 2976 2008 canon
3009 1951 3069 2007 41
3105 1962 3160 2006 et
3193 1951 3286 2016 51,
3325 1959 3380 2006 et
3402 1948 3593 2021 synodi
3649 1947 3723 2005 VI

2143 2057 2320 2098 canon
2353 2043 2408 2098 2.

2223 2136 2308 2190 10.
2353 2135 2469 2191 Non
2504 2145 2756 2204 oportere
2782 2149 3105 2205 quemquam
3147 2132 3385 2188 ﬁdelium
3433 2146 3462 2186 a
3525 2129 3725 2186 divinis

2145 2229 2440 2299 synaxibus
2479 2232 2670 2283 abesse
2710 2244 2723 2280 :
2758 2230 2802 2280 si
2845 2227 2990 2282 enim
3041 2240 3136 2295 per
3188 2233 3297 2278 tres
3354 2220 3727 2278 hebdomadas

2145 2336 2253 2375 non
2286 2320 2522 2384 intersit,
2546 2319 2809 2388 siquidem
2835 2317 3008 2373 sacris
3028 2317 3242 2372 deditus
3263 2316 3355 2383 sit,
3382 2315 3674 2383 deponatur
3705 2328 3723 2379 ;

2148 2413 2318 2467 laicus
2352 2429 2503 2473 vero.
2538 2412 3066 2468 excommunicetur.

2221 2507 2420 2577 Synodi
2455 2505 2514 2558 Vl
2545 2521 2718 2560 canon
2741 2504 2834 2561 80.
2860 2551 2863 2554 .

2219 2599 2307 2653 11.
2368 2597 2484 2651 Non
2521 2610 2772 2667 oportere
2811 2595 3072 2650 clericum
3121 2594 3173 2647 in
3225 2593 3454 2647 duarum
3509 2589 3726 2645 urbium

2147 2688 2390 2743 ecclesiis
2426 2689 2684 2750 ordinari,
2715 2687 2811 2741 sed
2863 2701 2968 2740 una
3030 2692 3346 2740 contentum
3407 2695 3528 2736 esse
3570 2679 3726 2750 juxta

2149 2795 2413 2835 C:ln0ttlllll
2448 2780 2838 2844 deﬁnitionem,
2865 2779 2934 2832 ab
2965 2777 3134 2831 altera
3189 2790 3317 2830 vero
3369 2773 3586 2844 penitus
3641 2785 3728 2826 re-

2149 2871 2378 2927 cedere:
2406 2873 2486 2924 sin
2516 2886 2665 2931 vero.
2696 2869 3007 2938 deponitur.
3030 2868 3090 2922 In
3119 2867 3253 2921 vicis
3284 2880 3411 2920 vero
3448 2864 3541 2934 qui
3600 2871 3730 2920 sunt

2149 2977 2300 3023 extra
2334 2969 2544 3032 urbem,
2569 2975 2789 3036 propter
2815 2968 3093 3021 hominum
3132 2964 3425 3032 defectum,
3457 2965 3558 3020 hoc
3592 2977 3727 3018 con-

2149 3061 2398 3114 cedatur.

541 3144 772 3196 Συνὸδου
824 3144 1166 3215 Καλχηδόνος
1202 3143 1385 3197 κανὼν
1421 3140 1452 3196 ι’
1476 3144 1571 3196 καὶ
1599 3140 1671 3207 κ’,
1699 3147 1795 3196 καὶ
1823 3143 2045 3198 συνόδου

2224 3148 2426 3220 Synodi
2449 3148 2912 3206 Calcltedonensis
2943 3162 3114 3204 canon
3158 3147 3226 3204 10
3255 3157 3310 3204 et
3345 3147 3438 3215 20,
3474 3155 3529 3204 et
3559 3162 3731 3220 syooo

465 3236 510 3298 ζ’
550 3234 732 3288 κανὼν
776 3241 855 3289 ιε’.

541 3325 632 3397 ιβ’.
667 3328 876 3381 ’Ὁτιοὺ
919 3328 1002 3382 δεῖ
1031 3329 1087 3382 ὲν
1123 3328 1202 3400 τῷ
1245 3329 1526 3401 Τρισαγίῳ
1567 3330 1723 3401 ὕμνῳ
1756 3329 2052 3401 προστιθέ-

463 3435 559 3472 ναι
600 3418 680 3482 τὸ,
717 3417 780 3472 '0
825 3419 1189 3487 σταυρωθεὶς
1236 3418 1312 3474 δι’
1363 3419 1551 3490 ἡμᾶς’
1605 3418 2052 3491 αίρετικῶν’γὰρ

465 3514 619 3564 ἐστιν
671 3513 704 3582 ἡ
765 3511 994 3583 τοιαύτη
1051 3513 1229 3584 φωνή.
1265 3511 1424 3565 Ἐπεὶ⁹
1489 3512 1538 3564 εἰ
1592 3511 1692 3583 μὲν
1756 3512 2053 3584 ίερωμένος

464 3603 618 3656 ἔστὶν
670 3605 699 3658 ό
732 3602 896 3657 τοῦτο
938 3605 1139 3672 λέγων,
1192 3602 1607 3676 καθαιρείσθωο
1642 3605 1692 3657 εί
1724 3603 1783 3657 δὲ
1839 3603 2049 3672 λαῐκὺς,

465 3695 839 3764 ἀφοριζέσθω.

539 3793 766 3846 Συνόδου
795 3791 851 3856 ς’
879 3791 1061 3847 κανὼν
1087 3798 1199 3846 πα’.

540 3882 632 3951 ιγ’.
667 3886 793 3936 Ὅτι
846 3885 929 3937 δεῖ
974 3885 1173 3952 μόνους
1208 3884 1338 3946 τοὺς
1391 3883 1556 3954 ἱερεῖς
1609 3880 1842 3936 εἰσιέναι
1875 3882 1955 3944 είς
1987 3882 2050 3934 τδ

465 3977 626 4044 ἅγιον
675 3977 1091 4048 θυσιαστήριον,
1132 3976 1226 4029 καὶ
1279 3972 1764 4046 μεταλαμϐάνειν
1816 3972 1913 4026 καὶ
1966 3971 2049 4025 ὅτι

460 4073 579 4131 τοῖς
614 4071 832 4138 σώμασι
888 4071 998 4122 τῶν
1042 4069 1488 4139 τελευτησάντων
1529 4065 1788 4120 κοινωνία
1818 4065 1878 4118 οὐ
1913 4063 2049 4117 δίδο-

461 4177 577 4214 ται.

541 4255 771 4307 Συνόδου
797 4253 1123 4316 Λαοδικείας
1149 4250 1328 4306 κανὼν
1360 4251 1447 4306 ιθ’.

540 4348 912 4418 Καρθαγένης
943 4343 1036 4415 ιη’,
1081 4347 1174 4398 καὶ
1211 4345 1430 4398 συνόδου
1467 4341 1522 4406 ς’
1556 4339 1739 4395 κανὼν
1771 4345 1887 4408 πγ’.

2155 3242 2206 3296 di
2239 3241 2328 3297 VII
2362 3257 2533 3296 canon
2559 3242 2650 3296 15.

2227 3333 2316 3388 19..
2354 3331 2601 3402 Trisagio
2627 3332 2825 3402 hymno
2850 3344 2955 3385 non
2989 3344 3111 3384 esse
3144 3330 3508 3401 adjiciendum
3544 3349 3558 3386 :
3589 3329 3730 3385 Cou-

2153 3423 2346 3491 ciﬁxus
2369 3433 2582 3492 propter
2613 3420 3147 3488 nos;h:ereticorum
3176 3423 3320 3476 enim
3351 3431 3436 3478 est
3459 3421 3730 3492 ejusmodi

2156 3531 2280 3570 vox.
2311 3513 2589 3583 Siquidem
2618 3513 2761 3567 enim
2792 3512 2966 3568 sacris
2998 3512 3243 3568 addictus
3268 3513 3339 3566 sit
3361 3513 3453 3582 qui
3487 3513 3590 3568 hoc
3644 3513 3731 3567 di-

2157 3609 2250 3675 cit,
2279 3610 2612 3677 deponatur;
2647 3604 2815 3661 laicus
2853 3619 3006 3672 vero,
3030 3603 3554 3660 excommunicetur.

2225 3797 2427 3868 Synodi
2457 3796 2526 3852 Vi
2555 3813 2727 3853 canon
2755 3798 2845 3853 81.

2224 3888 2316 3943 15.
2351 3888 2616 3958 Oportere
2647 3888 2791 3943 solos
2823 3887 3138 3943 sacerdotes
3167 3888 3233 3942 ad
3257 3896 3502 3944 sanctum
3555 3889 3727 3946 altare

2151 3981 2410 4034 accedere
2439 3986 2493 4032 et
2519 3979 2926 4033 communicare
2957 3993 2972 4032 :
3001 3992 3068 4032 ac
3096 3975 3474 4032 defunctorum
3537 3994 3729 4052 corpo-

2153 4068 2304 4124 ribus
2344 4083 2449 4123 non
2472 4082 2593 4124 csse
2614 4069 2844 4124 dandam
2875 4069 3339 4126 communionem.

2223 4242 2421 4314 Synodi
2461 4241 2778 4296 Laodicenm
2801 4257 2972 4297 canon
3003 4243 3089 4298 19.

2227 4335 2432 4406 Synodi
2468 4335 2937 4404 Carthaginiensis
2967 4335 3054 4404 18,
3090 4345 3144 4391 et
3186 4339 3376 4406 synodi
3425 4337 3493 4394 Vl
3551 4357 3725 4398 canon

2153 4427 2242 4482 85.

544 4527 626 4581 ιδ’.
659 4526 782 4579 Ὀτι
807 4525 870 4579 οὑ
900 4525 982 4578 δεῖ
1008 4541 1129 4578 τινα
1151 4523 1262 4578 τῶν
1301 4522 1508 4575 λαῖκῶν
1539 4519 1718 4590 ἑαυτῷ
1752 4518 1862 4572 τῶν
1891 4517 2047 4570 θείων

2229 4519 2317 4573 14.
2351 4515 2467 4573 Non
2498 4530 2753 4585 oportere
2776 4531 3102 4588 quemquam
3135 4519 3394 4575 laicorum
3419 4522 3518 4578 sibi
3544 4525 3726 4581 divina

469 4610 795 4690 μυστηρίων
867 4617 1214 4688 μεταδιδόναι
1276 4615 1550 4685 παρόντος
1624 4610 1950 4675 ἐπισκόπου,
2014 4608 2048 4679 ἢ

468 4713 873 4784 πρεσϐυτέρου,
917 4711 952 4780 ἢ
981 4710 1269 4764 διακόνου·
1301 4709 1396 4762 καὶ
1436 4709 1519 4761 ὅτι
1560 4707 1610 4758 οἱ
1648 4703 2050 4775 μεταλαϐόντες

464 4807 782 4878 ὀφείλουσιν
830 4805 911 4867 είς
951 4802 1188 4872 σταυροῦ
1243 4800 1414 4855 τύπον
1453 4795 1892 4870 σχηματίζεσθαι
1951 4793 2052 4857 τὰς

466 4899 682 4955 ἑαυτῶν
721 4900 930 4970 χεῖρας,
965 4899 1060 4950 καὶ
1098 4895 1243 4950 οὕτω
1277 4891 1686 4966 προσέρχεσθαι
1717 4891 1830 4953 τοῖς
1887 4887 2052 4951 θείοις

469 4991 824 5063 μυστηρίοις.

543 5085 770 5138 Συνόδου
793 5081 847 5148 ς’
875 5080 1059 5136 κανὼν
1082 5086 1162 5151 νην
1189 5079 1286 5134 καὶ
1317 5075 1424 5150 ρα’.

548 5179 633 5233 ιε’.
661 5180 787 5231 Ὀτι
823 5178 888 5230 οὐ
936 5176 1020 5230 δεῖ
1053 5171 1468 5244 διαπέμπεσθαι
1500 5169 1568 5224 τὰ
1598 5169 1730 5238 ἅγια
1770 5169 1855 5230 εἰς
1894 5166 2055 5233 λόγον

466 5271 734 5341 εὖλογιῶν
765 5271 878 5326 ἀπὸ
909 5267 1196 5339 παροίκων
1236 5267 1319 5330 είς
1367 5265 1667 5336 παροίκους
1692 5278 1704 5291 ·
1741 5259 1868 5313 οὔτε
1904 5259 1961 5312 δὲ
1995 5259 2055 5311 ὲν

465 5364 644 5424 οἴκοις
692 5362 946 5430 γίνεσθαι
992 5358 1314 5429 προσφορὰν
1358 5353 1528 5425 χωρὶς
1561 5348 1865 5419 ἐκκλησίας
1905 5345 2058 5417 παρὰ

469 5461 496 5511 ὲ
509 5455 778 5509 πισκόπου
806 5453 840 5524 ἦ
870 5451 1270 5521 πρεσὸυτέρου.

549 5548 780 5602 Συνόδου
813 5545 1140 5610 Λαοδικείας
1172 5539 1354 5594 κανὼν
1382 5535 1442 5590 ιδ’
1475 5535 1571 5591 καὶ
1597 5533 1701 5605 νη’.

546 5647 645 5706 ις’.
675 5639 797 5693 Ὅτι
827 5637 889 5689 οὐ
917 5635 1001 5686 δεῖ
1028 5633 1284 5686 ἀπαιτεῖν
1310 5629 1370 5682 τὸ
1401 5625 1611 5680 οἱονοῦν
1634 5621 1774 5685 εἶδος
1809 5621 1917 5675 ἀπὸ
1947 5619 2058 5674 τῶν

473 5729 1022 5801 μεταλαμϐανόντων
1054 5722 1149 5778 τοῦ
1190 5721 1444 5792 σώματος
1480 5717 1574 5772 τοῦ
1620 5714 1891 5787 Χριστοῦ·
1937 5712 2061 5765 ἐπεὶ

468 5825 888 5900 καθαιροῦνται.

2157 4619 2494 4662 sacramenta
2559 4609 2858 4678 impertire,
2933 4619 3202 4678 praesente
3279 4611 3550 4682 episcopo,
3633 4627 3730 4673 aut

2158 4699 2495 4768 presbytero,
2521 4708 2613 4752 aut
2642 4698 2893 4753 diacono.
2918 4697 3051 4753 Item
3106 4702 3576 4758 communicantes
3629 4705 3727 4760 de-

2156 4788 2288 4844 bere
2342 4790 2394 4842 in
2455 4789 2634 4843 crucis
2674 4787 2897 4858 ﬁguram
2955 4803 3148 4845 manus
3193 4805 3324 4848 suas
3372 4807 3725 4863 componere,

2158 4880 2344 4951 sicque
2367 4879 2432 4934 ad
2457 4879 2637 4933 divina
2668 4886 3008 4935 sacramenta
3035 4879 3319 4938 accedere.

2231 5059 2439 5131 Synodi
2470 5055 2544 5112 Vl
2575 5072 2750 5113 canon
2779 5057 2848 5112 58
2879 5065 2932 5113 et
2962 5056 3087 5114 101.

2236 5153 2326 5208 15.
2352 5152 2469 5207 Non
2502 5163 2753 5220 oportere
2789 5160 2980 5206 sancta
3027 5150 3365 5223 ettlogiarum
3433 5153 3648 5210 nomine
3694 5173 3722 5211 a

2159 5247 2394 5319 parmcis
2424 5247 2490 5300 ad
2514 5259 2762 5314 parmcos
2796 5245 3112 5311 transmitti,
3173 5259 3351 5313 neque
3403 5244 3456 5298 in
3499 5248 3724 5315 privatis

2160 5339 2366 5393 aedibus
2406 5335 2521 5390 ﬁeri
2568 5334 2867 5390 oblationes
2916 5336 3118 5404 absque
3171 5333 3424 5388 Ecclesia:
3474 5335 3729 5406 episcopo

2161 5440 2255 5484 aut
2283 5427 2618 5498 presbytero.

2234 5521 2435 5591 Synodi
2470 5518 2788 5572 Laodicenze
2815 5530 2986 5572 canon
3010 5515 3077 5569 M
3100 5525 3151 5570 et
3175 5516 3266 5571 58.

2235 5611 2322 5665 16.
2356 5611 2471 5666 Νοιι
2496 5619 2745 5679 oportere
2775 5609 3222 5678 qualemcumque
3251 5609 3484 5679 speciem
3519 5611 3726 5663 nummi

2163 5707 2379 5774 exigere
2404 5704 2470 5756 ab
2502 5706 2583 5754 his
2618 5701 2711 5769 qui
2753 5710 2953 5771 corpus
3000 5698 3201 5756 Christi
3258 5709 3483 5756 sumunt
3522 5718 3537 5756 :
3596 5701 3731 5756 alio-

2163 5799 2292 5870 quin
2315 5799 2676 5868 deponuntur.
