4140 6408
444 360 513 425 15
1705 358 2014 420 ARSENH

2117 359 2420 421 iONACHI
3630 365 3697 432 16

514 475 712 546 δγηοιιὶ
749 473 809 530 Vl
843 489 1011 530 canon
1038 474 1130 531 25.

514 570 601 623 17.
634 567 750 621 Non
784 577 1039 638 oportere
1071 569 1354 638 plusquam
1419 571 1711 624 canonicos
1755 580 2010 625 cantores

440 661 495 715 in
531 655 706 715 medio
733 661 983 716 ecclesiae
1026 675 1270 726 cantare,
1329 672 1422 715 aut
1474 662 1754 716 ministros
1804 663 2016 716 exorci-

438 766 589 818 zare,
619 760 712 806 aut
745 766 898 807 sacra
932 767 1063 807 vasa
1090 764 1329 823 tangere,
1364 764 1455 807 aut
1521 770 1712 825 panem
1778 754 2013 817 tradere,

441 857 539 900 aut
602 845 825 901 calicem
881 844 1248 900 benedicere:
1284 862 1468 901 rerum
1525 850 1686 900 etiam
1739 862 2013 916 nunquam

438 937 631 1008 ianuas
656 936 999 1007 relinquere;
1029 948 1287 993 canentes
1317 952 1445 992 vero
1517 953 1859 1007 nequaquam
1923 940 2011 990 in-
2039 964 2045 972 -

441 1029 676 1085 conditis
709 1029 1041 1084 clamoribus
1070 1031 1171 1084 boc
1196 1044 1374 1097 agere.

512 1119 716 1190 Syuodi
753 1119 1069 1176 Laodicenae
1096 1135 1271 1175 canon
1309 1119 1397 1184 15,
1423 1119 1516 1185 21,
1571 1118 1664 1185 22,
1693 1119 1785 1183 25,
1824 1120 1917 1183 25,
1945 1119 2014 1173 26

444 1222 497 1266 et
528 1210 626 1265 45.

514 1301 722 1374 Synodi
780 1300 848 1356 VI
910 1317 1083 1359 canon
1131 1303 1223 1369 55,
1288 1302 1375 1367 75,
1434 1312 1489 1359 et
1530 1303 1722 1376 synodi
1787 1301 1876 1356 Ἧι
1929 1319 2017 1358 ca-

443 1410 548 1448 non
585 1392 672 1448 M.

519 1485 603 1540 l8.
634 1484 839 1541 Omnes
890 1485 1292 1542 ecclesiasticas
1342 1487 1659 1543 traditiones
1707 1501 1813 1542 non
1874 1487 2014 1540 scri-

444 1590 583 1649 ptas,
613 1594 680 1633 ex
711 1578 1102 1636 consuetudine
1127 1579 1180 1634 in
1201 1580 1443 1636 Ecclesia
1476 1591 1736 1650 receptas,
1768 1581 2014 1648 Scriptis-

443 1684 551 1740 que
580 1670 1062 1727 constitutionibus
1087 1672 1311 1727 minime
1341 1675 1666 1740 contrarias,
1719 1687 1838 1728 esse
1895 1687 2012 1726 ser-

445 1762 676 1817 vandas.

515 1851 702 1908 Sancti
726 1852 904 1909 Basilii
942 1869 1116 1908 canon
1142 1853 1211 1907 90
1242 1864 1295 1908 et
1324 1854 1415 1910 91.

516 1943 603 1999 19.
629 1941 745 1999 Non
779 1954 1030 2013 oportere
1059 1956 1250 2007 contra
1292 1944 1503 1999 Domini
1547 1947 1862 2000 mandatum
1910 1947 2013 2002 alia

442 2037 706 2105 quaepiam
741 2036 796 2095 in
822 2036 1150 2091 sacriﬁcium
1179 2037 1246 2089 ad
1276 2046 1523 2091 sanctum
1571 2038 1745 2092 altare
1793 2036 2010 2106 alien-re,

442 2138 638 2198 praeter
667 2128 841 2183 solum
871 2142 1063 2198 panem
1095 2139 1150 2182 et
1176 2130 1361 2183 vinum
1409 2144 1551 2197 aqua
1598 2132 1817 2186 tttislmn
1847 2149 1862 2185 :
1924 2130 2015 2199 qui

440 2222 585 2277 enim
626 2230 822 2290 praeter
844 2221 962 2277 hzec
988 2221 1142 2288 facit,
1167 2224 1487 2293 deponatur.

515 2311 843 2367 Sanctorum
880 2314 1247 2383 apostolorum
1274 2331 1453 2370 canon
1490 2317 1547 2371 5.

515 2402 718 2473 Synodi
743 2402 1211 2472 Carthaginiensis
1238 2419 1412 2460 canon
1438 2405 1531 2460 57.

516 2493 720 2564 Synodi
760 2491 826 2547 Vl
860 2507 1036 2549 canon
1067 2494 1163 2561 28,
1197 2495 1264 2549 57
1298 2506 1353 2551 et
1385 2488 1509 2553 57.’

513 2580 607 2634 ‘20.
655 2578 890 2636 Fructus
941 2591 999 2637 et
1045 2584 1316 2654 primitias
1355 2601 1474 2656 quae
1520 2585 1841 2654 oll'cruntur,
1911 2603 2016 2643 non

445 2686 565 2727 esse
592 2683 782 2729 sancto
805 2674 962 2730 altari
996 2674 1337 2744 inferendas,
1368 2680 1462 2734 sed
1511 2682 1727 2735 domum
1795 2682 2016 2735 mitten-

445 2764 565 2828 das,
600 2775 656 2816 ut
689 2779 781 2818 eas
819 2766 1107 2836 episcopus
1150 2775 1207 2822 et
1257 2769 1442 2823 caeteri
1505 2769 1690 2825 clerici
1746 2772 2013 2824 dividant.

447 2853 548 2921 Qui
579 2866 760 2909 autem
786 2856 901 2910 haec
924 2854 1176 2912 furantur
1231 2869 1328 2913 aut
1367 2859 1622 2914 auferunt
1661 2870 1857 2930 prmtcr
1924 2878 2019 2917 vu-

446 2944 711 3000 luntatem
735 2946 997 3015 episcopi,
1023 2949 1372 3003 anathemate
1393 2949 1686 3012 feriuntur,
1737 2966 1803 3006 ac
1859 2953 2020 3022 quin-

446 3034 593 3106 tuplo
618 3035 974 3091 mulclantur.

516 3224 846 3283 Sanctorum
873 3229 1238 3299 apostolorum
1268 3244 1443 3287 canon
1479 3232 1512 3287 4
1533 3243 1589 3288 et
1622 3232 1711 3287 72.

516 3318 716 3390 Synodi
757 3316 1086 3388 Gangrensis
1114 3335 1288 3375 canon
1320 3320 1376 3375 2.

513 3409 718 3482 Synodi
744 3411 1217 3481 Carthaginiensis
1243 3427 1416 3468 canon
1447 3415 1538 3472 57.

514 3502 717 3573 Synodi
751 3499 821 3555 Vl
860 3515 1034 3557 canon
1056 3501 1149 3570 ‘28,
1178 3502 1248 3557 57
1277 3515 1332 3557 et
1356 3505 1448 3561 99.

512 3595 794 3666 Theophili
825 3595 1180 3651 Alexandrini
1209 3611 1382 3651 canon
1411 3597 1462 3664 8,

512 3688 579 3742 Et
610 3688 743 3758 legis
775 3696 935 3756 caput
960 3687 1047 3742 19.

510 3782 601 3835 ﬁt.
629 3779 744 3834 Non
774 3790 1026 3850 oportere
1058 3779 1283 3836 linteum
1316 3789 1410 3836 aut
1441 3796 1533 3838 vas
1562 3783 1845 3853 quodlibet
1876 3802 2003 3842 san-

440 3874 735 3929 ctilicatutn
762 3872 1112 3942 aliicuipiam
1166 3872 1290 3931 usui
1333 3873 1650 3931 attribuere.
1711 3875 1812 3943 Qui
1864 3879 2013 3933 enim

439 3966 548 4020 hoc
574 3964 721 4029 facit,
749 3963 795 4017 si
831 3964 1050 4033 quidem
1083 3964 1257 4022 sacris
1297 3965 1593 4033 deserviat,
1625 3976 1881 4038 tanquam
1935 3988 2016 4026 sa-

442 4057 678 4128 crilegus
700 4056 1018 4126 deponitur;
1038 4055 1211 4115 laicus
1240 4069 1368 4112 vero
1389 4062 1919 4116 excommunicatur.

510 4236 835 4291 Sanctorum
873 4235 1242 4306 apostolorum
1276 4253 1451 4295 canon
1483 4239 1571 4295 75.

511 4321 713 4395 Synodi
754 4326 805 4379 in
839 4327 1036 4396 templo
1080 4328 1405 4385 Sanctorum
1436 4330 1821 4400 Apostolorum
1872 4347 2016 4389 cete-

438 4417 612 4472 bruta:
639 4432 813 4471 canon
843 4415 932 4472 10.

510 4508 578 4562 Ει
598 4508 770 4563 sancti
803 4507 1051 4581 Gregorii
1074 4508 1308 4582 Nysseni
1340 4526 1514 4568 canon
1551 4513 1606 4570 8.

504 4599 598 4654 22.
634 4599 752 4655 Non
784 4612 1034 4669 oportere
1056 4601 1338 4657 Dominica
1363 4612 1456 4658 aut
1492 4605 1809 4663 Pentecoste
1841 4622 2014 4679 genu-

435 4696 673 4760 ﬂectcre,
699 4695 794 4748 sed
825 4704 1032 4749 stantes
1062 4692 1290 4750 Domino
1327 4710 1515 4765 preces
1544 4696 1765 4755 oﬂerre.

509 4870 713 4942 Synodi
744 4869 978 4926 Nicaeme
1012 4886 1189 4927 canon
1222 4872 1315 4943 20,

395 5015 407 5026 ,
503 4960 710 5032 Synodi
742 4963 803 5016 Vl
828 4977 1000 5018 canon
1032 4962 1123 5017 90.

504 5054 692 5109 Sancti
714 5053 859 5109 Petri
890 5056 1245 5114 Alexandrini
1276 5072 1450 5113 canon
1492 5059 1578 5116 15.

504 5144 692 5201 Sancti
719 5144 902 5200 Basilii
934 5160 1108 5201 canon
1140 5147 1234 5209 90.

499 5236 949 5293 Q3.Cessandum
982 5253 1105 5295 esse
1126 5241 1195 5295 ab
1247 5245 1501 5311 operibus
1551 5246 1640 5303 die
1699 5247 2002 5317 Dominica,

426 5328 537 5384 nisi
566 5332 861 5387 necessitas
890 5342 1113 5400 urgeat;
1174 5332 1410 5391 Sabbato
1465 5352 1594 5393 vero
1646 5344 2002 5409 operandum.

430 5419 531 5487 Qui
562 5420 706 5473 enim
730 5421 859 5478 illud
891 5423 1050 5479 otiosi
1108 5422 1335 5497 degunt,
1394 5429 1744 5486 anathemate
1795 5437 2004 5503 percel-

351 5560 354 5562 γ
422 5512 642 5565 ςιυηιιιτ.

501 5601 710 5675 Synodi
743 5604 1062 5664 Laodiceam
1093 5626 1267 5666 canon
1297 5612 1389 5668 29.

500 5692 593 5746 24.
629 5690 855 5751 Sanctas
877 5696 1143 5768 imagines
1170 5703 1457 5772 erigendas
1483 5721 1603 5759 (33:0
1660 5718 1821 5776 atque
1872 5714 2003 5763 ado-

424 5786 647 5849 randas.
684 5799 806 5843 cum
840 5788 1014 5847 itOltOl‘
1046 5795 1111 5849 ad
1144 5796 1419 5866 exemplar
1467 5808 1726 5854 transeat.
1760 5800 1813 5854 Si
1876 5805 1998 5870 quis

2189 479 2412 532 Συνὸδου
2443 476 2496 544 ς’
2524 480 2702 533 κανὼν
2734 479 2840 549 κγ’.

2193 570 2275 634 ις’.
2313 573 2436 625 Ὅτι
2479 575 2539 625 οὐ
2566 574 2649 626 δεῖ
2679 575 2844 627 πλέον
2882 574 2990 628 τῶν
3036 577 3342 633 κανονικῶν
3371 578 3595 649 ψαλτῶν
3627 583 3689 634 ὲν

2120 663 2271 734 μέσῳ
2310 665 2409 734 τῆς
2449 666 2749 734 ἐκκλησίας
2783 667 3029 736 ψάλλειν,
3078 672 3111 741 ἢ
3146 671 3458 740 ἑφορκίζειν
3489 674 3699 746 ὑπηρέ-

2116 770 2214 815 τας
2241 768 2253 783 ·
2288 754 2320 823 ἢ
2352 754 2624 808 ἅπτεσθαι
2654 757 2816 827 ἱερῶν
2850 759 3086 822 σκευῶν,
3118 761 3149 830 ἢ
3199 762 3368 833 ἄρτον
3394 763 3622 831 διδόναι,
3658 767 3693 837 ἢ

2117 843 2381 914 ποτήριον
2409 844 2653 913 εὐλογεῖν
2680 863 2692 876 ·
2728 846 2866 899 ἀλλὰ
2901 850 3174 917 μηδέποτε
3205 852 3299 914 τὰς
3332 853 3501 923 θύρας
3533 858 3698 925 ἐγκα-

2115 935 2507 1005 ταλιμπάνειν·
2541 939 2638 991 καὶ
2673 942 2797 1002 τοὺς
2832 940 3141 1008 ψάλλοντας
3172 943 3228 996 δὲ
3270 947 3345 1015 μὴ
3372 945 3526 1016 βοαῖς
3555 951 3695 1003 ἀτά-

2117 1044 2266 1091 κτοις
2305 1030 2620 1099 χρωμένους
2653 1030 2811 1084 τοῦτο
2834 1036 3032 1087 ποιεῖν.

2187 1121 2417 1173 Συνόδου
2448 1123 2774 1186 Λαοδικείας
2812 1124 2993 1178 κανὼν
3030 1133 3113 1191 ιε’,
3143 1127 3251 1195 κα’,
3297 1129 3402 1200 κβ’,
3437 1131 3546 1201 κγ’,
3588 1131 3691 1203 κε’,

2116 1211 2210 1275 κς⁹
2237 1215 2331 1267 καὶ
2356 1214 2470 1284 μγ’.

2189 1306 2417 1360 Συνόδου
2464 1305 2517 1372 ς’
2548 1308 2726 1365 κανὼν
2781 1313 2861 1381 λγ⁹
2923 1313 3016 1367 καὶ
3072 1319 3168 1381 οε’,
3239 1317 3334 1370 καὶ
3374 1318 3595 1373 συνόδου
3651 1319 3697 1385 ζ’

2115 1398 2299 1452 κανὼν
2332 1399 2414 1454 ιδ’.

2188 1488 2280 1559 ιη’.
2318 1489 2442 1544 Ὅτι
2471 1492 2555 1545 δεῖ
2579 1496 2772 1564 τηρεῖν
2805 1498 2900 1550 καὶ
2943 1497 3043 1561 τὰς
3080 1499 3368 1569 ἀγράφους
3397 1501 3580 1565 πάσας
3607 1502 3699 1556 ὲκ-

2117 1577 2515 1648 κλησιαστικὰς
2555 1585 2912 1656 παραδόσεις,
2948 1588 3049 1653 τὰς
3096 1590 3161 1644 ἐκ
3214 1591 3506 1662 συνηθείας
3547 1592 3698 1647 δεδε-

2117 1671 2333 1740 γμένας
2358 1675 2424 1744 τῇ
2456 1673 2778 1748 Ἐκκλησίᾳ,
2811 1681 2902 1733 καὶ
2935 1680 3012 1751 μὴ
3036 1683 3460 1753 ὲναντιουμένας
3492 1686 3698 1762 ἐγγρά-

2122 1780 2242 1831 φοις
2271 1764 2483 1831 τύποις.

2048 1834 2089 1891 Β
2188 1857 2294 1911 Τοῦ
2330 1860 2486 1929 ἁγίου
2530 1862 2810 1916 Βασιλείου
2841 1864 3021 1920 κανὼν
3044 1864 3094 1934 ι(
3115 1867 3211 1921 καὶ
3234 1871 3342 1936 [ια’.

2194 1949 2280 2005 ιϐ’.
2309 1952 2433 2005 Ὀτι
2478 1955 2538 2006 οὐ
2588 1943 2674 2009 δεῖ
2701 1956 2855 2028 παρὰ
2886 1957 2984 2027 τὴν
3025 1960 3121 2012 τοῦ
3175 1962 3387 2031 Κυρίου
3444 1960 3698 2028 διάταξιν

2120 2040 2287 2111 ἓτερὰ
2311 2060 2434 2097 τινα
2458 2047 2539 2109 εἰς
2564 2045 2757 2100 θυσίαν
2791 2051 3092 2119 προσάγειν
3130 2051 3208 2122 τῷ
3244 2054 3382 2124 ἁγίῳ
3411 2053 3701 2126 θυσιαστη·

2120 2132 2247 2204 ρίῳ,
2277 2134 2310 2205 η
2351 2134 2516 2205 μόνον
2554 2137 2721 2209 ἄρτον
2758 2141 2851 2193 καὶ
2877 2137 3021 2195 οἶνον
3058 2142 3216 2197 ὒδατι
3249 2147 3631 2218 μεμιγμένονο
3670 2150 3699 2201 ὁ

2117 2224 2227 2297 γὰρ
2257 2227 2411 2297 παρὰ
2447 2227 2623 2283 ταῦτα
2656 2232 2828 2285 ποιῶν
2882 2233 3276 2306 καθαιρείσθω.

2190 2317 2313 2371 Τῶν
2343 2319 2516 2387 ἁγίων
2544 2322 2865 2377 ἀποστόλων
2901 2326 3086 2381 κανὼν
3108 2326 3180 2396 γ’.

2190 2409 2424 2463 Συνόδου
2454 2412 2823 2485 Καρθαγένης
2842 2416 3026 2473 κανὼν
3064 2419 3168 2484 λζ’.

2186 2502 2415 2556 Συνόδου
2451 2503 2505 2570 ς’
2538 2505 2721 2561 κανὼν
2757 2508 2866 2578 κη’,
2908 2507 3011 2577 λζ’,
3034 2512 3132 2566 καὶ
3155 2512 3258 2577 vt".

2189 2600 2261 2649 κ’.
2292 2594 2418 2649 Ὅτι
2452 2597 2516 2649 οὐ
2557 2598 2639 2651 δεῖ
2676 2600 2997 2668 είσὰγεσθαι
3038 2603 3097 2655 ἐν
3134 2604 3279 2675 ἁγίῳ
3326 2604 3700 2680 θυσιαστηρίῳ

2118 2686 2218 2747 τὰς
2244 2690 2699 2759 προσφερομένας
2722 2696 3103 2766 καρποφορίας
3145 2696 3243 2749 καὶ⁵
3278 2698 3553 2771 ἀπαρχὰς,
3582 2703 3700 2755 ἀλλ’

2120 2777 2203 2839 είς
2264 2773 2416 2831 οἷκον
2478 2781 2955 2851 ἀποστέλλεσθαι,
3004 2787 3081 2850 ὡς
3141 2786 3208 2841 ἂν
3265 2789 3701 2863 ἐπιμερίσωνται

2119 2867 2295 2922 ταῦτα
2330 2870 2359 2923 ὅ
2382 2888 2442 2924 τε
2477 2872 2802 2939 ἐπίσκοπος,
2836 2876 2932 2929 καὶ
2952 2877 3205 2948 οζλοιποὶ
3239 2882 3516 2952 κληρικοί.
3549 2886 3612 2938 Οἱ
3641 2886 3701 2939 δὲ

2119 2958 2292 3013 ταῦτα
2321 2961 2671 3029 κλέπτοντες,
2744 2967 2776 3038 ἢ
2827 2969 3221 3040 ἀλεαιρούμενοι
3266 2975 3420 3045 παρὰ
3472 2978 3700 3049 γνώμην

2119 3050 2212 3103 τοῦ
2261 3054 2592 3124 ἐπισκόπου,
2638 3057 3173 3131 ἀναθεματίζονται,
3224 3065 3321 3119 καὶ
3369 3066 3699 3139 ζημιοῦνται

2049 3171 2091 3228 C
2127 3147 2592 3205 πενταπλασίονα.

2195 3238 2316 3292 Τῶν
2339 3241 2514 3309 ἁγίων
2542 3244 2862 3301 ἀποστόλων
2888 3247 3069 3303 κανὼν
3092 3248 3136 3301 δ’
3162 3252 3256 3305 καὶ
3282 3251 3380 3323 οβ’.

2190 3331 2416 3385 Συνόδου
2448 3334 2719 3407 Γαγγρῶν
2743 3336 2927 3392 κανὼν
2960 3338 3030 3410 β’.

2192 3421 2416 3477 Συνόδου
2448 3427 2812 3502 Καρθαγένης
2845 3431 3026 3486 κανὼν
3056 3432 3157 3499 λζ’.

2191 3516 2302 3569 Καὶ
2328 3519 2549 3574 συνόδου
2580 3520 2636 3585 ς’
2670 3523 2853 3577 κανὼν
2885 3523 2995 3596 κη’,
3028 3527 3106 3591 νζ¹
3138 3528 3234 3581 καὶ
3266 3529 3374 3597 ίιθθ.

2191 3609 2453 3681 Θεοφίλου
2482 3612 2896 3687 Ἀλεξανδρείας
2929 3620 3110 3674 κανὼν
3135 3619 3205 3690 η’.

2190 3704 2302 3757 Καὶ
2334 3706 2558 3774 νομικὸν
2591 3709 2895 3777 κεφάλαιον
2929 3709 3019 3766 ιϐ’.

2190 3793 2298 3851 κα’.
2332 3798 2451 3851 Ὀτι
2477 3799 2537 3851 οὐ
2577 3799 2660 3853 δεῖ
2688 3800 2882 3873 ὀθόνην
2911 3802 2942 3873 ἢ
2984 3802 3178 3866 σκεῦος
3202 3805 3263 3860 τὸ
3307 3808 3514 3864 οίονοῦν
3545 3811 3699 3881 ἁγια-

2120 3886 2247 3941 σθὲν
2280 3888 2361 3951 είς
2391 3888 2585 3959 ἑτέραν
2628 3890 2829 3962 χρῆσίν
2858 3910 2980 3947 τινα
3024 3897 3481 3969 σφετερίζεσθαι·
3521 3903 3550 3954 ό
3585 3906 3697 3976 γὰρ

2117 3979 2277 4032 τοῦτο
2307 3979 2498 4047 ποιῶν,
2526 3981 2575 4034 εί
2621 3984 2720 4052 μὲν
2756 3986 3054 4055 ίερωμένος
3083 3990 3253 4059 ἐστὶν,
3284 3993 3360 4059 ὡς
3412 3996 3695 4067 ἱερόσυλος

2118 4067 2466 4139 καθαιρεῖται
2494 4086 2509 4101 ο
2550 4073 2601 4125 εί
2643 4072 2700 4126 δὲ
2741 4074 2948 4139 λαῖκὸς,
2994 4077 3315 4149 ἀφορίζεται
3387 4085 3696 4161 ἁκοινωνὴ·

2117 4176 2247 4221 τως.

2191 4254 2233 4306 Τ
2237 4252 2314 4307 ὦν
2348 4254 2521 4324 ἁγίων
2559 4257 2878 4315 ἀποστόλων
2906 4264 3089 4320 κανὼν
3122 4273 3226 4335 ογ’.

2188 4344 2417 4451 Συνόδρυ
2460 4350 2561 4419 τῆς
2596 4351 2655 4403 ἐν
2699 4352 2780 4424 τῷ
2828 4353 2940 4426 ναῷ
2970 4357 3081 4413 τῶν
3117 4358 3315 4428 Ἀγίων
3355 4361 3695 4419 ’Δποστόλων

2119 4435 2301 4490 κανὼν
2330 4435 2383 4495 ι’.

2040 4514 2092 4576 D
2189 4524 2295 4619 Καὶ
2322 4528 2417 4582 τοῦ
2443 4529 2598 4599 ἁγίου
2627 4532 2935 4607 Γρηγορίου
2964 4539 3192 4612 Νύσσης
3225 4544 3407 4599 κανὼν
3426 4542 3498 4619 η’.

2192 4618 2298 4691 κβ’.
2331 4623 2453 4677 Ὀτι
2480 4627 2541 4679 οὐ
2569 4626 2651 4680 δεῖ
2678 4629 2882 4685 κλίνειν
2919 4632 3047 4700 γόνυ
3076 4635 3133 4687 ἐν
3161 4618 3457 4711 κυριακῇ,
3481 4641 3513 4711 ἢ
3547 4642 3604 4693 ὲν
3625 4646 3692 4717 τῇ

2119 4712 2509 4787 Πεντηκοστῇο
2549 4717 2666 4771 ἀλλ’
2707 4719 2953 4785 ἑστῶτας
2989 4727 3327 4797 προσφέρειν
3384 4730 3463 4801 τῷ
3501 4712 3692 4803 Κυρίῷ

2118 4804 2217 4865 τὰς
2242 4804 2428 4874 εὐχάς.

2190 4893 2417 4947 Συνόδου
2443 4896 2679 4963 Νικαίας
2701 4899 2884 4957 κανὼν
2906 4901 2976 4959 κ’.

2188 4985 2416 5039 Συνόδου
2441 4986 2495 5052 ς’
2529 4989 2710 5046 κανὼν
2744 4998 2813 5061 μ’.

2185 5076 2294 5130 Τοῦ
2318 5079 2475 5146 ἁγίου
2510 5083 2718 5154 Πέτρου
2751 5084 3161 5158 Ἀλεξανδρείας
3201 5090 3383 5146 κανὼν
3415 5091 3497 5147 ιε’.

2186 5164 2299 5219 Καὶ
2322 5167 2414 5219 τοῦ
2447 5169 2604 5236 ἁγίου
2630 5172 2915 5228 Βασιλείου
2941 5175 3121 5229 κανὼν
3156 5175 3226 5244 [ι’.

2186 5265 2293 5327 κγ’.
2322 5261 2443 5315 Ὅτι
2467 5264 2547 5316 δεῖ
2575 5265 2859 5335 σχολάζειν
2892 5267 3001 5321 τῶν
3024 5269 3201 5339 ἔργων
3238 5274 3297 5324 ὲν
3328 5273 3607 5348 κυριακῇ,
3638 5279 3689 5331 εί

2119 5353 2193 5421 μὴ
2224 5353 2442 5423 ἀνάγκη
2482 5358 2841 5426 κατεπείγει·
2878 5362 2937 5413 ἐν
2984 5361 3043 5413 δὲ
3088 5361 3167 5433 τῷ
3225 5364 3491 5438 Σαόὅάτῳ
3525 5372 3689 5440 ἐργά-

2112 5443 2324 5508 ζεσθαι.
2371 5450 2432 5499 Οἱ
2471 5451 2579 5517 γάρ
2628 5450 2929 5521 ἀργοῦντες
2965 5456 3119 5521 αὐτὸ,
3164 5459 3684 5529 ἁναθεματζονται.

2181 5623 2409 5677 Συνόδου
2437 5628 2756 5695 Λαοδικείας
2787 5634 2967 5688 κανὼν
3000 5635 3106 5691 κθ’.

2180 5713 2278 5768 κδ’.
2316 5717 2438 5770 Ὀτι
2490 5720 2571 5771 δεῖ
2612 5723 3051 5793 ἀναστηλοῦσθαι
3092 5731 3253 5799 ἁγίας
3298 5733 3533 5801 εἰκόνας,
3591 5737 3688 5790 καὶ

2111 5810 2535 5877 προσκυνεῖσθαι
2575 5813 2769 5883 αὑτὰς,
2793 5820 2868 5883 ὡς
2902 5820 3001 5890 τῆς
3040 5822 3207 5893 τιμῆς
3243 5826 3335 5876 ἐπὶ
3363 5825 3422 5878 τὸ
3469 5808 3687 5897 πρωτό-
