4140 6420
442 386 512 446 19
1696 396 2007 456 ARSENII

2111 398 2399 461 ONACHI
3619 399 3693 461 20

507 501 668 572 Legts
699 509 858 572 caput
886 502 973 559 75.

2187 516 2436 587 Νομικὸν
2466 515 2770 585 κεφάλαιον
2797 514 2891 570 οε⁹.

506 593 597 647 55.
634 591 746 648 Non
775 603 1031 663 oportere
1080 598 1221 652 intra
1279 597 1598 669 templorum
1654 600 1890 657 ambitus
1925 617 2007 656 res

2184 606 2289 674 λγὲ
2325 607 2452 661 Ὅτι
2475 606 2536 661 οὐ
2562 606 2643 659 δεῖ
2665 607 2984 676 προτιθέναι
3009 604 3145 661 ὥνια
3168 607 3228 661 έν
3251 622 3366 670 τοις
3385 606 3495 660 τῶν
3527 606 3691 676 ἱερῶν

435 686 659 743 venales
707 702 1012 758 proponere
1046 704 1062 743 :
1098 704 1275 759 neque
1332 691 1498 746 facies
1538 692 1812 762 superﬂuo
1861 694 2007 748 cultu

2113 699 2423 768 περισόλοις
2455 713 2471 730 ο
2494 696 2619 752 οὔτε
2658 699 2992 770 ἱστορεῖσθαι
3023 699 3295 769 πρόσωπα
3316 701 3373 752 ὲν
3403 698 3689 752 καλλωπι-

436 776 511 831 ita
540 793 827 847 exornare,
877 786 935 835 ut
983 792 1295 851 spectantes
1338 782 1405 836 ad
1470 783 1747 838 Lbidinem
1804 794 2007 854 pertra-

2114 790 2237 861 σμῷ
2266 791 2546 860 δυνάμενα
2574 791 2757 845 ἕλκειν
2802 790 2932 853 τοὺς
2977 789 3222 862 ὁρῶντας
3263 790 3343 853 εἰς
3377 789 3580 860 ἡδονήν
3614 805 3626 818 ·
3664 789 3693 839 δ

433 868 565 926 here
608 871 817 940 possint
848 890 863 926 :
902 872 994 945 qui
1027 873 1170 928 enim
1202 873 1276 928 ita
1320 874 1473 944 facit,
1505 887 1850 948 segregatur.

2112 884 2225 955 γὰρ
2252 883 2397 938 οὕτω
2422 884 2596 937 ποιῶν
2624 882 2974 953 ἀφορίζεται.

502 956 706 1030 Synodi
740 957 805 1012 VI
833 973 1009 1015 canon
1043 958 1112 1014 76
1144 969 1198 1015 et
1225 961 1348 1017 100.

503 1046 597 1103 51.
629 1046 750 1103 Non
814 1060 1066 1120 oportere
1111 1050 1246 1107 citra
1312 1067 1561 1123 magnam
1600 1055 2005 1120 necessitatem,

430 1155 553 1210 quae
593 1140 645 1195 in
705 1142 899 1198 itinere
974 1142 1196 1208 incidat,
1250 1144 1646 1214 qualecumque
1697 1146 2005 1217 jumentnm

432 1231 486 1285 in
539 1246 753 1286 sacrum
814 1232 1070 1302 templum
1126 1235 1473 1291 introducere
1525 1251 1540 1289 :
1589 1252 1776 1292 verum
1831 1253 2011 1306 neque

432 1336 719 1379 remanere
771 1324 825 1379 in
867 1338 964 1388 eo,
1016 1334 1110 1380 aut
1157 1324 1301 1381 inter
1346 1326 1769 1383 catechumenos
1815 1344 2007 1398 quem-

430 1427 592 1479 quam
667 1428 792 1469 cum
858 1414 1088 1471 muliere
1153 1415 1516 1472 habitantem.
1552 1415 1652 1484 Qui
1700 1417 1845 1471 enim
1897 1418 2008 1473 hare

432 1506 662 1574 faciunt,
708 1507 755 1564 si
787 1508 1009 1578 quidem
1041 1508 1211 1566 sacris
1235 1508 1435 1564 addicti
1459 1511 1589 1574 sint,
1631 1510 2006 1581 deponuntur;

430 1599 477 1654 si
503 1613 632 1655 vero
653 1599 801 1666 laici,
830 1601 1407 1657 excommunicantur.

500 1691 709 1763 Synodi
738 1692 798 1748 Vl
826 1707 1000 1748 canon
1025 1692 1096 1749 88
1116 1703 1170 1749 et
1207 1693 1303 1749 97.
1452 1681 1463 1689 ’

502 1782 594 1839 55.
626 1783 889 1854 Oportere
939 1785 1174 1857 primum
1208 1786 1479 1842 instruere
1510 1796 1565 1842 et
1593 1786 1792 1843 docere
1823 1786 2006 1852 ﬁdem,

2181 976 2411 1030 Συνόδου
2444 982 2498 1041 ς’
2521 977 2706 1029 κανὼν
2738 980 2825 1040 ος⁹
2854 978 2951 1029 καὶ
2982 981 3049 1046 ρ’.

2182 1067 2279 1123 λδ’.
2314 1069 2442 1123 Ὅτι
2470 1069 2533 1122 οὐ
2564 1069 2648 1122 δεῖ
2681 1069 2853 1139 χωρὶς
2883 1065 3129 1137 μεγάλης
3175 1065 3428 1136 ἀνάγκης
3481 1067 3540 1120 ἓν
3584 1064 3688 1135 ὁδῷ

2109 1156 2528 1227 καταλαϐούσης
2553 1156 2613 1208 τὸ
2639 1154 2849 1209 οἱονοῦν
2879 1155 3077 1225 κτῆνος
3103 1157 3185 1219 είς
3217 1155 3366 1225 ἱερὸν
3404 1156 3533 1208 ναὸν
3572 1156 3686 1209 είσ-

2109 1250 2237 1316 άξαι
2275 1265 2289 1281 ⁶
2328 1248 2444 1303 ἀλλ’
2501 1248 2624 1301 οὐδὲ
2674 1247 3008 1316 καταμένειν
3053 1248 3111 1299 ἐν
3163 1246 3317 1317 αὐτῷ
3371 1262 3532 1311 τινα,
3564 1245 3595 1315 ἢ
3633 1247 3688 1301 ἐν

2109 1343 2225 1404 τοῖς
2252 1340 2686 1410 κατηχουμένοις
2716 1339 2813 1392 τοῦ
2861 1337 2991 1393 ναοῦ
3023 1338 3250 1406 γυναικὶ
3286 1340 3644 1394 συνοικοῦντα
3670 1355 3687 1370 ’

2108 1433 2158 1485 oi
2197 1431 2307 1503 γὰρ
2335 1432 2511 1485 ταῦτα
2543 1430 2854 1497 ποιοῦντες,
2885 1432 2936 1485 εί
2969 1430 3068 1501 μὲν
3104 1432 3398 1504 ίερωμένοι
3430 1430 3561 1498 εἰσὶ,
3585 1447 3690 1487 κασ

2113 1523 2436 1595 θαιροῦνται
2471 1540 2488 1557 ·
2521 1525 2569 1577 εί
2592 1524 2650 1577 δὲ
2683 1522 2885 1591 λαῖκοὶ,
2918 1524 3297 1595 ἀφορίζονται.

2183 1696 2414 1751 Συνόδου
2442 1703 2495 1762 ς’
2534 1696 2718 1751 κανὼν
2747 1703 2842 1768 πη¹
2883 1697 2978 1751 καὶ
3010 1696 3120 1764 ιιςθ.

2182 1788 2277 1842 λε’.
2312 1789 2438 1842 Ὀτι
2463 1787 2545 1842 δεῖ
2569 1787 2841 1859 πρότερον
2865 1789 3203 1859 κατηχῆσαι,
3235 1790 3328 1841 καὶ
3350 1787 3692 1841 ἐκδιδάσκειν

432 1874 630 1931 deinde
688 1875 971 1947 baptizare
1028 1877 1083 1931 in
1140 1878 1359 1933 nomine
1400 1877 1598 1946 Patris,
1661 1888 1716 1935 et
1761 1878 1905 1943 Filii,
1956 1884 2007 1931 et

2113 1880 2214 1949 τὴν
2246 1878 2428 1931 πίστιν
2463 1895 2478 1910 ο
2518 1873 2639 1931 εἶτα
2680 1878 2972 1950 βαπτίζειν
3006 1880 3087 1943 είς
3134 1879 3195 1932 τὸ
3223 1877 3396 1947 ὄνομα
3436 1877 3529 1931 τοῦ
3581 1880 3693 1931 lla-

433 1963 674 2038 Spiritus
736 1967 945 2037 sancti,
1007 1967 1181 2024 tribus
1230 1969 1632 2036 mersionibus,
1690 1978 1857 2040 atque
1906 1985 2010 2024 un-

430 2071 559 2126 gere
608 2067 881 2129 unguento
933 2068 1058 2129 post
1113 2057 1383 2128 bapliSma
1418 2076 1431 2111 :
1468 2074 1578 2115 non
1628 2070 1833 2127 autem,
1870 2058 2012 2114 sicut

429 2152 676 2209 nonnulli
720 2153 988 2218 haeretici,
1048 2154 1103 2208 in
1153 2161 1264 2209 tres
1323 2152 1570 2223 principii
1602 2161 1874 2224 expertes,
1917 2158 2012 2206 aut

430 2251 546 2300 tres
574 2244 738 2312 ﬁlios,
763 2256 859 2302 aut
895 2255 1007 2301 tres
1043 2245 1346 2316 paracletos
1375 2263 1389 2300 :
1424 2262 1595 2315 neque
1622 2246 1788 2300 etiam
1828 2245 1878 2299 in
1906 2259 2011 2299 una

431 2335 705 2392 mersione
733 2336 789 2391 in
815 2346 1047 2392 mortem
1097 2336 1328 2392 Domini.
1357 2334 1457 2403 Qui
1488 2340 1629 2392 enim
1664 2337 1738 2391 ita
1785 2336 2009 2402 faciunt,

430 2425 796 2498 deponuntur.

504 2519 832 2578 Sanctorum
863 2523 1231 2593 apostolorum
1267 2539 1442 2579 canon
1476 2523 1545 2580 49
1593 2531 1648 2579 et
1676 2522 1766 2580 50.

502 2610 705 2684 Synodi
740 2612 1063 2671 Laodicenae
1091 2630 1263 2671 canon
1289 2615 1382 2682 45,
1413 2616 1504 2680 46,
1526 2615 1596 2670 47
1625 2625 1679 2670 et
1706 2613 1797 2670 48.

506 2705 708 2776 Synodi
727 2706 1339 2777 Constantinopolitanae
1360 2722 1534 2764 canon
1560 2710 1624 2777 7;
1646 2716 1701 2763 et
1730 2706 1919 2778 synodi
1944 2704 2010 2763 Vl

430 2812 604 2855 canon
643 2797 733 2854 78.

499 2892 593 2949 56.
624 2891 891 2964 Oportere
957 2895 1120 2950 etiam
1185 2891 1443 2965 parvulos
1511 2890 1753 2950 infantes
1804 2893 1858 2949 in
1916 2909 2009 2950 re-

429 2984 746 3041 missionem
802 2997 1149 3055 peccatorum
1212 2985 1517 3055 baptizare,
1577 2965 2011 3056 propter'adltte-

429 3090 559 3133 rens
603 3075 738 3146 ipsis
796 3090 1074 3148 peccatum
1132 3094 1196 3133 ex
1267 3078 1463 3133 Adami
1534 3078 2006 3146 pravaricatione.

2113 1969 2264 2038 τρδς.
2296 1968 2506 2024 καὶτοῦ
2545 1969 2700 2030 Υίοῦ,
2752 1969 2848 2023 καὶ
2887 1969 2982 2023 τοῦ
3028 1970 3189 2038 ἁγίου
3241 1969 3588 2040 Πνεύματος,
3632 1971 3693 2021 ὲν

2114 2059 2268 2130 τρισὶ
2317 2058 2649 2113 καταδύσεσι
2682 2078 2697 2090 ·
2745 2061 2842 2113 καὶ
2896 2060 3153 2132 χρίεσθαι
3214 2059 3374 2131 μύρῳ
3435 2059 3576 2129 μετά
3628 2058 3697 2110 τὸ

2118 2152 2406 2222 βάπτισμα
2435 2167 2448 2182 ·
2479 2153 2574 2205 καὶ
2605 2153 2726 2222 οὐχ,
2775 2151 2850 2216 ὥς
2895 2168 3041 2216 τινες
3066 2151 3175 2205 τῶν
3227 2152 3551 2221 αἱρετικῶν,
3608 2152 3692 2213 εἰς

2113 2247 2265 2313 τρεῖς
2297 2245 2594 2313 ἀνάρχους,
2621 2243 2652 2314 ἣ
2682 2247 2833 2314 τρεῖς
2857 2244 3029 2307 υἱοὺς,
3048 2245 3080 2315 ἢ
3099 2246 3249 2315 τρεῖς
3283 2243 3690 2312 παρακλήτουςο

2112 2332 2237 2387 οὔτε
2278 2331 2384 2407 μὴν
2418 2334 2476 2386 ὲν
2515 2334 2614 2402 μιᾷ
2647 2332 2945 2386 καταδύσει
2983 2336 3050 2404 τῇ
3083 2336 3164 2397 εἰς
3197 2333 3288 2387 τὸν
3321 2332 3555 2387 θάνατον
3594 2330 3692 2385 τοῦ

2113 2427 2324 2498 Κυρίου
2353 2443 2367 2457 ο
2398 2428 2448 2479 οί
2480 2426 2590 2496 γάρ
2613 2425 2758 2480 οὕτω
2793 2426 3075 2489 ποιοῦντες
3099 2426 3518 2497 καθαιροῦνται.

2184 2519 2306 2571 Τῶν
2339 2519 2516 2587 ἁγίων
2542 2518 2862 2571 ἀποστόλων
2892 2517 3076 2571 κανὼν
3114 2518 3200 2588 μθ¹
3229 2521 3319 2571 καὶ
3356 2525 3399 2571 ν’

2185 2612 2413 2666 Συνόδου
2438 2612 2761 2675 Λαοδικείας
2798 2611 2982 2665 κανὼν
3024 2608 3129 2681 με’,
3182 2618 3300 2683 μς’,
3337 2611 3423 2681 μζ¹
3449 2612 3542 2665 καὶ
3574 2617 3689 2682 μη’.

2183 2704 2406 2758 Συνὸδου
2438 2705 3071 2768 Κωνσταντινουπόλεως
3107 2704 3290 2759 κανὼν
3323 2708 3390 2772 ζ’,
3437 2707 3532 2760 καὶ
3558 2722 3690 2761 συν-

2113 2796 2237 2852 όδου
2271 2798 2323 2864 ς’
2360 2796 2541 2852 κανών
2570 2796 2672 2868 οη’.
3158 2786 3163 2791 ’

2183 2886 2296 2954 λς’.
2334 2888 2459 2942 Ὅτι
2515 2888 2597 2941 δεῖ
2645 2889 2742 2942 καὶ
2796 2887 2864 2943 τὰ
2918 2889 3093 2961 μικρά
3131 2887 3306 2961 βρέφη
3363 2891 3444 2953 είς
3490 2890 3690 2959 ἄφεσιν

2117 2982 2405 3053 ἁμαρτιῶν
2461 2981 2770 3051 βαπτίζειν,
2808 2982 2897 3036 διά
2951 2986 3050 3054 τὴν
3100 2983 3459 3055 ἐπικειμένην
3503 2984 3690 3045 αὐτοῖς·

2112 3072 2396 3146 ἁμαρτίαν
2428 3073 2493 3125 ὲκ
2524 3072 2625 3141 τῆς
2659 3071 2754 3126 τοῦ
2799 3073 2974 3139 Ἀδὰμ
3002 3073 3374 3143 παραϐάσεως
3403 3088 3417 3104 ·
3466 3073 3558 3125 καὶ
3606 3073 3689 3126 ὅτι

428 3168 562 3226 Item
629 3168 774 3240 quod
851 3171 1024 3226 sancti
1094 3170 1436 3240 baptismatis
1512 3170 1685 3242 gratia
1746 3169 2001 3226 virtutem

2111 3163 2146 3234 ή
2177 3163 2339 3232 χάρις
2369 3161 2465 3217 τοῦ
2513 3163 2673 3230 ἀγίου
2723 3161 3108 3233 βαπτίσματος
3149 3163 3385 3234 δύναμιν
3426 3164 3519 3217 καὶ
3557 3164 3689 3235 βοήν·

428 3270 484 3316 et
536 3260 796 3317 auxilium
855 3261 1058 3332 praebet
1101 3271 1289 3317 contra
1344 3272 1648 3331 peccatum.
1705 3261 1807 3329 Qui
1858 3263 2004 3318 enim

2111 3253 2263 3308 θειαν
2315 3253 2549 3324 παρέχει
2594 3253 2731 3324 πρὸς
2764 3253 2827 3307 τὸ
2860 3255 2936 3326 μὴ
2977 3255 3338 3326 ἁμαρτάνειν.
3371 3257 3436 3309 Οἱ
3465 3256 3577 3326 γὰρ
3611 3254 3687 3326 μὴ

426 3367 536 3407 non
588 3352 664 3409 ita
710 3352 917 3409 faciunt
973 3365 1027 3410 et
1078 3353 1300 3421 dicunt,
1362 3353 1713 3410 anathemate
1772 3355 2009 3425 percuti-

426 3454 616 3500 untur.

503 3534 707 3605 Synodi
730 3536 1093 3604 Carthaqenae
1115 3551 1288 3593 canon
1312 3537 1436 3605 110,
1471 3538 1595 3606 111,
1622 3538 1725 3594 112
1754 3547 1807 3594 et
1830 3538 1954 3596 115.

498 3719 591 3774 57.
623 3718 903 3778 Neminem
929 3720 1219 3778 dicendum
1265 3737 1388 3780 esse
1436 3725 1646 3795 peccati
1683 3733 1957 3795 expertem
1990 3744 2007 3781 :

429 3816 521 3884 qui
554 3816 702 3872 enim
735 3817 840 3873 hoc
868 3817 1004 3873 dicit
1038 3819 1386 3875 anathemate
1427 3819 1763 3888 percellitur.

499 3908 703 3979 Synodi
727 3907 1086 3982 Carthagente
1113 3924 1291 3966 canon
1330 3910 1455 3975 H4,
1486 3910 1591 3967 115
1623 3921 1676 3967 et
1706 3911 1831 3968 116.

496 3998 588 4054 58.
620 3997 738 4055 Non
789 4009 1042 4068 oportere
1094 4015 1217 4055 eum
1265 4000 1358 4071 qui
1412 4015 1538 4057 vere
1587 4002 1894 4072 baptizatus
1940 4004 2013 4060 sit

426 4090 630 4147 iterum
690 4090 992 4163 baptizare,
1054 4108 1230 4163 neque
1282 4108 1378 4149 cos
1446 4093 1538 4162 qui
1600 4094 1668 4149 ab
1740 4094 2009 4151 haereticis

425 4182 795 4253 baptizantur,
846 4195 942 4239 aut
982 4199 1076 4240 eos
1121 4184 1212 4255 qui
1243 4184 1313 4240 ab
1364 4184 1547 4256 impiis
1579 4186 1850 4257 inquinati
1881 4170 2035 4243 sunt

426 4288 536 4330 non
568 4274 849 4346 baptizare
881 4293 895 4331 :
939 4292 1126 4332 verum
1163 4292 1340 4347 neque
1381 4288 1654 4333 mortuum
1685 4278 2003 4349 baptizare;

426 4365 519 4435 qui
550 4366 695 4420 enim
730 4368 843 4423 haec
899 4365 1129 4432 faciunt,
1177 4367 1348 4439 gradu
1410 4378 1714 4424 moventur.
1767 4367 1874 4425 Eos
1908 4385 2005 4426 auc

426 4464 535 4509 tem
581 4454 673 4525 qui
739 4470 770 4510 a
826 4457 1225 4524 schismaticis,
1283 4458 1457 4526 iisque
1501 4457 1595 4526 qui
1653 4459 1882 4513 seorsim
1934 4459 2003 4513 ab

2106 3344 2252 3399 οὕτω
2285 3344 2564 3409 ποιοῦντες
2594 3345 2686 3400 καὶ
2724 3344 2996 3415 λέγοντες,
3019 3345 3539 3417 ἀναθεματίζονται.

2182 3532 2413 3589 Συνόδου
2460 3530 2826 3604 Καρθαγένης
2873 3520 3061 3585 κανὼν
3103 3535 3195 3600 ρι’,
3250 3532 3377 3600 ρια’,
3427 3530 3535 3599 ριβ¹
3589 3526 3686 3579 καὶ

2150 3635 2242 3697 ιγ’.

2112 3646 2284 3783 pic.
2329 3719 2453 3771 Ὀτι
2484 3717 2547 3771 οὐ
2581 3717 2663 3770 δεῖ
2697 3716 2879 3784 λέγειν
2908 3715 3033 3769 τινὰ
3071 3712 3461 3784 ἀναμάρτητον
3488 3726 3499 3740 ·
3531 3713 3560 3765 ὁ
3582 3712 3692 3784 γάρ

2110 3812 2271 3865 τοῦτο
2293 3809 2469 3878 λέγων
2501 3809 2984 3877 ἀναθεματίζεται.

2185 3902 2414 3957 Συνὸδου
2445 3900 2804 3973 Καρθαγένης
2836 3898 3015 3953 κανὼν
3051 3899 3285 3968 ριδ’,ριε’
3316 3898 3411 3952 καὶ
3446 3895 3581 3970 ρις’.

2184 3994 2293 4063 λη’.
2334 3993 2459 4046 Ὅτι
2488 3992 2549 4045 οὐ
2583 3991 2664 4044 δεῖ
2693 3990 2784 4044 τὸν
2809 3990 2952 4043 κατά
2974 3990 3233 4059 ἀλήθειαν
3264 3990 3462 4060 ἔχοντα
3498 3988 3695 4058 βάπτι-

2114 4104 2228 4157 σμα
2259 4086 2424 4140 πάλιν
2482 4082 2904 4148 ἀναόαπτίζεινο
2929 4082 3054 4136 οὔτε
3093 4083 3200 4153 μὴν
3239 4085 3368 4146 τοὺς
3404 4081 3556 4152 παρὰ
3583 4080 3693 4134 τῶν

2113 4177 2411 4249 αἱρετικῶν
2463 4174 2932 4246 βαπτιζομένους,
2991 4175 3024 4247 ἢ
3090 4174 3242 4241 παρὰ
3305 4176 3416 4227 τῶν
3476 4172 3692 4226 ἀσεὸὤν

2116 4268 2574 4341 μεμολυσμένους
2616 4266 2691 4338 μὴ
2725 4267 3012 4339 βαπτίζειν
3045 4286 3056 4298 ·
3090 4268 3208 4321 ἀλλ’
3253 4267 3375 4321 οὐδὲ
3416 4264 3692 4320 τεθνεῶτα

2113 4359 2403 4432 βαπτίζειν
2449 4375 2466 4391 ⁶
2536 4357 2938 4429 καθαιροῦνται
2995 4358 3106 4426 γάρ
3183 4358 3233 4411 οἱ
3302 4359 3454 4427 παρά
3513 4355 3690 4409 ταῦτα

2111 4452 2419 4516 ποιοῦντες.
2452 4450 2594 4516 Τοὺς
2619 4451 2677 4505 δὲ
2708 4451 2861 4523 παρά
2887 4451 2997 4503 τῶν
3032 4450 3407 4519 ἀποσχιστῶν,
3454 4451 3548 4503 καὶ
3579 4449 3690 4502 τῶν

426 4537 667 4601 Ecclesia
715 4553 1017 4601 conventus
1065 4546 1343 4601 celebrant
1388 4545 1773 4616 baptizantur,
1831 4549 2005 4604 susci-

2113 4543 2214 4607 τὰς
2241 4540 2726 4616 παρασυναγωγάς
2778 4540 3079 4594 ποιούντων
3128 4538 3568 4609 βαπτιζομένους
3608 4537 3694 4590 δέ-

423 4650 554 4705 pere
606 4645 852 4704 oportet,
893 4651 1080 4692 verum
1104 4652 1224 4692 cum
1280 4645 1465 4693 exacta
1517 4647 1571 4691 et
1616 4636 1857 4708 diligenti
1918 4637 2004 4692 in-

423 4729 744 4797 quisilione.

497 4831 823 4890 Sanctorum
868 4844 1238 4905 aposto‘torum
1270 4850 1442 4891 canon
1470 4833 1563 4903 46,
1597 4834 1668 4890 47
1690 4843 1744 4891 et
1766 4832 1861 4892 68.

496 4925 699 4998 Synodi
876 4942 1049 4983 canon
1087 4926 1174 4983 19.

496 5017 702 5088 Synodi
726 5018 1192 5088 Carthaginiensis
1219 5035 1392 5076 canon
1426 5019 1490 5076 18
1513 5030 1567 5077 et
1591 5019 1680 5075 48.

498 5110 684 5167 Sancti
718 5111 902 5167 Basilii
932 5129 1106 5169 canon
1133 5115 1159 5168 1
1186 5124 1243 5169 ct
1268 5115 1359 5171 47.

494 5202 563 5259 Et
611 5203 852 5274 Epistola
908 5205 973 5259 ad
1032 5215 1283 5262 sanctum
1341 5217 1634 5278 martyrem
1687 5206 1999 5278 episcopum

421 5290 744 5349 Antiochiae.

495 5387 585 5451 59,
619 5387 1010 5458 Baptizandam
1060 5403 1184 5445 esse
1229 5403 1596 5460 praegnantem
1623 5391 1998 5460 quandocum-

422 5494 528 5549 que
577 5479 830 5536 volueril.
880 5479 1015 5536 ltem
1064 5492 1417 5553 aegrotantem
1477 5497 1580 5536 non
1649 5497 1772 5537 esse
1834 5481 2000 5550 bapti-

422 5570 683 5637 zandum,
715 5572 816 5628 nisi
864 5573 969 5629 hoc
996 5574 1251 5641 postulet.
1316 5573 1371 5628 Si
1417 5589 1547 5630 vero
1598 5584 1778 5629 mente
1806 5582 2000 5644 captus

2110 4639 2303 4711 χεσθαι
2336 4638 2439 4703 δεῖ,
2475 4637 2618 4708 πλὴν
2645 4637 2785 4708 μετά
2814 4634 3144 4707 δοκιμασίας
3183 4634 3471 4703 ἀκριϐοῦς.

2182 4823 2305 4880 Τῶν
2336 4824 2510 4890 ἁγίων
2536 4820 2857 4876 ἀποστόλων
2889 4817 3069 4874 κανὼν
3103 4816 3226 4888 μς’,
3263 4817 3352 4888 μζ¹
3380 4817 3476 4870 καὶ
3509 4815 3615 4885 ξη’.

2182 4915 2485 4971 Συνόδου...
2519 4911 2703 4967 κανὼν
2739 4913 2831 4966 ιθ¹.

2182 5009 2415 5063 Συνόδου
2450 5005 2817 5077 Καρθαγένης
2847 5001 3029 5057 κανὼν
3068 5007 3138 5071 ιη’
3166 5001 3261 5055 καὶ
3287 5006 3400 5071 μη’.

2181 5106 2294 5161 Καὶ
2326 5103 2420 5158 τοῦ
2455 5104 2612 5170 ἁγίου
2648 5099 2941 5153 Βασιλείου
2972 5102 3158 5153 κανὼν
3183 5095 3231 5152 α’
3264 5095 3361 5151 καὶ
3395 5092 3506 5165 μζ’.

2179 5198 2291 5252 Καὶ
2324 5194 2587 5265 ἐπιστολὴ
2625 5192 2764 5263 πρὸς
2789 5191 2883 5245 τὸν
2910 5191 3065 5261 ἀγιον
3092 5190 3352 5261 μάρτυρα
3382 5184 3689 5240 ἐπίσκοπον

2119 5291 2481 5361 Ἀντιοχείας.

2178 5383 2283 5442 λθ’.
2317 5384 2443 5437 Ὅτι
2463 5382 2545 5435 δεῖ
2576 5375 2941 5450 βαπτίζεσθαι
2971 5375 3073 5446 τὴν
3098 5370 3481 5443 κυοφοροῦσαν
3520 5370 3686 5425 ὁπότε

2107 5481 2207 5538 καὶ
2238 5478 2530 5550 βούλεται·
2554 5475 2649 5527 καὶ
2677 5473 2758 5525 ὅτι
2803 5473 2832 5525 δ
2860 5469 3108 5524 ἀσθενῶν
3148 5467 3210 5521 οὐ
3254 5467 3602 5538 βαπτίζεται,
3634 5465 3685 5517 εί

2109 5573 2185 5644 μὴ
2216 5569 2474 5637 ἐπιζητεῖ
2497 5564 2677 5618 τοῦτο.
2714 5564 2776 5617 Εἰ
2802 5561 2859 5614 δὲ
2899 5559 3174 5633 ἑκφρενὴς
3199 5560 3451 5629 γένηται,
3491 5558 3589 5611 καὶ
3623 5558 3684 5608 ἐν

422 5663 517 5729 sit,
570 5678 633 5717 ac
685 5663 879 5720 mortis
941 5676 1183 5734 tempore
1239 5665 1520 5735 propinqui
1575 5664 1694 5735 ejus
1745 5675 1996 5720 sanctum

2111 5663 2184 5733 τῷ
2210 5659 2394 5732 καιρῷ
2426 5657 2519 5712 τοῦ
2557 5656 2794 5709 θανάτου
2846 5651 3015 5706 αὐτοῦ
3063 5649 3421 5722 ἐπιζητοῦσιν
3465 5652 3514 5703 οἱ
3557 5649 3682 5702 ἴδιοι

421 5753 687 5819 baptisma
750 5757 1071 5826 requirant,
1131 5757 1457 5826 baptizatur.
1514 5756 1787 5812 Similiter.
1828 5756 1993 5809 etiam

421 5844 512 5914 qui
584 5859 613 5899 a
673 5847 923 5902 daemone
995 5856 1254 5915 vexatur,
1318 5849 1678 5905 moribundus
1737 5848 1995 5918 baptiza-

2104 5754 2273 5812 αὐτοῦ
2323 5752 2386 5804 τὸ
2425 5750 2586 5817 ἅγιον
2636 5747 2943 5818 βάπτισμα,
2988 5744 3349 5815 βαπτίζεται·
3379 5742 3584 5811 ὁμοίως
3626 5741 3684 5793 δὲ

2103 5846 2196 5900 καὶ
2238 5845 2267 5897 δ
2319 5839 2768 5912 δαιμονιζόμενος
2801 5840 2858 5891 ἐν
2893 5835 2970 5906 τῷ
3002 5835 3219 5907 θανάτῳ
3264 5834 3433 5889 αὖτοῦ
3490 5830 3683 5904 βαπτί-
