4140 6406
516 270 587 334 2‘3
1800 297 2117 359 ARSENII
2159 302 2506 375 MONACIII

514 401 618 437 non
681 397 942 454 reseptos,
1009 391 1143 444 citra
1203 406 1354 446 suam
1415 396 1653 468 Culpam,
1690 401 1955 470 dignitate
1991 423 2062 460 su:

2194 414 2286 464 καὶ
2318 415 2393 484 μὴ
2424 417 2715 485 δεχϐἐντας
2746 423 2851 476 ὑπὸ

511 478 764 541 gaudere,
822 496 885 533 ac
937 497 1133 537 munus
1185 500 1337 539 suum
1380 490 1568 557 obire,
1623 493 1796 548 donec
1847 496 2088 564 perfecta

512 569 752 635 synodus
784 574 848 624 de
880 572 1011 639 ipsis
1047 576 1334 644 statuerit;
1372 579 1577 634 clerum
1631 597 1762 637 vero
1804 584 1921 655 ejus
1967 602 2089 658 quae

510 674 616 711 nun
646 663 906 730 rect~perit
938 668 1186 732 paroeciac
1222 674 1711 729 exctunmuuicari.

581 839 903 896 Sam-torum
943 847 1309 911 aposmlurum
1342 866 1516 905 canon
1548 852 1635 908 56.

579 932 781 1002 Synodi
814 937 1168 993 Autioelteute
1195 958 1367 996 canon
1402 943 1486 999 18.
1562 924 1563 931 ἰ

579 1024 667 1079 44.
703 1025 966 1094 Oportere
1013 1032 1173 1083 etiam
1226 1047 1289 1087 ex
1328 1036 1610 1091 'eunucltis
1646 1038 1700 1092 in
1743 1039 1889 1094 omni
1928 1055 2085 1097 sacro

505 1121 677 1188 gradu
731 1123 1006 1188 ordinari,
1057 1127 1099 1179 si
1170 1128 1367 1198 alioqtti
1423 1130 1569 1200 digni
1643 1134 1792 1197 sint,
1866 1147 1958 1190 aut
2015 1153 2082 1192 ex

510 1213 787 1267 hominum
818 1216 1011 1284 injuria
1045 1220 1125 1271 vel
1165 1222 1356 1276 morbo
1412 1224 1589 1279 virilia
1639 1227 1942 1293 amiserint,
1996 1229 2080 1283 vel

508 1308 552 1360 si
593 1308 732 1362 forte
771 1312 848 1363 sic
879 1311 985 1363 nati
1019 1312 1149 1369 sint:
1175 1311 1232 1367 Si
1257 1315 1377 1383 quis
1424 1325 1603 1370 autem
1637 1319 1852 1387 propria
1889 1320 2082 1374 volun—

508 1408 620 1453 tate
669 1412 918 1456 exsertus
943 1403 1122 1469 fuerit,
1160 1407 1209 1458 iu
1247 1408 1449 1461 clerum
1495 1424 1721 1475 prorsus
1754 1426 1857 1465 non
1894 1414 2083 1466 admit-

507 1490 661 1554 titur,
725 1502 783 1546 ιιι
826 1496 915 1561 qui
971 1495 1070 1550 sibi
1114 1497 1231 1565 ipse
1271 1514 1463 1555 manus
1501 1502 1767 1557 violentas
1810 1504 2076 1559 attulerit.

506 1581 645 1649 Qum
680 1586 842 1639 etiam
880 1588 968 1657 qui
1022 1603 1188 1643 sanos
1238 1603 1505 1657 castraut,
1574 1595 1858 1651 homicida:
1910 1605 2075 1652 sunt:

504 1680 668 1738 atque
696 1674 918 1739 idcirco,
966 1677 1009 1731 si
1048 1678 1266 1747 quidem
1294 1683 1466 1735 sacris
1504 1683 1697 1738 initiati
1732 1686 1859 1751 sint,
1913 1687 2078 1757 depo-

503 1774 739 1833 nuntur;
767 1768 809 1820 si
848 1781 976 1825 vero
999 1769 1141 1837 laici,
1174 1783 1525 1843 segregantur
1546 1791 1640 1844 per
1670 1787 1781 1832 tres
1810 1794 2001 1835 annos.

574 1941 895 2000 Sanctorum
921 1946 1287 2017 apostolorum
1314 1968 1488 2007 canon
1516 1953 1606 2019 21,
1632 1955 1704 2009 22
1729 1967 1781 2012 et
1806 1957 1904 2013 25.

571 2032 775 2105 Synodi
815 2035 1045 2094 Nicaeum
1076 2055 1248 2097 canon
1277 2042 1326 2097 1.

571 2124 774 2199 Synodi
808 2132 860 2187 in
892 2133 1092 2203 templo
1134 2134 1463 2191 Sanctorum
1496 2137 1879 2208 Apostolorum
1932 2160 2075 2202 cme—

494 2217 668 2274 bratte
698 2221 756 2277 8.

568 2312 659 2366 45.
688 2312 829 2368 Eum
881 2318 971 2387 qui
1026 2320 1221 2389 dignus
1284 2325 1356 2378 sit
1408 2326 1474 2379 ad
1531 2327 1897 2393 episcotmum
1951 2343 2073 2383 esse

503 2407 949 2472 promovendum,
988 2409 1113 2465 licet
1145 2412 1318 2469 altero
1359 2417 1517 2471 oculo
1551 2416 1622 2471 sit
1679 2419 1944 2485 privatus,
1984 2421 2068 2472 vel

497 2506 661 2550 crure
681 2496 903 2566 debilis;
942 2502 986 2555 si
1012 2517 1140 2559 vero
1178 2507 1375 2562 surdus
1399 2508 1472 2563 sit
1500 2518 1593 2563 aut
1617 2526 1792 2564 caecus
1818 2513 2064 2578 omnino,

500 2599 605 2640 non
630 2597 713 2642 est
744 2594 1165 2658 promovendus.

568 2677 893 2738 Sanctorum
923 2690 1283 2756 apostolorum
1313 2707 1485 2749 canon
1510 2695 1577 2749 2'7
1609 2704 1663 2751 et
1688 2697 1776 2753 78.

567 2766 659 2823 46.
692 2768 807 2826 Νοη
853 2783 1103 2842 oportere
1136 2791 1324 2836 servos
1372 2783 1440 2837 ad
1481 2782 1682 2838 clerum
1732 2788 2063 2854 promoveri,

498 2868 594 2914 aut
646 2864 944 2922 monachos
979 2868 1118 2936 ﬁeri,
1176 2872 1282 2927 nisi
1340 2872 1589 2929 libertate
1641 2873 1825 2929 donati
1877 2876 1987 2929 sint
2035 2892 2064 2929 a

494 2950 731 3011 dominis
759 2957 872 3014 suis
902 2973 1083 3015 coram
1114 2962 1288 3018 tribus
1341 2964 1591 3033 testibus,
1647 2974 1741 3019 aut
1770 2966 2063 3020 triennium

493 3044 852 3116 expleverint,
890 3050 963 3105 ita
992 3063 1052 3107 ut
1097 3053 1275 3110 nullus
1305 3057 1476 3127 possit
1515 3071 1607 3112 eos
1644 3058 1696 3111 in
1744 3060 2061 3112 servitutem

491 3140 830 3210 pertrahere.
866 3142 964 3213 Qui
1004 3153 1185 3204 anfe‘m
1230 3160 1418 3207 contra
1478 3152 1591 3207 hac
1640 3151 1785 3217 facit,
1848 3167 2066 3207 (εχςικιιο

494 3232 849 3291 municationi
884 3238 1190 3311 subjicitur.
1223 3243 1323 3311 Qui
1354 3260 1481 3300 vero
1515 3246 1706 3300 docent
1754 3261 1847 3301 cos
1887 3246 2067 3299 domi-

3706 337 3772 399 2‘4

2880 427 2979 496 τῆς
3018 429 3155 495 ἰδίας
3193 440 3592 506 παροικίας,οὖ
3620 449 3769 517 παρὰ

2192 504 2294 572 τὴν
2344 507 2557 560 ἑαυτῶν
2609 514 2830 579 αἰτίαν,
2879 521 3131 589 μετέχειν
3160 525 3259 594 τῆς
3298 530 3484 599 τιμῆς,
3540 536 3635 587 καὶ
3673 538 3771 605 τῆς

2192 595 2560 668 λειτουργίας,
2614 603 2721 667 ἕως
2774 606 2841 659 ἂν
2888 610 2919 680 ἡ
2963 613 3147 666 τελεία
3191 595 3600 695 σύνοδος-ὁρίσῃ
3638 595 3767 697 περί

2192 689 2393 743 αὐτῶν·
2429 694 2519 746 τὸν
2551 695 2609 749 δὲ
2642 698 2842 772 κλῆρον
2878 704 2980 774 τῆς
3012 707 3087 779 μὴ
3120 708 3423 784 δεξαμένης
3466 689 3764 788 παροικίας

2190 782 2574 856 ἀφορισθῆναι.
2952 865 2957 869 _

2262 877 2383 930 Τῶν
2410 880 2585 946 ἁγίων
2616 883 2934 941 ἀποστόλων
2969 889 3152 945 κανὼν
3192 892 3305 959 λς’.

2261 968 2492 1023 Συνόδου
2538 974 2875 1046 Ἀντιοχείας
2903 980 3088 1036 κανὼν
3122 991 3212 1055 ιη’.

2261 1060 2368 1129 μδ’.
2408 1062 2533 1118 Ὅτι
2580 1065 2662 1119 δεῖ
2703 1069 2799 1122 καὶ
2839 1070 2902 1135 ἐξ
2946 1074 3217 1145 εὐνούχων
3248 1082 3670 1149 χειροτονεισθαι
3707 1085 3766 1138 ὲν

2188 1154 2355 1207 παντί
2382 1155 2644 1229 ἰερατικῷ
2674 1159 2886 1232 βαθμῷ,
2914 1164 3010 1218 ἐὰν
3040 1167 3215 1232 ἄλλως
3248 1171 3389 1236 ἄξιοί
3415 1174 3591 1237 εἰσιν,
3614 1175 3645 1246 ἢ
3671 1175 3766 1229 καὶ

2185 1243 2245 1337 ἐξ
2281 1244 2551 1315 ἐπηρείας
2581 1250 2910 1321 ἀνθρώπιον,
2941 1256 2972 1326 ἢ
3010 1263 3419 1328 προσπεσόντος
3453 1243 3764 1337 νοσήματος

2186 1336 2543 1409 ἀφῃρέθησαν
2570 1345 2637 1394 τὰ
2676 1344 2888 1413 ἀνδρῶν
2914 1364 2926 1377 ·
2954 1349 2986 1418 ἢ
3038 1352 3134 1403 ἐὸν
3175 1353 3348 1419 οὕτως
3382 1357 3512 1422 ἴσως
3545 1336 3765 1429 ἐγεννή-

2186 1429 2381 1499 θησαν.
2459 1431 2522 1485 EE
2580 1434 2637 1487 δὲ
2677 1437 2853 1508 οἰκεία
2900 1440 3097 1514 γνώμῃ
3149 1446 3476 1518 εὐνουχισθῇ
3538 1468 3641 1515 τις,
3684 1453 3765 1514 είς

2185 1520 2389 1591 κλῆρον
2419 1522 2557 1587 ὅλως
2596 1527 2697 1578 οὑκ
2734 1527 2977 1600 ἔρχεται,
3031 1533 3107 1595 ὡς
3155 1536 3556 1608 αῦτοφονευτὴς
3606 1556 3765 1608 γεγο-

2182 1611 2314 1674 νώς,
2350 1611 2515 1668 Ἀλλὰ
2570 1617 2666 1670 καὶ
2712 1620 2760 1671 οἱ
2802 1621 3212 1691 εύνουχίζοντες
3276 1628 3624 1695 ὑγιαίνοντας
3672 1649 3765 1700 ιρι-,η

2184 1706 2373 1758 νευταί
2404 1708 2513 1760 εἱσι
2544 1724 2556 1736 ·
2589 1710 2684 1764 καὶ
2712 1710 2799 1765 διὰ
2829 1713 3011 1779 τοῦτο,
3044 1718 3093 1767 εί
3141 1717 3241 1786 μὲν
3300 1720 3587 1786 ίερωμένοι
3631 1722 3758 1785 εἶσὶ,

2186 1797 2583 1870 καθαιροῦνται
2621 1818 2635 1831 ·
2678 1805 2727 1856 εἰ
2776 1804 2832 1857 δὲ
2889 1805 3104 1873 λαῖκοὶ,
3159 1810 3512 1881 ἀφορίζονται
3567 1813 3658 1866 ἐπὶ
3711 1823 3764 1885 γ’

2184 1887 2300 1960 ἔτη.

2257 1981 2379 2034 Τῶν
2410 1983 2585 2050 ἁγίων
2611 1983 2934 2041 ἀποστόλων
2966 1988 3148 2045 κανὼν
3178 1993 3282 2058 ua’,
3313 1993 3405 2065 κβ¹
3431 1998 3526 2051 καὶ
3557 2004 3663 2066 κγ’.

2255 2073 2486 2128 Συνόδου
2522 2076 2761 2139 Νικαίας
2794 2079 2978 2135 κανὼν
3011 2088 3081 2137 α’.

2253 2165 2480 2220 Συνόδου
2515 2169 2573 2221 ὲν
2601 2168 2680 2239 τῷ
2705 2168 2818 2242 ναῷ
2845 2171 2953 2225 τῶν
2992 2173 3191 2244 Ἀγίων
3233 2176 3577 2236 Ἀποστόλων
3608 2187 3680 2253 η’.
3780 2222 3785 2229 ι

2257 2352 2359 2417 με’.
2396 2346 2523 2403 ’Ότι
2550 2348 2632 2403 δεῖ
2651 2349 2740 2401 τὸν
2770 2350 2918 2417 ἄξιον
2949 2353 3289 2422 προάγεσθαι
3315 2358 3393 2421 είς
3420 2357 3753 2424 ἐπίσκοπον,

2181 2438 2283 2492 κᾶν
2313 2439 2596 2509 ἀνάπηρος
2688 2442 2777 2493 τὸν
2812 2442 3120 2514 όιρῦαλμδν,
3155 2447 3186 2516 ἢ
3218 2446 3278 2498 τὸ
3315 2448 3503 2513 σκέλος
3543 2450 3757 2518 πεπλη-

2178 2531 2379 2599 γμένος
2402 2547 2415 2562 ο
2449 2531 2496 2582 εἰ
2526 2531 2582 2583 δὲ
2608 2533 2792 2602 κωφὸς
2853 2537 2937 2606 εἴη
2970 2535 3004 2606 ἢ
3064 2536 3263 2606 τυφλὸς
3305 2539 3505 2610 πάντη,
3558 2540 3633 2612 μὴ
3667 2540 3754 2612 γί-

2177 2639 2231 2675 vr.
2242 2622 2384 2675 σθαι.

2251 2714 2373 2767 Τῶν
2404 2713 2577 2780 ἁγίων
2606 2716 2923 2770 ἀποστόλων
2956 2717 3138 2772 κανὼν
3163 2719 3231 2784 κζ
3246 2718 3260 2742 ’
3289 2721 3383 2774 καὶ
3412 2718 3515 2791 οη’.

2251 2805 2369 2876 μετ’.
2405 2806 2532 2859 Ὅτι
2566 2806 2627 2860 οὗ
2651 2807 2734 2860 δεῖ
2759 2808 2980 2873 οἰκέτας
3010 2812 3092 2873 εἰς
3136 2810 3336 2881 κλῆρον
3387 2811 3748 2882 προάγεσθαι,

2173 2896 2206 2968 ἢ
2247 2898 2518 2967 μοναχοὺς
2552 2899 2820 2965 γίνεσθαι,
2858 2904 2906 2954 εί
2976 2902 3050 2973 μὴ
3132 2902 3539 2975 ὲλευθερωθῶσι
3595 2907 3750 2976 παρὰ

2174 2989 2283 3042 τῶν
2318 2990 2466 3044 ἰδίων
2504 2991 2786 3046 δεσποτῶν
2817 2994 2914 3047 ἐπὶ
2942 2994 3093 3064 τρισὶ
3127 2997 3397 3065 μάρτυσιν
3421 3010 3436 3025 ⁶
3511 2996 3543 3067 ἢ
3610 2996 3749 3065 πλη-

2095 3101 2140 3162 C
2176 3080 2413 3150 ρὼσουσι
2445 3082 2689 3152 τριετίαν
2728 3085 2956 3154 μηδενὸς
2987 3086 3211 3150 τούτους
3239 3086 3392 3159 Hora.
3418 3086 3743 3162 δυναμένου]

2172 3174 2251 3238 εἰς
2276 3173 2522 3229 δουλείαν
2581 3173 2859 3232 ἕλκεσθαι.
2900 3178 2959 3232 ‘0
3014 3177 3068 3232 δὲ
3117 3179 3264 3249 παρὰ
3312 3179 3484 3234 ταῦτα
3550 3181 3743 3247 ποιῶν,

2169 3269 2543 3343 ἀκοινωνησίᾳ
2570 3272 3072 3328 καθυποϐἁλλεται.
3104 3276 3213 3327 Καὶ
3249 3275 3298 3327 οί
3324 3274 3669 3337 διδάσκοντες
3684 3275 3742 3329 δὲ

490 3340 589 3383 "05
631 3342 759 3385 θυοδ
816 3344 1186 3403 οουιθπδηθτθο
1238 3348 1402 3407 αυιυθ
1457 3339 1526 3395 ab
1572 3353 1760 3395 comm
1809 3341 2065 3395 δεῖνίῑυίθ
2164 3359 2393 3423 τούτους
2431 3339 2560 3413 -τίἱίν
2588 3360 2736 3415 ἰδίων
2770 3361 2975 3433 κυρίων
3024 3367 3413 3436 καταφρονεῖν,
3460 3366 3553 3418 καὶ
3611 3364 3739 3434 ἀφί-

486 3419 773 3486 recedero,
809 3425 1152 3483 anathemate
1184 3429 1470 3486 feriuntur.

559 3510 882 3570 Sanctorum
910 3520 1278 3587 apostolorum
1322 3536 1495 3577 canon
1526 3523 1615 3575 82.

561 3601 764 3676 Synodi
794 3606 1127 3677 Gangrensis
1159 3628 1330 3667 canon
1364 3613 1418 3667 5.

558 3695 762 3766 Synodi
801 3699 1259 3759 Calchedoucnsis
1288 3719 1463 3760 canon
1497 3707 1551 3761 4.

558 3787 761 3859 Synodi
798 3774 873 3846 ’νῐ
902 3807 1072 3846 canon
1104 3792 1192 3849 85.

554 3880 623 3935 Et
646 3880 778 3951 legis
810 3895 969 3952 caput
997 3884 1051 3951 8,
1075 3885 1145 3940 50
1166 3896 1218 3941 et
1248 3888 1337 3943 51.

549 3973 642 4028 47.
675 3972 792 4029 Non
841 3986 1092 4045 oportere
1141 3980 1453 4048 episcopum
1490 3980 1617 4034 nulli
1664 3980 1921 4036 Ecclesia:
1956 3982 2052 4036 ad-

480 4065 709 4135 dictum,
736 4078 1016 4124 vacantem
1069 4069 1371 4126 Ecclesium
1419 4074 1693 4135 invadere,
1756 4073 1891 4127 citra
1923 4073 2050 4127 co'n-

477 4170 695 4212 sensum
719 4161 1013 4229 provinciae
1036 4162 1429 4231 metropolitani
1453 4172 1614 4233 atque
1635 4166 2010 4235 episcoporum
2033 4182 2047 4219 :

478 4250 562 4304 sin
591 4264 738 4316 vero,
783 4253 847 4308 ab
870 4254 1107 4310 Ecclesia
1134 4256 1371 4327 ejicitur.

548 4338 752 4410 Synodi
792 4342 1141 4399 Antiocliente
1168 4360 1337 4401 canon
1369 4345 1456 4400 16.

2166 3452 2398 3506 στασοαι
2430 3453 2533 3522 τῆς
2562 3453 2807 3518 δουλείας
2834 3454 3037 3517 αὐτῶν,
3073 3454 3579 3524 ἀναθεματίζονται.

2235 3544 2360 3597 Τῶν
2386 3545 2561 3612 ἁγίων
2590 3547 2909 3600 ἀποστόλων
2941 3547 3125 3601 κανὼν
3156 3548 3265 3618 πβ’.

2234 3635 2467 3690 Συνόδου
2505 3638 2777 3707 Γαγγρῶν
2829 3637 3011 3691 κανὼν
3037 3646 3104 3705 γ’.

2239 3729 2474 3782 Συνόδου
2507 3729 2855 3801 Καλχηδόνος
2888 3729 3071 3784 κανὼν
3100 3731 3163 3785 δ’.

2231 3822 2460 3876 Συνόδου
2491 3821 2547 3888 ς’
2577 3821 2757 3877 κανὼν
2782 3821 2888 3877 πε’.

2229 3913 2343 3965 Καὶ
2372 3914 2599 3979 νομικὸν
2627 3913 2919 3980 κεφάλαιον
2954 3912 3023 3981 η’,
3080 3912 3122 3969 ν’
3154 3918 3250 3972 καὶ
3277 3923 3379 3971 ναΐ.

2234 4005 2345 4074 μξκ
2380 4006 2506 4061 Ὅτι
2538 4008 2598 4059 οὐ
2628 4006 2711 4058 δεῖ
2745 4008 3077 4077 σχολάζοντα
3107 4010 3406 4062 ἐπίσκοπον
3432 4009 3730 4080 σχολάζουο

2160 4113 2261 4150 σαν
2314 4097 2649 4166 Ἐκκλησίαν
2675 4098 2947 4168 ἁρπάζειν
2969 4098 3096 4169 δίχα
3139 4098 3372 4169 γνώμης
3426 4100 3521 4154 τοῦ
3585 4102 3728 4155 κατὰ

2156 4186 2345 4257 χώραν
2376 4190 2807 4259 μητροπολίτου,
2837 4192 2932 4245 καὶ
2973 4192 3082 4245 τῶν
3140 4192 3458 4246 ἐπισκόπων
3486 4210 3500 4224 ·
3559 4195 3609 4247 εί
3671 4192 3729 4246 δὲ

2157 4279 2258 4346 μὴ,
2296 4278 2608 4348 ἀπόϐλητος
2638 4280 2850 4349 γίνεται
2881 4282 2980 4352 τῆς
3019 4282 3371 4353 Ἐκκλησίας.

2235 4368 2463 4424 Συνόδου
2500 4371 2831 4441 Ἀντιοχείας
2852 4372 3033 4427 κανὼν
3067 4373 3162 4439 ις’.

547 4430 792 4487 48.Νο[1
874 4447 1130 4504 Oportere
1215 4437 1558 4491 saecularium
1631 4438 2043 4509 magistratuum

2232 4461 2348 4532 μη’.
2392 4464 2596 4519 ’Ότιού
2630 4430 2712 4518 δεῖ
2739 4430 2826 4519 διά
2886 4430 3230 4538 προστασίας
3292 4466 3577 4537 κοσμικῶν
3627 4468 3729 4537 ἀρ-

473 4524 805 4581 auctoritate
850 4539 1178 4596 quemquam
1234 4530 1301 4583 ad
1341 4530 1701 4585 sacerdotium
1741 4531 2046 4600 pervenire,

473 4624 570 4669 aut
604 4612 861 4671 Ecclesiae
892 4617 1130 4688 regimen
1171 4621 1467 4690 suscipere.
1500 4621 1869 4677 Deturbantur
1901 4622 2047 4677 enim

474 4721 541 4760 ac
571 4718 925 4779 segregantur
956 4710 1056 4780 ipsi
1107 4727 1213 4767 una
1249 4728 1371 4769 cum
1418 4713 1486 4769 iis
1512 4715 1764 4772 omnibus
1794 4715 1887 4786 qui
1924 4730 2044 4770 cum

471 4799 605 4869 ipsis
636 4803 1057 4858 communicant.

544 4907 875 4965 Sanctorum
923 4911 1283 4978 apostolorum
1315 4929 1488 4970 canon
1519 4914 1608 4970 50.

540 4992 744 5067 Synodi
769 4996 1229 5057 Calchedoucnsis
1255 5018 1429 5060 canon
1472 5004 1560 5059 i2.

538 5086 739 5158 Synodi
769 5086 861 5143 VII
889 5106 1062 5146 canon
1095 5093 1148 5149 5.

534 5179 623 5236 49.
663 5181 776 5237 Non
836 5195 1091 5254 oportere
1155 5187 1382 5256 pecunia
1453 5188 1771 5260 dignitatem
1827 5191 2040 5260 episco-

466 5267 639 5334 palem
708 5283 801 5326 aut
880 5276 1269 5330 sacerdotalem
1336 5278 1597 5346 consequi
1649 5293 1664 5330 :
1720 5279 1838 5349 ipse
1890 5279 2038 5334 enim

467 5358 747 5415 ordinatus
778 5372 833 5416 ot
866 5364 958 5433 qui
993 5365 1264 5420 ordinavit
1295 5382 1418 5421 eum
1465 5369 1634 5438 gradu
1686 5370 2034 5441 dejiciuntur,

467 5456 629 5514 atque
674 5449 911 5508 Ecclesia
949 5457 1365 5523 ent-induntur,
1400 5460 1544 5513 velut
1573 5461 1758 5515 Simon
1824 5461 2032 5533 Magus.

466 5535 583 5595 Non
613 5541 784 5594 solum
826 5556 1002 5600 autem
1034 5547 1112 5613 hi,
1148 5549 1241 5603 sed
1280 5558 1334 5603 et
1373 5550 1417 5604 si
1449 5551 1543 5620 qui
1576 5551 1838 5620 ejusmodi
1872 5556 2035 5611 rebus

464 5631 824 5686 intervenisse
860 5639 1060 5704 reperti
1090 5637 1313 5696 fuerint.

541 5721 866 5783 Sanctorum
903 5730 1268 5802 apostolorum
1298 5748 1472 5791 canon
1501 5735 1592 5793 29.

2152 4553 2356 4625 χόντων
2386 4557 2507 4609 τινὰ
2538 4559 2620 4619 εἰς
2650 4557 2955 4627 ἱερωσύνην
2986 4557 3182 4623 ἐλθεῖν,
3211 4558 3243 4629 ἢ
3300 4561 3543 4629 ἐγκρατῆ
3602 4559 3725 4611 Ἐκ-

2152 4644 2387 4717 κλησίας
2409 4647 2702 4714 γενέσθαι·
2751 4648 3146 4717 καθαιροῦνται
3169 4648 3278 4720 γὰρ
3311 4650 3403 4703 καὶ
3434 4647 3724 4719 ἀφορίζον-

2149 4751 2241 4791 ται
2272 4738 2369 4790 καὶ
2400 4737 2453 4789 οἰ
2482 4737 2870 4801 κοινωνοῦντες
2901 4740 3084 4803 αὐτοῖς
3113 4740 3335 4804 πάντες.

2220 4916 2339 4970 Τῶν
2372 4916 2544 4984 ἁγίων
2569 4915 2883 4971 ἀποστόλων
2916 4917 3097 4972 κανὼν
3128 4917 3194 4973 λ’.

2217 5006 2444 5060 Συνόδου
2482 5007 2826 5077 Καλχηδόνος
2855 5007 3035 5062 κανὼν
3066 5005 3153 5078 ιβ’.

2215 5100 2443 5153 Συνόδου
2472 5100 2516 5164 ζ’
2553 5097 2734 5153 κανὼν
2766 5107 2832 5168 γ’.

2217 5189 2325 5260 μΘ’.
2347 5194 2468 5246 Ὅτι
2499 5193 2560 5245 ού
2586 5192 2667 5245 δεῖ
2695 5193 2783 5245 διὰ
2806 5194 3106 5265 χρημάτων
3133 5193 3292 5261 ἀξίας
3338 5194 3656 5265 ἐπισκοπῆς
3679 5193 3712 5265 ἢ

2146 5281 2435 5354 ίερατικῆς
2475 5286 2813 5353 μετασχεῖνο
2847 5283 3200 5353 καθαιρεῖται
3246 5284 3357 5353 γὰρ
3383 5286 3480 5338 καὶ⁵
3526 5286 3713 5349 αὐτὸς,

2141 5374 2239 5428 καὶ
2261 5377 2289 5427 ὁ
2311 5376 2699 5447 χειροτονήσας
2730 5375 2893 5428 αὐτόν
2911 5391 2923 5404 ·
2961 5377 3054 5429 καὶ
3081 5377 3190 5445 τῆς
3228 5376 3561 5445 Ἐκκλησίας
3618 5378 3712 5430 ὲκ-

2140 5466 2458 5529 κόπτονται,
2501 5468 2575 5530 ὡς
2611 5467 2794 5536 Σίμων
2825 5469 2852 5521 ὁ
2880 5467 3088 5533 Μάγος.
3123 5467 3197 5520 Οὐ
3255 5468 3415 5537 μόνον
3445 5468 3501 5520 δὲ
3542 5462 3710 5530 οὗτοι,

2138 5556 2273 5609 ἀλλὰ
2360 5558 2455 5609 καὶ
2519 5560 2573 5611 εί
2596 5576 2741 5621 τινες
2822 5558 3096 5629 εὑρεθῶσι
3153 5559 3532 5628 μεσιτεύοντες
3599 5561 3712 5623 τοῖς

2134 5663 2366 5702 τοιοῦτοι
2378 5667 2416 5710 ς.

2212 5739 2333 5799 Τῶν
2358 5741 2524 5810 ἁγίων
2560 5743 2879 5798 ἀποστόλων
2907 5742 3087 5797 κανὼν
3120 5743 3225 5799 κον.
