  <div class='ocr_page' id='page_1' title='image "/cluster/home/n/w/nwhite01/storage/ocr_20150623/133/coo.31924054870385/021.png"; bbox 0 0 4140 6444; ppageno 0'>
   <div class='ocr_carea' id='block_1_1' title="bbox 524 380 2123 453">
    <p class='ocr_par' dir='ltr' id='par_1_1' title="bbox 524 386 2117 453">
     <span class='ocr_line' id='line_1_1' title="bbox 524 386 2117 453; baseline -0.005 0"><span class='ocrx_word' id='word_1_1' title='bbox 524 390 593 453; x_wconf 74' lang='grc'><strong>27</strong></span> <span class='ocrx_word' id='word_1_2' title='bbox 1802 386 2117 446; x_wconf 64' lang='grc' dir='ltr'><strong>ΑΒΒΕΝΙΙ</strong></span> 
     </span>
    </p>
   </div>
   <div class='ocr_carea' id='block_1_2' title="bbox 2224 380 3788 453">
    <p class='ocr_par' dir='ltr' id='par_1_2' title="bbox 2224 380 3788 444">
     <span class='ocr_line' id='line_1_2' title="bbox 2224 380 3788 444; baseline -0.002 -1"><span class='ocrx_word' id='word_1_3' title='bbox 2224 384 2504 444; x_wconf 69' lang='lat' dir='ltr'><strong>ONACIII</strong></span> <span class='ocrx_word' id='word_1_4' title='bbox 3715 380 3788 440; x_wconf 72' lang='lat'>23</span> 
     </span>
    </p>
   </div>
   <div class='ocr_carea' id='block_1_3' title="bbox 525 497 2123 578">
    <p class='ocr_par' dir='ltr' id='par_1_3' title="bbox 525 505 2108 578">
     <span class='ocr_line' id='line_1_3' title="bbox 525 505 2108 578; baseline -0.007 -10"><span class='ocrx_word' id='word_1_5' title='bbox 525 514 657 568; x_wconf 84' lang='lat' dir='ltr'><strong>Item</strong></span> <span class='ocrx_word' id='word_1_6' title='bbox 717 524 822 565; x_wconf 93' lang='lat' dir='ltr'><strong>non</strong></span> <span class='ocrx_word' id='word_1_7' title='bbox 883 517 1139 578; x_wconf 85' lang='lat' dir='ltr'><strong>oportere</strong></span> <span class='ocrx_word' id='word_1_8' title='bbox 1189 507 1551 564; x_wconf 62' lang='lat' dir='ltr'><strong>faenerantem</strong></span> <span class='ocrx_word' id='word_1_9' title='bbox 1616 505 1907 576; x_wconf 58' lang='lat' dir='ltr'><strong>agricolm,</strong></span> <span class='ocrx_word' id='word_1_10' title='bbox 1965 505 2108 569; x_wconf 84' lang='lat' dir='ltr'><strong>illius</strong></span> 
     </span>
    </p>
   </div>
   <div class='ocr_carea' id='block_1_4' title="bbox 2224 497 3792 578">
    <p class='ocr_par' dir='ltr' id='par_1_4' title="bbox 2224 497 3792 573">
     <span class='ocr_line' id='line_1_4' title="bbox 2224 497 3792 573; baseline -0.004 -17"><span class='ocrx_word' id='word_1_11' title='bbox 2224 503 2467 556; x_wconf 80' lang='grc' dir='ltr'><strong>κάκωσιν</strong></span> <span class='ocrx_word' id='word_1_12' title='bbox 2495 519 2506 532; x_wconf 91' lang='grc'><strong>·</strong></span> <span class='ocrx_word' id='word_1_13' title='bbox 2535 502 2627 556; x_wconf 76' lang='grc' dir='ltr'><strong>καὶ</strong></span> <span class='ocrx_word' id='word_1_14' title='bbox 2651 504 2731 557; x_wconf 77' lang='grc' dir='ltr'><strong>ὅτι</strong></span> <span class='ocrx_word' id='word_1_15' title='bbox 2772 503 2847 573; x_wconf 82' lang='grc' dir='ltr'>μὴ</span> <span class='ocrx_word' id='word_1_16' title='bbox 2893 504 2976 557; x_wconf 83' lang='grc' dir='ltr'><strong>δεῖ</strong></span> <span class='ocrx_word' id='word_1_17' title='bbox 3040 504 3129 557; x_wconf 67' lang='grc' dir='ltr'>τὶν</span> <span class='ocrx_word' id='word_1_18' title='bbox 3179 500 3496 566; x_wconf 58' lang='grc' dir='ltr'>δανείζοντα</span> <span class='ocrx_word' id='word_1_19' title='bbox 3562 497 3792 569; x_wconf 84' lang='grc' dir='ltr'>γεωργῴ</span> 
     </span>
    </p>
   </div>
   <div class='ocr_carea' id='block_1_5' title="bbox 528 601 1029 675">
    <p class='ocr_par' dir='ltr' id='par_1_5' title="bbox 528 601 1029 675">
     <span class='ocr_line' id='line_1_5' title="bbox 528 601 1029 675; baseline -0.004 -18"><span class='ocrx_word' id='word_1_20' title='bbox 528 618 721 675; x_wconf 83' lang='lat' dir='ltr'><strong>agrum</strong></span> <span class='ocrx_word' id='word_1_21' title='bbox 763 601 1029 657; x_wconf 72' lang='lat' dir='ltr'><strong>detinere.</strong></span> 
     </span>
    </p>
   </div>
   <div class='ocr_carea' id='block_1_6' title="bbox 598 688 1820 763">
    <p class='ocr_par' dir='ltr' id='par_1_6' title="bbox 598 688 1820 763">
     <span class='ocr_line' id='line_1_6' title="bbox 598 688 1820 763; baseline -0.004 -16"><span class='ocrx_word' id='word_1_22' title='bbox 598 690 802 763; x_wconf 84' lang='lat' dir='ltr'><strong>Synodi</strong></span> <span class='ocrx_word' id='word_1_23' title='bbox 831 691 1305 762; x_wconf 73' lang='lat' dir='ltr'><strong>Carthaginiensis</strong></span> <span class='ocrx_word' id='word_1_24' title='bbox 1332 704 1506 746; x_wconf 85' lang='lat' dir='ltr'><strong>canon</strong></span> <span class='ocrx_word' id='word_1_25' title='bbox 1541 689 1613 744; x_wconf 84' lang='lat'><strong>75</strong></span> <span class='ocrx_word' id='word_1_26' title='bbox 1654 697 1708 742; x_wconf 93' lang='lat' dir='ltr'><strong>et</strong></span> <span class='ocrx_word' id='word_1_27' title='bbox 1731 688 1820 744; x_wconf 86' lang='lat'><strong>97.</strong></span> 
     </span>
    </p>
   </div>
   <div class='ocr_carea' id='block_1_7' title="bbox 596 780 1162 852">
    <p class='ocr_par' dir='ltr' id='par_1_7' title="bbox 596 780 1162 852">
     <span class='ocr_line' id='line_1_7' title="bbox 596 780 1162 852; baseline -0.007 -15"><span class='ocrx_word' id='word_1_28' title='bbox 596 780 663 837; x_wconf 88' lang='lat' dir='ltr'><strong>Et</strong></span> <span class='ocrx_word' id='word_1_29' title='bbox 695 782 830 852; x_wconf 84' lang='lat' dir='ltr'><strong>legis</strong></span> <span class='ocrx_word' id='word_1_30' title='bbox 877 789 1040 851; x_wconf 90' lang='lat' dir='ltr'><strong>caput</strong></span> <span class='ocrx_word' id='word_1_31' title='bbox 1069 780 1162 834; x_wconf 74' lang='lat' dir='ltr'><strong>2t.</strong></span> 
     </span>
    </p>
   </div>
   <div class='ocr_carea' id='block_1_8' title="bbox 601 861 2109 942">
    <p class='ocr_par' dir='ltr' id='par_1_8' title="bbox 601 861 2109 942">
     <span class='ocr_line' id='line_1_8' title="bbox 601 861 2109 942; baseline -0.007 -14"><span class='ocrx_word' id='word_1_32' title='bbox 601 872 691 928; x_wconf 87' lang='lat'><strong>58.</strong></span> <span class='ocrx_word' id='word_1_33' title='bbox 734 871 852 926; x_wconf 74' lang='lat' dir='ltr'><strong>Non</strong></span> <span class='ocrx_word' id='word_1_34' title='bbox 889 880 1143 942; x_wconf 79' lang='lat' dir='ltr'><strong>oportere</strong></span> <span class='ocrx_word' id='word_1_35' title='bbox 1172 868 1346 925; x_wconf 87' lang='lat' dir='ltr'><strong>sacris</strong></span> <span class='ocrx_word' id='word_1_36' title='bbox 1372 866 1618 921; x_wconf 68' lang='lat' dir='ltr'><strong>addictos</strong></span> <span class='ocrx_word' id='word_1_37' title='bbox 1643 863 1835 921; x_wconf 79' lang='lat' dir='ltr'><strong>sericis</strong></span> <span class='ocrx_word' id='word_1_38' title='bbox 1866 861 2109 917; x_wconf 67' lang='lat' dir='ltr'><strong>resdbns</strong></span> 
     </span>
    </p>
   </div>
   <div class='ocr_carea' id='block_1_9' title="bbox 528 954 2107 1035">
    <p class='ocr_par' dir='ltr' id='par_1_9' title="bbox 528 954 2107 1035">
     <span class='ocr_line' id='line_1_9' title="bbox 528 954 2107 1035; baseline -0.008 -13"><span class='ocrx_word' id='word_1_39' title='bbox 528 967 705 1028; x_wconf 80' lang='lat' dir='ltr'><strong>indui.</strong></span> <span class='ocrx_word' id='word_1_40' title='bbox 746 973 842 1019; x_wconf 91' lang='lat' dir='ltr'><strong>aut</strong></span> <span class='ocrx_word' id='word_1_41' title='bbox 892 971 1174 1035; x_wconf 88' lang='lat' dir='ltr'><strong>unguento</strong></span> <span class='ocrx_word' id='word_1_42' title='bbox 1210 961 1370 1031; x_wconf 88' lang='lat' dir='ltr'><strong>ungi;</strong></span> <span class='ocrx_word' id='word_1_43' title='bbox 1419 969 1780 1031; x_wconf 74' lang='lat' dir='ltr'><strong>segregantur</strong></span> <span class='ocrx_word' id='word_1_44' title='bbox 1830 958 1976 1012; x_wconf 86' lang='lat' dir='ltr'><strong>enim</strong></span> <span class='ocrx_word' id='word_1_45' title='bbox 2015 954 2107 1026; x_wconf 85' lang='lat' dir='ltr'><strong>qni</strong></span> 
     </span>
    </p>
   </div>
   <div class='ocr_carea' id='block_1_10' title="bbox 534 1055 897 1113">
    <p class='ocr_par' dir='ltr' id='par_1_10' title="bbox 534 1055 897 1113">
     <span class='ocr_line' id='line_1_10' title="bbox 534 1055 897 1113; baseline -0.006 -1"><span class='ocrx_word' id='word_1_46' title='bbox 534 1058 639 1113; x_wconf 82' lang='lat' dir='ltr'><strong>hoc</strong></span> <span class='ocrx_word' id='word_1_47' title='bbox 670 1055 897 1111; x_wconf 75' lang='lat' dir='ltr'><strong>faciunt.</strong></span> 
     </span>
    </p>
   </div>
   <div class='ocr_carea' id='block_1_11' title="bbox 603 1142 1255 1217">
    <p class='ocr_par' dir='ltr' id='par_1_11' title="bbox 603 1142 1255 1217">
     <span class='ocr_line' id='line_1_11' title="bbox 603 1142 1255 1217; baseline -0.005 -16"><span class='ocrx_word' id='word_1_48' title='bbox 603 1145 811 1217; x_wconf 79' lang='lat' dir='ltr'><strong>Synodi</strong></span> <span class='ocrx_word' id='word_1_49' title='bbox 850 1142 919 1198; x_wconf 79' lang='lat' dir='ltr'><strong>Vl</strong></span> <span class='ocrx_word' id='word_1_50' title='bbox 952 1156 1125 1199; x_wconf 91' lang='lat' dir='ltr'><strong>canon</strong></span> <span class='ocrx_word' id='word_1_51' title='bbox 1159 1142 1255 1198; x_wconf 78' lang='lat'><strong>27.</strong></span> 
     </span>
    </p>
   </div>
   <div class='ocr_carea' id='block_1_12' title="bbox 604 1233 1276 1308">
    <p class='ocr_par' dir='ltr' id='par_1_12' title="bbox 604 1233 1276 1308">
     <span class='ocr_line' id='line_1_12' title="bbox 604 1233 1276 1308; baseline -0.003 -16"><span class='ocrx_word' id='word_1_52' title='bbox 604 1237 808 1308; x_wconf 86' lang='lat' dir='ltr'><strong>Synodi</strong></span> <span class='ocrx_word' id='word_1_53' title='bbox 846 1234 930 1291; x_wconf 83' lang='lat' dir='ltr'><strong>Vll</strong></span> <span class='ocrx_word' id='word_1_54' title='bbox 964 1250 1142 1291; x_wconf 89' lang='lat' dir='ltr'><strong>canon</strong></span> <span class='ocrx_word' id='word_1_55' title='bbox 1187 1233 1276 1290; x_wconf 83' lang='lat' dir='ltr'><strong>l6.</strong></span> 
     </span>
    </p>
   </div>
   <div class='ocr_carea' id='block_1_13' title="bbox 598 1321 2109 1399">
    <p class='ocr_par' dir='ltr' id='par_1_13' title="bbox 598 1321 2109 1399">
     <span class='ocr_line' id='line_1_13' title="bbox 598 1321 2109 1399; baseline -0.005 -15"><span class='ocrx_word' id='word_1_56' title='bbox 598 1329 690 1386; x_wconf 87' lang='lat'><strong>69.</strong></span> <span class='ocrx_word' id='word_1_57' title='bbox 716 1331 985 1399; x_wconf 88' lang='lat' dir='ltr'><strong>Oportere</strong></span> <span class='ocrx_word' id='word_1_58' title='bbox 1012 1330 1297 1399; x_wconf 87' lang='lat' dir='ltr'><strong>episcopos</strong></span> <span class='ocrx_word' id='word_1_59' title='bbox 1332 1336 1389 1382; x_wconf 92' lang='lat' dir='ltr'><strong>et</strong></span> <span class='ocrx_word' id='word_1_60' title='bbox 1417 1327 1764 1397; x_wconf 81' lang='lat' dir='ltr'><strong>presbyteros</strong></span> <span class='ocrx_word' id='word_1_61' title='bbox 1797 1338 1901 1380; x_wconf 91' lang='lat' dir='ltr'><strong>non</strong></span> <span class='ocrx_word' id='word_1_62' title='bbox 1937 1321 2109 1391; x_wconf 82' lang='lat' dir='ltr'><strong>negli-</strong></span> 
     </span>
    </p>
   </div>
   <div class='ocr_carea' id='block_1_14' title="bbox 536 1419 2111 1494">
    <p class='ocr_par' dir='ltr' id='par_1_14' title="bbox 536 1419 2111 1494">
     <span class='ocr_line' id='line_1_14' title="bbox 536 1419 2111 1494; baseline -0.004 -16"><span class='ocrx_word' id='word_1_63' title='bbox 536 1438 667 1493; x_wconf 87' lang='lat' dir='ltr'><strong>gere</strong></span> <span class='ocrx_word' id='word_1_64' title='bbox 704 1422 958 1494; x_wconf 88' lang='lat' dir='ltr'><strong>populum</strong></span> <span class='ocrx_word' id='word_1_65' title='bbox 1009 1422 1113 1478; x_wconf 86' lang='lat' dir='ltr'><strong>sibi</strong></span> <span class='ocrx_word' id='word_1_66' title='bbox 1149 1421 1449 1493; x_wconf 61' lang='lat' dir='ltr'><strong>subditum,</strong></span> <span class='ocrx_word' id='word_1_67' title='bbox 1484 1435 1551 1475; x_wconf 90' lang='lat' dir='ltr'><strong>ac</strong></span> <span class='ocrx_word' id='word_1_68' title='bbox 1586 1419 1725 1473; x_wconf 86' lang='lat' dir='ltr'><strong>ultra</strong></span> <span class='ocrx_word' id='word_1_69' title='bbox 1757 1433 1856 1474; x_wconf 83' lang='lat' dir='ltr'><strong>sex</strong></span> <span class='ocrx_word' id='word_1_70' title='bbox 1895 1430 2111 1473; x_wconf 83' lang='lat' dir='ltr'><strong>menses</strong></span> 
     </span>
    </p>
   </div>
   <div class='ocr_carea' id='block_1_15' title="bbox 538 1507 2110 1580">
    <p class='ocr_par' dir='ltr' id='par_1_15' title="bbox 538 1507 2110 1580">
     <span class='ocr_line' id='line_1_15' title="bbox 538 1507 2110 1580; baseline -0.005 -10"><span class='ocrx_word' id='word_1_71' title='bbox 538 1532 569 1570; x_wconf 87' lang='lat' dir='ltr'><strong>a</strong></span> <span class='ocrx_word' id='word_1_72' title='bbox 601 1531 699 1571; x_wconf 86' lang='lat' dir='ltr'><strong>sua</strong></span> <span class='ocrx_word' id='word_1_73' title='bbox 732 1514 984 1573; x_wconf 80' lang='lat' dir='ltr'><strong>Ecclesia</strong></span> <span class='ocrx_word' id='word_1_74' title='bbox 1024 1515 1238 1571; x_wconf 85' lang='lat' dir='ltr'><strong>abesse.</strong></span> <span class='ocrx_word' id='word_1_75' title='bbox 1271 1511 1378 1580; x_wconf 88' lang='lat' dir='ltr'><strong>Qui</strong></span> <span class='ocrx_word' id='word_1_76' title='bbox 1423 1512 1569 1568; x_wconf 88' lang='lat' dir='ltr'><strong>enim</strong></span> <span class='ocrx_word' id='word_1_77' title='bbox 1616 1512 1695 1567; x_wconf 85' lang='lat' dir='ltr'><strong>sic</strong></span> <span class='ocrx_word' id='word_1_78' title='bbox 1731 1510 1939 1566; x_wconf 80' lang='lat' dir='ltr'><strong>faciunt</strong></span> <span class='ocrx_word' id='word_1_79' title='bbox 1970 1507 2110 1576; x_wconf 83' lang='lat' dir='ltr'><strong>deji-</strong></span> 
     </span>
    </p>
   </div>
   <div class='ocr_carea' id='block_1_16' title="bbox 533 1605 1585 1678">
    <p class='ocr_par' dir='ltr' id='par_1_16' title="bbox 533 1605 1585 1678">
     <span class='ocr_line' id='line_1_16' title="bbox 533 1605 1585 1678; baseline 0.005 -18"><span class='ocrx_word' id='word_1_80' title='bbox 533 1605 780 1663; x_wconf 86' lang='lat' dir='ltr'><strong>ciuntur.</strong></span> <span class='ocrx_word' id='word_1_81' title='bbox 1580 1674 1585 1678; x_wconf 20' lang='grc' dir='ltr'><strong>ν</strong></span> 
     </span>
    </p>
   </div>
   <div class='ocr_carea' id='block_1_17' title="bbox 604 1693 1686 1768">
    <p class='ocr_par' dir='ltr' id='par_1_17' title="bbox 604 1693 1686 1768">
     <span class='ocr_line' id='line_1_17' title="bbox 604 1693 1686 1768; baseline 0 -17"><span class='ocrx_word' id='word_1_82' title='bbox 604 1696 930 1753; x_wconf 89' lang='lat' dir='ltr'><strong>Sanctorum</strong></span> <span class='ocrx_word' id='word_1_83' title='bbox 962 1695 1345 1768; x_wconf 79' lang='lat' dir='ltr'><strong>Apostolorum</strong></span> <span class='ocrx_word' id='word_1_84' title='bbox 1382 1709 1556 1749; x_wconf 91' lang='lat' dir='ltr'><strong>canon</strong></span> <span class='ocrx_word' id='word_1_85' title='bbox 1595 1693 1686 1751; x_wconf 88' lang='grc'><strong>58.</strong></span> 
     </span>
    </p>
   </div>
   <div class='ocr_carea' id='block_1_18' title="bbox 604 1782 2023 1859">
    <p class='ocr_par' dir='ltr' id='par_1_18' title="bbox 604 1782 2023 1859">
     <span class='ocr_line' id='line_1_18' title="bbox 604 1782 2023 1859; baseline -0.004 -16"><span class='ocrx_word' id='word_1_86' title='bbox 604 1786 809 1859; x_wconf 77' lang='lat' dir='ltr'><strong>Synodi</strong></span> <span class='ocrx_word' id='word_1_87' title='bbox 837 1788 1300 1859; x_wconf 74' lang='lat' dir='ltr'><strong>Carthaginiensis</strong></span> <span class='ocrx_word' id='word_1_88' title='bbox 1332 1801 1508 1847; x_wconf 85' lang='lat' dir='ltr'><strong>canon</strong></span> <span class='ocrx_word' id='word_1_89' title='bbox 1554 1785 1643 1852; x_wconf 89' lang='lat' dir='ltr'><strong>7t,</strong></span> <span class='ocrx_word' id='word_1_90' title='bbox 1678 1782 1772 1839; x_wconf 70' lang='grc'><strong>121</strong></span> <span class='ocrx_word' id='word_1_91' title='bbox 1811 1792 1866 1839; x_wconf 90' lang='lat' dir='ltr'><strong>et</strong></span> <span class='ocrx_word' id='word_1_92' title='bbox 1899 1782 2023 1839; x_wconf 71' lang='lat' dir='ltr'><strong>l25.</strong></span> 
     </span>
    </p>
   </div>
   <div class='ocr_carea' id='block_1_19' title="bbox 2214 594 2976 665">
    <p class='ocr_par' dir='ltr' id='par_1_19' title="bbox 2214 594 2976 665">
     <span class='ocr_line' id='line_1_19' title="bbox 2214 594 2976 665; baseline 0.003 -17"><span class='ocrx_word' id='word_1_93' title='bbox 2214 598 2442 664; x_wconf 60' lang='grc' dir='ltr'>κρατεῖν</span> <span class='ocrx_word' id='word_1_94' title='bbox 2471 594 2569 665; x_wconf 80' lang='grc' dir='ltr'>τὴν</span> <span class='ocrx_word' id='word_1_95' title='bbox 2598 595 2813 648; x_wconf 81' lang='grc' dir='ltr'>ἐκείνου</span> <span class='ocrx_word' id='word_1_96' title='bbox 2849 595 2976 663; x_wconf 80' lang='grc' dir='ltr'>γῆν.</span> 
     </span>
    </p>
   </div>
   <div class='ocr_carea' id='block_1_20' title="bbox 2284 684 3472 756">
    <p class='ocr_par' dir='ltr' id='par_1_20' title="bbox 2284 684 3472 756">
     <span class='ocr_line' id='line_1_20' title="bbox 2284 684 3472 756; baseline 0 -18"><span class='ocrx_word' id='word_1_97' title='bbox 2284 686 2516 738; x_wconf 77' lang='grc' dir='ltr'>Συνόδου</span> <span class='ocrx_word' id='word_1_98' title='bbox 2536 685 2898 756; x_wconf 82' lang='grc' dir='ltr'>Καρθαγένη-</span> <span class='ocrx_word' id='word_1_99' title='bbox 2928 685 3109 740; x_wconf 76' lang='grc' dir='ltr'>κανὼν</span> <span class='ocrx_word' id='word_1_100' title='bbox 3140 684 3210 739; x_wconf 76' lang='grc' dir='ltr'>σε’</span> <span class='ocrx_word' id='word_1_101' title='bbox 3237 687 3334 739; x_wconf 69' lang='grc' dir='ltr'>καὶ</span> <span class='ocrx_word' id='word_1_102' title='bbox 3364 684 3472 751; x_wconf 60' lang='grc' dir='ltr'>ις’.</span> 
     </span>
    </p>
   </div>
   <div class='ocr_carea' id='block_1_21' title="bbox 2283 775 3111 844">
    <p class='ocr_par' dir='ltr' id='par_1_21' title="bbox 2283 775 3111 844">
     <span class='ocr_line' id='line_1_21' title="bbox 2283 775 3111 844; baseline -0.001 -15"><span class='ocrx_word' id='word_1_103' title='bbox 2283 775 2392 829; x_wconf 74' lang='grc' dir='ltr'><strong>Καὶ</strong></span> <span class='ocrx_word' id='word_1_104' title='bbox 2416 775 2638 844; x_wconf 74' lang='grc' dir='ltr'>νομικὸν</span> <span class='ocrx_word' id='word_1_105' title='bbox 2671 775 2970 843; x_wconf 81' lang='grc' dir='ltr'>κεφάλαιον</span> <span class='ocrx_word' id='word_1_106' title='bbox 3003 783 3111 828; x_wconf 88' lang='grc' dir='ltr'>κα’.</span> 
     </span>
    </p>
   </div>
   <div class='ocr_carea' id='block_1_22' title="bbox 2280 863 3793 936">
    <p class='ocr_par' dir='ltr' id='par_1_22' title="bbox 2280 863 3793 936">
     <span class='ocr_line' id='line_1_22' title="bbox 2280 863 3793 936; baseline -0.001 -20"><span class='ocrx_word' id='word_1_107' title='bbox 2280 864 2381 935; x_wconf 84' lang='grc' dir='ltr'>νη’.</span> <span class='ocrx_word' id='word_1_108' title='bbox 2415 865 2541 917; x_wconf 83' lang='grc' dir='ltr'>Ὅτι</span> <span class='ocrx_word' id='word_1_109' title='bbox 2582 866 2643 919; x_wconf 82' lang='grc' dir='ltr'><strong>οὺ</strong></span> <span class='ocrx_word' id='word_1_110' title='bbox 2671 865 2752 918; x_wconf 90' lang='grc' dir='ltr'><strong>δεῖ</strong></span> <span class='ocrx_word' id='word_1_111' title='bbox 2774 866 2978 933; x_wconf 77' lang='grc' dir='ltr'>ἐσθῆτα</span> <span class='ocrx_word' id='word_1_112' title='bbox 3018 868 3081 918; x_wconf 85' lang='grc' dir='ltr'><strong>ἐκ</strong></span> <span class='ocrx_word' id='word_1_113' title='bbox 3155 866 3403 936; x_wconf 83' lang='grc' dir='ltr'>σηρικῶν</span> <span class='ocrx_word' id='word_1_114' title='bbox 3453 863 3793 932; x_wconf 69' lang='grc' dir='ltr'>ὑφασμάτων</span> 
     </span>
    </p>
   </div>
   <div class='ocr_carea' id='block_1_23' title="bbox 2176 956 3793 1029">
    <p class='ocr_par' dir='ltr' id='par_1_23' title="bbox 2176 956 3793 1029">
     <span class='ocr_line' id='line_1_23' title="bbox 2176 956 3793 1029; baseline 0 -21"><span class='ocrx_word' id='word_1_115' title='bbox 2176 956 2546 1027; x_wconf 81' lang='grc' dir='ltr'>-ίερωμένους</span> <span class='ocrx_word' id='word_1_116' title='bbox 2579 958 3005 1026; x_wconf 76' lang='grc' dir='ltr'><strong>ἀμφιέννυσθαι,</strong></span> <span class='ocrx_word' id='word_1_117' title='bbox 3042 958 3074 1029; x_wconf 81' lang='grc' dir='ltr'>ἢ</span> <span class='ocrx_word' id='word_1_118' title='bbox 3114 957 3273 1029; x_wconf 80' lang='grc' dir='ltr'>μύρῳ</span> <span class='ocrx_word' id='word_1_119' title='bbox 3327 956 3581 1027; x_wconf 72' lang='grc' dir='ltr'><strong>χρίεσθαι</strong></span> <span class='ocrx_word' id='word_1_120' title='bbox 3611 972 3625 986; x_wconf 79' lang='grc'><strong><em>⁸</em></strong></span> <span class='ocrx_word' id='word_1_121' title='bbox 3654 957 3793 1024; x_wconf 66' lang='grc' dir='ltr'>ἀφο-</span> 
     </span>
    </p>
   </div>
   <div class='ocr_carea' id='block_1_24' title="bbox 2214 1047 3209 1121">
    <p class='ocr_par' dir='ltr' id='par_1_24' title="bbox 2214 1047 3209 1121">
     <span class='ocr_line' id='line_1_24' title="bbox 2214 1047 3209 1121; baseline 0.009 -24"><span class='ocrx_word' id='word_1_122' title='bbox 2214 1047 2464 1121; x_wconf 79' lang='grc' dir='ltr'>ρίζονται</span> <span class='ocrx_word' id='word_1_123' title='bbox 2491 1049 2603 1119; x_wconf 75' lang='grc' dir='ltr'><strong>γὰρ</strong></span> <span class='ocrx_word' id='word_1_124' title='bbox 2628 1051 2677 1103; x_wconf 86' lang='grc' dir='ltr'><strong>οῖ</strong></span> <span class='ocrx_word' id='word_1_125' title='bbox 2703 1049 2866 1103; x_wconf 86' lang='grc' dir='ltr'>τοῦτο</span> <span class='ocrx_word' id='word_1_126' title='bbox 2904 1049 3209 1113; x_wconf 86' lang='grc' dir='ltr'>ποιοῦντες.</span> 
     </span>
    </p>
   </div>
   <div class='ocr_carea' id='block_1_25' title="bbox 2281 1140 2958 1206">
    <p class='ocr_par' dir='ltr' id='par_1_25' title="bbox 2281 1140 2958 1206">
     <span class='ocr_line' id='line_1_25' title="bbox 2281 1140 2958 1206; baseline 0.003 -12"><span class='ocrx_word' id='word_1_127' title='bbox 2281 1141 2514 1194; x_wconf 82' lang='grc' dir='ltr'>Συνόδου</span> <span class='ocrx_word' id='word_1_128' title='bbox 2554 1147 2608 1205; x_wconf 82' lang='grc' dir='ltr'>ς’</span> <span class='ocrx_word' id='word_1_129' title='bbox 2635 1140 2815 1193; x_wconf 82' lang='grc' dir='ltr'>κανὼν</span> <span class='ocrx_word' id='word_1_130' title='bbox 2853 1142 2958 1206; x_wconf 76' lang='grc' dir='ltr'>κζ’.</span> 
     </span>
    </p>
   </div>
   <div class='ocr_carea' id='block_1_26' title="bbox 2285 1229 2945 1296">
    <p class='ocr_par' dir='ltr' id='par_1_26' title="bbox 2285 1229 2945 1296">
     <span class='ocr_line' id='line_1_26' title="bbox 2285 1229 2945 1296; baseline 0.005 -13"><span class='ocrx_word' id='word_1_131' title='bbox 2285 1230 2519 1283; x_wconf 84' lang='grc' dir='ltr'>Συνόδου</span> <span class='ocrx_word' id='word_1_132' title='bbox 2551 1230 2595 1294; x_wconf 82' lang='grc' dir='ltr'><strong>ζ’</strong></span> <span class='ocrx_word' id='word_1_133' title='bbox 2627 1229 2810 1284; x_wconf 85' lang='grc' dir='ltr'>κανὼν</span> <span class='ocrx_word' id='word_1_134' title='bbox 2847 1229 2945 1296; x_wconf 80' lang='grc' dir='ltr'>ις’.</span> 
     </span>
    </p>
   </div>
   <div class='ocr_carea' id='block_1_27' title="bbox 2282 1320 3795 1392">
    <p class='ocr_par' dir='ltr' id='par_1_27' title="bbox 2282 1320 3795 1392">
     <span class='ocr_line' id='line_1_27' title="bbox 2282 1320 3795 1392; baseline -0.005 -14"><span class='ocrx_word' id='word_1_135' title='bbox 2282 1323 2382 1378; x_wconf 90' lang='grc' dir='ltr'>νθ’.</span> <span class='ocrx_word' id='word_1_136' title='bbox 2414 1322 2539 1377; x_wconf 83' lang='grc' dir='ltr'>’Ότι</span> <span class='ocrx_word' id='word_1_137' title='bbox 2573 1323 2654 1376; x_wconf 87' lang='grc' dir='ltr'><strong>δεῖ</strong></span> <span class='ocrx_word' id='word_1_138' title='bbox 2682 1323 2810 1385; x_wconf 79' lang='grc' dir='ltr'>τοὺς</span> <span class='ocrx_word' id='word_1_139' title='bbox 2863 1322 3202 1387; x_wconf 77' lang='grc' dir='ltr'><strong>ἐπισκόπους</strong></span> <span class='ocrx_word' id='word_1_140' title='bbox 3255 1322 3348 1376; x_wconf 75' lang='grc' dir='ltr'><strong>καὶ</strong></span> <span class='ocrx_word' id='word_1_141' title='bbox 3383 1320 3795 1392; x_wconf 79' lang='grc' dir='ltr'>πρεσϐυτέρους</span> 
     </span>
    </p>
   </div>
   <div class='ocr_carea' id='block_1_28' title="bbox 2217 1410 3795 1485">
    <p class='ocr_par' dir='ltr' id='par_1_28' title="bbox 2217 1410 3795 1485">
     <span class='ocr_line' id='line_1_28' title="bbox 2217 1410 3795 1485; baseline -0.004 -18"><span class='ocrx_word' id='word_1_142' title='bbox 2217 1415 2294 1485; x_wconf 83' lang='grc' dir='ltr'>μὴ</span> <span class='ocrx_word' id='word_1_143' title='bbox 2324 1413 2551 1484; x_wconf 83' lang='grc' dir='ltr'><strong>ἀμελεῖν</strong></span> <span class='ocrx_word' id='word_1_144' title='bbox 2577 1411 2675 1466; x_wconf 81' lang='grc' dir='ltr'><strong>τοῦ</strong></span> <span class='ocrx_word' id='word_1_145' title='bbox 2705 1412 3071 1482; x_wconf 74' lang='grc' dir='ltr'>ὑποκειμένου</span> <span class='ocrx_word' id='word_1_146' title='bbox 3099 1413 3285 1475; x_wconf 81' lang='grc' dir='ltr'>αὑτοῖς</span> <span class='ocrx_word' id='word_1_147' title='bbox 3324 1413 3479 1473; x_wconf 87' lang='grc' dir='ltr'>λαοῦ,</span> <span class='ocrx_word' id='word_1_148' title='bbox 3506 1411 3600 1463; x_wconf 75' lang='grc' dir='ltr'>καὶ</span> <span class='ocrx_word' id='word_1_149' title='bbox 3649 1410 3795 1479; x_wconf 73' lang='grc' dir='ltr'>ὑπὲρ</span> 
     </span>
    </p>
   </div>
   <div class='ocr_carea' id='block_1_29' title="bbox 2212 1503 3796 1576">
    <p class='ocr_par' dir='ltr' id='par_1_29' title="bbox 2212 1503 3796 1576">
     <span class='ocr_line' id='line_1_29' title="bbox 2212 1503 3796 1576; baseline -0.003 -17"><span class='ocrx_word' id='word_1_150' title='bbox 2212 1505 2274 1560; x_wconf 84' lang='grc' dir='ltr'><strong>τδ</strong></span> <span class='ocrx_word' id='word_1_151' title='bbox 2294 1505 2565 1576; x_wconf 75' lang='grc' dir='ltr'><strong>ἑξάμηνον</strong></span> <span class='ocrx_word' id='word_1_152' title='bbox 2608 1506 2707 1575; x_wconf 82' lang='grc' dir='ltr'>τῆς</span> <span class='ocrx_word' id='word_1_153' title='bbox 2736 1504 2944 1567; x_wconf 85' lang='grc' dir='ltr'>οίκείας</span> <span class='ocrx_word' id='word_1_154' title='bbox 2975 1503 3305 1572; x_wconf 81' lang='grc' dir='ltr'>ἀφίστασθαι</span> <span class='ocrx_word' id='word_1_155' title='bbox 3346 1503 3670 1573; x_wconf 84' lang='grc' dir='ltr'>Ἐκκλησίας</span> <span class='ocrx_word' id='word_1_156' title='bbox 3696 1516 3712 1532; x_wconf 77' lang='grc'><strong>⁸</strong></span> <span class='ocrx_word' id='word_1_157' title='bbox 3743 1504 3796 1555; x_wconf 87' lang='grc' dir='ltr'><strong>οί</strong></span> 
     </span>
    </p>
   </div>
   <div class='ocr_carea' id='block_1_30' title="bbox 2211 1594 3264 1670">
    <p class='ocr_par' dir='ltr' id='par_1_30' title="bbox 2211 1594 3264 1670">
     <span class='ocr_line' id='line_1_30' title="bbox 2211 1594 3264 1670; baseline -0.005 -18"><span class='ocrx_word' id='word_1_158' title='bbox 2211 1598 2321 1670; x_wconf 81' lang='grc' dir='ltr'><strong>γὰρ</strong></span> <span class='ocrx_word' id='word_1_159' title='bbox 2359 1596 2503 1650; x_wconf 70' lang='grc' dir='ltr'>οὓτω</span> <span class='ocrx_word' id='word_1_160' title='bbox 2533 1596 2817 1660; x_wconf 86' lang='grc' dir='ltr'>ποιοῦντες</span> <span class='ocrx_word' id='word_1_161' title='bbox 2848 1594 3264 1668; x_wconf 72' lang='grc' dir='ltr'><strong>καθαιροῦνται.</strong></span> 
     </span>
    </p>
   </div>
   <div class='ocr_carea' id='block_1_31' title="bbox 2286 1685 3301 1758">
    <p class='ocr_par' dir='ltr' id='par_1_31' title="bbox 2286 1685 3301 1758">
     <span class='ocr_line' id='line_1_31' title="bbox 2286 1685 3301 1758; baseline 0 -16"><span class='ocrx_word' id='word_1_162' title='bbox 2286 1689 2412 1744; x_wconf 84' lang='grc' dir='ltr'>Τῶν</span> <span class='ocrx_word' id='word_1_163' title='bbox 2442 1690 2615 1758; x_wconf 76' lang='grc' dir='ltr'>ἁγίων</span> <span class='ocrx_word' id='word_1_164' title='bbox 2645 1688 2965 1743; x_wconf 85' lang='grc' dir='ltr'><strong>ἀποστόλων</strong></span> <span class='ocrx_word' id='word_1_165' title='bbox 2990 1686 3173 1742; x_wconf 85' lang='grc' dir='ltr'>κανὼν</span> <span class='ocrx_word' id='word_1_166' title='bbox 3197 1685 3301 1756; x_wconf 86' lang='grc' dir='ltr'>νη’.</span> 
     </span>
    </p>
   </div>
   <div class='ocr_carea' id='block_1_32' title="bbox 2287 1778 3653 1852">
    <p class='ocr_par' dir='ltr' id='par_1_32' title="bbox 2287 1778 3653 1852">
     <span class='ocr_line' id='line_1_32' title="bbox 2287 1778 3653 1852; baseline 0 -18"><span class='ocrx_word' id='word_1_167' title='bbox 2287 1781 2515 1837; x_wconf 79' lang='grc' dir='ltr'>Συνόδου</span> <span class='ocrx_word' id='word_1_168' title='bbox 2541 1781 2911 1852; x_wconf 79' lang='grc' dir='ltr'>Καρθαγένης</span> <span class='ocrx_word' id='word_1_169' title='bbox 2949 1778 3134 1835; x_wconf 87' lang='grc' dir='ltr'>κανὼν</span> <span class='ocrx_word' id='word_1_170' title='bbox 3161 1786 3263 1846; x_wconf 88' lang='lat' dir='ltr'><strong>oa&#39;,</strong></span> <span class='ocrx_word' id='word_1_171' title='bbox 3303 1786 3474 1852; x_wconf 65' lang='lat' dir='ltr'><strong>pata&quot;,</strong></span> <span class='ocrx_word' id='word_1_172' title='bbox 3508 1780 3653 1851; x_wconf 87' lang='grc' dir='ltr'>ρκγ’.</span> 
     </span>
    </p>
   </div>
   <div class='ocr_carea' id='block_1_33' title="bbox 612 1854 2123 1952">
    <p class='ocr_par' dir='ltr' id='par_1_33' title="bbox 612 1854 2112 1952">
     <span class='ocr_line' id='line_1_33' title="bbox 612 1854 2112 1952; baseline -0.003 -17"><span class='ocrx_word' id='word_1_173' title='bbox 612 1854 819 1952; x_wconf 73' lang='lat' dir='ltr'><strong>Synodi</strong></span> <span class='ocrx_word' id='word_1_174' title='bbox 855 1880 911 1935; x_wconf 89' lang='lat' dir='ltr'><strong>in</strong></span> <span class='ocrx_word' id='word_1_175' title='bbox 945 1854 1144 1952; x_wconf 73' lang='lat' dir='ltr'><strong>templo</strong></span> <span class='ocrx_word' id='word_1_176' title='bbox 1176 1879 1504 1949; x_wconf 87' lang='lat' dir='ltr'><strong>Sanctorum</strong></span> <span class='ocrx_word' id='word_1_177' title='bbox 1550 1875 1934 1949; x_wconf 79' lang='lat' dir='ltr'><strong>Apostolorum</strong></span> <span class='ocrx_word' id='word_1_178' title='bbox 1968 1874 2112 1932; x_wconf 86' lang='lat' dir='ltr'><strong>cele-</strong></span> 
     </span>
    </p>
   </div>
   <div class='ocr_carea' id='block_1_34' title="bbox 2224 1854 3806 1952">
    <p class='ocr_par' dir='ltr' id='par_1_34' title="bbox 2286 1869 3806 1943">
     <span class='ocr_line' id='line_1_34' title="bbox 2286 1869 3806 1943; baseline -0.001 -17"><span class='ocrx_word' id='word_1_179' title='bbox 2286 1871 2517 1926; x_wconf 86' lang='grc' dir='ltr'>Συνόδου</span> <span class='ocrx_word' id='word_1_180' title='bbox 2540 1873 2598 1924; x_wconf 91' lang='grc' dir='ltr'><strong>ἐν</strong></span> <span class='ocrx_word' id='word_1_181' title='bbox 2622 1870 2700 1941; x_wconf 82' lang='grc' dir='ltr'>τῷ</span> <span class='ocrx_word' id='word_1_182' title='bbox 2727 1869 2842 1943; x_wconf 82' lang='grc' dir='ltr'><strong>ναῷ</strong></span> <span class='ocrx_word' id='word_1_183' title='bbox 2861 1872 2974 1924; x_wconf 85' lang='grc' dir='ltr'><strong>τῶν</strong></span> <span class='ocrx_word' id='word_1_184' title='bbox 3051 1869 3254 1939; x_wconf 81' lang='grc' dir='ltr'>’Δγίων</span> <span class='ocrx_word' id='word_1_185' title='bbox 3311 1870 3655 1925; x_wconf 84' lang='grc' dir='ltr'>Ἀποστόλων</span> <span class='ocrx_word' id='word_1_186' title='bbox 3702 1888 3806 1924; x_wconf 87' lang='grc' dir='ltr'>κα-</span> 
     </span>
    </p>
   </div>
   <div class='ocr_carea' id='block_1_35' title="bbox 535 1971 984 2027">
    <p class='ocr_par' dir='ltr' id='par_1_35' title="bbox 535 1971 984 2027">
     <span class='ocr_line' id='line_1_35' title="bbox 535 1971 984 2027; baseline 0.002 -1"><span class='ocrx_word' id='word_1_187' title='bbox 535 1971 706 2027; x_wconf 71' lang='lat' dir='ltr'><strong>brata:</strong></span> <span class='ocrx_word' id='word_1_188' title='bbox 735 1987 862 2026; x_wconf 87' lang='lat' dir='ltr'><strong>can.</strong></span> <span class='ocrx_word' id='word_1_189' title='bbox 892 1971 984 2027; x_wconf 85' lang='grc'><strong>16.</strong></span> 
     </span>
    </p>
   </div>
   <div class='ocr_carea' id='block_1_36' title="bbox 604 2058 2115 2135">
    <p class='ocr_par' dir='ltr' id='par_1_36' title="bbox 604 2058 2115 2135">
     <span class='ocr_line' id='line_1_36' title="bbox 604 2058 2115 2135; baseline -0.004 -15"><span class='ocrx_word' id='word_1_190' title='bbox 604 2064 695 2121; x_wconf 88' lang='grc'><strong>60.</strong></span> <span class='ocrx_word' id='word_1_191' title='bbox 735 2063 1004 2135; x_wconf 88' lang='lat' dir='ltr'><strong>Oportere</strong></span> <span class='ocrx_word' id='word_1_192' title='bbox 1040 2063 1334 2135; x_wconf 87' lang='lat' dir='ltr'><strong>episcopos</strong></span> <span class='ocrx_word' id='word_1_193' title='bbox 1364 2071 1419 2118; x_wconf 91' lang='lat' dir='ltr'><strong>et</strong></span> <span class='ocrx_word' id='word_1_194' title='bbox 1450 2062 1798 2134; x_wconf 86' lang='lat' dir='ltr'><strong>presbyteros</strong></span> <span class='ocrx_word' id='word_1_195' title='bbox 1826 2058 2115 2131; x_wconf 78' lang='lat' dir='ltr'><strong>egentibus</strong></span> 
     </span>
    </p>
   </div>
   <div class='ocr_carea' id='block_1_37' title="bbox 537 2151 2114 2225">
    <p class='ocr_par' dir='ltr' id='par_1_37' title="bbox 537 2151 2114 2225">
     <span class='ocr_line' id='line_1_37' title="bbox 537 2151 2114 2225; baseline -0.004 -12"><span class='ocrx_word' id='word_1_196' title='bbox 537 2155 642 2214; x_wconf 88' lang='lat' dir='ltr'><strong>sibi</strong></span> <span class='ocrx_word' id='word_1_197' title='bbox 672 2155 910 2213; x_wconf 83' lang='lat' dir='ltr'><strong>subditis</strong></span> <span class='ocrx_word' id='word_1_198' title='bbox 947 2157 1261 2212; x_wconf 87' lang='lat' dir='ltr'><strong>necessaria</strong></span> <span class='ocrx_word' id='word_1_199' title='bbox 1295 2156 1362 2210; x_wconf 90' lang='lat' dir='ltr'><strong>ad</strong></span> <span class='ocrx_word' id='word_1_200' title='bbox 1391 2156 1556 2209; x_wconf 87' lang='lat' dir='ltr'><strong>vitam</strong></span> <span class='ocrx_word' id='word_1_201' title='bbox 1591 2152 1981 2225; x_wconf 84' lang='lat' dir='ltr'><strong>suppeditare:</strong></span> <span class='ocrx_word' id='word_1_202' title='bbox 2016 2151 2114 2223; x_wconf 89' lang='lat' dir='ltr'><strong>qui</strong></span> 
     </span>
    </p>
   </div>
   <div class='ocr_carea' id='block_1_38' title="bbox 534 2234 1608 2321">
    <p class='ocr_par' dir='ltr' id='par_1_38' title="bbox 534 2234 1608 2321">
     <span class='ocr_line' id='line_1_38' title="bbox 534 2234 1608 2321; baseline -0.003 -14"><span class='ocrx_word' id='word_1_203' title='bbox 534 2234 684 2307; x_wconf 79' lang='lat' dir='ltr'><strong>enim</strong></span> <span class='ocrx_word' id='word_1_204' title='bbox 722 2264 830 2307; x_wconf 91' lang='lat' dir='ltr'><strong>non</strong></span> <span class='ocrx_word' id='word_1_205' title='bbox 880 2251 957 2306; x_wconf 89' lang='lat' dir='ltr'><strong>ita</strong></span> <span class='ocrx_word' id='word_1_206' title='bbox 986 2248 1197 2306; x_wconf 77' lang='lat' dir='ltr'><strong>iaciunt</strong></span> <span class='ocrx_word' id='word_1_207' title='bbox 1236 2249 1608 2321; x_wconf 87' lang='lat' dir='ltr'><strong>deponuntur.</strong></span> 
     </span>
    </p>
   </div>
   <div class='ocr_carea' id='block_1_39' title="bbox 609 2425 1654 2500">
    <p class='ocr_par' dir='ltr' id='par_1_39' title="bbox 609 2425 1654 2500">
     <span class='ocr_line' id='line_1_39' title="bbox 609 2425 1654 2500; baseline 0.001 -17"><span class='ocrx_word' id='word_1_208' title='bbox 609 2425 937 2485; x_wconf 80' lang='lat' dir='ltr'><strong>Sanctorum</strong></span> <span class='ocrx_word' id='word_1_209' title='bbox 962 2428 1331 2500; x_wconf 85' lang='lat' dir='ltr'><strong>apostolorum</strong></span> <span class='ocrx_word' id='word_1_210' title='bbox 1362 2445 1536 2486; x_wconf 88' lang='lat' dir='ltr'><strong>canon</strong></span> <span class='ocrx_word' id='word_1_211' title='bbox 1563 2430 1654 2486; x_wconf 81' lang='lat'><strong>59.</strong></span> 
     </span>
    </p>
   </div>
   <div class='ocr_carea' id='block_1_40' title="bbox 610 2517 2115 2595">
    <p class='ocr_par' dir='ltr' id='par_1_40' title="bbox 610 2517 2115 2595">
     <span class='ocr_line' id='line_1_40' title="bbox 610 2517 2115 2595; baseline 0.003 -21"><span class='ocrx_word' id='word_1_212' title='bbox 610 2517 703 2574; x_wconf 79' lang='grc'><strong>61.</strong></span> <span class='ocrx_word' id='word_1_213' title='bbox 742 2517 860 2576; x_wconf 86' lang='grc' dir='ltr'><strong>Νοη</strong></span> <span class='ocrx_word' id='word_1_214' title='bbox 888 2530 1142 2590; x_wconf 86' lang='lat' dir='ltr'><strong>oportere</strong></span> <span class='ocrx_word' id='word_1_215' title='bbox 1167 2521 1585 2593; x_wconf 84' lang='lat' dir='ltr'><strong>chorepiscopos</strong></span> <span class='ocrx_word' id='word_1_216' title='bbox 1608 2524 1863 2579; x_wconf 89' lang='lat' dir='ltr'><strong>ordinare</strong></span> <span class='ocrx_word' id='word_1_217' title='bbox 1889 2521 2115 2595; x_wconf 85' lang='lat' dir='ltr'><strong>presby-</strong></span> 
     </span>
    </p>
   </div>
   <div class='ocr_carea' id='block_1_41' title="bbox 540 2611 2117 2681">
    <p class='ocr_par' dir='ltr' id='par_1_41' title="bbox 540 2611 2117 2681">
     <span class='ocr_line' id='line_1_41' title="bbox 540 2611 2117 2681; baseline 0.001 -16"><span class='ocrx_word' id='word_1_218' title='bbox 540 2618 721 2666; x_wconf 83' lang='lat' dir='ltr'><strong>terum</strong></span> <span class='ocrx_word' id='word_1_219' title='bbox 753 2621 807 2667; x_wconf 91' lang='lat' dir='ltr'><strong>et</strong></span> <span class='ocrx_word' id='word_1_220' title='bbox 838 2611 1155 2681; x_wconf 84' lang='lat' dir='ltr'><strong>diaconum,</strong></span> <span class='ocrx_word' id='word_1_221' title='bbox 1204 2613 1299 2670; x_wconf 89' lang='lat' dir='ltr'><strong>sed</strong></span> <span class='ocrx_word' id='word_1_222' title='bbox 1337 2622 1547 2669; x_wconf 81' lang='lat' dir='ltr'><strong>tantum</strong></span> <span class='ocrx_word' id='word_1_223' title='bbox 1594 2613 1978 2681; x_wconf 84' lang='lat' dir='ltr'><strong>subdiaconos,</strong></span> <span class='ocrx_word' id='word_1_224' title='bbox 2035 2615 2117 2667; x_wconf 90' lang='lat' dir='ltr'><strong>le-</strong></span> 
     </span>
    </p>
   </div>
   <div class='ocr_carea' id='block_1_42' title="bbox 537 2703 2115 2776">
    <p class='ocr_par' dir='ltr' id='par_1_42' title="bbox 537 2703 2115 2776">
     <span class='ocr_line' id='line_1_42' title="bbox 537 2703 2115 2776; baseline 0.003 -19"><span class='ocrx_word' id='word_1_225' title='bbox 537 2709 722 2758; x_wconf 88' lang='lat' dir='ltr'><strong>ctores</strong></span> <span class='ocrx_word' id='word_1_226' title='bbox 754 2712 811 2758; x_wconf 86' lang='lat' dir='ltr'><strong>et</strong></span> <span class='ocrx_word' id='word_1_227' title='bbox 855 2703 1157 2761; x_wconf 81' lang='lat' dir='ltr'><strong>exorcistas</strong></span> <span class='ocrx_word' id='word_1_228' title='bbox 1186 2722 1200 2760; x_wconf 93' lang='lat'>:</span> <span class='ocrx_word' id='word_1_229' title='bbox 1234 2704 1362 2769; x_wconf 87' lang='lat' dir='ltr'><strong>item</strong></span> <span class='ocrx_word' id='word_1_230' title='bbox 1392 2705 1718 2761; x_wconf 88' lang='lat' dir='ltr'><strong>circnitores</strong></span> <span class='ocrx_word' id='word_1_231' title='bbox 1748 2706 1925 2776; x_wconf 87' lang='lat' dir='ltr'><strong>pOlius</strong></span> <span class='ocrx_word' id='word_1_232' title='bbox 1952 2721 2115 2776; x_wconf 86' lang='lat' dir='ltr'><strong>quam</strong></span> 
     </span>
    </p>
   </div>
   <div class='ocr_carea' id='block_1_43' title="bbox 540 2793 1589 2867">
    <p class='ocr_par' dir='ltr' id='par_1_43' title="bbox 540 2793 1589 2867">
     <span class='ocr_line' id='line_1_43' title="bbox 540 2793 1589 2867; baseline 0.003 -18"><span class='ocrx_word' id='word_1_233' title='bbox 540 2793 969 2867; x_wconf 85' lang='lat' dir='ltr'><strong>cborepiscopos</strong></span> <span class='ocrx_word' id='word_1_234' title='bbox 998 2811 1120 2853; x_wconf 87' lang='lat' dir='ltr'><strong>esse</strong></span> <span class='ocrx_word' id='word_1_235' title='bbox 1154 2796 1589 2854; x_wconf 90' lang='lat' dir='ltr'><strong>constituendos.</strong></span> 
     </span>
    </p>
   </div>
   <div class='ocr_carea' id='block_1_44' title="bbox 609 2885 1480 2958">
    <p class='ocr_par' dir='ltr' id='par_1_44' title="bbox 609 2885 1480 2958">
     <span class='ocr_line' id='line_1_44' title="bbox 609 2885 1480 2958; baseline 0.005 -18"><span class='ocrx_word' id='word_1_236' title='bbox 609 2885 816 2957; x_wconf 81' lang='lat' dir='ltr'><strong>Synodi</strong></span> <span class='ocrx_word' id='word_1_237' title='bbox 843 2887 1152 2958; x_wconf 74' lang='lat' dir='ltr'><strong>Ancyrante</strong></span> <span class='ocrx_word' id='word_1_238' title='bbox 1188 2892 1362 2945; x_wconf 89' lang='lat' dir='ltr'><strong>canon</strong></span> <span class='ocrx_word' id='word_1_239' title='bbox 1392 2889 1480 2944; x_wconf 89' lang='grc'><strong>15.</strong></span> 
     </span>
    </p>
   </div>
   <div class='ocr_carea' id='block_1_45' title="bbox 611 2977 1655 3050">
    <p class='ocr_par' dir='ltr' id='par_1_45' title="bbox 611 2977 1655 3050">
     <span class='ocr_line' id='line_1_45' title="bbox 611 2977 1655 3050; baseline 0.007 -18"><span class='ocrx_word' id='word_1_240' title='bbox 611 2977 818 3050; x_wconf 88' lang='lat' dir='ltr'><strong>Synodi</strong></span> <span class='ocrx_word' id='word_1_241' title='bbox 854 2977 1317 3037; x_wconf 71' lang='lat' dir='ltr'><strong>Neocaesariensis</strong></span> <span class='ocrx_word' id='word_1_242' title='bbox 1358 2997 1530 3038; x_wconf 88' lang='lat' dir='ltr'><strong>canon</strong></span> <span class='ocrx_word' id='word_1_243' title='bbox 1567 2985 1655 3039; x_wconf 88' lang='grc'><strong>15.</strong></span> 
     </span>
    </p>
   </div>
   <div class='ocr_carea' id='block_1_46' title="bbox 611 3067 1551 3140">
    <p class='ocr_par' dir='ltr' id='par_1_46' title="bbox 611 3067 1551 3140">
     <span class='ocr_line' id='line_1_46' title="bbox 611 3067 1551 3140; baseline 0.01 -17"><span class='ocrx_word' id='word_1_244' title='bbox 611 3067 816 3140; x_wconf 82' lang='lat' dir='ltr'><strong>Synodi</strong></span> <span class='ocrx_word' id='word_1_245' title='bbox 849 3070 1207 3130; x_wconf 69' lang='lat' dir='ltr'><strong>Antiochenaa</strong></span> <span class='ocrx_word' id='word_1_246' title='bbox 1241 3088 1417 3129; x_wconf 90' lang='lat' dir='ltr'><strong>canon</strong></span> <span class='ocrx_word' id='word_1_247' title='bbox 1461 3074 1551 3132; x_wconf 87' lang='grc'><strong>10.</strong></span> 
     </span>
    </p>
   </div>
   <div class='ocr_carea' id='block_1_47' title="bbox 614 3161 1520 3234">
    <p class='ocr_par' dir='ltr' id='par_1_47' title="bbox 614 3161 1520 3234">
     <span class='ocr_line' id='line_1_47' title="bbox 614 3161 1520 3234; baseline 0.009 -18"><span class='ocrx_word' id='word_1_248' title='bbox 614 3161 817 3234; x_wconf 90' lang='lat' dir='ltr'><strong>Synodi</strong></span> <span class='ocrx_word' id='word_1_249' title='bbox 851 3162 1174 3222; x_wconf 73' lang='lat' dir='ltr'><strong>Laodicenae</strong></span> <span class='ocrx_word' id='word_1_250' title='bbox 1215 3181 1391 3223; x_wconf 86' lang='lat' dir='ltr'><strong>canon</strong></span> <span class='ocrx_word' id='word_1_251' title='bbox 1427 3167 1520 3224; x_wconf 83' lang='lat'><strong>57.</strong></span> 
     </span>
    </p>
   </div>
   <div class='ocr_carea' id='block_1_48' title="bbox 615 3255 1370 3316">
    <p class='ocr_par' dir='ltr' id='par_1_48' title="bbox 615 3255 1370 3316">
     <span class='ocr_line' id='line_1_48' title="bbox 615 3255 1370 3316; baseline 0.008 -6"><span class='ocrx_word' id='word_1_252' title='bbox 615 3255 805 3313; x_wconf 84' lang='lat' dir='ltr'><strong>Sancti</strong></span> <span class='ocrx_word' id='word_1_253' title='bbox 832 3257 1017 3314; x_wconf 85' lang='lat' dir='ltr'><strong>Basilii</strong></span> <span class='ocrx_word' id='word_1_254' title='bbox 1064 3274 1240 3315; x_wconf 86' lang='lat' dir='ltr'><strong>canon</strong></span> <span class='ocrx_word' id='word_1_255' title='bbox 1278 3260 1370 3316; x_wconf 74' lang='lat'><strong>82.</strong></span> 
     </span>
    </p>
   </div>
   <div class='ocr_carea' id='block_1_49' title="bbox 616 3348 2119 3425">
    <p class='ocr_par' dir='ltr' id='par_1_49' title="bbox 616 3348 2119 3425">
     <span class='ocr_line' id='line_1_49' title="bbox 616 3348 2119 3425; baseline 0.001 -21"><span class='ocrx_word' id='word_1_256' title='bbox 616 3348 708 3405; x_wconf 78' lang='lat'><strong>62.</strong></span> <span class='ocrx_word' id='word_1_257' title='bbox 752 3348 1021 3421; x_wconf 88' lang='lat' dir='ltr'><strong>Oportere</strong></span> <span class='ocrx_word' id='word_1_258' title='bbox 1046 3366 1141 3409; x_wconf 89' lang='lat' dir='ltr'><strong>eos</strong></span> <span class='ocrx_word' id='word_1_259' title='bbox 1160 3353 1252 3423; x_wconf 78' lang='lat' dir='ltr'><strong>qui</strong></span> <span class='ocrx_word' id='word_1_260' title='bbox 1285 3362 1508 3425; x_wconf 87' lang='lat' dir='ltr'><strong>propter</strong></span> <span class='ocrx_word' id='word_1_261' title='bbox 1540 3353 1897 3407; x_wconf 87' lang='lat' dir='ltr'><strong>Barbarornm</strong></span> <span class='ocrx_word' id='word_1_262' title='bbox 1927 3350 2119 3406; x_wconf 86' lang='lat' dir='ltr'><strong>incur-</strong></span> 
     </span>
    </p>
   </div>
   <div class='ocr_carea' id='block_1_50' title="bbox 540 3440 2125 3514">
    <p class='ocr_par' dir='ltr' id='par_1_50' title="bbox 540 3440 2125 3514">
     <span class='ocr_line' id='line_1_50' title="bbox 540 3440 2125 3514; baseline 0.001 -17"><span class='ocrx_word' id='word_1_263' title='bbox 540 3440 775 3506; x_wconf 86' lang='lat' dir='ltr'><strong>sionem,</strong></span> <span class='ocrx_word' id='word_1_264' title='bbox 802 3450 898 3499; x_wconf 88' lang='lat' dir='ltr'><strong>aut</strong></span> <span class='ocrx_word' id='word_1_265' title='bbox 928 3443 1090 3498; x_wconf 84' lang='lat' dir='ltr'><strong>aliam</strong></span> <span class='ocrx_word' id='word_1_266' title='bbox 1121 3446 1501 3500; x_wconf 88' lang='lat' dir='ltr'><strong>necessitatem</strong></span> <span class='ocrx_word' id='word_1_267' title='bbox 1529 3454 1587 3500; x_wconf 88' lang='lat' dir='ltr'><strong>et</strong></span> <span class='ocrx_word' id='word_1_268' title='bbox 1614 3444 1721 3497; x_wconf 91' lang='lat' dir='ltr'><strong>vim</strong></span> <span class='ocrx_word' id='word_1_269' title='bbox 1757 3460 1862 3498; x_wconf 91' lang='lat' dir='ltr'><strong>non</strong></span> <span class='ocrx_word' id='word_1_270' title='bbox 1897 3454 2125 3514; x_wconf 78' lang='lat' dir='ltr'><strong>possunt</strong></span> 
     </span>
    </p>
   </div>
   <div class='ocr_carea' id='block_1_51' title="bbox 538 3532 2122 3609">
    <p class='ocr_par' dir='ltr' id='par_1_51' title="bbox 538 3532 2122 3609">
     <span class='ocr_line' id='line_1_51' title="bbox 538 3532 2122 3609; baseline 0.001 -22"><span class='ocrx_word' id='word_1_271' title='bbox 538 3532 712 3598; x_wconf 84' lang='lat' dir='ltr'><strong>abire,</strong></span> <span class='ocrx_word' id='word_1_272' title='bbox 729 3543 826 3589; x_wconf 91' lang='lat' dir='ltr'><strong>aut</strong></span> <span class='ocrx_word' id='word_1_273' title='bbox 838 3549 957 3590; x_wconf 88' lang='lat' dir='ltr'><strong>esse</strong></span> <span class='ocrx_word' id='word_1_274' title='bbox 973 3536 1025 3590; x_wconf 90' lang='lat' dir='ltr'><strong>in</strong></span> <span class='ocrx_word' id='word_1_275' title='bbox 1040 3536 1153 3593; x_wconf 86' lang='lat' dir='ltr'><strong>suis</strong></span> <span class='ocrx_word' id='word_1_276' title='bbox 1167 3536 1439 3602; x_wconf 87' lang='lat' dir='ltr'><strong>Ecclesiis,</strong></span> <span class='ocrx_word' id='word_1_277' title='bbox 1461 3541 1581 3595; x_wconf 87' lang='lat' dir='ltr'><strong>sine</strong></span> <span class='ocrx_word' id='word_1_278' title='bbox 1596 3538 1905 3609; x_wconf 62' lang='lat' dir='ltr'><strong>praeiudicio</strong></span> <span class='ocrx_word' id='word_1_279' title='bbox 1921 3534 2122 3590; x_wconf 78' lang='lat' dir='ltr'><strong>versari</strong></span> 
     </span>
    </p>
   </div>
   <div class='ocr_carea' id='block_1_52' title="bbox 541 3628 2126 3700">
    <p class='ocr_par' dir='ltr' id='par_1_52' title="bbox 541 3628 2126 3700">
     <span class='ocr_line' id='line_1_52' title="bbox 541 3628 2126 3700; baseline 0.003 -21"><span class='ocrx_word' id='word_1_280' title='bbox 541 3633 709 3694; x_wconf 87' lang='lat' dir='ltr'><strong>atque</strong></span> <span class='ocrx_word' id='word_1_281' title='bbox 737 3629 949 3698; x_wconf 88' lang='lat' dir='ltr'><strong>operari</strong></span> <span class='ocrx_word' id='word_1_282' title='bbox 981 3628 1037 3682; x_wconf 90' lang='lat' dir='ltr'><strong>in</strong></span> <span class='ocrx_word' id='word_1_283' title='bbox 1072 3628 1193 3684; x_wconf 86' lang='lat' dir='ltr'><strong>aliis</strong></span> <span class='ocrx_word' id='word_1_284' title='bbox 1225 3629 1571 3696; x_wconf 66' lang='lat' dir='ltr'><strong>dimcesibus,</strong></span> <span class='ocrx_word' id='word_1_285' title='bbox 1605 3632 1777 3687; x_wconf 89' lang='lat' dir='ltr'><strong>donec</strong></span> <span class='ocrx_word' id='word_1_286' title='bbox 1805 3645 1937 3700; x_wconf 88' lang='lat' dir='ltr'><strong>pace</strong></span> <span class='ocrx_word' id='word_1_287' title='bbox 1974 3629 2126 3683; x_wconf 77' lang='lat' dir='ltr'><strong>frua-</strong></span> 
     </span>
    </p>
   </div>
   <div class='ocr_carea' id='block_1_53' title="bbox 542 3718 2125 3793">
    <p class='ocr_par' dir='ltr' id='par_1_53' title="bbox 542 3718 2125 3793">
     <span class='ocr_line' id='line_1_53' title="bbox 542 3718 2125 3793; baseline 0.003 -22"><span class='ocrx_word' id='word_1_288' title='bbox 542 3724 634 3771; x_wconf 86' lang='lat' dir='ltr'><strong>tur</strong></span> <span class='ocrx_word' id='word_1_289' title='bbox 682 3732 874 3773; x_wconf 91' lang='lat' dir='ltr'><strong>eorum</strong></span> <span class='ocrx_word' id='word_1_290' title='bbox 934 3718 1201 3787; x_wconf 85' lang='lat' dir='ltr'><strong>Ecclesia,</strong></span> <span class='ocrx_word' id='word_1_291' title='bbox 1253 3722 1319 3776; x_wconf 88' lang='lat' dir='ltr'><strong>ad</strong></span> <span class='ocrx_word' id='word_1_292' title='bbox 1378 3738 1543 3793; x_wconf 88' lang='lat' dir='ltr'><strong>quam</strong></span> <span class='ocrx_word' id='word_1_293' title='bbox 1599 3733 1729 3778; x_wconf 92' lang='lat' dir='ltr'><strong>tunc</strong></span> <span class='ocrx_word' id='word_1_294' title='bbox 1789 3722 1910 3777; x_wconf 89' lang='lat' dir='ltr'><strong>licet</strong></span> <span class='ocrx_word' id='word_1_295' title='bbox 1970 3718 2125 3775; x_wconf 84' lang='lat' dir='ltr'><strong>inviti</strong></span> 
     </span>
    </p>
   </div>
   <div class='ocr_carea' id='block_1_54' title="bbox 546 3809 2123 3883">
    <p class='ocr_par' dir='ltr' id='par_1_54' title="bbox 546 3809 2123 3883">
     <span class='ocr_line' id='line_1_54' title="bbox 546 3809 2123 3883; baseline 0.003 -23"><span class='ocrx_word' id='word_1_296' title='bbox 546 3817 914 3865; x_wconf 82' lang='lat' dir='ltr'><strong>revertentur.</strong></span> <span class='ocrx_word' id='word_1_297' title='bbox 949 3809 1063 3865; x_wconf 87' lang='lat' dir='ltr'><strong>Nisi</strong></span> <span class='ocrx_word' id='word_1_298' title='bbox 1099 3810 1246 3866; x_wconf 89' lang='lat' dir='ltr'><strong>enim</strong></span> <span class='ocrx_word' id='word_1_299' title='bbox 1296 3811 1677 3878; x_wconf 87' lang='lat' dir='ltr'><strong>discesserint,</strong></span> <span class='ocrx_word' id='word_1_300' title='bbox 1729 3820 2123 3883; x_wconf 70' lang='lat' dir='ltr'><strong>segregantur;</strong></span> 
     </span>
    </p>
   </div>
   <div class='ocr_carea' id='block_1_55' title="bbox 544 3899 1881 3975">
    <p class='ocr_par' dir='ltr' id='par_1_55' title="bbox 544 3899 1881 3975">
     <span class='ocr_line' id='line_1_55' title="bbox 544 3899 1881 3975; baseline 0.005 -23"><span class='ocrx_word' id='word_1_301' title='bbox 544 3899 800 3956; x_wconf 86' lang='lat' dir='ltr'><strong>similiter</strong></span> <span class='ocrx_word' id='word_1_302' title='bbox 830 3903 997 3957; x_wconf 78' lang='lat' dir='ltr'><strong>etiam</strong></span> <span class='ocrx_word' id='word_1_303' title='bbox 1024 3903 1264 3973; x_wconf 81' lang='lat' dir='ltr'><strong>episcopi</strong></span> <span class='ocrx_word' id='word_1_304' title='bbox 1304 3905 1397 3973; x_wconf 88' lang='lat' dir='ltr'><strong>qni</strong></span> <span class='ocrx_word' id='word_1_305' title='bbox 1434 3904 1580 3975; x_wconf 89' lang='lat' dir='ltr'><strong>ipsos</strong></span> <span class='ocrx_word' id='word_1_306' title='bbox 1614 3903 1881 3960; x_wconf 89' lang='lat' dir='ltr'><strong>detinent.</strong></span> 
     </span>
    </p>
   </div>
   <div class='ocr_carea' id='block_1_56' title="bbox 619 4082 1650 4154">
    <p class='ocr_par' dir='ltr' id='par_1_56' title="bbox 619 4082 1650 4154">
     <span class='ocr_line' id='line_1_56' title="bbox 619 4082 1650 4154; baseline 0.006 -18"><span class='ocrx_word' id='word_1_307' title='bbox 619 4082 821 4154; x_wconf 83' lang='lat' dir='ltr'><strong>Synodi</strong></span> <span class='ocrx_word' id='word_1_308' title='bbox 854 4082 1314 4141; x_wconf 82' lang='lat' dir='ltr'><strong>Calchedonensis</strong></span> <span class='ocrx_word' id='word_1_309' title='bbox 1349 4100 1523 4141; x_wconf 88' lang='lat' dir='ltr'><strong>canon</strong></span> <span class='ocrx_word' id='word_1_310' title='bbox 1555 4085 1650 4143; x_wconf 75' lang='lat'><strong>20.</strong></span> 
     </span>
    </p>
   </div>
   <div class='ocr_carea' id='block_1_57' title="bbox 622 4173 1453 4245">
    <p class='ocr_par' dir='ltr' id='par_1_57' title="bbox 622 4173 1453 4245">
     <span class='ocr_line' id='line_1_57' title="bbox 622 4173 1453 4245; baseline 0.006 -17"><span class='ocrx_word' id='word_1_311' title='bbox 622 4173 825 4245; x_wconf 84' lang='lat' dir='ltr'><strong>Synodi</strong></span> <span class='ocrx_word' id='word_1_312' title='bbox 858 4173 924 4228; x_wconf 79' lang='lat' dir='ltr'><strong>Vl</strong></span> <span class='ocrx_word' id='word_1_313' title='bbox 958 4191 1135 4232; x_wconf 87' lang='lat' dir='ltr'><strong>canon</strong></span> <span class='ocrx_word' id='word_1_314' title='bbox 1168 4177 1236 4233; x_wconf 83' lang='grc'><strong>18</strong></span> <span class='ocrx_word' id='word_1_315' title='bbox 1277 4191 1332 4233; x_wconf 89' lang='lat' dir='ltr'><strong>et</strong></span> <span class='ocrx_word' id='word_1_316' title='bbox 1365 4179 1453 4234; x_wconf 85' lang='grc'><strong>57.</strong></span> 
     </span>
    </p>
   </div>
   <div class='ocr_carea' id='block_1_58' title="bbox 626 4264 2130 4338">
    <p class='ocr_par' dir='ltr' id='par_1_58' title="bbox 626 4264 2130 4338">
     <span class='ocr_line' id='line_1_58' title="bbox 626 4264 2130 4338; baseline 0.003 -20"><span class='ocrx_word' id='word_1_317' title='bbox 626 4264 717 4320; x_wconf 82' lang='grc'><strong>65.</strong></span> <span class='ocrx_word' id='word_1_318' title='bbox 757 4266 1024 4336; x_wconf 85' lang='lat' dir='ltr'><strong>Oportere</strong></span> <span class='ocrx_word' id='word_1_319' title='bbox 1055 4283 1150 4323; x_wconf 88' lang='lat' dir='ltr'><strong>eos</strong></span> <span class='ocrx_word' id='word_1_320' title='bbox 1178 4267 1272 4338; x_wconf 88' lang='lat' dir='ltr'><strong>qui</strong></span> <span class='ocrx_word' id='word_1_321' title='bbox 1299 4269 1366 4324; x_wconf 92' lang='lat' dir='ltr'><strong>ad</strong></span> <span class='ocrx_word' id='word_1_322' title='bbox 1398 4279 1627 4323; x_wconf 88' lang='lat' dir='ltr'><strong>mortem</strong></span> <span class='ocrx_word' id='word_1_323' title='bbox 1650 4275 1935 4338; x_wconf 66' lang='lat' dir='ltr'><strong>aegrotant,</strong></span> <span class='ocrx_word' id='word_1_324' title='bbox 1961 4275 2130 4336; x_wconf 90' lang='lat' dir='ltr'><strong>atque</strong></span> 
     </span>
    </p>
   </div>
   <div class='ocr_carea' id='block_1_59' title="bbox 548 4357 2128 4429">
    <p class='ocr_par' dir='ltr' id='par_1_59' title="bbox 548 4357 2128 4429">
     <span class='ocr_line' id='line_1_59' title="bbox 548 4357 2128 4429; baseline 0.004 -21"><span class='ocrx_word' id='word_1_325' title='bbox 548 4357 1102 4413; x_wconf 80' lang='lat' dir='ltr'><strong>excommunicationi</strong></span> <span class='ocrx_word' id='word_1_326' title='bbox 1135 4359 1440 4429; x_wconf 80' lang='lat' dir='ltr'><strong>subiacent,</strong></span> <span class='ocrx_word' id='word_1_327' title='bbox 1463 4360 1757 4429; x_wconf 88' lang='lat' dir='ltr'><strong>protestari</strong></span> <span class='ocrx_word' id='word_1_328' title='bbox 1790 4374 1849 4414; x_wconf 90' lang='lat' dir='ltr'><strong>se</strong></span> <span class='ocrx_word' id='word_1_329' title='bbox 1880 4358 2128 4428; x_wconf 88' lang='lat' dir='ltr'><strong>corporis</strong></span> 
     </span>
    </p>
   </div>
   <div class='ocr_carea' id='block_1_60' title="bbox 551 4443 2130 4518">
    <p class='ocr_par' dir='ltr' id='par_1_60' title="bbox 551 4443 2130 4518">
     <span class='ocr_line' id='line_1_60' title="bbox 551 4443 2130 4518; baseline 0.003 -20"><span class='ocrx_word' id='word_1_330' title='bbox 551 4443 767 4500; x_wconf 89' lang='lat' dir='ltr'><strong>Domini</strong></span> <span class='ocrx_word' id='word_1_331' title='bbox 814 4449 1112 4517; x_wconf 88' lang='lat' dir='ltr'><strong>participes</strong></span> <span class='ocrx_word' id='word_1_332' title='bbox 1147 4449 1262 4505; x_wconf 84' lang='lat' dir='ltr'><strong>ﬂeri</strong></span> <span class='ocrx_word' id='word_1_333' title='bbox 1303 4466 1505 4518; x_wconf 90' lang='lat' dir='ltr'><strong>cupere</strong></span> <span class='ocrx_word' id='word_1_334' title='bbox 1537 4467 1552 4506; x_wconf 90' lang='lat'><strong>:</strong></span> <span class='ocrx_word' id='word_1_335' title='bbox 1584 4451 1630 4505; x_wconf 89' lang='lat' dir='ltr'><strong>si</strong></span> <span class='ocrx_word' id='word_1_336' title='bbox 1664 4465 1794 4505; x_wconf 90' lang='lat' dir='ltr'><strong>vero</strong></span> <span class='ocrx_word' id='word_1_337' title='bbox 1843 4451 1945 4506; x_wconf 89' lang='lat' dir='ltr'><strong>hoc</strong></span> <span class='ocrx_word' id='word_1_338' title='bbox 1987 4449 2130 4504; x_wconf 82' lang='lat' dir='ltr'><strong>laeto</strong></span> 
     </span>
    </p>
   </div>
   <div class='ocr_carea' id='block_1_61' title="bbox 2215 1963 2461 2019">
    <p class='ocr_par' dir='ltr' id='par_1_61' title="bbox 2215 1963 2461 2019">
     <span class='ocr_line' id='line_1_61' title="bbox 2215 1963 2461 2019; baseline 0 0"><span class='ocrx_word' id='word_1_339' title='bbox 2215 1963 2325 2019; x_wconf 86' lang='grc' dir='ltr'><strong>νὼν</strong></span> <span class='ocrx_word' id='word_1_340' title='bbox 2362 1969 2461 2019; x_wconf 78' lang='grc' dir='ltr'>ις’.</span> 
     </span>
    </p>
   </div>
   <div class='ocr_carea' id='block_1_62' title="bbox 2289 1969 3808 2132">
    <p class='ocr_par' dir='ltr' id='par_1_62' title="bbox 2289 1969 3808 2132">
     <span class='ocr_line' id='line_1_62' title="bbox 2289 1981 2461 2019; baseline 0.012 -2"><span class='ocrx_word' id='word_1_341' title='bbox 2289 1981 2377 2017; x_wconf 80' lang='grc' dir='ltr'>›νι</span> <span class='ocrx_word' id='word_1_342' title='bbox 2446 2003 2461 2019; x_wconf 92' lang='grc'><strong>.</strong></span> 
     </span>
     <span class='ocr_line' id='line_1_63' title="bbox 2289 1969 3808 2132; baseline 0.001 -20"><span class='ocrx_word' id='word_1_343' title='bbox 2289 2057 2351 2124; x_wconf 84' lang='grc' dir='ltr'><strong>ξ’.</strong></span> <span class='ocrx_word' id='word_1_344' title='bbox 2384 1969 2509 2113; x_wconf 59' lang='grc' dir='ltr'>ῗθτι</span> <span class='ocrx_word' id='word_1_345' title='bbox 2536 2058 2617 2112; x_wconf 84' lang='grc' dir='ltr'><strong>δεῖ</strong></span> <span class='ocrx_word' id='word_1_346' title='bbox 2644 2059 2776 2122; x_wconf 80' lang='grc' dir='ltr'>τοὺς</span> <span class='ocrx_word' id='word_1_347' title='bbox 2834 2058 3198 2127; x_wconf 84' lang='grc' dir='ltr'>ἐπισκόπους,</span> <span class='ocrx_word' id='word_1_348' title='bbox 3244 2061 3342 2115; x_wconf 79' lang='grc' dir='ltr'>καὶ</span> <span class='ocrx_word' id='word_1_349' title='bbox 3391 2059 3808 2132; x_wconf 82' lang='grc' dir='ltr'>πρεσϐυτέρους</span> 
     </span>
    </p>
   </div>
   <div class='ocr_carea' id='block_1_63' title="bbox 2215 2151 3806 2223">
    <p class='ocr_par' dir='ltr' id='par_1_63' title="bbox 2215 2151 3806 2223">
     <span class='ocr_line' id='line_1_64' title="bbox 2215 2151 3806 2223; baseline -0.001 -17"><span class='ocrx_word' id='word_1_350' title='bbox 2215 2153 2578 2223; x_wconf 77' lang='grc' dir='ltr'>ἐπιχορηγεῖν</span> <span class='ocrx_word' id='word_1_351' title='bbox 2600 2152 2714 2215; x_wconf 87' lang='grc' dir='ltr'>τοῖς</span> <span class='ocrx_word' id='word_1_352' title='bbox 2747 2152 2955 2207; x_wconf 85' lang='grc' dir='ltr'>ἐνδεέσι</span> <span class='ocrx_word' id='word_1_353' title='bbox 3025 2151 3135 2206; x_wconf 86' lang='grc' dir='ltr'>τῶν</span> <span class='ocrx_word' id='word_1_354' title='bbox 3176 2153 3562 2223; x_wconf 80' lang='grc' dir='ltr'>ὑποκειμένων</span> <span class='ocrx_word' id='word_1_355' title='bbox 3616 2154 3806 2216; x_wconf 78' lang='grc' dir='ltr'>αὐτοῖς</span> 
     </span>
    </p>
   </div>
   <div class='ocr_carea' id='block_1_64' title="bbox 2217 2245 3815 2318">
    <p class='ocr_par' dir='ltr' id='par_1_64' title="bbox 2217 2245 3815 2318">
     <span class='ocr_line' id='line_1_65' title="bbox 2217 2245 3815 2318; baseline 0.001 -20"><span class='ocrx_word' id='word_1_356' title='bbox 2217 2247 2288 2301; x_wconf 87' lang='grc' dir='ltr'><strong>τά</strong></span> <span class='ocrx_word' id='word_1_357' title='bbox 2321 2245 2516 2299; x_wconf 83' lang='grc' dir='ltr'>δέοντα</span> <span class='ocrx_word' id='word_1_358' title='bbox 2547 2245 2659 2299; x_wconf 85' lang='grc' dir='ltr'><strong>τῶν</strong></span> <span class='ocrx_word' id='word_1_359' title='bbox 2693 2246 2975 2316; x_wconf 84' lang='grc' dir='ltr'>χρειωδῶν</span> <span class='ocrx_word' id='word_1_360' title='bbox 2995 2263 3010 2278; x_wconf 84' lang='grc'><em>’</em></span> <span class='ocrx_word' id='word_1_361' title='bbox 3044 2246 3096 2299; x_wconf 85' lang='grc' dir='ltr'><strong>οῖ</strong></span> <span class='ocrx_word' id='word_1_362' title='bbox 3124 2245 3234 2317; x_wconf 81' lang='grc' dir='ltr'>γὰρ</span> <span class='ocrx_word' id='word_1_363' title='bbox 3266 2246 3342 2318; x_wconf 78' lang='grc' dir='ltr'>μὴ</span> <span class='ocrx_word' id='word_1_364' title='bbox 3384 2245 3530 2300; x_wconf 75' lang='grc' dir='ltr'>οὕτω</span> <span class='ocrx_word' id='word_1_365' title='bbox 3592 2245 3815 2301; x_wconf 79' lang='grc' dir='ltr'>ποιοῦν-</span> 
     </span>
    </p>
   </div>
   <div class='ocr_carea' id='block_1_65' title="bbox 2215 2334 2746 2406">
    <p class='ocr_par' dir='ltr' id='par_1_65' title="bbox 2215 2334 2746 2406">
     <span class='ocr_line' id='line_1_66' title="bbox 2215 2334 2746 2406; baseline -0.004 -16"><span class='ocrx_word' id='word_1_366' title='bbox 2215 2352 2309 2399; x_wconf 85' lang='grc' dir='ltr'><strong>τες</strong></span> <span class='ocrx_word' id='word_1_367' title='bbox 2331 2334 2746 2406; x_wconf 80' lang='grc' dir='ltr'>καθαιροῦνται.</span> 
     </span>
    </p>
   </div>
   <div class='ocr_carea' id='block_1_66' title="bbox 2289 2425 3303 2493">
    <p class='ocr_par' dir='ltr' id='par_1_66' title="bbox 2289 2425 3303 2493">
     <span class='ocr_line' id='line_1_67' title="bbox 2289 2425 3303 2493; baseline 0.006 -14"><span class='ocrx_word' id='word_1_368' title='bbox 2289 2425 2413 2481; x_wconf 82' lang='grc' dir='ltr'><strong>Τῶν</strong></span> <span class='ocrx_word' id='word_1_369' title='bbox 2440 2426 2614 2493; x_wconf 82' lang='grc' dir='ltr'>ἁγίων</span> <span class='ocrx_word' id='word_1_370' title='bbox 2641 2427 2961 2482; x_wconf 74' lang='grc' dir='ltr'>ἀποστόλων</span> <span class='ocrx_word' id='word_1_371' title='bbox 2989 2427 3303 2485; x_wconf 84' lang='grc' dir='ltr'>κανὼν.νθ⁹.</span> 
     </span>
    </p>
   </div>
   <div class='ocr_carea' id='block_1_67' title="bbox 2290 2515 3814 2595">
    <p class='ocr_par' dir='ltr' id='par_1_67' title="bbox 2290 2515 3814 2595">
     <span class='ocr_line' id='line_1_68' title="bbox 2290 2515 3814 2595; baseline 0.005 -24"><span class='ocrx_word' id='word_1_372' title='bbox 2290 2515 2394 2584; x_wconf 81' lang='grc' dir='ltr'>ξα’.</span> <span class='ocrx_word' id='word_1_373' title='bbox 2438 2518 2563 2572; x_wconf 78' lang='grc' dir='ltr'>Ὀτι</span> <span class='ocrx_word' id='word_1_374' title='bbox 2589 2519 2651 2573; x_wconf 86' lang='grc' dir='ltr'><strong>οὐ</strong></span> <span class='ocrx_word' id='word_1_375' title='bbox 2683 2519 2765 2572; x_wconf 87' lang='grc' dir='ltr'><strong>δεῖ</strong></span> <span class='ocrx_word' id='word_1_376' title='bbox 2792 2524 3254 2592; x_wconf 82' lang='grc' dir='ltr'>χωρεπισκόπους</span> <span class='ocrx_word' id='word_1_377' title='bbox 3284 2525 3614 2595; x_wconf 79' lang='grc' dir='ltr'>χειροτονεῖν</span> <span class='ocrx_word' id='word_1_378' title='bbox 3638 2540 3814 2593; x_wconf 73' lang='grc' dir='ltr'>πρεσ-</span> 
     </span>
    </p>
   </div>
   <div class='ocr_carea' id='block_1_68' title="bbox 2226 2606 3808 2683">
    <p class='ocr_par' dir='ltr' id='par_1_68' title="bbox 2226 2606 3808 2683">
     <span class='ocr_line' id='line_1_69' title="bbox 2226 2606 3808 2683; baseline 0.004 -23"><span class='ocrx_word' id='word_1_379' title='bbox 2226 2606 2459 2678; x_wconf 84' lang='grc' dir='ltr'>ϐύτερον</span> <span class='ocrx_word' id='word_1_380' title='bbox 2511 2609 2608 2663; x_wconf 74' lang='grc' dir='ltr'><strong>καὶ</strong></span> <span class='ocrx_word' id='word_1_381' title='bbox 2656 2609 2932 2681; x_wconf 86' lang='grc' dir='ltr'>διάκονον,</span> <span class='ocrx_word' id='word_1_382' title='bbox 2966 2612 3084 2666; x_wconf 77' lang='grc' dir='ltr'>ἀλλ’</span> <span class='ocrx_word' id='word_1_383' title='bbox 3115 2613 3147 2683; x_wconf 79' lang='grc' dir='ltr'>ἦ</span> <span class='ocrx_word' id='word_1_384' title='bbox 3183 2615 3345 2683; x_wconf 89' lang='grc' dir='ltr'>μόνον</span> <span class='ocrx_word' id='word_1_385' title='bbox 3394 2613 3808 2679; x_wconf 77' lang='grc' dir='ltr'>ὑποδιακόνους,</span> 
     </span>
    </p>
   </div>
   <div class='ocr_carea' id='block_1_69' title="bbox 2222 2695 3813 2774">
    <p class='ocr_par' dir='ltr' id='par_1_69' title="bbox 2222 2695 3813 2774">
     <span class='ocr_line' id='line_1_70' title="bbox 2222 2695 3813 2774; baseline 0.003 -21"><span class='ocrx_word' id='word_1_386' title='bbox 2222 2700 2600 2766; x_wconf 85' lang='grc' dir='ltr'>ἀναγνώστας,</span> <span class='ocrx_word' id='word_1_387' title='bbox 2644 2703 2741 2755; x_wconf 74' lang='grc' dir='ltr'>καὶ</span> <span class='ocrx_word' id='word_1_388' title='bbox 2780 2701 3132 2773; x_wconf 79' lang='grc' dir='ltr'>ἐξορκιστάς·</span> <span class='ocrx_word' id='word_1_389' title='bbox 3170 2704 3267 2757; x_wconf 74' lang='grc' dir='ltr'>καὶ</span> <span class='ocrx_word' id='word_1_390' title='bbox 3315 2705 3398 2758; x_wconf 81' lang='grc' dir='ltr'><strong>ὅτι</strong></span> <span class='ocrx_word' id='word_1_391' title='bbox 3456 2695 3813 2774; x_wconf 82' lang='grc' dir='ltr'>περιοδευτάς</span> 
     </span>
    </p>
   </div>
   <div class='ocr_carea' id='block_1_70' title="bbox 2223 2790 3344 2863">
    <p class='ocr_par' dir='ltr' id='par_1_70' title="bbox 2223 2790 3344 2863">
     <span class='ocr_line' id='line_1_71' title="bbox 2223 2790 3344 2863; baseline 0.008 -20"><span class='ocrx_word' id='word_1_392' title='bbox 2223 2790 2427 2861; x_wconf 76' lang='grc' dir='ltr'>μᾶλλον</span> <span class='ocrx_word' id='word_1_393' title='bbox 2467 2792 2500 2862; x_wconf 81' lang='grc' dir='ltr'>ἢ</span> <span class='ocrx_word' id='word_1_394' title='bbox 2533 2795 2995 2863; x_wconf 84' lang='grc' dir='ltr'>χωρεπισκόπους</span> <span class='ocrx_word' id='word_1_395' title='bbox 3033 2797 3116 2850; x_wconf 85' lang='grc' dir='ltr'><strong>δεῖ</strong></span> <span class='ocrx_word' id='word_1_396' title='bbox 3146 2797 3344 2852; x_wconf 86' lang='grc' dir='ltr'>ποιεῖν.</span> 
     </span>
    </p>
   </div>
   <div class='ocr_carea' id='block_1_71' title="bbox 2292 2882 3193 2956">
    <p class='ocr_par' dir='ltr' id='par_1_71' title="bbox 2292 2882 3193 2956">
     <span class='ocr_line' id='line_1_72' title="bbox 2292 2882 3193 2956; baseline 0.007 -21"><span class='ocrx_word' id='word_1_397' title='bbox 2292 2882 2524 2937; x_wconf 87' lang='grc' dir='ltr'>Συνόδου</span> <span class='ocrx_word' id='word_1_398' title='bbox 2567 2882 2849 2955; x_wconf 80' lang='grc' dir='ltr'>Ἀγκύρας</span> <span class='ocrx_word' id='word_1_399' title='bbox 2880 2885 3065 2939; x_wconf 89' lang='grc' dir='ltr'>κανὼν</span> <span class='ocrx_word' id='word_1_400' title='bbox 3099 2883 3193 2956; x_wconf 85' lang='grc' dir='ltr'>ιγ’.</span> 
     </span>
    </p>
   </div>
   <div class='ocr_carea' id='block_1_72' title="bbox 2292 2975 3312 3049">
    <p class='ocr_par' dir='ltr' id='par_1_72' title="bbox 2292 2975 3312 3049">
     <span class='ocr_line' id='line_1_73' title="bbox 2292 2975 3312 3049; baseline 0.006 -19"><span class='ocrx_word' id='word_1_401' title='bbox 2292 2975 2528 3030; x_wconf 85' lang='grc' dir='ltr'>Συνόδου</span> <span class='ocrx_word' id='word_1_402' title='bbox 2554 2976 2997 3047; x_wconf 83' lang='grc' dir='ltr'>Νεοκαισαρείας</span> <span class='ocrx_word' id='word_1_403' title='bbox 3018 2977 3202 3033; x_wconf 88' lang='grc' dir='ltr'>κανὼν</span> <span class='ocrx_word' id='word_1_404' title='bbox 3220 2976 3312 3049; x_wconf 84' lang='grc' dir='ltr'>ιγ’.</span> 
     </span>
    </p>
   </div>
   <div class='ocr_carea' id='block_1_73' title="bbox 2292 3065 3200 3136">
    <p class='ocr_par' dir='ltr' id='par_1_73' title="bbox 2292 3065 3200 3136">
     <span class='ocr_line' id='line_1_74' title="bbox 2292 3065 3200 3136; baseline 0.007 -17"><span class='ocrx_word' id='word_1_405' title='bbox 2292 3065 2524 3119; x_wconf 83' lang='grc' dir='ltr'>Συνόδου</span> <span class='ocrx_word' id='word_1_406' title='bbox 2565 3066 2901 3136; x_wconf 81' lang='grc' dir='ltr'>Ἀντιοχείας</span> <span class='ocrx_word' id='word_1_407' title='bbox 2932 3067 3115 3122; x_wconf 84' lang='grc' dir='ltr'>κανὼν</span> <span class='ocrx_word' id='word_1_408' title='bbox 3146 3067 3200 3127; x_wconf 85' lang='grc' dir='ltr'>ι’.</span> 
     </span>
    </p>
   </div>
   <div class='ocr_carea' id='block_1_74' title="bbox 2295 3157 3234 3227">
    <p class='ocr_par' dir='ltr' id='par_1_74' title="bbox 2295 3157 3234 3227">
     <span class='ocr_line' id='line_1_75' title="bbox 2295 3157 3234 3227; baseline 0.007 -17"><span class='ocrx_word' id='word_1_409' title='bbox 2295 3157 2526 3212; x_wconf 87' lang='grc' dir='ltr'>Συνόδου</span> <span class='ocrx_word' id='word_1_410' title='bbox 2561 3157 2894 3223; x_wconf 79' lang='grc' dir='ltr'>Λαοδικείας</span> <span class='ocrx_word' id='word_1_411' title='bbox 2923 3160 3106 3215; x_wconf 87' lang='grc' dir='ltr'>κανὼν</span> <span class='ocrx_word' id='word_1_412' title='bbox 3134 3159 3234 3227; x_wconf 76' lang='grc' dir='ltr'>νξ’.</span> 
     </span>
    </p>
   </div>
   <div class='ocr_carea' id='block_1_75' title="bbox 2295 3248 3402 3329">
    <p class='ocr_par' dir='ltr' id='par_1_75' title="bbox 2295 3248 3402 3329">
     <span class='ocr_line' id='line_1_76' title="bbox 2295 3248 3402 3329; baseline 0.007 -25"><span class='ocrx_word' id='word_1_413' title='bbox 2295 3251 2411 3305; x_wconf 74' lang='grc' dir='ltr'>Καὶ</span> <span class='ocrx_word' id='word_1_414' title='bbox 2437 3248 2535 3304; x_wconf 85' lang='grc' dir='ltr'><strong>τοῦ</strong></span> <span class='ocrx_word' id='word_1_415' title='bbox 2569 3250 2730 3320; x_wconf 80' lang='grc' dir='ltr'>ἁγίου</span> <span class='ocrx_word' id='word_1_416' title='bbox 2763 3251 3050 3307; x_wconf 86' lang='grc' dir='ltr'>Βασιλείου</span> <span class='ocrx_word' id='word_1_417' title='bbox 3075 3254 3257 3311; x_wconf 89' lang='grc' dir='ltr'>κανὼν</span> <span class='ocrx_word' id='word_1_418' title='bbox 3290 3256 3402 3329; x_wconf 83' lang='grc' dir='ltr'>πβ’.</span> 
     </span>
    </p>
   </div>
   <div class='ocr_carea' id='block_1_76' title="bbox 2296 3347 3815 3425">
    <p class='ocr_par' dir='ltr' id='par_1_76' title="bbox 2296 3347 3815 3425">
     <span class='ocr_line' id='line_1_77' title="bbox 2296 3347 3815 3425; baseline -0.02 -20"><span class='ocrx_word' id='word_1_419' title='bbox 2296 3347 2394 3421; x_wconf 85' lang='grc' dir='ltr'><strong>ξβ’.</strong></span> <span class='ocrx_word' id='word_1_420' title='bbox 2432 3349 2557 3403; x_wconf 82' lang='grc' dir='ltr'>Ὀτι</span> <span class='ocrx_word' id='word_1_421' title='bbox 2586 3349 2649 3403; x_wconf 82' lang='grc' dir='ltr'><strong>οὐ</strong></span> <span class='ocrx_word' id='word_1_422' title='bbox 2678 3348 2762 3404; x_wconf 84' lang='grc' dir='ltr'><strong>δεῖ</strong></span> <span class='ocrx_word' id='word_1_423' title='bbox 2784 3348 2914 3414; x_wconf 74' lang='grc' dir='ltr'>τοὺς</span> <span class='ocrx_word' id='word_1_424' title='bbox 2938 3349 3010 3404; x_wconf 79' lang='grc' dir='ltr'>δι’</span> <span class='ocrx_word' id='word_1_425' title='bbox 3048 3349 3238 3419; x_wconf 76' lang='grc' dir='ltr'>ἔφοδον</span> <span class='ocrx_word' id='word_1_426' title='bbox 3270 3350 3634 3425; x_wconf 44' lang='grc' dir='ltr'><strong>βαρβαρικὴ,⁹</strong></span> <span class='ocrx_word' id='word_1_427' title='bbox 3681 3354 3715 3425; x_wconf 69' lang='grc' dir='ltr'>ἢ</span> <span class='ocrx_word' id='word_1_428' title='bbox 3743 3352 3815 3409; x_wconf 55' lang='grc' dir='ltr'><strong>δι.</strong></span> 
     </span>
    </p>
   </div>
   <div class='ocr_carea' id='block_1_77' title="bbox 2224 3443 3809 3515">
    <p class='ocr_par' dir='ltr' id='par_1_77' title="bbox 2224 3443 3809 3515">
     <span class='ocr_line' id='line_1_78' title="bbox 2224 3443 3809 3515; baseline 0.002 -17"><span class='ocrx_word' id='word_1_429' title='bbox 2224 3444 2420 3515; x_wconf 80' lang='grc' dir='ltr'>ἑτέραν</span> <span class='ocrx_word' id='word_1_430' title='bbox 2441 3444 2692 3513; x_wconf 87' lang='grc' dir='ltr'>ἀνάγκην</span> <span class='ocrx_word' id='word_1_431' title='bbox 2720 3444 2815 3497; x_wconf 80' lang='grc' dir='ltr'>καὶ</span> <span class='ocrx_word' id='word_1_432' title='bbox 2860 3443 2986 3515; x_wconf 80' lang='grc' dir='ltr'>βίαν</span> <span class='ocrx_word' id='word_1_433' title='bbox 3027 3444 3101 3515; x_wconf 81' lang='grc' dir='ltr'>μὴ</span> <span class='ocrx_word' id='word_1_434' title='bbox 3140 3443 3474 3515; x_wconf 82' lang='grc' dir='ltr'>δυναμένους</span> <span class='ocrx_word' id='word_1_435' title='bbox 3523 3446 3809 3513; x_wconf 83' lang='grc' dir='ltr'>ἀπελθεῖν,</span> 
     </span>
    </p>
   </div>
   <div class='ocr_carea' id='block_1_78' title="bbox 2225 3531 3816 3609">
    <p class='ocr_par' dir='ltr' id='par_1_78' title="bbox 2225 3531 3816 3609">
     <span class='ocr_line' id='line_1_79' title="bbox 2225 3531 3816 3609; baseline 0.002 -20"><span class='ocrx_word' id='word_1_436' title='bbox 2225 3531 2421 3608; x_wconf 78' lang='grc' dir='ltr'>ἦεῐναι</span> <span class='ocrx_word' id='word_1_437' title='bbox 2443 3538 2500 3590; x_wconf 86' lang='grc' dir='ltr'><strong>ἐν</strong></span> <span class='ocrx_word' id='word_1_438' title='bbox 2529 3538 2652 3601; x_wconf 90' lang='grc' dir='ltr'>ταῖς</span> <span class='ocrx_word' id='word_1_439' title='bbox 2682 3535 2918 3599; x_wconf 88' lang='grc' dir='ltr'>οίκείαις</span> <span class='ocrx_word' id='word_1_440' title='bbox 2985 3535 3365 3607; x_wconf 85' lang='grc' dir='ltr'>Ἐκκλησίαις,</span> <span class='ocrx_word' id='word_1_441' title='bbox 3430 3539 3816 3609; x_wconf 82' lang='grc' dir='ltr'>ἀποκριματί-</span> 
     </span>
    </p>
   </div>
   <div class='ocr_carea' id='block_1_79' title="bbox 2228 3623 3809 3701">
    <p class='ocr_par' dir='ltr' id='par_1_79' title="bbox 2228 3623 3809 3701">
     <span class='ocr_line' id='line_1_80' title="bbox 2228 3623 3809 3701; baseline 0.002 -21"><span class='ocrx_word' id='word_1_442' title='bbox 2228 3643 2371 3691; x_wconf 87' lang='grc' dir='ltr'>στως</span> <span class='ocrx_word' id='word_1_443' title='bbox 2393 3623 2534 3681; x_wconf 79' lang='grc' dir='ltr'>εἷναί</span> <span class='ocrx_word' id='word_1_444' title='bbox 2565 3644 2627 3681; x_wconf 85' lang='grc' dir='ltr'><strong>τε</strong></span> <span class='ocrx_word' id='word_1_445' title='bbox 2667 3628 2764 3680; x_wconf 78' lang='grc' dir='ltr'><strong>καὶ</strong></span> <span class='ocrx_word' id='word_1_446' title='bbox 2816 3628 3063 3698; x_wconf 76' lang='grc' dir='ltr'>ἐνεργεῖν</span> <span class='ocrx_word' id='word_1_447' title='bbox 3134 3629 3193 3681; x_wconf 88' lang='grc' dir='ltr'><strong>ἐν</strong></span> <span class='ocrx_word' id='word_1_448' title='bbox 3280 3628 3498 3701; x_wconf 79' lang='grc' dir='ltr'>ἑτέραις</span> <span class='ocrx_word' id='word_1_449' title='bbox 3550 3630 3809 3700; x_wconf 82' lang='grc' dir='ltr'>ἐνορίαις,</span> 
     </span>
    </p>
   </div>
   <div class='ocr_carea' id='block_1_80' title="bbox 2225 3714 3814 3790">
    <p class='ocr_par' dir='ltr' id='par_1_80' title="bbox 2225 3714 3814 3790">
     <span class='ocr_line' id='line_1_81' title="bbox 2225 3714 3814 3790; baseline 0.003 -20"><span class='ocrx_word' id='word_1_450' title='bbox 2225 3714 2386 3786; x_wconf 77' lang='grc' dir='ltr'>ἄχρις</span> <span class='ocrx_word' id='word_1_451' title='bbox 2411 3715 2479 3771; x_wconf 83' lang='grc' dir='ltr'><strong>ἂν</strong></span> <span class='ocrx_word' id='word_1_452' title='bbox 2503 3717 2563 3771; x_wconf 80' lang='grc' dir='ltr'><strong>ἐν</strong></span> <span class='ocrx_word' id='word_1_453' title='bbox 2592 3717 2793 3788; x_wconf 74' lang='grc' dir='ltr'>εἰρήνῃ</span> <span class='ocrx_word' id='word_1_454' title='bbox 2832 3717 3065 3787; x_wconf 86' lang='grc' dir='ltr'>γένηται</span> <span class='ocrx_word' id='word_1_455' title='bbox 3097 3719 3131 3790; x_wconf 82' lang='grc' dir='ltr'><strong>ἡ</strong></span> <span class='ocrx_word' id='word_1_456' title='bbox 3168 3719 3350 3773; x_wconf 81' lang='grc' dir='ltr'>αὐτῶν</span> <span class='ocrx_word' id='word_1_457' title='bbox 3396 3720 3721 3790; x_wconf 84' lang='grc' dir='ltr'>Ἐκκλησία,</span> <span class='ocrx_word' id='word_1_458' title='bbox 3753 3723 3814 3775; x_wconf 87' lang='grc' dir='ltr'><strong>ἐν</strong></span> 
     </span>
    </p>
   </div>
   <div class='ocr_carea' id='block_1_81' title="bbox 2228 3799 3810 3880">
    <p class='ocr_par' dir='ltr' id='par_1_81' title="bbox 2228 3799 3810 3880">
     <span class='ocr_line' id='line_1_82' title="bbox 2228 3799 3810 3880; baseline 0.003 -20"><span class='ocrx_word' id='word_1_459' title='bbox 2228 3799 2264 3879; x_wconf 81' lang='grc' dir='ltr'>ᾖ</span> <span class='ocrx_word' id='word_1_460' title='bbox 2289 3805 2831 3879; x_wconf 82' lang='grc' dir='ltr'>παλινδρομήσουσιν</span> <span class='ocrx_word' id='word_1_461' title='bbox 2847 3808 2896 3861; x_wconf 87' lang='grc' dir='ltr'><strong>οί</strong></span> <span class='ocrx_word' id='word_1_462' title='bbox 2915 3808 3155 3863; x_wconf 87' lang='grc' dir='ltr'>τοιοῦτοι</span> <span class='ocrx_word' id='word_1_463' title='bbox 3177 3811 3299 3864; x_wconf 86' lang='grc' dir='ltr'>τότε</span> <span class='ocrx_word' id='word_1_464' title='bbox 3321 3809 3424 3864; x_wconf 77' lang='grc' dir='ltr'>κᾶν</span> <span class='ocrx_word' id='word_1_465' title='bbox 3459 3811 3536 3880; x_wconf 79' lang='grc' dir='ltr'>μὴ</span> <span class='ocrx_word' id='word_1_466' title='bbox 3558 3811 3810 3865; x_wconf 84' lang='grc' dir='ltr'>θέλωσιν·</span> 
     </span>
    </p>
   </div>
   <div class='ocr_carea' id='block_1_82' title="bbox 2227 3897 3815 3972">
    <p class='ocr_par' dir='ltr' id='par_1_82' title="bbox 2227 3897 3815 3972">
     <span class='ocr_line' id='line_1_83' title="bbox 2227 3897 3815 3972; baseline 0.002 -21"><span class='ocrx_word' id='word_1_467' title='bbox 2227 3898 2278 3951; x_wconf 86' lang='grc' dir='ltr'><strong>εί</strong></span> <span class='ocrx_word' id='word_1_468' title='bbox 2307 3897 2415 3969; x_wconf 87' lang='grc' dir='ltr'>γὰρ</span> <span class='ocrx_word' id='word_1_469' title='bbox 2447 3900 2525 3970; x_wconf 75' lang='grc' dir='ltr'>μὴ</span> <span class='ocrx_word' id='word_1_470' title='bbox 2548 3898 2884 3965; x_wconf 85' lang='grc' dir='ltr'>ἀπέλθωσιν,</span> <span class='ocrx_word' id='word_1_471' title='bbox 2919 3899 3277 3971; x_wconf 78' lang='grc' dir='ltr'>ἀφορίζονται</span> <span class='ocrx_word' id='word_1_472' title='bbox 3298 3914 3314 3930; x_wconf 77' lang='grc' dir='ltr'><strong><em>ο</em></strong></span> <span class='ocrx_word' id='word_1_473' title='bbox 3375 3899 3576 3972; x_wconf 87' lang='grc' dir='ltr'>ὁμοίως</span> <span class='ocrx_word' id='word_1_474' title='bbox 3621 3900 3719 3955; x_wconf 76' lang='grc' dir='ltr'>καὶ</span> <span class='ocrx_word' id='word_1_475' title='bbox 3763 3902 3815 3954; x_wconf 83' lang='grc' dir='ltr'><strong>οί</strong></span> 
     </span>
    </p>
   </div>
   <div class='ocr_carea' id='block_1_83' title="bbox 2228 3989 3589 4060">
    <p class='ocr_par' dir='ltr' id='par_1_83' title="bbox 2228 3989 3589 4060">
     <span class='ocr_line' id='line_1_84' title="bbox 2228 3989 3589 4060; baseline 0.006 -15"><span class='ocrx_word' id='word_1_476' title='bbox 2228 3989 2559 4060; x_wconf 83' lang='grc' dir='ltr'>κατέχοντες</span> <span class='ocrx_word' id='word_1_477' title='bbox 2588 3991 2791 4056; x_wconf 79' lang='grc' dir='ltr'>αὐτοὺς</span> <span class='ocrx_word' id='word_1_478' title='bbox 2820 3993 3138 4049; x_wconf 80' lang='grc' dir='ltr'>ἐπίσκοποι.</span> <span class='ocrx_word' id='word_1_479' title='bbox 3580 3993 3589 4002; x_wconf 83' lang='grc'><em>’</em></span> 
     </span>
    </p>
   </div>
   <div class='ocr_carea' id='block_1_84' title="bbox 2299 4082 3225 4156">
    <p class='ocr_par' dir='ltr' id='par_1_84' title="bbox 2299 4082 3225 4156">
     <span class='ocr_line' id='line_1_85' title="bbox 2299 4082 3225 4156; baseline 0.011 -24"><span class='ocrx_word' id='word_1_480' title='bbox 2299 4082 2529 4137; x_wconf 87' lang='grc' dir='ltr'>Συνόδου</span> <span class='ocrx_word' id='word_1_481' title='bbox 2560 4084 2912 4156; x_wconf 78' lang='grc' dir='ltr'>Καλχηδόνος</span> <span class='ocrx_word' id='word_1_482' title='bbox 2940 4084 3124 4140; x_wconf 87' lang='grc' dir='ltr'>κανὼν</span> <span class='ocrx_word' id='word_1_483' title='bbox 3154 4090 3225 4142; x_wconf 85' lang='grc' dir='ltr'><strong>κ’.</strong></span> 
     </span>
    </p>
   </div>
   <div class='ocr_carea' id='block_1_85' title="bbox 2301 4174 3176 4247">
    <p class='ocr_par' dir='ltr' id='par_1_85' title="bbox 2301 4174 3176 4247">
     <span class='ocr_line' id='line_1_86' title="bbox 2301 4174 3176 4247; baseline -0.001 -14"><span class='ocrx_word' id='word_1_484' title='bbox 2301 4177 2532 4233; x_wconf 85' lang='grc' dir='ltr'>Συνόδου</span> <span class='ocrx_word' id='word_1_485' title='bbox 2562 4174 2616 4243; x_wconf 82' lang='grc' dir='ltr'>ς’</span> <span class='ocrx_word' id='word_1_486' title='bbox 2635 4175 2816 4231; x_wconf 88' lang='grc' dir='ltr'>κανὼν</span> <span class='ocrx_word' id='word_1_487' title='bbox 2859 4183 2932 4247; x_wconf 83' lang='grc' dir='ltr'>ιη’</span> <span class='ocrx_word' id='word_1_488' title='bbox 2955 4178 3048 4232; x_wconf 79' lang='grc' dir='ltr'>καὶ</span> <span class='ocrx_word' id='word_1_489' title='bbox 3078 4175 3176 4243; x_wconf 80' lang='grc' dir='ltr'><strong>λζ’.</strong></span> 
     </span>
    </p>
   </div>
   <div class='ocr_carea' id='block_1_86' title="bbox 2301 4267 3812 4338">
    <p class='ocr_par' dir='ltr' id='par_1_86' title="bbox 2301 4267 3812 4338">
     <span class='ocr_line' id='line_1_87' title="bbox 2301 4267 3812 4338; baseline 0.001 -13"><span class='ocrx_word' id='word_1_490' title='bbox 2301 4267 2403 4338; x_wconf 81' lang='grc' dir='ltr'>ξγ’.</span> <span class='ocrx_word' id='word_1_491' title='bbox 2441 4269 2568 4324; x_wconf 77' lang='grc' dir='ltr'>Ὀτι</span> <span class='ocrx_word' id='word_1_492' title='bbox 2607 4267 2690 4321; x_wconf 85' lang='grc' dir='ltr'><strong>δεῖ</strong></span> <span class='ocrx_word' id='word_1_493' title='bbox 2714 4268 2843 4332; x_wconf 83' lang='grc' dir='ltr'>τοὺς</span> <span class='ocrx_word' id='word_1_494' title='bbox 2860 4268 3001 4338; x_wconf 81' lang='grc' dir='ltr'>πρὸς</span> <span class='ocrx_word' id='word_1_495' title='bbox 3028 4269 3260 4324; x_wconf 84' lang='grc' dir='ltr'>θάνατον</span> <span class='ocrx_word' id='word_1_496' title='bbox 3280 4270 3597 4335; x_wconf 83' lang='grc' dir='ltr'>νοσοῦντας,</span> <span class='ocrx_word' id='word_1_497' title='bbox 3639 4273 3733 4326; x_wconf 69' lang='grc' dir='ltr'><strong>καὶ</strong></span> <span class='ocrx_word' id='word_1_498' title='bbox 3751 4275 3812 4326; x_wconf 81' lang='grc' dir='ltr'><strong>ἐν</strong></span> 
     </span>
    </p>
   </div>
   <div class='ocr_carea' id='block_1_87' title="bbox 2230 4358 3814 4433">
    <p class='ocr_par' dir='ltr' id='par_1_87' title="bbox 2230 4358 3814 4433">
     <span class='ocr_line' id='line_1_88' title="bbox 2230 4358 3814 4433; baseline 0.002 -19"><span class='ocrx_word' id='word_1_499' title='bbox 2230 4359 2528 4432; x_wconf 85' lang='grc' dir='ltr'>ἀφορισμῷ</span> <span class='ocrx_word' id='word_1_500' title='bbox 2560 4358 2750 4427; x_wconf 69' lang='grc' dir='ltr'>ὂντας,</span> <span class='ocrx_word' id='word_1_501' title='bbox 2802 4360 3280 4433; x_wconf 83' lang='grc' dir='ltr'>διαμαρτύρασθαι</span> <span class='ocrx_word' id='word_1_502' title='bbox 3337 4364 3670 4433; x_wconf 83' lang='grc' dir='ltr'>μεταλαϐεῖν</span> <span class='ocrx_word' id='word_1_503' title='bbox 3715 4366 3814 4418; x_wconf 83' lang='grc' dir='ltr'><strong>τοῦ</strong></span> 
     </span>
    </p>
   </div>
   <div class='ocr_carea' id='block_1_88' title="bbox 2234 4451 3814 4527">
    <p class='ocr_par' dir='ltr' id='par_1_88' title="bbox 2234 4451 3814 4527">
     <span class='ocr_line' id='line_1_89' title="bbox 2234 4451 3814 4527; baseline 0.004 -21"><span class='ocrx_word' id='word_1_504' title='bbox 2234 4451 2487 4523; x_wconf 86' lang='grc' dir='ltr'>σώματος</span> <span class='ocrx_word' id='word_1_505' title='bbox 2522 4452 2618 4506; x_wconf 87' lang='grc' dir='ltr'><strong>τοῦ</strong></span> <span class='ocrx_word' id='word_1_506' title='bbox 2652 4453 2861 4522; x_wconf 80' lang='grc' dir='ltr'>Κυρίου</span> <span class='ocrx_word' id='word_1_507' title='bbox 2887 4470 2901 4484; x_wconf 83' lang='grc'>·</span> <span class='ocrx_word' id='word_1_508' title='bbox 2925 4456 2975 4507; x_wconf 87' lang='grc' dir='ltr'><strong>εί</strong></span> <span class='ocrx_word' id='word_1_509' title='bbox 3010 4453 3067 4507; x_wconf 83' lang='grc' dir='ltr'>δὲ</span> <span class='ocrx_word' id='word_1_510' title='bbox 3124 4454 3319 4509; x_wconf 88' lang='grc' dir='ltr'>τούτου</span> <span class='ocrx_word' id='word_1_511' title='bbox 3390 4457 3684 4527; x_wconf 86' lang='grc' dir='ltr'>γενομένου</span> <span class='ocrx_word' id='word_1_512' title='bbox 3718 4459 3814 4513; x_wconf 87' lang='grc' dir='ltr'><strong>τοῦ</strong></span> 
     </span>
    </p>
   </div>
   <div class='ocr_carea' id='block_1_89' title="bbox 550 4526 2123 4618">
    <p class='ocr_par' dir='ltr' id='par_1_89' title="bbox 550 4536 2123 4604">
     <span class='ocr_line' id='line_1_90' title="bbox 550 4536 2123 4604; baseline 0.004 -16"><span class='ocrx_word' id='word_1_513' title='bbox 550 4550 581 4588; x_wconf 85' lang='lat' dir='ltr'><strong>a</strong></span> <span class='ocrx_word' id='word_1_514' title='bbox 615 4544 790 4590; x_wconf 90' lang='lat' dir='ltr'><strong>morte</strong></span> <span class='ocrx_word' id='word_1_515' title='bbox 816 4540 1057 4592; x_wconf 82' lang='lat' dir='ltr'><strong>revocati</strong></span> <span class='ocrx_word' id='word_1_516' title='bbox 1083 4536 1310 4604; x_wconf 87' lang='lat' dir='ltr'><strong>fuerint,</strong></span> <span class='ocrx_word' id='word_1_517' title='bbox 1337 4554 1531 4594; x_wconf 87' lang='lat' dir='ltr'><strong>rursus</strong></span> <span class='ocrx_word' id='word_1_518' title='bbox 1559 4538 2123 4595; x_wconf 75' lang='lat' dir='ltr'><strong>cxcommunicantur.</strong></span> 
     </span>
    </p>
   </div>
   <div class='ocr_carea' id='block_1_90' title="bbox 2224 4526 3515 4618">
    <p class='ocr_par' dir='ltr' id='par_1_90' title="bbox 2237 4526 3515 4618">
     <span class='ocr_line' id='line_1_91' title="bbox 2237 4526 3515 4618; baseline 0.005 -22"><span class='ocrx_word' id='word_1_519' title='bbox 2237 4526 2466 4597; x_wconf 83' lang='grc' dir='ltr'>θανάτου</span> <span class='ocrx_word' id='word_1_520' title='bbox 2502 4542 2885 4613; x_wconf 85' lang='grc' dir='ltr'>ἀνακληθῶσιν</span> <span class='ocrx_word' id='word_1_521' title='bbox 2903 4582 2918 4608; x_wconf 89' lang='grc'><strong>,</strong></span> <span class='ocrx_word' id='word_1_522' title='bbox 2956 4539 3115 4608; x_wconf 86' lang='grc' dir='ltr'>αὖθις</span> <span class='ocrx_word' id='word_1_523' title='bbox 3140 4545 3515 4618; x_wconf 75' lang='grc' dir='ltr'>ἀφορίζονται.</span> 
     </span>
    </p>
   </div>
   <div class='ocr_carea' id='block_1_91' title="bbox 622 4626 1432 4697">
    <p class='ocr_par' dir='ltr' id='par_1_91' title="bbox 622 4626 1432 4697">
     <span class='ocr_line' id='line_1_92' title="bbox 622 4626 1432 4697; baseline 0.007 -16"><span class='ocrx_word' id='word_1_524' title='bbox 622 4626 824 4697; x_wconf 89' lang='lat' dir='ltr'><strong>Synodi</strong></span> <span class='ocrx_word' id='word_1_525' title='bbox 863 4629 1100 4686; x_wconf 65' lang='lat' dir='ltr'><strong>Nicaenze</strong></span> <span class='ocrx_word' id='word_1_526' title='bbox 1134 4647 1310 4687; x_wconf 90' lang='lat' dir='ltr'><strong>canon</strong></span> <span class='ocrx_word' id='word_1_527' title='bbox 1342 4632 1432 4688; x_wconf 87' lang='grc'><strong>15.</strong></span> 
     </span>
    </p>
   </div>
   <div class='ocr_carea' id='block_1_92' title="bbox 621 4720 1660 4793">
    <p class='ocr_par' dir='ltr' id='par_1_92' title="bbox 621 4720 1660 4793">
     <span class='ocr_line' id='line_1_93' title="bbox 621 4720 1660 4793; baseline 0.007 -19"><span class='ocrx_word' id='word_1_528' title='bbox 621 4720 808 4775; x_wconf 89' lang='lat' dir='ltr'><strong>Sancti</strong></span> <span class='ocrx_word' id='word_1_529' title='bbox 846 4720 1100 4791; x_wconf 83' lang='lat' dir='ltr'><strong>Gregorii</strong></span> <span class='ocrx_word' id='word_1_530' title='bbox 1132 4721 1360 4793; x_wconf 85' lang='lat' dir='ltr'><strong>Nysseni</strong></span> <span class='ocrx_word' id='word_1_531' title='bbox 1391 4739 1569 4781; x_wconf 90' lang='lat' dir='ltr'><strong>canon</strong></span> <span class='ocrx_word' id='word_1_532' title='bbox 1600 4724 1660 4781; x_wconf 82' lang='lat'><strong>5.</strong></span> 
     </span>
    </p>
   </div>
   <div class='ocr_carea' id='block_1_93' title="bbox 623 4812 2128 4894">
    <p class='ocr_par' dir='ltr' id='par_1_93' title="bbox 623 4812 2128 4894">
     <span class='ocr_line' id='line_1_94' title="bbox 623 4812 2128 4894; baseline 0.006 -28"><span class='ocrx_word' id='word_1_533' title='bbox 623 4812 714 4867; x_wconf 72' lang='grc'><strong>64.</strong></span> <span class='ocrx_word' id='word_1_534' title='bbox 758 4817 1024 4884; x_wconf 84' lang='lat' dir='ltr'><strong>Oportere</strong></span> <span class='ocrx_word' id='word_1_535' title='bbox 1046 4816 1351 4883; x_wconf 87' lang='lat' dir='ltr'><strong>pubertatis</strong></span> <span class='ocrx_word' id='word_1_536' title='bbox 1380 4825 1621 4894; x_wconf 88' lang='lat' dir='ltr'><strong>tempore</strong></span> <span class='ocrx_word' id='word_1_537' title='bbox 1655 4818 1887 4875; x_wconf 83' lang='lat' dir='ltr'><strong>lectores</strong></span> <span class='ocrx_word' id='word_1_538' title='bbox 1912 4834 2128 4891; x_wconf 81' lang='lat' dir='ltr'><strong>rogare,</strong></span> 
     </span>
    </p>
   </div>
   <div class='ocr_carea' id='block_1_94' title="bbox 549 4903 2130 4980">
    <p class='ocr_par' dir='ltr' id='par_1_94' title="bbox 549 4903 2130 4980">
     <span class='ocr_line' id='line_1_95' title="bbox 549 4903 2130 4980; baseline 0.006 -22"><span class='ocrx_word' id='word_1_539' title='bbox 549 4903 795 4958; x_wconf 86' lang='lat' dir='ltr'><strong>velintne</strong></span> <span class='ocrx_word' id='word_1_540' title='bbox 857 4905 1117 4976; x_wconf 69' lang='lat' dir='ltr'><strong>coniuges</strong></span> <span class='ocrx_word' id='word_1_541' title='bbox 1155 4907 1391 4972; x_wconf 88' lang='lat' dir='ltr'><strong>ducere,</strong></span> <span class='ocrx_word' id='word_1_542' title='bbox 1427 4922 1494 4962; x_wconf 87' lang='lat' dir='ltr'><strong>an</strong></span> <span class='ocrx_word' id='word_1_543' title='bbox 1526 4910 1925 4966; x_wconf 88' lang='lat' dir='ltr'><strong>continentiam</strong></span> <span class='ocrx_word' id='word_1_544' title='bbox 1961 4912 2130 4980; x_wconf 81' lang='lat' dir='ltr'><strong>proﬁ-</strong></span> 
     </span>
    </p>
   </div>
   <div class='ocr_carea' id='block_1_95' title="bbox 555 4994 2134 5071">
    <p class='ocr_par' dir='ltr' id='par_1_95' title="bbox 555 4994 2134 5071">
     <span class='ocr_line' id='line_1_96' title="bbox 555 4994 2134 5071; baseline 0.008 -25"><span class='ocrx_word' id='word_1_545' title='bbox 555 4994 681 5049; x_wconf 89' lang='lat' dir='ltr'><strong>teri.</strong></span> <span class='ocrx_word' id='word_1_546' title='bbox 721 4994 856 5049; x_wconf 78' lang='lat' dir='ltr'><strong>Nam</strong></span> <span class='ocrx_word' id='word_1_547' title='bbox 910 5006 1030 5065; x_wconf 91' lang='lat' dir='ltr'><strong>post</strong></span> <span class='ocrx_word' id='word_1_548' title='bbox 1058 4997 1271 5052; x_wconf 89' lang='lat' dir='ltr'><strong>diaconi</strong></span> <span class='ocrx_word' id='word_1_549' title='bbox 1305 4998 1705 5055; x_wconf 81' lang='lat' dir='ltr'><strong>ordinationem</strong></span> <span class='ocrx_word' id='word_1_550' title='bbox 1737 5003 1960 5071; x_wconf 83' lang='lat' dir='ltr'><strong>nuptias</strong></span> <span class='ocrx_word' id='word_1_551' title='bbox 1993 5002 2134 5059; x_wconf 89' lang='lat' dir='ltr'><strong>inire</strong></span> 
     </span>
    </p>
   </div>
   <div class='ocr_carea' id='block_1_96' title="bbox 553 5086 2133 5162">
    <p class='ocr_par' dir='ltr' id='par_1_96' title="bbox 553 5086 2133 5162">
     <span class='ocr_line' id='line_1_97' title="bbox 553 5086 2133 5162; baseline 0.008 -24"><span class='ocrx_word' id='word_1_552' title='bbox 553 5100 663 5141; x_wconf 89' lang='lat' dir='ltr'><strong>non</strong></span> <span class='ocrx_word' id='word_1_553' title='bbox 696 5086 840 5143; x_wconf 88' lang='lat' dir='ltr'><strong>licet.</strong></span> <span class='ocrx_word' id='word_1_554' title='bbox 871 5086 927 5142; x_wconf 88' lang='lat' dir='ltr'><strong>Si</strong></span> <span class='ocrx_word' id='word_1_555' title='bbox 960 5102 1090 5143; x_wconf 90' lang='lat' dir='ltr'><strong>vero</strong></span> <span class='ocrx_word' id='word_1_556' title='bbox 1125 5088 1229 5145; x_wconf 88' lang='lat' dir='ltr'><strong>hoc</strong></span> <span class='ocrx_word' id='word_1_557' title='bbox 1256 5090 1567 5158; x_wconf 87' lang='lat' dir='ltr'><strong>permiserit</strong></span> <span class='ocrx_word' id='word_1_558' title='bbox 1613 5093 1927 5162; x_wconf 81' lang='lat' dir='ltr'><strong>episcOpus,</strong></span> <span class='ocrx_word' id='word_1_559' title='bbox 1959 5095 2047 5149; x_wconf 86' lang='lat' dir='ltr'><strong>hic</strong></span> <span class='ocrx_word' id='word_1_560' title='bbox 2077 5104 2133 5150; x_wconf 86' lang='lat' dir='ltr'><strong>et</strong></span> 
     </span>
    </p>
   </div>
   <div class='ocr_carea' id='block_1_97' title="bbox 557 5177 2135 5257">
    <p class='ocr_par' dir='ltr' id='par_1_97' title="bbox 557 5177 2135 5257">
     <span class='ocr_line' id='line_1_98' title="bbox 557 5177 2135 5257; baseline 0.008 -26"><span class='ocrx_word' id='word_1_561' title='bbox 557 5177 649 5233; x_wconf 90' lang='lat' dir='ltr'><strong>ille</strong></span> <span class='ocrx_word' id='word_1_562' title='bbox 683 5180 1060 5250; x_wconf 90' lang='lat' dir='ltr'><strong>deponuntur;</strong></span> <span class='ocrx_word' id='word_1_563' title='bbox 1096 5180 1351 5237; x_wconf 86' lang='lat' dir='ltr'><strong>similiter</strong></span> <span class='ocrx_word' id='word_1_564' title='bbox 1399 5185 1562 5239; x_wconf 85' lang='lat' dir='ltr'><strong>etiam</strong></span> <span class='ocrx_word' id='word_1_565' title='bbox 1615 5185 1882 5243; x_wconf 87' lang='lat' dir='ltr'><strong>diaconus</strong></span> <span class='ocrx_word' id='word_1_566' title='bbox 1925 5196 1980 5242; x_wconf 90' lang='lat' dir='ltr'><strong>et</strong></span> <span class='ocrx_word' id='word_1_567' title='bbox 2011 5201 2135 5257; x_wconf 87' lang='lat' dir='ltr'><strong>pre-</strong></span> 
     </span>
    </p>
   </div>
   <div class='ocr_carea' id='block_1_98' title="bbox 555 5272 763 5341">
    <p class='ocr_par' dir='ltr' id='par_1_98' title="bbox 555 5272 763 5341">
     <span class='ocr_line' id='line_1_99' title="bbox 555 5272 763 5341; baseline 0.01 -18"><span class='ocrx_word' id='word_1_568' title='bbox 555 5272 763 5341; x_wconf 78' lang='lat' dir='ltr'><strong>sbyter.</strong></span> 
     </span>
    </p>
   </div>
   <div class='ocr_carea' id='block_1_99' title="bbox 629 5360 1671 5435">
    <p class='ocr_par' dir='ltr' id='par_1_99' title="bbox 629 5360 1671 5435">
     <span class='ocr_line' id='line_1_100' title="bbox 629 5360 1671 5435; baseline 0.008 -20"><span class='ocrx_word' id='word_1_569' title='bbox 629 5360 831 5431; x_wconf 87' lang='lat' dir='ltr'><strong>Synodi</strong></span> <span class='ocrx_word' id='word_1_570' title='bbox 863 5363 1341 5435; x_wconf 86' lang='lat' dir='ltr'><strong>Carthaginiensis</strong></span> <span class='ocrx_word' id='word_1_571' title='bbox 1365 5382 1539 5423; x_wconf 89' lang='lat' dir='ltr'><strong>canon</strong></span> <span class='ocrx_word' id='word_1_572' title='bbox 1582 5368 1671 5425; x_wconf 81' lang='grc'><strong>16.</strong></span> 
     </span>
    </p>
   </div>
   <div class='ocr_carea' id='block_1_100' title="bbox 628 5451 1256 5523">
    <p class='ocr_par' dir='ltr' id='par_1_100' title="bbox 628 5451 1256 5523">
     <span class='ocr_line' id='line_1_101' title="bbox 628 5451 1256 5523; baseline 0.014 -20"><span class='ocrx_word' id='word_1_573' title='bbox 628 5451 832 5523; x_wconf 85' lang='lat' dir='ltr'><strong>Synodi</strong></span> <span class='ocrx_word' id='word_1_574' title='bbox 868 5454 937 5511; x_wconf 83' lang='lat' dir='ltr'><strong>Vl</strong></span> <span class='ocrx_word' id='word_1_575' title='bbox 988 5471 1162 5513; x_wconf 88' lang='lat' dir='ltr'><strong>canon</strong></span> <span class='ocrx_word' id='word_1_576' title='bbox 1200 5458 1256 5514; x_wconf 85' lang='lat'><strong>6.</strong></span> 
     </span>
    </p>
   </div>
   <div class='ocr_carea' id='block_1_101' title="bbox 628 5544 1274 5618">
    <p class='ocr_par' dir='ltr' id='par_1_101' title="bbox 628 5544 1274 5618">
     <span class='ocr_line' id='line_1_102' title="bbox 628 5544 1274 5618; baseline 0.014 -19"><span class='ocrx_word' id='word_1_577' title='bbox 628 5544 790 5616; x_wconf 86' lang='lat' dir='ltr'><strong>Legis</strong></span> <span class='ocrx_word' id='word_1_578' title='bbox 817 5558 982 5618; x_wconf 88' lang='lat' dir='ltr'><strong>caput</strong></span> <span class='ocrx_word' id='word_1_579' title='bbox 1007 5551 1077 5606; x_wconf 72' lang='grc'><strong>45</strong></span> <span class='ocrx_word' id='word_1_580' title='bbox 1103 5562 1156 5607; x_wconf 92' lang='lat' dir='ltr'><strong>et</strong></span> <span class='ocrx_word' id='word_1_581' title='bbox 1186 5551 1274 5608; x_wconf 75' lang='grc'><strong>46.</strong></span> 
     </span>
    </p>
   </div>
   <div class='ocr_carea' id='block_1_102' title="bbox 629 5637 2134 5713">
    <p class='ocr_par' dir='ltr' id='par_1_102' title="bbox 629 5637 2134 5713">
     <span class='ocr_line' id='line_1_103' title="bbox 629 5637 2134 5713; baseline 0.009 -21"><span class='ocrx_word' id='word_1_582' title='bbox 629 5637 722 5692; x_wconf 82' lang='grc'><strong>65.</strong></span> <span class='ocrx_word' id='word_1_583' title='bbox 765 5637 1027 5708; x_wconf 88' lang='lat' dir='ltr'><strong>Oportere</strong></span> <span class='ocrx_word' id='word_1_584' title='bbox 1052 5644 1225 5699; x_wconf 87' lang='lat' dir='ltr'><strong>sacris</strong></span> <span class='ocrx_word' id='word_1_585' title='bbox 1256 5643 1529 5713; x_wconf 89' lang='lat' dir='ltr'><strong>initiatos,</strong></span> <span class='ocrx_word' id='word_1_586' title='bbox 1559 5648 1884 5703; x_wconf 81' lang='lat' dir='ltr'><strong>conﬁtentes</strong></span> <span class='ocrx_word' id='word_1_587' title='bbox 1913 5663 1973 5705; x_wconf 90' lang='lat' dir='ltr'><strong>se</strong></span> <span class='ocrx_word' id='word_1_588' title='bbox 2006 5659 2134 5705; x_wconf 90' lang='lat' dir='ltr'><strong>ante</strong></span> 
     </span>
    </p>
   </div>
   <div class='ocr_carea' id='block_1_103' title="bbox 2305 4629 3137 4699">
    <p class='ocr_par' dir='ltr' id='par_1_103' title="bbox 2305 4629 3137 4699">
     <span class='ocr_line' id='line_1_104' title="bbox 2305 4629 3137 4699; baseline 0.001 -14"><span class='ocrx_word' id='word_1_589' title='bbox 2305 4632 2535 4685; x_wconf 89' lang='grc' dir='ltr'>Συνόδου</span> <span class='ocrx_word' id='word_1_590' title='bbox 2567 4630 2802 4694; x_wconf 86' lang='grc' dir='ltr'>Νικαίας</span> <span class='ocrx_word' id='word_1_591' title='bbox 2837 4629 3017 4685; x_wconf 89' lang='grc' dir='ltr'>κανὼν</span> <span class='ocrx_word' id='word_1_592' title='bbox 3048 4630 3137 4699; x_wconf 86' lang='grc' dir='ltr'>ιγ’.</span> 
     </span>
    </p>
   </div>
   <div class='ocr_carea' id='block_1_104' title="bbox 2305 4722 3643 4795">
    <p class='ocr_par' dir='ltr' id='par_1_104' title="bbox 2305 4722 3643 4795">
     <span class='ocr_line' id='line_1_105' title="bbox 2305 4722 3643 4795; baseline 0.005 -18"><span class='ocrx_word' id='word_1_593' title='bbox 2305 4724 2420 4778; x_wconf 74' lang='grc' dir='ltr'><strong>Καὶ</strong></span> <span class='ocrx_word' id='word_1_594' title='bbox 2445 4724 2542 4778; x_wconf 90' lang='grc' dir='ltr'><strong>τοῦ</strong></span> <span class='ocrx_word' id='word_1_595' title='bbox 2575 4725 2735 4792; x_wconf 89' lang='grc' dir='ltr'>ἀγίου</span> <span class='ocrx_word' id='word_1_596' title='bbox 2769 4723 3082 4795; x_wconf 88' lang='grc' dir='ltr'>Γρηγορίου</span> <span class='ocrx_word' id='word_1_597' title='bbox 3113 4722 3336 4793; x_wconf 86' lang='grc' dir='ltr'>Νύσσης</span> <span class='ocrx_word' id='word_1_598' title='bbox 3367 4725 3550 4780; x_wconf 88' lang='grc' dir='ltr'>κανὼν</span> <span class='ocrx_word' id='word_1_599' title='bbox 3581 4727 3643 4784; x_wconf 89' lang='grc' dir='ltr'><strong>ε’.</strong></span> 
     </span>
    </p>
   </div>
   <div class='ocr_carea' id='block_1_105' title="bbox 2307 4815 3821 4886">
    <p class='ocr_par' dir='ltr' id='par_1_105' title="bbox 2307 4815 3821 4886">
     <span class='ocr_line' id='line_1_106' title="bbox 2307 4815 3821 4886; baseline -0.005 -15"><span class='ocrx_word' id='word_1_600' title='bbox 2307 4815 2400 4885; x_wconf 81' lang='grc' dir='ltr'>ξδ’.</span> <span class='ocrx_word' id='word_1_601' title='bbox 2434 4816 2560 4872; x_wconf 82' lang='grc' dir='ltr'>Ὅτι</span> <span class='ocrx_word' id='word_1_602' title='bbox 2587 4817 2670 4871; x_wconf 91' lang='grc' dir='ltr'><strong>δεῖ</strong></span> <span class='ocrx_word' id='word_1_603' title='bbox 2692 4817 2751 4869; x_wconf 84' lang='grc' dir='ltr'><strong>ἐν</strong></span> <span class='ocrx_word' id='word_1_604' title='bbox 2775 4815 2854 4883; x_wconf 85' lang='grc' dir='ltr'>τῷ</span> <span class='ocrx_word' id='word_1_605' title='bbox 2871 4815 3052 4886; x_wconf 80' lang='grc' dir='ltr'>καιρῷ</span> <span class='ocrx_word' id='word_1_606' title='bbox 3077 4817 3177 4886; x_wconf 82' lang='grc' dir='ltr'>τῆς</span> <span class='ocrx_word' id='word_1_607' title='bbox 3215 4816 3358 4886; x_wconf 76' lang='grc' dir='ltr'>ἥϐης</span> <span class='ocrx_word' id='word_1_608' title='bbox 3394 4819 3650 4872; x_wconf 87' lang='grc' dir='ltr'>ἀπαιτεῖν</span> <span class='ocrx_word' id='word_1_609' title='bbox 3682 4819 3821 4874; x_wconf 87' lang='grc' dir='ltr'>ἀνα-</span> 
     </span>
    </p>
   </div>
   <div class='ocr_carea' id='block_1_106' title="bbox 2233 4906 3825 4980">
    <p class='ocr_par' dir='ltr' id='par_1_106' title="bbox 2233 4906 3825 4980">
     <span class='ocr_line' id='line_1_107' title="bbox 2233 4906 3825 4980; baseline 0 -16"><span class='ocrx_word' id='word_1_610' title='bbox 2233 4909 2487 4979; x_wconf 86' lang='grc' dir='ltr'>γνώστας</span> <span class='ocrx_word' id='word_1_611' title='bbox 2536 4907 2806 4979; x_wconf 88' lang='grc' dir='ltr'>συμϐίους</span> <span class='ocrx_word' id='word_1_612' title='bbox 2858 4906 3173 4979; x_wconf 80' lang='grc' dir='ltr'>ἄγεσθαι,ῆ</span> <span class='ocrx_word' id='word_1_613' title='bbox 3234 4908 3566 4977; x_wconf 73' lang='grc' dir='ltr'>ἐγκράτειαν</span> <span class='ocrx_word' id='word_1_614' title='bbox 3625 4909 3825 4980; x_wconf 78' lang='grc' dir='ltr'>ὁμολο-</span> 
     </span>
    </p>
   </div>
   <div class='ocr_carea' id='block_1_107' title="bbox 2236 4997 3818 5069">
    <p class='ocr_par' dir='ltr' id='par_1_107' title="bbox 2236 4997 3818 5069">
     <span class='ocr_line' id='line_1_108' title="bbox 2236 4997 3818 5069; baseline 0.001 -16"><span class='ocrx_word' id='word_1_615' title='bbox 2236 5004 2378 5069; x_wconf 85' lang='grc' dir='ltr'>γεῖν.</span> <span class='ocrx_word' id='word_1_616' title='bbox 2418 4999 2577 5054; x_wconf 85' lang='grc' dir='ltr'>Μετά</span> <span class='ocrx_word' id='word_1_617' title='bbox 2595 4998 2702 5069; x_wconf 87' lang='grc' dir='ltr'>γὰρ</span> <span class='ocrx_word' id='word_1_618' title='bbox 2734 4998 2834 5068; x_wconf 80' lang='grc' dir='ltr'>τὴν</span> <span class='ocrx_word' id='word_1_619' title='bbox 2859 4997 2955 5051; x_wconf 88' lang='grc' dir='ltr'><strong>τοῦ</strong></span> <span class='ocrx_word' id='word_1_620' title='bbox 3009 4998 3273 5052; x_wconf 81' lang='grc' dir='ltr'>διακόνου</span> <span class='ocrx_word' id='word_1_621' title='bbox 3335 5000 3674 5068; x_wconf 84' lang='grc' dir='ltr'>χειροτονίαν</span> <span class='ocrx_word' id='word_1_622' title='bbox 3714 5001 3818 5054; x_wconf 84' lang='grc' dir='ltr'><strong>οὐκ</strong></span> 
     </span>
    </p>
   </div>
   <div class='ocr_carea' id='block_1_108' title="bbox 2235 5085 3819 5158">
    <p class='ocr_par' dir='ltr' id='par_1_108' title="bbox 2235 5085 3819 5158">
     <span class='ocr_line' id='line_1_109' title="bbox 2235 5085 3819 5158; baseline -0.002 -15"><span class='ocrx_word' id='word_1_623' title='bbox 2235 5090 2448 5156; x_wconf 70' lang='grc' dir='ltr'>ἔξεστιν</span> <span class='ocrx_word' id='word_1_624' title='bbox 2473 5090 2553 5153; x_wconf 86' lang='grc' dir='ltr'><strong>είς</strong></span> <span class='ocrx_word' id='word_1_625' title='bbox 2578 5087 2765 5158; x_wconf 87' lang='grc' dir='ltr'>γάμον</span> <span class='ocrx_word' id='word_1_626' title='bbox 2793 5086 2993 5140; x_wconf 89' lang='grc' dir='ltr'>ἐλθεῖν.</span> <span class='ocrx_word' id='word_1_627' title='bbox 3048 5087 3111 5139; x_wconf 79' lang='lat' dir='ltr'><strong>Ei</strong></span> <span class='ocrx_word' id='word_1_628' title='bbox 3144 5086 3203 5139; x_wconf 79' lang='grc' dir='ltr'>δὲ</span> <span class='ocrx_word' id='word_1_629' title='bbox 3235 5085 3538 5157; x_wconf 81' lang='grc' dir='ltr'>προτρέψει</span> <span class='ocrx_word' id='word_1_630' title='bbox 3596 5085 3757 5140; x_wconf 89' lang='grc' dir='ltr'>τοῦτο</span> <span class='ocrx_word' id='word_1_631' title='bbox 3788 5089 3819 5140; x_wconf 89' lang='grc' dir='ltr'><strong>ὀ</strong></span> 
     </span>
    </p>
   </div>
   <div class='ocr_carea' id='block_1_109' title="bbox 2235 5170 3819 5250">
    <p class='ocr_par' dir='ltr' id='par_1_109' title="bbox 2235 5170 3819 5250">
     <span class='ocr_line' id='line_1_110' title="bbox 2235 5170 3819 5250; baseline -0.003 -13"><span class='ocrx_word' id='word_1_632' title='bbox 2235 5182 2561 5246; x_wconf 83' lang='grc' dir='ltr'>ἐπίσκοπος,</span> <span class='ocrx_word' id='word_1_633' title='bbox 2596 5179 2947 5250; x_wconf 87' lang='grc' dir='ltr'>καθαιρεῖται</span> <span class='ocrx_word' id='word_1_634' title='bbox 2966 5177 3062 5231; x_wconf 74' lang='grc' dir='ltr'>καὶ</span> <span class='ocrx_word' id='word_1_635' title='bbox 3081 5170 3237 5242; x_wconf 74' lang='grc' dir='ltr'>οὗτος</span> <span class='ocrx_word' id='word_1_636' title='bbox 3255 5178 3516 5241; x_wconf 83' lang='grc' dir='ltr'>κάκεῖνος</span> <span class='ocrx_word' id='word_1_637' title='bbox 3538 5194 3553 5211; x_wconf 79' lang='grc' dir='ltr'><strong>ο</strong></span> <span class='ocrx_word' id='word_1_638' title='bbox 3611 5178 3819 5250; x_wconf 85' lang='grc' dir='ltr'>ὁμοίως</span> 
     </span>
    </p>
   </div>
   <div class='ocr_carea' id='block_1_110' title="bbox 2235 5269 3277 5343">
    <p class='ocr_par' dir='ltr' id='par_1_110' title="bbox 2235 5269 3277 5343">
     <span class='ocr_line' id='line_1_111' title="bbox 2235 5269 3277 5343; baseline -0.003 -14"><span class='ocrx_word' id='word_1_639' title='bbox 2235 5274 2295 5329; x_wconf 68' lang='grc' dir='ltr'>δὲ</span> <span class='ocrx_word' id='word_1_640' title='bbox 2324 5273 2420 5328; x_wconf 77' lang='grc' dir='ltr'>καὶ</span> <span class='ocrx_word' id='word_1_641' title='bbox 2438 5272 2715 5335; x_wconf 81' lang='grc' dir='ltr'>διάκονος,</span> <span class='ocrx_word' id='word_1_642' title='bbox 2746 5271 2845 5324; x_wconf 70' lang='grc' dir='ltr'>καὶ</span> <span class='ocrx_word' id='word_1_643' title='bbox 2873 5269 3277 5343; x_wconf 89' lang='grc' dir='ltr'>πρεσϐύτερος.</span> 
     </span>
    </p>
   </div>
   <div class='ocr_carea' id='block_1_111' title="bbox 2307 5363 3296 5435">
    <p class='ocr_par' dir='ltr' id='par_1_111' title="bbox 2307 5363 3296 5435">
     <span class='ocr_line' id='line_1_112' title="bbox 2307 5363 3296 5435; baseline 0.001 -17"><span class='ocrx_word' id='word_1_644' title='bbox 2307 5364 2538 5419; x_wconf 89' lang='grc' dir='ltr'>Συνόδου</span> <span class='ocrx_word' id='word_1_645' title='bbox 2578 5364 2951 5435; x_wconf 81' lang='grc' dir='ltr'>Καρθαγένης</span> <span class='ocrx_word' id='word_1_646' title='bbox 2973 5363 3157 5419; x_wconf 84' lang='grc' dir='ltr'>κανὼν</span> <span class='ocrx_word' id='word_1_647' title='bbox 3195 5370 3296 5428; x_wconf 81' lang='grc' dir='ltr'>ις’.</span> 
     </span>
    </p>
   </div>
   <div class='ocr_carea' id='block_1_112' title="bbox 2309 5453 2933 5521">
    <p class='ocr_par' dir='ltr' id='par_1_112' title="bbox 2309 5453 2933 5521">
     <span class='ocr_line' id='line_1_113' title="bbox 2309 5453 2933 5521; baseline 0.002 -11"><span class='ocrx_word' id='word_1_648' title='bbox 2309 5457 2538 5511; x_wconf 79' lang='grc' dir='ltr'>Συνόδου</span> <span class='ocrx_word' id='word_1_649' title='bbox 2564 5461 2619 5521; x_wconf 84' lang='grc' dir='ltr'>ς’</span> <span class='ocrx_word' id='word_1_650' title='bbox 2646 5455 2829 5510; x_wconf 89' lang='grc' dir='ltr'>κανὼν</span> <span class='ocrx_word' id='word_1_651' title='bbox 2856 5453 2933 5520; x_wconf 83' lang='grc' dir='ltr'>ς’.</span> 
     </span>
    </p>
   </div>
   <div class='ocr_carea' id='block_1_113' title="bbox 2310 5551 3392 5624">
    <p class='ocr_par' dir='ltr' id='par_1_113' title="bbox 2310 5551 3392 5624">
     <span class='ocr_line' id='line_1_114' title="bbox 2310 5551 3392 5624; baseline 0 -16"><span class='ocrx_word' id='word_1_652' title='bbox 2310 5553 2425 5608; x_wconf 76' lang='grc' dir='ltr'>Καὶ</span> <span class='ocrx_word' id='word_1_653' title='bbox 2443 5555 2670 5623; x_wconf 80' lang='grc' dir='ltr'>νομικὸν</span> <span class='ocrx_word' id='word_1_654' title='bbox 2705 5553 3004 5622; x_wconf 83' lang='grc' dir='ltr'>κεφάλαιον</span> <span class='ocrx_word' id='word_1_655' title='bbox 3037 5557 3123 5624; x_wconf 80' lang='grc' dir='ltr'>με’</span> <span class='ocrx_word' id='word_1_656' title='bbox 3151 5552 3244 5606; x_wconf 81' lang='grc' dir='ltr'>καὶ</span> <span class='ocrx_word' id='word_1_657' title='bbox 3272 5551 3392 5623; x_wconf 83' lang='grc' dir='ltr'>μς’.</span> 
     </span>
    </p>
   </div>
   <div class='ocr_carea' id='block_1_114' title="bbox 2312 5644 3823 5715">
    <p class='ocr_par' dir='ltr' id='par_1_114' title="bbox 2312 5644 3823 5715">
     <span class='ocr_line' id='line_1_115' title="bbox 2312 5644 3823 5715; baseline -0.001 -17"><span class='ocrx_word' id='word_1_658' title='bbox 2312 5644 2407 5711; x_wconf 70' lang='lat' dir='ltr'><strong>Es’.</strong></span> <span class='ocrx_word' id='word_1_659' title='bbox 2444 5645 2572 5699; x_wconf 81' lang='grc' dir='ltr'>’Ότι</span> <span class='ocrx_word' id='word_1_660' title='bbox 2602 5645 2687 5699; x_wconf 88' lang='grc' dir='ltr'><strong>δεῖ</strong></span> <span class='ocrx_word' id='word_1_661' title='bbox 2728 5647 2859 5708; x_wconf 79' lang='grc' dir='ltr'>τοὺς</span> <span class='ocrx_word' id='word_1_662' title='bbox 2902 5645 3307 5715; x_wconf 83' lang='grc' dir='ltr'>ὁμολογοῦντας</span> <span class='ocrx_word' id='word_1_663' title='bbox 3358 5645 3468 5699; x_wconf 86' lang='grc' dir='ltr'><strong>τῶν</strong></span> <span class='ocrx_word' id='word_1_664' title='bbox 3502 5644 3823 5713; x_wconf 80' lang='grc' dir='ltr'>ἱερωμένων</span> 
     </span>
    </p>
   </div>
   <div class='ocr_carea' id='block_1_115' title="bbox 561 5727 2123 5809">
    <p class='ocr_par' dir='ltr' id='par_1_115' title="bbox 561 5727 2123 5809">
     <span class='ocr_line' id='line_1_116' title="bbox 561 5727 2123 5809; baseline 0.01 -29"><span class='ocrx_word' id='word_1_665' title='bbox 561 5727 966 5784; x_wconf 88' lang='lat' dir='ltr'><strong>ordinationem</strong></span> <span class='ocrx_word' id='word_1_666' title='bbox 998 5747 1276 5801; x_wconf 88' lang='lat' dir='ltr'><strong>peccasse,</strong></span> <span class='ocrx_word' id='word_1_667' title='bbox 1301 5737 1368 5790; x_wconf 90' lang='lat' dir='ltr'><strong>ab</strong></span> <span class='ocrx_word' id='word_1_668' title='bbox 1395 5736 1573 5793; x_wconf 77' lang='lat' dir='ltr'><strong>oﬂicio</strong></span> <span class='ocrx_word' id='word_1_669' title='bbox 1605 5738 1790 5808; x_wconf 87' lang='lat' dir='ltr'><strong>dejici,</strong></span> <span class='ocrx_word' id='word_1_670' title='bbox 1827 5741 1881 5794; x_wconf 90' lang='lat' dir='ltr'><strong>in</strong></span> <span class='ocrx_word' id='word_1_671' title='bbox 1913 5740 2123 5809; x_wconf 73' lang='lat' dir='ltr'><strong>reliquis</strong></span> 
     </span>
    </p>
   </div>
   <div class='ocr_carea' id='block_1_116' title="bbox 2224 5727 3821 5809">
    <p class='ocr_par' dir='ltr' id='par_1_116' title="bbox 2241 5733 3821 5808">
     <span class='ocr_line' id='line_1_117' title="bbox 2241 5733 3821 5808; baseline -0.003 -17"><span class='ocrx_word' id='word_1_672' title='bbox 2241 5737 2350 5808; x_wconf 81' lang='grc' dir='ltr'><strong>πρὸ</strong></span> <span class='ocrx_word' id='word_1_673' title='bbox 2391 5737 2493 5807; x_wconf 80' lang='grc' dir='ltr'>τῆς</span> <span class='ocrx_word' id='word_1_674' title='bbox 2533 5738 2874 5808; x_wconf 83' lang='grc' dir='ltr'>χειροτονίας</span> <span class='ocrx_word' id='word_1_675' title='bbox 2955 5738 3363 5808; x_wconf 81' lang='grc' dir='ltr'>ἡμαρτηκέναι,</span> <span class='ocrx_word' id='word_1_676' title='bbox 3430 5733 3821 5806; x_wconf 81' lang='grc' dir='ltr'>καθαιρεῖσθαι</span> 
     </span>
    </p>
   </div>
   <div class='ocr_carea' id='block_1_117' title="bbox 565 5824 2135 5903">
    <p class='ocr_par' dir='ltr' id='par_1_117' title="bbox 565 5824 2135 5903">
     <span class='ocr_line' id='line_1_118' title="bbox 565 5824 2135 5903; baseline 0.01 -31"><span class='ocrx_word' id='word_1_677' title='bbox 565 5829 937 5889; x_wconf 80' lang='lat' dir='ltr'><strong>remanentes,</strong></span> <span class='ocrx_word' id='word_1_678' title='bbox 969 5824 1236 5894; x_wconf 88' lang='lat' dir='ltr'><strong>siquidem</strong></span> <span class='ocrx_word' id='word_1_679' title='bbox 1267 5829 1421 5899; x_wconf 92' lang='lat' dir='ltr'><strong>probi</strong></span> <span class='ocrx_word' id='word_1_680' title='bbox 1450 5831 1560 5889; x_wconf 87' lang='lat' dir='ltr'><strong>sint</strong></span> <span class='ocrx_word' id='word_1_681' title='bbox 1593 5849 1606 5888; x_wconf 93' lang='lat'><strong>:</strong></span> <span class='ocrx_word' id='word_1_682' title='bbox 1636 5833 1706 5889; x_wconf 84' lang='lat' dir='ltr'><strong>ita</strong></span> <span class='ocrx_word' id='word_1_683' title='bbox 1741 5842 1799 5889; x_wconf 89' lang='lat' dir='ltr'><strong>ut</strong></span> <span class='ocrx_word' id='word_1_684' title='bbox 1832 5832 1897 5889; x_wconf 88' lang='lat' dir='ltr'><strong>iis</strong></span> <span class='ocrx_word' id='word_1_685' title='bbox 1920 5834 2010 5903; x_wconf 87' lang='lat' dir='ltr'><strong>qui</strong></span> <span class='ocrx_word' id='word_1_686' title='bbox 2040 5848 2135 5891; x_wconf 80' lang='lat' dir='ltr'><strong>eos</strong></span> 
     </span>
    </p>
   </div>
   <div class='ocr_carea' id='block_1_118' title="bbox 2253 5828 3817 5905">
    <p class='ocr_par' dir='ltr' id='par_1_118' title="bbox 2253 5828 3817 5905">
     <span class='ocr_line' id='line_1_119' title="bbox 2253 5828 3817 5905; baseline -0.003 -20"><span class='ocrx_word' id='word_1_687' title='bbox 2253 5833 2355 5905; x_wconf 80' lang='grc' dir='ltr'><strong>τῆς</strong></span> <span class='ocrx_word' id='word_1_688' title='bbox 2379 5830 2750 5903; x_wconf 85' lang='grc' dir='ltr'>λειτουργίας,</span> <span class='ocrx_word' id='word_1_689' title='bbox 2793 5832 2851 5887; x_wconf 84' lang='grc' dir='ltr'><strong>ἐν</strong></span> <span class='ocrx_word' id='word_1_690' title='bbox 2914 5833 3029 5895; x_wconf 84' lang='grc' dir='ltr'>τοῖς</span> <span class='ocrx_word' id='word_1_691' title='bbox 3078 5830 3291 5895; x_wconf 87' lang='grc' dir='ltr'>λοιποῖς</span> <span class='ocrx_word' id='word_1_692' title='bbox 3347 5828 3636 5901; x_wconf 78' lang='grc' dir='ltr'>μένοντας,</span> <span class='ocrx_word' id='word_1_693' title='bbox 3664 5828 3716 5883; x_wconf 80' lang='grc' dir='ltr'><strong>εί</strong></span> <span class='ocrx_word' id='word_1_694' title='bbox 3751 5842 3817 5897; x_wconf 82' lang='grc' dir='ltr'><strong>γε</strong></span> 
     </span>
    </p>
   </div>
  </div>
