4140 6406
277 391 348 456 29

1549 389 1891 472 ΕΡΙΤΟΜΕ
1930 390 2319 455 CANONUM.
3500 393 3572 458 30

289 505 575 562 σπουδαῖοι
595 503 948 574 τυγχάνουσι
973 519 988 535 ’
1019 501 1192 574 μηδὲν
1233 500 1347 556 τῶν
1394 504 1897 575 χειροτονησάντων

2004 507 2334 561 ordinarunt
2409 507 2613 561 nullum
2680 508 3047 578 pra-judicium
3119 506 3414 575 aﬂ‘eratur,
3465 509 3572 565 nisi

296 594 926 669 προκριματιζομένων,
953 593 1003 647 εί
1059 592 1136 665 μὴ
1182 591 1594 662 συνεγνώκασι.

367 779 601 834 Συνόδου
640 774 890 840 Νικαίας
921 775 1103 829 κανὼν
1134 771 1178 827 θ’
1217 775 1314 827 καὶ
1343 770 1397 828 ι’.

370 869 637 939 Θεοφίλου
675 865 1094 938 Ἀλεξανδρείας
1123 865 1309 920 κανὼν
1324 863 1401 936 γ’,
1433 863 1499 920 ε’.

373 958 482 1026 Eg’.
509 958 736 1013 Ὅτιδεῖ
795 956 1261 1027 συναφορίζεσθαι
1301 956 1430 1020 τοὺς
1485 955 1894 1024 συνεγνωκότας
1949 975 1958 982 ·

297 1053 377 1122 τῷ
409 1051 821 1122 ἁμαρτήσαντι,
846 1049 944 1103 καὶ
983 1049 1060 1119 μὴ
1121 1047 1612 1117 ὁμολογήσαντας·
1666 1047 1761 1101 καὶ
1811 1047 1895 1100 ὅτι

302 1145 354 1199 οἱ
397 1142 746 1215 προεστῶτες
802 1137 1259 1211 ἐφησυχὰζοντες
1316 1140 1432 1202 τοῖς
1471 1137 1762 1203 τοιούτοις,
1814 1136 1895 1207 τῷ

301 1233 460 1304 αὑτῷ
484 1233 725 1304 κρίματι
755 1233 1108 1285 ὑπόκεινται.

374 1327 610 1380 Συνὸδου
647 1323 929 1397 ’Δγκύρας
945 1323 1128 1378 κανὼν
1161 1321 1265 1378 κε’.

373 1423 492 1477 Καὶ
535 1421 633 1476 τοῦ
668 1419 824 1491 ἁγίου
859 1418 1170 1491 Γρηγορίου
1195 1415 1292 1471 τοῦ
1330 1413 1768 1486 Θαυματουργοῢ
1796 1431 1895 1468 κα-

299 1511 416 1566 νὼν
451 1510 519 1581 β’.

373 1605 492 1658 Καὶ
515 1601 613 1657 τοῦ
642 1603 802 1672 ἁγίου
837 1601 1127 1672 Βᾳσιλεξου
1149 1599 1332 1654 κανὼν
1358 1596 1460 1655 οα’.

364 1697 467 1763 ξςι.
507 1695 635 1750 Ὀτι
663 1695 724 1749 οὐ
749 1695 834 1748 δεῖ
871 1711 997 1748 τινα
1025 1692 1137 1746 τῶν
1169 1691 1490 1763 ἱερωμένων
1521 1691 1554 1762 ἢ
1612 1688 1890 1760 μοναχῶν,

301 1786 587 1857 κοσμικὰς
608 1785 784 1856 ἀρχὰς
833 1784 868 1856 ἢ
899 1783 1280 1855 φροντίδας,ῆ
1341 1779 1636 1851 στρατείας
1703 1777 1894 1832 ἀναδέ-

301 1878 530 1950 χεσθαι·
573 1877 761 1948 ἐπειδὴ
790 1876 1135 1948 καθαιρεῖται
1177 1875 1268 1929 καὶ
1299 1872 1781 1944 ἀναθεματίζεται.

365 2058 494 2112 Τῶν
520 2056 693 2126 ἁγίων
719 2057 1037 2111 ἀποστόλων
1061 2055 1241 2110 κανὼν
1273 2060 1348 2120 ς’,
1375 2051 1468 2108 πα¹
1499 2052 1594 2107 καὶ
1617 2056 1731 2120 πγ’.

373 2148 605 2202 Συνόδου
636 2147 979 2218 Καλχηδόνος
1010 2145 1189 2200 κανὼν
1215 2143 1295 2214 γ’,
1328 2144 1382 2199 δ’
1406 2143 1499 2198 καὶ
1529 2140 1601 2208 ζ’.
1755 2131 1761 2134 ’

372 2238 604 2292 Συνόδου
631 2237 995 2310 Καρθαγὲνης
1027 2236 1206 2291 κανὼν
1237 2242 1342 2301 ις’.

373 2331 604 2384 Συνόδου
636 2329 681 2394 ζ’
704 2331 889 2384 κανὼν
922 2336 983 2384 ι’.

375 2419 604 2474 Συνόδου
654 2421 710 2472 ἐν
760 2419 836 2492 τῷ
865 2418 980 2490 ναῷ
1024 2418 1134 2476 τῶν
1189 2419 1386 2488 Ἀγίων
1423 2416 1765 2472 Ἀποστόλων
1795 2433 1896 2468 κα-

305 2512 414 2566 νὼν
451 2518 540 2566 ια’.

375 2606 492 2658 Καὶ
519 2605 744 2672 νομικὸν
770 2604 1066 2672 κεφάλαιον
1093 2604 1214 2672 λγι,
1243 2603 1363 2668 λδ¹,
1393 2603 1503 2657 λε’.

377 2694 499 2764 ξη’.
521 2695 644 2749 Ὀτι
670 2695 730 2748 οὐ
755 2695 837 2748 δεῖ
863 2693 1238 2765 πρεσϐύτερον
1262 2694 1342 2758 εἰς
1367 2694 1580 2764 γάμους
1604 2691 1896 2764 διγαμούν-

303 2802 417 2841 των
448 2785 481 2856 ἢ
514 2786 978 2857 παρανομούντων
1009 2785 1318 2840 ἑστιᾶσθαι.

378 2966 609 3020 Συνόδου
638 2964 1078 3036 Νεοκαισαρείας
1105 2963 1286 3020 κανὼν
1314 2962 1385 3029 ζ’.

378 3059 496 3112 Καὶ
517 3059 626 3112 τῶν
651 3058 824 3126 ἁγίων
850 3057 1166 3112 ἀποστόλων
1192 3056 1376 3110 κανὼν
1406 3061 1514 3111 ια’.

379 3149 481 3215 ξθ¹.
526 3151 648 3205 Ὀτι
679 3151 762 3204 δεῖ
794 3148 1007 3219 φανερὰ
1042 3144 1184 3203 εἶναι
1215 3149 1285 3202 τὰ
1317 3150 1413 3202 τοῦ
1450 3149 1752 3204 ἐπισκόπου
1789 3147 1894 3202 ἴδια

306 3245 638 3315 πράγματα,
670 3242 724 3296 εῐ
751 3259 816 3311 γε
849 3243 946 3296 καὶ
974 3241 1087 3312 ἔχει
1108 3259 1122 3272 ·
1153 3241 1190 3295 ἃ
1219 3242 1311 3296 καὶ
1340 3242 1612 3295 τελευτῶν
1643 3242 1898 3297 καταλεί-

305 3337 400 3407 ψοι
431 3332 515 3399 οἷς
542 3334 608 3390 ἂν
632 3335 804 3389 ἐθέλοι
827 3349 841 3363 ⁶
872 3335 934 3388 οὐ
959 3333 1070 3404 γὰρ
1097 3333 1274 3401 ἔξεστι
1300 3335 1412 3398 τοῖς
1439 3335 1721 3406 κληρικοῖς
1746 3335 1897 3408 διαρ⁴

306 3434 508 3497 πὰζειν
537 3431 676 3486 αὐτά
695 3447 710 3462 ⁸
739 3429 862 3485 ἐπεὶ
895 3430 1229 3484 ἐκπίπτουσι
1257 3429 1364 3483 τῶν
1395 3428 1612 3482 οἰκείων
1644 3427 1891 3499 βαθμῶν.

302 3523 525 3594 οιἀνερςὶι
559 3522 616 3576 δὲ
649 3522 958 3592 ὀφείλουσιν
989 3515 1131 3573 εἶναι
1167 3520 1265 3572 καὶ
1293 3519 1362 3572 τά
1392 3519 1492 3589 τῆς
1529 3519 1893 3589 Ἐκκλησίας,

302 3616 342 3672 ἃ
371 3615 473 3671 καὶ
501 3615 748 3686 ἀμείωτα
778 3617 845 3686 τῇ
881 3611 1180 3683 Ἐκκλησία
1206 3610 1287 3665 δεῖ
1319 3609 1704 3682 συντηρεῖσθαι
1724 3650 1739 3674 ,
1773 3611 1896 3663 ἐπι-

305 3709 696 3779 γινωσκόμενα
731 3709 885 3780 παρά
914 3707 1026 3762 τῶν
1056 3707 1446 3778 πρεσϐυτέρων
1476 3705 1571 3757 καὶ
1606 3704 1893 3758 διακόνων.

303 3804 420 3856 Καὶ
453 3801 516 3854 ού
555 3802 634 3854 δεῖ
667 3799 1020 3856 ἀπαιτεῖσθαι
1067 3798 1178 3854 ἀπὸ
1212 3797 1322 3850 τῶν
1374 3796 1712 3866 Ἐκκλησιῶν
1747 3797 1891 3866 πρά-

302 3913 503 3968 γματα
541 3894 687 3964 ἆπερ
707 3895 803 3949 καὶ
825 3895 933 3948 ἀπὸ
960 3894 1069 3947 τῶν
1097 3892 1300 3946 λοιπῶν
1330 3889 1638 3962 ἀνθρώπων
1664 3889 1773 3941 τῶν
1799 3885 1896 3940 τοῦ

302 3986 524 4042 κοινοῦο
554 3987 589 4058 ἢ
621 3987 798 4058 μόνων
825 3985 1084 4056 γεφυρῶν
1109 3983 1413 4053 οἱκοδομαὶ,
1443 3982 1536 4036 καὶ
1565 3979 1898 4042 ἀνανεώσεις

303 4079 372 4131 ἐκ
405 4076 616 4130 τούτων
650 4078 993 4148 γενήσονται.
1032 4076 1143 4130 Καὶ
1183 4075 1318 4146 μηδέ
1352 4072 1612 4128 δύνασθαι
1646 4071 1740 4125 τὸν
1773 4068 1897 4124 ἐπίιο

303 4183 514 4221 σκοπον
540 4167 881 4236 ἁπεμπολείν
908 4184 963 4221 τι
987 4167 1095 4220 τῶν
1119 4168 1217 4237 τῆς
1248 4163 1581 4234 Ἐκκλησίας
1607 4163 1776 4234 χωρὶς
1807 4177 1900 4232 με·

303 4258 484 4326 γὰλης
509 4256 758 4328 ἀνάγκης
776 4273 790 4288 ·
818 4256 914 4310 καὶ
941 4257 1066 4309 τότε
1100 4256 1147 4308 el
1176 4255 1356 4326 δεήσει
1389 4252 1506 4326 [Ian
1535 4251 1774 4324 εἰδήσει]
1803 4249 1896 4304 τοῦ

301 4347 686 4418 πρωτεύοντος
708 4349 808 4418 τῆς
833 4347 1127 4418 ἐπαρχίας,
1153 4347 1272 4418 ἦτοι
1299 4347 1544 4416 μείζονος
1569 4345 1896 4417 ἀρχιερέως.

312 4440 555 4509 Ὁμοίως
602 4441 695 4492 καὶ
735 4441 833 4500 τὰς
879 4439 1244 4511 ἐμφυτεύσεις
1289 4440 1494 4510 εἰδήσει
1537 4435 1702 4492 αὐτοῦ
1749 4437 1899 4505 γίνεσ

1997 601 2202 654 conscii
2243 599 2471 655 Iuerint.

2069 782 2271 854 Synodi
2322 782 2537 837 Nicena:
2571 798 2742 837 canon
2775 782 2806 837 9
2839 792 2892 836 ct
2924 783 3004 837 ιο.

2068 873 2349 942 Theophili
2399 875 2756 930 Alexandrini
2793 891 2966 928 canon
3000 876 3052 938 5.
3089 875 3140 929 5.

2069 963 2160 1019 66.
2204 963 2470 1035 Oportere
2506 967 2756 1023 conscios
2797 983 2902 1020 una
2929 983 3055 1020 cum
3091 984 3154 1021 eo
3185 969 3273 1036 qui
3327 967 3572 1035 deliquit,

1996 1053 2123 1109 licet
2157 1071 2263 1110 non
2295 1057 2645 1123 centitentes,
2679 1058 3166 1113 excomtnunicari.
3203 1058 3334 1111 Item
3383 1058 3574 1126 praefe-

1999 1155 2120 1202 ctos
2152 1146 2353 1202 talibus
2382 1150 2800 1218 arquieseentes
2824 1150 2998 1203 eidem
3023 1149 3233 1226 judicio
3268 1150 3573 1218 suhjaeerv.

2072 1328 2275 1401 Synodi
2313 1330 2613 1401 Ancyrana:
2645 1344 2816 1384 canon
2862 1328 2934 1382 25
3042 1401 3046 1404 ﬁ

2071 1423 2256 1478 Sancti
2287 1422 2535 1493 Gregorii
2567 1420 2962 1491 Thaumaturgi
3003 1436 3176 1475 canon
3207 1421 3264 1475 2.

2069 1612 2250 1668 Sancti
2280 1612 2465 1669 Basilii
2496 1627 2672 1667 canon
2701 1612 2792 1666 7i.

2068 1704 2157 1759 67.
2200 1704 2316 1758 Non
2355 1715 2605 1773 oportere
2643 1718 2971 1774 quemquam
3019 1703 3275 1757 cleriemn
3312 1709 3403 1754 aut
3461 1715 3574 1753 mo-

1997 1798 2231 1851 nachum
2275 1797 2564 1852 saeculares
2597 1795 2970 1864 magistratus,
3007 1803 3100 1847 aut
3136 1809 3299 1847 curas
3329 1803 3422 1846 aut
3466 1793 3572 1844 mi-

2003 1890 2176 1944 litaria
2208 1887 2379 1944 ollicia
2409 1890 2691 1956 suscipere
2741 1905 2755 1942 :
2808 1886 3074 1956 alioquin,
3107 1887 3274 1957 gradu
3331 1896 3577 1939 movetur

2001 1991 2160 2050 atque
2200 1982 2547 2035 anathemate
2589 1979 2925 2046 percellitur.

2073 2071 2401 2125 Sanctorum
2435 2071 2806 2136 apostolorum
2836 2086 3010 2124 canon
3044 2068 3097 2134 6,
3125 2067 3185 2122 81
3219 2078 3271 2120 et
3302 2067 3392 2121 85.

2072 2160 2273 2232 Synodi
2308 2161 2773 2216 Calchedonensis
2798 2175 2972 2214 canon
3008 2161 3061 2223 5,
3095 2159 3127 2212 4
3155 2169 3205 2211 et
3238 2159 3287 2212 7.

2070 2254 2274 2322 Synodi
2305 2252 2766 2320 Carthaginiensis
2794 2267 2967 2306 canon
3001 2251 3086 2305 16.

2075 2345 2284 2417 Synodi
2321 2345 2408 2399 VII
2448 2359 2622 2399 canon
2665 2344 2749 2402 to.

2072 2437 2276 2509 Synodi
2313 2438 2368 2492 in
2397 2437 2596 2508 templo
2619 2448 2936 2494 sanctorum
2973 2435 3340 2506 apostolorum
3377 2434 3574 2488 habitae

2001 2546 2178 2586 canon
2213 2531 2302 2584 11.

2070 2623 2232 2694 Legis
2257 2640 2377 2696 cap.
2409 2616 2500 2690 55,
2534 2623 2603 2678 54
2628 2631 2684 2679 et
2715 2622 2805 2678 55.
2874 2611 2877 2614 ’

2073 2716 2164 2772 68.
2197 2717 2312 2771 Non
2350 2726 2604 2787 Oportere
2630 2717 3033 2787 presbyterum,
3056 2729 3240 2769 eorum
3267 2712 3357 2782 qui
3385 2726 3581 2764 secun-

2003 2809 2129 2864 dum
2189 2809 2593 2862 matrimonium
2652 2808 2987 2863 contrahunt
3043 2816 3099 2861 et
3154 2805 3298 2873 leges
3353 2803 3578 2867 violant,

2005 2900 2338 2967 nuptialibus
2371 2900 2636 2954 conviviis
2666 2899 2957 2954 interesse.

2075 2990 2274 3062 Synodi
2311 2990 2774 3047 Neocaesariensis
2810 3006 2984 3045 canon
3020 2991 3074 3044 7.

2078 3085 2407 3140 Sanctorum
2440 3087 2813 3154 apostolorum
2843 3100 3016 3139 canon
3051 3084 3138 3138 11.

1920 3201 1966 3268 C
2072 3177 2162 3233 69.
2200 3177 2308 3232 Res
2335 3177 2576 3247 episcopi
2607 3178 2876 3246 proprias,
2915 3176 3180 3245 siquidem
3216 3174 3432 3238 habeat,
3461 3187 3576 3225 ma-

2005 3267 2231 3324 nifestas
2263 3283 2386 3324 esse
2421 3280 2697 3336 oportere,
2736 3283 2871 3335 quas
2919 3268 3160 3322 moriens
3208 3265 3403 3332 quibus
3451 3263 3582 3316 velit

2003 3360 2313 3428 relinquat;
2353 3373 2530 3428 neque
2557 3360 2701 3412 enim
2734 3358 2858 3412 licet
2887 3357 3103 3413 clericis
3145 3357 3291 3426 ipsas
3317 3355 3578 3422 diripere,

1999 3452 2241 3518 alioquin
2275 3451 2536 3520 gradibus
2579 3451 2692 3506 suis
2726 3450 3008 3505 excidunt.
3048 3448 3156 3503 Res
3189 3449 3353 3503 etiam
3390 3446 3579 3500 Eccle-

1999 3545 2092 3599 sia:
2126 3544 2301 3614 palam
2332 3558 2454 3599 esse
2503 3545 2725 3608 debent,
2775 3559 2895 3614 quae
2929 3543 3148 3611 quidem
3180 3541 3406 3610 integra:
3445 3553 3579 3592 con-

1999 3635 2283 3690 servandae
2330 3644 2457 3689 sunt
2509 3635 2792 3698 Ecclesiae,
2847 3633 3183 3704 presbyteris
3233 3642 3288 3686 et
3338 3630 3581 3684 diaconis

1999 3737 2162 3783 notae.
2197 3726 2383 3795 Neque
2424 3741 2554 3782 vero
2611 3742 2673 3782 ea
2730 3736 2857 3781 sunt
2913 3725 2981 3781 ab
3017 3725 3255 3779 Ecclesia
3291 3725 3577 3800 exigenda,

1999 3835 2119 3891 qua:
2170 3836 2200 3875 a
2236 3818 2466 3890 reliquis
2517 3819 2902 3875 communibus
2954 3817 3312 3873 hominibus:
3351 3825 3579 3885 prmter-

2001 3929 2165 3985 quam
2203 3913 2348 3982 quod
2400 3920 2613 3967 tantum
2653 3913 2899 3981 pontium
2961 3910 3366 3966 exstructiones
3421 3917 3581 3976 atque

2001 4005 2430 4062 instaurationes
2461 4003 2532 4059 ab
2569 4005 2634 4059 iis
2665 4003 2816 4058 ﬁent.
2847 4003 2925 4058 Ac
2973 4016 3144 4072 neque
3176 4015 3336 4070 posse
3365 3999 3581 4069 episco-

2001 4115 2126 4170 pum
2157 4099 2455 4170 quidquam
2491 4096 2786 4152 divendere
2812 4111 3000 4152 eorum
3027 4110 3146 4164 qua:
3173 4095 3239 4148 ad
3277 4092 3577 4148 Ecclesium

2003 4191 2280 4261 pertinent
2330 4191 2469 4245 citra
2529 4203 2780 4257 magnam
2833 4187 3236 4251 necessitatem,
3291 4186 3449 4251 idque
3502 4198 3570 4236 ex

2003 4282 2228 4338 scientia
2282 4281 2576 4351 provincia:
2623 4278 2892 4348 primatis.
2931 4293 3025 4332 seu
3075 4275 3296 4342 maioris
3330 4273 3578 4342 praelati:

2003 4373 2255 4429 similiter
2281 4373 2444 4428 etiam
2476 4372 2864 4442 emphyteuses
2899 4373 3014 4440 ipso
3049 4369 3254 4425 sciente
3282 4369 3418 4421 lieri.
3449 4367 3579 4420 Item

2002 4481 2124 4521 eum
2160 4465 2253 4534 qui
2303 4479 2408 4518 non
2459 4463 2622 4518 solvit
2653 4477 2916 4517 canonem
2965 4458 3427 4530 emphyteuticum
3461 4465 3581 4526 post

304 4533 472 4587 σθαι’
515 4532 609 4586 καὶ
651 4533 735 4585 ὅτι
775 4532 804 4584 δ
853 4532 930 4603 μὴ
971 4532 1330 4587 καταϐάλλων
1366 4531 1458 4584 τὸν
1499 4527 1898 4601 ἐμφυτευτικδν

2005 4557 2312 4623 biennium,
2344 4557 2563 4626 penitus
2603 4555 2859 4612 excidere
2881 4557 3347 4624 emphyteumate.

300 4624 511 4680 κανόνα
548 4622 643 4676 ἐπὶ
678 4622 854 4695 διετίᾳ
891 4623 1149 4678 ἐκπίπτει
1183 4622 1456 4688 παντοίως
1488 4621 1582 4676 τοῦ
1617 4619 1895 4691 ἐμφυτεύ-

302 4734 500 4789 ματος.

373 4805 500 4858 Τῶν
531 4805 703 4872 ἁγίων
730 4804 1046 4860 ἀποστόλων
1073 4804 1256 4860 κανὼν
1290 4803 1377 4875 μ’.

376 4897 609 4951 Συνόδου
638 4898 971 4968 Ἀντιοχείας
999 4897 1183 4952 κανὼν
1209 4899 1329 4954 κδ’.

374 4989 608 5042 Συνόδου
640 4989 985 5062 Καλχηδόνος
1018 4990 1211 5045 κανὼν
1229 4991 1347 5063 κβ’.

372 5080 608 5134 Συνόδου
637 5080 1005 5151 Καρθαγένης
1036 5079 1217 5137 κανὼν
1245 5080 1341 5136 κε’
1368 5082 1464 5137 καὶ
1491 5083 1614 5152 λγ’.

374 5172 607 5226 Συνόδου
635 5171 680 5238 ζ’
701 5171 883 5228 κανὼν
911 5173 1018 5229 ιϐ’.

373 5263 488 5317 Τοῦ
516 5264 674 5332 ἁγίου
707 5265 984 5336 Κυρίλλου
1015 5264 1197 5321 κανὼν
1227 5265 1308 5338 β’.

369 5356 492 5411 Καὶ
521 5358 746 5428 νομικὸν
777 5357 1076 5429 κεφάλαιον
1108 5366 1218 5428 ιγ’,
1251 5359 1351 5426 ιδ’,
1386 5367 1486 5426 ιε’,
1525 5368 1628 5432 κγ’
1655 5363 1752 5418 καὶ
1780 5363 1891 5421 λε’.

369 5446 434 5504 o'.
461 5448 586 5503 Ὀτι
611 5449 694 5503 δεῖ
725 5449 895 5521 μηδὲν
919 5449 1187 5522 πράττειν
1208 5452 1334 5516 τοὺς
1357 5453 1768 5526 πρεσϐυτέρους
1795 5457 1892 5512 καὶ

295 5541 582 5606 διακόνους
609 5543 781 5614 χωρὶς
810 5539 1042 5615 γνώμης
1065 5542 1160 5596 τοῦ
1192 5543 1522 5600 ἐπισκόπου.

365 5631 494 5687 Τῶν
518 5634 689 5704 ἁγίων
714 5635 1038 5690 ἀποστόλων
1065 5634 1249 5690 κανὼν
1275 5635 1392 5692 λθ’.

368 5726 601 5782 Συνόδου
633 5728 915 5800 ’Δγκύρας
956 5727 1137 5782 κανὼν
1172 5735 1260 5784 ιε’.

392 5823 507 5876 Καὶ
537 5823 753 5880 συνόδου
783 5823 1152 5897 Καρθαγένης
1183 5825 1364 5882 κανὼν
1393 5825 1518 5898 λγ’.

2080 4819 2403 4876 Sanctorum
2429 4821 2796 4891 apostolorum
2844 4835 3017 4876 canon
3053 4819 3120 4873 to

2077 4911 2281 4984 Synodi
2312 4913 2664 4969 Antiochenaa
2696 4927 2873 4968 canon
2919 4912 3012 4964 24.

2076 4999 2276 5071 Synodi
2308 5001 2766 5057 Calchedonensis
2797 5017 2969 5057 canon
3009 5000 3103 5054 22.

2077 5091 2276 5162 Synodi
2317 5091 2782 5164 Carthaginiensis
2813 5108 2987 5147 canon
3017 5092 3089 5146 25
3118 5102 3172 5148 et
3199 5091 3287 5145 55.

2076 5179 2284 5249 Synodi
2309 5179 2401 5235 VII
2433 5197 2609 5237 canon
2649 5181 2738 5237 19.

2075 5270 2259 5328 Saneti
2293 5271 2480 5344 Cyrilli
2513 5287 2688 5326 canon
2718 5273 2775 5327 2.

2073 5362 2234 5430 Legis
2269 5373 2428 5433 caput
2464 5365 2552 5428 15,
2588 5364 2677 5432 14,
2718 5363 2808 5430 15,
2838 5365 2910 5420 25
2941 5371 2993 5418 et
3022 5361 3116 5417 55.

2076 5465 2168 5522 70.
2211 5466 2328 5521 Non
2358 5479 2611 5537 oportere
2650 5469 2999 5538 presbyteros
3043 5473 3097 5519 et
3131 5463 3390 5518 diaconos
3418 5457 3582 5530 quiti-

2007 5571 2169 5628 quam
2212 5557 2396 5614 facere
2420 5561 2636 5627 absque
2675 5559 2913 5628 episcopi
2956 5568 3249 5611 consensu.

2078 5648 2403 5706 Sanctorum
2433 5649 2802 5718 apostolorum
2833 5663 3006 5703 canon
3041 5648 3134 5703 59.

2081 5739 2282 5811 Synodi
2316 5741 2617 5810 Ancyranze
2662 5755 2837 5795 canon
2885 5740 2975 5794 15.

2083 5832 2286 5903 Synodi
2342 5829 2805 5900 Carthaginiensis
2855 5845 3025 5887 canon
3057 5831 3148 5886 55.
