  <div class='ocr_page' id='page_1' title='image "/cluster/home/n/w/nwhite01/storage/ocr_20150623/133/coo.31924054870385/023.png"; bbox 0 0 4140 6450; ppageno 0'>
   <div class='ocr_carea' id='block_1_1' title="bbox 564 398 2149 465">
    <p class='ocr_par' dir='ltr' id='par_1_1' title="bbox 564 398 2149 465">
     <span class='ocr_line' id='line_1_1' title="bbox 564 398 2149 465; baseline -0.004 0"><span class='ocrx_word' id='word_1_1' title='bbox 564 398 630 465; x_wconf 83' lang='grc'><strong>31</strong></span> <span class='ocrx_word' id='word_1_2' title='bbox 1842 399 2149 461; x_wconf 81' lang='lat' dir='ltr'><strong>ARSENII</strong></span> 
     </span>
    </p>
   </div>
   <div class='ocr_carea' id='block_1_2' title="bbox 2252 398 3837 465">
    <p class='ocr_par' dir='ltr' id='par_1_2' title="bbox 2252 398 3837 463">
     <span class='ocr_line' id='line_1_2' title="bbox 2252 398 3837 463; baseline 0.004 -7"><span class='ocrx_word' id='word_1_3' title='bbox 2252 398 2549 461; x_wconf 63' lang='lat' dir='ltr'><strong>IONACUI</strong></span> <span class='ocrx_word' id='word_1_4' title='bbox 3758 398 3837 463; x_wconf 69' lang='grc'><strong>32</strong></span> 
     </span>
    </p>
   </div>
   <div class='ocr_carea' id='block_1_3' title="bbox 639 517 2210 591">
    <p class='ocr_par' dir='ltr' id='par_1_3' title="bbox 639 517 2210 591">
     <span class='ocr_line' id='line_1_3' title="bbox 639 517 2210 591; baseline -0.001 -17"><span class='ocrx_word' id='word_1_5' title='bbox 639 520 725 578; x_wconf 80' lang='lat' dir='ltr'><strong>7i.</strong></span> <span class='ocrx_word' id='word_1_6' title='bbox 767 520 1032 591; x_wconf 89' lang='lat' dir='ltr'><strong>Oporterc</strong></span> <span class='ocrx_word' id='word_1_7' title='bbox 1060 521 1375 591; x_wconf 81' lang='lat' dir='ltr'><strong>episcopum</strong></span> <span class='ocrx_word' id='word_1_8' title='bbox 1407 520 1460 575; x_wconf 91' lang='lat' dir='ltr'><strong>in</strong></span> <span class='ocrx_word' id='word_1_9' title='bbox 1505 519 1751 574; x_wconf 88' lang='lat' dir='ltr'><strong>subditas</strong></span> <span class='ocrx_word' id='word_1_10' title='bbox 1793 517 1895 572; x_wconf 88' lang='lat' dir='ltr'><strong>sibi</strong></span> <span class='ocrx_word' id='word_1_11' title='bbox 1925 517 2135 573; x_wconf 85' lang='lat' dir='ltr'><strong>animas</strong></span> <span class='ocrx_word' id='word_1_12' title='bbox 2166 520 2210 578; x_wconf 74' lang='grc' dir='ltr'><strong>Α</strong></span> 
     </span>
    </p>
   </div>
   <div class='ocr_carea' id='block_1_4' title="bbox 565 612 2137 683">
    <p class='ocr_par' dir='ltr' id='par_1_4' title="bbox 565 612 2137 683">
     <span class='ocr_line' id='line_1_4' title="bbox 565 612 2137 683; baseline 0.001 -19"><span class='ocrx_word' id='word_1_13' title='bbox 565 622 883 683; x_wconf 83' lang='lat' dir='ltr'><strong>potestatem</strong></span> <span class='ocrx_word' id='word_1_14' title='bbox 940 615 1168 679; x_wconf 86' lang='lat' dir='ltr'><strong>habere,</strong></span> <span class='ocrx_word' id='word_1_15' title='bbox 1203 629 1491 683; x_wconf 83' lang='lat' dir='ltr'><strong>rerumque</strong></span> <span class='ocrx_word' id='word_1_16' title='bbox 1524 612 1778 667; x_wconf 81' lang='lat' dir='ltr'><strong>Eeclesirc</strong></span> <span class='ocrx_word' id='word_1_17' title='bbox 1827 627 2014 668; x_wconf 89' lang='lat' dir='ltr'><strong>curam</strong></span> <span class='ocrx_word' id='word_1_18' title='bbox 2043 627 2137 682; x_wconf 44' lang='lat' dir='ltr'><strong>ge-</strong></span> 
     </span>
    </p>
   </div>
   <div class='ocr_carea' id='block_1_5' title="bbox 563 703 2135 768">
    <p class='ocr_par' dir='ltr' id='par_1_5' title="bbox 563 703 2135 768">
     <span class='ocr_line' id='line_1_5' title="bbox 563 703 2135 768; baseline -0.001 -11"><span class='ocrx_word' id='word_1_19' title='bbox 563 718 685 757; x_wconf 85' lang='lat' dir='ltr'><strong>rere</strong></span> <span class='ocrx_word' id='word_1_20' title='bbox 715 720 836 757; x_wconf 85' lang='lat' dir='ltr'><strong>cum</strong></span> <span class='ocrx_word' id='word_1_21' title='bbox 872 703 962 757; x_wconf 85' lang='lat' dir='ltr'><strong>Dei</strong></span> <span class='ocrx_word' id='word_1_22' title='bbox 1007 705 1226 768; x_wconf 91' lang='lat' dir='ltr'><strong>timore,</strong></span> <span class='ocrx_word' id='word_1_23' title='bbox 1275 720 1340 759; x_wconf 90' lang='lat' dir='ltr'><strong>ac</strong></span> <span class='ocrx_word' id='word_1_24' title='bbox 1386 720 1491 758; x_wconf 87' lang='lat' dir='ltr'><strong>non</strong></span> <span class='ocrx_word' id='word_1_25' title='bbox 1545 720 1636 758; x_wconf 84' lang='lat' dir='ltr'><strong>eas</strong></span> <span class='ocrx_word' id='word_1_26' title='bbox 1671 704 1771 758; x_wconf 83' lang='lat' dir='ltr'><strong>sibi</strong></span> <span class='ocrx_word' id='word_1_27' title='bbox 1808 704 2098 756; x_wconf 81' lang='lat' dir='ltr'><strong>vendicare</strong></span> <span class='ocrx_word' id='word_1_28' title='bbox 2121 743 2135 767; x_wconf 90' lang='lat'><strong>,</strong></span> 
     </span>
    </p>
   </div>
   <div class='ocr_carea' id='block_1_6' title="bbox 565 796 2139 866">
    <p class='ocr_par' dir='ltr' id='par_1_6' title="bbox 565 796 2139 866">
     <span class='ocr_line' id='line_1_6' title="bbox 565 796 2139 866; baseline 0.001 -19"><span class='ocrx_word' id='word_1_29' title='bbox 565 805 658 847; x_wconf 88' lang='lat' dir='ltr'><strong>aut</strong></span> <span class='ocrx_word' id='word_1_30' title='bbox 688 796 951 861; x_wconf 72' lang='lat' dir='ltr'><strong>sanguine</strong></span> <span class='ocrx_word' id='word_1_31' title='bbox 980 796 1084 849; x_wconf 91' lang='lat' dir='ltr'><strong>sibi</strong></span> <span class='ocrx_word' id='word_1_32' title='bbox 1116 798 1419 865; x_wconf 79' lang='lat' dir='ltr'><strong>conjunctis</strong></span> <span class='ocrx_word' id='word_1_33' title='bbox 1450 798 1658 866; x_wconf 82' lang='lat' dir='ltr'><strong>largiri,</strong></span> <span class='ocrx_word' id='word_1_34' title='bbox 1686 798 1778 850; x_wconf 88' lang='lat' dir='ltr'><strong>sed</strong></span> <span class='ocrx_word' id='word_1_35' title='bbox 1808 796 2139 864; x_wconf 82' lang='lat' dir='ltr'><strong>pauperibus</strong></span> 
     </span>
    </p>
   </div>
   <div class='ocr_carea' id='block_1_7' title="bbox 565 885 2139 954">
    <p class='ocr_par' dir='ltr' id='par_1_7' title="bbox 565 885 2139 954">
     <span class='ocr_line' id='line_1_7' title="bbox 565 885 2139 954; baseline 0.003 -17"><span class='ocrx_word' id='word_1_36' title='bbox 565 886 1023 952; x_wconf 70' lang='lat' dir='ltr'><strong>subministrare,</strong></span> <span class='ocrx_word' id='word_1_37' title='bbox 1077 898 1332 954; x_wconf 85' lang='lat' dir='ltr'><strong>tanquam</strong></span> <span class='ocrx_word' id='word_1_38' title='bbox 1415 890 1604 941; x_wconf 85' lang='lat' dir='ltr'><strong>barum</strong></span> <span class='ocrx_word' id='word_1_39' title='bbox 1684 889 1949 941; x_wconf 86' lang='lat' dir='ltr'><strong>rationem</strong></span> <span class='ocrx_word' id='word_1_40' title='bbox 2026 885 2139 942; x_wconf 90' lang='lat' dir='ltr'><strong>Deo</strong></span> 
     </span>
    </p>
   </div>
   <div class='ocr_carea' id='block_1_8' title="bbox 565 973 2141 1049">
    <p class='ocr_par' dir='ltr' id='par_1_8' title="bbox 565 973 2141 1049">
     <span class='ocr_line' id='line_1_8' title="bbox 565 973 2141 1049; baseline 0.003 -22"><span class='ocrx_word' id='word_1_41' title='bbox 565 973 901 1029; x_wconf 85' lang='lat' dir='ltr'><strong>redditurus.</strong></span> <span class='ocrx_word' id='word_1_42' title='bbox 950 975 1333 1031; x_wconf 72' lang='lat' dir='ltr'><strong>Verumtamen</strong></span> <span class='ocrx_word' id='word_1_43' title='bbox 1388 994 1482 1046; x_wconf 81' lang='lat' dir='ltr'><strong>per</strong></span> <span class='ocrx_word' id='word_1_44' title='bbox 1531 979 1875 1049; x_wconf 82' lang='lat' dir='ltr'><strong>presbyteros</strong></span> <span class='ocrx_word' id='word_1_45' title='bbox 1921 989 1974 1032; x_wconf 88' lang='lat' dir='ltr'><strong>et</strong></span> <span class='ocrx_word' id='word_1_46' title='bbox 2023 979 2141 1033; x_wconf 90' lang='lat' dir='ltr'><strong>dia-</strong></span> 
     </span>
    </p>
   </div>
   <div class='ocr_carea' id='block_1_9' title="bbox 567 1069 2137 1138">
    <p class='ocr_par' dir='ltr' id='par_1_9' title="bbox 567 1069 2137 1138">
     <span class='ocr_line' id='line_1_9' title="bbox 567 1069 2137 1138; baseline -0.001 -16"><span class='ocrx_word' id='word_1_47' title='bbox 567 1081 737 1122; x_wconf 83' lang='lat' dir='ltr'><strong>conos</strong></span> <span class='ocrx_word' id='word_1_48' title='bbox 797 1069 939 1136; x_wconf 86' lang='lat' dir='ltr'><strong>ipsas</strong></span> <span class='ocrx_word' id='word_1_49' title='bbox 973 1069 1307 1124; x_wconf 83' lang='lat' dir='ltr'><strong>distribuere</strong></span> <span class='ocrx_word' id='word_1_50' title='bbox 1358 1071 1516 1123; x_wconf 79' lang='lat' dir='ltr'><strong>debet</strong></span> <span class='ocrx_word' id='word_1_51' title='bbox 1555 1085 1653 1138; x_wconf 89' lang='lat' dir='ltr'><strong>pro</strong></span> <span class='ocrx_word' id='word_1_52' title='bbox 1708 1084 1804 1122; x_wconf 85' lang='lat' dir='ltr'><strong>sua</strong></span> <span class='ocrx_word' id='word_1_53' title='bbox 1852 1079 2137 1138; x_wconf 77' lang='lat' dir='ltr'><strong>potestate,</strong></span> 
     </span>
    </p>
   </div>
   <div class='ocr_carea' id='block_1_10' title="bbox 566 1160 2143 1230">
    <p class='ocr_par' dir='ltr' id='par_1_10' title="bbox 566 1160 2143 1230">
     <span class='ocr_line' id='line_1_10' title="bbox 566 1160 2143 1230; baseline 0.003 -20"><span class='ocrx_word' id='word_1_54' title='bbox 566 1173 678 1214; x_wconf 90' lang='lat' dir='ltr'><strong>uno</strong></span> <span class='ocrx_word' id='word_1_55' title='bbox 722 1175 785 1213; x_wconf 80' lang='lat' dir='ltr'><strong>ex</strong></span> <span class='ocrx_word' id='word_1_56' title='bbox 825 1160 958 1228; x_wconf 84' lang='lat' dir='ltr'><strong>ipsis</strong></span> <span class='ocrx_word' id='word_1_57' title='bbox 995 1162 1373 1230; x_wconf 88' lang='lat' dir='ltr'><strong>dispensatore</strong></span> <span class='ocrx_word' id='word_1_58' title='bbox 1419 1163 1742 1226; x_wconf 91' lang='lat' dir='ltr'><strong>constituto,</strong></span> <span class='ocrx_word' id='word_1_59' title='bbox 1789 1176 1853 1214; x_wconf 88' lang='lat' dir='ltr'><strong>ac</strong></span> <span class='ocrx_word' id='word_1_60' title='bbox 1896 1179 2000 1215; x_wconf 91' lang='lat' dir='ltr'><strong>non</strong></span> <span class='ocrx_word' id='word_1_61' title='bbox 2047 1177 2143 1230; x_wconf 84' lang='lat' dir='ltr'><strong>per</strong></span> 
     </span>
    </p>
   </div>
   <div class='ocr_carea' id='block_1_11' title="bbox 565 1251 2142 1323">
    <p class='ocr_par' dir='ltr' id='par_1_11' title="bbox 565 1251 2142 1323">
     <span class='ocr_line' id='line_1_11' title="bbox 565 1251 2142 1323; baseline -0.001 -18"><span class='ocrx_word' id='word_1_62' title='bbox 565 1265 830 1319; x_wconf 83' lang='lat' dir='ltr'><strong>personas</strong></span> <span class='ocrx_word' id='word_1_63' title='bbox 857 1253 958 1307; x_wconf 88' lang='lat' dir='ltr'><strong>sibi</strong></span> <span class='ocrx_word' id='word_1_64' title='bbox 991 1255 1254 1323; x_wconf 81' lang='lat' dir='ltr'><strong>sanguine</strong></span> <span class='ocrx_word' id='word_1_65' title='bbox 1282 1254 1620 1320; x_wconf 87' lang='lat' dir='ltr'><strong>conjunctas.</strong></span> <span class='ocrx_word' id='word_1_66' title='bbox 1648 1253 1701 1306; x_wconf 89' lang='lat' dir='ltr'><strong>Si</strong></span> <span class='ocrx_word' id='word_1_67' title='bbox 1730 1268 1855 1305; x_wconf 81' lang='lat' dir='ltr'><strong>vero</strong></span> <span class='ocrx_word' id='word_1_68' title='bbox 1890 1253 2000 1319; x_wconf 88' lang='lat' dir='ltr'><strong>ipse</strong></span> <span class='ocrx_word' id='word_1_69' title='bbox 2031 1251 2142 1305; x_wconf 82' lang='lat' dir='ltr'><strong>for-</strong></span> 
     </span>
    </p>
   </div>
   <div class='ocr_carea' id='block_1_12' title="bbox 571 1343 2143 1414">
    <p class='ocr_par' dir='ltr' id='par_1_12' title="bbox 571 1343 2143 1414">
     <span class='ocr_line' id='line_1_12' title="bbox 571 1343 2143 1414; baseline 0.001 -18"><span class='ocrx_word' id='word_1_70' title='bbox 571 1343 898 1398; x_wconf 83' lang='lat' dir='ltr'><strong>tasse-uolit</strong></span> <span class='ocrx_word' id='word_1_71' title='bbox 955 1344 1154 1399; x_wconf 83' lang='lat' dir='ltr'><strong>habere</strong></span> <span class='ocrx_word' id='word_1_72' title='bbox 1204 1347 1657 1414; x_wconf 72' lang='lat' dir='ltr'><strong>dispensatorem,</strong></span> <span class='ocrx_word' id='word_1_73' title='bbox 1698 1346 1823 1398; x_wconf 86' lang='lat' dir='ltr'><strong>licet</strong></span> <span class='ocrx_word' id='word_1_74' title='bbox 1857 1345 2143 1411; x_wconf 72' lang='lat' dir='ltr'><strong>provinciae</strong></span> 
     </span>
    </p>
   </div>
   <div class='ocr_carea' id='block_1_13' title="bbox 566 1434 2144 1504">
    <p class='ocr_par' dir='ltr' id='par_1_13' title="bbox 566 1434 2144 1504">
     <span class='ocr_line' id='line_1_13' title="bbox 566 1434 2144 1504; baseline 0.003 -20"><span class='ocrx_word' id='word_1_75' title='bbox 566 1434 784 1502; x_wconf 87' lang='lat' dir='ltr'><strong>primati</strong></span> <span class='ocrx_word' id='word_1_76' title='bbox 834 1451 1178 1490; x_wconf 74' lang='lat' dir='ltr'><strong>mconomutn</strong></span> <span class='ocrx_word' id='word_1_77' title='bbox 1229 1438 1531 1504; x_wconf 77' lang='lat' dir='ltr'><strong>designare.</strong></span> <span class='ocrx_word' id='word_1_78' title='bbox 1591 1437 1771 1504; x_wconf 87' lang='lat' dir='ltr'><strong>ipsum</strong></span> <span class='ocrx_word' id='word_1_79' title='bbox 1803 1447 1982 1490; x_wconf 89' lang='lat' dir='ltr'><strong>autem</strong></span> <span class='ocrx_word' id='word_1_80' title='bbox 2025 1437 2144 1504; x_wconf 86' lang='lat' dir='ltr'><strong>epi-</strong></span> 
     </span>
    </p>
   </div>
   <div class='ocr_carea' id='block_1_14' title="bbox 569 1528 2143 1599">
    <p class='ocr_par' dir='ltr' id='par_1_14' title="bbox 569 1528 2143 1599">
     <span class='ocr_line' id='line_1_14' title="bbox 569 1528 2143 1599; baseline 0.003 -22"><span class='ocrx_word' id='word_1_81' title='bbox 569 1538 793 1593; x_wconf 87' lang='lat' dir='ltr'><strong>scopum</strong></span> <span class='ocrx_word' id='word_1_82' title='bbox 821 1541 886 1581; x_wconf 79' lang='lat' dir='ltr'><strong>cx</strong></span> <span class='ocrx_word' id='word_1_83' title='bbox 924 1528 1008 1581; x_wconf 79' lang='lat' dir='ltr'><strong>bis</strong></span> <span class='ocrx_word' id='word_1_84' title='bbox 1051 1531 1212 1582; x_wconf 88' lang='lat' dir='ltr'><strong>rebus</strong></span> <span class='ocrx_word' id='word_1_85' title='bbox 1241 1545 1300 1583; x_wconf 87' lang='lat' dir='ltr'><strong>ca</strong></span> <span class='ocrx_word' id='word_1_86' title='bbox 1332 1545 1449 1597; x_wconf 75' lang='lat' dir='ltr'><strong>qua:</strong></span> <span class='ocrx_word' id='word_1_87' title='bbox 1476 1530 1577 1583; x_wconf 83' lang='lat' dir='ltr'><strong>sibi</strong></span> <span class='ocrx_word' id='word_1_88' title='bbox 1612 1541 1665 1584; x_wconf 89' lang='lat' dir='ltr'><strong>et</strong></span> <span class='ocrx_word' id='word_1_89' title='bbox 1694 1528 1956 1584; x_wconf 83' lang='lat' dir='ltr'><strong>fratribus</strong></span> <span class='ocrx_word' id='word_1_90' title='bbox 2004 1530 2143 1599; x_wconf 84' lang='lat' dir='ltr'><strong>apud</strong></span> 
     </span>
    </p>
   </div>
   <div class='ocr_carea' id='block_1_15' title="bbox 567 1614 2146 1688">
    <p class='ocr_par' dir='ltr' id='par_1_15' title="bbox 567 1614 2146 1688">
     <span class='ocr_line' id='line_1_15' title="bbox 567 1614 2146 1688; baseline 0.003 -19"><span class='ocrx_word' id='word_1_91' title='bbox 567 1614 748 1684; x_wconf 82' lang='lat' dir='ltr'><strong>ipsum</strong></span> <span class='ocrx_word' id='word_1_92' title='bbox 785 1618 1005 1688; x_wconf 82' lang='lat' dir='ltr'><strong>hospitii</strong></span> <span class='ocrx_word' id='word_1_93' title='bbox 1038 1622 1260 1675; x_wconf 88' lang='lat' dir='ltr'><strong>nomine</strong></span> <span class='ocrx_word' id='word_1_94' title='bbox 1294 1623 1764 1675; x_wconf 82' lang='lat' dir='ltr'><strong>commorantibus</strong></span> <span class='ocrx_word' id='word_1_95' title='bbox 1797 1631 1920 1675; x_wconf 88' lang='lat' dir='ltr'><strong>sunt</strong></span> <span class='ocrx_word' id='word_1_96' title='bbox 1957 1637 2146 1675; x_wconf 84' lang='lat' dir='ltr'><strong>neces-</strong></span> 
     </span>
    </p>
   </div>
   <div class='ocr_carea' id='block_1_16' title="bbox 566 1711 2142 1784">
    <p class='ocr_par' dir='ltr' id='par_1_16' title="bbox 566 1711 2142 1784">
     <span class='ocr_line' id='line_1_16' title="bbox 566 1711 2142 1784; baseline -0.001 -20"><span class='ocrx_word' id='word_1_97' title='bbox 566 1711 712 1764; x_wconf 79' lang='lat' dir='ltr'><strong>saria</strong></span> <span class='ocrx_word' id='word_1_98' title='bbox 757 1727 974 1768; x_wconf 88' lang='lat' dir='ltr'><strong>sumere</strong></span> <span class='ocrx_word' id='word_1_99' title='bbox 1018 1724 1254 1784; x_wconf 86' lang='lat' dir='ltr'><strong>oportet.</strong></span> <span class='ocrx_word' id='word_1_100' title='bbox 1294 1715 1393 1779; x_wconf 80' lang='lat' dir='ltr'><strong>Qui</strong></span> <span class='ocrx_word' id='word_1_101' title='bbox 1441 1730 1571 1769; x_wconf 86' lang='lat' dir='ltr'><strong>vero</strong></span> <span class='ocrx_word' id='word_1_102' title='bbox 1620 1715 1732 1767; x_wconf 76' lang='lat' dir='ltr'><strong>lure</strong></span> <span class='ocrx_word' id='word_1_103' title='bbox 1789 1727 1892 1766; x_wconf 90' lang='lat' dir='ltr'><strong>nou</strong></span> <span class='ocrx_word' id='word_1_104' title='bbox 1944 1721 2142 1774; x_wconf 81' lang='lat' dir='ltr'><strong>servat,</strong></span> 
     </span>
    </p>
   </div>
   <div class='ocr_carea' id='block_1_17' title="bbox 565 1800 2142 1875">
    <p class='ocr_par' dir='ltr' id='par_1_17' title="bbox 565 1800 2142 1875">
     <span class='ocr_line' id='line_1_17' title="bbox 565 1800 2142 1875; baseline 0.001 -21"><span class='ocrx_word' id='word_1_105' title='bbox 565 1800 837 1858; x_wconf 83' lang='lat' dir='ltr'><strong>obnoxius</strong></span> <span class='ocrx_word' id='word_1_106' title='bbox 880 1806 983 1858; x_wconf 88' lang='lat' dir='ltr'><strong>erit</strong></span> <span class='ocrx_word' id='word_1_107' title='bbox 1031 1808 1276 1875; x_wconf 85' lang='lat' dir='ltr'><strong>synodo,</strong></span> <span class='ocrx_word' id='word_1_108' title='bbox 1331 1821 1504 1873; x_wconf 57' lang='lat' dir='ltr'><strong>licente</strong></span> <span class='ocrx_word' id='word_1_109' title='bbox 1560 1806 1879 1873; x_wconf 76' lang='lat' dir='ltr'><strong>subjectus:</strong></span> <span class='ocrx_word' id='word_1_110' title='bbox 1926 1803 2142 1858; x_wconf 79' lang='lat' dir='ltr'><strong>licentia</strong></span> 
     </span>
    </p>
   </div>
   <div class='ocr_carea' id='block_1_18' title="bbox 567 1892 2140 1966">
    <p class='ocr_par' dir='ltr' id='par_1_18' title="bbox 567 1892 2140 1966">
     <span class='ocr_line' id='line_1_18' title="bbox 567 1892 2140 1966; baseline 0.001 -22"><span class='ocrx_word' id='word_1_111' title='bbox 567 1892 795 1947; x_wconf 90' lang='lat' dir='ltr'><strong>cuilibet</strong></span> <span class='ocrx_word' id='word_1_112' title='bbox 829 1896 1028 1950; x_wconf 78' lang='lat' dir='ltr'><strong>Veienti</strong></span> <span class='ocrx_word' id='word_1_113' title='bbox 1061 1897 1210 1961; x_wconf 88' lang='lat' dir='ltr'><strong>data,</strong></span> <span class='ocrx_word' id='word_1_114' title='bbox 1247 1897 1289 1950; x_wconf 91' lang='lat' dir='ltr'><strong>si</strong></span> <span class='ocrx_word' id='word_1_115' title='bbox 1324 1898 1453 1966; x_wconf 82' lang='lat' dir='ltr'><strong>quiti</strong></span> <span class='ocrx_word' id='word_1_116' title='bbox 1481 1898 1672 1949; x_wconf 87' lang='lat' dir='ltr'><strong>borum</strong></span> <span class='ocrx_word' id='word_1_117' title='bbox 1703 1894 1896 1949; x_wconf 80' lang='lat' dir='ltr'><strong>violari</strong></span> <span class='ocrx_word' id='word_1_118' title='bbox 1923 1895 2140 1956; x_wconf 81' lang='lat' dir='ltr'><strong>viderit,</strong></span> 
     </span>
    </p>
   </div>
   <div class='ocr_carea' id='block_1_19' title="bbox 567 1982 1312 2053">
    <p class='ocr_par' dir='ltr' id='par_1_19' title="bbox 567 1982 1312 2053">
     <span class='ocr_line' id='line_1_19' title="bbox 567 1982 1312 2053; baseline 0.009 -17"><span class='ocrx_word' id='word_1_119' title='bbox 567 1982 622 2036; x_wconf 88' lang='lat' dir='ltr'><strong>id</strong></span> <span class='ocrx_word' id='word_1_120' title='bbox 660 1983 972 2053; x_wconf 80' lang='lat' dir='ltr'><strong>imperatori</strong></span> <span class='ocrx_word' id='word_1_121' title='bbox 1010 1987 1312 2043; x_wconf 89' lang='lat' dir='ltr'><strong>indicandi.</strong></span> 
     </span>
    </p>
   </div>
   <div class='ocr_carea' id='block_1_20' title="bbox 637 2073 1928 2146">
    <p class='ocr_par' dir='ltr' id='par_1_20' title="bbox 637 2073 1928 2146">
     <span class='ocr_line' id='line_1_20' title="bbox 637 2073 1928 2146; baseline 0.004 -19"><span class='ocrx_word' id='word_1_122' title='bbox 637 2073 962 2129; x_wconf 88' lang='lat' dir='ltr'><strong>Sanctormn</strong></span> <span class='ocrx_word' id='word_1_123' title='bbox 1005 2078 1375 2146; x_wconf 86' lang='lat' dir='ltr'><strong>apostolorum</strong></span> <span class='ocrx_word' id='word_1_124' title='bbox 1414 2091 1587 2129; x_wconf 83' lang='lat' dir='ltr'><strong>canon</strong></span> <span class='ocrx_word' id='word_1_125' title='bbox 1637 2075 1706 2130; x_wconf 80' lang='lat'><strong>58</strong></span> <span class='ocrx_word' id='word_1_126' title='bbox 1740 2087 1794 2131; x_wconf 88' lang='lat' dir='ltr'><strong>et</strong></span> <span class='ocrx_word' id='word_1_127' title='bbox 1836 2077 1928 2132; x_wconf 70' lang='lat' dir='ltr'><strong>4i.</strong></span> 
     </span>
    </p>
   </div>
   <div class='ocr_carea' id='block_1_21' title="bbox 636 2165 1571 2236">
    <p class='ocr_par' dir='ltr' id='par_1_21' title="bbox 636 2165 1571 2236">
     <span class='ocr_line' id='line_1_21' title="bbox 636 2165 1571 2236; baseline 0.004 -18"><span class='ocrx_word' id='word_1_128' title='bbox 636 2165 840 2236; x_wconf 87' lang='lat' dir='ltr'><strong>Synodi</strong></span> <span class='ocrx_word' id='word_1_129' title='bbox 875 2167 1227 2224; x_wconf 69' lang='lat' dir='ltr'><strong>Antiocbeuaa</strong></span> <span class='ocrx_word' id='word_1_130' title='bbox 1271 2185 1443 2223; x_wconf 88' lang='lat' dir='ltr'><strong>canon</strong></span> <span class='ocrx_word' id='word_1_131' title='bbox 1477 2169 1571 2222; x_wconf 70' lang='lat'><strong>23.</strong></span> 
     </span>
    </p>
   </div>
   <div class='ocr_carea' id='block_1_22' title="bbox 636 2258 1676 2327">
    <p class='ocr_par' dir='ltr' id='par_1_22' title="bbox 636 2258 1676 2327">
     <span class='ocr_line' id='line_1_22' title="bbox 636 2258 1676 2327; baseline 0.005 -15"><span class='ocrx_word' id='word_1_132' title='bbox 636 2258 838 2327; x_wconf 84' lang='lat' dir='ltr'><strong>Synodi</strong></span> <span class='ocrx_word' id='word_1_133' title='bbox 869 2258 1336 2316; x_wconf 85' lang='lat' dir='ltr'><strong>Calcbedonensis</strong></span> <span class='ocrx_word' id='word_1_134' title='bbox 1387 2277 1558 2317; x_wconf 84' lang='lat' dir='ltr'><strong>canon</strong></span> <span class='ocrx_word' id='word_1_135' title='bbox 1585 2262 1676 2317; x_wconf 73' lang='lat'><strong>26.</strong></span> 
     </span>
    </p>
   </div>
   <div class='ocr_carea' id='block_1_23' title="bbox 639 2349 1324 2420">
    <p class='ocr_par' dir='ltr' id='par_1_23' title="bbox 639 2349 1324 2420">
     <span class='ocr_line' id='line_1_23' title="bbox 639 2349 1324 2420; baseline 0.006 -17"><span class='ocrx_word' id='word_1_136' title='bbox 639 2349 848 2420; x_wconf 78' lang='lat' dir='ltr'><strong>Synodi</strong></span> <span class='ocrx_word' id='word_1_137' title='bbox 883 2351 975 2406; x_wconf 75' lang='lat' dir='ltr'><strong>Vil</strong></span> <span class='ocrx_word' id='word_1_138' title='bbox 1016 2368 1191 2409; x_wconf 88' lang='lat' dir='ltr'><strong>canon</strong></span> <span class='ocrx_word' id='word_1_139' title='bbox 1235 2354 1324 2407; x_wconf 82' lang='lat' dir='ltr'><strong>ll.</strong></span> 
     </span>
    </p>
   </div>
   <div class='ocr_carea' id='block_1_24' title="bbox 637 2442 1817 2513">
    <p class='ocr_par' dir='ltr' id='par_1_24' title="bbox 637 2442 1817 2513">
     <span class='ocr_line' id='line_1_24' title="bbox 637 2442 1817 2513; baseline 0.004 -18"><span class='ocrx_word' id='word_1_140' title='bbox 637 2442 925 2513; x_wconf 80' lang='lat' dir='ltr'><strong>TbeOpbili</strong></span> <span class='ocrx_word' id='word_1_141' title='bbox 955 2445 1309 2499; x_wconf 81' lang='lat' dir='ltr'><strong>Alexandrini</strong></span> <span class='ocrx_word' id='word_1_142' title='bbox 1340 2462 1512 2501; x_wconf 82' lang='lat' dir='ltr'><strong>canon</strong></span> <span class='ocrx_word' id='word_1_143' title='bbox 1548 2447 1614 2502; x_wconf 80' lang='grc'><strong>10</strong></span> <span class='ocrx_word' id='word_1_144' title='bbox 1650 2457 1704 2501; x_wconf 88' lang='lat' dir='ltr'><strong>et</strong></span> <span class='ocrx_word' id='word_1_145' title='bbox 1735 2447 1817 2501; x_wconf 84' lang='lat' dir='ltr'><strong>ll.</strong></span> 
     </span>
    </p>
   </div>
   <div class='ocr_carea' id='block_1_25' title="bbox 645 2532 1336 2606">
    <p class='ocr_par' dir='ltr' id='par_1_25' title="bbox 645 2532 1336 2606">
     <span class='ocr_line' id='line_1_25' title="bbox 645 2532 1336 2606; baseline 0.003 -18"><span class='ocrx_word' id='word_1_146' title='bbox 645 2532 829 2589; x_wconf 86' lang='lat' dir='ltr'><strong>Sancti</strong></span> <span class='ocrx_word' id='word_1_147' title='bbox 857 2534 1044 2606; x_wconf 83' lang='lat' dir='ltr'><strong>Cyrilli</strong></span> <span class='ocrx_word' id='word_1_148' title='bbox 1080 2552 1251 2590; x_wconf 87' lang='lat' dir='ltr'><strong>canon</strong></span> <span class='ocrx_word' id='word_1_149' title='bbox 1281 2537 1336 2590; x_wconf 74' lang='grc'><strong>2.</strong></span> 
     </span>
    </p>
   </div>
   <div class='ocr_carea' id='block_1_26' title="bbox 637 2623 1419 2697">
    <p class='ocr_par' dir='ltr' id='par_1_26' title="bbox 637 2623 1419 2697">
     <span class='ocr_line' id='line_1_26' title="bbox 637 2623 1419 2697; baseline 0.008 -19"><span class='ocrx_word' id='word_1_150' title='bbox 637 2623 798 2694; x_wconf 74' lang='lat' dir='ltr'><strong>Legis</strong></span> <span class='ocrx_word' id='word_1_151' title='bbox 832 2636 996 2697; x_wconf 88' lang='lat' dir='ltr'><strong>caput</strong></span> <span class='ocrx_word' id='word_1_152' title='bbox 1025 2627 1116 2692; x_wconf 76' lang='lat'><strong>‘20,</strong></span> <span class='ocrx_word' id='word_1_153' title='bbox 1149 2628 1218 2681; x_wconf 83' lang='grc'><strong>60</strong></span> <span class='ocrx_word' id='word_1_154' title='bbox 1245 2638 1298 2683; x_wconf 84' lang='lat' dir='ltr'><strong>et</strong></span> <span class='ocrx_word' id='word_1_155' title='bbox 1330 2628 1419 2684; x_wconf 85' lang='lat' dir='ltr'><strong>6i.</strong></span> 
     </span>
    </p>
   </div>
   <div class='ocr_carea' id='block_1_27' title="bbox 641 2715 2146 2791">
    <p class='ocr_par' dir='ltr' id='par_1_27' title="bbox 641 2715 2146 2791">
     <span class='ocr_line' id='line_1_27' title="bbox 641 2715 2146 2791; baseline 0.004 -21"><span class='ocrx_word' id='word_1_156' title='bbox 641 2715 733 2770; x_wconf 74' lang='lat'><strong>72.</strong></span> <span class='ocrx_word' id='word_1_157' title='bbox 794 2716 1058 2784; x_wconf 86' lang='lat' dir='ltr'><strong>Oportere</strong></span> <span class='ocrx_word' id='word_1_158' title='bbox 1118 2721 1370 2775; x_wconf 76' lang='lat' dir='ltr'><strong>civitates</strong></span> <span class='ocrx_word' id='word_1_159' title='bbox 1426 2736 1520 2790; x_wconf 90' lang='lat' dir='ltr'><strong>per</strong></span> <span class='ocrx_word' id='word_1_160' title='bbox 1571 2721 1784 2776; x_wconf 86' lang='lat' dir='ltr'><strong>litteras</strong></span> <span class='ocrx_word' id='word_1_161' title='bbox 1839 2720 2146 2791; x_wconf 87' lang='lat' dir='ltr'><strong>imperiales</strong></span> 
     </span>
    </p>
   </div>
   <div class='ocr_carea' id='block_1_28' title="bbox 571 2809 2148 2882">
    <p class='ocr_par' dir='ltr' id='par_1_28' title="bbox 571 2809 2148 2882">
     <span class='ocr_line' id='line_1_28' title="bbox 571 2809 2148 2882; baseline 0.003 -19"><span class='ocrx_word' id='word_1_162' title='bbox 571 2809 890 2878; x_wconf 88' lang='lat' dir='ltr'><strong>metropolis</strong></span> <span class='ocrx_word' id='word_1_163' title='bbox 926 2811 1146 2865; x_wconf 89' lang='lat' dir='ltr'><strong>nomine</strong></span> <span class='ocrx_word' id='word_1_164' title='bbox 1177 2822 1407 2867; x_wconf 77' lang='lat' dir='ltr'><strong>ornatus</strong></span> <span class='ocrx_word' id='word_1_165' title='bbox 1441 2814 1561 2882; x_wconf 88' lang='lat' dir='ltr'><strong>ipso</strong></span> <span class='ocrx_word' id='word_1_166' title='bbox 1598 2814 1803 2868; x_wconf 85' lang='lat' dir='ltr'><strong>honore</strong></span> <span class='ocrx_word' id='word_1_167' title='bbox 1836 2814 1941 2867; x_wconf 82' lang='lat' dir='ltr'><strong>frui</strong></span> <span class='ocrx_word' id='word_1_168' title='bbox 1968 2830 1982 2869; x_wconf 90' lang='lat'><strong>:</strong></span> <span class='ocrx_word' id='word_1_169' title='bbox 2009 2813 2148 2868; x_wconf 89' lang='lat' dir='ltr'><strong>anti—</strong></span> 
     </span>
    </p>
   </div>
   <div class='ocr_carea' id='block_1_29' title="bbox 570 2906 2148 2974">
    <p class='ocr_par' dir='ltr' id='par_1_29' title="bbox 570 2906 2148 2974">
     <span class='ocr_line' id='line_1_29' title="bbox 570 2906 2148 2974; baseline 0.004 -22"><span class='ocrx_word' id='word_1_170' title='bbox 570 2914 710 2968; x_wconf 83' lang='lat' dir='ltr'><strong>quas</strong></span> <span class='ocrx_word' id='word_1_171' title='bbox 737 2916 867 2957; x_wconf 85' lang='lat' dir='ltr'><strong>vero</strong></span> <span class='ocrx_word' id='word_1_172' title='bbox 900 2906 1226 2974; x_wconf 85' lang='lat' dir='ltr'><strong>metropoles</strong></span> <span class='ocrx_word' id='word_1_173' title='bbox 1259 2906 1311 2959; x_wconf 90' lang='lat' dir='ltr'><strong>in</strong></span> <span class='ocrx_word' id='word_1_174' title='bbox 1380 2908 1567 2962; x_wconf 89' lang='lat' dir='ltr'><strong>iisdem</strong></span> <span class='ocrx_word' id='word_1_175' title='bbox 1630 2907 1767 2963; x_wconf 87' lang='lat' dir='ltr'><strong>locis</strong></span> <span class='ocrx_word' id='word_1_176' title='bbox 1819 2908 2148 2962; x_wconf 77' lang='lat' dir='ltr'><strong>cxsisteutes</strong></span> 
     </span>
    </p>
   </div>
   <div class='ocr_carea' id='block_1_30' title="bbox 572 2991 2147 3070">
    <p class='ocr_par' dir='ltr' id='par_1_30' title="bbox 572 2991 2147 3070">
     <span class='ocr_line' id='line_1_30' title="bbox 572 2991 2147 3070; baseline 0.007 -26"><span class='ocrx_word' id='word_1_177' title='bbox 572 2991 780 3047; x_wconf 88' lang='lat' dir='ltr'><strong>nullum</strong></span> <span class='ocrx_word' id='word_1_178' title='bbox 808 2998 1154 3064; x_wconf 88' lang='lat' dir='ltr'><strong>propriorum</strong></span> <span class='ocrx_word' id='word_1_179' title='bbox 1183 2997 1388 3067; x_wconf 83' lang='lat' dir='ltr'><strong>jurium</strong></span> <span class='ocrx_word' id='word_1_180' title='bbox 1419 2999 1545 3055; x_wconf 90' lang='lat' dir='ltr'><strong>inde</strong></span> <span class='ocrx_word' id='word_1_181' title='bbox 1583 2998 1971 3054; x_wconf 86' lang='lat' dir='ltr'><strong>detrimentum</strong></span> <span class='ocrx_word' id='word_1_182' title='bbox 2016 3000 2147 3070; x_wconf 88' lang='lat' dir='ltr'><strong>pati.</strong></span> 
     </span>
    </p>
   </div>
   <div class='ocr_carea' id='block_1_31' title="bbox 642 3166 1864 3239">
    <p class='ocr_par' dir='ltr' id='par_1_31' title="bbox 642 3166 1864 3239">
     <span class='ocr_line' id='line_1_31' title="bbox 642 3166 1864 3239; baseline 0.01 -18"><span class='ocrx_word' id='word_1_183' title='bbox 642 3166 845 3239; x_wconf 88' lang='lat' dir='ltr'><strong>Synodi</strong></span> <span class='ocrx_word' id='word_1_184' title='bbox 879 3169 1338 3227; x_wconf 86' lang='lat' dir='ltr'><strong>Calcltedouensis</strong></span> <span class='ocrx_word' id='word_1_185' title='bbox 1370 3190 1545 3232; x_wconf 86' lang='lat' dir='ltr'><strong>canon</strong></span> <span class='ocrx_word' id='word_1_186' title='bbox 1583 3178 1651 3231; x_wconf 70' lang='grc'><strong>12</strong></span> <span class='ocrx_word' id='word_1_187' title='bbox 1679 3187 1733 3233; x_wconf 82' lang='lat' dir='ltr'><strong>et;</strong></span> <span class='ocrx_word' id='word_1_188' title='bbox 1775 3179 1864 3234; x_wconf 81' lang='grc'><strong>17.</strong></span> 
     </span>
    </p>
   </div>
   <div class='ocr_carea' id='block_1_32' title="bbox 644 3256 1294 3329">
    <p class='ocr_par' dir='ltr' id='par_1_32' title="bbox 644 3256 1294 3329">
     <span class='ocr_line' id='line_1_32' title="bbox 644 3256 1294 3329; baseline 0.008 -16"><span class='ocrx_word' id='word_1_189' title='bbox 644 3256 846 3329; x_wconf 84' lang='lat' dir='ltr'><strong>Synodi</strong></span> <span class='ocrx_word' id='word_1_190' title='bbox 891 3260 952 3314; x_wconf 87' lang='lat' dir='ltr'><strong>Vl</strong></span> <span class='ocrx_word' id='word_1_191' title='bbox 994 3277 1169 3318; x_wconf 83' lang='lat' dir='ltr'><strong>canon</strong></span> <span class='ocrx_word' id='word_1_192' title='bbox 1205 3265 1294 3320; x_wconf 80' lang='grc'><strong>55.</strong></span> 
     </span>
    </p>
   </div>
   <div class='ocr_carea' id='block_1_33' title="bbox 644 3352 2151 3435">
    <p class='ocr_par' dir='ltr' id='par_1_33' title="bbox 644 3352 2151 3435">
     <span class='ocr_line' id='line_1_33' title="bbox 644 3352 2151 3435; baseline 0.014 -30"><span class='ocrx_word' id='word_1_193' title='bbox 644 3352 732 3408; x_wconf 79' lang='lat'><strong>73.</strong></span> <span class='ocrx_word' id='word_1_194' title='bbox 775 3355 1039 3427; x_wconf 87' lang='lat' dir='ltr'><strong>Oportere</strong></span> <span class='ocrx_word' id='word_1_195' title='bbox 1070 3360 1355 3431; x_wconf 88' lang='lat' dir='ltr'><strong>episcopos</strong></span> <span class='ocrx_word' id='word_1_196' title='bbox 1389 3361 1590 3433; x_wconf 87' lang='lat' dir='ltr'><strong>injuste</strong></span> <span class='ocrx_word' id='word_1_197' title='bbox 1616 3364 1894 3435; x_wconf 84' lang='lat' dir='ltr'><strong>expulsos,</strong></span> <span class='ocrx_word' id='word_1_198' title='bbox 1931 3367 1987 3423; x_wconf 93' lang='lat' dir='ltr'><strong>in</strong></span> <span class='ocrx_word' id='word_1_199' title='bbox 2016 3367 2151 3426; x_wconf 86' lang='lat' dir='ltr'><strong>alias</strong></span> 
     </span>
    </p>
   </div>
   <div class='ocr_carea' id='block_1_34' title="bbox 577 3448 2150 3525">
    <p class='ocr_par' dir='ltr' id='par_1_34' title="bbox 577 3448 2150 3525">
     <span class='ocr_line' id='line_1_34' title="bbox 577 3448 2150 3525; baseline 0.011 -25"><span class='ocrx_word' id='word_1_200' title='bbox 577 3448 892 3515; x_wconf 82' lang='lat' dir='ltr'><strong>provincias</strong></span> <span class='ocrx_word' id='word_1_201' title='bbox 919 3452 1149 3520; x_wconf 88' lang='lat' dir='ltr'><strong>suscipi,</strong></span> <span class='ocrx_word' id='word_1_202' title='bbox 1179 3462 1342 3521; x_wconf 84' lang='lat' dir='ltr'><strong>atque</strong></span> <span class='ocrx_word' id='word_1_203' title='bbox 1379 3456 1509 3525; x_wconf 82' lang='lat' dir='ltr'><strong>ipsis</strong></span> <span class='ocrx_word' id='word_1_204' title='bbox 1543 3460 1855 3514; x_wconf 89' lang='lat' dir='ltr'><strong>omnimode</strong></span> <span class='ocrx_word' id='word_1_205' title='bbox 1898 3463 2150 3517; x_wconf 85' lang='lat' dir='ltr'><strong>succurri</strong></span> 
     </span>
    </p>
   </div>
   <div class='ocr_carea' id='block_1_35' title="bbox 572 3545 2151 3613">
    <p class='ocr_par' dir='ltr' id='par_1_35' title="bbox 572 3545 2151 3613">
     <span class='ocr_line' id='line_1_35' title="bbox 572 3545 2151 3613; baseline 0.009 -21"><span class='ocrx_word' id='word_1_206' title='bbox 572 3553 901 3611; x_wconf 85' lang='lat' dir='ltr'><strong>manumque</strong></span> <span class='ocrx_word' id='word_1_207' title='bbox 931 3545 1134 3613; x_wconf 81' lang='lat' dir='ltr'><strong>porrigi</strong></span> <span class='ocrx_word' id='word_1_208' title='bbox 1170 3560 1185 3600; x_wconf 92' lang='lat'><strong>:</strong></span> <span class='ocrx_word' id='word_1_209' title='bbox 1221 3545 1396 3601; x_wconf 83' lang='lat' dir='ltr'><strong>donec</strong></span> <span class='ocrx_word' id='word_1_210' title='bbox 1431 3548 1632 3611; x_wconf 82' lang='lat' dir='ltr'><strong>iniuria</strong></span> <span class='ocrx_word' id='word_1_211' title='bbox 1670 3549 1805 3606; x_wconf 84' lang='lat' dir='ltr'><strong>iusis</strong></span> <span class='ocrx_word' id='word_1_212' title='bbox 1844 3550 1993 3605; x_wconf 86' lang='lat' dir='ltr'><strong>illata</strong></span> <span class='ocrx_word' id='word_1_213' title='bbox 2034 3554 2151 3606; x_wconf 84' lang='lat' dir='ltr'><strong>vin-</strong></span> 
     </span>
    </p>
   </div>
   <div class='ocr_carea' id='block_1_36' title="bbox 573 3630 964 3689">
    <p class='ocr_par' dir='ltr' id='par_1_36' title="bbox 573 3630 964 3689">
     <span class='ocr_line' id='line_1_36' title="bbox 573 3630 964 3689; baseline 0.013 -5"><span class='ocrx_word' id='word_1_214' title='bbox 573 3630 750 3686; x_wconf 87' lang='lat' dir='ltr'><strong>dicata</strong></span> <span class='ocrx_word' id='word_1_215' title='bbox 777 3632 964 3689; x_wconf 80' lang='lat' dir='ltr'><strong>fuerit.</strong></span> 
     </span>
    </p>
   </div>
   <div class='ocr_carea' id='block_1_37' title="bbox 649 3722 1551 3794">
    <p class='ocr_par' dir='ltr' id='par_1_37' title="bbox 649 3722 1551 3794">
     <span class='ocr_line' id='line_1_37' title="bbox 649 3722 1551 3794; baseline 0.009 -16"><span class='ocrx_word' id='word_1_216' title='bbox 649 3722 851 3794; x_wconf 86' lang='lat' dir='ltr'><strong>Synodi</strong></span> <span class='ocrx_word' id='word_1_217' title='bbox 883 3724 1225 3784; x_wconf 86' lang='lat' dir='ltr'><strong>Sardicensis</strong></span> <span class='ocrx_word' id='word_1_218' title='bbox 1254 3745 1425 3785; x_wconf 90' lang='lat' dir='ltr'><strong>canon</strong></span> <span class='ocrx_word' id='word_1_219' title='bbox 1459 3732 1551 3786; x_wconf 81' lang='lat' dir='ltr'><strong>l7.</strong></span> 
     </span>
    </p>
   </div>
   <div class='ocr_carea' id='block_1_38' title="bbox 647 3813 2153 3902">
    <p class='ocr_par' dir='ltr' id='par_1_38' title="bbox 647 3813 2153 3902">
     <span class='ocr_line' id='line_1_38' title="bbox 647 3813 2153 3902; baseline 0.013 -33"><span class='ocrx_word' id='word_1_220' title='bbox 647 3815 735 3869; x_wconf 76' lang='grc'><strong>74.</strong></span> <span class='ocrx_word' id='word_1_221' title='bbox 778 3813 1041 3885; x_wconf 88' lang='lat' dir='ltr'><strong>Oportere</strong></span> <span class='ocrx_word' id='word_1_222' title='bbox 1086 3823 1426 3887; x_wconf 84' lang='lat' dir='ltr'><strong>patriarchas</strong></span> <span class='ocrx_word' id='word_1_223' title='bbox 1461 3824 1686 3892; x_wconf 78' lang='lat' dir='ltr'><strong>pot-ilice</strong></span> <span class='ocrx_word' id='word_1_224' title='bbox 1722 3828 1866 3883; x_wconf 87' lang='lat' dir='ltr'><strong>inter</strong></span> <span class='ocrx_word' id='word_1_225' title='bbox 1900 3845 1958 3886; x_wconf 88' lang='lat' dir='ltr'><strong>se</strong></span> <span class='ocrx_word' id='word_1_226' title='bbox 1991 3846 2153 3902; x_wconf 84' lang='lat' dir='ltr'><strong>agere</strong></span> 
     </span>
    </p>
   </div>
   <div class='ocr_carea' id='block_1_39' title="bbox 574 3910 2153 3990">
    <p class='ocr_par' dir='ltr' id='par_1_39' title="bbox 574 3910 2153 3990">
     <span class='ocr_line' id='line_1_39' title="bbox 574 3910 2153 3990; baseline 0.012 -29"><span class='ocrx_word' id='word_1_227' title='bbox 574 3916 741 3978; x_wconf 90' lang='lat' dir='ltr'><strong>atque</strong></span> <span class='ocrx_word' id='word_1_228' title='bbox 771 3910 1028 3965; x_wconf 86' lang='lat' dir='ltr'><strong>honorari</strong></span> <span class='ocrx_word' id='word_1_229' title='bbox 1082 3929 1179 3981; x_wconf 86' lang='lat' dir='ltr'><strong>pro</strong></span> <span class='ocrx_word' id='word_1_230' title='bbox 1209 3929 1274 3968; x_wconf 88' lang='lat' dir='ltr'><strong>eo</strong></span> <span class='ocrx_word' id='word_1_231' title='bbox 1321 3932 1478 3985; x_wconf 88' lang='lat' dir='ltr'><strong>quem</strong></span> <span class='ocrx_word' id='word_1_232' title='bbox 1532 3920 1778 3975; x_wconf 79' lang='lat' dir='ltr'><strong>obtinent</strong></span> <span class='ocrx_word' id='word_1_233' title='bbox 1810 3926 2000 3990; x_wconf 74' lang='lat' dir='ltr'><strong>gradu,</strong></span> <span class='ocrx_word' id='word_1_234' title='bbox 2051 3940 2153 3980; x_wconf 87' lang='lat' dir='ltr'><strong>nec</strong></span> 
     </span>
    </p>
   </div>
   <div class='ocr_carea' id='block_1_40' title="bbox 573 4005 2153 4089">
    <p class='ocr_par' dir='ltr' id='par_1_40' title="bbox 573 4005 2153 4089">
     <span class='ocr_line' id='line_1_40' title="bbox 573 4005 2153 4089; baseline 0.013 -35"><span class='ocrx_word' id='word_1_235' title='bbox 573 4016 680 4055; x_wconf 88' lang='lat' dir='ltr'><strong>nou</strong></span> <span class='ocrx_word' id='word_1_236' title='bbox 736 4011 789 4057; x_wconf 90' lang='lat' dir='ltr'><strong>et</strong></span> <span class='ocrx_word' id='word_1_237' title='bbox 840 4005 1298 4074; x_wconf 83' lang='lat' dir='ltr'><strong>metropolitanos</strong></span> <span class='ocrx_word' id='word_1_238' title='bbox 1365 4021 1530 4079; x_wconf 88' lang='lat' dir='ltr'><strong>atque</strong></span> <span class='ocrx_word' id='word_1_239' title='bbox 1598 4015 1916 4085; x_wconf 80' lang='lat' dir='ltr'><strong>episcopos;</strong></span> <span class='ocrx_word' id='word_1_240' title='bbox 1974 4033 2153 4089; x_wconf 87' lang='lat' dir='ltr'><strong>neque</strong></span> 
     </span>
    </p>
   </div>
   <div class='ocr_carea' id='block_1_41' title="bbox 573 4095 2150 4171">
    <p class='ocr_par' dir='ltr' id='par_1_41' title="bbox 573 4095 2150 4171">
     <span class='ocr_line' id='line_1_41' title="bbox 573 4095 2150 4171; baseline 0.013 -25"><span class='ocrx_word' id='word_1_241' title='bbox 573 4095 871 4164; x_wconf 81' lang='lat' dir='ltr'><strong>quidquam</strong></span> <span class='ocrx_word' id='word_1_242' title='bbox 904 4099 1083 4153; x_wconf 85' lang='lat' dir='ltr'><strong>facere</strong></span> <span class='ocrx_word' id='word_1_243' title='bbox 1112 4115 1208 4157; x_wconf 88' lang='lat' dir='ltr'><strong>eos</strong></span> <span class='ocrx_word' id='word_1_244' title='bbox 1238 4103 1331 4171; x_wconf 87' lang='lat' dir='ltr'><strong>qui</strong></span> <span class='ocrx_word' id='word_1_245' title='bbox 1372 4103 1611 4171; x_wconf 89' lang='lat' dir='ltr'><strong>ipsorum</strong></span> <span class='ocrx_word' id='word_1_246' title='bbox 1647 4106 1983 4165; x_wconf 67' lang='lat' dir='ltr'><strong>dioecesibus</strong></span> <span class='ocrx_word' id='word_1_247' title='bbox 2023 4114 2150 4166; x_wconf 91' lang='lat' dir='ltr'><strong>sub-</strong></span> 
     </span>
    </p>
   </div>
   <div class='ocr_carea' id='block_1_42' title="bbox 573 4188 2155 4272">
    <p class='ocr_par' dir='ltr' id='par_1_42' title="bbox 573 4188 2155 4272">
     <span class='ocr_line' id='line_1_42' title="bbox 573 4188 2155 4272; baseline 0.011 -31"><span class='ocrx_word' id='word_1_248' title='bbox 573 4188 675 4243; x_wconf 86' lang='lat' dir='ltr'><strong>diti</strong></span> <span class='ocrx_word' id='word_1_249' title='bbox 705 4199 852 4254; x_wconf 89' lang='lat' dir='ltr'><strong>sunt,</strong></span> <span class='ocrx_word' id='word_1_250' title='bbox 902 4193 1105 4261; x_wconf 86' lang='lat' dir='ltr'><strong>absque</strong></span> <span class='ocrx_word' id='word_1_251' title='bbox 1157 4194 1398 4262; x_wconf 89' lang='lat' dir='ltr'><strong>ipsorum</strong></span> <span class='ocrx_word' id='word_1_252' title='bbox 1433 4212 1703 4254; x_wconf 87' lang='lat' dir='ltr'><strong>consensu</strong></span> <span class='ocrx_word' id='word_1_253' title='bbox 1736 4217 1750 4253; x_wconf 89' lang='lat'><strong>:</strong></span> <span class='ocrx_word' id='word_1_254' title='bbox 1800 4216 1974 4270; x_wconf 88' lang='lat' dir='ltr'><strong>neque</strong></span> <span class='ocrx_word' id='word_1_255' title='bbox 2009 4202 2155 4272; x_wconf 88' lang='lat' dir='ltr'><strong>ipsos</strong></span> 
     </span>
    </p>
   </div>
   <div class='ocr_carea' id='block_1_43' title="bbox 575 4281 2152 4356">
    <p class='ocr_par' dir='ltr' id='par_1_43' title="bbox 575 4281 2152 4356">
     <span class='ocr_line' id='line_1_43' title="bbox 575 4281 2152 4356; baseline 0.011 -23"><span class='ocrx_word' id='word_1_256' title='bbox 575 4281 739 4334; x_wconf 88' lang='lat' dir='ltr'><strong>etiam</strong></span> <span class='ocrx_word' id='word_1_257' title='bbox 781 4283 1076 4352; x_wconf 84' lang='lat' dir='ltr'><strong>quidquam</strong></span> <span class='ocrx_word' id='word_1_258' title='bbox 1135 4303 1297 4356; x_wconf 76' lang='lat' dir='ltr'><strong>agere</strong></span> <span class='ocrx_word' id='word_1_259' title='bbox 1345 4290 1482 4344; x_wconf 87' lang='lat' dir='ltr'><strong>citra</strong></span> <span class='ocrx_word' id='word_1_260' title='bbox 1519 4293 1762 4346; x_wconf 87' lang='lat' dir='ltr'><strong>omnimn</strong></span> <span class='ocrx_word' id='word_1_261' title='bbox 1798 4297 2152 4351; x_wconf 86' lang='lat' dir='ltr'><strong>sententiam.</strong></span> 
     </span>
    </p>
   </div>
   <div class='ocr_carea' id='block_1_44' title="bbox 650 4377 1721 4450">
    <p class='ocr_par' dir='ltr' id='par_1_44' title="bbox 650 4377 1721 4450">
     <span class='ocr_line' id='line_1_44' title="bbox 650 4377 1721 4450; baseline 0.011 -18"><span class='ocrx_word' id='word_1_262' title='bbox 650 4377 972 4433; x_wconf 82' lang='lat' dir='ltr'><strong>Sanctorum</strong></span> <span class='ocrx_word' id='word_1_263' title='bbox 1008 4385 1379 4450; x_wconf 86' lang='lat' dir='ltr'><strong>apostolorum</strong></span> <span class='ocrx_word' id='word_1_264' title='bbox 1406 4401 1593 4440; x_wconf 85' lang='lat' dir='ltr'><strong>canon</strong></span> <span class='ocrx_word' id='word_1_265' title='bbox 1630 4389 1721 4444; x_wconf 71' lang='grc'><strong>54.</strong></span> 
     </span>
    </p>
   </div>
   <div class='ocr_carea' id='block_1_45' title="bbox 647 4468 1553 4542">
    <p class='ocr_par' dir='ltr' id='par_1_45' title="bbox 647 4468 1553 4542">
     <span class='ocr_line' id='line_1_45' title="bbox 647 4468 1553 4542; baseline 0.01 -19"><span class='ocrx_word' id='word_1_266' title='bbox 647 4468 877 4525; x_wconf 74' lang='lat' dir='ltr'><strong>Nica-na:</strong></span> <span class='ocrx_word' id='word_1_267' title='bbox 909 4475 1101 4542; x_wconf 84' lang='lat' dir='ltr'><strong>synodi</strong></span> <span class='ocrx_word' id='word_1_268' title='bbox 1135 4491 1309 4530; x_wconf 85' lang='lat' dir='ltr'><strong>canon</strong></span> <span class='ocrx_word' id='word_1_269' title='bbox 1350 4476 1381 4528; x_wconf 85' lang='lat'><strong>6</strong></span> <span class='ocrx_word' id='word_1_270' title='bbox 1415 4488 1469 4531; x_wconf 89' lang='lat' dir='ltr'><strong>et</strong></span> <span class='ocrx_word' id='word_1_271' title='bbox 1501 4479 1553 4532; x_wconf 89' lang='lat'><strong>7.</strong></span> 
     </span>
    </p>
   </div>
   <div class='ocr_carea' id='block_1_46' title="bbox 645 4561 1536 4633">
    <p class='ocr_par' dir='ltr' id='par_1_46' title="bbox 645 4561 1536 4633">
     <span class='ocr_line' id='line_1_46' title="bbox 645 4561 1536 4633; baseline 0.01 -17"><span class='ocrx_word' id='word_1_272' title='bbox 645 4561 850 4633; x_wconf 88' lang='lat' dir='ltr'><strong>Synodi</strong></span> <span class='ocrx_word' id='word_1_273' title='bbox 881 4566 1239 4621; x_wconf 64' lang='lat' dir='ltr'><strong>Antiochense</strong></span> <span class='ocrx_word' id='word_1_274' title='bbox 1270 4583 1446 4622; x_wconf 87' lang='lat' dir='ltr'><strong>canon</strong></span> <span class='ocrx_word' id='word_1_275' title='bbox 1481 4571 1536 4627; x_wconf 83' lang='lat'><strong>9.</strong></span> 
     </span>
    </p>
   </div>
   <div class='ocr_carea' id='block_1_47' title="bbox 645 4654 1934 4730">
    <p class='ocr_par' dir='ltr' id='par_1_47' title="bbox 645 4654 1934 4730">
     <span class='ocr_line' id='line_1_47' title="bbox 645 4654 1934 4730; baseline 0.008 -21"><span class='ocrx_word' id='word_1_276' title='bbox 645 4654 847 4726; x_wconf 80' lang='lat' dir='ltr'><strong>Syn‘odi</strong></span> <span class='ocrx_word' id='word_1_277' title='bbox 876 4657 1503 4730; x_wconf 72' lang='lat' dir='ltr'><strong>Constmitinopolitanm</strong></span> <span class='ocrx_word' id='word_1_278' title='bbox 1535 4677 1710 4717; x_wconf 85' lang='lat' dir='ltr'><strong>canon</strong></span> <span class='ocrx_word' id='word_1_279' title='bbox 1741 4664 1775 4717; x_wconf 78' lang='lat'><strong>2</strong></span> <span class='ocrx_word' id='word_1_280' title='bbox 1800 4673 1855 4718; x_wconf 91' lang='lat' dir='ltr'><strong>et</strong></span> <span class='ocrx_word' id='word_1_281' title='bbox 1879 4664 1934 4720; x_wconf 79' lang='lat'><strong>5.</strong></span> 
     </span>
    </p>
   </div>
   <div class='ocr_carea' id='block_1_48' title="bbox 645 4746 1513 4817">
    <p class='ocr_par' dir='ltr' id='par_1_48' title="bbox 645 4746 1513 4817">
     <span class='ocr_line' id='line_1_48' title="bbox 645 4746 1513 4817; baseline 0.007 -16"><span class='ocrx_word' id='word_1_282' title='bbox 645 4746 849 4817; x_wconf 84' lang='lat' dir='ltr'><strong>Synodi</strong></span> <span class='ocrx_word' id='word_1_283' title='bbox 889 4747 1174 4817; x_wconf 72' lang='lat' dir='ltr'><strong>Epltesinte</strong></span> <span class='ocrx_word' id='word_1_284' title='bbox 1209 4767 1385 4805; x_wconf 86' lang='lat' dir='ltr'><strong>canon</strong></span> <span class='ocrx_word' id='word_1_285' title='bbox 1429 4752 1513 4808; x_wconf 74' lang='lat'><strong>10.</strong></span> 
     </span>
    </p>
   </div>
   <div class='ocr_carea' id='block_1_49' title="bbox 644 4837 1823 4908">
    <p class='ocr_par' dir='ltr' id='par_1_49' title="bbox 644 4837 1823 4908">
     <span class='ocr_line' id='line_1_49' title="bbox 644 4837 1823 4908; baseline 0.008 -16"><span class='ocrx_word' id='word_1_286' title='bbox 644 4837 848 4908; x_wconf 87' lang='lat' dir='ltr'><strong>Synodi</strong></span> <span class='ocrx_word' id='word_1_287' title='bbox 875 4840 1341 4898; x_wconf 81' lang='lat' dir='ltr'><strong>Calcitedonensis</strong></span> <span class='ocrx_word' id='word_1_288' title='bbox 1374 4859 1548 4898; x_wconf 85' lang='lat' dir='ltr'><strong>canon</strong></span> <span class='ocrx_word' id='word_1_289' title='bbox 1582 4845 1615 4900; x_wconf 90' lang='lat'><strong>8</strong></span> <span class='ocrx_word' id='word_1_290' title='bbox 1642 4857 1696 4900; x_wconf 90' lang='lat' dir='ltr'><strong>et</strong></span> <span class='ocrx_word' id='word_1_291' title='bbox 1729 4846 1823 4901; x_wconf 77' lang='grc'><strong>28.</strong></span> 
     </span>
    </p>
   </div>
   <div class='ocr_carea' id='block_1_50' title="bbox 647 4926 2154 5001">
    <p class='ocr_par' dir='ltr' id='par_1_50' title="bbox 647 4926 2154 5001">
     <span class='ocr_line' id='line_1_50' title="bbox 647 4926 2154 5001; baseline 0.006 -21"><span class='ocrx_word' id='word_1_292' title='bbox 647 4926 851 4998; x_wconf 86' lang='lat' dir='ltr'><strong>Synodi</strong></span> <span class='ocrx_word' id='word_1_293' title='bbox 886 4928 1352 4998; x_wconf 78' lang='lat' dir='ltr'><strong>Carthaginiensis</strong></span> <span class='ocrx_word' id='word_1_294' title='bbox 1383 4948 1558 4988; x_wconf 86' lang='lat' dir='ltr'><strong>canon</strong></span> <span class='ocrx_word' id='word_1_295' title='bbox 1594 4933 1682 4998; x_wconf 81' lang='grc'><strong>17,</strong></span> <span class='ocrx_word' id='word_1_296' title='bbox 1728 4933 1820 5001; x_wconf 79' lang='lat'><strong>59,</strong></span> <span class='ocrx_word' id='word_1_297' title='bbox 1856 4934 1925 4990; x_wconf 78' lang='lat'><strong>55</strong></span> <span class='ocrx_word' id='word_1_298' title='bbox 1947 4975 1962 5001; x_wconf 95' lang='lat'><strong>,</strong></span> <span class='ocrx_word' id='word_1_299' title='bbox 2000 4934 2068 4989; x_wconf 90' lang='lat'><strong>86</strong></span> <span class='ocrx_word' id='word_1_300' title='bbox 2099 4943 2154 4991; x_wconf 87' lang='lat' dir='ltr'><strong>et</strong></span> 
     </span>
    </p>
   </div>
   <div class='ocr_carea' id='block_1_51' title="bbox 576 5020 705 5076">
    <p class='ocr_par' dir='ltr' id='par_1_51' title="bbox 576 5020 705 5076">
     <span class='ocr_line' id='line_1_51' title="bbox 576 5020 705 5076; baseline 0 -1"><span class='ocrx_word' id='word_1_301' title='bbox 576 5020 705 5076; x_wconf 81' lang='grc'><strong>101.</strong></span> 
     </span>
    </p>
   </div>
   <div class='ocr_carea' id='block_1_52' title="bbox 648 5086 1483 5183">
    <p class='ocr_par' dir='ltr' id='par_1_52' title="bbox 648 5086 1483 5183">
     <span class='ocr_line' id='line_1_52' title="bbox 648 5086 1483 5183; baseline 0.007 -17"><span class='ocrx_word' id='word_1_302' title='bbox 648 5110 853 5183; x_wconf 83' lang='lat' dir='ltr'><strong>Synodi</strong></span> <span class='ocrx_word' id='word_1_303' title='bbox 886 5111 953 5167; x_wconf 78' lang='lat' dir='ltr'><strong>Vl</strong></span> <span class='ocrx_word' id='word_1_304' title='bbox 986 5127 1160 5168; x_wconf 88' lang='lat' dir='ltr'><strong>canon</strong></span> <span class='ocrx_word' id='word_1_305' title='bbox 1197 5086 1264 5170; x_wconf 72' lang='grc' dir='ltr'>ὅθ</span> <span class='ocrx_word' id='word_1_306' title='bbox 1301 5124 1355 5170; x_wconf 91' lang='lat' dir='ltr'><strong>et</strong></span> <span class='ocrx_word' id='word_1_307' title='bbox 1392 5115 1483 5173; x_wconf 79' lang='lat'><strong>59.</strong></span> 
     </span>
    </p>
   </div>
   <div class='ocr_carea' id='block_1_53' title="bbox 649 5204 2156 5277">
    <p class='ocr_par' dir='ltr' id='par_1_53' title="bbox 649 5204 2156 5277">
     <span class='ocr_line' id='line_1_53' title="bbox 649 5204 2156 5277; baseline 0.003 -18"><span class='ocrx_word' id='word_1_308' title='bbox 649 5204 856 5277; x_wconf 85' lang='lat' dir='ltr'><strong>Synodi</strong></span> <span class='ocrx_word' id='word_1_309' title='bbox 887 5205 940 5259; x_wconf 91' lang='lat' dir='ltr'><strong>in</strong></span> <span class='ocrx_word' id='word_1_310' title='bbox 975 5207 1175 5276; x_wconf 90' lang='lat' dir='ltr'><strong>templo</strong></span> <span class='ocrx_word' id='word_1_311' title='bbox 1214 5205 1430 5263; x_wconf 71' lang='lat' dir='ltr'><strong>Sancta:</strong></span> <span class='ocrx_word' id='word_1_312' title='bbox 1480 5208 1698 5277; x_wconf 70' lang='lat' dir='ltr'><strong>Sophia:</strong></span> <span class='ocrx_word' id='word_1_313' title='bbox 1733 5207 2017 5266; x_wconf 84' lang='lat' dir='ltr'><strong>celebratae</strong></span> <span class='ocrx_word' id='word_1_314' title='bbox 2061 5224 2156 5264; x_wconf 86' lang='lat' dir='ltr'><strong>ca-</strong></span> 
     </span>
    </p>
   </div>
   <div class='ocr_carea' id='block_1_54' title="bbox 580 5299 772 5357">
    <p class='ocr_par' dir='ltr' id='par_1_54' title="bbox 580 5299 772 5357">
     <span class='ocr_line' id='line_1_54' title="bbox 580 5299 772 5357; baseline 0.016 -8"><span class='ocrx_word' id='word_1_315' title='bbox 580 5311 685 5357; x_wconf 80' lang='lat' dir='ltr'><strong>non</strong></span> <span class='ocrx_word' id='word_1_316' title='bbox 721 5299 772 5352; x_wconf 81' lang='lat' dir='ltr'><strong>l.</strong></span> 
     </span>
    </p>
   </div>
   <div class='ocr_carea' id='block_1_55' title="bbox 651 5387 1129 5462">
    <p class='ocr_par' dir='ltr' id='par_1_55' title="bbox 651 5387 1129 5462">
     <span class='ocr_line' id='line_1_55' title="bbox 651 5387 1129 5462; baseline 0.01 -20"><span class='ocrx_word' id='word_1_317' title='bbox 651 5387 812 5459; x_wconf 78' lang='lat' dir='ltr'><strong>Legis</strong></span> <span class='ocrx_word' id='word_1_318' title='bbox 844 5401 1007 5462; x_wconf 88' lang='lat' dir='ltr'><strong>caput</strong></span> <span class='ocrx_word' id='word_1_319' title='bbox 1037 5392 1129 5447; x_wconf 73' lang='lat'><strong>22.</strong></span> 
     </span>
    </p>
   </div>
   <div class='ocr_carea' id='block_1_56' title="bbox 655 5481 2161 5555">
    <p class='ocr_par' dir='ltr' id='par_1_56' title="bbox 655 5481 2161 5555">
     <span class='ocr_line' id='line_1_56' title="bbox 655 5481 2161 5555; baseline 0.002 -20"><span class='ocrx_word' id='word_1_320' title='bbox 655 5481 747 5538; x_wconf 80' lang='lat'><strong>75.</strong></span> <span class='ocrx_word' id='word_1_321' title='bbox 779 5484 1046 5542; x_wconf 90' lang='lat' dir='ltr'><strong>Clericum</strong></span> <span class='ocrx_word' id='word_1_322' title='bbox 1078 5486 1133 5541; x_wconf 89' lang='lat' dir='ltr'><strong>in</strong></span> <span class='ocrx_word' id='word_1_323' title='bbox 1169 5485 1405 5541; x_wconf 86' lang='lat' dir='ltr'><strong>alienam</strong></span> <span class='ocrx_word' id='word_1_324' title='bbox 1433 5487 1725 5555; x_wconf 76' lang='lat' dir='ltr'><strong>parceciam</strong></span> <span class='ocrx_word' id='word_1_325' title='bbox 1748 5490 1869 5543; x_wconf 88' lang='lat' dir='ltr'><strong>sine</strong></span> <span class='ocrx_word' id='word_1_326' title='bbox 1892 5500 2161 5541; x_wconf 87' lang='lat' dir='ltr'><strong>consensu</strong></span> 
     </span>
    </p>
   </div>
   <div class='ocr_carea' id='block_1_57' title="bbox 584 5573 2161 5648">
    <p class='ocr_par' dir='ltr' id='par_1_57' title="bbox 584 5573 2161 5648">
     <span class='ocr_line' id='line_1_57' title="bbox 584 5573 2161 5648; baseline -0.002 -15"><span class='ocrx_word' id='word_1_327' title='bbox 584 5573 762 5642; x_wconf 79' lang='lat' dir='ltr'><strong>ipsius</strong></span> <span class='ocrx_word' id='word_1_328' title='bbox 815 5577 1053 5648; x_wconf 84' lang='lat' dir='ltr'><strong>episcopi</strong></span> <span class='ocrx_word' id='word_1_329' title='bbox 1112 5594 1217 5633; x_wconf 91' lang='lat' dir='ltr'><strong>non</strong></span> <span class='ocrx_word' id='word_1_330' title='bbox 1250 5594 1373 5635; x_wconf 89' lang='lat' dir='ltr'><strong>esse</strong></span> <span class='ocrx_word' id='word_1_331' title='bbox 1427 5578 1798 5648; x_wconf 88' lang='lat' dir='ltr'><strong>recipiendum</strong></span> <span class='ocrx_word' id='word_1_332' title='bbox 1855 5597 1870 5634; x_wconf 91' lang='lat'>:</span> <span class='ocrx_word' id='word_1_333' title='bbox 1923 5578 2161 5647; x_wconf 81' lang='lat' dir='ltr'><strong>alioquin</strong></span> 
     </span>
    </p>
   </div>
   <div class='ocr_carea' id='block_1_58' title="bbox 590 5671 2166 5742">
    <p class='ocr_par' dir='ltr' id='par_1_58' title="bbox 590 5671 2166 5742">
     <span class='ocr_line' id='line_1_58' title="bbox 590 5671 2166 5742; baseline 0.002 -21"><span class='ocrx_word' id='word_1_334' title='bbox 590 5671 1095 5725; x_wconf 81' lang='lat' dir='ltr'><strong>excommunicatur</strong></span> <span class='ocrx_word' id='word_1_335' title='bbox 1139 5683 1249 5726; x_wconf 92' lang='lat' dir='ltr'><strong>tum</strong></span> <span class='ocrx_word' id='word_1_336' title='bbox 1282 5675 1372 5742; x_wconf 87' lang='lat' dir='ltr'><strong>qui</strong></span> <span class='ocrx_word' id='word_1_337' title='bbox 1411 5671 1608 5738; x_wconf 64' lang='lat' dir='ltr'><strong>recipit</strong></span> <span class='ocrx_word' id='word_1_338' title='bbox 1646 5683 1756 5725; x_wconf 88' lang='lat' dir='ltr'><strong>tum</strong></span> <span class='ocrx_word' id='word_1_339' title='bbox 1790 5674 1880 5741; x_wconf 89' lang='lat' dir='ltr'><strong>qui</strong></span> <span class='ocrx_word' id='word_1_340' title='bbox 1915 5680 2166 5740; x_wconf 86' lang='lat' dir='ltr'><strong>receptus</strong></span> 
     </span>
    </p>
   </div>
   <div class='ocr_carea' id='block_1_59' title="bbox 590 5757 2166 5835">
    <p class='ocr_par' dir='ltr' id='par_1_59' title="bbox 590 5757 2166 5835">
     <span class='ocr_line' id='line_1_59' title="bbox 590 5757 2166 5835; baseline 0.004 -22"><span class='ocrx_word' id='word_1_341' title='bbox 590 5766 699 5813; x_wconf 85' lang='lat' dir='ltr'><strong>est.</strong></span> <span class='ocrx_word' id='word_1_342' title='bbox 726 5757 782 5811; x_wconf 91' lang='lat' dir='ltr'><strong>Si</strong></span> <span class='ocrx_word' id='word_1_343' title='bbox 811 5771 989 5816; x_wconf 88' lang='lat' dir='ltr'><strong>autem</strong></span> <span class='ocrx_word' id='word_1_344' title='bbox 1024 5777 1338 5832; x_wconf 80' lang='lat' dir='ltr'><strong>perseveret</strong></span> <span class='ocrx_word' id='word_1_345' title='bbox 1371 5768 1546 5835; x_wconf 84' lang='lat' dir='ltr'><strong>ipsum</strong></span> <span class='ocrx_word' id='word_1_346' title='bbox 1587 5766 1850 5829; x_wconf 83' lang='lat' dir='ltr'><strong>detinere,</strong></span> <span class='ocrx_word' id='word_1_347' title='bbox 1893 5766 2007 5833; x_wconf 81' lang='lat' dir='ltr'><strong>ipse</strong></span> <span class='ocrx_word' id='word_1_348' title='bbox 2038 5779 2166 5834; x_wconf 83' lang='lat' dir='ltr'><strong>gra-</strong></span> 
     </span>
    </p>
   </div>
   <div class='ocr_carea' id='block_1_60' title="bbox 593 5849 2165 5927">
    <p class='ocr_par' dir='ltr' id='par_1_60' title="bbox 593 5849 2165 5927">
     <span class='ocr_line' id='line_1_60' title="bbox 593 5849 2165 5927; baseline 0.002 -20"><span class='ocrx_word' id='word_1_349' title='bbox 593 5849 664 5908; x_wconf 88' lang='lat' dir='ltr'><strong>du</strong></span> <span class='ocrx_word' id='word_1_350' title='bbox 697 5849 983 5922; x_wconf 84' lang='lat' dir='ltr'><strong>dejiciatur</strong></span> <span class='ocrx_word' id='word_1_351' title='bbox 1017 5871 1029 5907; x_wconf 89' lang='lat'><strong>:</strong></span> <span class='ocrx_word' id='word_1_352' title='bbox 1063 5870 1236 5924; x_wconf 86' lang='lat' dir='ltr'><strong>neque</strong></span> <span class='ocrx_word' id='word_1_353' title='bbox 1288 5872 1414 5915; x_wconf 83' lang='lat' dir='ltr'><strong>vero</strong></span> <span class='ocrx_word' id='word_1_354' title='bbox 1460 5859 1508 5915; x_wconf 85' lang='lat' dir='ltr'><strong>ei</strong></span> <span class='ocrx_word' id='word_1_355' title='bbox 1543 5858 1634 5927; x_wconf 80' lang='lat' dir='ltr'><strong>qui</strong></span> <span class='ocrx_word' id='word_1_356' title='bbox 1686 5858 1753 5915; x_wconf 86' lang='lat' dir='ltr'><strong>ab</strong></span> <span class='ocrx_word' id='word_1_357' title='bbox 1803 5858 1908 5914; x_wconf 88' lang='lat' dir='ltr'><strong>alio</strong></span> <span class='ocrx_word' id='word_1_358' title='bbox 1942 5872 2165 5914; x_wconf 76' lang='lat' dir='ltr'><strong>excom-</strong></span> 
     </span>
    </p>
   </div>
   <div class='ocr_carea' id='block_1_61' title="bbox 2309 516 3831 588">
    <p class='ocr_par' dir='ltr' id='par_1_61' title="bbox 2309 516 3831 588">
     <span class='ocr_line' id='line_1_61' title="bbox 2309 516 3831 588; baseline -0.001 -17"><span class='ocrx_word' id='word_1_359' title='bbox 2309 524 2406 573; x_wconf 72' lang='grc' dir='ltr'>ω’.</span> <span class='ocrx_word' id='word_1_360' title='bbox 2448 519 2570 572; x_wconf 84' lang='grc' dir='ltr'>’Ότι</span> <span class='ocrx_word' id='word_1_361' title='bbox 2626 517 2707 571; x_wconf 79' lang='grc' dir='ltr'><strong>δεῖ</strong></span> <span class='ocrx_word' id='word_1_362' title='bbox 2750 517 2840 570; x_wconf 72' lang='grc' dir='ltr'>τὸν</span> <span class='ocrx_word' id='word_1_363' title='bbox 2884 516 3184 571; x_wconf 80' lang='grc' dir='ltr'>ἐπίσκοπον</span> <span class='ocrx_word' id='word_1_364' title='bbox 3234 516 3481 583; x_wconf 74' lang='grc' dir='ltr'><strong>ἐξουσίαν</strong></span> <span class='ocrx_word' id='word_1_365' title='bbox 3529 517 3672 588; x_wconf 78' lang='grc' dir='ltr'>ἔχειν</span> <span class='ocrx_word' id='word_1_366' title='bbox 3716 520 3831 571; x_wconf 85' lang='grc' dir='ltr'><strong>τῶν</strong></span> 
     </span>
    </p>
   </div>
   <div class='ocr_carea' id='block_1_62' title="bbox 2243 609 3829 681">
    <p class='ocr_par' dir='ltr' id='par_1_62' title="bbox 2243 609 3829 681">
     <span class='ocr_line' id='line_1_62' title="bbox 2243 609 3829 681; baseline -0.001 -17"><span class='ocrx_word' id='word_1_367' title='bbox 2243 612 2616 675; x_wconf 76' lang='grc' dir='ltr'><strong>ὑποκειμένων</strong></span> <span class='ocrx_word' id='word_1_368' title='bbox 2655 611 2801 680; x_wconf 73' lang='grc' dir='ltr'>αὑτῷ</span> <span class='ocrx_word' id='word_1_369' title='bbox 2839 611 3048 681; x_wconf 77' lang='grc' dir='ltr'>ψυχῶν,</span> <span class='ocrx_word' id='word_1_370' title='bbox 3091 612 3186 663; x_wconf 69' lang='grc' dir='ltr'><strong>καὶ</strong></span> <span class='ocrx_word' id='word_1_371' title='bbox 3226 611 3537 680; x_wconf 76' lang='grc' dir='ltr'><strong>φροντίζειν</strong></span> <span class='ocrx_word' id='word_1_372' title='bbox 3577 609 3685 662; x_wconf 80' lang='grc' dir='ltr'><strong>τῶν</strong></span> <span class='ocrx_word' id='word_1_373' title='bbox 3723 609 3829 678; x_wconf 76' lang='grc' dir='ltr'>τῆς</span> 
     </span>
    </p>
   </div>
   <div class='ocr_carea' id='block_1_63' title="bbox 2255 702 3826 777">
    <p class='ocr_par' dir='ltr' id='par_1_63' title="bbox 2255 702 3826 777">
     <span class='ocr_line' id='line_1_63' title="bbox 2255 702 3826 777; baseline -0.003 -18"><span class='ocrx_word' id='word_1_374' title='bbox 2255 706 2579 774; x_wconf 71' lang='grc' dir='ltr'>Ἐκκλησίας</span> <span class='ocrx_word' id='word_1_375' title='bbox 2616 706 2960 777; x_wconf 73' lang='grc' dir='ltr'><strong>πραγμάτων</strong></span> <span class='ocrx_word' id='word_1_376' title='bbox 3003 705 3143 775; x_wconf 81' lang='grc' dir='ltr'>μετὰ</span> <span class='ocrx_word' id='word_1_377' title='bbox 3189 705 3354 772; x_wconf 75' lang='grc' dir='ltr'>φόϐου</span> <span class='ocrx_word' id='word_1_378' title='bbox 3396 704 3565 765; x_wconf 73' lang='grc' dir='ltr'>Θεοῦ,</span> <span class='ocrx_word' id='word_1_379' title='bbox 3615 704 3706 755; x_wconf 70' lang='grc' dir='ltr'><strong>καὶ</strong></span> <span class='ocrx_word' id='word_1_380' title='bbox 3750 702 3826 773; x_wconf 82' lang='grc' dir='ltr'>μὴ</span> 
     </span>
    </p>
   </div>
   <div class='ocr_carea' id='block_1_64' title="bbox 2245 794 3829 867">
    <p class='ocr_par' dir='ltr' id='par_1_64' title="bbox 2245 794 3829 867">
     <span class='ocr_line' id='line_1_64' title="bbox 2245 794 3829 867; baseline -0.001 -17"><span class='ocrx_word' id='word_1_381' title='bbox 2245 797 2654 867; x_wconf 73' lang='grc' dir='ltr'>σφετερίζεσθαι</span> <span class='ocrx_word' id='word_1_382' title='bbox 2682 797 2851 851; x_wconf 78' lang='grc' dir='ltr'>ταῦτα</span> <span class='ocrx_word' id='word_1_383' title='bbox 2872 838 2884 861; x_wconf 94' lang='grc'><strong>,</strong></span> <span class='ocrx_word' id='word_1_384' title='bbox 2917 797 2949 866; x_wconf 85' lang='grc' dir='ltr'>ἢ</span> <span class='ocrx_word' id='word_1_385' title='bbox 2986 798 3274 864; x_wconf 75' lang='grc' dir='ltr'><strong>συγγενέσι</strong></span> <span class='ocrx_word' id='word_1_386' title='bbox 3306 795 3656 866; x_wconf 77' lang='grc' dir='ltr'>χαρίζεσθαι,</span> <span class='ocrx_word' id='word_1_387' title='bbox 3689 794 3829 848; x_wconf 82' lang='grc' dir='ltr'>ἀλλὰ</span> 
     </span>
    </p>
   </div>
   <div class='ocr_carea' id='block_1_65' title="bbox 2244 886 3829 957">
    <p class='ocr_par' dir='ltr' id='par_1_65' title="bbox 2244 886 3829 957">
     <span class='ocr_line' id='line_1_65' title="bbox 2244 886 3829 957; baseline -0.001 -16"><span class='ocrx_word' id='word_1_388' title='bbox 2244 890 2470 949; x_wconf 73' lang='grc' dir='ltr'>πένησιν</span> <span class='ocrx_word' id='word_1_389' title='bbox 2498 888 2970 957; x_wconf 81' lang='grc' dir='ltr'>ὲπιχορηγεῖσθαι,</span> <span class='ocrx_word' id='word_1_390' title='bbox 3000 887 3076 949; x_wconf 83' lang='grc' dir='ltr'>ὡς</span> <span class='ocrx_word' id='word_1_391' title='bbox 3106 887 3316 956; x_wconf 74' lang='grc' dir='ltr'>μέλλων</span> <span class='ocrx_word' id='word_1_392' title='bbox 3344 889 3503 954; x_wconf 83' lang='grc' dir='ltr'>λόγον</span> <span class='ocrx_word' id='word_1_393' title='bbox 3531 886 3829 940; x_wconf 80' lang='grc' dir='ltr'>ἀποδοῦναι</span> 
     </span>
    </p>
   </div>
   <div class='ocr_carea' id='block_1_66' title="bbox 2243 978 3831 1051">
    <p class='ocr_par' dir='ltr' id='par_1_66' title="bbox 2243 978 3831 1051">
     <span class='ocr_line' id='line_1_66' title="bbox 2243 978 3831 1051; baseline -0.004 -16"><span class='ocrx_word' id='word_1_394' title='bbox 2243 982 2373 1051; x_wconf 77' lang='grc' dir='ltr'>περὶ</span> <span class='ocrx_word' id='word_1_395' title='bbox 2412 982 2589 1035; x_wconf 70' lang='grc' dir='ltr'>αὐτῶν</span> <span class='ocrx_word' id='word_1_396' title='bbox 2618 981 2694 1048; x_wconf 77' lang='grc' dir='ltr'>τῷ</span> <span class='ocrx_word' id='word_1_397' title='bbox 2734 979 2852 1050; x_wconf 78' lang='grc' dir='ltr'><strong>Θεῷ</strong></span> <span class='ocrx_word' id='word_1_398' title='bbox 2875 996 2888 1010; x_wconf 90' lang='grc'><strong>·</strong></span> <span class='ocrx_word' id='word_1_399' title='bbox 2926 980 3065 1049; x_wconf 74' lang='grc' dir='ltr'>πλὴν</span> <span class='ocrx_word' id='word_1_400' title='bbox 3096 979 3230 1033; x_wconf 78' lang='grc' dir='ltr'>ἀλλὰ</span> <span class='ocrx_word' id='word_1_401' title='bbox 3270 980 3357 1031; x_wconf 72' lang='grc' dir='ltr'><strong>διὰ</strong></span> <span class='ocrx_word' id='word_1_402' title='bbox 3388 980 3494 1032; x_wconf 86' lang='grc' dir='ltr'><strong>τῶν</strong></span> <span class='ocrx_word' id='word_1_403' title='bbox 3527 978 3831 1049; x_wconf 76' lang='grc' dir='ltr'>πρεσῦυτέ-</span> 
     </span>
    </p>
   </div>
   <div class='ocr_carea' id='block_1_67' title="bbox 2249 1064 3827 1143">
    <p class='ocr_par' dir='ltr' id='par_1_67' title="bbox 2249 1064 3827 1143">
     <span class='ocr_line' id='line_1_67' title="bbox 2249 1064 3827 1143; baseline -0.004 -19"><span class='ocrx_word' id='word_1_404' title='bbox 2249 1090 2355 1143; x_wconf 81' lang='grc' dir='ltr'><strong>ρων</strong></span> <span class='ocrx_word' id='word_1_405' title='bbox 2393 1073 2487 1124; x_wconf 71' lang='grc' dir='ltr'><strong>καὶ</strong></span> <span class='ocrx_word' id='word_1_406' title='bbox 2527 1071 2789 1123; x_wconf 87' lang='grc' dir='ltr'>διακόνων</span> <span class='ocrx_word' id='word_1_407' title='bbox 2823 1069 2996 1123; x_wconf 73' lang='grc' dir='ltr'>ταῦτα</span> <span class='ocrx_word' id='word_1_408' title='bbox 3031 1068 3311 1137; x_wconf 83' lang='grc' dir='ltr'>διανέμειν</span> <span class='ocrx_word' id='word_1_409' title='bbox 3349 1068 3492 1120; x_wconf 63' lang='grc' dir='ltr'>κατὰ</span> <span class='ocrx_word' id='word_1_410' title='bbox 3528 1069 3624 1137; x_wconf 81' lang='grc' dir='ltr'><strong>τὴν</strong></span> <span class='ocrx_word' id='word_1_411' title='bbox 3663 1064 3827 1119; x_wconf 68' lang='grc' dir='ltr'>αὐτοῦ</span> 
     </span>
    </p>
   </div>
   <div class='ocr_carea' id='block_1_68' title="bbox 2245 1157 3831 1229">
    <p class='ocr_par' dir='ltr' id='par_1_68' title="bbox 2245 1157 3831 1229">
     <span class='ocr_line' id='line_1_68' title="bbox 2245 1157 3831 1229; baseline -0.006 -13"><span class='ocrx_word' id='word_1_412' title='bbox 2245 1163 2516 1227; x_wconf 74' lang='grc' dir='ltr'>ἐξουσίαν,</span> <span class='ocrx_word' id='word_1_413' title='bbox 2552 1163 2648 1216; x_wconf 74' lang='grc' dir='ltr'>ἕνα</span> <span class='ocrx_word' id='word_1_414' title='bbox 2682 1162 2742 1226; x_wconf 77' lang='grc' dir='ltr'><strong>ἐξ</strong></span> <span class='ocrx_word' id='word_1_415' title='bbox 2774 1161 2956 1214; x_wconf 83' lang='grc' dir='ltr'>αὐτῶν</span> <span class='ocrx_word' id='word_1_416' title='bbox 2990 1160 3205 1229; x_wconf 77' lang='grc' dir='ltr'>ἔχοντος</span> <span class='ocrx_word' id='word_1_417' title='bbox 3238 1160 3544 1227; x_wconf 73' lang='grc' dir='ltr'><strong>οἰκονόμον,</strong></span> <span class='ocrx_word' id='word_1_418' title='bbox 3580 1158 3675 1210; x_wconf 72' lang='grc' dir='ltr'><strong>καὶ</strong></span> <span class='ocrx_word' id='word_1_419' title='bbox 3705 1157 3831 1226; x_wconf 74' lang='grc' dir='ltr'>οὐχὶ</span> 
     </span>
    </p>
   </div>
   <div class='ocr_carea' id='block_1_69' title="bbox 2244 1249 3831 1323">
    <p class='ocr_par' dir='ltr' id='par_1_69' title="bbox 2244 1249 3831 1323">
     <span class='ocr_line' id='line_1_69' title="bbox 2244 1249 3831 1323; baseline -0.007 -13"><span class='ocrx_word' id='word_1_420' title='bbox 2244 1257 2333 1310; x_wconf 77' lang='grc' dir='ltr'>διὰ</span> <span class='ocrx_word' id='word_1_421' title='bbox 2363 1256 2639 1322; x_wconf 81' lang='grc' dir='ltr'><strong>συγγενῶν</strong></span> <span class='ocrx_word' id='word_1_422' title='bbox 2670 1253 2832 1307; x_wconf 76' lang='grc' dir='ltr'>αὑτοῦ</span> <span class='ocrx_word' id='word_1_423' title='bbox 2868 1250 3203 1323; x_wconf 80' lang='grc' dir='ltr'>προσώπων.</span> <span class='ocrx_word' id='word_1_424' title='bbox 3238 1251 3299 1302; x_wconf 84' lang='grc' dir='ltr'>Εἰ</span> <span class='ocrx_word' id='word_1_425' title='bbox 3329 1250 3375 1302; x_wconf 80' lang='grc' dir='ltr'>δ’</span> <span class='ocrx_word' id='word_1_426' title='bbox 3401 1250 3558 1312; x_wconf 78' lang='grc' dir='ltr'>αὐτὸς</span> <span class='ocrx_word' id='word_1_427' title='bbox 3590 1250 3720 1312; x_wconf 87' lang='grc' dir='ltr'>ῐσως</span> <span class='ocrx_word' id='word_1_428' title='bbox 3752 1249 3831 1321; x_wconf 74' lang='grc' dir='ltr'>μὴ</span> 
     </span>
    </p>
   </div>
   <div class='ocr_carea' id='block_1_70' title="bbox 2246 1341 3829 1416">
    <p class='ocr_par' dir='ltr' id='par_1_70' title="bbox 2246 1341 3829 1416">
     <span class='ocr_line' id='line_1_70' title="bbox 2246 1341 3829 1416; baseline -0.005 -16"><span class='ocrx_word' id='word_1_429' title='bbox 2246 1346 2390 1400; x_wconf 75' lang='grc' dir='ltr'>θέλοι</span> <span class='ocrx_word' id='word_1_430' title='bbox 2422 1345 2569 1416; x_wconf 80' lang='grc' dir='ltr'>ἔχειν</span> <span class='ocrx_word' id='word_1_431' title='bbox 2600 1346 2906 1413; x_wconf 84' lang='grc' dir='ltr'>οἰκονόμον,</span> <span class='ocrx_word' id='word_1_432' title='bbox 2937 1342 3113 1407; x_wconf 79' lang='grc' dir='ltr'>ἔξεστι</span> <span class='ocrx_word' id='word_1_433' title='bbox 3140 1341 3218 1411; x_wconf 85' lang='grc' dir='ltr'>τῷ</span> <span class='ocrx_word' id='word_1_434' title='bbox 3244 1342 3342 1411; x_wconf 84' lang='grc' dir='ltr'>τῆς</span> <span class='ocrx_word' id='word_1_435' title='bbox 3376 1341 3646 1412; x_wconf 75' lang='grc' dir='ltr'><strong>ἐπαρχίας</strong></span> <span class='ocrx_word' id='word_1_436' title='bbox 3676 1359 3829 1411; x_wconf 84' lang='grc' dir='ltr'>πρω-</span> 
     </span>
    </p>
   </div>
   <div class='ocr_carea' id='block_1_71' title="bbox 2245 1433 3832 1507">
    <p class='ocr_par' dir='ltr' id='par_1_71' title="bbox 2245 1433 3832 1507">
     <span class='ocr_line' id='line_1_71' title="bbox 2245 1433 3832 1507; baseline -0.004 -15"><span class='ocrx_word' id='word_1_437' title='bbox 2245 1441 2460 1493; x_wconf 72' lang='grc' dir='ltr'>τεύοντι</span> <span class='ocrx_word' id='word_1_438' title='bbox 2498 1438 2900 1507; x_wconf 79' lang='grc' dir='ltr'>προϐάλλεσθαι</span> <span class='ocrx_word' id='word_1_439' title='bbox 2938 1436 2996 1500; x_wconf 77' lang='grc' dir='ltr'>ἐξ</span> <span class='ocrx_word' id='word_1_440' title='bbox 3036 1437 3275 1499; x_wconf 75' lang='grc' dir='ltr'>ἅπαντος</span> <span class='ocrx_word' id='word_1_441' title='bbox 3309 1433 3614 1503; x_wconf 83' lang='grc' dir='ltr'>οἰκονόμον.</span> <span class='ocrx_word' id='word_1_442' title='bbox 3656 1433 3832 1486; x_wconf 77' lang='grc' dir='ltr'>Αὐτὸν</span> 
     </span>
    </p>
   </div>
   <div class='ocr_carea' id='block_1_72' title="bbox 2246 1527 3825 1594">
    <p class='ocr_par' dir='ltr' id='par_1_72' title="bbox 2246 1527 3825 1594">
     <span class='ocr_line' id='line_1_72' title="bbox 2246 1527 3825 1594; baseline -0.005 -8"><span class='ocrx_word' id='word_1_443' title='bbox 2246 1534 2302 1586; x_wconf 77' lang='grc' dir='ltr'><strong>δὲ</strong></span> <span class='ocrx_word' id='word_1_444' title='bbox 2333 1533 2422 1586; x_wconf 57' lang='lat' dir='ltr'><strong>etv</strong></span> <span class='ocrx_word' id='word_1_445' title='bbox 2450 1532 2748 1584; x_wconf 81' lang='grc' dir='ltr'>ἐπίσκοπον</span> <span class='ocrx_word' id='word_1_446' title='bbox 2777 1527 3100 1582; x_wconf 82' lang='grc' dir='ltr'>διοικεῖσθαι</span> <span class='ocrx_word' id='word_1_447' title='bbox 3128 1528 3185 1594; x_wconf 79' lang='grc' dir='ltr'>ἐξ</span> <span class='ocrx_word' id='word_1_448' title='bbox 3215 1528 3391 1580; x_wconf 78' lang='grc' dir='ltr'>αὐτῶν</span> <span class='ocrx_word' id='word_1_449' title='bbox 3421 1528 3502 1589; x_wconf 81' lang='grc' dir='ltr'><strong>εἰς</strong></span> <span class='ocrx_word' id='word_1_450' title='bbox 3528 1527 3626 1586; x_wconf 69' lang='grc' dir='ltr'><strong>τὰς</strong></span> <span class='ocrx_word' id='word_1_451' title='bbox 3656 1527 3825 1594; x_wconf 76' lang='grc' dir='ltr'>ἁναγο</span> 
     </span>
    </p>
   </div>
   <div class='ocr_carea' id='block_1_73' title="bbox 2247 1619 3833 1695">
    <p class='ocr_par' dir='ltr' id='par_1_73' title="bbox 2247 1619 3833 1695">
     <span class='ocr_line' id='line_1_73' title="bbox 2247 1619 3833 1695; baseline -0.006 -16"><span class='ocrx_word' id='word_1_452' title='bbox 2247 1627 2410 1687; x_wconf 81' lang='grc' dir='ltr'>καίας</span> <span class='ocrx_word' id='word_1_453' title='bbox 2445 1626 2632 1695; x_wconf 84' lang='grc' dir='ltr'>χρείας</span> <span class='ocrx_word' id='word_1_454' title='bbox 2675 1623 2767 1675; x_wconf 67' lang='grc' dir='ltr'><strong>καὶ</strong></span> <span class='ocrx_word' id='word_1_455' title='bbox 2810 1623 3005 1692; x_wconf 89' lang='grc' dir='ltr'>μόνον,</span> <span class='ocrx_word' id='word_1_456' title='bbox 3042 1621 3137 1674; x_wconf 76' lang='grc' dir='ltr'><strong>καί</strong></span> <span class='ocrx_word' id='word_1_457' title='bbox 3165 1622 3274 1680; x_wconf 67' lang='grc' dir='ltr'><strong>τῶν</strong></span> <span class='ocrx_word' id='word_1_458' title='bbox 3304 1622 3436 1691; x_wconf 79' lang='grc' dir='ltr'>παρ’</span> <span class='ocrx_word' id='word_1_459' title='bbox 3461 1619 3611 1689; x_wconf 80' lang='grc' dir='ltr'>αὐτῷ</span> <span class='ocrx_word' id='word_1_460' title='bbox 3650 1621 3833 1685; x_wconf 76' lang='grc' dir='ltr'>ἐπιξε-</span> 
     </span>
    </p>
   </div>
   <div class='ocr_carea' id='block_1_74' title="bbox 2247 1711 3834 1786">
    <p class='ocr_par' dir='ltr' id='par_1_74' title="bbox 2247 1711 3834 1786">
     <span class='ocr_line' id='line_1_74' title="bbox 2247 1711 3834 1786; baseline -0.005 -14"><span class='ocrx_word' id='word_1_461' title='bbox 2247 1716 2522 1786; x_wconf 84' lang='grc' dir='ltr'>νουμένων</span> <span class='ocrx_word' id='word_1_462' title='bbox 2568 1714 2834 1783; x_wconf 76' lang='grc' dir='ltr'>ἀδελφῶν.</span> <span class='ocrx_word' id='word_1_463' title='bbox 2874 1712 2933 1766; x_wconf 89' lang='lat'><strong>&#39;0</strong></span> <span class='ocrx_word' id='word_1_464' title='bbox 2978 1714 3033 1766; x_wconf 81' lang='grc' dir='ltr'>δὲ</span> <span class='ocrx_word' id='word_1_465' title='bbox 3087 1713 3161 1784; x_wconf 83' lang='grc' dir='ltr'>μὴ</span> <span class='ocrx_word' id='word_1_466' title='bbox 3204 1712 3378 1765; x_wconf 81' lang='grc' dir='ltr'>ταῦτα</span> <span class='ocrx_word' id='word_1_467' title='bbox 3425 1712 3610 1781; x_wconf 78' lang='grc' dir='ltr'>τηρῶν</span> <span class='ocrx_word' id='word_1_468' title='bbox 3650 1711 3834 1780; x_wconf 78' lang='grc' dir='ltr'>ἔνοχος</span> 
     </span>
    </p>
   </div>
   <div class='ocr_carea' id='block_1_75' title="bbox 2250 1800 3827 1877">
    <p class='ocr_par' dir='ltr' id='par_1_75' title="bbox 2250 1800 3827 1877">
     <span class='ocr_line' id='line_1_75' title="bbox 2250 1800 3827 1877; baseline -0.005 -15"><span class='ocrx_word' id='word_1_469' title='bbox 2250 1810 2399 1862; x_wconf 73' lang='grc' dir='ltr'>ἔσται</span> <span class='ocrx_word' id='word_1_470' title='bbox 2428 1810 2493 1877; x_wconf 76' lang='grc' dir='ltr'>τῇ</span> <span class='ocrx_word' id='word_1_471' title='bbox 2528 1805 2760 1873; x_wconf 83' lang='grc' dir='ltr'><strong>συνόδῳ,</strong></span> <span class='ocrx_word' id='word_1_472' title='bbox 2795 1805 3155 1874; x_wconf 75' lang='grc' dir='ltr'>ὑποκείμενος</span> <span class='ocrx_word' id='word_1_473' title='bbox 3185 1803 3448 1873; x_wconf 77' lang='grc' dir='ltr'><strong>ἐπιτιμίῳ</strong></span> <span class='ocrx_word' id='word_1_474' title='bbox 3471 1819 3484 1833; x_wconf 74' lang='grc' dir='ltr'><strong>ο</strong></span> <span class='ocrx_word' id='word_1_475' title='bbox 3516 1802 3703 1865; x_wconf 83' lang='grc' dir='ltr'>ἀδείας</span> <span class='ocrx_word' id='word_1_476' title='bbox 3731 1800 3827 1855; x_wconf 76' lang='grc' dir='ltr'>οὖ-</span> 
     </span>
    </p>
   </div>
   <div class='ocr_carea' id='block_1_76' title="bbox 2250 1895 3836 1973">
    <p class='ocr_par' dir='ltr' id='par_1_76' title="bbox 2250 1895 3836 1973">
     <span class='ocr_line' id='line_1_76' title="bbox 2250 1895 3836 1973; baseline -0.004 -19"><span class='ocrx_word' id='word_1_477' title='bbox 2250 1920 2348 1973; x_wconf 81' lang='grc' dir='ltr'><strong>σης</strong></span> <span class='ocrx_word' id='word_1_478' title='bbox 2379 1901 2539 1953; x_wconf 75' lang='grc' dir='ltr'>παντὶ</span> <span class='ocrx_word' id='word_1_479' title='bbox 2565 1898 2642 1969; x_wconf 80' lang='grc' dir='ltr'><strong>τῷ</strong></span> <span class='ocrx_word' id='word_1_480' title='bbox 2675 1897 3010 1968; x_wconf 80' lang='grc' dir='ltr'>βουλομένῳ,</span> <span class='ocrx_word' id='word_1_481' title='bbox 3036 1895 3089 1948; x_wconf 74' lang='grc' dir='ltr'>εἴ</span> <span class='ocrx_word' id='word_1_482' title='bbox 3114 1914 3166 1948; x_wconf 86' lang='grc' dir='ltr'><strong>τι</strong></span> <span class='ocrx_word' id='word_1_483' title='bbox 3195 1896 3399 1949; x_wconf 76' lang='grc' dir='ltr'>τούτων</span> <span class='ocrx_word' id='word_1_484' title='bbox 3430 1895 3836 1966; x_wconf 74' lang='grc' dir='ltr'>παραδαινόμε-</span> 
     </span>
    </p>
   </div>
   <div class='ocr_carea' id='block_1_77' title="bbox 2247 1988 3128 2063">
    <p class='ocr_par' dir='ltr' id='par_1_77' title="bbox 2247 1988 3128 2063">
     <span class='ocr_line' id='line_1_77' title="bbox 2247 1988 3128 2063; baseline -0.007 -14"><span class='ocrx_word' id='word_1_485' title='bbox 2247 2012 2336 2048; x_wconf 89' lang='grc' dir='ltr'><strong>νον</strong></span> <span class='ocrx_word' id='word_1_486' title='bbox 2367 1994 2489 2053; x_wconf 85' lang='grc' dir='ltr'>ῑδοι,</span> <span class='ocrx_word' id='word_1_487' title='bbox 2526 1992 2754 2063; x_wconf 81' lang='grc' dir='ltr'>μηνύειν</span> <span class='ocrx_word' id='word_1_488' title='bbox 2785 1990 2863 2059; x_wconf 80' lang='grc' dir='ltr'><strong>τῷ</strong></span> <span class='ocrx_word' id='word_1_489' title='bbox 2899 1988 3128 2058; x_wconf 81' lang='grc' dir='ltr'>βασιλεῖ.</span> 
     </span>
    </p>
   </div>
   <div class='ocr_carea' id='block_1_78' title="bbox 2316 2078 3562 2153">
    <p class='ocr_par' dir='ltr' id='par_1_78' title="bbox 2316 2078 3562 2153">
     <span class='ocr_line' id='line_1_78' title="bbox 2316 2078 3562 2153; baseline -0.005 -13"><span class='ocrx_word' id='word_1_490' title='bbox 2316 2087 2439 2140; x_wconf 88' lang='grc' dir='ltr'><strong>Τῶν</strong></span> <span class='ocrx_word' id='word_1_491' title='bbox 2470 2084 2639 2153; x_wconf 86' lang='grc' dir='ltr'>ἁγίων</span> <span class='ocrx_word' id='word_1_492' title='bbox 2666 2083 2980 2138; x_wconf 80' lang='grc' dir='ltr'>ἀποστόλων</span> <span class='ocrx_word' id='word_1_493' title='bbox 3007 2080 3187 2134; x_wconf 86' lang='grc' dir='ltr'>κανὼν</span> <span class='ocrx_word' id='word_1_494' title='bbox 3216 2079 3296 2151; x_wconf 87' lang='grc' dir='ltr'><strong>λη’</strong></span> <span class='ocrx_word' id='word_1_495' title='bbox 3325 2082 3418 2134; x_wconf 75' lang='grc' dir='ltr'>καὶ</span> <span class='ocrx_word' id='word_1_496' title='bbox 3452 2078 3562 2150; x_wconf 88' lang='grc' dir='ltr'>μα’.</span> 
     </span>
    </p>
   </div>
   <div class='ocr_carea' id='block_1_79' title="bbox 2316 2172 3380 2243">
    <p class='ocr_par' dir='ltr' id='par_1_79' title="bbox 2316 2172 3380 2243">
     <span class='ocr_line' id='line_1_79' title="bbox 2316 2172 3380 2243; baseline -0.003 -12"><span class='ocrx_word' id='word_1_497' title='bbox 2316 2178 2428 2231; x_wconf 73' lang='grc' dir='ltr'><strong>Καὶ</strong></span> <span class='ocrx_word' id='word_1_498' title='bbox 2457 2175 2675 2229; x_wconf 86' lang='grc' dir='ltr'>συνόδου</span> <span class='ocrx_word' id='word_1_499' title='bbox 2710 2173 3041 2243; x_wconf 75' lang='grc' dir='ltr'>’Λντιοχείας</span> <span class='ocrx_word' id='word_1_500' title='bbox 3072 2172 3252 2227; x_wconf 87' lang='grc' dir='ltr'>κανὼν</span> <span class='ocrx_word' id='word_1_501' title='bbox 3284 2172 3380 2228; x_wconf 84' lang='grc' dir='ltr'>κε’.</span> 
     </span>
    </p>
   </div>
   <div class='ocr_carea' id='block_1_80' title="bbox 2315 2266 3269 2339">
    <p class='ocr_par' dir='ltr' id='par_1_80' title="bbox 2315 2266 3269 2339">
     <span class='ocr_line' id='line_1_80' title="bbox 2315 2266 3269 2339; baseline -0.001 -16"><span class='ocrx_word' id='word_1_502' title='bbox 2315 2271 2540 2323; x_wconf 83' lang='grc' dir='ltr'>Συνόδου</span> <span class='ocrx_word' id='word_1_503' title='bbox 2573 2267 2913 2339; x_wconf 73' lang='grc' dir='ltr'>Καλχηδόνος</span> <span class='ocrx_word' id='word_1_504' title='bbox 2944 2266 3125 2320; x_wconf 80' lang='grc' dir='ltr'>κανὼν</span> <span class='ocrx_word' id='word_1_505' title='bbox 3155 2266 3269 2332; x_wconf 80' lang='grc' dir='ltr'>κς’.</span> 
     </span>
    </p>
   </div>
   <div class='ocr_carea' id='block_1_81' title="bbox 2317 2358 2954 2425">
    <p class='ocr_par' dir='ltr' id='par_1_81' title="bbox 2317 2358 2954 2425">
     <span class='ocr_line' id='line_1_81' title="bbox 2317 2358 2954 2425; baseline -0.003 -9"><span class='ocrx_word' id='word_1_506' title='bbox 2317 2363 2545 2416; x_wconf 85' lang='grc' dir='ltr'>Συνόδου</span> <span class='ocrx_word' id='word_1_507' title='bbox 2579 2362 2622 2425; x_wconf 76' lang='grc' dir='ltr'><strong>ζ’</strong></span> <span class='ocrx_word' id='word_1_508' title='bbox 2650 2359 2831 2413; x_wconf 83' lang='grc' dir='ltr'>κανὼν</span> <span class='ocrx_word' id='word_1_509' title='bbox 2865 2358 2954 2414; x_wconf 89' lang='grc' dir='ltr'>ια’.</span> 
     </span>
    </p>
   </div>
   <div class='ocr_carea' id='block_1_82' title="bbox 2318 2448 3540 2521">
    <p class='ocr_par' dir='ltr' id='par_1_82' title="bbox 2318 2448 3540 2521">
     <span class='ocr_line' id='line_1_82' title="bbox 2318 2448 3540 2521; baseline -0.002 -16"><span class='ocrx_word' id='word_1_510' title='bbox 2318 2454 2577 2521; x_wconf 77' lang='grc' dir='ltr'>Θεοφίλου</span> <span class='ocrx_word' id='word_1_511' title='bbox 2608 2450 3017 2521; x_wconf 75' lang='grc' dir='ltr'>Ἀλεξανδρείας</span> <span class='ocrx_word' id='word_1_512' title='bbox 3050 2448 3227 2504; x_wconf 87' lang='grc' dir='ltr'>κανὼν</span> <span class='ocrx_word' id='word_1_513' title='bbox 3262 2454 3293 2501; x_wconf 86' lang='grc' dir='ltr'><strong>ι’</strong></span> <span class='ocrx_word' id='word_1_514' title='bbox 3319 2448 3413 2501; x_wconf 67' lang='grc' dir='ltr'><strong>καί⁵</strong></span> <span class='ocrx_word' id='word_1_515' title='bbox 3453 2454 3540 2502; x_wconf 83' lang='grc' dir='ltr'>ια’.</span> 
     </span>
    </p>
   </div>
   <div class='ocr_carea' id='block_1_83' title="bbox 2320 2540 3241 2611">
    <p class='ocr_par' dir='ltr' id='par_1_83' title="bbox 2320 2540 3241 2611">
     <span class='ocr_line' id='line_1_83' title="bbox 2320 2540 3241 2611; baseline -0.002 -15"><span class='ocrx_word' id='word_1_516' title='bbox 2320 2544 2426 2596; x_wconf 80' lang='grc' dir='ltr'>Τοῦ</span> <span class='ocrx_word' id='word_1_517' title='bbox 2462 2544 2616 2611; x_wconf 87' lang='grc' dir='ltr'>ἁγίου</span> <span class='ocrx_word' id='word_1_518' title='bbox 2649 2543 2920 2611; x_wconf 82' lang='grc' dir='ltr'>Κυρίλλου</span> <span class='ocrx_word' id='word_1_519' title='bbox 2951 2540 3134 2595; x_wconf 85' lang='grc' dir='ltr'>κανὼν</span> <span class='ocrx_word' id='word_1_520' title='bbox 3165 2541 3241 2610; x_wconf 79' lang='grc' dir='ltr'><strong>β’.</strong></span> 
     </span>
    </p>
   </div>
   <div class='ocr_carea' id='block_1_84' title="bbox 2318 2633 3308 2707">
    <p class='ocr_par' dir='ltr' id='par_1_84' title="bbox 2318 2633 3308 2707">
     <span class='ocr_line' id='line_1_84' title="bbox 2318 2633 3308 2707; baseline -0.001 -16"><span class='ocrx_word' id='word_1_521' title='bbox 2318 2637 2563 2707; x_wconf 77' lang='grc' dir='ltr'>Νομικδν</span> <span class='ocrx_word' id='word_1_522' title='bbox 2592 2636 2887 2704; x_wconf 80' lang='grc' dir='ltr'>κεφάλαιον</span> <span class='ocrx_word' id='word_1_523' title='bbox 2915 2633 2987 2695; x_wconf 82' lang='grc' dir='ltr'>κ’.’</span> <span class='ocrx_word' id='word_1_524' title='bbox 3015 2634 3055 2699; x_wconf 79' lang='grc' dir='ltr'><strong>ξ’</strong></span> <span class='ocrx_word' id='word_1_525' title='bbox 3081 2637 3175 2688; x_wconf 79' lang='grc' dir='ltr'><strong>καὶ</strong></span> <span class='ocrx_word' id='word_1_526' title='bbox 3208 2634 3308 2699; x_wconf 83' lang='grc' dir='ltr'>ξα’.</span> 
     </span>
    </p>
   </div>
   <div class='ocr_carea' id='block_1_85' title="bbox 2322 2725 3843 2800">
    <p class='ocr_par' dir='ltr' id='par_1_85' title="bbox 2322 2725 3843 2800">
     <span class='ocr_line' id='line_1_85' title="bbox 2322 2725 3843 2800; baseline -0.003 -17"><span class='ocrx_word' id='word_1_527' title='bbox 2322 2728 2423 2800; x_wconf 71' lang='grc' dir='ltr'>οβ’.</span> <span class='ocrx_word' id='word_1_528' title='bbox 2450 2730 2572 2783; x_wconf 86' lang='grc' dir='ltr'>Ὅτι</span> <span class='ocrx_word' id='word_1_529' title='bbox 2602 2730 2683 2782; x_wconf 83' lang='grc' dir='ltr'><strong>δεῖ</strong></span> <span class='ocrx_word' id='word_1_530' title='bbox 2710 2730 2806 2791; x_wconf 83' lang='grc' dir='ltr'><strong>τὰς</strong></span> <span class='ocrx_word' id='word_1_531' title='bbox 2835 2728 2921 2780; x_wconf 64' lang='grc' dir='ltr'><strong>διὰ</strong></span> <span class='ocrx_word' id='word_1_532' title='bbox 2953 2729 3300 2799; x_wconf 82' lang='grc' dir='ltr'>γραμμάτων</span> <span class='ocrx_word' id='word_1_533' title='bbox 3355 2725 3651 2797; x_wconf 85' lang='grc' dir='ltr'>βασιλικῶν</span> <span class='ocrx_word' id='word_1_534' title='bbox 3675 2744 3843 2798; x_wconf 81' lang='grc' dir='ltr'>τιμη-</span> 
     </span>
    </p>
   </div>
   <div class='ocr_carea' id='block_1_86' title="bbox 2252 2816 3839 2888">
    <p class='ocr_par' dir='ltr' id='par_1_86' title="bbox 2252 2816 3839 2888">
     <span class='ocr_line' id='line_1_86' title="bbox 2252 2816 3839 2888; baseline -0.003 -14"><span class='ocrx_word' id='word_1_535' title='bbox 2252 2821 2440 2884; x_wconf 86' lang='grc' dir='ltr'>θείσας</span> <span class='ocrx_word' id='word_1_536' title='bbox 2470 2819 2650 2882; x_wconf 83' lang='grc' dir='ltr'>πόλεις</span> <span class='ocrx_word' id='word_1_537' title='bbox 2680 2821 2765 2872; x_wconf 76' lang='grc' dir='ltr'><strong>ἐπ’</strong></span> <span class='ocrx_word' id='word_1_538' title='bbox 2789 2818 3014 2887; x_wconf 81' lang='grc' dir='ltr'>ὀνόματι</span> <span class='ocrx_word' id='word_1_539' title='bbox 3047 2818 3435 2888; x_wconf 74' lang='grc' dir='ltr'>μητροπόλεως</span> <span class='ocrx_word' id='word_1_540' title='bbox 3463 2816 3607 2887; x_wconf 79' lang='grc' dir='ltr'>ἔχειν</span> <span class='ocrx_word' id='word_1_541' title='bbox 3632 2818 3733 2888; x_wconf 77' lang='grc' dir='ltr'><strong>τὴν</strong></span> <span class='ocrx_word' id='word_1_542' title='bbox 3760 2836 3839 2870; x_wconf 76' lang='grc' dir='ltr'>τι·</span> 
     </span>
    </p>
   </div>
   <div class='ocr_carea' id='block_1_87' title="bbox 2255 2910 3841 2984">
    <p class='ocr_par' dir='ltr' id='par_1_87' title="bbox 2255 2910 3841 2984">
     <span class='ocr_line' id='line_1_87' title="bbox 2255 2910 3841 2984; baseline -0.001 -21"><span class='ocrx_word' id='word_1_543' title='bbox 2255 2914 2362 2984; x_wconf 82' lang='grc' dir='ltr'>μήν</span> <span class='ocrx_word' id='word_1_544' title='bbox 2382 2928 2395 2942; x_wconf 90' lang='grc'><strong>·</strong></span> <span class='ocrx_word' id='word_1_545' title='bbox 2422 2912 2518 2974; x_wconf 74' lang='grc' dir='ltr'>τὰς</span> <span class='ocrx_word' id='word_1_546' title='bbox 2551 2911 2605 2963; x_wconf 79' lang='grc' dir='ltr'>δὲ</span> <span class='ocrx_word' id='word_1_547' title='bbox 2636 2910 2866 2981; x_wconf 81' lang='grc' dir='ltr'>ἀρχαίας</span> <span class='ocrx_word' id='word_1_548' title='bbox 2902 2911 3267 2980; x_wconf 84' lang='grc' dir='ltr'>μητροπόλεις</span> <span class='ocrx_word' id='word_1_549' title='bbox 3290 2911 3393 2973; x_wconf 71' lang='grc' dir='ltr'><strong>τὰς</strong></span> <span class='ocrx_word' id='word_1_550' title='bbox 3420 2910 3476 2962; x_wconf 84' lang='grc' dir='ltr'>ὲν</span> <span class='ocrx_word' id='word_1_551' title='bbox 3503 2912 3622 2973; x_wconf 86' lang='grc' dir='ltr'>ταῖς</span> <span class='ocrx_word' id='word_1_552' title='bbox 3651 2910 3841 2974; x_wconf 81' lang='grc' dir='ltr'>αὑταῖς</span> 
     </span>
    </p>
   </div>
   <div class='ocr_carea' id='block_1_88' title="bbox 2252 3001 3842 3072">
    <p class='ocr_par' dir='ltr' id='par_1_88' title="bbox 2252 3001 3842 3072">
     <span class='ocr_line' id='line_1_88' title="bbox 2252 3001 3842 3072; baseline -0.001 -12"><span class='ocrx_word' id='word_1_553' title='bbox 2252 3005 2597 3065; x_wconf 76' lang='grc' dir='ltr'>τοποθεσίαις</span> <span class='ocrx_word' id='word_1_554' title='bbox 2625 3001 2810 3067; x_wconf 71' lang='grc' dir='ltr'>οὔσας,</span> <span class='ocrx_word' id='word_1_555' title='bbox 2844 3004 2918 3072; x_wconf 85' lang='grc' dir='ltr'>μὴ</span> <span class='ocrx_word' id='word_1_556' title='bbox 2950 3002 3428 3058; x_wconf 80' lang='grc' dir='ltr'>καταϐλάπτεσθαι</span> <span class='ocrx_word' id='word_1_557' title='bbox 3460 3002 3551 3056; x_wconf 77' lang='grc' dir='ltr'><strong>ὑπ’</strong></span> <span class='ocrx_word' id='word_1_558' title='bbox 3577 3004 3756 3057; x_wconf 83' lang='grc' dir='ltr'>αὐτῶν</span> <span class='ocrx_word' id='word_1_559' title='bbox 3784 3006 3842 3058; x_wconf 82' lang='grc' dir='ltr'>ὲν</span> 
     </span>
    </p>
   </div>
   <div class='ocr_carea' id='block_1_89' title="bbox 2253 3093 2831 3158">
    <p class='ocr_par' dir='ltr' id='par_1_89' title="bbox 2253 3093 2831 3158">
     <span class='ocr_line' id='line_1_89' title="bbox 2253 3093 2831 3158; baseline 0 -12"><span class='ocrx_word' id='word_1_560' title='bbox 2253 3097 2364 3158; x_wconf 79' lang='grc' dir='ltr'>τοῖς</span> <span class='ocrx_word' id='word_1_561' title='bbox 2399 3094 2549 3157; x_wconf 87' lang='grc' dir='ltr'>ἰδίοις</span> <span class='ocrx_word' id='word_1_562' title='bbox 2578 3093 2831 3156; x_wconf 83' lang='grc' dir='ltr'>δικαίοις.</span> 
     </span>
    </p>
   </div>
   <div class='ocr_carea' id='block_1_90' title="bbox 2178 3180 3483 3262">
    <p class='ocr_par' dir='ltr' id='par_1_90' title="bbox 2178 3180 3483 3262">
     <span class='ocr_line' id='line_1_90' title="bbox 2178 3180 3483 3262; baseline 0 -23"><span class='ocrx_word' id='word_1_563' title='bbox 2178 3202 2222 3262; x_wconf 74' lang='lat' dir='ltr'><strong><em>C</em></strong></span> <span class='ocrx_word' id='word_1_564' title='bbox 2325 3185 2551 3240; x_wconf 86' lang='grc' dir='ltr'>Συνόδου</span> <span class='ocrx_word' id='word_1_565' title='bbox 2583 3183 2927 3254; x_wconf 84' lang='grc' dir='ltr'>Καλχηδόνος</span> <span class='ocrx_word' id='word_1_566' title='bbox 2956 3182 3139 3236; x_wconf 86' lang='grc' dir='ltr'>κανὼν</span> <span class='ocrx_word' id='word_1_567' title='bbox 3174 3180 3241 3255; x_wconf 78' lang='grc' dir='ltr'>ιβ’</span> <span class='ocrx_word' id='word_1_568' title='bbox 3268 3182 3363 3237; x_wconf 75' lang='grc' dir='ltr'><strong>καὶ</strong></span> <span class='ocrx_word' id='word_1_569' title='bbox 3398 3182 3483 3248; x_wconf 78' lang='grc' dir='ltr'>ιζ’.</span> 
     </span>
    </p>
   </div>
   <div class='ocr_carea' id='block_1_91' title="bbox 2322 3269 3102 3338">
    <p class='ocr_par' dir='ltr' id='par_1_91' title="bbox 2322 3269 3102 3338">
     <span class='ocr_line' id='line_1_91' title="bbox 2322 3269 3102 3338; baseline -0.004 -9"><span class='ocrx_word' id='word_1_570' title='bbox 2322 3277 2433 3330; x_wconf 70' lang='grc' dir='ltr'>Καὶ</span> <span class='ocrx_word' id='word_1_571' title='bbox 2464 3275 2688 3329; x_wconf 86' lang='grc' dir='ltr'>συνόδου</span> <span class='ocrx_word' id='word_1_572' title='bbox 2722 3272 2774 3338; x_wconf 85' lang='grc' dir='ltr'><strong>ς’</strong></span> <span class='ocrx_word' id='word_1_573' title='bbox 2801 3271 2979 3326; x_wconf 85' lang='grc' dir='ltr'>κανὼν</span> <span class='ocrx_word' id='word_1_574' title='bbox 3006 3269 3102 3326; x_wconf 89' lang='grc' dir='ltr'>λε’.</span> 
     </span>
    </p>
   </div>
   <div class='ocr_carea' id='block_1_92' title="bbox 2321 3362 3849 3434">
    <p class='ocr_par' dir='ltr' id='par_1_92' title="bbox 2321 3362 3849 3434">
     <span class='ocr_line' id='line_1_92' title="bbox 2321 3362 3849 3434; baseline -0.003 -14"><span class='ocrx_word' id='word_1_575' title='bbox 2321 3364 2418 3434; x_wconf 89' lang='grc' dir='ltr'>ογ’.</span> <span class='ocrx_word' id='word_1_576' title='bbox 2479 3366 2602 3419; x_wconf 86' lang='grc' dir='ltr'>Ὅτι</span> <span class='ocrx_word' id='word_1_577' title='bbox 2644 3365 2727 3418; x_wconf 89' lang='grc' dir='ltr'><strong>δεῖ</strong></span> <span class='ocrx_word' id='word_1_578' title='bbox 2769 3363 2893 3425; x_wconf 83' lang='grc' dir='ltr'>τοὺς</span> <span class='ocrx_word' id='word_1_579' title='bbox 2939 3362 3139 3424; x_wconf 79' lang='grc' dir='ltr'>ἀδίκως</span> <span class='ocrx_word' id='word_1_580' title='bbox 3182 3362 3579 3434; x_wconf 78' lang='grc' dir='ltr'>ἐλαυνομένους</span> <span class='ocrx_word' id='word_1_581' title='bbox 3620 3362 3849 3417; x_wconf 76' lang='grc' dir='ltr'>ἐπισκό-</span> 
     </span>
    </p>
   </div>
   <div class='ocr_carea' id='block_1_93' title="bbox 2252 3451 3847 3525">
    <p class='ocr_par' dir='ltr' id='par_1_93' title="bbox 2252 3451 3847 3525">
     <span class='ocr_line' id='line_1_93' title="bbox 2252 3451 3847 3525; baseline -0.001 -18"><span class='ocrx_word' id='word_1_582' title='bbox 2252 3471 2388 3517; x_wconf 86' lang='grc' dir='ltr'>πους</span> <span class='ocrx_word' id='word_1_583' title='bbox 2416 3453 2668 3525; x_wconf 77' lang='grc' dir='ltr'>δέχεσθαι</span> <span class='ocrx_word' id='word_1_584' title='bbox 2701 3454 2759 3505; x_wconf 86' lang='grc' dir='ltr'>ὲν</span> <span class='ocrx_word' id='word_1_585' title='bbox 2792 3453 3006 3523; x_wconf 79' lang='grc' dir='ltr'>ἑτέραις</span> <span class='ocrx_word' id='word_1_586' title='bbox 3038 3452 3292 3523; x_wconf 80' lang='grc' dir='ltr'>ὲνορίαις,</span> <span class='ocrx_word' id='word_1_587' title='bbox 3322 3453 3415 3506; x_wconf 78' lang='grc' dir='ltr'><strong>καί</strong></span> <span class='ocrx_word' id='word_1_588' title='bbox 3446 3451 3847 3523; x_wconf 76' lang='grc' dir='ltr'>ἀντιλαμϐάνε-</span> 
     </span>
    </p>
   </div>
   <div class='ocr_carea' id='block_1_94' title="bbox 2252 3547 3855 3620">
    <p class='ocr_par' dir='ltr' id='par_1_94' title="bbox 2252 3547 3855 3620">
     <span class='ocr_line' id='line_1_94' title="bbox 2252 3547 3855 3620; baseline 0.001 -19"><span class='ocrx_word' id='word_1_589' title='bbox 2252 3548 2378 3602; x_wconf 89' lang='grc' dir='ltr'>σθαι</span> <span class='ocrx_word' id='word_1_590' title='bbox 2415 3548 2689 3610; x_wconf 84' lang='grc' dir='ltr'>παντοίως</span> <span class='ocrx_word' id='word_1_591' title='bbox 2721 3547 2816 3599; x_wconf 68' lang='grc' dir='ltr'><strong>καὶ</strong></span> <span class='ocrx_word' id='word_1_592' title='bbox 2853 3547 3346 3616; x_wconf 77' lang='grc' dir='ltr'>χειραγωγεῖσθαι,</span> <span class='ocrx_word' id='word_1_593' title='bbox 3386 3547 3546 3617; x_wconf 79' lang='grc' dir='ltr'>ἄχρις</span> <span class='ocrx_word' id='word_1_594' title='bbox 3581 3548 3646 3602; x_wconf 85' lang='grc' dir='ltr'>ἂν</span> <span class='ocrx_word' id='word_1_595' title='bbox 3679 3550 3712 3620; x_wconf 78' lang='grc' dir='ltr'>ἡ</span> <span class='ocrx_word' id='word_1_596' title='bbox 3750 3551 3855 3603; x_wconf 54' lang='grc' dir='ltr'><strong>ἐπὶ</strong></span> 
     </span>
    </p>
   </div>
   <div class='ocr_carea' id='block_1_95' title="bbox 2250 3639 3027 3709">
    <p class='ocr_par' dir='ltr' id='par_1_95' title="bbox 2250 3639 3027 3709">
     <span class='ocr_line' id='line_1_95' title="bbox 2250 3639 3027 3709; baseline -0.003 -15"><span class='ocrx_word' id='word_1_597' title='bbox 2250 3641 2438 3703; x_wconf 83' lang='grc' dir='ltr'>αὐτοῖς</span> <span class='ocrx_word' id='word_1_598' title='bbox 2468 3642 2696 3709; x_wconf 76' lang='grc' dir='ltr'>γένηται</span> <span class='ocrx_word' id='word_1_599' title='bbox 2728 3639 2841 3692; x_wconf 82' lang='grc' dir='ltr'>ὲκδί</span> <span class='ocrx_word' id='word_1_600' title='bbox 2848 3657 2913 3709; x_wconf 89' lang='grc' dir='ltr'><strong>κη</strong></span> <span class='ocrx_word' id='word_1_601' title='bbox 2924 3656 3027 3701; x_wconf 87' lang='grc' dir='ltr'>σις.</span> 
     </span>
    </p>
   </div>
   <div class='ocr_carea' id='block_1_96' title="bbox 2320 3730 3184 3802">
    <p class='ocr_par' dir='ltr' id='par_1_96' title="bbox 2320 3730 3184 3802">
     <span class='ocr_line' id='line_1_96' title="bbox 2320 3730 3184 3802; baseline -0.001 -16"><span class='ocrx_word' id='word_1_602' title='bbox 2320 3733 2547 3786; x_wconf 82' lang='grc' dir='ltr'>Συνόδου</span> <span class='ocrx_word' id='word_1_603' title='bbox 2580 3730 2851 3802; x_wconf 82' lang='grc' dir='ltr'>Σαρδικῆς</span> <span class='ocrx_word' id='word_1_604' title='bbox 2884 3730 3064 3784; x_wconf 85' lang='grc' dir='ltr'>κανὼν</span> <span class='ocrx_word' id='word_1_605' title='bbox 3095 3732 3184 3796; x_wconf 79' lang='grc' dir='ltr'><strong>ιζ’.</strong></span> 
     </span>
    </p>
   </div>
   <div class='ocr_carea' id='block_1_97' title="bbox 2320 3823 3843 3894">
    <p class='ocr_par' dir='ltr' id='par_1_97' title="bbox 2320 3823 3843 3894">
     <span class='ocr_line' id='line_1_97' title="bbox 2320 3823 3843 3894; baseline -0.001 -15"><span class='ocrx_word' id='word_1_606' title='bbox 2320 3824 2413 3881; x_wconf 84' lang='grc' dir='ltr'>οδ’.</span> <span class='ocrx_word' id='word_1_607' title='bbox 2445 3826 2567 3877; x_wconf 79' lang='grc' dir='ltr'>Ὀτι</span> <span class='ocrx_word' id='word_1_608' title='bbox 2613 3824 2696 3878; x_wconf 85' lang='grc' dir='ltr'><strong>δεῖ</strong></span> <span class='ocrx_word' id='word_1_609' title='bbox 2739 3823 3043 3894; x_wconf 83' lang='grc' dir='ltr'>εἰρηνεύειν</span> <span class='ocrx_word' id='word_1_610' title='bbox 3095 3825 3214 3892; x_wconf 80' lang='grc' dir='ltr'>μετ’</span> <span class='ocrx_word' id='word_1_611' title='bbox 3264 3823 3511 3894; x_wconf 82' lang='grc' dir='ltr'>ἀλλήλων</span> <span class='ocrx_word' id='word_1_612' title='bbox 3558 3826 3687 3890; x_wconf 84' lang='grc' dir='ltr'>τοὺς</span> <span class='ocrx_word' id='word_1_613' title='bbox 3734 3844 3843 3879; x_wconf 66' lang='grc' dir='ltr'>παν</span> 
     </span>
    </p>
   </div>
   <div class='ocr_carea' id='block_1_98' title="bbox 2250 3914 3851 3988">
    <p class='ocr_par' dir='ltr' id='par_1_98' title="bbox 2250 3914 3851 3988">
     <span class='ocr_line' id='line_1_98' title="bbox 2250 3914 3851 3988; baseline -0.001 -18"><span class='ocrx_word' id='word_1_614' title='bbox 2250 3916 2542 3988; x_wconf 76' lang='grc' dir='ltr'>τριὰρχας,</span> <span class='ocrx_word' id='word_1_615' title='bbox 2581 3915 2675 3969; x_wconf 77' lang='grc' dir='ltr'><strong>καὶ</strong></span> <span class='ocrx_word' id='word_1_616' title='bbox 2709 3914 2977 3984; x_wconf 83' lang='grc' dir='ltr'>τιμᾶσθαι</span> <span class='ocrx_word' id='word_1_617' title='bbox 3018 3914 3216 3978; x_wconf 74' lang='grc' dir='ltr'>αὐτοὺς</span> <span class='ocrx_word' id='word_1_618' title='bbox 3260 3916 3400 3969; x_wconf 87' lang='grc' dir='ltr'>κατὰ</span> <span class='ocrx_word' id='word_1_619' title='bbox 3429 3916 3528 3987; x_wconf 81' lang='grc' dir='ltr'>τήν</span> <span class='ocrx_word' id='word_1_620' title='bbox 3562 3917 3851 3987; x_wconf 86' lang='grc' dir='ltr'>ἀπονεμη-</span> 
     </span>
    </p>
   </div>
   <div class='ocr_carea' id='block_1_99' title="bbox 2254 4007 3852 4079">
    <p class='ocr_par' dir='ltr' id='par_1_99' title="bbox 2254 4007 3852 4079">
     <span class='ocr_line' id='line_1_99' title="bbox 2254 4007 3852 4079; baseline 0 -16"><span class='ocrx_word' id='word_1_621' title='bbox 2254 4012 2441 4064; x_wconf 84' lang='grc' dir='ltr'>θεῖσαν</span> <span class='ocrx_word' id='word_1_622' title='bbox 2476 4009 2649 4074; x_wconf 80' lang='grc' dir='ltr'>τάξιν.</span> <span class='ocrx_word' id='word_1_623' title='bbox 2693 4009 2804 4062; x_wconf 72' lang='grc' dir='ltr'><strong>Καὶ</strong></span> <span class='ocrx_word' id='word_1_624' title='bbox 2850 4008 2955 4079; x_wconf 80' lang='grc' dir='ltr'>μὴν</span> <span class='ocrx_word' id='word_1_625' title='bbox 2994 4009 3089 4062; x_wconf 79' lang='grc' dir='ltr'><strong>καί</strong></span> <span class='ocrx_word' id='word_1_626' title='bbox 3130 4009 3256 4072; x_wconf 81' lang='grc' dir='ltr'>τοὺς</span> <span class='ocrx_word' id='word_1_627' title='bbox 3303 4007 3709 4079; x_wconf 80' lang='grc' dir='ltr'>μητροπολίτας</span> <span class='ocrx_word' id='word_1_628' title='bbox 3752 4011 3852 4064; x_wconf 76' lang='grc' dir='ltr'><strong>καὶ</strong></span> 
     </span>
    </p>
   </div>
   <div class='ocr_carea' id='block_1_100' title="bbox 2254 4100 3854 4172">
    <p class='ocr_par' dir='ltr' id='par_1_100' title="bbox 2254 4100 3854 4172">
     <span class='ocr_line' id='line_1_100' title="bbox 2254 4100 3854 4172; baseline -0.001 -17"><span class='ocrx_word' id='word_1_629' title='bbox 2254 4102 2588 4165; x_wconf 74' lang='grc' dir='ltr'>ἐπισκόπους</span> <span class='ocrx_word' id='word_1_630' title='bbox 2619 4100 2783 4172; x_wconf 72' lang='grc' dir='ltr'>μηδὲν</span> <span class='ocrx_word' id='word_1_631' title='bbox 2810 4119 2861 4154; x_wconf 91' lang='grc' dir='ltr'><strong>τι</strong></span> <span class='ocrx_word' id='word_1_632' title='bbox 2894 4102 3067 4153; x_wconf 80' lang='grc' dir='ltr'>ποιεῖν</span> <span class='ocrx_word' id='word_1_633' title='bbox 3092 4101 3220 4163; x_wconf 77' lang='grc' dir='ltr'>τοὺς</span> <span class='ocrx_word' id='word_1_634' title='bbox 3248 4100 3354 4153; x_wconf 75' lang='grc' dir='ltr'><strong>ὑπὸ</strong></span> <span class='ocrx_word' id='word_1_635' title='bbox 3381 4101 3479 4164; x_wconf 75' lang='grc' dir='ltr'><strong>τὰς</strong></span> <span class='ocrx_word' id='word_1_636' title='bbox 3506 4101 3721 4172; x_wconf 78' lang='grc' dir='ltr'>ἐνορίας</span> <span class='ocrx_word' id='word_1_637' title='bbox 3749 4101 3854 4154; x_wconf 86' lang='grc' dir='ltr'>αὐ-</span> 
     </span>
    </p>
   </div>
   <div class='ocr_carea' id='block_1_101' title="bbox 2255 4190 3851 4265">
    <p class='ocr_par' dir='ltr' id='par_1_101' title="bbox 2255 4190 3851 4265">
     <span class='ocr_line' id='line_1_101' title="bbox 2255 4190 3851 4265; baseline -0.001 -17"><span class='ocrx_word' id='word_1_638' title='bbox 2255 4195 2382 4261; x_wconf 84' lang='grc' dir='ltr'>τῶν,</span> <span class='ocrx_word' id='word_1_639' title='bbox 2412 4194 2578 4265; x_wconf 76' lang='grc' dir='ltr'>χωρὶς</span> <span class='ocrx_word' id='word_1_640' title='bbox 2604 4192 2830 4264; x_wconf 81' lang='grc' dir='ltr'>γνώμης</span> <span class='ocrx_word' id='word_1_641' title='bbox 2847 4193 2954 4248; x_wconf 86' lang='grc' dir='ltr'><strong>τῶν</strong></span> <span class='ocrx_word' id='word_1_642' title='bbox 2976 4192 3156 4247; x_wconf 83' lang='grc' dir='ltr'>αὐτῶν</span> <span class='ocrx_word' id='word_1_643' title='bbox 3180 4208 3193 4221; x_wconf 90' lang='grc'><strong>·</strong></span> <span class='ocrx_word' id='word_1_644' title='bbox 3224 4192 3347 4263; x_wconf 76' lang='grc' dir='ltr'>μήτ’</span> <span class='ocrx_word' id='word_1_645' title='bbox 3369 4190 3567 4257; x_wconf 79' lang='grc' dir='ltr'>αὐτούς</span> <span class='ocrx_word' id='word_1_646' title='bbox 3589 4209 3645 4247; x_wconf 88' lang='grc' dir='ltr'><strong>τι</strong></span> <span class='ocrx_word' id='word_1_647' title='bbox 3673 4194 3851 4248; x_wconf 79' lang='grc' dir='ltr'>ποιεῖν</span> 
     </span>
    </p>
   </div>
   <div class='ocr_carea' id='block_1_102' title="bbox 2257 4288 3081 4362">
    <p class='ocr_par' dir='ltr' id='par_1_102' title="bbox 2257 4288 3081 4362">
     <span class='ocr_line' id='line_1_102' title="bbox 2257 4288 3081 4362; baseline -0.001 -19"><span class='ocrx_word' id='word_1_648' title='bbox 2257 4291 2427 4362; x_wconf 82' lang='grc' dir='ltr'>χωρὶς</span> <span class='ocrx_word' id='word_1_649' title='bbox 2454 4291 2555 4358; x_wconf 72' lang='grc' dir='ltr'><strong>τῆς</strong></span> <span class='ocrx_word' id='word_1_650' title='bbox 2586 4290 2804 4343; x_wconf 77' lang='grc' dir='ltr'>πάντων</span> <span class='ocrx_word' id='word_1_651' title='bbox 2833 4288 3081 4360; x_wconf 82' lang='grc' dir='ltr'>γνώμης.</span> 
     </span>
    </p>
   </div>
   <div class='ocr_carea' id='block_1_103' title="bbox 2327 4379 3334 4449">
    <p class='ocr_par' dir='ltr' id='par_1_103' title="bbox 2327 4379 3334 4449">
     <span class='ocr_line' id='line_1_103' title="bbox 2327 4379 3334 4449; baseline 0.002 -16"><span class='ocrx_word' id='word_1_652' title='bbox 2327 4381 2449 4433; x_wconf 85' lang='grc' dir='ltr'><strong>Τῶν</strong></span> <span class='ocrx_word' id='word_1_653' title='bbox 2478 4380 2652 4449; x_wconf 85' lang='grc' dir='ltr'>ἁγίων</span> <span class='ocrx_word' id='word_1_654' title='bbox 2682 4381 2997 4434; x_wconf 84' lang='grc' dir='ltr'>ἀποστόλων</span> <span class='ocrx_word' id='word_1_655' title='bbox 3029 4379 3209 4435; x_wconf 82' lang='grc' dir='ltr'>κανὼν</span> <span class='ocrx_word' id='word_1_656' title='bbox 3236 4379 3334 4435; x_wconf 80' lang='grc' dir='ltr'>λδ’.</span> 
     </span>
    </p>
   </div>
   <div class='ocr_carea' id='block_1_104' title="bbox 2328 4469 3334 4536">
    <p class='ocr_par' dir='ltr' id='par_1_104' title="bbox 2328 4469 3334 4536">
     <span class='ocr_line' id='line_1_104' title="bbox 2328 4469 3334 4536; baseline 0 -12"><span class='ocrx_word' id='word_1_657' title='bbox 2328 4472 2554 4526; x_wconf 82' lang='grc' dir='ltr'>Συνόδου</span> <span class='ocrx_word' id='word_1_658' title='bbox 2585 4472 2818 4534; x_wconf 85' lang='grc' dir='ltr'>Νικαίας</span> <span class='ocrx_word' id='word_1_659' title='bbox 2851 4471 3030 4526; x_wconf 65' lang='grc' dir='ltr'>κανὼν</span> <span class='ocrx_word' id='word_1_660' title='bbox 3061 4469 3115 4536; x_wconf 80' lang='grc' dir='ltr'><strong>ς’</strong></span> <span class='ocrx_word' id='word_1_661' title='bbox 3142 4473 3237 4526; x_wconf 82' lang='grc' dir='ltr'><strong>καί</strong></span> <span class='ocrx_word' id='word_1_662' title='bbox 3267 4471 3334 4535; x_wconf 78' lang='grc' dir='ltr'><strong>ζ’.</strong></span> 
     </span>
    </p>
   </div>
   <div class='ocr_carea' id='block_1_105' title="bbox 2329 4561 3247 4634">
    <p class='ocr_par' dir='ltr' id='par_1_105' title="bbox 2329 4561 3247 4634">
     <span class='ocr_line' id='line_1_105' title="bbox 2329 4561 3247 4634; baseline 0 -17"><span class='ocrx_word' id='word_1_663' title='bbox 2329 4564 2560 4618; x_wconf 83' lang='grc' dir='ltr'>Συνόδου</span> <span class='ocrx_word' id='word_1_664' title='bbox 2592 4563 2923 4634; x_wconf 83' lang='grc' dir='ltr'>Ἀντιοχείας</span> <span class='ocrx_word' id='word_1_665' title='bbox 2954 4561 3139 4616; x_wconf 86' lang='grc' dir='ltr'>κανὼν</span> <span class='ocrx_word' id='word_1_666' title='bbox 3172 4564 3247 4617; x_wconf 79' lang='grc' dir='ltr'><strong>θ’.</strong></span> 
     </span>
    </p>
   </div>
   <div class='ocr_carea' id='block_1_106' title="bbox 2330 4654 3746 4727">
    <p class='ocr_par' dir='ltr' id='par_1_106' title="bbox 2330 4654 3746 4727">
     <span class='ocr_line' id='line_1_106' title="bbox 2330 4654 3746 4727; baseline 0.002 -17"><span class='ocrx_word' id='word_1_667' title='bbox 2330 4657 2559 4711; x_wconf 83' lang='grc' dir='ltr'>Συνόδου</span> <span class='ocrx_word' id='word_1_668' title='bbox 2593 4654 3221 4718; x_wconf 84' lang='grc' dir='ltr'>Κωνσταντινουπόλεως</span> <span class='ocrx_word' id='word_1_669' title='bbox 3252 4654 3433 4709; x_wconf 84' lang='grc' dir='ltr'>κανὼν</span> <span class='ocrx_word' id='word_1_670' title='bbox 3460 4655 3511 4727; x_wconf 85' lang='grc' dir='ltr'><strong>β’</strong></span> <span class='ocrx_word' id='word_1_671' title='bbox 3539 4656 3636 4711; x_wconf 76' lang='grc' dir='ltr'>καὶ</span> <span class='ocrx_word' id='word_1_672' title='bbox 3663 4654 3746 4727; x_wconf 89' lang='grc' dir='ltr'><strong>γ’.</strong></span> 
     </span>
    </p>
   </div>
   <div class='ocr_carea' id='block_1_107' title="bbox 2330 4744 3130 4813">
    <p class='ocr_par' dir='ltr' id='par_1_107' title="bbox 2330 4744 3130 4813">
     <span class='ocr_line' id='line_1_107' title="bbox 2330 4744 3130 4813; baseline 0 -12"><span class='ocrx_word' id='word_1_673' title='bbox 2330 4749 2556 4802; x_wconf 87' lang='grc' dir='ltr'>Συνόδου</span> <span class='ocrx_word' id='word_1_674' title='bbox 2599 4746 2829 4813; x_wconf 75' lang='grc' dir='ltr'>Ἑφέσου</span> <span class='ocrx_word' id='word_1_675' title='bbox 2866 4744 3047 4800; x_wconf 84' lang='grc' dir='ltr'>κανὼν</span> <span class='ocrx_word' id='word_1_676' title='bbox 3078 4752 3130 4801; x_wconf 83' lang='grc' dir='ltr'><strong>ι’.</strong></span> 
     </span>
    </p>
   </div>
   <div class='ocr_carea' id='block_1_108' title="bbox 2332 4827 3571 4911">
    <p class='ocr_par' dir='ltr' id='par_1_108' title="bbox 2332 4827 3571 4911">
     <span class='ocr_line' id='line_1_108' title="bbox 2332 4827 3571 4911; baseline 0.002 -18"><span class='ocrx_word' id='word_1_677' title='bbox 2332 4840 2563 4893; x_wconf 85' lang='grc' dir='ltr'>Συνόδου</span> <span class='ocrx_word' id='word_1_678' title='bbox 2592 4839 2939 4908; x_wconf 83' lang='grc' dir='ltr'>Καλχηδόνος</span> <span class='ocrx_word' id='word_1_679' title='bbox 2969 4838 3147 4892; x_wconf 89' lang='grc' dir='ltr'>κανὼν</span> <span class='ocrx_word' id='word_1_680' title='bbox 3182 4846 3232 4910; x_wconf 88' lang='grc' dir='ltr'>η’</span> <span class='ocrx_word' id='word_1_681' title='bbox 3259 4840 3353 4893; x_wconf 75' lang='grc' dir='ltr'><strong>καὶ</strong></span> <span class='ocrx_word' id='word_1_682' title='bbox 3383 4839 3493 4911; x_wconf 84' lang='grc' dir='ltr'>κη’.</span> <span class='ocrx_word' id='word_1_683' title='bbox 3564 4827 3571 4836; x_wconf 52' lang='grc'><strong>’</strong></span> 
     </span>
    </p>
   </div>
   <div class='ocr_carea' id='block_1_109' title="bbox 2333 4928 3853 5002">
    <p class='ocr_par' dir='ltr' id='par_1_109' title="bbox 2333 4928 3853 5002">
     <span class='ocr_line' id='line_1_109' title="bbox 2333 4928 3853 5002; baseline 0.004 -19"><span class='ocrx_word' id='word_1_684' title='bbox 2333 4931 2562 4985; x_wconf 89' lang='grc' dir='ltr'>Συνόδου</span> <span class='ocrx_word' id='word_1_685' title='bbox 2602 4932 2966 5002; x_wconf 81' lang='grc' dir='ltr'>Καρθαγένης</span> <span class='ocrx_word' id='word_1_686' title='bbox 3004 4931 3185 4986; x_wconf 86' lang='grc' dir='ltr'>κανὼν</span> <span class='ocrx_word' id='word_1_687' title='bbox 3223 4930 3311 5000; x_wconf 78' lang='grc' dir='ltr'>ιζ’,</span> <span class='ocrx_word' id='word_1_688' title='bbox 3353 4930 3452 5001; x_wconf 86' lang='grc' dir='ltr'>λθ’,</span> <span class='ocrx_word' id='word_1_689' title='bbox 3490 4928 3583 5000; x_wconf 89' lang='grc' dir='ltr'>νε’,</span> <span class='ocrx_word' id='word_1_690' title='bbox 3621 4931 3721 4999; x_wconf 73' lang='grc' dir='ltr'>σις’</span> <span class='ocrx_word' id='word_1_691' title='bbox 3750 4932 3853 4991; x_wconf 70' lang='grc' dir='ltr'><strong>καὶ</strong></span> 
     </span>
    </p>
   </div>
   <div class='ocr_carea' id='block_1_110' title="bbox 2268 5030 2371 5095">
    <p class='ocr_par' dir='ltr' id='par_1_110' title="bbox 2268 5030 2371 5095">
     <span class='ocr_line' id='line_1_110' title="bbox 2268 5030 2371 5095; baseline 0.039 -18"><span class='ocrx_word' id='word_1_692' title='bbox 2268 5030 2371 5095; x_wconf 86' lang='grc' dir='ltr'>ρα’.</span> 
     </span>
    </p>
   </div>
   <div class='ocr_carea' id='block_1_111' title="bbox 2338 5114 3247 5183">
    <p class='ocr_par' dir='ltr' id='par_1_111' title="bbox 2338 5114 3247 5183">
     <span class='ocr_line' id='line_1_111' title="bbox 2338 5114 3247 5183; baseline -0.001 -11"><span class='ocrx_word' id='word_1_693' title='bbox 2338 5119 2566 5174; x_wconf 81' lang='grc' dir='ltr'>Συνόδου</span> <span class='ocrx_word' id='word_1_694' title='bbox 2601 5126 2655 5183; x_wconf 75' lang='grc' dir='ltr'>ς’</span> <span class='ocrx_word' id='word_1_695' title='bbox 2683 5119 2865 5172; x_wconf 84' lang='grc' dir='ltr'>κανὼν</span> <span class='ocrx_word' id='word_1_696' title='bbox 2895 5119 2986 5181; x_wconf 78' lang='grc' dir='ltr'>λς’</span> <span class='ocrx_word' id='word_1_697' title='bbox 3025 5119 3119 5169; x_wconf 67' lang='grc' dir='ltr'><strong>καὶ</strong></span> <span class='ocrx_word' id='word_1_698' title='bbox 3146 5114 3247 5171; x_wconf 87' lang='grc' dir='ltr'>λθ’.</span> 
     </span>
    </p>
   </div>
   <div class='ocr_carea' id='block_1_112' title="bbox 2338 5204 3788 5281">
    <p class='ocr_par' dir='ltr' id='par_1_112' title="bbox 2338 5204 3788 5281">
     <span class='ocr_line' id='line_1_112' title="bbox 2338 5204 3788 5281; baseline -0.001 -16"><span class='ocrx_word' id='word_1_699' title='bbox 2338 5212 2565 5266; x_wconf 88' lang='grc' dir='ltr'>Συνόδου</span> <span class='ocrx_word' id='word_1_700' title='bbox 2596 5212 2654 5264; x_wconf 80' lang='grc' dir='ltr'>ὲν</span> <span class='ocrx_word' id='word_1_701' title='bbox 2682 5210 2761 5281; x_wconf 83' lang='grc' dir='ltr'>τῷ</span> <span class='ocrx_word' id='word_1_702' title='bbox 2786 5208 2900 5279; x_wconf 85' lang='grc' dir='ltr'>ναῷ</span> <span class='ocrx_word' id='word_1_703' title='bbox 2924 5207 3025 5278; x_wconf 82' lang='grc' dir='ltr'>τῆς</span> <span class='ocrx_word' id='word_1_704' title='bbox 3067 5206 3254 5276; x_wconf 85' lang='grc' dir='ltr'>’Λγίας</span> <span class='ocrx_word' id='word_1_705' title='bbox 3286 5204 3486 5275; x_wconf 84' lang='grc' dir='ltr'>Σοφίας</span> <span class='ocrx_word' id='word_1_706' title='bbox 3514 5207 3694 5262; x_wconf 86' lang='grc' dir='ltr'>κανὼν</span> <span class='ocrx_word' id='word_1_707' title='bbox 3719 5208 3788 5263; x_wconf 83' lang='grc' dir='ltr'><strong>α’.</strong></span> 
     </span>
    </p>
   </div>
   <div class='ocr_carea' id='block_1_113' title="bbox 2338 5388 3137 5465">
    <p class='ocr_par' dir='ltr' id='par_1_113' title="bbox 2338 5388 3137 5465">
     <span class='ocr_line' id='line_1_113' title="bbox 2338 5388 3137 5465; baseline -0.005 -14"><span class='ocrx_word' id='word_1_708' title='bbox 2338 5396 2451 5452; x_wconf 70' lang='grc' dir='ltr'><strong>Καὶ</strong></span> <span class='ocrx_word' id='word_1_709' title='bbox 2472 5395 2693 5465; x_wconf 81' lang='grc' dir='ltr'>νομικὸν</span> <span class='ocrx_word' id='word_1_710' title='bbox 2720 5392 3012 5463; x_wconf 72' lang='grc' dir='ltr'>κεφάλαιον</span> <span class='ocrx_word' id='word_1_711' title='bbox 3032 5388 3137 5462; x_wconf 77' lang='grc' dir='ltr'>κβ’.</span> 
     </span>
    </p>
   </div>
   <div class='ocr_carea' id='block_1_114' title="bbox 2341 5475 3852 5551">
    <p class='ocr_par' dir='ltr' id='par_1_114' title="bbox 2341 5475 3852 5551">
     <span class='ocr_line' id='line_1_114' title="bbox 2341 5475 3852 5551; baseline -0.008 -9"><span class='ocrx_word' id='word_1_712' title='bbox 2341 5488 2432 5542; x_wconf 78' lang='grc' dir='ltr'>σε’.</span> <span class='ocrx_word' id='word_1_713' title='bbox 2472 5488 2595 5540; x_wconf 79' lang='grc' dir='ltr'>Ὀτι</span> <span class='ocrx_word' id='word_1_714' title='bbox 2620 5487 2681 5539; x_wconf 83' lang='grc' dir='ltr'><strong>οὐ</strong></span> <span class='ocrx_word' id='word_1_715' title='bbox 2713 5485 2794 5538; x_wconf 85' lang='grc' dir='ltr'>δεῖ</span> <span class='ocrx_word' id='word_1_716' title='bbox 2822 5484 2951 5537; x_wconf 85' lang='grc' dir='ltr'>ἀνευ</span> <span class='ocrx_word' id='word_1_717' title='bbox 2975 5484 3203 5551; x_wconf 75' lang='grc' dir='ltr'>γνώμης</span> <span class='ocrx_word' id='word_1_718' title='bbox 3226 5480 3317 5533; x_wconf 81' lang='grc' dir='ltr'>τοῦ</span> <span class='ocrx_word' id='word_1_719' title='bbox 3356 5477 3657 5532; x_wconf 73' lang='grc' dir='ltr'>ἐπισκόπου</span> <span class='ocrx_word' id='word_1_720' title='bbox 3682 5475 3852 5530; x_wconf 76' lang='grc' dir='ltr'>αὐτοῦ</span> 
     </span>
    </p>
   </div>
   <div class='ocr_carea' id='block_1_115' title="bbox 2271 5566 3856 5648">
    <p class='ocr_par' dir='ltr' id='par_1_115' title="bbox 2271 5566 3856 5648">
     <span class='ocr_line' id='line_1_115' title="bbox 2271 5566 3856 5648; baseline -0.01 -15"><span class='ocrx_word' id='word_1_721' title='bbox 2271 5579 2526 5648; x_wconf 82' lang='grc' dir='ltr'>δεχθῆναι</span> <span class='ocrx_word' id='word_1_722' title='bbox 2561 5573 2824 5645; x_wconf 74' lang='grc' dir='ltr'>κληρικὸν</span> <span class='ocrx_word' id='word_1_723' title='bbox 2858 5573 2915 5625; x_wconf 77' lang='grc' dir='ltr'>ὲν</span> <span class='ocrx_word' id='word_1_724' title='bbox 2949 5572 3113 5642; x_wconf 68' lang='grc' dir='ltr'>ἑτέρα</span> <span class='ocrx_word' id='word_1_725' title='bbox 3158 5570 3421 5639; x_wconf 74' lang='grc' dir='ltr'>παροικίᾳ</span> <span class='ocrx_word' id='word_1_726' title='bbox 3443 5584 3458 5600; x_wconf 73' lang='grc' dir='ltr'><strong>ο</strong></span> <span class='ocrx_word' id='word_1_727' title='bbox 3491 5567 3614 5619; x_wconf 64' lang='grc' dir='ltr'>ἐπεὶ</span> <span class='ocrx_word' id='word_1_728' title='bbox 3650 5566 3856 5636; x_wconf 78' lang='grc' dir='ltr'>ἀφορί-</span> 
     </span>
    </p>
   </div>
   <div class='ocr_carea' id='block_1_116' title="bbox 2274 5657 3856 5737">
    <p class='ocr_par' dir='ltr' id='par_1_116' title="bbox 2274 5657 3856 5737">
     <span class='ocr_line' id='line_1_116' title="bbox 2274 5657 3856 5737; baseline -0.006 -15"><span class='ocrx_word' id='word_1_729' title='bbox 2274 5672 2428 5732; x_wconf 79' lang='grc' dir='ltr'>ζεται</span> <span class='ocrx_word' id='word_1_730' title='bbox 2460 5669 2554 5722; x_wconf 71' lang='grc' dir='ltr'><strong>καὶ</strong></span> <span class='ocrx_word' id='word_1_731' title='bbox 2581 5669 2609 5720; x_wconf 87' lang='grc' dir='ltr'>ὁ</span> <span class='ocrx_word' id='word_1_732' title='bbox 2635 5667 2950 5737; x_wconf 81' lang='grc' dir='ltr'>δεξάμενος,</span> <span class='ocrx_word' id='word_1_733' title='bbox 2981 5666 3076 5717; x_wconf 58' lang='grc' dir='ltr'><strong>καί⁸</strong></span> <span class='ocrx_word' id='word_1_734' title='bbox 3104 5666 3131 5715; x_wconf 86' lang='grc' dir='ltr'>ὁ</span> <span class='ocrx_word' id='word_1_735' title='bbox 3158 5663 3387 5732; x_wconf 82' lang='grc' dir='ltr'>δεχθείς.</span> <span class='ocrx_word' id='word_1_736' title='bbox 3419 5661 3483 5714; x_wconf 74' lang='lat' dir='ltr'><strong>Ei</strong></span> <span class='ocrx_word' id='word_1_737' title='bbox 3514 5661 3571 5713; x_wconf 75' lang='grc' dir='ltr'>δὲ</span> <span class='ocrx_word' id='word_1_738' title='bbox 3600 5657 3856 5725; x_wconf 76' lang='grc' dir='ltr'>ἐπιμένοι</span> 
     </span>
    </p>
   </div>
   <div class='ocr_carea' id='block_1_117' title="bbox 2277 5746 3857 5829">
    <p class='ocr_par' dir='ltr' id='par_1_117' title="bbox 2277 5746 3857 5829">
     <span class='ocr_line' id='line_1_117' title="bbox 2277 5746 3857 5829; baseline -0.009 -15"><span class='ocrx_word' id='word_1_739' title='bbox 2277 5762 2525 5829; x_wconf 75' lang='grc' dir='ltr'>κατέχων</span> <span class='ocrx_word' id='word_1_740' title='bbox 2576 5758 2769 5819; x_wconf 69' lang='grc' dir='ltr'>αὐτὸν,</span> <span class='ocrx_word' id='word_1_741' title='bbox 2827 5754 3199 5826; x_wconf 84' lang='grc' dir='ltr'>καθαιρείσθω</span> <span class='ocrx_word' id='word_1_742' title='bbox 3243 5753 3340 5806; x_wconf 75' lang='grc' dir='ltr'><strong>καὶ</strong></span> <span class='ocrx_word' id='word_1_743' title='bbox 3386 5752 3548 5811; x_wconf 71' lang='grc' dir='ltr'>αὐτός</span> <span class='ocrx_word' id='word_1_744' title='bbox 3587 5767 3600 5781; x_wconf 88' lang='grc'><strong>·</strong></span> <span class='ocrx_word' id='word_1_745' title='bbox 3641 5746 3765 5801; x_wconf 71' lang='grc' dir='ltr'>οὔτε</span> <span class='ocrx_word' id='word_1_746' title='bbox 3797 5747 3857 5800; x_wconf 74' lang='grc' dir='ltr'>δὲ</span> 
     </span>
    </p>
   </div>
   <div class='ocr_carea' id='block_1_118' title="bbox 2282 5838 3857 5923">
    <p class='ocr_par' dir='ltr' id='par_1_118' title="bbox 2282 5838 3857 5923">
     <span class='ocr_line' id='line_1_118' title="bbox 2282 5838 3857 5923; baseline -0.011 -16"><span class='ocrx_word' id='word_1_747' title='bbox 2282 5853 2630 5923; x_wconf 75' lang='grc' dir='ltr'>συγχωρήσει</span> <span class='ocrx_word' id='word_1_748' title='bbox 2670 5852 2858 5920; x_wconf 72' lang='grc' dir='ltr'><strong>ἶἐίῖερος</strong></span> <span class='ocrx_word' id='word_1_749' title='bbox 2900 5848 2979 5919; x_wconf 84' lang='grc' dir='ltr'><strong>τῷ</strong></span> <span class='ocrx_word' id='word_1_750' title='bbox 3030 5846 3118 5918; x_wconf 69' lang='grc' dir='ltr'>ὑφ’</span> <span class='ocrx_word' id='word_1_751' title='bbox 3155 5847 3346 5918; x_wconf 77' lang='grc' dir='ltr'>ἐτέρου</span> <span class='ocrx_word' id='word_1_752' title='bbox 3386 5841 3763 5915; x_wconf 75' lang='grc' dir='ltr'>ἀφορισθέντι,</span> <span class='ocrx_word' id='word_1_753' title='bbox 3806 5838 3857 5890; x_wconf 77' lang='grc' dir='ltr'>εἰ</span> 
     </span>
    </p>
   </div>
  </div>
