4140 6406
588 330 660 391 35

1868 317 2191 379 ARSENII
2234 317 2584 379 MONACHI

3789 325 3861 385 36

591 445 810 515 tetup‘tui
842 442 1057 508 habere,
1084 451 1244 511 atque
1273 439 1336 494 ad
1379 453 1536 495 sacra
1571 437 1860 491 missarum
1888 433 2068 488 ofﬁcia
2092 448 2180 488 eo-

2288 438 2536 505 χιερέων,
2583 433 2678 488 καὶ
2719 435 2794 506 μὴ
2836 434 3116 505 εἰσφέρειν
3159 435 3231 488 τά
3279 435 3489 489 τούτων
3525 435 3768 507 ὀνόματα
3805 439 3866 491 ἐν

591 555 708 590 rum
741 536 956 589 numina
991 551 1097 588 non
1131 533 1390 587 adhibere
1436 549 1449 583 :
1486 541 1580 583 aut
1609 527 1834 581 seorsim
1873 536 2171 580 COHVCIIHIS

597 627 798 682 habere
833 636 1051 695 propter
1082 625 1445 693 5tt3piciouetn
1481 621 1622 674 forte
1652 617 1880 688 alicujus
1905 617 2174 679 criminis,

589 728 715 771 ante
735 716 924 785 synodi
949 715 1312 784 cognitionem
1340 729 1354 766 :
1377 721 1470 763 aut
1488 710 1558 763 ab
1573 723 1760 762 eorum
1789 705 2175 760 communione

588 822 712 863 sese
729 808 1067 870 abscindere,
1092 805 1171 858 vcl
1194 805 1446 874 populum
1471 802 1649 855 furtim
1671 799 1736 852 ad
1755 814 1814 852 se
1833 797 2168 867 pertrahere.

589 901 690 964 Qui
713 900 856 953 eniitt
875 901 946 952 ita
965 899 1189 960 faciunt,
1208 896 1422 967 tyranni
1448 902 1594 954 sunt,
1619 901 1777 960 atque
1795 889 2171 957 idcircogradu

590 991 942 1061 dejiciuutur,
978 989 1421 1055 attathetnatique
1479 985 1877 1051 subjiciuntur,
1923 991 1976 1034 et
2017 989 2174 1049 quoto

592 1090 723 1146 quot
758 1094 880 1132 cutn
937 1079 1069 1148 ipsis
1101 1077 1505 1132 communicant
1535 1091 1550 1129 :
1584 1075 1719 1127 citra
1752 1071 2010 1124 nimirum
2057 1078 2202 1121 tua-'

593 1169 845 1224 uil'csmm
875 1170 1122 1224 harresiut
1159 1185 1278 1238 qua:
1311 1170 1377 1222 :tb
1413 1167 1546 1236 ipsis
1595 1165 1768 1230 palam
1813 1160 2164 1231 praedicetur.

663 1263 988 1318 Sanctorum
1020 1261 1384 1328 apostolorqu
1415 1275 1590 1312 eauou
1627 1256 1660 1310 8
1693 1264 1748 1310 et
1778 1255 1872 1308 3|.

666 1355 870 1427 Syttodi
902 1354 1238 1425 Gangreusis
1275 1369 1450 1408 eanon
1481 1352 1533 1404 6.

667 1447 867 1517 Synodi
899 1446 1252 1500 Antiocheute
1286 1458 1460 1498 cauou
1495 1441 1550 1496 5.

666 1538 870 1609 Synodi
917 1537 1388 1609 Carthaginiensis
1445 1549 1617 1588 canon
1680 1531 1767 1600 10,
1825 1531 1912 1596 ΙΙ,
1957 1532 2047 1594 5'5,
2097 1530 2176 1587 98

597 1645 652 1688 et
698 1634 823 1690 105.

673 1726 875 1797 Synodi
935 1724 987 1778 in
1041 1723 1242 1792 templo
1278 1723 1604 1776 Sanctorum
1646 1719 2024 1790 Apostolorum
2076 1716 2173 1771 Ita-

600 1818 744 1882 hitae,
778 1832 950 1872 canon
989 1816 1077 1880 15,
1112 1815 1177 1869 14
1214 1827 1267 1868 et
1302 1814 1386 1868 l5.

668 1928 760 1981 82.
800 1926 914 1981 Non
948 1936 1203 1996 Oportere
1253 1939 1578 1993 quemquam
1619 1923 1938 1984 verberare,
1983 1929 2073 1974 aut
2125 1921 2178 1974 in

599 2038 874 2076 c.-rcercttt
907 2021 1200 2089 conjicere,
1233 2027 1327 2072 attt
1360 2017 1688 2072 contumelia
1721 2014 1938 2068 allicere
1967 2015 2183 2083 episco-

601 2127 750 2179 putn,
785 2124 878 2165 aut
915 2113 1311 2180 presbyterum,
1343 2119 1437 2161 aut
1486 2107 1799 2169 diaconum,
1825 2115 1921 2158 aut
1951 2107 2182 2174 impera-

601 2214 794 2266 torem,
842 2209 937 2254 aut
967 2200 1364 2268 magistratum,
1414 2207 1668 2264 tanquam
1725 2193 1953 2245 coulicta
2004 2191 2181 2258 aliqua

601 2295 792 2347 horum
824 2309 1007 2354 causa,
1044 2294 1123 2344 vel
1169 2293 1294 2343 dum
1328 2303 1546 2341 sacrum
1600 2285 1832 2338 ollicittm
1888 2284 2180 2352 peragitur,

601 2384 898 2439 Ecclesium
934 2385 1170 2435 turbare.
1193 2382 1292 2446 Qui
1313 2380 1454 2433 enim
1480 2380 1590 2432 haec
1628 2377 1852 2440 faciunt,
1882 2375 1926 2430 si
1966 2375 2182 2442 quidem

602 2477 773 2527 sacris
821 2474 1082 2537 serviant,
1117 2471 1287 2540 gradu
1344 2470 1701 2524 deturbantur
1743 2467 1833 2520 :si
1879 2479 2007 2518 vero
2039 2463 2184 2530 laici,

602 2576 980 2636 segregantur,
1017 2566 1359 2620 anathemate
1381 2562 1671 2628 feriuntur,
1715 2561 2037 2626 multantur,
2071 2569 2184 2615 lor-

604 2668 858 2725 quetttttt',
893 2666 986 2708 aut
1017 2656 1179 2709 etiam
1206 2656 1384 2724 capite
1411 2655 1743 2726 plectuntur.

683 2747 1003 2798 Sanctorum
1037 2744 1406 2813 apostolorum
1441 2759 1615 2798 canon
1647 2742 1736 2808 55,
1770 2740 1840 2797 56
1869 2751 1922 2796 et
1956 2741 2047 2797 84.

677 2839 877 2908 Syuotli
932 2838 984 2890 iu
1037 2836 1238 2908 tetttplo
1275 2837 1491 2891 Sancta:
1523 2836 1743 2907 Soyhia:
1771 2835 2059 2891 celebratae
2093 2847 2184 2889 ca-

608 2946 712 2983 nou
748 2931 802 2984 5.

679 3021 838 3090 Legis
869 3034 1029 3090 caput
1065 3023 1134 3076 54
1169 3031 1223 3074 et
1255 3019 1342 3074 74.

675 3114 765 3169 85.
798 3113 912 3168 Non
956 3128 1205 3183 dportere
1238 3128 1563 3182 quemquam
1610 3111 1750 3168 sacri
1801 3110 2008 3166 ordinis
2053 3125 2176 3165 ver-

610 3205 801 3260 berare
832 3206 1204 3275 delinquentes
1235 3205 1446 3269 ﬁdeles.
1501 3215 1594 3260 aut
1633 3205 1876 3260 inﬁdeles
1932 3203 2182 3271 iujuriam

607 3298 930 3363 inferentes,
967 3313 1139 3369 neque
1169 3314 1264 3368 per
1297 3313 1377 3364 se,
1405 3312 1578 3368 neque
1608 3312 1706 3366 per
1734 3297 1869 3352 alios
1899 3311 1914 3349 :
1945 3295 2184 3365 alioquin

605 3391 969 3458 deponuntur.

678 3479 998 3535 Sattctot‘tttlt
1034 3479 1406 3548 apostolorum
1439 3493 1616 3533 canon
1647 3477 1741 3532 27.

680 3570 882 3641 Synodi
923 3573 974 3624 itt
1029 3570 1227 3640 templo
1257 3568 1585 3623 Sanctorqu
1628 3567 2007 3640 Apostolorum
2039 3565 2186 3622 cele-

605 3664 771 3718 bratae
801 3678 973 3717 canon
1003 3664 1056 3718 9.

677 3753 836 3820 Legis
871 3765 1033 3819 caput
1073 3752 1165 3807 40.

681 3845 771 3899 84.
803 3843 1033 3914 Oportet
1080 3860 1204 3899 eum
1237 3846 1327 3914 qui
1367 3844 1607 3898 rationes
1657 3842 1872 3912 recipit,
1923 3845 2025 3898 hoc
2069 3845 2187 3915 epi-

609 3940 758 4007 scopi
794 3939 1034 4008 regionis
1057 3939 1266 4007 judicio
1297 3939 1477 3993 facere
1507 3955 1520 3991 :
1556 3938 1758 3993 habere
1785 3951 1915 3992 vero
1946 3946 2187 4007 potesta-

610 4042 756 4095 tem,
791 4030 945 4101 juxta
1008 4032 1318 4087 accedentis
1368 4032 1785 4101 penitentiam,
1833 4045 2008 4101 pana:
2061 4047 2184 4087 cum

609 4123 940 4177 discretione
994 4121 1320 4194 irrogandaa,
1371 4125 1485 4176 sive
1535 4123 1798 4186 severius,
1849 4123 1962 4177 sive
1995 4124 2187 4177 huma-

605 4212 753 4277 nius,
791 4214 906 4268 sive
943 4216 1304 4280 moderatius,
1339 4230 1438 4285 pt'o
1467 4215 1787 4269 delictorum
1817 4230 1938 4283 quae
1967 4216 2189 4270 adtulsit

604 4305 865 4372 qualitate
893 4316 946 4359 et
976 4308 1307 4375 quantitate,
1359 4319 1414 4360 et
1453 4306 1598 4376 quod
1628 4322 1656 4359 a
1686 4307 1949 4361 deceuttio
1988 4306 2184 4361 delicta

599 4391 916 4460 judicautur
947 4409 961 4446 :
1003 4395 1129 4447 item
1166 4409 1196 4448 a
1227 4406 1450 4464 peccato
1483 4411 1543 4451 se
1575 4403 1978 4451 convertentem
2012 4397 2184 4450 susci-

2275 531 2394 590 ταῖς
2427 529 2594 596 ἱεραῖς
2622 528 2992 598 λειτουργίαις
3020 543 3032 555 ·
3066 527 3097 598 ἢ
3134 527 3310 598 χωρία
3341 529 3595 597 συνάγειν
3636 529 3702 582 δι’
3730 529 3864 582 ὑπό-

2275 638 2427 672 νοιαν
2455 622 2588 683 ἴσως
2615 622 2760 683 τινὸς
2784 622 3157 690 ἐγκλήματος,
3177 621 3285 691 πρὸ
3308 623 3594 692 συνοδικῆς
3628 622 3868 692 διαγνώ-

2279 729 2414 772 σεως
2454 729 2465 741 ·
2513 714 2543 781 ἢ
2621 712 3021 782 ἀποσχίζεσθαι
3079 713 3178 779 τῆς
3232 715 3526 779 κοινωνίας
3561 716 3741 771 αὺητὼν
3770 733 3785 746 .
3832 716 3866 786 ἢ

2283 803 2410 855 λαὸν
2437 805 2807 873 ὑφαρπάζειν.
2843 805 2904 856 Οί
2937 805 3046 873 γάρ
3086 804 3231 856 οὕτω
3263 804 3547 868 ποιοῦντες
3608 805 3870 875 τύραννοί

2276 903 2385 951 εισι
2419 917 2432 929 ’
2472 902 2569 953 ναὶ
2605 901 2691 953 διὰ
2730 900 2890 952 τοῦτο
2936 899 3352 970 καθαιροῦνται,
3397 903 3494 954 καὶ
3536 903 3866 972 ἀναθεματί-

2277 988 2481 1052 ζονται,
2516 991 2604 1041 καί
2633 990 2748 1042 ὅσοι
2777 988 2841 1042 ἂν
2868 991 3047 1052 αὐτοῖς
3081 990 3433 1044 κοινωνοῦτν
3467 996 3636 1062 χωρὶς
3675 995 3867 1062 δηλον-

2275 1081 2360 1132 ότι
2400 1080 2712 1150 προφανοῦς
2778 1082 3048 1152 αἱρέσεως
3105 1084 3520 1155 κηρυττομένης
3562 1087 3871 1156 ἀναφανδὸν

2279 1173 2371 1225 ὑπ’
2406 1172 2607 1226 αὐτῶν.

2345 1265 2466 1318 Τῶν
2503 1267 2674 1331 ἁγίων
2707 1266 3026 1317 ἀποστόλων
3054 1267 3237 1318 κανὼν
3268 1265 3318 1335 η’
3347 1273 3440 1320 καὶ
3473 1267 3554 1322 λα’

2349 1359 2580 1411 Συνόδου
2623 1360 2887 1429 Γαγγρῶν
2920 1364 3101 1412 κανὼν
3143 1369 3220 1425 ς’.

2349 1450 2578 1502 Συνόδου
2625 1451 2961 1520 Ἀντιοχείας
2985 1451 3164 1504 κανὼν
3193 1451 3255 1508 ε’.

2350 1542 2578 1595 Συνόδου
2621 1542 2982 1613 Καρθαγένης
3031 1545 3211 1598 κανὼν
3251 1545 3302 1614 ι’,
3357 1543 3448 1615 ια’,
3489 1553 3589 1616 νγ’,
3642 1546 3730 1620 1.,η’
3773 1550 3875 1603 καὶ

2283 1635 2378 1708 ρξ’.

2353 1731 2580 1782 Συνεζδ-’,υ
2617 1732 2673 1782 ἐν
2707 1731 2782 1801 τῷ
2808 1730 2921 1801 ναῷ
2945 1730 3054 1783 τῶν
3081 1730 3283 1797 Ἀγίων
3313 1733 3653 1788 Ἀποστόλων
3689 1735 3875 1790 κανὼν

2208 1798 2251 1856 Β
2286 1831 2374 1890 ιγ’,
2405 1821 2462 1876 ιδ’
2500 1826 2589 1876 καὶ
2635 1832 2717 1880 ιε’.

2351 1911 2465 1984 πβ’.
2523 1916 2644 1967 ’Ὁτι
2702 1917 2763 1968 οὐ
2819 1916 2899 1968 δεῖ
2943 1930 3068 1970 τινα
3104 1917 3312 1987 τύψαι,
3367 1917 3400 1988 ἢ
3454 1918 3789 1986 φυλακίσαι,
3842 1920 3876 1989 ἢ

2285 2005 2508 2077 ὑϐρίσαι
2554 2007 2943 2079 ἐπίσκοτ.ον,ἢ
2991 2011 3390 2081 πρεσϐύτερον,
3430 2011 3461 2082 ἢ
3507 2011 3792 2077 διάκονον,
3842 2015 3876 2086 ἦ

2286 2097 2535 2166 βασιλέα,
2567 2099 2598 2168 ἢ
2633 2099 2895 2169 ἄρχοντα,
2927 2101 3001 2163 ὼς
3040 2101 3507 2172 συμπλασάμενον
3537 2104 3719 2156 αἰτίαν
3748 2110 3879 2158 τινὰ

2281 2192 2510 2251 τούτων.
2562 2195 2594 2262 ἢ
2635 2195 2910 2260 συνάξεως
2943 2195 3375 2267 ἐπιτελουμένης
3404 2195 3506 2268 τὴν
3543 2197 3879 2266 Ἐκκλησίαν

2283 2289 2517 2357 ταράξαι
2544 2301 2557 2314 '
2599 2289 2648 2340 οἱ
2681 2287 2789 2356 γάρ
2822 2288 2998 2342 ταῦτα
3030 2287 3334 2356 ποιοῦντες,
3365 2291 3412 2342 εἰ
3451 2289 3548 2360 μὲν
3585 2291 3880 2360 ίερωμένοι

2284 2379 2414 2442 εἰσὶ,
2456 2377 2852 2447 καθαιροῦνται
2886 2395 2899 2409 ·
2943 2379 3077 2432 εἰδὲ
3112 2380 3312 2444 λαῖκοὶ,
3367 2381 3742 2452 ἀφορίζονται,
3783 2387 3882 2437 καὶ

2287 2468 2806 2538 ἀναθεματίζονται,
2843 2469 2936 2522 καὶ
2963 2468 3311 2540 ζημιοῦνται,
3335 2472 3431 2524 καὶ
3462 2470 3878 2542 βασανίζονται,

2287 2557 2321 2628 ἦ
2348 2558 2442 2610 καὶ
2463 2559 2776 2627 κεφαλικῶς
2802 2559 3199 2631 τιμωροῦνται.

2359 2732 2481 2786 Τῶν
2519 2734 2693 2802 ἁγίων
2745 2736 3061 2790 ἀποστόλων
3095 2737 3276 2791 κανὼν
3313 2745 3407 2802 νε’,
3437 2737 3524 2804 νς⁹
3557 2740 3651 2794 καὶ
3683 2739 3792 2794 πδ’.

2360 2826 2588 2879 Συνόδου
2624 2829 2681 2880 ἐν
2721 2827 2798 2899 τῷ
2830 2829 2943 2899 ναῷ
2969 2830 3065 2899 τῆς
3108 2829 3294 2898 Ἀγίας
3343 2831 3542 2901 Σοφίας
3591 2832 3771 2886 κανὼν
3802 2830 3880 2903 γ’.

2361 3012 2474 3066 Καὶ
2503 3011 2729 3082 νομικὸν
2761 3013 3061 3083 κεφάλαιον
3087 3011 3160 3066 λδ’
3189 3013 3282 3068 καὶ
3316 3014 3409 3070 οδθ.

2361 3103 2473 3172 scf.
2512 3105 2725 3159 Ὄτιού
2757 3106 2836 3158 δεῖ
2878 3123 3001 3158 τινα
3050 3106 3159 3159 τῶν
3198 3107 3297 3177 τῆς
3341 3105 3627 3176 ἱερατικῆς
3661 3107 3876 3173 τάξεως

2289 3193 2513 3248 τὺπτειν
2563 3196 3015 3266 ἁμαρτήσαντας,
3045 3197 3290 3262 πιστοὺς,
3325 3196 3358 3267 ἢ
3393 3197 3657 3260 ἀπίστους
3685 3198 3880 3268 ἀδική-

2291 3306 2512 3355 σαντας,
2557 3289 2680 3343 οὗτε
2725 3290 2793 3343 δι’
2846 3290 3076 3354 ἑαυτῶν,
3103 3289 3228 3343 οὔτε
3270 3289 3338 3343 δι’
3395 3291 3635 3364 ἐτέριονο
3685 3293 3882 3364 ἐπειδὴ

2290 3383 2714 3453 καθαιροῦνται.

2361 3473 2482 3526 Τῶν
2510 3474 2681 3541 ἁγίων
2707 3473 3021 3526 ἀποστόλων
3053 3473 3232 3526 κανὼν
3265 3472 3367 3539 κζ’.

2361 3564 2589 3618 Συνόδου
2620 3568 2678 3619 ἐν
2713 3567 2791 3637 τῷ
2834 3567 2948 3638 ναῷ
2989 3567 3100 3620 τῶν
3145 3567 3340 3636 Ἀγίων
3377 3568 3719 3622 ’Λποστόλων
3768 3585 3877 3622 κα-

2289 3653 2397 3711 νὼν
2418 3655 2484 3710 θ’.

2362 3753 2472 3807 Καὶ
2499 3754 2723 3822 νομικὸν
2750 3755 3047 3823 κεφάλαιον
3080 3755 3156 3826 μ’.

2364 3845 2470 3902 πδ’.
2521 3847 2644 3902 Ὅτι
2673 3846 2756 3900 δεῖ
2792 3848 2882 3901 τὸν
2913 3847 3314 3918 ἀναδεχόμενον
3349 3849 3649 3919 λογισμοὺς
3689 3847 3878 3917 κρίσει

2287 3937 2383 3994 τοῦ
2425 3939 2568 3994 κατά
2617 3939 2802 4010 χώραν
2829 3941 3130 3994 ἐπισκόπου
3153 3941 3312 3995 τοῦτο
3360 3942 3534 3994 ποιεῖν
3566 3957 3584 3973 ·
3632 3941 3776 4011 ἔχειν
3816 3941 3880 3995 δὲ

2289 4029 2541 4095 ἐξουσίαν
2570 4032 2705 4100 πρὸς
2737 4031 2837 4102 τὴν
2883 4032 3178 4102 μετάνοιαν
3205 4029 3300 4084 τοῦ
3340 4032 3786 4104 προσερχομένου
3813 4032 3877 4084 ἐν

2288 4121 2564 4193 διακρίσει
2596 4123 2939 4194 κυόερνῆσαι
2971 4126 3039 4176 τά
3086 4121 3494 4195 ἐπιτιμώμενα,
3528 4125 3639 4177 εἴτε
3671 4126 3880 4176 ἀποτο-

2292 4211 2563 4283 μὼτερον,
2589 4216 2699 4268 εἴτε
2734 4214 3278 4286 φιλανθρωπότερον,
3317 4215 3411 4267 καὶ
3449 4215 3820 4285 μετριώτερον
3859 4227 3874 4242 ⁸

2288 4303 2392 4359 κᾶν
2431 4305 2645 4370 ὁποίας,
2675 4307 2768 4358 καὶ
2797 4307 2926 4369 ὅσας
2952 4307 3285 4377 διεπράξατο
3317 4306 3594 4377 ἁμαρτίας
3621 4321 3635 4335 ·
3670 4307 3762 4357 καὶ
3787 4306 3873 4359 ὅτι

2289 4396 2398 4450 ἀπὸ
2421 4395 2788 4460 δωδεκαετοῦς
2809 4399 3095 4468 κρίνονται
3131 4397 3202 4450 τὰ
3226 4398 3635 4469 ἀμαρτήματα”
3667 4396 3763 4448 καὶ
3790 4400 3873 4450 ἐτι

605 4482 861 4550 piendum
899 4497 1042 4540 esse.
1077 4483 1179 4551 Qui
1209 4485 1354 4540 enim
1408 4487 1566 4540 talem
1600 4500 1707 4541 non
1757 4486 1981 4558 recipit,
2015 4489 2180 4556 gradu

2291 4489 2384 4542 τὸν
2419 4490 2820 4560 ἐπιστρέφοντα
2848 4491 2956 4544 ἀπὸ
3001 4491 3276 4561 ἁμαρτίας
3307 4490 3703 4562 προσδέχεσθαι
3740 4490 3874 4560 χρή.

605 4573 879 4642 dejicitur.

675 4667 997 4724 Sanctorum
1033 4669 1402 4741 apostolorum
1435 4685 1608 4725 cauou
1642 4669 1732 4725 52.

679 4757 881 4828 Syttodi
913 4758 1146 4816 Nicena:
1173 4775 1348 4816 canon
1380 4761 1464 4816 l2.

678 4849 881 4918 Syttodi
913 4848 1368 4906 Neocazsariensis
1399 4857 1572 4907 cattOu
1608 4851 1662 4906 5.

671 4942 872 5010 Synodi
904 4939 1237 5012 Gaugreusis
1266 4959 1442 5000 canon
1473 4945 1567 5000 21.
1702 4929 1711 4937 ’

677 5032 880 5103 Synodi
910 5031 1228 5089 Laodiceuaz
1255 5050 1428 5090 canon
1463 5036 1519 5090 2.

679 5125 885 5193 Synodi
922 5126 1394 5195 Carthaginiensis
1427 5143 1601 5184 canon
1631 5127 1689 5196 6,
1720 5127 1774 5194 7,
1803 5127 1872 5183 45
1900 5135 1954 5184 et
1979 5127 2072 5182 45.

680 5219 885 5291 Synodi
917 5218 983 5274 Vl
1014 5235 1186 5275 canon
1223 5221 1349 5276 107.

680 5312 866 5367 Sancti
901 5310 1089 5367 Basilii
1122 5327 1295 5367 canon
1327 5313 1384 5379 3,
1416 5314 1507 5378 54,
1541 5313 1612 5369 74
1645 5323 1696 5370 οι
1726 5313 1816 5370 84.

679 5402 860 5458 Sancti
891 5403 1140 5477 Gregorii
1166 5403 1396 5476 Nysseni
1436 5406 1720 5473 Prologus.

684 5493 872 5550 Sancti
903 5497 1176 5553 Timothei
1205 5498 1433 5567 apostoli
1464 5513 1637 5554 canon
1672 5499 1760 5554 l8.

676 5589 766 5644 85.
794 5587 910 5643 Non
941 5602 1193 5659 Oportere
1226 5595 1432 5660 absque
1475 5591 1821 5662 imperatoris
1847 5591 1999 5662 jussu
2025 5633 2040 5660 ,
2086 5601 2182 5646 aut

608 5684 900 5748 Sententia,
934 5694 986 5737 et
1018 5685 1218 5739 litteris
1245 5685 1536 5753 provinciae
1565 5684 1958 5754 archiepiscopi
1991 5699 2179 5754 quem-

607 5787 767 5841 qttatu
817 5773 1195 5843 episcoporum
1228 5779 1610 5844 imperatorem
1661 5777 1810 5834 adire
1839 5795 1853 5835 :
1887 5777 1978 5843 qui
2033 5777 2178 5830 enim

2301 4585 2360 4636 Ὁ
2390 4582 2498 4654 γὰρ
2537 4583 2612 4652 μὴ
2639 4582 2932 4653 δεχόμενος
2962 4582 3054 4635 τὸν
3083 4581 3350 4647 τοιοῦτον,
3374 4573 3740 4652 καθαιρεῖται.

2357 4673 2478 4728 Τῶν
2499 4674 2668 4742 ἁγίων
2697 4675 3012 4728 ἀποστόλων
3043 4673 3227 4726 κανὼν
3255 4672 3358 4744 νβ’.

2360 4767 2588 4820 Συνόδου
2614 4767 2858 4830 Νικαίας
2889 4764 3070 4819 κανὼν
3097 4763 3185 4832 ιβ’.

2355 4861 2585 4912 Συνόδου
2622 4859 3056 4930 Νεοκαισαρείας
3083 4859 3263 4912 κανὼν
3295 4858 3362 4928 γ’.

2355 4951 2584 5005 Συνόδου
2613 4951 2882 5020 Γαγγρῶν
2910 4949 3091 5003 κανὼν
3119 4948 3228 5004 κα’.

2359 5039 2591 5092 Συνόδου
2619 5038 2945 5102 Λαοδικείας
2975 5036 3159 5090 κανὼν
3197 5036 3262 5106 β’.

2357 5130 2585 5183 Συνόδου
2615 5129 2978 5199 Καρθαγένης
3009 5145 3130 5182 καν.
3168 5126 3246 5194 ς’,
3277 5125 3344 5193 ζ’,
3383 5134 3472 5198 μγ⁹
3507 5129 3602 5182 καὶ
3627 5135 3732 5202 με’.

2355 5222 2582 5275 Συνόδου
2611 5228 2661 5285 ς’
2692 5219 2876 5274 κανὼν
2904 5220 3004 5292 ρξ’.
3416 5255 3419 5258 -

2354 5313 2461 5366 Τοῦ
2501 5315 2656 5381 ἁγίου
2682 5312 2968 5366 Βασιλείου
3011 5331 3135 5367 καν.
3167 5320 3238 5382 γ’,
3268 5314 3364 5377 νδ’,
3393 5313 3463 5367 οδ¹
3491 5316 3585 5370 καὶ
3617 5316 3720 5372 πδ¹.

2354 5405 2460 5458 Τοῦ
2487 5406 2644 5474 ἁγίου
2670 5405 2976 5474 Γρηγορίου
3007 5403 3230 5474 Νύσσης
3258 5405 3549 5474 Πρόλογος.

2353 5497 2462 5551 Τοῦ
2503 5498 2658 5566 ἁγίου
2689 5497 2960 5567 Τιμοθέου
2995 5496 3086 5550 τοῦ
3117 5497 3419 5550 ἀποστόλου
3452 5496 3634 5551 κανὼν
3662 5495 3752 5568 ιη’.

2354 5591 2457 5645 πε’.
2513 5591 2636 5646 Ὅτι
2691 5591 2751 5644 οὐ
2803 5590 2886 5644 δεῖ
2925 5592 3054 5645 ἄνευ
3110 5589 3402 5660 βασιλικῆς
3452 5592 3863 5662 προστάξεωςῆ

2284 5683 2539 5753 γνώμης,
2572 5684 2666 5736 καὶ
2697 5683 3028 5754 γράμματος
3060 5682 3155 5735 τοῦ
3193 5687 3248 5734 ἐν
3294 5684 3360 5752 τῇ
3397 5682 3640 5752 ἐπαρχίᾳ
3680 5685 3868 5751 ἀρχιε-

2288 5777 2426 5838 οέως
2475 5778 2594 5830 τινὰ
2651 5777 2758 5828 τῶν
2806 5777 3123 5829 ἐπισκόπων
3168 5775 3486 5847 προσελθεῖν
3541 5775 3796 5845 βασιλεῖ’
3835 5778 3863 5827 ὁ
