4140 6412
333 337 408 402 ετ
1608 334 1947 395 EPl'l‘OME
1986 324 2376 396 CANONUM.
3250 314 3265 321 “
3554 337 3625 401 38

338 448 447 520 γὰρ
473 445 626 504 οὕτω
648 445 845 515 ποιῶν,
873 447 1244 520 καθαιρεῖται,
1277 447 1372 503 καὶ
1397 447 1768 518 ἀκοινωνησίᾳ
1798 444 1930 500 καθ-

2044 445 2127 501 sic
2160 444 2325 511 facit,
2380 447 2636 518 dejicitur
2673 459 2837 520 atque
2866 446 3419 504 excommunicationi
3447 448 3627 519 suliji~

335 541 753 598 υποὸἁλλεται’
808 542 903 595 καὶ
946 542 1030 596 ὅτι
1096 541 1551 612 πρεπωδέστερον
1607 540 1810 611 μᾶλλον
1847 538 1938 593 διὰ

336 635 449 689 τῶν
493 633 699 688 ἑαυτοῦ
743 633 1029 705 κληρικῶν
1072 631 1173 698 τὰς
1213 632 1434 704 δεήσεις
1466 635 1560 687 καὶ
1599 631 1937 703 ὑπομνήσεις

335 723 645 779 ποιεῖσθαι.

416 815 646 871 Συνόδου
679 815 1022 887 ’Δντιοχείας
1045 812 1230 871 κανὼν
1257 812 1327 869 ια’
1355 816 1449 870 καὶ
1480 813 1568 886 ιβ’.

414 909 645 964 Συνόδου
667 908 1307 974 Κωνσταντινουπόλεως
1330 907 1514 964 κανὼν
1544 914 1622 974 ς’.

416 1003 644 1058 Συνόδου
673 1002 951 1074 Σαρδικῆς
973 1002 1159 1058 κανὼν
1186 1001 1255 1069 ζ’,
1287 1001 1361 1074 η’,
1402 1001 1470 1069 θ’,
1504 1000 1614 1059 κα¹.

419 1095 649 1149 Συνόδου
676 1094 1048 1167 Καρθαγένης
1072 1093 1257 1149 κανὼν
1292 1099 1403 1166 pq".

416 1189 535 1241 Καὶ
555 1187 781 1256 νομικὸν
807 1186 1113 1258 κεφάλαιον
1143 1193 1216 1257 γ’.

416 1280 540 1346 σις’.
575 1283 701 1336 Ὅτι
727 1281 809 1336 δεῖ
835 1283 896 1335 ὲν
915 1281 1095 1353 καιρῷ
1111 1280 1190 1351 τῷ
1211 1281 1545 1353 προσήκοντι
1565 1279 1804 1347 δέεσθαι,
1840 1279 1938 1334 καὶ

338 1373 778 1446 προσκαλεῖσθαι
810 1373 1094 1446 ἀρχόντων
1118 1373 1370 1440 ἐξουσίαν
1392 1374 1474 1437 είς
1499 1370 1824 1443 ἐπικουρίαν
1840 1369 1936 1425 καὶ

338 1466 617 1520 παιδείαν.

413 1559 647 1613 Συνόδου
681 1556 1011 1628 Ἀντιοχείας
1034 1556 1218 1613 κανὼν
1251 1555 1317 1614 ε’.

412 1652 645 1707 Συνόδου
673 1650 1043 1722 Καρθαγένης
1070 1649 1254 1706 κανὼν
1285 1655 1376 1722 μη¹
1407 1650 1502 1704 καὶ
1529 1647 1635 1718 νγ’.

288 1758 295 1769 ³
412 1744 645 1798 Συνόδου
684 1745 742 1798 ὲν
791 1742 870 1815 τῷ
911 1742 1028 1816 ναῷ
1056 1742 1165 1798 τῶν
1206 1742 1399 1813 Ἁγίων
1453 1740 1797 1797 Ἀποστόλων
1834 1758 1937 1797 κα-

335 1838 454 1892 νὼν
480 1836 551 1892 δ’.

415 1928 530 1992 πῖ.
561 1928 686 1983 Ὅτι
711 1927 773 1982 οὑ
803 1927 887 1983 δεῖ
911 1929 1186 1999 προφάσει
1219 1928 1509 1998 ἀσκήσεως
1533 1925 1924 1998 νενοθευμένης

333 2019 587 2092 δηλονότι
625 2019 1068 2090 καταλιμπάνειν
1105 2020 1229 2075 τινὰ
1262 2021 1332 2074 τὰ
1371 2018 1571 2075 ἑαυτοῦ
1600 2035 1616 2051 ·
1645 2018 1763 2074 ἀλλ’
1803 2017 1928 2072 οὐδὲ

334 2114 513 2167 τέκνα
556 2112 681 2176 τοὺς
717 2114 930 2167 ἑαυτῶν
972 2116 1153 2182 γονεῖς
1183 2112 1460 2176 θεοσεϐεῖς
1499 2110 1663 2176 ὂντας
1684 2127 1703 2143 ·
1736 2110 1928 2182 ἐπειδὴ

334 2208 390 2261 el
420 2206 582 2261 τοῦτο
604 2207 889 2272 ποιοῦντες
921 2209 1438 2281 ἁναθεματίζονται.

413 2296 647 2352 Συνόδου
674 2298 945 2371 Γαγγρῶν
965 2300 1151 2357 κανὼν
1180 2306 1263 2367 ιε’,
1298 2298 1400 2368 ις’,
1440 2298 1550 2357 κα’.

414 2390 530 2443 Καὶ
557 2390 779 2444 συνόδου
806 2391 1173 2464 Καρθαγένης
1203 2392 1385 2448 κανὼν
1406 2391 1512 2448 λα’.

413 2478 530 2551 σπη’.
573 2481 698 2535 Ὀτι
725 2481 810 2536 δεῖ
838 2484 968 2547 τοὺς
1004 2483 1099 2557 βίᾳ
1132 2484 1286 2557 παρὰ
1324 2485 1436 2539 τῶν
1469 2485 1683 2541 ἀσεϐῶν
1728 2485 1928 2557 βρῶμα

342 2573 727 2644 μεμιασμένον
759 2575 1093 2647 δεξαμένους
1125 2578 1184 2631 ὲν
1214 2577 1296 2649 τῷ
1338 2578 1591 2647 στόματι,
1638 2579 1733 2633 καὶ
1764 2578 1928 2649 βασά-

340 2679 468 2725 νους
500 2662 934 2734 ὑπομείναντας,
965 2664 1042 2730 ὡς
1067 2666 1235 2738 μηδὲν
1260 2668 1654 2740 ἡμαρτηκότας
1675 2666 1928 2739 δέχεσθαι

338 2757 424 2817 εἰς
463 2756 760 2811 κοινωνίαν
805 2760 905 2812 καὶ
927 2760 1010 2824 είς
1042 2759 1367 2833 ἱερωσύνην,
1401 2760 1563 2833 εῐπερ
1588 2759 1764 2826 ἄλλως
1785 2759 1929 2826 ἄξιοί

342 2846 503 2907 εἰσιν,
535 2845 611 2910 ῶς
642 2845 981 2918 όμολογηταὶ
1012 2848 1323 2920 γενόμενοι.

414 2935 645 2989 Συνόδου
688 2938 966 3010 ’Δγκύρας
997 2940 1179 2995 κανὼν
1203 2941 1277 3012 γ’.

418 3028 528 3082 Τοῦ
563 3029 723 3098 ἁγίου
749 3031 961 3101 Πέτρου
1004 3031 1418 3109 ⁹Διλεξανδρείας
1448 3037 1632 3094 κανὼν
1667 3038 1749 3095 ιδ’.

2041 537 2220 602 citur;
2256 538 2430 607 magis
2482 538 2627 593 enim
2680 542 2831 594 decet
2880 554 2978 608 per
3021 538 3248 594 clericos
3283 552 3414 594 suos
3443 538 3625 609 potius

2040 628 2335 698 petitiones
2368 644 2431 684 ae
2466 630 2791 687 monitiones
2821 629 3020 686 facere.

2113 812 2318 886 Synodi
2352 814 2707 871 Antiochense
2737 830 2908 870 canon
2950 816 3007 870 ll
3053 826 3108 870 et
3144 816 3232 870 12.

2112 908 2317 979 Synodi
2352 909 2971 978 Constantinopolitanae
2999 924 3175 965 canon
3208 910 3265 964 6.

2112 998 2320 1071 Synodi
2362 999 2703 1057 Sardicensis
2735 1015 2908 1056 canon
2938 1001 2994 1067 7,
3025 1000 3079 1068 8,
3114 1002 3147 1057 9
3182 1011 3237 1058 et
3269 1004 3362 1058 2|.

2111 1085 2320 1159 Synodi
2352 1089 2824 1162 Carthaginiensis
2854 1106 3026 1146 canon
3060 1093 3182 1148 106.

2111 1176 2176 1232 Ει
2211 1178 2344 1251 legis
2379 1192 2541 1251 caput
2572 1183 2628 1238 5.

2111 1270 2204 1327 86.
2240 1271 2510 1343 Oportcre
2558 1276 2900 1332 convenienti
2944 1288 3185 1346 tempore
3234 1292 3428 1349 rogare
3460 1288 3625 1350 atque

2037 1362 2328 1434 implorare
2357 1366 2772 1437 magistratuum
2813 1371 3109 1438 potentiam
3160 1371 3226 1425 ad
3260 1371 3521 1426 auxilium
3567 1380 3624 1427 et

2037 1459 2484 1529 castigationem.

2111 1549 2318 1622 Synodi
2354 1552 2716 1609 Antiocltenae
2745 1570 2920 1610 canon
2951 1556 3008 1611 5.

2112 1640 2316 1714 Synodi
2354 1644 2825 1716 Carthaginiensis
2856 1663 3030 1704 canon
3059 1648 3128 1704 48
3161 1660 3215 1706 et
3243 1651 3332 1707 55.

2110 1734 2313 1807 Synodi
2361 1737 2414 1793 in
2450 1739 2653 1810 templo
2684 1739 3011 1798 Sanctorum
3045 1748 3430 1816 Apostolorum
3477 1750 3624 1805 cele-

2039 1827 2209 1884 bratae
2237 1845 2414 1886 canon
2453 1830 2511 1888 9.

2110 1923 2206 1980 87.
2240 1922 2359 1980 Non
2389 1937 2647 1997 oportere
2681 1931 3092 1988 exercitationis
3119 1933 3436 1989 adulterina:
3465 1934 3621 1989 vide-

2038 2013 2170 2071 licet
2218 2028 2484 2088 praetextu
2539 2035 2638 2076 sua
2696 2022 2837 2078 bona
2898 2023 3241 2093 relinquere,
3302 2026 3397 2080 sed
3449 2041 3624 2096 neque

2037 2105 2242 2165 liberos
2291 2124 2421 2166 suos
2474 2121 2730 2182 parentes
2776 2114 2896 2185 pios
2953 2117 3280 2171 exsistentes
3315 2132 3330 2171 :
3363 2118 3618 2186 quoniam

2038 2201 2129 2272 qui
2158 2200 2264 2258 hoc
2297 2200 2527 2273 faciunt,
2562 2207 2910 2262 anathemate
2943 2205 3237 2262 feriuntur.
3470 2214 3473 2217 “

2110 2289 2312 2360 Synodi
2344 2292 2679 2364 Gangrcnsis
2708 2311 2880 2351 canon
2923 2296 3008 2361 l5,
3040 2294 3108 2349 16
3137 2303 3191 2350 et
3215 2295 3305 2350 2|.

2113 2384 2316 2458 Synodi
2351 2385 2818 2456 Carthaginiensis
2849 2402 3022 2443 canon
3056 2388 3146 2443 51.

2110 2479 2200 2535 88.
2236 2476 2344 2534 Eos
2379 2479 2469 2549 qui
2520 2481 2570 2535 vi
2621 2482 2692 2535 ab
2735 2480 2917 2551 impiis
2964 2484 3144 2539 cibum
3179 2485 3438 2554 pollutum
3473 2488 3526 2540 in
3556 2501 3620 2542 os

2038 2580 2370 2643 acceperunt
2399 2581 2457 2628 et
2485 2580 2757 2629 tormenta
2792 2575 2937 2645 passi
2994 2585 3157 2641 sunt,
3207 2578 3360 2647 quasi
3411 2577 3618 2632 nullum

2038 2676 2320 2737 peccatum
2366 2666 2717 2734 admiserint,
2753 2668 3094 2739 recipiendos
3125 2686 3246 2725 esse
3272 2670 3339 2726 ad
3372 2684 3620 2725 comnm-

2038 2756 2257 2813 nionem
2288 2764 2344 2813 et
2376 2760 2444 2813 ad
2483 2759 2877 2826 sacerdotium,
2912 2761 2958 2818 si
2989 2761 3189 2831 alioqui
3218 2761 3369 2832 digiti
3400 2761 3528 2828 sint,
3560 2769 3620 2815 ut

2038 2850 2131 2921 qui
2163 2847 2508 2906 coufessores
2537 2849 2763 2906 fuerint.

2114 2942 2316 3012 Synodi
2348 2943 2650 3014 Ancyranae
2678 2958 2851 2999 canon
2879 2945 2933 3002 5.

2110 3035 2297 3091 Sancti
2328 3035 2476 3091 Petri
2512 3034 2869 3090 Alexandrini
2901 3052 3078 3093 canon
3114 3039 3198 3095 14.

416 3120 528 3173 Καὶ
564 3120 660 3175 τοῦ
685 3121 843 3192 ἁγίου
878 3123 1187 3196 Γρηγορίου
1226 3126 1322 3182 τοῦ
1362 3127 1800 3202 Θαυματουργοῦ
1827 3148 1929 3188 κα-

2120 3127 2305 3197 Sancti
2335 3126 2583 3197 Gregorii
2615 3124 3004 3199 Thaumaturgi
3038 3144 3210 3184 canon
3240 3132 3293 3186 1.

341 3220 456 3266 νων
486 3220 559 3269 α’.

418 3303 532 3358 πθ’.
577 3305 701 3361 Ὅτι
757 3307 821 3361 οὐ
855 3307 940 3363 δεῖ
981 3308 1361 3380 συνεύχεσθαι,
1412 3311 1446 3384 ἢ
1494 3314 1779 3369 κοινωνεῖν
1820 3315 1934 3381 τοῖς

341 3397 743 3470 ἁκοινωνήτοις
762 3398 840 3464 ὡς
877 3404 1220 3466 κοινωνικοῖς
1250 3417 1266 3433 ⁸
1292 3403 1483 3474 ἐπειδὴ
1505 3405 1534 3458 ό
1566 3404 1658 3460 τὸν
1685 3405 1935 3479 καθῃρη-

346 3488 515 3557 μένον
540 3488 575 3560 ἢ
605 3491 995 3563 ἀφωρισμένον
1023 3491 1101 3558 ὠς
1130 3493 1496 3566 ἁκαθαίρετον
1540 3496 1640 3551 καὶ
1679 3497 1933 3552 ἀνεπιτί-

346 3595 527 3650 μητον
553 3580 865 3651 δεχόμενος,
890 3583 988 3638 καὶ
1017 3584 1183 3651 αὐτὸς
1218 3586 1423 3656 ὁμοίως
1460 3587 1638 3660 τούτῳ
1679 3588 1786 3643 ὑπὸ
1833 3586 1931 3644 τοῦ

343 3672 574 3736 κανόνος
602 3673 913 3739 κολάζεται.
945 3675 1019 3730 Τὸ
1040 3676 1098 3731 δὲ
1127 3677 1318 3744 ἁπλῶς
1342 3679 1599 3751 δέχεσθαι
1622 3679 1715 3735 τὸν
1753 3680 1933 3736 τοιοῦ-

345 3782 465 3829 τον,
526 3768 623 3821 καὶ
675 3766 1067 3839 καθῃρημένον
1122 3768 1293 3842 ἔχειν,
1350 3770 1694 3845 ἁνέγκλητόν
1735 3774 1887 3828 ἐστιν
1909 3787 1928 3806 θ

346 3855 542 3928 ὥσπερ
575 3855 723 3912 καὶὸ
747 3858 843 3912 τὸν
868 3861 931 3914 ἐν
973 3858 1287 3933 ἐγκλήματι
1325 3861 1479 3931 ὂντα,
1504 3863 1602 3918 καὶ
1636 3862 1713 3936 μὴ
1740 3865 1934 3933 ὁμολο-

342 3948 741 4022 γοῦιιτα,.μήτε
772 3950 1074 4023 δυνάμενον
1125 3953 1378 4025 φανερῶς
1408 3953 1753 4029 ἐλεγχθῆναι,
1783 3955 1932 4030 ἔχειν

342 4044 427 4106 είς
464 4044 769 4111 κοινωνίαν,
797 4044 1134 4117 ἁνέγκλητόν
1155 4046 1329 4104 ἐστιν.

416 4216 545 4277 Τῶν
576 4221 752 4291 ἁγίων
796 4222 1118 4280 ἀποστόλων
1155 4223 1338 4280 κανὼν
1369 4221 1425 4294 ι’,
1460 4220 1550 4294 ια’,
1589 4222 1680 4297 ιβ’,
1714 4221 1806 4296 ιγ’,
1845 4223 1930 4299 ιε’,

345 4320 453 4380 ις’,
487 4320 595 4384 κη’,
622 4314 690 4379 λ’,
714 4312 822 4368 λα’.

416 4406 649 4459 Συνόδου
678 4407 919 4473 Νικαίας
946 4406 1129 4465 κανὼν
1160 4408 1435 4481 πέμπτος.

416 4499 653 4553 Συνόδου
692 4499 1130 4572 Νεοκαισαρείας
1159 4501 1345 4557 κανὼν
1377 4501 1445 4558 θ’.

415 4592 654 4647 Συνῶου
702 4592 1042 4664 Ἀντιοχείας
1071 4591 1260 4649 κανὼν
1290 4592 1360 4665 β’,
1388 4592 1465 4665 γ’,
1497 4594 1563 4662 δ’,
1593 4592 1669 4665 ς’.

416 4685 647 4739 Συνόδου
678 4685 949 4758 Σαρδικῆς
978 4684 1159 4740 κανὼν
1200 4693 1291 4757 ιγ’,
1337 4687 1423 4743 ιϐ’.

417 4778 654 4831 Συνόδου
684 4777 1051 4850 Καρθαγένης
1075 4778 1259 4835 κανὼν
1283 4780 1352 4846 θ’,
1387 4777 1476 4844 ια’,
1510 4780 1627 4854 ρλβ’
1656 4784 1752 4838 καὶ
1786 4785 1926 4856 ρλγ’.

413 4871 686 4941 Θεοφίλου
730 4870 1147 4944 Ἀλεξανδρείας
1184 4871 1366 4929 κανὼν
1398 4872 1475 4940 ς’.

414 4963 532 5017 Καὶ
554 4964 785 5034 νομικὸν
813 4962 1114 5033 κεφάλαιον
1153 4963 1256 5022 λθ’.

416 5053 491 5124 ["-
524 5056 649 5109 Ὀτι
676 5055 759 5109 δεῖ
790 5054 1044 5126 γίνεσθαι
1076 5056 1339 5121 συνόδους
1360 5067 1506 5112 κατὰ
1530 5061 1657 5124 τοὺς
1686 5060 1929 5133 ὡρισμέ-

340 5165 473 5211 νους
501 5148 754 5217 καιροὺς,
781 5149 864 5210 δὶς
896 5148 992 5201 τοῦ
1027 5147 1209 5216 ἔτους,
1242 5148 1277 5221 ἢ
1308 5149 1418 5205 κᾶν
1452 5151 1632 5217 ἅπαξ,
1662 5155 1754 5206 ἐπὶ
1783 5154 1929 5227 διορ-

339 5240 511 5294 θώσει
563 5239 672 5294 τῶν
720 5239 1116 5310 σφαλλομένων
1143 5258 1158 5273 ο
1183 5243 1279 5296 καὶ
1326 5242 1411 5296 ὅτι
1459 5244 1590 5298 ἄνευ
1634 5244 1744 5298 τῶν
1786 5247 1928 5301 κατὰ

339 5332 532 5403 χώραν
599 5330 1021 5401 μητροπολιτῶν
1070 5331 1133 5385 οὐ
1193 5332 1483 5401 γίνονταιο
1534 5333 1645 5407 καὶ.
1688 5336 1770 5389 ὄτι
1828 5336 1928 5399 τὰς

344 5424 626 5494 ἐπαρχίας
677 5421 1114 5476 ἐπισκέπτεσθαι
1165 5423 1247 5477 δεῖ
1301 5424 1361 5477 ὲν
1401 5426 1513 5487 τοῖς
1565 5428 1777 5496 καιροῖς
1819 5426 1928 5479 τῶν

344 5517 589 5572 συνόδων
619 5532 637 5547 ·
673 5517 722 5569 εί
747 5515 806 5568 δὲ
837 5515 1130 5569 κωλυθῶσι
1157 5515 1313 5586 παρὰ
1340 5514 1629 5588 ἄρχοντος,
1664 5518 1927 5588 ἁφοριζέ-

343 5609 461 5662 σθω
510 5608 542 5661 ό
598 5607 825 5679 ἁρχωνο
862 5606 912 5659 εί
956 5605 1015 5660 δὲ
1071 5605 1306 5677 ἀμελείᾳ
1357 5605 1455 5659 τοῦ
1522 5609 1926 5680 μητροπολίτω

344 5698 693 5766 κωλυθῶσιν,
730 5699 888 5753 ἔσται
929 5698 1093 5762 αὐτὸς
1125 5698 1230 5751 ὑπὸ
1262 5699 1545 5770 ἐπιτιμίῳ.

412 5793 536 5850 Τῶν
559 5793 730 5862 ἁγίων
754 5791 1077 5850 ἀποστόλων
1110 5790 1291 5847 κανὼν
1321 5789 1419 5855 λζ’.

2105 3319 2195 3378 89.
2232 3318 2349 3375 Non
2380 3333 2503 3375 esse
2532 3319 2799 3375 orandum
2831 3329 2924 3376 aut
2960 3322 3465 3378 communicandum
3490 3340 3614 3382 cum

2034 3411 2524 3470 excommunicatis
2591 3420 2848 3482 tanquam
2912 3428 3018 3468 non
3081 3416 3614 3473 excommunicatis:

2033 3504 2304 3575 siquidem
2333 3503 2425 3574 qui
2461 3502 2631 3574 gradu
2671 3505 2941 3575 deiectum
2971 3516 3062 3561 aut
3115 3519 3457 3579 segregatum
3492 3519 3617 3564 tan-

2033 3610 2197 3668 quam
2228 3609 2339 3650 non
2370 3594 2639 3664 deiectum
2670 3603 2727 3651 et
2753 3597 3192 3665 irreprehensum
3221 3601 3468 3671 suscipit,
3499 3602 3615 3671 ipse

2031 3686 2198 3744 etiam
2234 3684 2491 3741 similiter
2520 3694 2685 3754 atque
2730 3685 2823 3741 hic
2866 3701 2897 3741 a
2950 3701 3159 3743 canone
3198 3690 3437 3760 punitur.
3472 3690 3616 3746 Sim-

2030 3776 2252 3848 pliciter
2282 3786 2465 3833 autem
2497 3776 2659 3833 talem
2696 3778 2941 3849 recipere
2985 3795 3049 3835 ac
3080 3782 3344 3852 dejectum
3389 3783 3614 3851 habere,

2034 3866 2268 3924 crimine
2299 3873 2461 3922 vacat
2488 3884 2503 3923 :
2535 3869 2991 3937 quemadmodum
3029 3871 3190 3926 etiam
3235 3889 3359 3927 eum
3388 3876 3479 3945 qui
3507 3877 3617 3930 eri-

2031 3959 2179 4016 mine
2216 3966 2431 4016 tenetur
2457 3969 2511 4014 et
2538 3974 2644 4016 non
2676 3961 2988 4027 confitetur,
3015 3979 3188 4034 neque
3218 3975 3392 4036 potest
3421 3969 3613 4024 mani-

2032 4040 2171 4108 feste
2197 4051 2469 4118 convinci,
2511 4051 2580 4108 ad
2624 4055 3066 4111 communionem
3110 4060 3375 4128 recipere,
3425 4076 3614 4128 repre-

2032 4145 2294 4202 hensione
2326 4154 2495 4202 caret.

2100 4237 2427 4294 Sanctorum
2453 4238 2821 4307 apostolorum
2850 4255 3021 4297 canon
3051 4243 3137 4310 10,
3171 4245 3258 4310 ll,
3284 4245 3372 4312 12,
3404 4245 3491 4313 15,
3521 4248 3610 4319 15,

2036 4329 2127 4399 16,
2153 4329 2248 4396 ‘28,
2284 4328 2355 4384 50
2386 4339 2441 4385 et
2472 4330 2563 4384 51.

2108 4422 2310 4494 Synodi
2339 4421 2573 4478 Nicaanae
2604 4438 2775 4479 canon
2809 4423 2864 4483 5.

1958 4515 2006 4573 ι)
2107 4512 2309 4586 Synodi
2339 4512 2796 4570 Neocmsariensis
2820 4531 2993 4573 canon
3026 4518 3082 4574 9.

2101 4602 2304 4674 Synodi
2334 4604 2690 4661 Antiochense
2715 4621 2893 4663 canon
2921 4609 2977 4674 9.,
3007 4610 3061 4675 5,
3101 4610 3154 4677 4,
3189 4610 3241 4666 6.

2103 4694 2307 4765 Synodi
2336 4694 2685 4753 Sardicensis
2715 4714 2889 4754 canon
2925 4700 3015 4768 15,
3053 4703 3143 4757 19.

2102 4789 2308 4858 Synodi
2337 4787 2805 4859 Carthaginiensis
2839 4806 3014 4848 canon
3055 4794 3109 4861 9,
3140 4794 3229 4861 11,
3264 4795 3369 4852 159
3395 4808 3450 4855 et
3485 4802 3608 4857 155.

2106 4878 2390 4950 Tthphili
2429 4878 2786 4937 Alexandrini
2819 4897 2993 4940 canon
3024 4885 3078 4941 6.

2104 4970 2262 5047 begis
2285 4985 2443 5042 caput
2472 4971 2561 5027 59.

2100 5066 2192 5122 90.
2244 5065 2494 5138 Synodos
2547 5068 2706 5123 statis
2755 5072 3091 5140 temporibus
3143 5074 3229 5130 bis
3279 5084 3372 5131 aut
3416 5078 3609 5134 saltem

2030 5159 2196 5215 SCIIICI
2255 5160 2306 5213 ll]
2363 5175 2508 5215 anno
2558 5163 2626 5214 ad
2682 5173 2989 5219 erratorum
3046 5167 3439 5223 correctionem
3490 5186 3612 5226 esse

2032 5252 2410 5318 celebrandas,
2449 5252 2611 5322 idque
2671 5268 2776 5308 non
2828 5255 2951 5310 sine
3002 5258 3243 5329 regionis
3292 5263 3610 5331 metropoli-

2034 5353 2180 5398 tano.
2218 5341 2350 5397 Item
2382 5344 2694 5413 provincias
2725 5347 3057 5418 synodorum
3111 5349 3441 5417 temporibus
3487 5367 3609 5409 esse

2029 5436 2333 5490 visitandas
2366 5452 2380 5489 :
2411 5436 2677 5506 siquidem
2734 5453 2763 5493 a
2813 5440 3042 5509 praeside
3073 5440 3328 5508 prohibiti
3365 5440 3604 5510 fuerint,

2029 5531 2536 5587 excommunicetur
2566 5545 2766 5597 praeses
2799 5548 2813 5586 :
2846 5530 2892 5585 si
2939 5546 3070 5587 vero
3117 5548 3148 5588 a
3190 5536 3608 5609 metropolitano

2029 5619 2440 5691 prohibeantur,
2475 5619 2590 5689 ipse
2613 5635 2789 5690 paenae
2818 5619 3143 5690 suhjacebit.

2102 5789 2429 5853 Sanctorum
2471 5803 2835 5867 apostatarum
2866 5815 3041 5859 canon
3068 5804 3157 5862 57.
