4140 6450
490 364 556 429 39
1756 345 2003 407 AllSEN
2021 345 2076 403 ll
2116 341 2463 403 MONACIII
3670 336 3742 401 ιο

558 468 758 542 Synodi
799 465 1028 520 Nicrena:
1060 479 1233 518 canon
1261 462 1315 516 5.

558 561 759 631 Synodi
795 559 1145 613 Antiochena:
1174 571 1347 611 canon
1382 553 1473 607 20.

555 650 755 724 Synodi
790 648 1108 703 Laodiceam
1133 661 1308 703 canon
1348 644 1436 700 40.

557 744 762 815 Synodi
795 739 1257 797 Calchedonensis
1289 753 1465 794 canon
1503 736 1589 791 19.

558 836 760 908 Synodi
791 832 1248 904 Carthaginiensis
1276 846 1450 888 canon
1478 831 1567 895 18,
1598 826 1691 893 52,
1722 827 1811 892 75,
1837 826 1929 894 76,
1966 826 2058 891 77,

489 929 556 986 94
598 937 654 985 et
689 926 782 983 95.
1736 954 1740 958 λ

559 1018 762 1090 Synodi
794 1017 857 1073 Vl
890 1032 1064 1074 canon
1103 1015 1158 1072 8.

560 1108 765 1182 Synodi
802 1108 897 1163 VII
927 1122 1101 1164 canon
1133 1106 1190 1160 6.

562 1204 651 1260 91.
685 1202 1092 1257 Catechumeno
1137 1199 1288 1267 lapso
1319 1206 1427 1252 tres
1465 1209 1636 1249 annos
1680 1208 1892 1260 pinnam
1941 1205 2065 1245 esse

491 1294 849 1355 subeundam,
882 1291 1075 1346 deinde
1103 1303 1292 1343 rursus
1325 1290 1501 1356 ipsum
1531 1298 1652 1339 esse
1687 1281 2063 1336 instruendum

491 1395 545 1440 et
569 1382 976 1454 baptizandum.
1007 1379 1063 1436 Si
1091 1394 1220 1433 vero
1254 1377 1535 1445 contingat
1585 1376 1760 1443 ipstnn
1802 1381 2067 1442 mgrotare

492 1482 560 1532 ad
596 1488 848 1542 mortem,
903 1475 1209 1529 instruatur
1248 1479 1305 1524 et
1356 1468 1661 1539 baptizatur
1704 1466 1868 1519 etiam
1922 1464 2065 1516 intra

493 1563 809 1617 triennium.
842 1560 979 1615 Item
1011 1576 1238 1631 puerum
1269 1558 1360 1628 qui
1396 1557 1687 1612 instruitur
1728 1568 1850 1610 esse
1894 1553 2066 1623 bapti-

498 1657 755 1715 zandnm,
786 1652 832 1707 si
864 1652 1120 1720 ignorans
1151 1649 1457 1721 partieipet.

566 1742 765 1815 Synodi
798 1742 1026 1797 Niczenae
1053 1756 1224 1796 canon
1254 1739 1343 1795 u.

567 1831 768 1901 Synodi
798 1829 1255 1885 Neocaesariensis
1284 1843 1456 1883 canon
1490 1826 1543 1881 5.

567 1920 756 1977 Sancti
784 1921 1054 1977 Timothei
1090 1936 1260 1975 canon
1289 1922 1343 1975 1.

564 2014 749 2070 Sancti
786 2013 972 2085 Cyrilli
1009 2027 1184 2069 canon
1216 2012 1269 2067 7.

560 2106 654 2163 92.
688 2106 1034 2162 Publicaruin
1068 2119 1249 2159 rerum
1284 2113 1379 2158 aut
1421 2102 1752 2172 iudiciorum
1801 2100 2069 2172 cognitio-

493 2217 617 2256 nem
650 2200 718 2255 ab
750 2200 1081 2269 imperatore
1104 2213 1212 2253 non
1242 2213 1365 2253 esse
1391 2196 1701 2268 petendam,
1732 2194 1825 2249 sed
1857 2195 2071 2264 episco-

493 2306 683 2362 porum
708 2289 912 2361 judicia
946 2290 1013 2344 ab
1047 2288 1134 2343 his
1181 2289 1274 2357 qui
1322 2288 1495 2342 sacris
1533 2285 1732 2341 addicti
1780 2296 1904 2340 sunt
1949 2300 2073 2343 esse

493 2382 848 2453 requirenda.
880 2380 995 2436 Nisi
1023 2380 1168 2436 enim
1199 2382 1271 2435 ita
1304 2378 1529 2447 faciant,
1560 2378 1729 2449 gradu
1766 2388 2072 2433 moventur.

565 2474 767 2545 Synodi
807 2472 1278 2545 Carthaginiensis
1318 2486 1490 2525 canon
1524 2470 1624 2525 HM
1654 2478 1707 2523 et
1732 2468 1859 2524 {20.

566 2567 660 2624 95.
701 2564 816 2622 Non
850 2574 1106 2637 oportere
1137 2578 1468 2635 quemquam
1507 2562 1691 2618 dicere
1727 2563 2014 2618 mortalem
2042 2577 2073 2617 a

497 2659 610 2715 Deo
636 2658 840 2715 factum
868 2672 991 2714 esse
1017 2657 1281 2713 Adamum
1310 2672 1326 2713 ε
1357 2655 1448 2726 qui
1474 2656 1619 2710 enim
1651 2657 1725 2708 ita
1757 2654 1909 2721 dicit,
1940 2668 2072 2708 ana-

497 2751 728 2808 themati
762 2751 1075 2823 subjicitur.

573 2847 775 2918 Synodi
801 2845 1269 2916 Carthaginiensis
1298 2859 1473 2899 canon
1509 2843 1628 2898 109.

569 2936 662 2993 91.
689 2936 808 2992 Non
831 2946 1085 3007 oportere
1107 2934 1299 2990 eodem
1325 2933 1491 3003 simul
1522 2945 1769 3003 tempore
1802 2934 2075 3001 deponere

501 3043 663 3102 atque
707 3031 1186 3088 excommunicare
1214 3046 1335 3086 eunt
1365 3030 1458 3101 qui
1490 3031 1665 3085 sacris
1698 3028 1946 3083 addictus
1977 3028 2071 3092 sit,

2087 461 2136 517 Α
2234 452 2461 506 Συνόδου
2490 447 2723 513 Νικαίας
2760 446 2945 503 κανὼν
2969 446 3033 503 ε’.

2236 546 2467 599 Συνόδου
2513 543 2849 614 Ἀντιοχείας
2883 540 3067 597 κανὼν
3105 548 3178 597 κ’.

2234 638 2462 691 Συνόδου
2489 635 2814 699 Λαοδικείας
2840 634 3022 689 κανὼν
3067 634 3140 706 μ’.

2238 730 2469 782 Συνόδου
2504 727 2848 798 Καλχηδόνος
2882 728 3064 782 κανὼν
3093 728 3180 783 ιϐ’.

2239 818 2467 872 Συνόδου
2499 819 2868 890 Καρθαγένης
2898 818 3083 874 κανὼν
3109 826 3201 889 ιη’,
3234 818 3335 890 νβ’,
3366 817 3467 887 ογ’,
3497 817 3610 887 ος·’,
3643 818 3743 883 οῖ’,

2165 910 2245 980 ηδ’
2275 911 2370 965 καὶ
2404 913 2505 976 ιιει·

2237 1005 2469 1059 Συνόδου
2498 1010 2550 1059 ς’
2574 1002 2758 1058 κανὼν
2793 1002 2865 1072 η’.

2238 1092 2467 1145 Συνόδου
2511 1093 2555 1157 ζ’
2590 1091 2777 1146 κανὼν
2814 1091 2998 1154 ἕκτος.

2239 1190 2349 1254 ιια’.
2390 1186 2517 1239 Ὅτι
2549 1185 2629 1238 δεῖ
2660 1184 2755 1238 τὸν
2786 1180 3199 1253 κατηχούμενον
3229 1180 3323 1235 καὶ
3354 1181 3746 1250 παραπεσόντα

2166 1277 2529 1348 ἐπιτιμᾶσθαι
2570 1280 2626 1330 ὲν
2668 1276 2850 1345 τρισὶν
2884 1274 3061 1327 ἔτεσιν
3088 1313 3104 1339 ,
3148 1269 3250 1327 εἶτ’
3280 1271 3433 1336 αὖθις
3483 1274 3743 1340 κατηχεῖ-

2170 1370 2319 1436 σθαι,
2347 1370 2443 1423 καὶ
2478 1369 2869 1440 βαπτίζεσθαι.
2901 1367 2964 1419 Εἰ
2997 1365 3054 1419 δὲ
3093 1365 3278 1436 συμϐῇ
3311 1363 3476 1418 αὐτὸν
3514 1362 3749 1430 ἀσθενῆ-

2174 1480 2266 1516 σαι
2295 1462 2433 1534 πρὸς
2457 1461 2710 1525 θάνατον,
2742 1458 3109 1529 κατηχείσθω,
3142 1458 3237 1510 καὶ
3263 1454 3631 1526 βαπτιζέσθω,
3650 1454 3748 1507 καὶ

2167 1557 2298 1610 εῐσω
2327 1556 2425 1624 τῆς
2455 1555 2719 1623 τριετίας.
2763 1554 2871 1606 Καὶ
2901 1554 2983 1606 ὅτι
3004 1551 3083 1604 δεῖ
3110 1548 3470 1620 βαπτίζεσθαι
3494 1548 3555 1600 τὸ
3573 1563 3747 1617 κατη-

2182 1644 2280 1717 χού
2291 1661 2453 1714 μενον
2482 1642 2719 1705 παιδίον,
2751 1642 2802 1694 εἰ
2832 1640 3062 1708 ἀγνοοῦν
3085 1637 3403 1709 μεταλάϐοι.

2242 1736 2474 1790 Συνόδου
2504 1736 2743 1797 Νικαίας
2769 1732 2951 1787 κανὼν
2997 1732 3079 1786 ιδ’.

2096 1796 2145 1855 Β
2244 1826 2472 1881 Συνόδου
2504 1824 2943 1893 Νεοκαισαρείας
2975 1820 3155 1874 κανὼν
3190 1818 3252 1873 ε’.

2243 1920 2350 1973 Τοῦ
2380 1920 2537 1988 ἁγίου
2565 1918 2836 1988 Τιμοθέου
2867 1915 3047 1970 κανὼν
3073 1916 3143 1968 α’.

2242 2013 2355 2067 Kal.
2385 2010 2481 2066 τοῦ
2517 2011 2674 2080 ἁγίου
2700 2008 2974 2080 Κυρίλλου
2999 2006 3179 2061 κανὼν
3206 2005 3272 2072 ζ’.

2242 2103 2350 2176 ιβ’.
2392 2105 2516 2158 Ὅτι
2548 2104 2610 2156 οὺ
2642 2103 2723 2156 δεῖ
2749 2104 2921 2155 αίτεῖν
2957 2101 3067 2154 ἀπὸ
3095 2100 3191 2153 τοῦ
3227 2097 3493 2169 βασιλέως
3518 2095 3753 2164 διάγνω-

2175 2214 2260 2252 σιν
2316 2195 2590 2267 δημοσίων
2650 2194 2995 2266 πραγμάτων
3042 2192 3077 2263 ἢ
3135 2189 3508 2260 δικαστηρίων
3541 2203 3554 2217 '
3614 2186 3754 2240 ἀλλὰ

2172 2290 2357 2362 κρίσει
2402 2287 2513 2361 [τσ.
2549 2286 2785 2359 κρίσεις]
2826 2286 3141 2339 ἐπισκόπων
3189 2284 3363 2337 αἰτεῖν
3406 2280 3534 2343 τοὺς
3589 2280 3751 2350 ἱερω-

2177 2381 2395 2451 μένους.
2420 2380 2482 2432 El
2517 2379 2593 2450 μὴ
2624 2378 2733 2449 γὰρ
2756 2377 2901 2432 οὕτω
2923 2375 3162 2440 ποιοῦσι,
3193 2370 3606 2444 καθαιροῦνται.

2246 2472 2472 2526 Συνόδου
2508 2471 2873 2542 Καρθαγένης
2904 2468 3088 2523 κανὼν
3116 2465 3192 2539 ρδ¹
3234 2467 3330 2520 καὶ
3364 2463 3467 2537 ρκ’.

2244 2565 2356 2634 ἥγ’.
2396 2564 2520 2618 Ὅτι
2576 2564 2638 2617 ού
2683 2562 2767 2616 δεῖ
2812 2580 2937 2616 τινα
2992 2561 3187 2631 θνητὸν
3243 2560 3427 2629 λέγειν
3460 2557 3569 2612 ἀπὸ
3614 2555 3750 2610 Θεοῦ

2175 2656 2486 2727 πλασθῆναι
2518 2656 2611 2711 τὸν
2654 2656 2828 2727 ’Λδάμ
2859 2672 2873 2687 ·
2912 2658 2941 2711 ὁ
2970 2655 3079 2726 γὰρ
3118 2652 3267 2709 οὕτω
3308 2653 3521 2723 λέγων,
3555 2650 3753 2707 ἀναθε-

2180 2753 2490 2824 ματίζεται.

2249 2845 2480 2899 Συνόδου
2505 2844 2872 2916 Καρθαγένης
2904 2843 3087 2898 κανὼν
3122 2841 3223 2915 ρθ’.

2251 2937 2487 3007 ιιδὝΟτι
2510 2940 2570 2992 οὐ
2600 2940 2684 2995 δεῖ
2712 2942 2771 2993 ἐν
2802 2937 2991 3010 ταύτῷ
3019 2938 3328 3010 καθαιρεῖν,
3354 2938 3449 2993 καὶ
3470 2940 3755 3013 ἀφορίζειν

2179 3032 2479 3103 ἱερωμένον
2517 3033 2924 3103 ἁμαρτήσαντα
2946 3046 2962 3062 ⁸
3008 3030 3144 3085 ἀλλά
3185 3031 3475 3104 ἀρκεῖσθαι
3509 3036 3647 3107 μόνῃ
3682 3037 3750 3107 τῇ

500 3129 568 3179 ob
608 3124 903 3180 admissum
941 3125 1228 3190 delictum,
1275 3123 1372 3180 sed
1417 3130 1735 3178 contentum
1790 3136 1913 3177 esse
1955 3120 2071 3176 sola

2182 3124 2417 3196 διηνεκεῖ
2438 3124 2788 3197 καθαιρέσει.

500 3227 756 3287 perpetua
789 3216 1148 3286 depositione.

573 3309 899 3364 Sanctorum
937 3308 1311 3378 apostolorum
1345 3320 1520 3361 canon
1551 3305 1643 3360 25.

571 3402 772 3475 Synodi
800 3399 1272 3470 Carthaginiensis
1302 3414 1477 3454 canon
1504 3400 1595 3455 27.

573 3493 759 3547 Sancti
789 3491 972 3547 Basilii
1003 3506 1183 3546 canon
1213 3491 1269 3556 5,
1296 3491 1368 3545 32
1405 3498 1460 3546 et
1490 3490 1582 3546 51.

580 3584 669 3637 95.
708 3580 1093 3653 Presbyterum
1129 3583 1200 3636 ob
1234 3581 1464 3636 crimina
1499 3580 1667 3651 gradu
1711 3580 1977 3650 deiectum
2022 3579 2076 3635 in

502 3676 692 3731 clerici
724 3675 975 3731 ordinem
1001 3690 1124 3731 esse
1154 3674 1592 3744 deprimendum,
1628 3690 1726 3731 nec
1755 3689 2080 3746 promoven-

504 3772 630 3822 dum
667 3766 923 3832 ulterius,
943 3767 990 3823 si
1020 3768 1276 3823 nimirum
1304 3782 1332 3820 a
1367 3766 1508 3821 malo
1536 3767 1763 3823 desistat
1790 3785 1803 3822 :
1832 3766 2081 3843 similiter

502 3872 555 3913 et
586 3859 867 3926 lectorem,
914 3858 962 3915 si
1021 3867 1147 3914 ante
1200 3858 1418 3928 nuptias
1447 3874 1569 3915 cum
1600 3874 1697 3915 sua
1735 3858 1934 3929 sponsa
1963 3872 2078 3914 rem

506 3951 762 4005 habuerit
793 3966 808 4005 :
843 3949 888 4006 si
918 3962 1049 4006 vero
1075 3951 1240 4006 etiam
1291 3959 1418 4006 ante
1444 3951 1917 4021 desponsationem
1936 3991 1953 4014 ,
1984 3964 2081 4020 pe-

505 4044 649 4096 nitus
679 4041 1020 4097 deturbatur.

578 4132 781 4202 Synodi
810 4129 1269 4193 Neocaesariensis
1298 4147 1469 4187 canon
1496 4130 1530 4187 9
1556 4140 1609 4188 et
1639 4130 1725 4186 10.

578 4225 777 4296 Synodi
820 4223 889 4281 Vl
923 4240 1098 4280 canon
1129 4224 1221 4280 21.

581 4318 769 4371 Sancti
809 4315 991 4372 Basilii
1026 4332 1203 4373 canon
1236 4317 1325 4373 69.

579 4407 669 4463 90.
711 4407 979 4478 Oportere
1014 4410 1331 4480 episcopum
1381 4418 1694 4466 accusatum
1748 4420 1804 4464 et
1849 4411 2074 4464 citatum

508 4499 700 4553 adesse
729 4494 871 4553 intra
892 4502 1026 4555 duos
1053 4513 1301 4555 menses:
1329 4499 1431 4554 nisi
1454 4500 1597 4554 enim
1620 4501 1783 4566 adsit,
1812 4500 2079 4555 sententia

506 4592 1088 4647 excommunicationis
1119 4593 1177 4646 in
1208 4606 1330 4646 eum
1374 4592 1563 4647 fertur.
1599 4592 1901 4646 Haereticus
1951 4606 2079 4647 vero

509 4699 615 4738 non
650 4684 915 4754 recipitur
938 4686 1005 4739 ad
1038 4684 1415 4740 accusandum
1441 4725 1457 4753 ,
1498 4699 1675 4754 neque
1708 4683 1884 4739 ﬁdelis
1920 4699 2079 4750 unus,

509 4776 613 4830 nisi
663 4775 805 4830 forte
849 4776 1129 4846 propriam
1175 4776 1416 4847 aliquam
1476 4776 1799 4845 negotialem
1860 4789 2081 4830 causam

508 4868 726 4924 habeat.
772 4866 960 4938 Neque
990 4883 1120 4924 vero
1167 4869 1671 4924 exeommun‘icatus
1704 4869 1769 4922 ad
1813 4883 2082 4923 accnsan-

508 4962 640 5016 dum
690 4961 1036 5031 recipiendus
1091 4972 1216 5026 est,
1272 4976 1452 5030 neque
1497 4960 1835 5023 infamatus,
1912 4975 2087 5029 neque

509 5068 723 5117 servus,
754 5067 929 5123 neque
961 5053 1214 5123 preprius
1247 5052 1498 5119 libertus,
1540 5067 1711 5122 neque
1740 5051 1809 5107 ab
1847 5051 2087 5107 Ecclesia

510 5145 809 5211 abscissus,
865 5160 1037 5214 neque
1087 5145 1133 5200 is
1169 5143 1263 5214 qui
1309 5154 1465 5199 antea
1515 5144 1569 5198 in
1604 5144 1708 5197 alia
1744 5144 2090 5199 accusatione

516 5239 771 5293 mentitus
806 5238 994 5303 luerit,
1028 5251 1203 5306 neque
1234 5238 1374 5290 intra
1415 5247 1668 5306 quartum
1711 5244 1765 5290 et
1811 5234 2083 5289 decimum

512 5333 685 5387 aetatis
713 5347 936 5387 annum.
970 5330 1155 5401 Neque
1185 5331 1333 5400 prius
1371 5329 1775 5385 accusationem
1812 5327 2082 5398 recipien—

515 5426 634 5478 dam
659 5440 777 5481 esse
804 5442 964 5496 quam
993 5427 1201 5496 scripto
1231 5423 1465 5479 confessi
1495 5421 1719 5486 fuerint,
1747 5436 1804 5476 se
1831 5421 2079 5476 eumdem

515 5529 704 5570 casum
732 5516 985 5574 subiisse.
1020 5515 1152 5573 ltem
1183 5515 1465 5584 episcopos
1500 5529 1528 5567 a
1561 5514 1794 5582 prepriis
1816 5513 2085 5582 episcopis

514 5605 746 5677 iudicari
790 5623 806 5660 :
853 5622 919 5663 ac
960 5608 1225 5676 siquidem
1279 5621 1471 5662 omnes
1514 5605 1802 5675 provinciae
1849 5604 2085 5674 episc0pi

518 5699 896 5754 consenserint
931 5700 983 5754 in
1017 5700 1236 5756 ferenda
1272 5701 1567 5763 sententia,
1615 5698 1682 5751 ah
1713 5698 1777 5751 iis
1812 5712 1919 5752 non
1954 5711 2084 5766 pro-

519 5800 792 5848 vocatur:
828 5791 873 5847 si
923 5805 1052 5849 vero
1107 5792 1390 5861 contigerit
1429 5792 1579 5861 ipsos
1610 5791 1920 5859 dissentire,
1960 5789 2087 5844 licet

2250 3304 2373 3361 Τῶν
2400 3305 2574 3374 ἁγίων
2595 3304 2915 3359 ἀποστόλων
2945 3303 3125 3358 κανὼν
3161 3301 3261 3358 κε’.

2254 3398 2486 3455 Συνόδου
2521 3396 2888 3470 Καρθαγένης
2916 3396 3101 3452 κανὼν
3134 3394 3240 3461 κζ’.

2252 3490 2368 3544 Καὶ
2392 3490 2485 3545 τοῦ
2528 3490 2688 3558 ἁγίου
2721 3488 3005 3543 Βασιλείου
3044 3489 3224 3544 κανὼν
3256 3487 3304 3559 γ’
3312 3528 3326 3553 ,
3356 3488 3435 3560 λβ¹
3459 3488 3556 3543 καὶ
3582 3494 3683 3541 να’.

2246 3587 2357 3650 με’.
2401 3584 2528 3637 Ὀτι
2580 3582 2663 3636 δεῖ
2733 3583 2826 3636 τὸν
2874 3585 2934 3638 ὲν
2990 3581 3309 3654 ἐγκλήμασι
3370 3580 3759 3653 καθῃρημένον

2181 3675 2578 3746 πρεσϐύτερον,
2604 3676 2684 3739 εἰς
2712 3675 2804 3729 τὸν
2833 3674 2929 3729 τοῦ
2948 3674 3218 3747 κληρικοῦ
3243 3674 3452 3745 βαθμὸν
3472 3680 3754 3743 κατάγειν,

2181 3768 2278 3822 καὶ
2309 3766 2629 3838 ἀπρόκοπον
2668 3767 2903 3841 μένειν,
2944 3767 3106 3837 είπερ
3153 3767 3400 3837 δηλονότι
3447 3766 3541 3820 τοῦ
3585 3765 3757 3821 κα.κοῦ

2183 3860 2491 3917 παύσεται·
2524 3861 2730 3931 ὁμοίως
2782 3862 2880 3915 καὶ
2932 3861 3309 3933 ἀναγνώστην,
3362 3863 3413 3915 εί
3449 3863 3513 3933 τῇ
3555 3860 3755 3913 ἑαυτοῦ

2186 3955 2400 4025 μνηστῇ
2440 3951 2550 4025 πρὸ
2589 3953 2770 4023 γάμου
2806 3953 3114 4025 συναφθείη
3148 3971 3163 3988 ’
3192 3956 3242 4008 εί
3286 3955 3345 4009 δὲ
3381 3954 3475 4009 καὶ
3509 3952 3615 4025 πρὸ
3659 3954 3762 4024 τῆς

2186 4043 2506 4115 μνηστείας,
2546 4043 2895 4116 καθαιρεῖται
2927 4046 3174 4109 πάντως.

2254 4136 2484 4190 Συνόδου
2513 4137 2955 4207 Νεοκαισαρείας
2983 4137 3165 4192 κανὼν
3196 4136 3240 4191 θ’
3265 4137 3360 4192 καὶ
3385 4135 3438 4194 ι’.

2254 4229 2484 4283 Συνόδου
2510 4226 2565 4293 ς’
2594 4228 2774 4283 κανὼν
2803 4228 2911 4283 κα’.

2254 4319 2365 4372 Καὶ
2398 4317 2493 4372 τοῦ
2521 4319 2680 4387 ἁγίου
2706 4318 2991 4374 Βασιλείου
3023 4319 3206 4373 κανὼν
3238 4319 3335 4386 ξθ’.

2257 4413 2374 4477 ιιςν.
2405 4409 2531 4463 Ὅτι
2554 4408 2635 4462 δεῖ
2657 4410 2751 4464 τὸν
2778 4411 3259 4482 κατηγορούμενον
3297 4411 3620 4477 ἐπίσκοπον,
3661 4414 3757 4466 καὶ

2193 4502 2557 4573 καλούμενον,
2592 4502 2841 4573 ἀπαντᾷν
2888 4504 3022 4556 είσω
3062 4504 3250 4574 μηνῶν
3282 4504 3377 4558 δύο
3409 4520 3424 4537 ’
3457 4509 3506 4558 εί
3543 4508 3652 4577 γὰρ
3685 4510 3762 4578 μὴ

2190 4594 2521 4664 ἀπαντήσει,
2555 4592 2831 4662 ἀπόφασις
2860 4592 3073 4663 γίνεται
3112 4595 3232 4648 κατ’
3265 4596 3430 4649 αὐτοῦ
3461 4597 3754 4669 ἀκοινωνη-

2189 4687 2334 4749 σίας.
2364 4684 2648 4757 Αίρετικοὶ
2685 4686 2743 4740 δὲ
2773 4687 2833 4738 ού
2857 4686 3253 4758 προσδέχονται
3287 4691 3368 4753 εἰς
3398 4690 3763 4761 κατηγορίαν,

2184 4779 2301 4833 ἀ)λ’
2327 4778 2449 4832 οὐδὲ
2474 4779 2663 4841 πιστὸς
2698 4774 2779 4842 εἷς
2801 4794 2813 4808 ·
2859 4781 2907 4832 εί
2957 4782 3087 4851 μήτι
3126 4781 3192 4835 ἂν
3218 4782 3430 4835 οἰκείαν
3462 4786 3588 4835 τινα
3617 4801 3764 4855 πρα·

2185 4870 2471 4940 γματικῶς
2499 4870 2595 4941 ἔχῃ
2620 4870 2801 4941 δίκην.
2829 4869 2967 4925 Οὔτε
2988 4872 3045 4924 δὲ
3077 4874 3441 4944 ἀκοινώνητος
3473 4876 3554 4937 είς
3587 4892 3761 4936 κατη-

2187 4962 2381 5033 γορίαν
2416 4962 2631 5027 δεκτὸς,
2688 4962 2814 5016 οὔτε
2869 4963 3319 5036 διαϐεόλημένος,
3372 4964 3500 5018 οὔτε
3549 4967 3763 5034 δοῦλος,

2188 5051 2312 5106 οὕτε
2339 5051 2467 5116 ἴδιος
2500 5054 2891 5124 ἀπελεύθερος,
2944 5053 3067 5107 οὔτε
3117 5057 3462 5128 ἀποσχιστής
3498 5073 3512 5089 '
3539 5058 3663 5112 οὔτε
3704 5060 3763 5125 ὃς

2190 5143 2570 5214 προσεψεύσατο
2594 5145 2652 5196 ἐν
2682 5145 2848 5215 ἑτέρα
2875 5146 3213 5218 κατηγορίᾳ·
3242 5146 3367 5202 οὔτε
3396 5149 3545 5213 ἐντὸς
3569 5154 3766 5220 κείραν

2188 5232 2455 5306 [ἡλικίας]
2511 5234 2655 5289 ἐτῶν
2717 5234 3138 5307 δεκατεσσάρων
3169 5253 3184 5268 ο
3216 5241 3313 5292 καὶ
3365 5240 3442 5312 μὴ
3496 5242 3766 5314 πρότερον

2185 5326 2446 5395 δεχθῆναι
2465 5327 2803 5397 κατηγορίαν
2815 5366 2828 5389 ,
2847 5328 2976 5395 πρὶν
2993 5328 3059 5383 ἂν
3072 5330 3367 5401 ἐγγράφως
3384 5333 3765 5403 ὁμολογήσωσι

2187 5420 2596 5473 ταυτοπάθειαν
2627 5419 2957 5488 ὑποστῆναι.
2992 5421 3102 5474 Καὶ
3128 5422 3211 5476 ὅτι
3237 5426 3286 5477 οἱ
3328 5425 3619 5479 ἐπίσκοποι
3658 5425 3767 5479 ὑπὸ

2186 5511 2296 5562 τῶν
2327 5511 2473 5566 ἰδίων
2519 5514 2845 5568 ἐπισκόπων
2878 5519 3158 5587 κρίνονται
3191 5532 3203 5544 ·
3242 5517 3339 5570 καὶ
3364 5519 3426 5585 ,εί
3474 5518 3573 5586 μὲν
3628 5535 3768 5589 συμ-

2189 5603 2463 5669 φωνοῦσιν
2496 5606 2722 5670 οἱὲντὸς
2753 5609 3025 5679 ἐπαρχίας
3074 5608 3277 5673 πάντες
3326 5609 3619 5664 ἐπίσκοποι
3671 5611 3768 5664 ἐπὶ

2185 5698 2254 5765 τῇ
2281 5696 2448 5766 ψήφῳ
2472 5698 2573 5767 τῆς
2598 5699 2776 5769 δίκης,
2802 5701 2903 5753 οὐκ
2932 5700 3293 5769 ἐγκαλοῦνται
3319 5720 3332 5732 ·
3366 5704 3415 5755 εἰ
3435 5702 3493 5755 δὲ
3523 5700 3766 5771 συμϐαίη

2189 5788 2478 5857 διαφωνεῖν
2510 5793 2727 5857 αὐτοὺς,
2769 5792 2947 5858 ἔξεστι
2978 5795 3057 5864 τῷ
3088 5795 3228 5846 κατὰ
3265 5794 3450 5865 χώραν
3483 5810 3765 5865 μητροπο-
