2070 3204
137 185 169 218 41
760 186 926 217 ΕΡΙΤΟΜΕ
946 185 1143 218 ΟΑΝΟΝΗΜά
1730 184 1767 218 42

134 245 197 281 λίτῃ
224 246 443 283 προσκαλεῖσθαι
465 245 512 282 ἀφ’
526 246 622 282 ἑτέρας
639 244 776 280 ἐπαρχίας
791 244 854 276 τοὺς
868 244 929 270 ἐπι-

984 242 1101 279 regionis
1118 241 1328 276 metropolitano
1349 250 1380 270 ex
1396 242 1447 270 alia
1468 243 1608 278 provincia
1630 244 1767 272 advocate

137 292 288 329 κρίναντας
301 292 362 328 ἅμα
377 295 435 325 τοῖς
450 293 587 324 ὲντοπίοις
608 300 614 306 ·
631 291 648 329 ἦ
668 291 714 318 ἐπὶ
731 290 844 326 μείζονα
867 289 930 317 σύν-

136 337 198 364 οδον
208 338 370 373 τρέπεσθαι.
384 339 440 367 Καὶ
452 339 493 366 ὅτι
506 338 569 370 dei;
585 337 711 373 ἔγκλημα
728 336 929 378 κατηγορηθεὶς

136 381 279 417 κληρικδς,
292 383 338 410 καὶ
349 383 534 419 ἀκοινώνητος
542 381 700 417 γενόμενος,
709 382 760 416 οὐχ
770 381 827 413 ἕξει
837 380 929 408 ἄδειαν

138 429 209 463 μετὰ
222 429 371 464 περαίωσιν
389 430 450 462 ἑνὸς
472 428 599 456 ἐνιαυτοῦ
615 427 769 463 ἐκκαθῆραι
787 426 869 454 αὑτὸν
881 426 929 453 τοῦ

138 473 316 509 ἐγκλήματος
329 483 337 491 ·
361 475 411 503 καὶ
429 476 471 502 ὅτι
494 476 545 506 τὰς
567 473 767 510 πραγματικὰς
781 473 893 507 ἀγωγὰς
912 473 929 507 ἡ

137 521 350 556 τριακονταετία
365 521 462 554 κλείει,
475 521 492 557 ἢ
510 521 526 556 ἡ
546 519 826 555 τεσσαρακονταετία.

176 611 238 638 Τῶν
258 612 344 646 ἁγίων
357 611 518 639 ἀποστόλων
537 610 629 638 κανὼν
642 609 677 636 08'
691 609 739 636 καὶ
754 612 801 636 οε’.

175 657 290 684 Συνὸδου
309 658 477 692 ’Δντιοχείας
490 656 581 684 κανὼν
599 655 643 692 ιβ’,
661 656 693 682 ιδ’
706 655 754 682 καὶ
769 658 810 681 ιε’.

175 703 292 730 Συνόδου
308 702 627 734 Κωνσταντινουπόλεως
644 701 735 729 κανὼν
750 700 787 733 ς’.

174 749 290 776 Συνόδου
303 748 476 784 Καλχηδόνος
489 747 578 776 κανὼν
594 748 628 780 θ’,
645 746 679 779 ιζ’
696 747 743 774 καὶ
759 751 810 774 κα’.

174 795 290 821 Συνόδου
308 795 445 830 Σαρδιχῆς
459 794 550 822 κανὼν
564 797 600 828 γ’,
618 793 638 820 δ’
656 793 704 821 καὶ
718 797 750 820 ε’.

174 840 289 867 Συνόδου
305 840 489 876 Καρθαγὲνης
503 839 595 867 κανὼν
612 839 647 874 η’,
663 838 707 874 ιβ’,
724 838 764 872 ιδ’,
781 837 820 871 ιε’,
837 837 879 870 ιθ’,
895 847 911 864 κ
922 858 929 869 ,

137 884 196 921 κη’,
210 885 262 919 ιβ’,
282 885 314 919 λ’,
332 885 381 919 νϐ’,
401 885 451 919 ξδ’,
469 886 515 919 Es’,
535 885 583 918 αἶ’,
600 886 648 917 οθ¹,
668 884 722 917 πξ,
736 883 793 919 mf,
815 884 875 918 119',
896 884 927 917 ρ’,

981 289 1026 323 qui
1053 295 1107 315 una
1130 294 1192 315 cum
1212 287 1333 315 locorum
1353 288 1490 324 episcopis
1516 296 1573 317 rem
1597 289 1766 325 dijudicent,

982 337 1031 360 aut
1045 333 1078 359 ad
1093 332 1224 367 majorem
1238 333 1370 368 synodum
1391 341 1421 361 se
1437 339 1606 362 convertere.
1629 333 1694 362 item
1712 336 1768 364 cle-

982 379 1071 406 ricum
1086 378 1209 406 criminis
1224 384 1380 406 accusatum
1397 384 1478 414 atque
1491 381 1768 417 excommunicatum,

983 432 1035 452 non
1055 425 1210 452 habiturum
1234 425 1372 453 licentiam
1391 428 1452 461 post
1467 431 1594 453 exactum
1613 435 1695 454 unum
1717 436 1769 456 an-

983 478 1046 498 nutn
1063 471 1184 505 seipsom
1202 479 1216 498 a
1231 472 1346 499 crimine
1362 472 1492 506 purgandi
1506 481 1513 505 ;
1533 472 1597 499 item
1622 473 1770 507 negotiales

982 517 1105 544 actiones
1135 517 1305 546 tricesimum
1333 521 1380 544 aut
1404 517 1640 553 quadragesimum
1669 525 1770 548 alnum

984 564 1139 590 terminare.

1020 608 1181 636 Sanctorum
1196 608 1378 644 apostolorum
1393 616 1480 637 canon
1493 610 1528 636 7i
1542 614 1568 637 et
1584 609 1628 637 75.

1019 654 1119 688 Synodi
1137 654 1314 682 Antiocheam
1330 662 1415 682 canon
1431 655 1524 687 12,14
1539 660 1565 683 et
1581 656 1624 683 15.

1018 699 1118 734 Synodi
1135 699 1369 733 Constantinopol.
1385 707 1471 727 canon
1489 701 1516 728 6.

1018 745 1119 780 Synodi
1131 746 1364 773 Chalcedonensis
1382 754 1467 773 cauon
1485 746 1512 779 9,
1530 747 1563 773 17
1577 752 1602 775 et
1620 748 1665 775 2L

1018 791 1118 826 Synodi
1135 792 1304 819 Sardicensis
1321 800 1406 819 canon
1423 793 1450 825 5,
1470 792 1487 819 4
1509 798 1534 819 et
1551 794 1577 820 5.

1019 837 1120 872 Synodi
1139 837 1372 872 Carthaginiensis
1386 845 1473 865 canon
1494 838 1520 871 8,
1536 839 1579 871 12,
1596 839 1646 872 η,
1666 839 1710 872 15,
1726 840 1770 873 19,

982 882 1027 913 9.0,
1047 882 1092 915 28,
1109 882 1154 914 29,
1179 882 1223 914 50,
1250 882 1294 914 59,
1313 882 1363 916 62,
1387 883 1438 916 65,
1457 884 1501 914 77,
1521 885 1564 915 79,
1592 884 1636 916 87,
1657 884 1701 918 88,
1720 886 1770 917 96,

139 933 192 968 ρξ’,
219 935 291 968 ρκα’,
310 932 379 968 ρκΰ,
403 931 473 969 ρκε’,
502 932 571 968 ρκξ,
590 930 663 967 ρκη’,
695 930 764 966 ρκθ’,
787 930 836 966 ρλ’,
860 930 928 965 ρλα’,
946 923 966 949 Β
982 927 1044 959 100,
1064 929 1125 960 107,
1144 929 1205 959 121,
1224 929 1285 962 122,
1302 930 1363 961 19.5,
1381 929 1441 962 127,
1464 930 1523 963 m8,
1543 930 1604 962 1:29,
1627 930 1688 962 150,
1710 932 1770 965 151,

157 979 208 1011 λδν,
225 977 294 1011 ρλη’.

138 987 350 1061 ρλῗὶτςὲἒνήμα
373 1023 498 1059 πραχθὲν
510 1024 538 1050 ὲν
555 1022 842 1050 Κωνσταντινουπόλει
864 1022 929 1055 περὶ

136 1069 263 1106 βαγάδ...
280 1069 328 1098 καὶ
347 1070 470 1104 ἀγάπης.

174 1116 291 1144 Συνόδου
304 1115 332 1148 ς’
347 1116 439 1143 κανὼν
453 1118 503 1143 κε’.

173 1161 306 1197 Θεοφίλου
322 1161 413 1188 κανὼν
425 1160 457 1194 δ’,
477 1165 516 1194 ς’,
541 1161 563 1194 ζ’
579 1162 627 1188 καὶ
639 1161 672 1188 0'.

173 1206 229 1234 Τοῦ
245 1207 324 1241 ἁγίου
344 1207 480 1243 Κυρίλλου
498 1207 589 1235 κανὼν
605 1210 638 1234 α’.

174 1252 232 1279 Καὶ
249 1251 361 1287 νομικὸν
385 1251 535 1291 ξεφάλᾳιον
551 1252 595 1288 ιβ’,
610 1255 655 1287 ιη’,
670 1252 719 1285 κδ’,
736 1253 789 1284 λα’,
811 1252 862 1286 μδ¹,
880 1252 930 1287 νβ’,

136 1301 192 1332 vf.
217 1297 265 1331 νδί
281 1298 329 1329 ve’.
352 1297 383 1331 ξ’.
407 1296 457 1333 ξβ¹ι
479 1297 530 1332 ξγ’.
552 1298 597 1330 ξδ’.
624 1297 671 1331 ξε’.
691 1298 741 1330 ἐξ.
761 1297 811 1333 ξη’,
828 1298 877 1331 ξδ’,
895 1302 927 1330 o’.

137 1343 179 1379 οβ’
195 1344 243 1370 καὶ
254 1346 304 1379 οη¹.

175 1389 230 1422 ιιτ.
249 1389 310 1417 Ὀτι
323 1390 353 1417 οὐ
365 1390 405 1417 δεῖ
420 1390 619 1417 ἀναϐάλλεσθαι
636 1391 711 1425 παρὰ
726 1391 779 1417 τῶν
794 1400 932 1426 μητροπο-

137 1435 225 1462 λιτῶν
237 1436 322 1472 χωρὶς
337 1437 460 1472 μεγάλης
475 1437 600 1472 ἀνάγκης
610 1437 646 1463 δι’
662 1437 793 1472 ἀμέλειαν
817 1438 931 1465 ἐπισκό-

138 1491 195 1509 που
211 1483 381 1518 χειροτονίαν
394 1491 401 1499 ·
416 1483 486 1510 ἀλλὰ
509 1483 556 1510 καὶ
572 1483 606 1509 τὰ
626 1484 789 1518 πράγματα,
817 1484 864 1510 καὶ
883 1484 932 1519 τὴν

137 1528 315 1564 χηρεύουσαν
328 1529 490 1565 ἐκκλησίαν,
517 1529 564 1556 καὶ
585 1531 635 1564 τὴν
650 1530 781 1564 πρόσοδον
798 1530 835 1565 μὴ
849 1531 931 1566 ἀφαι-

139 1575 252 1611 ρεῖσθαι
273 1576 289 1611 ἢ
314 1575 523 1612 σφετερίζεσθαι
547 1577 594 1603 τὸν
620 1576 825 1612 μητροπολίτην
840 1585 848 1592 ·
865 1576 932 1604 ἀλλὰ

138 1622 219 1658 παρὰ
234 1622 273 1657 τῷ
287 1623 422 1658 οἰκονόμῳ
445 1623 497 1658 τῆς
513 1623 599 1658 αὐτῆς
620 1623 768 1658 ἐκκλησίας
799 1623 932 1658 φυλάττε-

139 1667 207 1694 σθαι
223 1668 313 1695 πάντα
328 1668 398 1696 σῶα.

176 1713 296 1740 Συνόδου
309 1713 484 1748 Χαλκηδόνος
497 1714 587 1741 κανὼν
601 1712 651 1740 κε’.

177 1759 294 1786 Συνόδου
308 1761 490 1796 Καρθαγένης
501 1760 591 1788 κανὼν
605 1761 639 1787 οδ’
657 1761 704 1788 καὶ
719 1762 772 1797 οη’.

175 1805 292 1832 Συνόδου
308 1805 335 1838 ς’
351 1806 442 1833 κανὼν
457 1805 504 1834 λε’.

176 1851 233 1887 ι,η’.
255 1852 317 1879 ὀτι
332 1853 362 1879 οὐ
377 1852 418 1879 δεῖ
431 1853 605 1887 συνωμοσίας
618 1853 755 1887 γίνεσθαι,
766 1853 888 1888 ταραχάς
903 1862 933 1880 τε

139 1899 190 1925 καὶ
206 1898 350 1934 θορύϐους,
372 1899 420 1926 καὶ
443 1899 663 1932 ἀκαταστασίας,
690 1899 767 1934 παρὰ
792 1899 933 1935 κληρικῶν

138 1944 156 1979 ἢ
188 1945 315 1980 μοναχῶν
339 1953 347 1961 ·
372 1946 434 1972 ἐπεὶ
462 1945 626 1972 ἐκπίπτουσι
655 1945 745 1980 πάντη
769 1945 816 1972 τοῦ
833 1945 933 1972 οἰκείου

140 1991 265 2027 βαθμοῦ,
282 1993 330 2019 καὶ
348 1991 537 2028 ἀφορίζονται.

177 2039 294 2065 Συνόδου
317 2039 482 2073 Ἀντιοχείας
498 2038 589 2065 κανὼν
602 2041 632 2065 ε’.

178 2084 296 2111 Συνὸδου
311 2083 523 2111 Κωνσταντίνου
539 2083 645 2116 πόλεως
657 2083 748 2111 κανὼν
762 2083 795 2111 δ’.

177 2129 294 2156 Συνόδου
307 2130 482 2166 Καλχηδόνος
495 2130 583 2156 κανὼν
601 2130 633 2157 δ’.

179 2176 296 2203 Συνόδου
311 2176 496 2212 Καρθαγὲνης
512 2176 602 2203 κανὼν
622 2179 673 2211 νγ’.

179 2221 297 2248 Συνόδου
311 2225 338 2254 ς’
354 2222 447 2249 κανὼν
460 2221 507 2249 λδσ.

981 974 1043 1006 151,
1063 974 1124 1001 158.

1020 1020 1117 1047 Actum
1133 1020 1367 1056 Constantinopoli
1384 1021 1485 1048 factum
1509 1024 1600 1049 de.....
1620 1027 1648 1050 et
1661 1025 1694 1051 de
1705 1025 1771 1051 cha-

982 1066 1069 1092 ritate.

1016 1112 1116 1146 Synodi
1136 1111 1168 1138 \‘l
1185 1120 1269 1140 canon
1286 1113 1331 1141 25.

1020 1158 1162 1191 Theophili
1181 1166 1265 1185 canon
1284 1160 1310 1192 4,
1327 1160 1354 1192 6,
1373 1160 1388 1185 7
1402 1165 1427 1187 ct
1443 1161 1469 1187 9.

1019 1204 1111 1231 Sancti
1125 1204 1218 1239 Cyrilli
1234 1212 1320 1232 canon
1338 1206 1363 1233 1.

1019 1250 1098 1284 chis
1116 1257 1197 1284 caput
1216 1251 1259 1283 12,
1277 1252 1320 1283 18,
1339 1251 1385 1283 24,
1403 1252 1448 1284 51,
1465 1253 1516 1283 M,
1533 1253 1581 1283 52,
1599 1253 1643 1283 55,
1661 1254 1705 1287 Si,
1727 1255 1771 1287 55,

984 1295 1028 1327 60,
1046 1295 1091 1328 62,
1110 1295 1154 1328 63,
1170 1296 1215 1328 61,
1233 1297 1277 1328 65,
1294 1297 1338 1330 67,
1361 1298 1405 1330 68,
1427 1298 1470 1330 69,
1489 1299 1532 1330 70,
1551 1298 1584 1325 72
1596 1305 1622 1326 et
1638 1298 1680 1326 78.

1022 1393 1067 1420 97.
1090 1393 1294 1422 Ordinationcm
1309 1396 1427 1431 episcopi
1444 1405 1459 1424 a
1476 1399 1692 1432 metropolitanis
1704 1401 1770 1426 citra

984 1446 1110 1473 magnam
1134 1441 1326 1468 necessitatem
1353 1450 1407 1469 non
1431 1451 1493 1471 esse
1515 1452 1562 1479 per
1581 1445 1771 1480 negligentiam

985 1484 1160 1513 differendam
1176 1495 1182 1513 :
1199 1494 1302 1514 necnon
1318 1489 1399 1516 etiam
1412 1497 1456 1517 res
1469 1497 1500 1517 ac
1514 1490 1650 1517 viduatam
1665 1498 1773 1527 pastore

984 1531 1140 1563 ecclesiam,
1170 1537 1197 1560 ct
1222 1534 1325 1561 reditus
1347 1536 1585 1570 metropolitanum
1606 1545 1658 1566 non
1675 1538 1774 1565 debere

986 1576 1093 1604 auferre
1114 1582 1161 1604 aut
1186 1578 1239 1606 sibi
1256 1579 1409 1611 vindicare,
1424 1588 1516 1608 verum
1540 1583 1609 1616 apud
1632 1583 1774 1617 dispensa-

985 1627 1069 1649 torem
1101 1624 1183 1657 ipsius
1216 1625 1338 1652 ccclcsire
1369 1626 1459 1653 omnia
1482 1627 1555 1653 salva
1586 1635 1647 1655 esse
1679 1633 1773 1657 custo-

985 1667 1094 1696 dicnda.

1021 1713 1120 1749 Synodi
1135 1716 1362 1744 Chalcedonensis
1376 1725 1461 1745 canon
1477 1718 1521 1745 95.

1018 1760 1119 1795 Synodi
1133 1761 1367 1797 Carthaginiensis
1381 1771 1465 1792 canon
1484 1766 1517 1792 74
1533 1771 1559 1793 et
1575 1766 1619 1793 78.

1021 1807 1121 1842 Synodi
1140 1807 1172 1835 VI
1187 1816 1273 1835 canon
1292 1809 1337 1836 '55.

1020 1852 1066 1879 98.
1077 1851 1135 1879 Non
1152 1858 1280 1886 oportere
1294 1854 1509 1889 conjurationes,
1527 1857 1630 1891 turbas,
1645 1860 1775 1888 tumultus

985 1905 1016 1924 ac
1037 1897 1186 1925 seditiones
1217 1907 1230 1925 a
1259 1899 1365 1927 clericis
1397 1905 1443 1928 aut
1476 1903 1616 1931 monachis
1637 1906 1771 1934 excitari:

986 1942 1087 1977 alioqui
1103 1944 1187 1978 gradu
1205 1953 1253 1972 suo
1270 1953 1382 1980 prorsus
1399 1948 1538 1981 excidunt,
1563 1953 1644 1985 atque
1665 1958 1774 1980 excom-

986 1994 1168 2016 mumcantur.

1024 2035 1123 2069 Synodi
1139 2035 1316 2064 Antiochcnze
1333 2045 1420 2064 canon
1436 2039 1464 2066 5.

1021 2080 1122 2113 Synodi
1140 2080 1445 2116 Constantinopolitanae
1458 2090 1545 2111 canon
1562 2086 1588 2112 4.

1022 2124 1122 2159 Synodi
1140 2125 1369 2155 Chalcedonensis
1387 2135 1473 2155 canon
1490 2130 1517 2156 Δ.

1024 2169 1125 2205 Synodi
1142 2171 1377 2205 Carthaginiensis
1397 2181 1484 2201 canon
1502 2174 1547 2201 53.

1024 2215 1125 2249 Synorli
1139 2215 1170 2243 Vi
1188 2223 1274 2243 canon
1293 2217 1337 2244 54.

178 2267 298 2294 Συνόδου
317 2267 400 2304 ὲνετῷ
418 2267 476 2303 ναῷ
498 2267 553 2295 τῶν
571 2268 672 2301 Ἀγίων
694 2267 864 2295 Ἀποστόλων
885 2276 931 2295 κα-

1026 2259 1126 2295 Synodi
1145 2260 1171 2287 in
1193 2262 1292 2296 templo
1313 2262 1475 2291 Sanctorum
1494 2265 1685 2299 Apostolorum
1706 2268 1777 2296 cele-

138 2312 200 2339 νὼν
215 2311 248 2340 θ’.

176 2356 234 2391 ιιθν.
248 2357 310 2384 ὀτι
328 2357 360 2383 οὐ
374 2357 416 2383 δεῖ
430 2356 497 2383 ἄνευ
513 2356 667 2383 κανονικῶν
684 2357 846 2389 ἐπιστολῶν,
867 2357 882 2392 ἢ
899 2358 936 2383 εί-

142 2400 278 2436 ρηνικῶν,
292 2400 310 2434 ἢ
334 2399 505 2426 συστατικῶν
520 2399 625 2426 ὁδεύειν
647 2400 711 2427 τινὰ
734 2400 789 2427 τῶν
819 2400 936 2435 ἱερωμέ-

140 2454 199 2473 νων
211 2453 219 2460 ·
235 2446 284 2472 καὶ
303 2446 344 2472 ὅτι
359 2445 552 2480 ἁνακρίνονται
565 2445 590 2470 οί
608 2444 710 2476 ταύτας
729 2445 935 2480 ἐπιφερόμενοι.

140 2493 173 2518 οἱ
189 2492 247 2526 γὰρ
262 2491 349 2523 ἄλλως
369 2492 512 2526 δεχόμενοι
527 2492 649 2523 τούτους,
667 2491 873 2526 καθαιροῦνται,
891 2492 937 2518 καὶ

139 2535 335 2571 ἀτορίζονται.

177 2582 243 2608 Τῶν
261 2582 348 2616 ἁγίων
362 2581 522 2608 ἀποστόλων
535 2581 628 2608 κανὼν
643 2580 677 2617 ιβ’
689 2581 737 2608 καὶ
751 2582 802 2616 λγ’.

178 2627 299 2654 Συνόδου
320 2627 487 2663 ’Δντιοχείας
502 2626 595 2654 κανὼν
611 2625 634 2659 ζ’
654 2627 701 2652 καὶ
713 2630 750 2661 η’.

177 2671 297 2699 Συνόδου
313 2670 474 2701 Λαοδικείας
490 2669 582 2697 κανὼν
599 2673 644 2705 μα’
656 2670 705 2696 καὶ
723 2670 778 2705 ppu

146 2718 151 2726 ³
178 2716 297 2745 Συνόδου
309 2715 484 2752 Καλχηδόνος
502 2715 592 2743 κανὼν
607 2715 642 2742 ια’
663 2717 708 2743 καὶ
723 2719 769 2750 ιγ’.

177 2763 298 2793 Συνόδου
309 2763 446 2798 Σαρδικῆς
460 2762 551 2789 κανὼν
566 2761 600 2789 θ’.

180 2808 299 2837 suku
310 2808 493 2844 Kepanévn:
508 2807 598 2835 κανὼν
609 2810 663 2842 κγ’,
680 2811 733 2842 πε¹,
750 2807 805 2842 πθ’,
820 2809 866 2836 καὶ
882 2809 937 2845 ρς’.

178 2855 299 2882 Συνόδου
314 2854 343 2886 ς’
358 2853 450 2882 κανὼν
466 2853 510 2886 ιζ’,

180 2900 308 2937 Nepth
321 2900 473 2936 κεφάλαιον
487 2903 521 2935 γ’.

310 2946 448 2977 Pyram"
464 2947 522 2977 Gn.
544 2946 707 2980 CXXXIII.

988 2305 1073 2332 brata:
1088 2313 1175 2333 canon
1195 2306 1221 2333 9.

1024 2350 1069 2377 99.
1086 2350 1147 2378 Non
1173 2358 1300 2386 oportere
1328 2354 1388 2381 sine
1416 2355 1554 2383 canonicis
1590 2357 1713 2391 epistolis
1731 2364 1778 2385 aut

989 2396 1108 2430 paciﬁcis
1124 2402 1169 2424 aut
1186 2399 1413 2427 commendatitiis
1433 2409 1597 2436 quemquam
1619 2410 1713 2430 eorum
1731 2404 1777 2438 qui

988 2444 1073 2469 sacris
1084 2449 1147 2470 sunt
1162 2444 1263 2472 initiati
1285 2446 1336 2472 iter
1353 2447 1451 2479 facere,
1470 2455 1571 2482 eosque
1584 2450 1628 2483 qui
1649 2449 1698 2476 has
1711 2449 1777 2476 θίγε-

989 2492 1052 2514 runt
1066 2490 1215 2516 examinari
1232 2499 1238 2517 :
1255 2492 1299 2525 qui
1317 2492 1389 2519 enim
1408 2492 1488 2520 aliter
1503 2495 1551 2522 hos
1567 2495 1714 2529 recipiunt,
1731 2495 1775 2522 de-

989 2539 1125 2567 ponuntur
1138 2543 1169 2563 ac
1193 2543 1379 2571 segregantur.

1026 2580 1187 2608 Sanctorum
1207 2584 1390 2618 apostolorum
1407 2593 1495 2613 canon
1518 2586 1552 2612 1‘2
1567 2591 1594 2613 et
1609 2586 1653 2613 53.

1025 2626 1126 2661 Synodi
1144 2628 1321 2656 Antiochenae
1336 2637 1423 2657 canon
1441 2631 1455 2657 7
1473 2636 1500 2657 et
1517 2630 1544 2657 8.

1026 2672 1127 2707 Synodi
1143 2673 1304 2702 Laodicente
1320 2683 1407 2703 canon
1423 2677 1454 2703 41
1473 2682 1500 2704 et
1516 2677 1562 2704 42.

1027 2717 1129 2752 Synodi
1146 2719 1376 2749 Chalcedonensis
1393 2729 1480 2749 canon
1498 2723 1527 2749 11
1545 2727 1571 2749 ct
1591 2723 1636 2750 13.

1024 2763 1125 2799 Synodi
1144 2764 1314 2795 Sardicensis
1329 2775 1419 2795 canon
1433 2768 1460 2796 9.

1025 2810 1128 2845 Synodi
1147 2811 1381 2847 Carthaginimsis
1398 2814 1542 2851 canon_25,
1560 2815 1605 2849 85,
1621 2815 1654 2843 89
1670 2820 1697 2843 et
1715 2814 1776 2843 l06.

1027 2856 1129 2891 Synodi
1144 2856 1175 2883 Vl
1193 2865 1280 2886 canon
1299 2859 1341 2886 17.
1370 2875 1372 2881 ι

1029 2901 1107 2936 Legi:
1123 2907 1203 2937 caput
1220 2904 1247 2931 5.

1592 2951 1613 2981 2
