4140 6414
1362 304 1393 317 κ

583 334 656 399 43
1863 325 2145 388 ARSENI

2257 323 2572 387 IONACHI
3780 319 3856 384 44

666 455 789 513 100.
826 454 939 507 Non
973 457 1226 522 oportere
1258 461 1368 519 pne
1412 443 1863 516 pusillanimitate
1908 453 2000 499 aut
2033 458 2152 499 con-

2343 448 2432 513 ρι’.
2469 442 2592 495 Ὅτι
2644 440 2706 494 οὐ
2743 440 2845 505 ,δεῖ
2894 440 2959 493 ὲκ
3019 438 3390 511 μικροψυχίας
3436 437 3470 510 ἦ
3517 437 3856 509 φιλονεικίας

544 607 551 621 ,
587 551 828 608 tentione
868 546 1182 618 episcopum
1227 556 1553 613 quemquam
1607 536 1774 610 gradu
1810 535 2087 605 dejicere:
2118 535 2164 591 si

541 633 543 637 η
585 656 716 698 vero
749 642 853 696 hoc
887 638 1092 694 factum
1122 635 1308 697 fuerit,
1340 635 1468 689 licet
1505 633 1657 688 adire
1692 630 2163 700 motrOpolitanum

587 733 906 803 vicinosque
923 732 1209 801 episcopos
1231 727 1493 782 adversus
1524 725 1701 795 ipsum
1725 741 1739 777 :
1761 738 1824 777 ac
1845 723 1889 777 si
1918 730 2166 791 repertus

540 815 545 823 ’
581 826 748 882 fuerit
772 825 974 895 injuste
998 823 1173 893 ipsum
1207 834 1543 892 segregasse,
1580 814 1951 873 removebitur
1976 823 2028 870 et
2050 812 2167 884 ipse

476 972 483 977 _
583 918 678 987 qui
710 914 1040 986 segregavit.
1104 914 1173 968 Et
1227 913 1368 981 quod
1410 912 1537 966 licet
1587 923 1682 979 per
1735 907 1986 976 injuriam
2041 905 2165 975 quis

582 1009 1089 1064 exeomrnuniuttus
1121 1005 1304 1069 fuerit,
1341 1012 1468 1059 ante
1500 1003 1574 1057 rei
1610 1000 2004 1056 discussionem
2054 1010 2163 1052 non

585 1098 746 1153 debet
775 1095 1210 1152 communionem
1246 1093 1350 1149 sibi
1387 1091 1703 1148 vendicare.

654 1189 858 1262 Synodi
883 1188 1117 1244 Nicaeum
1147 1202 1320 1242 canon
1358 1184 1412 1240 5.

654 1284 858 1357 Synodi
883 1283 1237 1337 Antiochena:
1260 1296 1434 1336 canon
1470 1279 1523 1333 6.

651 1375 857 1448 Synodi
890 1372 1237 1429 Sardicensis
1275 1386 1452 1427 canon
1483 1369 1571 1425 l-l.

652 1466 857 1538 Synodi
891 1462 1362 1533 Carthaginiensis
1398 1476 1575 1517 canon
1609 1459 1733 1514 151.

657 1559 815 1629 Legis
851 1564 1013 1627 caput
1039 1554 1130 1611 39.
1517 1606 1530 1622 ,

660 1651 785 1707 101.
818 1649 1212 1720 Episcoporum
1244 1644 1630 1701 excusationes
1661 1642 1831 1698 libere
1868 1654 1932 1695 ac
1969 1646 2162 1709 sponte

583 1744 782 1810 factas,
819 1755 943 1797 esse
990 1738 1352 1810 recipiendas,
1412 1734 1656 1804 aliosque
1690 1734 1744 1787 in
1789 1745 1980 1787 eorum
2037 1729 2161 1783 loco

2269 535 2567 589 ἐπίσκοπον
2603 532 2890 603 καθαιρεῖν
2927 548 3069 585 τινα.
3107 532 3168 584 EE
3195 532 3253 586 δὲ
3281 533 3375 585 καὶ
3404 531 3650 600 γένηται,
3678 529 3857 596 ἔξεστι

2269 626 2589 697 προσελθεῖν
2615 625 2692 693 τῷ
2732 622 3133 696 μητροπολίτῃ,
3170 625 3265 677 καὶ
3295 625 3411 687 τοῖς
3434 621 3698 693 ὁμοροῦσι
3729 623 3854 677 κατ’

2270 718 2438 771 αὐτοῦ
2476 717 2827 780 ἐπισκόποις⁶
2860 716 2955 769 καὶ¹
3000 715 3048 767 εί
3094 715 3294 786 εὐρεθῇ
3337 715 3540 779 ἀδίκως
3585 714 3859 785 ἀφορίσας

2266 808 2452 873 αὐτὸν,
2502 808 2938 878 ἀφορισθήσεται
2985 807 3014 859 ὁ
3065 806 3338 876 ἀφορίσας
3377 807 3562 862 αὐτόν.
3614 805 3727 859 Καὶ
3771 806 3856 859 ὅτι

2266 897 2371 950 κᾶν
2399 897 2601 961 ἀδίκως
2630 897 2903 969 ἀφορισθῇ
2930 915 3039 964 τις,
3076 897 3182 968 πρὸ
3204 897 3506 963 ἐξετάσεως
3561 898 3662 951 οὐκ
3697 893 3858 966 ὀφεί-

2264 988 2347 1041 λει
2382 987 2621 1042 ἐκδικεῖν
2650 989 2752 1059 τὴν
2790 989 3081 1043 κοινωνίαν
3113 988 3321 1060 ἑαυτῷ.
3732 988 3748 1001 ”

2336 1170 2565 1226 Συνόδου
2606 1168 2845 1233 Νικαίας
2872 1167 3058 1223 κανὼν
3078 1176 3140 1222 ε’.

2338 1264 2572 1319 Συνύδου
2616 1263 2951 1334 Ἀντιοχείας
2987 1263 3168 1317 κανὼν
3204 1260 3280 1327 ς’.

2334 1356 2563 1411 Συνόδου
2594 1355 2869 1427 Σαρδικῆς
2899 1353 3082 1409 κανὼν
3111 1352 3194 1409 ιδ’.

2335 1448 2562 1502 Συνόδου
2596 1446 2962 1518 Καρθαγένης
2995 1446 3173 1501 κανὼν
3205 1445 3341 1518 ρλδ’.

2333 1541 2583 1611 Νομικδν
2618 1540 2915 1609 κεφάλαιον
2943 1538 3042 1594 λθ’.

2335 1639 2439 1704 pol.
2470 1633 2592 1685 Ὅτι
2635 1631 2717 1685 δεῖ
2758 1631 3012 1703 δέχεσθαι
3053 1630 3151 1693 τάς
3191 1629 3558 1701 παραιτήσεις
3590 1627 3699 1681 τῶν
3734 1627 3859 1681 ἑπι-

2279 1726 2526 1793 σκόπων,
2565 1726 2661 1779 καὶ
2698 1725 2816 1778 ἀντ’
2864 1722 3046 1779 αὐτῶν
3094 1723 3313 1793 ἑτέρους
3364 1723 3715 1794 χειροτονεῖν.
3755 1721 3859 1774 αὐ-

583 1834 937 1898 ordinandos,
977 1833 1123 1902 ipsos
1150 1845 1282 1886 vero
1327 1827 1523 1884 summi
1554 1823 1844 1882 sacerdotii
1893 1824 2152 1877 honorem

2261 1814 2373 1868 τῶν
2415 1815 2761 1879 οἱκειοθελῶς
2812 1815 3274 1887 παραιτουμένων
3301 1831 3314 1845 ο
3368 1813 3596 1878 τούτους
3652 1813 3709 1867 δὲ
3750 1810 3857 1881 τὴν

585 1944 650 1985 ac
673 1941 869 1983 munus
898 1926 1140 1980 habere:
1167 1923 1211 1978 si
1241 1931 1421 1977 autem
1444 1935 1551 1976 non
1580 1919 1711 1973 ﬁant
1741 1916 1957 1987 proprio
1982 1924 2158 1976 motu,

581 2035 771 2077 verum
804 2035 869 2074 ex
904 2033 1032 2074 casu
1065 2017 1249 2085 aliquo
1281 2022 1336 2069 et
1370 2022 1547 2078 metu,
1588 2012 1734 2080 ipsas
1775 2022 1897 2063 non
1929 2020 2054 2061 esse
2078 2019 2162 2058 re-

578 2111 894 2183 cipiendas;
925 2116 1170 2165 amotum
1204 2120 1336 2162 vero
1380 2104 1694 2174 episcopum
1742 2100 1809 2155 ad
1850 2095 2159 2170 presbyteri

578 2205 803 2274 gradum
836 2216 939 2258 non
975 2213 1096 2257 esse
1129 2197 1501 2269 redigendum.

650 2383 855 2456 Synodi
892 2380 1183 2451 Ephesinae
1219 2391 1391 2435 canon
1421 2376 1510 2429 11.

648 2473 852 2547 Synodi
878 2469 1341 2529 Chalcedonensis
1372 2481 1548 2522 canon
1570 2464 1662 2521 29.

652 2565 860 2639 Synodi
884 2565 938 2620 in
963 2563 1164 2633 templo
1190 2560 1519 2617 Sanctorum
1550 2556 1932 2627 Apostolorum
1962 2551 2158 2607 habitae

576 2672 749 2714 canon
784 2655 873 2711 16.

653 2749 845 2806 Sancti
874 2745 1065 2819 Cyrilli
1102 2759 1272 2800 canon
1307 2745 1362 2800 ’5.

649 2839 773 2896 102.
810 2835 928 2893 Non
978 2845 1230 2905 oportere
1282 2846 1614 2904 quemquam
1667 2828 1839 2885 sacris
1880 2828 2152 2884 addictum

573 2936 1037 2994 subintroduetam
1070 2932 1273 2989 habere
1306 2930 1628 2994 mulierem,
1682 2928 1775 2984 sed
1807 2942 1985 2997 neque
2032 2933 2152 2995 post

2257 2942 2421 2980 ακτον
2468 2928 2706 2995 γυναῖκα
2749 2939 2762 2954 ⁶

2263 1906 2363 1979 τῇς
2394 1904 2809 1977 ἀρχιερωσύνης
2833 1908 2999 1977 τιμὴν
3051 1908 3147 1960 καὶ
3181 1907 3281 1978 τὴν
3302 1905 3647 1977 λειτουργίαν
3672 1905 3821 1976 ἔχειν
3838 1922 3857 1939 ο

2266 1989 2343 2069 μὴ
2367 1997 2717 2061 οίκειοθελῶς
2750 1998 2806 2052 δὲ
2840 1999 3156 2070 γινομένας,
3206 1999 3326 2055 ἀλλ’
3362 2000 3429 2052 ὲκ
3473 1999 3857 2069 περιστάσεως

2262 2091 2359 2145 καὶ
2390 2089 2579 2160 φόϐου,
2607 2088 2667 2143 οὐ
2690 2089 2772 2143 δεῖ
2802 2089 3008 2153 ταύτας
3035 2089 3290 2160 δέχεσθαι
3315 2105 3328 2119 ⁸
3363 2087 3765 2159 ἀποκινηθέντα
3793 2087 3857 2141 δὲ

2262 2183 2567 2237 ἐπίσκοπον
2604 2181 2686 2246 είς
2724 2181 2819 2235 τὸν
2869 2180 2964 2234 τοῦ
3010 2180 3386 2253 πρεσϐυτέρου
3442 2178 3652 2250 βαθμὸν
3678 2178 3739 2232 οὐ
3769 2177 3859 2232 δεῖ

2262 2271 2623 2339 κατάγεσθαι.

2331 2363 2565 2417 Συνόδου
2613 2363 2846 2432 Ἐφέσου
2880 2363 3063 2418 κανὼν
3096 2371 3189 2417 ια’.

2331 2456 2558 2510 Συνόδου
2586 2455 2926 2526 Καλχηδόνος
2958 2456 3138 2510 κανὼν
3170 2458 3276 2513 κθ’.

2326 2549 2556 2603 Συνόδου
2590 2548 2649 2603 ὲν
2684 2548 2764 2619 τῷ
2812 2549 2920 2618 ναῷ
2958 2549 3069 2603 τῶν
3119 2544 3321 2619 ’Δγίωθ
3358 2548 3701 2604 Ἀποστόλων
3746 2564 3857 2602 κα-

2259 2644 2369 2696 νὼν
2402 2641 2497 2707 ις’.

2332 2734 2440 2786 Τοῦ
2477 2733 2634 2802 ἁγίου
2670 2726 2939 2803 Κυρίλλου
2972 2732 3154 2790 κανὼν
3186 2740 3258 2802 γ’.

2332 2834 2434 2904 ρβ’.
2467 2833 2591 2886 Ὅτι
2621 2832 2683 2886 οὐ
2710 2831 2789 2885 δεῖ
2814 2848 2935 2885 τινα
2963 2831 3073 2884 τῶν
3108 2831 3426 2902 ἱερωμένων
3449 2829 3596 2900 ἔχειν
3629 2828 3850 2882 συνείσ-

2820 2924 2935 2978 ἀλλ’
2992 2923 3117 2979 οὐδὲ
3179 2924 3318 2993 μετά
3371 2926 3468 2993 τὴν
3512 2918 3853 2992 χειροτονίαν

574 3028 975 3086 ordinationem
1023 3025 1152 3081 licet
1216 3022 1474 3093 episcopo
1524 3037 1648 3077 cum
1698 3019 1917 3090 propria
1981 3032 2152 3073 uxore

2257 3021 2465 3088 ἔξεστιν
2491 3020 2778 3091 ὲπισκόπῳ
2810 3023 3079 3073 συνοικεῖν
3102 3021 3166 3089 τῇ
3195 3018 3300 3090 ἰδίᾳ
3327 3017 3567 3086 γυναικὶ,
3594 3017 3626 3087 ἢ
3659 3014 3852 3079 ἁπλῶς

572 3122 844 3183 habitare,
883 3126 978 3173 aut
1007 3117 1230 3172 omnino
1261 3115 1545 3169 mulierem
1591 3115 1643 3169 in
1671 3112 1963 3183 episcopali
1992 3113 2152 3167 domo

2257 3116 2492 3183 γυναῖκα
2528 3107 2671 3166 εἶναι
2700 3114 2756 3165 ὲν
2795 3110 2871 3181 τῷ
2899 3112 3265 3179 ὲπισκοπείῳ,
3310 3108 3433 3162 ἐπεὶ
3464 3108 3847 3177 καθαιρεῖται·

571 3213 824 3280 versari;
875 3210 1074 3281 alioqui
1143 3210 1313 3280 gradu
1367 3208 1622 3278 dejieitur
1670 3225 1682 3261 :

570 3306 877 3363 eunuchum
920 3305 1122 3358 habere
1151 3298 1624 3356 subintroductum
1648 3339 1662 3366 ,
1700 3297 1939 3368 alioquin
1969 3312 2152 3368 segre-

1734 3221 1923 3261 verttm
1978 3220 2153 3276 neque
2182 3199 2221 3210 “
2255 3207 2369 3261 ἀλλ’
2414 3205 2536 3259 οὐδὲ
2586 3204 2846 3275 εὐνοῦχον
2885 3202 3035 3273 ἔχειν
3068 3202 3442 3267 συνείσακτον,
3491 3199 3612 3253 ἐπεὶ
3649 3199 3848 3267 ἀφορί-

2255 3301 2428 3366 ζεται,
2466 3297 2627 3369 εἴπερ
2659 3297 2778 3351 ἐστὶ
2807 3294 2997 3358 λαῖκός
3020 3311 3033 3325 θ
3071 3297 3120 3347 εί
3159 3293 3215 3347 δὲ
3262 3294 3583 3365 ίερωμένος,
3620 3291 3715 3346 καὶ
3744 3291 3848 3344 αὐ-

568 3407 749 3470 gatur,
798 3396 843 3452 si
889 3394 1059 3450 laicus
1100 3394 1170 3448 sit
1209 3411 1223 3447 :
1260 3392 1305 3445 si
1344 3405 1471 3446 vero
1522 3391 1695 3446 sacris
1733 3389 2003 3454 addictus,
2038 3389 2152 3458 ipse

2257 3393 2342 3456 τὸς
2370 3392 2746 3465 καθαιρεῖται.

567 3492 732 3548 etiam
762 3488 1074 3559 deponitur.

638 3580 841 3653 Synodi
874 3579 1105 3635 Nicaeam
1131 3592 1302 3633 canon
1342 3577 1394 3631 3.

644 3669 849 3743 Synodi
884 3669 1187 3738 Ancyrana:
1218 3680 1393 3722 canon
1428 3663 1515 3719 19.

640 3762 844 3836 Synodi
880 3760 947 3817 Vl
980 3774 1152 3816 canon
1183 3760 1249 3815 19
1286 3769 1341 3813 et
1373 3757 1464 3813 48.

640 3852 840 3926 Synodi
879 3851 967 3906 VII
1001 3864 1176 3905 canon
1211 3850 1299 3905 18.

640 3946 823 4002 Sancti
855 3944 1039 3999 Basilii
1072 3959 1245 3997 canon
1301 3942 1391 3997 87.

636 4038 795 4107 Legis
818 4046 1001 4107 caput,
1041 4035 1093 4096 5.
1122 4035 1212 4101 71,
1252 4035 1340 4091 72.
1435 4057 1459 4078 ..

641 4143 763 4198 103.
805 4140 1213 4207 Munaslerium,
1246 4151 1337 4194 aut
1367 4141 1527 4194 aliam
1558 4141 1867 4210 religiosam
1904 4141 2142 4205 domum,

567 4245 663 4292 aut
694 4233 1065 4290 nosocomium
1101 4246 1206 4286 non
1243 4246 1365 4287 esse
1411 4232 1784 4287 aediﬁcandum
1823 4232 1943 4287 sine
1974 4232 2147 4301 regio-

567 4328 657 4383 nis
700 4325 939 4395 episcopi
981 4322 1339 4393 permissiune
1371 4322 1626 4392 illiusque
1656 4322 1885 4377 consilio
1931 4332 1985 4377 et
2013 4338 2145 4376 con-

566 4432 753 4482 sensu,
790 4415 910 4469 licet
971 4428 1035 4468 ex
1083 4421 1408 4468 testamento
1461 4413 1663 4481 aliquid
1695 4412 2003 4481 huiusmodi
2048 4427 2148 4482 pro

2328 3584 2557 3639 Συνόδου
2589 3583 2829 3647 Νικαίας
2866 3583 3050 3637 κανὼν
3080 3582 3149 3653 γ’.

2327 3675 2561 3733 Συνόδου
2606 3674 2887 3745 Ἀγκύρας
2914 3673 3096 3729 κανὼν
3129 3675 3217 3729 ιθ’.

2327 3766 2552 3820 Συνόδου
2582 3764 2634 3831 ς’
2658 3765 2840 3820 κανὼν
2868 3763 2934 3820 ιϐ’
2962 3766 3058 3821 καὶ
3090 3766 3203 3838 μη’.

2321 3858 2549 3912 Συνόδου
2588 3858 2632 3923 ζ’
2665 3857 2849 3911 κανὼν
2897 3866 2993 3929 ιη’.

2324 3952 2431 4005 Τοῦ
2462 3951 2619 4019 ἁγίου
2652 3952 2935 4007 Βασιλείου
2964 3952 3148 4007 κανὼν
3179 3953 3288 4018 πζ’.

2326 4045 2437 4097 Καὶ
2458 4044 2683 4113 νομικὸν
2708 4044 3009 4114 κεφάλαιον
3043 4051 3106 4110 ε’,
3138 4046 3241 4111 σοι’,
3275 4046 3376 4117 οβ’.

2329 4135 2431 4206 ργ’.
2463 4136 2587 4189 Ὅτι
2649 4136 2711 4189 οὐ
2767 4136 2849 4190 δεῖ
2900 4139 3268 4209 μσναστήριον
3324 4137 3746 4209 οίκοδομεῖσθαι,
3808 4139 3847 4209 ἢ

2254 4229 2444 4299 ἕτερον
2472 4228 2645 4299 εὐαγῆ
2674 4224 2850 4293 οἷκον,
2884 4230 2915 4297 ἢ
2965 4232 3343 4300 νοσοκομεῖον,
3376 4232 3547 4302 χωρὶς
3600 4247 3843 4302 προτροο

2256 4322 2363 4392 πῆς
2391 4320 2487 4373 τοῦ
2520 4321 2665 4373 κατὰ
2700 4320 2885 4391 χώραν
2925 4310 3256 4392 ἀρχιερέως,
3307 4321 3404 4376 καὶ
3477 4323 3580 4392 τῆς
3649 4322 3845 4377 τούτου

2240 4413 2456 4482 ’βουλῆς
2491 4429 2552 4465 τε
2587 4413 2684 4466 καὶ
2742 4413 3105 4475 συναινέσεως
3130 4429 3148 4447 ο
3198 4414 3305 4467 κᾶν
3342 4416 3407 4468 ὲκ
3462 4414 3732 4485 διαθήκης
3788 4432 3841 4468 τι

568 4508 748 4563 anima
778 4504 895 4559 ﬁeri
925 4504 1261 4572 supplicetur
1286 4521 1300 4557 :
1341 4505 1637 4557 monachos
1668 4518 1796 4557 vero
1825 4504 1928 4558 sub
1975 4502 2145 4573 ipsius

2257 4506 2494 4560 τοιοῦτον
2520 4508 2867 4577 προτραπείη
2891 4506 3145 4572 γενέσθαι
3172 4508 3313 4579 ὑπὲρ
3342 4507 3524 4578 ψυχῆς
3545 4522 3559 4536 ’
3595 4508 3691 4561 καὶ
3716 4508 3844 4571 τοὺς

567 4597 789 4655 ύῐωοοεὶ
825 4598 1078 4666 degentes
1110 4597 1157 4651 ei
1191 4596 1412 4651 obedire
1461 4604 1732 4662 oportere,
1787 4594 2041 4650 nimirum
2093 4597 2146 4649 in

566 4689 961 4760 spiritualibus.
1019 4689 1276 4744 Actiones
1315 4688 1663 4758 pecuniarias
1720 4689 1998 4744 tricesimo
2056 4698 2150 4743 aut

565 4780 983 4850 quadragesimo
1035 4795 1178 4834 anno
1231 4778 1533 4852 terminari.
1593 4777 1921 4835 Monasteria
1983 4779 2149 4833 semel

565 4883 880 4929 consecrata
915 4886 1021 4926 non
1056 4884 1212 4935 posse
1245 4868 1360 4924 ﬁeri
1394 4869 1673 4924 saecularia
1728 4870 2052 4934 diversoria,
2086 4885 2150 4923 ac

565 4960 876 5032 praefectum
906 4960 1103 5014 debere
1134 4959 1189 5014 in
1223 4958 1554 5015 monasterio
1587 4973 1686 5014 suo
1711 4959 2145 5029 dispensatorem

565 5055 929 5120 constituere;
967 5053 1111 5123 quod
1152 5053 1199 5106 si
1236 5053 1337 5108 hoc
1374 5062 1610 5120 recuset,
1644 5054 1930 5124 episcopus
1965 5052 2146 5105 faciat.

564 5146 749 5216 Neque
790 5159 972 5199 veroa
1003 5158 1276 5214 quoquam
1329 5146 1551 5200 omnino
1606 5142 1966 5199 saecularibus
2014 5143 2148 5199 viris

564 5236 950 5291 monasterium
979 5235 1177 5291 elocari
1203 5250 1221 5303 ;
1252 5238 1341 5305 qui
1362 5238 1514 5292 enim
1549 5239 1652 5291 hoc
1684 5234 1833 5301 iacit,
1864 5234 2148 5291 canonicis

562 5331 738 5399 pinnis
786 5328 1090 5397 subjicitur.
1130 5330 1263 5386 Item
1331 5344 1437 5386 non
1487 5339 1743 5399 oportere
1791 5328 1906 5384 ﬁeri
1946 5328 2145 5393 duplex

563 5421 950 5475 monasterium
977 5422 1213 5477 virorum
1245 5431 1298 5477 et
1328 5420 1614 5499 mulierum
1642 5437 1658 5486 ;
1682 5435 1855 5489 neque
1892 5419 2147 5475 mulieres

563 5513 618 5567 in
651 5513 892 5568 virorum
923 5515 1256 5571 monasterio
1291 5502 1508 5584 degere.
1542 5511 1656 5567 Non
1693 5520 1946 5582 oportere
1984 5513 2146 5583 quid-

563 5617 726 5671 quam
771 5604 836 5657 ad
883 5604 1271 5659 monasterium
1322 5603 1602 5673 pertinens
1664 5601 1913 5670 alienari,
1975 5618 2148 5671 neque

563 5694 693 5747 dare
722 5695 1154 5748 renuntiatiunes
1188 5701 1280 5746 aut
1315 5691 1601 5761 accipere;
1636 5692 1894 5762 quoniam
1921 5692 2015 5760 qui
2046 5694 2148 5747 hoc

560 5781 716 5850 ticil,
746 5783 860 5839 sive
883 5783 1190 5854 praefectus,
1229 5783 1345 5840 sive
1387 5783 1693 5856 episcopus,
1726 5790 1822 5838 aut
1851 5781 1973 5853 quis
2002 5785 2145 5840 sacri

2254 4599 2360 4653 ὐπὸ
2388 4598 2485 4668 τὴν
2509 4598 2726 4669 ὲνορίαν
2748 4597 2802 4649 δὲ
2829 4597 2996 4651 αὐτοϋ
3036 4602 3304 4669 μοναχοὺς
3335 4599 3487 4669 αὐτῴ
3544 4601 3636 4674 δεῖ.
3688 4600 3844 4652 ὑπεί-

2252 4709 2390 4757 κειν,
2422 4696 2479 4744 ἐν
2522 4692 2642 4755 ’τοῖς
2701 4695 3095 4759 πνευματικοῖς
3143 4693 3431 4762 δηλονότι.
3494 4693 3608 4747 Καὶ
3658 4695 3742 4748 ὅτι
3808 4695 3846 4765 ἡ

2253 4783 2703 4854 τριακονταετία,
2741 4783 2841 4854 ἢὴ
2890 4786 3435 4857 τεσσαρακονταετὶα
3502 4785 3680 4838 κλείει
3742 4786 3845 4849 τὰς

2253 4875 2608 4948 χρηματικὰς
2646 4876 2891 4943 ἀγωγάς.
2956 4877 3068 4929 Καὶ
3113 4877 3195 4929 ὅτι
3239 4876 3310 4930 τὰ
3364 4875 3514 4941 ἅπαξ
3569 4876 3845 4946 καθιερωη

2251 4968 2414 5021 θέντα
2445 4967 2796 5035 μοναστήρια
2851 4966 2914 5019 οὐ
2980 4966 3238 5021 δύνανται
3288 4969 3544 5034 γενέσθαι
3597 4968 3844 5038 κοσμικὰ

2252 5056 2576 5126 καταγώγια
2602 5073 2616 5084 ⁸
2654 5060 2752 5110 καὶ
2782 5058 2865 5111 ὅτι
2898 5058 3186 5126 οίκονόμον
3207 5060 3235 5112 ὁ
3263 5058 3574 5131 ἡγούμενος
3631 5060 3841 5129 ὀφείλει

2250 5149 2430 5225 πριεῖν
2452 5147 2511 5198 ἐν
2538 5145 2619 5217 τῷ
2649 5148 3001 5219 μοναστηρίῳ
3034 5149 3202 5203 αὐτοῦ
3224 5169 3238 5183 ·
3276 5151 3326 5203 εί
3364 5151 3423 5204 δὲ
3476 5152 3577 5221 μὴ,
3628 5152 3656 5204 ὁ
3720 5152 3841 5203 ὲπζ-

2254 5254 2485 5303 σκοπος,
2506 5238 2733 5292 ποιείτω
2762 5238 3119 5302 ἀπειθοῦντος
3141 5241 3336 5298 αὐτοῦ.
3353 5243 3510 5313 Μήτε
3540 5242 3600 5296 δὲ
3625 5242 3732 5296 ὑπό
3759 5259 3841 5296 τι-

2250 5345 2341 5390 νος
2360 5327 2467 5381 τῶν
2517 5327 2781 5383 ἁπάντων
2839 5333 3135 5396 κοσμικαῖς
3187 5332 3417 5403 ἀνδράσι
3476 5335 3840 5404 μοναστήριον

2249 5419 2538 5489 ἐκδοθῆναι
2568 5437 2582 5451 ’
2607 5419 2638 5472 ὁ
2674 5420 2783 5491 γὰρ
2811 5419 2955 5475 οὕτω
2990 5424 3500 5495 ποιῶν,ὲπιτιμίοις
3522 5428 3838 5490 κανονικοῖς

2253 5509 2648 5566 ὑποϐάλλεται.
2693 5510 2803 5564 Καὶ
2833 5511 2999 5566 ὅτιού
3044 5514 3130 5567 δεῖ
3178 5516 3423 5584 γίνεσθαι
3463 5516 3689 5571 διπλοῦν
3737 5534 3835 5587 μο-

2250 5600 2545 5672 ναστήριον
2575 5601 2785 5671 ἀνδρῶν
2851 5605 2947 5657 καὶ
2992 5607 3271 5675 γυναικῶν
3299 5624 3314 5640 ο
3363 5609 3459 5663 καὶ
3514 5608 3595 5661 ὅτι
3647 5608 3708 5661 οὐ
3756 5608 3839 5662 δεῖ

2250 5692 2620 5747 ἐνδιαιτᾶσθαι
2651 5696 2921 5762 γυναῖκας
2951 5697 3009 5751 ὲν
3035 5699 3388 5771 μοναστηρίῳ
3436 5699 3685 5771 ἀνδρῴῳ.
3722 5699 3836 5753 Καὶ

2251 5785 2432 5859 ὅτι-οὐ
2488 5784 2571 5838 δεῖ
2620 5787 2963 5845 ὲκποιεῖσθαί
3013 5807 3066 5845 τι
3111 5792 3225 5848 τῶν
3287 5791 3383 5848 τοῦ
3424 5792 3832 5864 μοναστηρίουθ
