4140 6404
445 350 590 476 51.

1732 406 2051 468 ARSENII
2091 406 2444 467 MONACHI
3648 404 3723 470 52

449 537 682 593 ventur;
711 525 757 582 si
795 539 920 580 vero
952 524 1098 592 laici,
1161 534 1553 596 segregantur;
1586 508 1948 593 praeterquam
1990 519 2034 575 si

2158 517 2526 590 ὶφορίζονται·
2566 515 2743 590 πάρεξ
2793 518 2888 572 τοῦ
2946 518 3006 574 ὲν
3061 520 3367 591 πανδοκείῳ
3408 520 3467 574 ἐν
3508 519 3612 591 ὁδῷ
3650 520 3722 575 δι’

443 619 566 690 quis
587 628 799 690 proptet
835 619 1051 673 itineris
1080 618 1462 675 necessitatem
1500 619 1551 670 in
1583 615 1820 686 hospitio
1849 615 2027 670 diver-

444 721 565 766 SCIU
577 726 619 764 Γ.

523 803 850 859 Sanctorum
895 805 1261 875 apostolorum
1291 819 1465 860 canon
1495 804 1587 868 12,
1614 802 1684 858 45
1714 815 1768 861 et
1799 801 1890 857 52.

421 897 429 903 ’
523 895 734 967 Synodi
770 897 1095 954 Laodicena:
1130 914 1305 953 canon
1331 899 1423 954 24.

519 990 726 1061 Synodi
759 990 1229 1061 Carthaginiensis
1252 1007 1422 1045 canon
1454 990 1547 1045 10.

521 1078 725 1150 Syuoili
759 1079 824 1135 Vl
857 1095 1028 1136 canon
1063 1082 1096 1137 9
1125 1091 1182 1135 et
1207 1081 1301 1136 26.

520 1172 645 1227 115.
692 1172 811 1229 Non
858 1182 1107 1242 oportere
1155 1174 1418 1229 clericum
1460 1172 1840 1243 ﬁdeiussioues
1871 1171 2028 1235 dare,

2141 615 2392 686 ἀνάγκην
2422 613 2851 676 καταλύσαντος.

2204 811 2325 866 Τῶν
2353 812 2522 880 ἁγίων
2547 811 2863 865 ἀποστόλων
2895 809 3077 863 κανὼν
3111 807 3219 880 up’,
3254 815 3347 879 μγ¹
3375 811 3470 863 καὶ
3493 808 3574 879 νβ’

2207 903 2437 956 Συνόδου
2465 903 2786 965 Λαοδικείας
2817 901 3000 956 κανὼν
3029 902 3130 956 κδ’.

2208 995 2438 1048 Συνόδου
2470 994 2832 1067 Καρθαγὲνης
2870 992 3054 1047 κανὼν
3090 993 3165 1065 μ’.

2207 1088 2434 1140 Συνόδου
2466 1085 2520 1153 ς’
2547 1086 2728 1141 κανὼν
2750 1087 2795 1140 θ’
2826 1090 2922 1141 καὶ
2958 1085 3074 1150 κς’.

2212 1185 2334 1248 ριε’.
2366 1179 2488 1233 Ὅτι
2517 1180 2578 1232 ού
2615 1180 2700 1233 δεῖ
2749 1179 3015 1251 κληρικδν
3043 1179 3251 1249 ἐγγύας
3289 1179 3513 1240 διδόναι,
3547 1179 3718 1247 ἤγουν

453 1280 549 1321 seu
585 1265 981 1322 conventioues
1009 1276 1064 1321 et
1114 1276 1268 1336 pacta
1311 1264 1495 1320 facere
1537 1266 1590 1319 in
1622 1265 1791 1327 circo,
1834 1274 1930 1317 aut
1983 1263 2034 1317 iu

2158 1268 2577 1342 ςτοιχήματαῌ)
2611 1273 2782 1324 ποιεῖν
2818 1272 2875 1323 ἐν
2911 1270 3301 1342 ίπποδρομείῳ,
3330 1270 3363 1340 ἢ
3398 1270 3457 1323 ἐν
3480 1269 3719 1337 παιγνίῳ

453 1360 638 1428 aliquo
671 1358 921 1412 ludicro:
957 1358 1220 1428 alioquin,
1264 1358 1437 1428 gradu
1470 1357 1738 1424 dejicitur.
1770 1354 1861 1409 Sic
1892 1355 2036 1409 enim

2158 1362 2283 1416 :tvl-
2314 1364 2437 1415 ἐπεὶ
2474 1362 2847 1433 Δκαθαιρεῖται.
2898 1363 3057 1416 Οὕτω
3110 1361 3222 1432 γὰρ
3268 1361 3470 1415 διδόναι
3514 1361 3721 1428 ἐγγύας

453 1447 837 1516 ﬁdejussiones
870 1450 1002 1504 dare
1043 1449 1463 1518 interpretatum
1493 1457 1596 1503 est.
1627 1447 1761 1501 Nam
1812 1446 2036 1514 ﬁdeius-

459 1553 639 1593 sorcm
683 1554 741 1594 se
773 1540 1010 1610 aliquem
1059 1550 1318 1608 praestare
1352 1555 1451 1605 pro
1479 1554 1543 1593 eo
1568 1538 1659 1609 qui
1710 1538 1764 1591 in
1798 1536 2039 1607 periculo

462 1642 739 1696 versetur,
793 1642 1013 1703 propter
1060 1633 1155 1688 Dei
1207 1632 1529 1688 cbaritatem
1579 1632 1866 1686 honestum
1913 1635 2036 1683 est:

455 1731 675 1790 oportet
711 1723 857 1778 etiim
892 1738 1099 1793 ponere
1139 1723 1378 1778 animam
1421 1737 1577 1777 suam
1614 1735 1711 1790 pro
1745 1717 2037 1789 proximo;

457 1813 698 1870 iutirmis
725 1830 875 1880 vero,
912 1815 1117 1886 quique
1157 1830 1257 1884 pro
1295 1816 1553 1869 fratribus
1586 1811 1725 1866 mori
1765 1825 1873 1865 non
1906 1823 2033 1879 pos-

458 1916 607 1974 sunt,
637 1906 905 1976 ejusmodi
935 1907 1210 1976 lidejussio
1243 1922 1350 1961 non
1390 1917 1475 1961 est
1499 1903 1833 1975 deneganda.

531 1995 860 2054 Sanctorum
903 1997 1274 2068 apostolorum
1311 2013 1488 2054 canon
1514 1996 1607 2051 20.

532 2089 693 2161 Legis
719 2101 881 2160 caput
911 2091 1005 2147 35.

530 2180 655 2239 116.
687 2181 805 2237 Non
857 2194 1110 2252 oportere
1164 2183 1277 2238 alea
1315 2183 1502 2240 ludere
1550 2192 1646 2238 aut
1677 2181 1896 2246 tabulis,
1956 2180 2051 2234 aul

458 2275 677 2331 ludicra
707 2274 962 2341 tolerare,
993 2277 1077 2331 vel
1123 2275 1318 2330 horum
1361 2285 1702 2345 spectatores
1760 2287 1903 2336 esse,
1957 2279 2052 2325 aut

463 2363 842 2430 Saltationum,
879 2374 973 2420 aut
1018 2366 1431 2437 thymeliearum
1486 2366 1908 2429 cantilenarum,
1956 2372 2051 2417 aut

460 2473 650 2514 eorum
683 2460 775 2528 qui
810 2459 1003 2514 ludicri
1038 2459 1212 2530 gratia
1251 2473 1409 2513 ursas
1433 2467 1555 2527 post
1588 2471 1647 2511 se
1681 2457 1923 2520 trahunt,
1957 2463 2053 2509 aut

462 2567 652 2607 eorum
678 2552 770 2621 qui
801 2567 860 2606 se
887 2566 917 2606 a
941 2552 1186 2606 daemone
1212 2549 1398 2606 vexari
1428 2548 1714 2612 simulant,
1743 2558 1836 2601 aut
1862 2561 2049 2601 eorum

464 2643 558 2715 qui
603 2645 906 2699 accendunt
962 2660 1122 2715 rogos
1174 2659 1240 2699 ac
1297 2643 1494 2699 ludicri
1546 2657 1710 2697 causa
1750 2657 1916 2709 supra
1955 2655 2051 2697 eos

465 2737 805 2803 transiliunt,
839 2748 932 2792 aut
976 2736 1356 2792 venationibus
1397 2736 1481 2791 vel
1528 2735 1865 2790 circensibus
1895 2733 2050 2788 addi-

465 2835 587 2883 ctos
616 2842 779 2895 esse;
814 2829 1092 2898 quoniam,
1127 2828 1393 2897 siquidem
1447 2826 1621 2882 sacris
1672 2825 1865 2881 initiati
1919 2824 2048 2889 sint,

469 2921 644 2991 gradu
701 2932 1024 2987 morentur;
1058 2922 1103 2978 si
1168 2935 1301 2976 vero
1333 2919 1483 2986 laici,
1518 2934 1609 2975 sex
1651 2933 1825 2975 annos
1872 2932 2051 2989 segre-

469 3020 688 3081 gautur.

544 3101 868 3157 Sanctorum
901 3103 1264 3173 apostolorum
1297 3120 1469 3161 canon
1501 3103 1593 3171 9.0,
1629 3104 1720 3171 42,
1750 3103 1844 3159 45.

541 3190 747 3263 Synodi
781 3194 1132 3252 Laodicensis
1157 3211 1330 3252 canon
1359 3196 1448 3262 52,
1487 3196 1578 3261 51,
1606 3196 1697 3251 55.

543 3284 747 3357 Synodi
780 3287 1249 3359 Carthaginiensis
1275 3305 1449 3345 canon
1481 3289 1570 3353 15,
1608 3288 1698 3354 6i,
1731 3288 1823 3343 65.

543 3379 832 3452 SynodiVl
872 3397 1046 3436 canon
1077 3383 1168 3449 at,
1206 3383 1297 3449 so,
1329 3383 1418 3451 δι,
1446 3380 1536 3449 60,
1573 3381 1671 3450 6|,
1704 3380 1795 3447 δε,
1833 3381 1925 3448 65,
1962 3381 2053 3447 66,

474 3471 568 3532 71.

546 3565 749 3637 Synodi
788 3566 879 3622 VII
913 3583 1089 3623 canon
1129 3568 1221 3621 Ἡ.

547 3656 712 3729 Legis
741 3669 905 3730 caput
937 3662 1008 3716 57
1037 3671 1093 3716 et
1127 3660 1217 3716 87.

550 3749 677 3805 117.
713 3748 831 3806 Νοιι
861 3768 981 3808 esse
1021 3752 1367 3821 accipiendas
1398 3765 1593 3806 usuras
1622 3765 1637 3804 :
1664 3748 1953 3820 quoniam,
1983 3750 2058 3805 si-

477 3841 696 3911 quidem
754 3844 926 3898 sacris
980 3844 1093 3898 sint
1146 3843 1366 3911 initiati,
1421 3840 1786 3910 dejiciuntur;
1837 3842 1883 3897 si
1934 3856 2060 3897 vero

477 3934 627 4003 laici,
659 3946 1038 4007 segregantur.
1728 3948 1735 3953 '

553 4026 883 4085 Sanctorum
928 4031 1295 4100 apostolorum
1332 4045 1508 4087 canon
1543 4032 1634 4087 41.

555 4120 762 4190 Synodi
798 4121 1033 4179 Niezeuae
1063 4140 1235 4179 canon
1264 4123 1353 4177 l7.

557 4214 761 4287 Synodi
791 4213 1111 4273 Laodicenaa
1139 4232 1313 4273 canon
1342 4217 1396 4272 4|.
1520 4268 1526 4273 .

557 4305 762 4378 Synodi
788 4308 1256 4380 Carthaginiensis
1286 4325 1464 4366 canon
1504 4310 1570 4366 lO
1604 4318 1658 4365 et
1689 4308 1778 4365 l6.

556 4399 743 4454 Sancti
774 4399 1020 4471 Gregorii
1052 4401 1280 4474 Nysseni
1310 4416 1484 4459 canon
1517 4402 1567 4458 6.

559 4490 686 4546 118.
744 4492 863 4548 Νοη
933 4508 1055 4550 esse
1126 4495 1484 4550 cavillandum
1562 4504 1661 4550 aut
1734 4492 2065 4549 illudendum

2072 1876 2119 1935 Β

2140 1455 2503 1525 ἡρμήνευται.
2531 1454 2605 1507 To
2632 1452 2739 1523 γὰρ
2765 1450 3068 1521 ἐγγυᾶσθαί
3117 1466 3243 1504 τινα
3276 1452 3336 1502 ὲν
3369 1449 3603 1518 κινδύνῳ
3629 1464 3725 1517 γεο

2144 1550 2325 1619 γονότι
2347 1549 2436 1603 διὰ
2468 1548 2569 1617 τὴν
2595 1549 2688 1602 τοῦ
2718 1548 2855 1604 Θεοῦ
2887 1548 3131 1616 ἀγάπην,
3159 1546 3347 1601 καλόν.
3372 1546 3589 1599 Τιθέναι
3614 1543 3724 1614 γὰρ

2142 1643 2225 1695 δεῖ
2245 1643 2342 1712 τὴν
2370 1642 2551 1713 ψυχὴν
2580 1642 2721 1712 ὑπὲρ
2762 1641 2857 1695 τοῦ
2890 1640 3119 1706 πλησίον
3140 1655 3155 1670 ⁸
3204 1641 3287 1693 δεῖ
3323 1638 3382 1693 δὲ
3420 1641 3533 1703 τοῖς
3563 1637 3727 1691 ἀσθε-

2144 1738 2283 1801 νέσι,
2314 1737 2411 1789 καὶ
2442 1736 2517 1807 μὴ
2541 1735 2858 1805 δυναμένοις
2892 1734 3035 1804 ὑπὲρ
3058 1733 3303 1803 ἀδελφῶν
3337 1731 3725 1799 ἀποθνήσκειν,

2148 1828 2241 1880 καὶ
2266 1827 2523 1896 τοιαύτην
2545 1823 2755 1896 ἐγγύην
2786 1822 2861 1895 μὴ
2900 1820 3311 1895 παραιτεῖσθαι.

2223 2010 2345 2064 Τῶν
2370 2010 2545 2077 ἁγίων
2574 2004 2891 2062 ἀποστόλων
2921 2003 3106 2060 κανὼν
3139 2000 3208 2059 κ’.

2221 2101 2331 2155 Καὶ
2357 2097 2585 2167 νομικὸν
2609 2096 2904 2166 κεφάλαιον
2933 2094 3030 2149 λε’.

2228 2198 2359 2263 ρις’.
2411 2191 2535 2245 Ὀτι
2588 2190 2650 2242 ού
2707 2188 2792 2242 δεῖ
2842 2185 3117 2250 κυϐεύειν,
3177 2184 3297 2257 ἦτοι
3350 2181 3645 2247 ταυλίζειν,
3697 2179 3731 2249 ἦ

2153 2283 2382 2352 παίγνια
2406 2278 2719 2350 ἀνέχεσθαι,
2752 2276 2785 2349 ἢ
2818 2274 3105 2346 θεωρητὰς
3135 2271 3383 2342 γίνεσθαι
3411 2270 3620 2324 τούτων
3639 2284 3655 2300 '
3698 2268 3733 2337 ἢ

2154 2376 2457 2445 ὀρχήσεων,
2487 2371 2522 2442 ἢ
2551 2369 2861 2441 θυμελικῶν
2885 2366 3173 2439 ᾀσμάτων,
3199 2363 3231 2435 ἢ
3258 2363 3369 2417 τῶν
3404 2361 3505 2424 τὰς
3535 2361 3736 2431 ἄρκους

2154 2464 2570 2537 ὲπισυρομένων
2598 2462 2759 2533 χάριν
2791 2458 3048 2527 παιγνίου
3077 2471 3089 2485 ·
3119 2455 3153 2527 ἢ
3185 2454 3294 2508 τῶν
3319 2452 3582 2522 δαιμονᾷν
3606 2450 3741 2503 ύπο-

2155 2559 2490 2630 κρινομένων
2515 2569 2529 2584 ’
2580 2554 2613 2626 ἢ
2654 2554 2762 2607 τῶν
2810 2550 3164 2607 ἀναπτόντων
3205 2546 3501 2615 πυρκαϊὰς,
3551 2543 3644 2598 καὶ
3683 2544 3740 2595 ὲν

2155 2652 2394 2721 παιγνίῳ
2435 2644 2891 2718 ὑπεραλλομένων
2916 2644 3108 2707 αὑταῖς
3128 2655 3143 2671 ⁸
3180 2640 3212 2710 ἢ
3248 2635 3603 2710 προσκεῖσθαι
3634 2649 3732 2686 κυ-

2153 2743 2387 2813 νηγίοις,
2441 2738 2474 2810 ἦ
2522 2734 2936 2809 ἱπποδρομίοις·
2987 2731 3147 2796 ἐπεὶ,
3196 2731 3245 2783 εί
3296 2729 3396 2799 μὲν
3445 2724 3738 2797 ἱερωμένοι

2155 2838 2284 2902 εἰσὶ,
2315 2831 2746 2904 καθαιροῦνται’
2792 2831 2841 2881 εί
2886 2826 3067 2881 λαῖκοὶ
3134 2821 3493 2895 ἀφορίζονται
3541 2819 3634 2873 ἐπὶ
3679 2817 3741 2883 ἐξ

2155 2929 2389 3000 χρόνοις.

2230 3129 2354 3182 Τῶν
2382 3127 2556 3195 ἁγίων
2580 3123 2894 3179 ἀποστόλων
2918 3119 3103 3174 κανὼν
3131 3116 3202 3180 κ’,
3239 3115 3348 3186 μβ’,
3382 3110 3496 3183 pf.

2077 3245 2121 3309 ρ
2228 3220 2457 3277 Συνόδου
2489 3217 2814 3278 Λαοδικείας
2843 3212 3026 3309 κανὼν
3050 3211 3157 3309 νβ’,
3180 3210 3397 3309 νδῆγεί.

2227 3313 2457 3369 Συνόδου
2486 3308 2847 3381 Καρθαγένης
2881 3302 3065 3360 κανὼν
3096 3300 3179 3367 ιε’,
3219 3298 3321 3369 Ea’,
3353 3297 3455 3366 ξγ⁹.

2226 3405 2455 3459 Συνόδου
2501 3399 2556 3466 ς’
2596 3398 2790 3462 ,κανὼν
2838 3394 2940 3461 κδ’,
2989 3392 3056 3461 ν’,
3098 3398 3201 3459 ναν,
3250 3389 3314 3461 ξ’,
3352 3389 3454 3457 ξω,
3498 3387 3601 3460 ξβκ
3643 3384 3742 3453 ξε’,

2159 3500 2268 3567 Eg’,
2298 3494 2398 3552 oa'.

2230 3589 2458 3644 Συνόδου
2489 3584 2536 3651 ζ’
2565 3582 2744 3640 κανὼν
2783 3582 2890 3652 κβν.

2232 3679 2473 3750 Νομικδν
2503 3674 2799 3746 κεφάλαιον
2830 3669 2910 3734 λζ’
2942 3669 3036 3724 καὶ
3065 3666 3175 3733 πς.

2237 3768 2359 3845 ριζ’.
2390 3769 2516 3823 Ὀτι
2554 3766 2614 3820 ού
2642 3765 2726 3819 δεῖ
2762 3762 2959 3824 τόκους
3004 3757 3339 3830 λαμὸἁνεινο
3369 3754 3518 3821 ἐπεὶ,
3551 3751 3602 3806 εί
3638 3751 3741 3845 μὲν

2164 3840 2456 3935 ἱερωμένοι
2483 3857 2613 3922 εἰσὶ,
2656 3851 3075 3924 καθαιροῦνται,
3124 3850 3176 3903 εί
3217 3847 3276 3903 δὲ
3317 3845 3519 3915 λαῖκοὶ,
3549 3840 3744 3913 ἀφορί-

2164 3957 2371 4023 ζονται.

2237 4046 2360 4100 Τῶν
2392 4045 2567 4111 ἁγίων
2593 4040 2914 4097 ἀποστόλων
2947 4038 3131 4096 κανὼν
3161 4036 3267 4109 μδ’.

2238 4137 2468 4194 Συνόδου
2495 4133 2730 4197 Νικαίας
2761 4132 2943 4188 κανὼν
2974 4133 3064 4197 ιζ’.

2235 4230 2461 4287 Συνόδου
2498 4226 2823 4290 Λαοδικείας
2845 4227 3025 4279 κανὼν
3051 4223 3116 4279 δ’.

2240 4320 2468 4376 Συνόδου
2491 4316 2856 4389 Καρθαγένης
2879 4312 3061 4370 κανὼν
3090 4319 3121 4366 ι’
3150 4311 3245 4367 καὶ
3270 4316 3368 4376 ις’.

2240 4411 2348 4466 Τοῦ
2374 4410 2532 4478 ἁγίου
2562 4406 2866 4478 Γρηγορίου
2896 4404 3118 4473 Νύσσης
3147 4399 3329 4456 κανὼν
3358 4395 3435 4464 ς’.

2244 4500 2373 4576 ριη’,
2403 4500 2528 4554 Ὀτι
2569 4498 2630 4551 οὐ
2677 4497 2758 4550 δεῖ
2785 4494 3090 4567 χλευάζειν,
3121 4493 3239 4565 ἦτοι
3268 4487 3563 4560 ἐμπαίζειν
3588 4480 3746 4556 Χωλᾷ

489 4584 706 4650 claudo,
735 4594 829 4640 aut
874 4600 1041 4654 caeco,
1074 4595 1167 4642 aut
1209 4587 1436 4658 pedibus
1472 4587 1763 4646 mutilatos
1795 4586 1885 4657 qui
1918 4587 2051 4643 enim

2170 4600 2205 4674 ἦ
2249 4593 2457 4667 τυφλῷ,
2508 4591 2541 4664 ἢ
2593 4590 2672 4662 τῷ
2709 4589 2810 4653 τὰς
2869 4587 3054 4659 βάσεις
3112 4582 3513 4656 πεπληγμένῳ’
3560 4576 3686 4631 ἐπεὶ
3722 4575 3752 4628 ὁ

492 4678 599 4734 hoc
630 4678 782 4745 facit,
817 4681 1346 4737 excommunicatur.

564 4771 893 4827 Sanctorum
925 4772 1289 4843 apostolorum
1321 4789 1494 4829 canon
1536 4773 1626 4829 57.

562 4864 690 4921 119.
723 4862 840 4919 Non
874 4879 996 4920 esse
1024 4857 1604 4924 excommunicandum
1636 4884 1759 4925 eum
1787 4870 1877 4940 qui
1897 4869 2070 4924 forni-

490 4958 604 5014 cari
645 4957 1026 5025 constituerit,
1061 4958 1129 5015 ad
1179 4973 1317 5029 Opus
1369 4969 1544 5014 tamen
1584 4974 1691 5015 non
1732 4961 1965 5026 venerit,
2014 4968 2074 5013 ut

492 5050 586 5121 qui
623 5050 804 5106 divina
833 5051 1007 5120 gratia
1040 5051 1112 5107 sit
1137 5061 1405 5107 servatus.

569 5141 774 5214 Synodi
806 5141 1041 5198 Nicaeum
1070 5159 1245 5200 canon
1276 5145 1331 5198 4.

570 5234 696 5292 120.
724 5232 844 5290 Non
880 5244 1150 5305 oportere
1170 5234 1563 5301 Christianum,
1611 5233 1931 5306 sanguinem
1979 5241 2076 5288 aut

496 5342 718 5383 carnem
741 5343 771 5381 a
794 5328 966 5383 bestia
995 5336 1231 5397 captam,
1258 5337 1352 5383 aut
1384 5328 1726 5384 morticinum
1754 5327 2071 5383 comedere:

497 5421 545 5476 si
574 5420 719 5476 enim
750 5424 891 5477 sacri
939 5421 1010 5476 sit
1042 5420 1271 5487 ordinis,
1315 5421 1609 5491 dejicitur;
1641 5422 1686 5478 si
1712 5436 1842 5478 vero
1885 5419 2075 5485 laicus,

502 5522 849 5580 segregatur.

573 5605 898 5659 Sanctorum
933 5605 1299 5676 apostolorum
1323 5620 1496 5661 canon
1530 5604 1622 5660 65.

579 5695 781 5767 Synbdi
806 5697 1141 5768 Gangrensis
1170 5712 1344 5754 canon
1370 5698 1429 5753 2.

583 5808 665 5879 (1)
702 5810 929 5880 στοιχέω
979 5807 1279 5879 Hesychius
1310 5810 1697 5880 interpretatur
1754 5808 1983 5869 συνενῶ.
2026 5810 2078 5864 id

506 5891 612 5949 est,
647 5878 920 5941 'coadu'uo.
951 5878 1241 5936 convenio:
1282 5881 1424 5937 uude
1449 5878 1589 5952 apud
1621 5878 2079 5967 Harmcnopulum

2170 4688 2329 4745 τοῦτο
2355 4685 2523 4741 ποιῶν
2551 4682 2895 4763 ἀφορίζεται.

2244 4778 2367 4834 Τῶν
2399 4777 2568 4846 ἁγίων
2589 4771 2907 4829 ἀποστόλων
2931 4769 3113 4824 κανὼν
3143 4769 3239 4835 νζ¹.

2246 4868 2369 4945 ριθ’.
2404 4870 2528 4922 Ὀτι
2576 4867 2636 4920 οὐ
2684 4865 2765 4919 δεῖ
2801 4863 3086 4933 ἀφορίζειν
3126 4862 3218 4916 τὸν
3269 4860 3604 4932 προθέμενον
3649 4858 3751 4929 μὲν

2173 4962 2497 5034 πορνεῦσαι,
2534 4959 2609 5030 μὴ
2642 4956 2865 5010 ὲλθόντα
2892 4955 3067 5018 assa;
3096 4953 3279 5023 ἔργον,
3328 4952 3432 5006 ὑπὸ
3463 4950 3562 5022 τῆς
3598 4949 3751 5014 θείας

2173 5057 2398 5129 χάριτος
2426 5054 2713 5126 ρυσθέντα.

2247 5147 2475 5203 Συνόδου
2510 5145 2747 5209 Νικαίας
2776 5143 2956 5199 κανὼν
2988 5139 3054 5194 δ’.

2254 5239 2361 5314 ρκ’.
2393 5241 2517 5294 Ὅτι
2550 5240 2614 5293 ού
2643 5239 2725 5292 δεῖ
2761 5232 3202 5308 μεταλαμϐάνειν
3227 5225 3555 5297 Χριστιανὸν
3584 5225 3754 5296 αἵμα-

2176 5354 2268 5400 τος
2296 5335 2329 5406 ἢ
2360 5331 2722 5402 θηριαλὼτου,
2754 5330 2788 5400 ἢ
2826 5324 3176 5399 θνησιμαίου.
3217 5322 3280 5374 El
3314 5320 3413 5392 μὲν
3445 5318 3556 5390 γὰρ
3588 5318 3753 5389 ίερω-

2183 5430 2347 5501 μένος
2378 5425 2520 5490 ἐστὶ,
2564 5422 2912 5494 καθαιρεῖται
2934 5435 2948 5451 ’
2986 5420 3035 5472 εί
3067 5416 3124 5470 δὲ
3157 5414 3370 5477 λαῖκὲς,
3406 5409 3750 5481 ἀφορίζεται.

2253 5607 2377 5662 Τῶν
2405 5605 2577 5674 ἁγίων
2603 5602 2920 5658 ἀποστόλων
2954 5598 3134 5656 κανὼν
3160 5594 3261 5667 ξγ’.

2254 5697 2482 5751 Συνόδου
2508 5694 2775 5767 Γαγγρῶν
2802 5691 2982 5748 κανὼν
3012 5692 3081 5764 β’.

2183 5809 2276 5864 lih.
2306 5823 2348 5871 ι,
2380 5808 2464 5861 tit.
2506 5808 2561 5862 8.
2608 5806 2655 5878 §.
2693 5808 2743 5862 1.
2793 5805 2962 5862 Pacta
2998 5815 3047 5862 et
3098 5802 3489 5867 conventiones,
3525 5810 3752 5866 στοιχηο

2185 5880 2347 5936 θέντα
2381 5879 2656 5936 dicuntur.
