4140 6404
512 340 586 405 55
1807 352 2121 414 ARSENII
2166 355 2513 418 MONACHI
3703 359 3778 425 5G

581 459 766 515 Sancti
803 459 1069 515 Timothei
1105 476 1278 516 canon
1312 463 1399 517 11.

585 551 710 606 196.
748 551 808 606 Ei
855 553 945 622 qui
993 555 1287 609 secundum
1339 557 1614 611 contrahit
1659 559 2088 626 matrimonium,

510 659 675 700 unum
712 656 804 699 aut
833 647 968 700 duos
996 661 1168 702 annos
1202 663 1418 716 pmnam
1447 663 1566 705 esse
1595 651 1962 722 irrogandam.

581 733 784 804 Synodi
817 734 1135 792 Laodicenre
1169 753 1338 792 canon
1374 740 1428 795 1.

583 827 766 883 Sancti
809 829 991 883 Basilii
1023 846 1192 884 canon
1225 831 1283 885 41
1320 839 1373 886 et
1399 833 1487 887 55.

580 921 706 977 127.
741 920 858 977 Νοη
903 937 1024 978 esse
1067 924 1485 991 mcechandum;
1535 929 1790 996 quoniam
1823 928 2090 999 siquidem

509 1014 685 1068 sacris
732 1015 1062 1081 ministrent,
1113 1017 1498 1086 deponuntur:
1532 1021 1576 1074 si
1624 1035 1753 1076 vero
1804 1021 1944 1086 laici,
1993 1038 2090 1077 ex-

509 1107 982 1162 communicantur
1012 1109 1066 1170 7,
1095 1120 1190 1163 aut
1233 1111 1321 1175 15,
1359 1122 1452 1166 aut
1481 1113 1643 1168 etiam
1679 1114 1748 1168 50
1783 1129 1971 1168 annos.
2000 1114 2094 1169 Est

511 1198 656 1252 enim
683 1200 847 1256 etiam
887 1200 940 1256 in
971 1201 1072 1256 hoc
1103 1204 1392 1258 discrimen
1431 1206 1725 1260 secundum
1763 1207 1974 1261 divinos
2000 1223 2092 1261 ca-

510 1302 703 1345 nones.

585 1379 907 1439 Sanctorum
943 1386 1310 1454 apostolorum
1341 1403 1514 1442 canon
1549 1389 1638 1444 6|.

589 1471 790 1544 Synodi
819 1474 1122 1545 Ancyraum
1150 1492 1321 1532 canon
1351 1476 1443 1532 20.

583 1564 788 1637 Synodi
814 1567 1046 1624 Niczenze
1075 1585 1245 1624 canon
1276 1572 1298 1624 1
1335 1579 1387 1626 et
1412 1573 1465 1626 8.

584 1657 785 1729 Synodi
819 1658 887 1713 Vl
920 1675 1093 1716 canon
1121 1661 1188 1716 87
1215 1671 1265 1717 et
1300 1662 1389 1718 95.

587 1747 774 1806 Sancti
826 1751 1008 1807 Basilii
1063 1768 1234 1808 canon
1287 1753 1339 1820 7,
1370 1755 1421 1819 9,
1459 1756 1548 1822 2|,
1596 1757 1685 1823 51,
1723 1756 1813 1822 51»,
1860 1755 1950 1822 56,
2001 1756 2088 1816 57.

510 1842 601 1907 59,
629 1843 720 1909 48,
755 1844 842 1910 58,
878 1845 966 1901 77.

585 1933 766 1990 Sancti
799 1936 1044 2005 Gregorii
1079 1937 1304 2009 Nysscni
1333 1955 1502 1993 canon
1539 1943 1593 1994 5.

582 2025 768 2107 Sancti
803 2027 1078 2085 Timothei
1111 2045 1284 2086 canon
1323 2031 1420 2086 l5.

580 2120 705 2175 128.
755 2120 1115 2179 Masculorum
1160 2133 1511 2194 corruptores
1558 2140 1621 2180 ac
1667 2123 1946 2180 brutorum
1997 2141 2092 2196 pu-

507 2214 734 2270 niuntur
764 2233 778 2270 :
807 2216 1072 2288 siquidem
1120 2219 1291 2273 sacris
1339 2218 1538 2273 addicti
1585 2220 1717 2284 sint,
1749 2219 1922 2290 gradu
1975 2235 2094 2281 mo-

506 2316 741 2374 ventur;
774 2309 818 2364 si
852 2323 980 2364 vero
1010 2309 1155 2375 laici,
1189 2309 1258 2364 15
1287 2319 1382 2364 aut
1411 2309 1480 2364 50
1518 2325 1690 2364 anuos
1722 2310 2094 2366 excommuni-

509 2407 725 2454 cantur.

580 2489 783 2562 Synodi
815 2492 1120 2562 Aucyranae
1160 2505 1330 2548 canon
1365 2491 1431 2547 16
1457 2501 1512 2547 et
1547 2493 1612 2546 17

581 2583 773 2639 Sancti
807 2583 992 2640 Basilii
1021 2599 1193 2640 canon
1223 2583 1276 2648 7,
1310 2584 1380 2638 62
1414 2593 1468 2640 et
1498 2583 1591 2639 6'5.

584 2677 772 2732 Sancti
799 2677 1043 2748 Gregorii
1073 2676 1301 2748 Nysseni
1339 2692 1512 2732 canon
1541 2677 1598 2732 5.

582 2769 708 2825 129.
743 2769 1007 2840 Oportere
1033 2785 1126 2825 eos
1155 2769 1245 2839 qui
1276 2769 1580 2824 voluntarie
1609 2777 1701 2824 aut
1727 2771 2092 2824 involuttaria

511 2861 788 2929 occidunt,
825 2870 918 2915 aut
957 2862 1046 2931 qui
1079 2862 1284 2927 seipsos
1319 2861 1403 2916 vel
1435 2860 1570 2916 alios
1599 2871 1852 2916 exsecant
1887 2860 1967 2915 vel
1996 2876 2088 2915 ea-

509 2955 719 3009 nuchos
777 2953 1000 3018 faciunt,
1071 2953 1322 3008 similiter
1397 2967 1490 3008 eos
1549 2953 1641 3022 qui
1697 2953 2087 3008 medicamenta

511 3047 642 3100 dant
674 3046 868 3116 quibus
917 3045 1059 3101 fetus
1108 3056 1369 3120 necentur
1414 3046 1466 3100 in
1518 3054 1881 3115 utero,atque
1923 3045 2085 3100 etiam

508 3139 931 3209 praestigiatores
956 3147 1010 3192 et
1037 3139 1330 3204 veneﬁcos,
1381 3137 1646 3208 siquidem
1662 3139 1850 3194 ‘sacris
1887 3137 2086 3192 addicti

509 3232 643 3297 sint,
693 3233 860 3299 gradu
893 3230 1144 3298 dejicere,
1194 3231 1239 3286 si
1278 3245 1403 3286 vero
1449 3231 1593 3296 laici,
1621 3229 1689 3285 ad
1718 3229 2084 3285 sacerdotium

511 3339 618 3379 non
654 3323 900 3393 provehi,
932 3323 1026 3377 sed
1052 3323 1318 3394 segregari
1353 3323 1453 3378 hoc
1478 3322 1637 3376 modo
1671 3340 1685 3377 :
1715 3334 1837 3377 eum
1869 3320 2086 3390 quidem

510 3414 604 3484 qui
639 3413 948 3468 voluntarie
994 3413 1216 3474 occidit.
1245 3413 1314 3467 l5
1347 3421 1441 3467 aut
1485 3411 1554 3468 50
1593 3427 1802 3478 annos;
1840 3411 1930 3481 qui
1960 3426 2088 3466 vero

511 3506 898 3572 involuntarie,
936 3505 966 3559 7
1003 3513 1100 3559 aut
1139 3503 1242 3571 10;
1275 3519 1397 3560 eum
1435 3503 1527 3572 qui
1571 3504 1806 3574 seipsum
1839 3502 1922 3556 vel
1955 3501 2088 3557 alios

509 3609 716 3654 castrat
744 3607 838 3654 aut
867 3607 1110 3666 exsecat,
1140 3599 1174 3653 5
1204 3613 1406 3666 annos;
1441 3613 1536 3654 eos
1567 3599 1656 3669 qui
1687 3599 1819 3654 dant
1850 3598 2084 3653 medica-

512 3700 692 3748 menta
729 3693 796 3745 ad
827 3691 968 3744 fetus
997 3691 1288 3757 necandos,
1328 3690 1394 3745 10
1429 3704 1635 3758 annos;
1669 3689 2087 3761 prmstigiatores

510 3791 567 3836 et
600 3783 891 3847 veneﬁcos,
916 3781 986 3836 20
1014 3791 1106 3836 aut
1133 3781 1202 3835 50
1229 3797 1416 3836 annos.

584 3871 911 3927 Sanctorum
943 3873 1308 3943 apostolorum
1339 3887 1511 3928 canon
1544 3872 1635 3936 21,
1667 3872 1739 3926 22
1771 3881 1824 3928 et
1852 3871 1944 3926 25.

582 3965 785 4036 Synodi
815 3964 880 4018 Vl
907 3981 1080 4020 canon
1107 3965 1198 4020 9|.

585 4057 790 4128 Synodi
827 4057 881 4111 in
923 4057 1120 4112 temolo
1163 4054 1484 4113 Sanctorum
1534 4056 1912 4127 Apostolorum
1945 4055 2085 4111 cele-

505 4154 674 4207 brata:
697 4167 873 4207 canon
905 4152 964 4206 8.

580 4243 766 4300 Sancti
799 4243 982 4299 Basilii
1025 4258 1198 4299 canon
1238 4241 1293 4309 2,
1328 4242 1379 4307 7,
1416 4240 1469 4308 8,
1502 4243 1590 4309 11,
1628 4242 1713 4305 15,
1745 4241 1836 4307 55,
1870 4240 1961 4307 42,
1993 4239 2083 4305 52,

506 4335 596 4401 55,
627 4334 718 4397 56,
746 4334 812 4388 57
844 4345 899 4388 et
925 4334 1015 4389 65.

579 4429 760 4483 Sancti
795 4426 1040 4496 Gregorii
1067 4425 1294 4496 Nysseni
1325 4441 1499 4482 canon
1532 4425 1584 4479 ι.

579 4519 764 4575 Sancti
801 4517 1068 4575 Timothei
1112 4503 1284 4574 canon
1318 4517 1404 4571 H.

577 4613 704 4667 150.
738 4609 928 4666 Nullos
969 4626 1090 4666 esse
1120 4619 1369 4680 Oportere
1403 4623 1613 4679 magos,
1648 4618 1740 4663 aut
1777 4607 2079 4677 praestigia-

506 4713 674 4769 tores,
706 4713 799 4757 aut
829 4701 1262 4763 mathematicos,
1295 4712 1387 4755 aut
1419 4699 1737 4769 astrologos,
1771 4709 1865 4756 aut
1906 4700 2084 4754 circu-

503 4795 737 4859 latores,
790 4804 882 4849 aut
931 4794 1294 4865 phylacteria,
1352 4801 1411 4847 ut
1449 4801 1677 4855 vocant,
1733 4790 1911 4847 facere
1941 4809 1956 4847 :
1990 4799 2085 4846 aut

504 4887 768 4955 ejusmodi
824 4887 1132 4952 hominibus
1191 4889 1419 4941 rebusve
1474 4885 1774 4940 adhaerere.
1827 4881 1882 4937 Si
1936 4884 2081 4938 enim

504 4980 677 5035 sacris
707 4979 902 5034 initiati
935 4979 1064 5044 sint,
1093 4980 1468 5046 deponuntur;
1503 4977 1550 5032 si
1578 4991 1707 5031 vero
1731 4975 1876 5042 laici,
1902 4991 2084 5047 segre-

503 5081 702 5141 gantur
731 5071 786 5136 6,
815 5082 907 5126 aut
942 5073 992 5136 7,
1028 5081 1120 5125 aut
1153 5073 1216 5125 15
1245 5086 1417 5126 annos
1444 5086 1458 5123 :
1487 5071 1630 5139 quod
1662 5070 1706 5124 si
1763 5070 1814 5124 in
1847 5069 1931 5125 his
1961 5083 2084 5139 per-

505 5172 774 5227 severent,
812 5178 880 5217 cx
912 5163 1147 5217 Ecclesia
1177 5164 1392 5232 penitus
1419 5163 1728 5233 cjiciuntur.

579 5254 777 5324 Synodi
804 5255 1121 5309 Laodicenze
1154 5270 1328 5308 canon
1353 5254 1441 5308 56.

581 5341 782 5413 Synodi
812 5343 874 5398 Vl
909 5359 1079 5400 canon
1112 5345 1198 5398 61.

579 5525 654 5594 (2)
691 5527 990 5588 Γυτευτάς,
1050 5526 1250 5580 Eadem
1303 5541 1435 5582 voce
1469 5543 1600 5583 usus
1651 5538 1736 5584 est
1789 5531 2081 5586 Aristenus

502 5598 558 5649 in
593 5611 660 5669 Lv
719 5596 853 5651 Can.
907 5597 1073 5669 Cone.
1128 5595 1394 5669 Trullani.
1427 5599 1690 5668 Corrupta
1721 5615 1820 5653 vox
1849 5614 1911 5653 ex
1944 5618 2075 5669 γοηι

503 5665 702 5728 τῖυτὰς
748 5683 866 5735 qme
940 5667 1130 5735 legitur
1197 5668 1246 5720 in
1307 5669 1558 5723 omnibus
1603 5665 1754 5723 libris
1816 5665 1976 5724 editis
2019 5665 2070 5724 i'n

505 5746 658 5790 textu
711 5737 847 5791 Can.
891 5751 1001 5789 ut.
1049 5737 1259 5804 praefati
1299 5739 1546 5804 Concilii,
1579 5739 1622 5792 si
1655 5740 1947 5794 editionem
1972 5740 2068 5795 Ca-

507 5821 711 5861 nonum
760 5805 1016 5862 Ecclesia:
1079 5805 1372 5863 Orientalis
1425 5825 1456 5864 a
1493 5808 1698 5867 Joanne
1742 5809 1878 5865 Tilio
1929 5825 2069 5869 anno

2123 487 2166 537 Α
2269 473 2375 525 Τοῦ
2404 474 2561 541 ἁγίου
2598 474 2866 544 Τιμοθέου
2901 475 3079 531 κανὼν
3115 484 3204 534 ια’.

2270 567 2420 638 ρκς·’.
2455 569 2578 624 ’Ὁτι
2607 569 2686 622 δεῖ
2716 572 2978 643 ἐπιτιμᾷν
3001 573 3323 643 διγαμοῦντι
3353 574 3446 629 ἐπὶ
3470 575 3650 649 χρόνῳ
3670 574 3772 643 ἐνὶ,

2196 659 2227 727 ἢ
2260 659 2372 714 δύο.

2268 751 2494 804 Συνόδου
2525 753 2848 817 Λαοδικείας
2880 755 3060 808 κανὼν
3090 755 3159 812 α’.

2266 843 2371 895 Τοῦ
2401 845 2560 911 ἁγίου
2592 845 2876 900 Βασιλείου
2911 848 3092 902 κανὼν
3125 856 3236 920 μα’,
3263 857 3364 918 νγ’.

2270 936 2407 1004 ρκξ.
2441 937 2565 990 ’Ὀτι
2614 938 2675 990 ού
2714 939 2797 991 δεῖ
2835 939 3142 1009 μοιχεύειν·
3197 943 3343 1006 ἐπεὶ,
3374 943 3424 996 εί
3468 944 3567 1014 μιν
3613 943 3776 1015 ῑερω-

2198 1027 2350 1096 μένοι
2375 1027 2502 1090 εἰσὶ,
2550 1028 2945 1100 καθαιροῦνται
2966 1046 2983 1058 ’
3017 1031 3065 1083 εί
3093 1032 3149 1084 δὲ
3187 1033 3393 1094 λαῖκοὶ,
3421 1035 3777 1105 ἀφορίζονται

2196 1121 2576 1190 ἁκοινωνήτως
2607 1120 2722 1193 [ἵσ.
2770 1121 3166 1194 ἀκοινωνησίᾳ]
3215 1125 3309 1178 ἐπὶ
3351 1127 3564 1196 χρόνοις
3612 1128 3774 1189 ἑπτὰ,

2196 1211 2227 1279 ἢ
2260 1212 2343 1276 ιε’,
2374 1211 2407 1281 ἢ
2433 1214 2526 1265 καὶ
2555 1212 2617 1266 λ’.
2655 1214 2810 1266 Ἔστι
2844 1215 2953 1286 γὰρ
2977 1215 3069 1268 καὶ
3101 1217 3158 1269 ὲν
3177 1215 3350 1289 ταύτῃ
3376 1218 3611 1290 διαφορὰ
3635 1220 3778 1273 κατὰ

2195 1305 2322 1366 τοὺς
2354 1305 2535 1367 θείους
2566 1307 2798 1371 κανόνας
2811 1350 2824 1363 .

2269 1396 2389 1450 Τῶν
2423 1397 2594 1464 ἁγίων
2622 1400 2936 1453 ἀποστόλων
2967 1400 3150 1456 κανὼν
3181 1401 3282 1467 ξαί.

2267 1487 2494 1540 Συνόδου
2534 1489 2812 1560 Ἀγκύρας
2847 1489 3032 1543 κανὼν
3065 1489 3136 1544 κ’.

2269 1579 2493 1632 Συνόδου
2530 1579 2764 1643 Νικαίας
2791 1582 2973 1634 κανὼν
3001 1589 3049 1636 α’
3083 1583 3175 1638 καὶ
3207 1590 3278 1652 η’.

2267 1670 2491 1723 Συνόδου
2519 1679 2572 1737 ς’
2612 1672 2791 1726 κανὼν
2827 1674 2914 1738 πζ⁹
2953 1677 3048 1726 καὶ
3081 1673 3188 1742 ῑ-,γ’.

2270 1763 2376 1817 Τοῦ
2406 1765 2562 1832 ἁγίου
2600 1766 2884 1820 Βασιλεεου
2918 1767 3099 1820 κανὼν
3141 1768 3206 1832 ζ’,
3245 1766 3310 1833 θ’,
3359 1776 3466 1822 κα’.
3523 1769 3624 1834 λα’,
3680 1767 3775 1828 λδ’.

2128 1823 2168 1876 Β
2199 1856 2308 1920 λς’.
2336 1856 2436 1922 λς’,
2456 1823 2570 1922 ’λοκ
2603 1865 2720 1930 μη’,
2751 1867 2853 1926 νη’.
2887 1861 2982 1924 οςι.

2269 1949 2376 2003 Τοῦ
2405 1950 2562 2018 ἁγίου
2595 1951 2898 2020 Γρηγορίου
2935 1951 3158 2022 Νύσσης
3190 1950 3368 2006 κανὼν
3393 1951 3463 2019 γ’.

2266 2042 2372 2095 Τοῦ
2407 2043 2564 2110 ἁγίου
2597 2043 2864 2114 Τιμοθέου
2893 2043 3073 2097 κανὼν
3098 2043 3179 2098 ιε’.

2269 2142 2413 2206 ρκη’.
2454 2136 2582 2189 Ὅτι
2636 2137 3002 2206 ὲπιτιμῶνται
3049 2138 3467 2208 ἁρῤενοφθόροι,
3515 2137 3608 2190 καὶ
3639 2137 3774 2202 ζωο-

2196 2227 2389 2298 φθόροι
2410 2243 2423 2257 ⁸
2462 2227 2510 2279 εί
2540 2226 2642 2294 μὲν
2679 2227 2969 2298 ίερωμένοι
3008 2228 3135 2294 εἰσὶ,
3166 2229 3560 2300 καθαιροῦνται
3588 2245 3601 2260 ·
3633 2229 3682 2280 εί
3717 2227 3776 2280 δὲ

2194 2319 2395 2384 λαῖκοὶ,
2423 2317 2779 2391 ἀφορίζονται
2813 2319 2906 2373 ἐπὶ
2940 2319 3156 2390 χρόνοις
3181 2327 3264 2386 ιε’,
3300 2321 3332 2389 ἢ
3363 2320 3428 2376 λ’.

2266 2506 2491 2560 Συνόδου
2539 2505 2812 2574 Ἀγκύρας
2847 2505 3031 2559 κανὼν
3060 2505 3138 2570 ις’
3167 2505 3260 2558 καὶ
3290 2504 3380 2568 ιζ’.

2266 2599 2376 2651 Καὶ
2401 2597 2495 2650 τοῦ
2527 2596 2684 2662 ἁγίου
2717 2596 3002 2650 Βασιλείου
3032 2593 3215 2649 κανὼν
3249 2595 3316 2659 ς’,
3350 2593 3425 2663 ξβ¹
3459 2594 3556 2648 καὶ
3589 2593 3690 2663 ξγ’.

2265 2687 2373 2742 Τοῦ
2399 2689 2556 2756 ἁγίου
2587 2687 2889 2758 Γρηγορίου
2930 2685 3148 2758 Νύσσης
3181 2685 3359 2740 κανὼν
3387 2685 3456 2756 γ’.

2267 2781 2406 2851 ρκθ’.
2447 2781 2566 2833 ’Ὁτι
2596 2780 2678 2833 δεῖ
2700 2779 2824 2841 τοὺς
2857 2779 3185 2849 φονεύοντας
3217 2779 3502 2842 ἑκουσίως,
3537 2777 3567 2848 ἦ
3609 2779 3776 2831 ἀκου-

2195 2872 2347 2935 σίως,
2391 2870 2823 2940 ῆὲκτέμνοντας
2863 2869 3113 2933 ἑαυτοὺς,
3158 2868 3191 2937 ἢ
3238 2868 3479 2937 ἑτέρους,
3527 2867 3772 2936 εὐνουχί-

2194 2964 2387 3028 ζοντας
2412 2976 2426 2989 ·
2454 2963 2657 3031 ὁμοίως
2694 2961 2790 3015 καί¹
2831 2961 2958 3022 τοὺς
2988 2960 3054 3013 τὰ
3098 2960 3476 3029 ἐμϐρυοκτόνα
3501 2958 3774 3028 φάρμακα

2191 3054 2449 3116 διδόντας,
2488 3054 2583 3106 καὶ
2616 3053 2724 3122 μὴν
2754 3054 2877 3116 τοὺς
2904 3053 3107 3120 γόητας
3144 3052 3238 3104 καὶ
3265 3051 3389 3112 τοὺς
3419 3050 3771 3119 φαρμακοὺς,

2194 3149 2243 3199 εί
2275 3146 2373 3216 μὲν
2409 3144 2700 3215 ἱερωμένοι
2729 3141 2861 3208 εἷεν,
2900 3143 3221 3214 καθαιρέσει
3252 3142 3607 3196 ὑποϐάλλειν·
3639 3142 3685 3194 εἰ
3717 3140 3772 3194 δὲ

2193 3236 2394 3301 λαῖκοὶ,
2424 3237 2501 3298 εἰς
2531 3229 2835 3305 ἱερωσύνην
2863 3234 2938 3301 μὴ
2967 3233 3245 3304 ἔρχεσθαι,
3273 3231 3388 3284 ἀλλ’
3411 3230 3770 3302 ἀφορίζεσθαι

2191 3327 2363 3390 οὕτως
2398 3342 2412 3357 '
2451 3324 2556 3378 Τὸν
2605 3325 2703 3394 μὲν
2755 3321 3018 3385 ἑκουσίως
3059 3321 3374 3392 φονεύοντα,
3406 3322 3497 3374 ἐπὶ
3543 3321 3770 3391 χρόνους

2189 3419 2487 3474 δεκαπέντε
2520 3420 2553 3490 ἢ
2597 3419 2662 3482 λ’,
2690 3417 2782 3471 τὸν
2810 3417 2866 3470 δὲ
2913 3417 3206 3480 ἀκουσίωςς
3252 3417 3343 3469 ἐπὶ
3389 3415 3614 3486 χρόνους
3642 3414 3704 3477 ζ’,
3733 3412 3767 3486 ἦ

2188 3513 2341 3567 δέκα.
2374 3509 2479 3566 Τὸν
2525 3512 2719 3565 ἑαυτὸν
2830 3511 3054 3580 ἐτέρους
3100 3509 3498 3578 εὐνουχίζοντα,
3544 3507 3576 3578 ἢ
3618 3505 3772 3559 ἑκτέ-

2192 3622 2417 3673 μνοντα,
2450 3604 2542 3657 ἐπὶ
2582 3603 2814 3672 χρόνους
2851 3601 2921 3668 γ’.
2963 3601 3104 3664 Τοὺς
3129 3604 3196 3653 τὰ
3230 3600 3604 3671 ὲμϐρυοκτόνα
3630 3599 3770 3669 φάρο

2191 3715 2341 3767 μοικα
2369 3695 2634 3760 διδόντας,
2667 3695 2756 3748 ἐπὶ
2797 3693 3026 3764 χρόνους
3053 3693 3188 3746 δέκα
3213 3708 3226 3720 ·
3263 3694 3388 3756 τοὺς
3441 3691 3644 3760 γόητας
3677 3687 3768 3744 καὶ

2189 3789 2518 3861 φαρμακοὺς
2552 3786 2644 3840 ἐπὶ
2676 3786 2902 3857 χρόνους
2937 3791 3008 3850 κ’,
3045 3785 3076 3854 ἢ
3111 3783 3176 3836 λ’.

2259 3883 2382 3934 Τῶν
2422 3881 2592 3948 ἁγίων
2617 3880 2931 3934 ἀποστόλων
2962 3876 3143 3932 κανὼν
3185 3883 3292 3937 κα’,
3328 3874 3408 3948 κβ’
3437 3878 3530 3930 καὶ
3553 3874 3658 3945 κγ’.

2259 3973 2483 4026 Συνόδου
2516 3971 2570 4036 ς’
2601 3969 2779 4025 κανὼν
2813 3975 2919 4038 1.,α’.

2259 4059 2488 4112 Συνόδου
2527 4061 2585 4112 ἐν
2613 4057 2692 4129 τῷ
2735 4058 2848 4128 ναῷ
2884 4058 2990 4113 τῶν
3036 4058 3235 4127 Ἀγίων
3287 4059 3624 4112 Ἀποστόλων
3673 4077 3758 4111 κα-

2188 4149 2294 4205 νὼν
2319 4148 2390 4220 η’.

2259 4244 2366 4296 Τοῦ
2395 4243 2552 4312 ἁγίου
2595 4244 2877 4297 Βασιλείου
2906 4243 3085 4297 κανὼν
3112 4243 3178 4313 β’,
3209 4242 3281 4308 ζ’,
3315 4251 3388 4313 η’,
3419 4242 3514 4310 ια’,
3541 4241 3632 4312 ιγ’,
3661 4242 3766 4312 λγ’,

2191 4331 2305 4404 μγ’,
2332 4333 2434 4404 νβ’,
2468 4334 2562 4400 γε’,
2593 4343 2702 4400 νς’,
2731 4335 2814 4401 νζ¹
2843 4337 2936 4389 καὶ
2965 4333 3060 4402 ξε’.

2261 4429 2368 4481 Τοῦ
2401 4429 2559 4492 ἁγίου
2590 4429 2896 4499 Γρηγορίου
2929 4428 3153 4498 Νύσσης
3179 4428 3358 4482 κανὼν
3394 4427 3456 4482 δ’.

2113 4520 2162 4581 D
2258 4521 2365 4574 Τοῦ
2400 4520 2559 4589 ἁγίου
2585 4520 2854 4590 Τιμοθείου
2887 4519 3068 4574 κανὼν
3101 4520 3180 4574 ιδ’.

2261 4611 2358 4684 ρλ’.
2382 4613 2582 4666 Ὅτιού
2601 4613 2682 4666 δεῖ
2699 4632 2847 4678 τινας
2865 4611 3006 4669 εἶναι
3032 4615 3258 4686 μάγους,
3280 4613 3315 4680 ἢ
3339 4612 3563 4681 γόητας,
3594 4611 3627 4681 ἢ
3659 4627 3766 4680 μα-

2187 4705 2253 4776 θη
2265 4707 2548 4775 ματικοὺς,
2574 4706 2606 4778 ἢ
2633 4706 3018 4778 ἀστρολόγους,
3115 4707 3381 4776 γυτευτὰς
3403 4705 3503 4776 (2),
3534 4704 3565 4773 ἢ
3591 4706 3765 4757 ποιεῖν

2185 4794 2254 4848 τὰ
2283 4795 2551 4866 λεγόμενα
2571 4797 2939 4868 φυλακτήρια,
2989 4798 3021 4868 ἢ
3079 4797 3341 4860 τοιούτοις
3369 4796 3484 4849 τισὶ
3528 4811 3764 4866 προσαν-

2187 4886 2334 4956 ἐχειν
2355 4904 2368 4918 ο
2399 4888 2450 4940 εί
2494 4889 2592 4957 μὲν
2629 4889 2737 4959 γὰρ
2765 4890 3054 4960 ἱερωμένοι
3080 4891 3208 4955 εἰσὶ,
3241 4888 3633 4960 καθαιροῦνται
3665 4900 3679 4915 ·
3715 4889 3765 4941 εί

2189 4981 2247 5035 δὲ
2291 4981 2500 5045 λαῖκοὶ,
2547 4981 2901 5052 ἀφορίζονται
2950 4982 3045 5035 ἐπὶ
3090 4983 3303 5052 χρόνοις
3332 4979 3408 5046 ς’,
3449 4979 3632 5050 ἦς’,ἣ
3669 4987 3764 5032 ιε”

2189 5075 2237 5126 εἰ
2259 5073 2314 5126 δὲ
2342 5074 2656 5141 ὲπιμένοιεν
2680 5073 2910 5138 τούτοις,
2934 5074 3370 5147 ἀποῤῥίπτονται
3400 5076 3500 5144 τῆς
3536 5071 3764 5142 Ἐκκλη-

2190 5165 2312 5228 σίας
2343 5166 2516 5234 πάντη

2259 5261 2484 5313 Συνόδου
2515 5260 2832 5324 Λαοδικείας
2873 5261 3053 5316 κανὼν
3085 5261 3196 5325 λς’.

2257 5352 2487 5405 Συνόδου
2514 5349 2568 5416 ς’
2601 5354 2780 5406 κανὼν
2806 5351 2903 5417 ξα’.

2186 5532 2326 5604 1540
2382 5533 2734 5604 evulgatam,
2807 5549 2968 5604 quam
3058 5542 3279 5604 secutus
3340 5539 3423 5586 est
3485 5528 3761 5586 Gesncrus

2183 5602 2237 5656 in
2304 5619 2396 5657 sua
2438 5601 2675 5658 editione
2709 5601 2838 5657 anni
2873 5601 3032 5666 1552,
3081 5602 3342 5669 excipias,
3411 5616 3529 5669 quae
3577 5616 3760 5668 γυτευι

2183 5673 2319 5736 κτὰς
2346 5674 2526 5728 habet.
2555 5674 2666 5727 l-lac
2683 5685 2861 5729 autem
2893 5688 3028 5729 voce
3061 5672 3367 5743 intelligunt
3394 5670 3635 5742 praedicti
3673 5679 3761 5724 au-

2181 5748 2362 5800 ctores
2396 5745 2738 5799 circulatores
2766 5761 2854 5799 seu
2895 5756 3136 5814 agyrtas.
