2070 3219
886 124 890 137 l

186 197 220 226 57

222 255 279 282 Τοῦ
297 255 380 290 ἁγίου
395 255 541 283 Βασιλεῐου
555 256 646 284 κανὼν
664 256 695 290 ξ’.

225 302 281 329 Τοῦ
298 303 380 336 ἁγίου
398 302 553 338 Γρηγορίου
568 303 681 338 Νύσσης
692 302 781 330 κανὼν
795 303 828 338 β’.

230 347 298 382 ρλα¹.
323 348 388 374 ’Ὁτι
400 347 442 374 δεῖ
461 349 524 380 τοῦς
542 349 572 375 ὲν
590 349 722 385 διωγμοῖς
739 350 929 384 παραϐάντας,
944 350 991 377 καὶ

194 394 436 430 ’προσερχομένους
450 396 483 430 τῇ
504 394 657 431 Ἐκκλησία
671 396 873 431 προσδέχεσθαι
890 398 918 423 ὲν
933 397 991 423 δια-

195 441 292 475 φοραῖς
308 441 461 476 ἐπιτιμίων
481 449 487 456 ⁵
504 441 589 476 ἤγουν
612 442 674 473 τοὺς
693 442 742 476 μὲν
761 443 845 477 χωρὶς
867 443 991 477 ἀνάγκης

194 486 385 521 παραϐάντας,
405 487 458 518 ἕως
481 487 609 519 θανάτου,
626 488 642 523 ἢ
668 489 697 515 ἐν
721 489 754 524 ιβ’
770 488 843 515 ἔτεσι
860 497 866 503 ·
884 490 946 520 τοὺς
962 489 990 515 δὲ

194 532 250 567 βίᾳ,
272 534 301 559 ἐν
328 533 435 568 χρόνοις
457 533 525 569 ς’,ἢ
544 533 590 569 η’·
616 535 677 566 τοὺς
697 534 725 561 δὲ
751 536 820 570 μετὰ
848 535 989 569 κλαυθμοῦ

193 577 272 605 τοῦτο
291 579 437 613 παθόντας,
454 580 484 606 ὲν
502 579 526 614 γ’
541 587 648 615 χρονοις
662 589 668 595 “
687 582 731 608 κα)
750 582 838 608 ταῦτα
857 582 907 615 μὲν
926 590 990 608 συν-

193 625 303 658 ελόντες
339 627 443 662 φαμέν.
463 626 541 654 Ἐστι
565 627 594 655 δὲ
612 628 659 655 κα)⁴
677 629 759 662 ἑτέρα
784 638 827 660 τις
852 629 989 663 διάκρισις

192 670 346 707 λεπτοτέρα
364 673 440 707 παρὰ
462 673 519 705 τοῖς
538 674 660 706 κανόσιν,
679 674 713 709 ἥν
733 675 931 709 ἀναγινώσκων
945 676 989 701 εὑ-

193 719 300 753 ρήσεις.
319 720 373 745 Καὶ
390 720 431 746 ἔτι
454 721 478 746 οἱ
495 720 636 755 ἀρχιερεῖς
658 721 785 753 ἐξουσίαν
809 721 900 756 ἔχουσι
916 722 989 748 δοκι-

193 764 292 800 μάζειν
310 766 355 792 τὸν
378 766 480 800 τρόπον
501 767 552 801 τῆς
566 768 749 802 ἐπιστροφῆς,
771 769 818 794 καὶ
833 768 988 803 φιλανθρω-

191 812 326 839 πεύεσθαι
347 812 390 838 ἐπ’
407 813 512 845 αὐτοῖς,
531 813 547 848 ἢ
567 813 695 845 πλείονας
721 815 899 849 προστιθέναι
922 816 987 851 χρό-

190 860 339 890 νους.Τοῐς
360 859 387 885 δὲ
404 860 526 895 ἀργύρια
547 860 689 894 δεδωκόσι,
707 862 756 888 καὶ
775 863 952 896 ἑκςρυγοῦσιν,
970 863 985 898 ἦ

191 905 284 933 πάντα
308 906 510 940 καταλείψασι,
543 908 591 934 καὶ
622 909 852 944 ἀναχωρήσασιν,
878 910 908 935 οὑ
935 910 985 946 χρὴ

190 952 333 985 ἐγκαλεῖν.
351 953 405 979 Καὶ
431 953 599 988 ίερωμένους
612 954 640 980 δὲ
661 954 798 986 θύσαντας
814 956 860 982 καὶ
877 957 984 982 ἀναπαο

188 998 340 1030 λαίσαντας
365 998 560 1033 καθαιρεῖσθαι
585 1000 638 1036 χρὴ
664 1001 746 1036 μόνον
761 1010 768 1018 ·
788 1002 938 1029 ἀπολαύειν
958 1003 986 1029 δὲ

188 1042 243 1077 τῆς
257 1042 350 1079 τιμῆς.

226 1136 289 1165 Τῶν
304 1137 390 1172 ἁγίων
409 1137 567 1165 ἀποστόλων
581 1138 673 1166 κανὼν
688 1139 738 1172 ξω.

229 1183 346 1211 Συνόδου
363 1184 484 1216 Νικαίας
505 1184 595 1211 κανὼν
614 1184 647 1212 ια’
663 1186 712 1212 καὶ
730 1185 773 1220 ιβ’.

228 1230 343 1257 Συνόδου
375 1231 516 1267 ’Λγκύρας
534 1231 622 1258 κανὼν
639 1231 674 1264 α’,
689 1231 723 1267 β’,
744 1232 776 1264 δ’,
794 1235 825 1266 ε’,
849 1235 887 1265 ς’,
900 1232 932 1266 ζ’,
949 1231 984 1268 η’,

193 1276 225 1310 θ’,
245 1280 270 1307 ι’.
290 1280 335 1311 ια’,
351 1277 395 1312 ιβ’,
418 1281 462 1311 ιγ’.

227 1324 281 1351 Τοῦ
300 1325 379 1358 ἁγίου
394 1325 538 1352 Βασιλείου
556 1327 647 1352 κανὼν
663 1324 716 1359 με’,
735 1329 786 1359 ογ’,
800 1329 855 1352 m’.

228 1369 282 1396 Τοῦ
304 1370 383 1404 ἁγίου
395 1371 547 1406 Γρηγορίου
563 1371 676 1407 Νύσσης
692 1370 783 1398 κανὼν
796 1370 829 1398 α’.

229 1417 298 1452 ρλϐ’.
313 1418 374 1444 ’Ὁτι
394 1418 423 1445 οὐ
440 1418 481 1451 δεῖ
494 1417 608 1453 ὀμνύειν
629 1419 701 1446 τινά.
719 1419 750 1445 Εἰ
766 1419 794 1445 δὲ
810 1421 858 1446 καὶ
879 1420 983 1455 συμϐῇ,

192 1464 217 1490 εξ
236 1463 286 1498 μὲν
300 1463 346 1490 ἐπὶ
361 1465 516 1500 παραὸάσει
532 1465 643 1500 ἐντολῆς
659 1464 725 1491 Θεοῦ
743 1465 848 1499 ὀμόσει,
862 1466 985 1492 τουτέστι

193 1511 243 1543 τῆς
267 1511 365 1537 ἑαυτοῦ
391 1511 492 1546 ψυχῇς,
512 1512 527 1546 ἢ
546 1512 641 1547 ἐτέρου
663 1512 748 1543 τινὸς,
773 1513 803 1538 οὐ
829 1512 870 1538 δεῖ
892 1513 985 1547 τηρεῖν

192 1557 240 1582 τὸν
255 1557 346 1592 ὅρκον.
365 1557 431 1585 Ὅτε
443 1557 471 1584 δὲ
488 1557 583 1592 ὀμόσει
606 1558 643 1592 μὴ
669 1557 871 1590 καταδέξασθαι
893 1567 985 1593 χειρο-

190 1605 293 1636 τονίαν,
312 1604 437 1640 ἢὲτερὸν
460 1614 485 1631 τι
507 1605 638 1636 τοιοῦτον,
658 1605 694 1640 μὴ
715 1605 880 1640 ἑπιορκείτω
893 1614 900 1621 ·
917 1605 985 1631 εἰδὲ

191 1651 225 1677 ἐκ
248 1651 331 1686 φόϐου
348 1651 473 1678 κινδύνου
499 1651 605 1687 ὀμόσει,
626 1651 792 1686 συγγνώμης
809 1652 883 1684 ἄξιος
897 1649 985 1684 οὗτος.

227 1741 281 1768 Τοῦ
293 1741 372 1775 ἁγίου
392 1741 534 1767 Βασιλείου
550 1738 640 1767 κανὼν
654 1740 679 1772 ι’,
698 1741 742 1773 ιζ’,
756 1739 807 1768 κθ’.

232 1787 301 1823 ρλγ’.
317 1788 380 1814 ’Ὅτι
394 1788 424 1814 οὺ
439 1787 479 1814 δεῖ
495 1788 609 1819 πιστοὺς
633 1788 800 1822 προσφέρειν
814 1796 839 1814 τι
852 1787 892 1818 είς
908 1786 982 1822 ἱερὸν

191 1834 288 1866 ἐθνῶν,
309 1834 324 1869 ἦ
357 1834 503 1866 Ἰουδαίων,
525 1834 541 1869 ἢ
569 1834 727 1869 αἱρετικῶν,
748 1834 764 1868 ἢ
792 1834 986 1867 συγκοινωνεῖν

190 1881 294 1912 αὐτοῖς,
309 1881 324 1916 ἦ
339 1880 407 1916 πρὸς
419 1880 518 1911 αὐτοὺς
530 1880 701 1915 ἀπέρχεσθαι
715 1880 798 1916 εὐχῆς
810 1880 825 1914 ἢ
835 1880 986 1915 θεραπείας

190 1927 292 1954 ἕνεκα·
315 1927 331 1962 ἦ
360 1926 550 1961 συνεορτάξειν
578 1927 682 1960 αὐτοῖς,
707 1927 723 1962 ἢ
746 1927 984 1962 συννηστεύειν,ἧ

190 1974 316 2009 δέχεσθαι
331 1974 365 2000 τὰ
379 1973 445 2009 παρ’
460 1974 550 2000 αὐτῶν
573 1974 659 2006 ξένια,
677 1974 692 2009 ἢ
710 1973 814 2008 ἄζυμα,
830 1974 846 2009 ἢ
862 1974 985 2009 ἰατρεύε-

192 2019 256 2046 σθαι
278 2019 343 2054 παρ¹
356 2018 458 2051 αὐτῶν,
477 2018 494 2053 ἢ
508 2020 535 2045 ὲν
552 2018 686 2054 βαλανείῳ
709 2018 929 2054 συλλούεσθαι,ἢ
948 2019 985 2050 ὡς

193 2065 336 2100 κληρικοῖς
349 2064 518 2099 προτρέπειν
544 2065 636 2096 αὐτοῖς
654 2064 777 2100 ἐνεργεῖν
793 2074 819 2091 τι
830 2072 837 2081 ’
857 2065 925 2092 ἀλλὰ
938 2065 986 2099 μό-

190 2118 235 2136 νον
253 2110 318 2136 ποτὲ
342 2109 563 2144 παραῦαλόντας,
585 2110 766 2144 ἐπιχορηγεῖν
788 2110 822 2136 τὰ
846 2110 915 2145 πρὸς
936 2109 986 2145 τὴν

189 2157 304 2193 χρείαν,
320 2158 359 2186 εἰς
376 2157 524 2183 κοινωνίαν
539 2157 565 2183 δὲ
582 2157 685 2189 αὐτοὺς
707 2157 745 2192 μὴ
767 2157 983 2193 παραδέχεσθαι.

196 2201 272 2229 Ἐπεὶ
289 2204 303 2229 ὀ
319 2203 395 2239 παρὰ
409 2203 499 2230 ταῦτα
522 2203 618 2236 ποιῶν,
634 2204 659 2229 εἰ
681 2204 730 2238 μὲν
743 2204 893 2238 ἱερωμένης
914 2204 984 2235 ἐστὶ,

189 2250 363 2285 καθαιρεῖται
381 2258 387 2262 ·
405 2249 430 2275 εί
445 2249 473 2275 δὲ
488 2248 595 2282 λαῖκὸς,
618 2249 782 2284 ἀφορίζεται
799 2257 805 2263 ·
825 2249 898 2280 τινὲς
911 2249 939 2275 δὲ
956 2250 984 2283 ἐξ

190 2296 282 2323 αὐτῶν
298 2296 347 2323 καὶ
358 2294 554 2330 καθαιροῦνται
570 2296 598 2322 ἐν
611 2295 714 2331 ταύτῷ,
730 2296 777 2322 καὶ
788 2295 965 2331 ἀφορίζονται
978 2303 984 2310 '

190 2342 263 2373 τινὲς
278 2342 326 2369 καὶ
336 2341 595 2376 ἀναθεματίζονται.

224 2431 285 2458 Τῶν
305 2430 393 2466 ἁγίων
409 2429 566 2458 ἀποστόλων
581 2431 672 2457 κανὼν
688 2428 720 2464 ζ’,
742 2430 795 2465 λγ’,
822 2434 874 2465 με’,
894 2430 939 2463 ξε’,
954 2434 986 2462 ο’,

190 2481 239 2506 οα’.

225 2522 342 2550 Συνόδου
356 2520 519 2554 Λαοδικείας
532 2521 623 2549 κανὼν
634 2522 666 2554 θ’,
681 2521 731 2557 λβ’,
747 2522 798 2556 λγ’,
814 2522 860 2555 λδν,
872 2522 918 2555 λε’,
934 2521 966 2554 λζ
976 2541 983 2554 ,

190 2569 243 2605 λη’.
259 2570 310 2597 λιν.

225 2616 340 2642 Συνόδου
358 2613 385 2648 ς’
398 2614 490 2642 κανὼν
507 2618 552 2642 ια’.

224 2663 281 2689 Καὶ
296 2663 430 2697 Θεοφίλου
446 2663 537 2690 κανὼν
553 2663 586 2695 ζ’.

225 2707 289 2744 ρλδ’.
315 2709 379 2735 Ὅτι
401 2707 441 2734 δεῖ
467 2708 531 2740 τοὺς
548 2708 602 2735 ἀπὸ
630 2709 775 2739 Ἰουδαῖων,
800 2707 816 2743 ἢ
839 2706 984 2742 αἱρετικῶν

190 2755 405 2791 ἑπιστρέφοντας
419 2753 556 2789 δέχεσθαι,
568 2756 591 2781 εἰ
608 2755 820 2790 ὁμολογήσουσιν
835 2754 984 2788 ἐγγράφως

190 2801 348 2828 ἀκολουθεῖν
360 2801 416 2832 τοῖς
431 2799 482 2834 τῆς
500 2800 664 2836 Ἐκκλησίας
677 2800 805 2835 δόγμασι,
826 2801 872 2827 καὶ
886 2801 985 2827 ἀναθε-

192 2848 338 2882 ματισουσι
362 2847 454 2878 πάσας
475 2847 524 2879 τὰς
546 2847 679 2883 αἱρέσεις,
704 2849 751 2874 καὶ
769 2848 870 2883 μᾶλλον
892 2848 935 2882 ὑφ’
951 2845 984 2884 ἧς

191 2894 373 2929 κατέχονται·
388 2894 412 2920 εἰ
428 2893 457 2920 δὲ
469 2892 507 2929 μὴ
528 2894 599 2921 οὕτω
620 2895 833 2930 μετανοήσουσι,
850 2895 919 2922 ἀλλὰ
933 2904 983 2922 κα-

191 2941 365 2976 ταφρονοῖεν,
382 2940 473 2976 πὰσης
491 2941 636 2972 κοινωνίας
659 2941 816 2977 ἅλλοτρῖους
833 2940 913 2970 εἶναι.
929 2943 983 2968 Καὶ

839 200 1008 231 EPITOME
1026 201 1151 232 CANON
1156 202 1213 232 ΠΜ

1005 261 1031 290 Α
1081 258 1173 286 Sancti
1193 259 1286 287 Basilii
1301 266 1388 288 canon
1401 259 1446 288 60.

1080 304 1173 332 Sancti
1191 305 1313 340 Gregorii
1331 305 1446 342 Nysseni
1460 314 1547 334 canon
1562 307 1591 334 Ω.

1079 351 1141 379 151.
1157 352 1210 379 Eos
1224 352 1269 386 qui
1287 352 1313 379 in
1330 352 1567 387 persecutionibus
1581 355 1745 390 transgressi
1761 361 1835 391 sunt,

1042 401 1125 432 alque
1149 398 1182 424 ad
1210 397 1359 425 Ecclesiam
1380 398 1525 431 accedunt.
1551 400 1739 435 suscipiendos
1763 410 1835 435 esse,

1043 451 1135 479 paena,
1154 444 1276 472 adhibito
1290 444 1456 476 discrimine.
1470 445 1537 479 ipsis
1552 445 1670 481 irrogata
1685 455 1693 473 τ
1711 448 1837 476 videlicet

1026 490 1077 517 ‘iis
1094 490 1138 524 qui
1165 490 1234 517 citra
1260 491 1448 518 necessitatem
1472 493 1636 527 transgressi
1661 498 1734 526 sunt,
1751 502 1837 529 usque

1042 535 1075 563 ad
1091 540 1204 563 mortetn
1223 542 1269 564 attt
1285 537 1317 563 12
1338 537 1432 570 annis;
1447 538 1479 565 iis
1494 539 1539 572 qui
1557 539 1609 565 vim
1626 540 1698 574 passi
1722 545 1795 572 sunt.
1819 540 1835 567 6

1042 587 1089 609 aut
1103 582 1120 609 8
1134 583 1227 617 annis;
1252 584 1284 610 iis
1299 591 1364 612 vero
1379 585 1423 617 qui
1439 592 1500 612 cum
1518 585 1582 612 ﬂetu
1599 586 1648 613 hoc
1669 586 1803 618 fecerunt,
1818 588 1835 614 5

1041 629 1131 656 annis.
1144 629 1232 665 Atque
1249 629 1306 657 haec
1320 630 1429 664 quidem
1445 631 1636 665 compendiose
1649 631 1774 659 dicimus.
1788 632 1836 659 Est

1041 682 1105 703 vero
1119 675 1200 703 etiam
1215 675 1266 703 alia
1282 677 1404 711 quaedam
1420 676 1559 704 distinctio
1575 678 1729 705 accuratior
1744 679 1771 705 in
1789 686 1836 705 ca-

1040 723 1167 756 nentibus,
1192 730 1273 758 quam
1291 723 1404 758 legendo
1421 724 1553 751 invenies.
1579 724 1645 751 Item
1671 725 1752 753 etiam
1775 725 1834 759 epi-

1039 777 1136 804 scopos
1156 773 1317 804 potestatem
1336 769 1436 797 habere
1451 770 1639 798 conversionis
1655 771 1764 799 modum
1784 778 1834 799 ex-

1039 816 1174 852 plorandi,
1194 816 1231 843 ita
1246 821 1274 844 ut
1296 816 1452 843 humaniter
1467 817 1494 844 in
1510 825 1557 845 eos
1579 825 1609 845 se
1625 824 1729 853 gerere,
1745 823 1790 845 aut
1806 819 1834 846 in

1039 863 1133 898 plures
1149 870 1236 890 annos
1249 869 1357 897 ptenam
1375 871 1520 898 prorogare
1536 864 1648 898 possint.
1666 864 1685 890 li
1707 871 1771 892 vero
1787 864 1833 899 qui

1040 909 1184 944 pecuniam
1199 909 1331 936 dederunt
1348 914 1429 944 alque
1444 915 1601 942 evaserunt,
1619 915 1665 937 aut
1679 910 1770 937 omnia
1788 918 1833 937 re-

1040 955 1178 991 liquerunt
1195 963 1233 995 ac
1256 963 1394 983 secessum
1421 956 1566 990 petierunt.
1590 964 1645 983 non
1669 962 1732 984 sunt
1750 965 1833 985 accu-

1038 1001 1127 1029 sandi.
1152 1000 1243 1029 Sacris
1267 1005 1356 1028 autem
1381 1001 1493 1033 initiati,
1517 1002 1540 1028 si
1564 1002 1777 1030 sacrificaverint
1800 1009 1832 1030 ac

1038 1048 1215 1082 resipuerint,
1240 1048 1323 1082 gradu
1349 1048 1436 1075 solum
1461 1047 1603 1082 dejiciendi
1628 1053 1701 1081 sunt,
1729 1049 1831 1076 honore

1038 1100 1102 1120 vero
1120 1092 1171 1120 frui
1191 1098 1316 1128 possunt.

1074 1139 1236 1168 Sanctorum
1250 1140 1434 1174 apostolorum
1449 1147 1535 1168 canon
1551 1139 1596 1168 6|.

1074 1185 1177 1220 Synodi
1192 1185 1309 1213 Nicaeus!
1325 1193 1412 1214 canon
1430 1187 1459 1214 11
1480 1191 1508 1214 et
1522 1186 1566 1214 12.

1074 1232 1174 1268 Synodi
1190 1232 1341 1267 Ancyranae
1355 1240 1444 1260 canon
1458 1233 1484 1266 1,
1499 1233 1526 1266 ‘2,
1541 1233 1570 1266 4,
1582 1233 1610 1265 5,
1625 1232 1652 1265 6.
1666 1233 1693 1265 7,
1708 1233 1735 1265 8,
1746 1232 1830 1267 9,10,

1038 1278 1144 1311 “,1‘2,
1163 1278 1206 1305 15.

1076 1323 1169 1351 Sancli
1185 1323 1278 1351 Basilii
1292 1331 1378 1352 canon
1395 1322 1441 1357 45,
1459 1324 1503 1358 75,
1517 1324 1563 1352 81.

1073 1369 1165 1397 Sancti
1180 1369 1303 1405 Gregorii
1319 1369 1432 1405 Nysseni
1449 1378 1536 1398 canon
1553 1371 1580 1398 1.

1074 1416 1136 1443 132.
1156 1415 1215 1443 Non
1239 1421 1367 1450 oportere
1391 1424 1555 1451 quemquam
1576 1417 1671 1452 jurare
1693 1425 1701 1444 :
1721 1416 1791 1451 qttod
1809 1417 1831 1444 si

1038 1462 1196 1497 contigerit,
1209 1462 1341 1497 siquidem
1354 1463 1388 1490 ad
1404 1463 1522 1490 mandati
1537 1463 1621 1490 divini
1637 1463 1830 1498 transgressio-

1038 1515 1110 1540 nem,
1130 1507 1182 1534 ltoc
1206 1511 1257 1539 est,
1278 1507 1376 1535 animae
1401 1515 1457 1535 suae
1478 1508 1672 1536 detrimentum
1698 1507 1738 1535 vel
1763 1508 1832 1536 alius

1037 1553 1193 1589 cujuslibet.
1218 1561 1270 1581 non
1297 1558 1339 1581 est
1363 1554 1526 1581 servandum
1544 1554 1742 1589 juramentum.
1764 1554 1831 1581 Cum

1039 1606 1104 1626 vero
1118 1598 1251 1634 juraverit
1271 1607 1300 1626 se
1318 1599 1520 1627 ordinationem
1537 1607 1590 1627 non
1606 1607 1666 1627 esse
1689 1605 1832 1634 susceptur-

1040 1653 1112 1677 rum,
1136 1649 1181 1671 aut
1194 1644 1265 1671 aliud
1286 1644 1350 1679 quid
1370 1643 1514 1679 ejusmodi,
1540 1650 1574 1671 ne
1594 1644 1712 1678 pejeret;
1730 1643 1753 1671 si
1768 1650 1833 1671 vero

1038 1689 1152 1726 periculi
1169 1694 1242 1717 metu
1256 1689 1339 1724 juret.
1357 1690 1437 1717 venia
1454 1690 1549 1725 dignus
1564 1694 1614 1717 est.

1074 1737 1103 1765 S.
1122 1737 1212 1764 Basilii
1228 1743 1315 1764 canon
1332 1736 1374 1769 10,
1390 1736 1433 1769 17,
1451 1735 1497 1764 29.

1075 1786 1137 1814 155.
1162 1784 1221 1813 Νοη
1245 1790 1371 1820 oportere
1394 1784 1489 1820 ﬁdeles
1513 1785 1659 1820 quidquam
1683 1784 1782 1813 oﬂ‘erre
1804 1785 1830 1812 in

1038 1833 1139 1868 templo
1152 1832 1306 1867 gentilium,
1321 1836 1368 1860 aut
1381 1831 1550 1864 Judzeorum,
1566 1835 1612 1858 aut
1629 1831 1831 1864 haereticorum,

1038 1886 1084 1908 aut
1098 1880 1301 1908 communicare
1316 1887 1377 1907 cum
1394 1878 1470 1913 ipsis.
1489 1882 1536 1905 aut
1558 1878 1592 1906 ad
1604 1886 1651 1906 eos
1664 1885 1694 1906 se
1708 1878 1833 1906 conferre

1038 1927 1170 1954 orationis
1182 1931 1229 1953 aut
1242 1926 1393 1953 curationis
1404 1925 1503 1960 gratia,
1517 1928 1565 1951 aut
1580 1932 1640 1952 cum
1656 1924 1720 1959 ipsis
1734 1924 1833 1951 festum

1038 1974 1186 2006 celebrare,
1200 1978 1247 2000 aut
1262 1972 1397 2008 jejttnare,
1414 1976 1459 1998 aut
1483 1978 1595 1998 munera
1612 1971 1645 1998 ab
1660 1970 1694 1997 iis
1710 1970 1834 2005 accipere

1038 2025 1085 2046 aut
1100 2026 1206 2053 azyma,
1221 2023 1267 2045 aut
1291 2018 1323 2045 ab
1343 2017 1408 2052 ipsis
1430 2016 1532 2048 curari,
1550 2021 1597 2043 aut
1619 2016 1646 2043 in
1663 2016 1762 2043 balneo
1780 2024 1832 2043 una

1038 2065 1133 2098 lavari,
1150 2069 1198 2092 aut.
1219 2065 1292 2100 ipsos
1305 2058 1439 2099 tanquam
1451 2062 1565 2091 clericos
1581 2066 1611 2090 ut
1634 2061 1735 2097 aliquid
1751 2066 1834 2096 agant

1038 2117 1133 2145 rogare
1150 2119 1157 2137 :
1174 2110 1221 2137 sed
1252 2113 1368 2142 tantum,
1395 2108 1418 2135 si
1446 2108 1555 2142 quando
1588 2107 1775 2139 accesserint,
1791 2114 1834 2135 res

1038 2155 1207 2183 necessarias
1230 2155 1295 2189 ipsis
1316 2153 1537 2185 subministrare,
1554 2152 1586 2179 ad
1612 2152 1833 2179 communionem

1037 2209 1102 2229 vero
1116 2209 1169 2229 non
1188 2202 1343 2228 admittere.
1360 2200 1411 2233 Qui
1429 2200 1502 2227 enim
1518 2203 1613 2226 contra
1632 2199 1688 2226 haec
1705 2198 1781 2232 facit,
1798 2199 1836 2226 si-

1038 2249 1147 2284 quidem
1164 2248 1250 2276 sacris
1265 2248 1300 2275 sit
1316 2247 1449 2279 initiatus,
1463 2243 1547 2281 gradu
1564 2250 1690 2273 movetur
1706 2254 1714 2273 :
1730 2246 1753 2273 si
1769 2253 1834 2273 vero

1001 2292 1025 2322 D
1038 2295 1134 2328 laicus,
1150 2298 1317 2330 segregatur.
1334 2292 1463 2321 Nonnulli
1478 2300 1542 2320 vero
1556 2299 1590 2319 ex
1614 2292 1680 2327 ipsis
1697 2291 1834 2326 dejiciun-

1042 2346 1085 2369 tur
1108 2341 1189 2369 simul
1213 2348 1244 2368 ac
1264 2344 1440 2376 segregantur
1459 2348 1466 2367 :
1489 2339 1599 2375 quidam
1617 2338 1699 2366 etiam
1721 2338 1834 2366 anathe-

1039 2393 1111 2414 mate
1133 2387 1278 2414 feriuntur.

1074 2433 1237 2461 Sanctorum
1263 2431 1448 2468 apostolorum
1474 2437 1561 2458 canon
1589 2430 1618 2463 7,
1645 2430 1690 2464 53,
1717 2429 1763 2462 45,
1787 2429 1832 2462 65,

1039 2477 1085 2512 70,
1108 2478 1152 2507 71.

1076 2526 1177 2561 Synodi
1202 2525 1362 2553 Laodicenm
1384 2532 1471 2554 canon
1487 2524 1515 2557 9.
1531 2524 1576 2557 32,
1591 2523 1638 2557 35,
1655 2521 1702 2556 31,
1717 2522 1764 2555 55,
1785 2521 1832 2556 57,

1038 2572 1084 2607 58,
1103 2573 1148 2600 59.

1075 2618 1177 2654 Synodi
1195 2618 1227 2646 Vl
1243 2625 1329 2645 canon
1346 2618 1393 2645 11.

1073 2664 1216 2699 Theophili
1236 2672 1323 2692 canon
1339 2664 1366 2691 7.

1073 2711 1135 2738 154.
1151 2707 1205 2738 Eos
1216 2711 1262 2745 qui
1275 2717 1290 2737 a
1302 2709 1401 2738 ludatis
1419 2714 1466 2737 aut
1482 2708 1620 2737 haereticis
1633 2711 1832 2736 convertuntur

1037 2757 1224 2791 suscipiendos
1240 2764 1311 2788 esse,
1328 2756 1350 2783 si
1366 2757 1467 2791 scripto
1487 2756 1667 2791 proﬁteantur
1688 2763 1718 2784 se
1733 2754 1830 2783 Eccle-

1037 2804 1084 2832 siae
1100 2804 1217 2831 decretis
1233 2804 1382 2835 adhaerere,
1398 2807 1480 2837 atque
1502 2810 1597 2830 omnes
1621 2802 1740 2830 haereses
1762 2809 1830 2829 ana-

1038 2849 1227 2882 thematizent,
1250 2856 1283 2876 ac
1298 2848 1384 2883 magis
1405 2855 1467 2875 eam
1483 2855 1498 2874 a
1514 2855 1565 2882 qua
1582 2848 1737 2875 detinentur
1753 2855 1761 2875 :
1778 2847 1829 2874 nisi

1036 2904 1101 2923 vero
1121 2895 1161 2923 sic
1180 2894 1370 2930 paenitentiam
1385 2901 1462 2921 suam
1480 2892 1629 2927 declarent,
1645 2893 1692 2921 sed
1705 2897 1830 2920 contem-

1037 2946 1114 2976 nant,
1131 2942 1165 2969 ab
1180 2941 1253 2969 omni
1276 2940 1468 2968 commtmione
1484 2939 1588 2968 alienos
1606 2946 1676 2968 esse.
1690 2937 1759 2966 Item
1774 2945 1828 2967 non
