4140 6454
504 421 574 486 aa
1749 416 2505 500 ARISTENLMONACIII
2772 400 2780 407 ’
3713 416 3788 482 οι

906 823 1111 1018 Η
1261 813 1828 1023 ΥΠΟ
1959 811 3386 1024 ΑΡΙΣΤΙΝΟΥ

1915 1144 2408 1233 ΣΥΝΟΨΙΣ

1093 1368 1434 1498 ΤΩΝ
1532 1359 2351 1497 ΚΑΝΟΝΩΝ
2453 1356 3202 1491 ΠΑΝΤΩΝ.

735 1799 1677 1962 SYNOPSIS
1797 1797 2711 2008 CANONUM
2827 1799 3591 1958 OMNIUM

1306 2107 1448 2198 AB
1545 2030 2147 2198 Aalsrsuo
2230 2101 3010 2198 CONSCRIPTA.

898 2455 1224 2513 Sanctorum
1251 2455 1637 2524 apostolorum.
2123 2455 2180 2516 Δ

2123 2455 2180 2516 Δ
2621 2454 2745 2510 Τῶν
2765 2457 2952 2525 ἁγίων
2985 2454 3371 2510 ἀποστόλων.

592 2560 648 2616 ‘l.
689 2557 808 2614 Duo
848 2568 945 2613 aut
996 2565 1111 2614 tres
1153 2555 1397 2628 episcopi
1447 2557 1707 2611 ordinant
1741 2553 2050 2626 episcopum
2084 2572 2098 2609 :

2281 2556 2352 2613 α’.
2388 2557 2495 2612 Δύο
2532 2558 2564 2629 ἢ
2605 2559 2754 2628 τρεῖς
2805 2557 3099 2613 ἐπίσκοποι
3138 2555 3539 2630 χειροτονοῦσιν
3569 2559 3789 2613 ἐπίσκο-

524 2669 668 2709 unus
697 2667 848 2719 vero,
897 2652 1273 2722 presbyterum
1307 2661 1363 2708 et
1387 2652 1698 2707 diaconum.

2210 2669 2310 2705 πον
2338 2668 2353 2684 ο
2387 2646 2469 2714 εἷς
2493 2651 2570 2716 δὲ,
2609 2649 2986 2721 πρεσϐύτερον
3012 2653 3104 2704 καὶ
3136 2650 3401 2706 διάκονον.

594 2745 652 2798 2.
686 2743 956 2800 Sacerdos
985 2745 1091 2811 lac,
1130 2755 1220 2800 aut
1249 2745 1375 2810 mel,
1406 2755 1502 2800 aut
1534 2746 1793 2815 siceram,
1827 2756 1922 2801 aut
1980 2746 2103 2800 ani-

2284 2741 2348 2814 β’.
2390 2742 2593 2814 Ἰερεὺς
2637 2744 2665 2795 6
2713 2742 2876 2810 γάλα,
2912 2742 2944 2812 ἦ
2998 2741 3205 2812 μέλι,ἦ
3261 2741 3478 2812 σίκερα,
3512 2742 3545 2814 ἢ
3578 2741 3714 2808 ζῶα,
3753 2742 3785 2812 ἢ

523 2836 708 2903 malia,
742 2846 835 2892 aut
867 2836 1136 2907 legumina
1167 2837 1399 2892 ollerens
1425 2837 1491 2891 ad
1524 2837 1714 2902 altare,
1743 2847 2101 2907 praeterquam

2209 2837 2415 2909 ὄσπρια
2465 2835 2545 2906 τῷ
2588 2834 2965 2905 θυσιαστηρίῳ
3014 2835 3334 2906 προσάγων,
3379 2833 3521 2905 πλὴν
3565 2836 3783 2906 χίδρων,

526 2944 696 2984 novas
725 2930 906 3000 spicas
957 2939 1013 2986 et
1067 2944 1202 2986 uvas
1232 2938 1286 2986 et
1340 2931 1519 2986 oleum
1559 2939 1615 2986 et
1647 2930 1967 3002 thymiama,
2001 2931 2101 2986 de-

2211 2928 2306 2983 καὶ
2347 2928 2635 2997 σταφυλῶν
2665 2969 2679 2991 ,
2721 2927 2818 2980 καὶ
2874 2926 3077 2994 ἐλαίου,
3111 2927 3204 2980 καὶ
3239 2926 3608 2998 ουμιάματος,
3651 2929 3785 2982 καθ-

522 3035 780 3090 ροωιυτ.
2208 3021 2495 3095 αιρείσοω.

595 3115 651 3169 5.
681 3113 910 3171 Fructus
936 3116 1152 3171 domum
1183 3117 1488 3183 mittantur,
1518 3132 1652 3188 quos
1675 3117 1837 3188 primi
1867 3133 2102 3190 sequen-

2280 3117 2351 3187 γ’.
2385 3117 2452 3170 At
2483 3116 2698 3186 ὀπῶραι
2735 3115 2874 3168 οῐκοι
2929 3113 3340 3185 πεμπέσθωσαν
3373 3153 3387 3180 ,
3429 3111 3494 3177 ἃς
3547 3113 3597 3166 οἱ
3633 3114 3787 3183 πρῶ-

525 3207 668 3262 tibus
697 3210 1044 3266 distribuant.

2210 3229 2292 3268 τοι
2310 3212 2422 3272 τοῖς
2447 3208 2576 3277 ἑξῆς
2606 3207 2933 3276 διανέμοιεν.

594 3299 972 3370 4.Conjugem
1031 3301 1286 3358 sacerdos
1352 3302 1398 3358 si
1463 3301 1667 3372 ejiciat,
1721 3301 2103 3357 excommuni-

2284 3304 2348 3357 δ’.
2383 3302 2494 3373 Τὴν
2535 3300 2728 3372 βοηθὸν
2771 3301 2950 3370 ἱερεὺς
2981 3297 3262 3352 ἐκϐάλλων
3311 3298 3677 3369 ἁφοριζέσθω,
3713 3299 3788 3370 μὴ

523 3402 720 3452 cetur:
771 3395 817 3450 si
874 3410 1008 3452 vero
1085 3409 1200 3451 non
1261 3395 1594 3460 intmducot.
1645 3395 1819 3465 gradu
1869 3394 2104 3467 dejicia-

1342 3395 1594 3460 mducot.
1645 3395 1819 3465 gradu
1869 3394 2104 3467 dejicia-
2213 3395 2450 3463 εἰσάγων
2473 3392 2552 3458 δὲ,
2577 3390 2977 3462 καθαιρείσθω.

524 3496 635 3542 tur.

593 3578 648 3633 5.
687 3577 986 3635 Saeculares
1026 3591 1187 3635 curas
1208 3580 1511 3650 suscipiens
1541 3578 1815 3648 sacerdos,
1847 3584 2104 3639 sacerdo-

2286 3583 2349 3638 ε’.
2383 3579 2672 3653 Κοσμικὰς
2716 3575 3008 3648 φροντίδας
3067 3576 3360 3648 δεχόμενος
3401 3577 3603 3650 ἱερεὺς,
3641 3577 3789 3632 ἀνίε-

525 3669 604 3724 tio
629 3671 892 3740 privetur.
2216 3693 2327 3748 ρος.

601 3763 656 3818 6.
704 3763 807 3830 Qui
861 3779 983 3820 cum
1030 3764 1233 3822 Judtcis
1285 3763 1496 3822 Pascha
1552 3767 1814 3836 celebrat,
1875 3770 2103 3840 dcponi-
2135 3817 2180 3877 Β

2155 3818 2180 3876 3
2285 3775 2362 3832 ςξ.
2395 3765 2758 3835 Καθαιρεῖται
2805 3765 2834 3818 6
2871 3763 3048 3816 τελῶν
3095 3761 3236 3832 μετά
3279 3760 3549 3816 Ἰουδαίων
3579 3761 3639 3815 τὸ
3675 3763 3790 3815 Πά-

529 3864 639 3912 tur.
2135 3864 2164 3877 ⁵

2135 3864 2179 3877 .,
2209 3879 2334 3932 ψ.
2683 3870 2685 3874 .

599 3949 654 4003 7.
681 3947 948 4005 Sacerdos
997 3967 1105 4007 non
1157 3952 1568 4009 communicans
1609 3953 1757 4009 dicat
1829 3970 2050 4013 causam
2086 3977 2100 4014 :

2280 3952 2347 4020 ζ’.
2390 3951 2594 4024 Ἰερεὺς
2626 3953 2654 4006 6
2693 3952 2769 4023 μὴ
2795 3948 3231 4022 μεταλαμϐάνων
3254 3949 3467 4014 λεγέτω
3499 3951 3560 4001 τὸ
3591 3949 3786 4016 αἴτιον,

530 4043 674 4111 quod
721 4041 767 4096 si
818 4057 926 4098 non
955 4043 1180 4108 dixerit,
1216 4045 1752 4100 excommunicetur:
1791 4057 2103 4116 suspectum

2207 4045 2558 4116 ἀφοριςὲσθω
2609 4044 2665 4098 δὲ
2718 4043 2794 4114 μὴ
2824 4043 3030 4109 λέγων·
3066 4040 3310 4094 ὕποπτον
3353 4042 3463 4112 γὰρ
3513 4042 3787 4113 πεποίηκε

528 4133 674 4188 enim
709 4133 888 4189 reddit
913 4135 1256 4190 oﬂ‘erentem.

1046 4145 1256 4190 ’entem.
2203 4138 2295 4193 τον
2313 4135 2681 4207 προσάγοντα.

602 4227 657 4281 8.
689 4225 1202 4284 Excommunicabis
1220 4244 1342 4283 eum
1371 4228 1458 4299 qui
1498 4228 1552 4284 in
1599 4229 1846 4284 oratione
1879 4239 1932 4286 et
1957 4244 2104 4286 com-
2206 4235 2237 4275 τ’·

2206 4235 2238 4275 τ’·
2279 4238 2347 4302 η’.
2384 4230 2699 4300 ’Λφορίσεις
2735 4227 2828 4282 τὸν
2863 4229 2927 4298 τῇ
2972 4227 3107 4297 εὐχῇ
3135 4225 3229 4279 καὶ
3258 4227 3325 4296 τῇ
3371 4223 3672 4295 μεταλήψει
3711 4225 3787 4295 μὴ

529 4313 786 4368 munione
809 4329 915 4369 non
950 4326 1280 4384 perseverat.
1753 4315 1756 4318 ’
1782 4322 1796 4339 ⁸

1034 4326 1280 4372 rseverat.
1753 4315 1756 4318 ’
1782 4322 1796 4339 ⁸
2207 4326 2620 4397 παραμένοντα.
2667 4335 2669 4337 ’

602 4403 655 4458 9.
680 4403 784 4471 Qui
821 4415 944 4460 orat
970 4423 1092 4462 cum
1121 4407 1596 4464 excommunicato
1626 4419 1719 4462 aut
1753 4412 1922 4480 gradu
1950 4408 2100 4477 deje—

2277 4413 2342 4470 0'.
2382 4415 2444 4469 Ὀ
2481 4413 2874 4483 συνευχόμενος
2897 4413 3274 4483 ἀκοινωνήτῳ,
3327 4411 3786 4483 ἢκαθῃρημένῳ,

532 4507 644 4562 clo,
695 4497 923 4566 ipsemet
947 4502 1366 4558 condemnatur.

1062 4502 1366 4558 demnatur.
2209 4509 2697 4577 αὐτοκατάκριτος.

606 4590 694 4645 to.
733 4590 834 4656 Qui
867 4591 1085 4648 aliunde
1123 4594 1352 4664 ejectum
1391 4599 1720 4669 susceperit,
1766 4598 1960 4669 magis
1990 4597 2109 4668 ipse

2280 4610 2334 4658 t'.
2373 4603 2433 4656 '0
2466 4600 2762 4671 δεξάμενος
2803 4599 2898 4653 τὸν
2931 4597 3160 4654 ἄλλοθεν
3191 4599 3441 4663 ἄδεκτον,
3485 4599 3789 4653 6.623161:-

531 4682 834 4753 ejiciendus
865 4695 967 4740 est.
2213 4710 2325 4766 ρος.

603 4777 694 4831 il.
730 4779 831 4846 Qui
877 4781 1496 4839 excommunicationem
1529 4785 1810 4852 mentitur,
1845 4785 1966 4840 ideo
1997 4800 2111 4840 ma-

2279 4784 2369 4839 ta'.
2429 4785 2489 4838 Ὀ
2541 4782 2634 4837 τὸν
2687 4777 2996 4854 ἀφορισμδν
3057 4781 3434 4852 ψευσάμενος,
3489 4780 3787 4834 ἀδεκτότα-

528 4869 676 4924 xime
709 4871 1039 4936 rejiciendus
1079 4882 1184 4930 est.
1493 4901 1497 4904 -
2209 4893 2323 4943 τος.

603 4960 694 5020 12.
729 4960 924 5020 Sedem
954 4979 1020 5020 ex
1050 4968 1181 5022 sede
1211 4979 1315 5023 non
1345 4971 1590 5034 invades,
1613 4971 1721 5026 nisi
1754 4970 1822 5026 iis
1871 4970 1961 5042 qui
2023 4969 2100 5025 ibi

2285 4970 2371 5041 ιβ’.
2421 4965 2622 5040 Θρόνον
2672 4969 2772 5022 οὒκ
2826 4964 3194 5037 ἔπιπηδήσεις
3247 4966 3314 5018 ἑκ
3353 4963 3574 5034 θρόνου,
3629 4964 3677 5016 εί
3713 4964 3789 5035 μὴ

532 5055 735 5124 degunt
763 5056 966 5122 utilior,
1002 5068 1260 5128 tanquam
1327 5063 1391 5117 ad
1438 5063 1742 5118 docendum
1787 5063 2103 5130 aptissimus

2212 5069 2322 5128 τοῖς
2376 5061 2492 5117 ἐκεῖ
2517 5056 2984 5131 λυσιτελέστερος,
3032 5060 3111 5121 ὡς
3157 5055 3619 5118 διδακτικώτατος
3672 5057 3792 5127 κρί-

527 5150 808 5219 jndiceris.
842 5149 1006 5220 quue
1050 5153 1342 5209 multorum
1369 5155 1750 5224 episcoporum
1779 5154 1986 5222 judicio
2016 5164 2105 5207 at-
2139 5161 2162 5223 (

2157 5161 2181 5223 3
2215 5159 2361 5212 νοὶο·
2399 5157 2494 5208 καὶ
2536 5153 2696 5207 τοῦτο
2730 5151 2945 5206 πολλῶν
3005 5150 3326 5203 ἐπισκόπων
3377 5148 3654 5219 διακρίσει
3696 5148 3792 5202 καὶ

531 5257 637 5310 que
664 5243 1048 5301 obtestatione.

950 5259 1048 5301 me.
2214 5247 2585 5318 παρακλήσει.

605 5334 694 5390 13.
723 5335 913 5391 Omnis
947 5337 1178 5394 clericus
1233 5339 1450 5408 propria
1525 5337 1715 5393 relicta
1773 5338 2004 5393 ecclesia
2055 5338 2111 5392 in

2285 5338 2376 5405 ιγ’.
2412 5337 2689 5408 Κληρικὸς
2716 5334 2863 5398 ἅπας
2884 5335 2912 5387 6
2943 5333 3044 5400 τῆς
3073 5331 3284 5394 οἰκείας
3329 5330 3509 5394 ἐκτὸς,
3563 5333 3656 5385 καὶ
3694 5333 3793 5402 τὴν

533 5426 704 5480 aliena
731 5431 954 5499 degens,
989 5428 1035 5485 si
1067 5431 1135 5485 ab
1165 5431 1418 5498 episcopo
1451 5441 1735 5486 revocatus
1762 5447 1868 5486 non
1900 5431 2108 5497 redeat,

2215 5430 2504 5502 ἀλλοτρίαν
2559 5428 2747 5494 οἰκῶν,
2795 5427 2890 5481 καὶ
2921 5425 3059 5496 πρὸς
3108 5423 3202 5477 τοῦ
3255 5425 3561 5476 ἐπισκόπου
3620 5424 3795 5477 δυσω-

534 5523 1055 5588 excommunicatur,
1095 5533 1148 5578 et
1176 5525 1264 5592 qui
1294 5524 1439 5578 hunc
1467 5524 1648 5581 sciens
1672 5535 1725 5581 et
1755 5525 1996 5595 prudens
2022 5525 2114 5578 de-

2220 5525 2516 5593 πούμενος,
2560 5522 2657 5574 καὶ
2701 5519 2762 5572 οὐ
2817 5515 3185 5580 παλινοστῶν,
3238 5512 3645 5585 ἀκοινώνητος.
3699 5517 3796 5570 καὶ

536 5609 692 5672 tinet,
726 5611 954 5680 ipsemet
979 5616 1394 5670 condemnatur.
1910 5684 1912 5686 _

2224 5615 2416 5668 τοῦτον
2448 5615 2476 5667 6
2509 5617 2566 5666 ὲν
2589 5611 2786 5681 γνώσει
2817 5611 3086 5679 κατέχων,
3119 5607 3615 5678 αὐτοκατάκριτος.

611 5701 699 5755 M.
738 5703 973 5769 Quilibet
1029 5707 1268 5762 secundo
1329 5705 1681 5762 matrimonio
1738 5705 1987 5776 junctus,
2021 5716 2116 5762 aut

2297 5707 2379 5760 ιδ’.
2420 5707 2662 5778 Ἀνίερος
2696 5704 2842 5768 ἄπας
2886 5703 3140 5773 δίγαμος,
3179 5702 3214 5774 ἢ
3251 5699 3536 5772 παλλακὴν
3581 5703 3801 5775 ἐπιτρέ-

540 5795 900 5852 concubinam
943 5797 1186 5854 nutriens
1258 5798 1323 5854 ad
1343 5801 1700 5856 sacerdotium
1735 5813 1843 5855 non
1871 5799 2112 5855 admitti-
2221 5817 2356 5870 φων.

537 5900 641 5947 tur.
