4140 6422
520 331 590 396 δτ
1762 316 2124 378 ΑΗΙΞΤΕῘἪ
2168 315 2519 378 MONACHI
3723 316 3792 382 δε

523 456 609 501 tcs
645 439 946 499 manifesta:
962 441 1213 494 exstent:
1240 441 1298 489 ut
1330 430 1692 501 etepiscopus
1737 438 1992 495 tcstetur,
2014 437 2098 482 at-

2221 430 2556 501 τροσκείσθω
2596 430 2900 502 πράγματα
2940 431 3183 503 φανερά’
3239 433 3328 487 ἵνα
3376 433 3470 487 καὶ
3511 432 3541 487 6
3570 431 3791 487 ἐπίσκο-

522 553 627 609 que
673 533 914 591 Ecclesia
947 530 1152 585 nullum
1184 527 1442 581 damnum
1479 525 1730 592 accipiat.

594 627 685 681 57.
720 626 1024 693 Episcopus
1076 626 1400 689 potestatem
1446 616 1642 669 habeat
1681 627 1843 680 super
1893 625 1979 666 res
2010 624 2106 664 ec-

523 718 889 780 clesiasticas,
920 728 1041 768 cum
1072 726 1192 765 eam
1239 723 1401 779 super
1431 707 1643 760 animas
1676 706 1873 759 habeat
1900 721 1914 758 :
1945 712 2109 772 atque

527 812 710 866 omnia
740 811 889 876 juxta
937 806 1174 858 divinam
1218 801 1554 854 voluntatem
1587 794 1959 849 administret.

596 902 685 956 58.
723 899 991 954 Sacerdos
1025 897 1231 950 aleator
1259 902 1422 961 atque
1464 888 1735 949 ebriosus,
1780 888 1824 942 si
1882 902 1985 940 non
2018 885 2110 940 dc-

529 994 694 1055 sinat,
721 992 1048 1058 deponatur.

600 1082 691 1136 59.
734 1080 992 1134 «Clericus
1021 1086 1074 1131 et
1106 1076 1276 1131 laicus
1307 1072 1505 1130 similia
1562 1070 1770 1126 faciens
1793 1083 2111 1125 excommu-

532 1173 765 1225 nioatur.

600 1263 694 1317 40.
738 1261 1009 1316 Sacerdos
1039 1259 1214 1315 mutui
1259 1272 1454 1313 usuras
1476 1257 1720 1325 exigens,
1753 1252 1855 1307 nisi
1878 1252 2108 1317 desinat,

533 1356 878 1409 deturbetur.

603 1448 697 1502 41.
732 1447 835 1513 Qui
870 1461 992 1499 cum
1044 1442 1315 1498 haereticis
1355 1449 1499 1503 orat,
1555 1436 2107 1492 excommunicatur:

532 1541 624 1611 qui
681 1554 807 1593 vero
856 1538 1084 1592 clericos
1130 1536 1227 1588 hos
1269 1534 1565 1595 existimat,
1614 1530 1781 1599 gradu
1837 1540 2107 1583 movetur.

606 1631 698 1686 42.
751 1629 1023 1685 Sacerdos
1070 1626 1338 1696 baptisma
1382 1635 1435 1680 et
1468 1622 1796 1679 sacriﬁcium
1826 1623 2109 1675 haeretico-

535 1740 655 1778 rum
693 1723 980 1791 recipiens,
1017 1718 1325 1795 sacerdOtio
1379 1718 1633 1786 indignus
1667 1725 1771 1770 est.

2212 540 2311 586 πος
2362 523 2697 593 διατιθῆται,
2753 527 2846 579 καὶ
2881 526 3035 596 μένοι
3088 528 3123 597 ἡ
3173 525 3477 596 Ἐκκλησία
3529 526 3793 597 ἀζήμιος.

2282 613 2380 678 λζ’.
2419 614 2814 682 Ἐξουσιαζέτω
2842 617 2952 670 τῶν
2996 618 3474 689 ὲκκλησιαστικῶν
3502 620 3530 672 6
3563 619 3794 673 ἐπίσκο-

2212 724 2313 771 πος
2348 707 2713 777 πραγμάτων,
2741 709 2837 762 καὶ
2859 709 2970 762 τῶν
3004 710 3196 781 ψυχῶν
3225 710 3369 781 γάρ’
3400 710 3495 764 καὶ⁵
3523 709 3796 763 διοικείτω

2213 799 2392 852 πάντα
2426 800 2566 852 κατά
2595 800 2694 870 τὴν
2730 800 2884 854 θείαν
2911 802 3232 872 ἀρέσκειαν.

2283 889 2387 962 λη’.·
2408 892 2465 944 Ὀ
2494 892 2754 963 κυδιστῆς
2796 893 2890 945 καὶ
2928 894 3183 965 πάροινος
3217 895 3416 964 ἱερεὺς,
3449 895 3499 948 εί
3521 894 3581 947 οὐ
3609 895 3797 955 παύοι,

2214 979 2550 1051 καθῄρηται.
2572 1049 2581 1058 ξ

2284 1073 2383 1127 λο’.
2434 1076 2713 1147 Κληρικδς
2767 1080 2862 1133 καὶ
2907 1079 3096 1142 λαῖκὸς
3158 1078 3227 1131 τὰ
3314 1078 3480 1147 ὅμοια
3542 1077 3799 1148 πράττων

2213 1165 2557 1237 ἀφορίζεται.

2292 1266 2366 1328 μ’.
2392 1260 2603 1325 Τόκους
2661 1263 2916 1316 ἀπαιτῶν
2952 1262 3168 1316 δανείου
3203 1263 3402 1333 ἱερεὺς,
3437 1264 3486 1316 εί
3515 1262 3577 1316 οὗ
3607 1261 3798 1328 statim,

2216 1351 2548 1423 καθῄρηται.
3442 1407 3450 1414 ,

2291 1442 2406 1513 μα’.
2449 1445 2508 1498 '0
2533 1447 2931 1515 συνευχόμενος
2964 1446 3285 1516 εἶρετικοϊς,
3318 1443 3678 1516 ἀφορίζεται⁹
3704 1461 3802 1497 κα·

2220 1534 2487 1605 θαιρεῖται
2507 1535 2561 1587 δὲ
2594 1539 2621 1589 6
2647 1538 2941 1609 κληρικοῦς
2971 1538 3195 1601 τούτους
3229 1537 3561 1608 ἡγούμενος.

2289 1626 2398 1696 μέθ’.
2436 1626 2727 1697 Βάπτισμα
2761 1628 2856 1681 καὶ
2912 1628 3103 1683 θυσίαν
3160 1630 3456 1702 αίρετικῶν
3505 1628 3801 1699 δεξάμενος

2221 1716 2424 1786 ἱερεὺς,
2458 1718 2699 1789 άνίερος.

605 1816 696 1869 45.
732 1815 831 1882 Qui
863 1828 989 1868 vere
1023 1811 1358 1881 baptizatum
1386 1807 1564 1863 denuo
1606 1807 1863 1878 baptizat,
1893 1822 1956 1861 ac
1986 1820 2110 1859 cum

2293 1817 2406 1881 μγ’.
2452 1813 2510 1865 '0
2546 1813 2940 1877 ἀναίαπτίζων
2984 1813 3078 1867 τὸν
3123 1813 3299 1878 ὅντως
3340 1812 3802 1884 βεϐαπτισμένον,

535 1906 628 1977 qui
664 1907 941 1976 impietate
993 1904 1227 1974 pollutus
1246 1912 1331 1957 est
1366 1916 1471 1957 non
1502 1899 1826 1971 rebaptizat,
1857 1899 2117 1955 sacerdos

537 2014 649 2053 non
674 2009 756 2052 est
804 1997 1106 2053 habendus.

604 2090 695 2145 44.
728 2088 1018 2144 Saecularis
1058 2088 1333 2159 propriam
1367 2102 1592 2145 uxorem
1644 2087 2114 2158 ejicieus,aliars~-

533 2196 640 2252 que
702 2190 799 2235 aut
870 2180 1156 2235 dimissam
1237 2178 1469 2244 ducens,
1547 2178 2117 2235 escommuaieandrs

533 2282 637 2328 est.

608 2386 701 2440 45.
734 2385 836 2451 Qui
891 2401 996 2440 non
1030 2385 1274 2455 baptizat
1328 2384 1381 2439 in
1425 2383 1667 2449 Patrem,
1708 2392 1761 2437 et
1795 2380 2018 2444 Filium,
2066 2391 2122 2436 et

540 2477 806 2546 Spiritum
851 2488 1124 2545 sanctum,
1187 2479 1283 2532 sed
1318 2476 1718 2546 transgreditur
1746 2475 1876 2530 illud
1910 2491 2119 2545 praece-

539 2579 712 2639 ptum,
737 2572 1042 2626 sacerdotio
1072 2570 1221 2642 fungi
1254 2586 1361 2625 non
1385 2570 1568 2625 debet.

609 2659 702 2715 46.
739 2661 838 2727 Qui
886 2678 991 2716 non
1038 2664 1212 2718 tribus
1259 2663 1440 2717 initiat
1489 2662 1867 2726 mersionilius,
1892 2663 1985 2717 sed
2016 2678 2119 2715 una

544 2754 597 2807 in
633 2753 845 2811 Domini
875 2766 1129 2819 mortem,
1152 2754 1296 2825 quod
1332 2755 1587 2812 Dominus
1618 2770 1724 2810 non
1746 2755 1904 2821 dixit,
1934 2769 2121 2810 sacer-

539 2850 687 2904 dotio
723 2848 1021 2903 movendus
1047 2856 1152 2900 est.

607 2942 701 2996 47.
736 2939 924 2995 Omnis
970 2938 1203 2994 clericus
1238 2954 1266 2993 a
1300 2937 1523 3009 nuptiis,
1567 2948 1619 2993 et
1654 2953 1842 3004 carne,
1896 2946 1951 2992 et
1987 2938 2115 2993 vino

542 3033 863 3097 abhorrens,
911 3031 957 3086 si
1014 3046 1123 3085 non
1180 3030 1518 3097 emendetur,
1564 3030 1916 3099 expellendus
1940 3039 2043 3084 est.

611 3142 703 3198 48.
735 3140 837 3208 Qui
893 3140 1293 3211 paenitentibus
1349 3155 1453 3195 non
1487 3140 1740 3212 ignoscit,
1790 3140 1905 3209 ipse
1961 3140 2112 3194 venia

541 3232 815 3301 indignior
842 3240 945 3287 est.

611 3339 702 3394 49.
741 3338 1006 3393 Sacerdos
1032 3354 1063 3393 a
1092 3338 1219 3393 vino
1250 3348 1305 3393 et
1342 3339 1600 3393 carnibus
1660 3339 1964 3405 abstinens,
2015 3339 2119 3394 nisi

542 3430 955 3487 exercitationis
986 3445 1174 3496 causa,
1201 3430 1513 3499 deponitur.

617 3540 708 3595 50.
728 3539 972 3595 Clericus
1001 3537 1135 3593 citra
1161 3536 1374 3592 itineris
1390 3538 1775 3594 necessitatem
1798 3540 1851 3594 in
1877 3554 2123 3610 caupona

542 3633 907 3697 manducans,
938 3629 1306 3699 segregandus
1324 3637 1429 3684 est.

615 3740 707 3795 5i.
764 3738 1009 3794 Clericus
1041 3736 1235 3807 injuria
1266 3735 1505 3791 alliciens
1557 3738 1896 3809 episcopum,
1932 3737 2123 3808 dejici-

546 3840 669 3895 lur;
699 3828 982 3899 presbyter
1008 3841 1137 3882 vero
1186 3834 1245 3881 et
1273 3827 1533 3881 diaconus
1558 3828 2122 3882 excommunicantur.

546 3924 813 3978 Similiter
841 3932 1021 3976 autem
1053 3932 1109 3978 et
1141 3922 1231 3991 qui
1264 3922 1516 3983 surdum.
1546 3921 1824 3989 claudum,
1850 3932 1903 3976 et
1920 3937 2123 3977 caecum

543 4017 750 4073 cavillis
782 4018 1099 4072 insectatur.

615 4126 706 4181 52.
741 4126 1038 4196 Episcopus
1094 4127 1353 4196 pietatem
1405 4141 1513 4179 non
1568 4124 1774 4181 docens
1802 4137 2120 4179 excommu—

545 4221 794 4272 nicatur:
870 4216 1160 4286 deponitur
1203 4230 1335 4271 vero
1381 4216 1427 4271 si
1481 4226 1796 4285 perseveret
1852 4231 1957 4269 non
2022 4217 2120 4272 do-

544 4325 687 4364 cere.

616 4401 708 4458 53.
754 4403 815 4458 In
850 4401 1105 4456 clericum
1143 4400 1325 4468 inopia
1376 4399 1716 4455 laborantem
1749 4398 1794 4452 si
1824 4411 1885 4453 se
1918 4397 2122 4454 benen-

2218 1906 2325 1978 mai~
2368 1906 2445 1975 μὴ
2490 1905 2882 1971 ἀναϐαπτίζων
2917 1907 3008 1961 τὸν
3065 1907 3482 1979 μεμολυσμένον
3517 1906 3803 1973 ἀσεϐόθεν,

2217 1998 2453 2068 ἀνίερος.

2293 2091 2393 2158 μδ’.
2450 2090 2563 2162 Τὴν
2619 2090 2829 2145 οἰκείαν
2887 2089 3138 2163 γαμετὴν
3179 2090 3459 2144 ἐκϐάλλων
3526 2091 3555 2143 ὁ
3612 2105 3807 2160 κοσμι-

2220 2181 2336 2244 κὸς,
2402 2180 2498 2236 καὶ
2554 2182 2705 2251 ἄγων
2759 2182 2980 2254 ἑτέραν,
3024 2182 3075 2254 ,ἡ
3130 2181 3551 2251 ἀπολελυμένην
3605 2182 3806 2250 ἀφορι-

2221 2275 2400 2336 στέος.

2295 2372 2397 2435 με’.
2437 2365 2498 2422 Ὀ
2536 2367 2610 2436 μὴ
2658 2366 2941 2437 βαπτίζων
2989 2368 3071 2429 είς
3117 2367 3360 2439 Πατέρα,
3391 2366 3486 2420 καὶ
3512 2364 3662 2431 Υἱδν,
3704 2365 3802 2419 καὶ

2220 2456 2374 2526 ἅγιον
2410 2458 2655 2529 Πνεῦμα,
2689 2460 2826 2513 ἀλλά
2856 2459 3266 2531 παρεκϐαίνων,
3291 2460 3528 2530 ἀνίερος.

2294 2645 2411 2708 pq’.
2461 2638 2521 2692 '0
2577 2640 2653 2710 μὴ
2684 2639 2833 2710 τρισὶ
2887 2638 3039 2710 μυῶν
3073 2638 3460 2704 καταδύσεσιν,
3507 2635 3643 2690 άλλά
3701 2635 3806 2707 μιᾷ

2222 2733 2298 2794 είς
2334 2732 2425 2783 τὸν
2466 2730 2561 2783 τοῦ
2611 2730 2819 2801 Κυρίου
2862 2730 3113 2796 θάνατον,
3146 2728 3176 2782 6
3221 2729 3296 2800 μὴ
3333 2729 3361 2780 6
3392 2728 3595 2797 Κύριος
3627 2719 3805 2790 εἶπεν,

2225 2824 2464 2894 ἀνίερος.

2296 2918 2403 2988 με’.
2441 2917 2718 2988 Κληρικδς
2766 2917 2916 2981 ἄπας
2947 2918 3148 2989 γάμον,
3179 2917 3275 2970 καὶ
3309 2915 3501 2986 κρέας,
3537 2913 3633 2968 καὶ
3660 2907 3805 2965 οἶνον

2224 3007 2672 3078 βδελυσσόμενος,
2701 3010 2750 3063 εί
2779 3009 2856 3080 μὴ
2888 3008 3183 3080 διορθοῖτο,
3217 3009 3584 3078 ὲκκήρυκτος.

2299 3126 2409 3191 inf.
2457 3119 2516 3173 '0
2547 3122 2659 3185 τοῖς
2694 3119 3019 3191 μετανοοῦσι
3058 3120 3136 3191 μὴ
3189 3117 3606 3189 συγγινώσκων,
3637 3115 3810 3184 ἀσυγ-

2227 3213 2497 3281 γνωστότε
2505 3229 2618 3283 ρος.
3226 3206 3233 3211 ”

2299 3323 2407 3393 μθ’.
2442 3323 2533 3393 Μὴ
2567 3320 3002 3394 μεταλαμϐάνων
3036 3322 3216 3393 ἱερεὺς
3267 3320 3414 3374 οἴνου
3474 3319 3567 3373 καὶ
3605 3317 3808 3391 κρεῶν,

2227 3420 2275 3471 εἰ
2310 3421 2385 3489 μὴ
2416 3415 2483 3469 δι’
2507 3415 2765 3486 ἄσκησιν,
2800 3414 3136 3487 καθῄρηται.

2298 3527 2361 3581 ν’.
2413 3527 2471 3581 '0
2498 3527 2620 3597 δίχα
2652 3526 2752 3595 τῆς
2777 3526 2922 3580 κατά
2949 3524 3137 3596 τρίϐον
3162 3522 3412 3594 ἀνάγκης
3436 3520 3700 3595 κληρικὸς
3727 3525 3809 3585 εἰς

2228 3622 2532 3691 καπηλεῖον
2562 3618 2779 3686 ἐσθίων,
2813 3617 3168 3690 ἀφοριστέος.

2295 3731 2691 3802 να’.Ύϐρίζων
2726 3729 3031 3783 ἐπίσκοπον
3076 3727 3363 3800 κληρικὸς,
3419 3725 3806 3797 καθαιρεῖταιο

2226 3823 2602 3896 πρεσϐύτερος
2655 3823 2713 3876 δὲ
2766 3821 2863 3876 καὶ
2926 3822 3178 3886 διάκονος
3218 3819 3563 3890 ἀφορίζεται.
3607 3816 3811 3870 Ὠσαύ-

2226 3933 2333 3979 τως
2357 3914 2414 3968 δὲ
2451 3915 2546 3969 καὶ
2575 3915 2603 3966 6
2635 3913 2841 3983 κωφὸν,
2897 3911 2993 3966 καὶ
3041 3911 3237 3982 χωλὸν,
3286 3911 3383 3964 καὶ
3443 3906 3646 3978 τυφλδν
3688 3907 3810 3960 δια-

2231 4007 2531 4078 χλευάζων.

2302 4114 2387 4187 ιβ’.
2435 4116 2548 4188 Τὴν
2583 4114 2866 4168 εὐσέϐειαν
2904 4114 2964 4165 οὐ
2996 4111 3266 4164 διδάσκων
3304 4111 3626 4187 ἐπίσκοπος,
3669 4111 3808 4180 ἀφο-

2228 4209 2438 4281 ρίζεται
2462 4225 2475 4239 ο
2506 4206 2859 4277 καθαιρεῖται
2881 4205 2938 4258 δὲ
2974 4204 3152 4274 μένων
3181 4203 3491 4267 ἀδίδακτος.

2295 4396 2396 4458 νγ’.
2427 4388 2650 4442 Ἐπιδεᾶ
2676 4388 2942 4459 κληρικὸν
2966 4387 3150 4460 ἱερεὺς
3178 4389 3280 4441 οὐκ
3306 4389 3639 4461 εὐεργετῶν,
3666 4388 3803 4458 ἀφο⁸

547 4510 674 4551 cum
717 4509 824 4549 non
866 4502 1095 4563 praestet
1125 4493 1404 4558 sacerdos,
1455 4492 2118 4547 excommunicaturzde—

2231 4482 2440 4553 ρὶζεται
2462 4496 2477 4513 ο
2510 4480 2855 4551 καθαιρεῖται
2878 4481 2935 4534 δὲ
2963 4482 3146 4552 μένων
3181 4481 3423 4545 ἀνέλεος.

546 4587 766 4659 ponitur
822 4601 974 4655 vero,
997 4588 1039 4640 si
1084 4584 1474 4640 immisericors
1507 4593 1843 4654 permaneat.

616 4680 704 4735 54.
733 4680 836 4746 Qui
870 4680 1016 4749 impii
1042 4678 1165 4733 libri
1197 4678 1527 4732 mentionem
1568 4678 1699 4734 facit
1724 4678 1778 4732 in
1831 4678 2116 4742 concione,

544 4756 855 4841 deponitur.

618 4864 708 4920 55.
735 4862 937 4918 Fidelis
967 4861 1258 4917 criminum
1312 4862 1615 4929 conviCtus,
1653 4860 1707 4915 in
1760 4859 1965 4914 clerum
2012 4874 2122 4914 non

546 4958 873 5012 admittitur.

616 5047 707 5104 56.
741 5047 841 5114 Qui
896 5046 1174 5101 Christum
1229 5054 1412 5114 negat,
1455 5045 1809 5117 expellendus
1860 5053 1986 5100 est:
2032 5046 2121 5114 qui

544 5154 679 5194 vero
723 5139 929 5194 clerum
961 5137 1167 5207 spernit
1208 5147 1259 5192 et
1288 5139 1527 5202 invertit,
1550 5153 1647 5206 pro
1679 5137 1815 5191 laico
1845 5135 2121 5207 recipien-

547 5233 648 5284 dus
683 5240 785 5284 est.

618 5321 707 5376 57.
763 5321 1032 5376 Sacerdos
1080 5321 1125 5375 si
1167 5319 1512 5385 suii‘ocatum,
1558 5330 1701 5374 auta
1746 5318 1862 5376 fera
1902 5327 2122 5389 captum

547 5422 641 5465 aut
691 5414 1031 5466 morticinum
1059 5413 1377 5482 gustaverit,
1425 5402 1774 5479 deponendus
1800 5423 1884 5466 est
1920 5410 2123 5466 :laicus

548 5517 675 5555 vero
713 5504 1281 5558 exconununicandus.

620 5593 708 5647 58.
746 5596 845 5660 Qui
895 5609 1019 5648 cum
1050 5595 1255 5650 .ludmis
1283 5604 1423 5661 orat,
1454 5596 1980 5651 excommunicatur.

618 5686 710 5740 59.
740 5687 981 5742 Clericus
1018 5688 1311 5756 homicida,
1364 5690 1693 5760 deponitur:
1736 5688 1910 5745 laicus
1970 5703 2119 5757 vero,

551 5787 830 5849 segregata
839 5794 883 5833 t'.

2296 4661 2390 4715 νδ¹.
2431 4661 2491 4715 'O
2546 4660 2781 4726 ἀσεϐοῦς
2835 4660 3017 4732 βίϐλον
3067 4662 3470 4733 ἐκκλησιάζων,
3530 4664 3809 4734 καθαιρεῖ.

2224 4772 2334 4809 ται.

2287 4850 2382 4901 νε¹.
2441 4845 2640 4909 Πιστὸς
2691 4843 2972 4915 ἐλεγχθεὶς
3030 4843 3118 4898 ἐπ’
3172 4845 3516 4917 ἐγκλήμασιν
3542 4886 3558 4914 ,
3628 4847 3806 4919 ἀκλη-

2263 4955 2343 4999 ος.

2263 4955 2343 4999 ος.

2228 4955 2260 5010 ρ
2300 5034 2410 5094 νς’.
2453 5029 2514 5083 '0
2550 5029 2998 5102 ἀρνησίχριστος,
3035 5029 3132 5084 καὶ
3172 5030 3523 5103 ἀπόϐλητος*
3563 5034 3592 5086 6
3618 5033 3678 5086 δὲ
3715 5034 3809 5087 τὸν

2225 5126 2430 5197 κλῆρον
2454 5126 2665 5181 ἀθετῶν
2684 5128 2779 5183 καὶ
2797 5129 3214 5200 μεταστρέφων,
3248 5131 3391 5185 κατὰ
3416 5131 3605 5186 λαῖκὸν
3635 5150 3810 5206 προσ-

2227 5220 2359 5282 ιτός.

2293 5314 2391 5382 νζ⁹.
2452 5316 2752 5387 Γενόμενος
2802 5317 2972 5388 θύτης
3021 5320 3287 5387 πνικτοῦ,
3351 5320 3383 5393 ἢ
3438 5320 3804 5392 θηριαλώτου,

2226 5408 2260 5480 ἢ
2300 5408 2650 5478 θνησιμαίου,
2693 5409 3090 5481 καθαιρετέοςο
3135 5414 3164 5465 6
3202 5412 3259 5466 δὲ
3299 5412 3509 5477 λαῖκὸς,
3543 5411 3806 5482 ἀφορίζε-

2224 5520 2335 5556 ται.

2302 5602 2409 5667 νηθ.
2445 5597 2508 5651 '0
2548 5597 2820 5661 Ἰουδαίοις
2848 5570 3265 5667 συνευχόμενος,
3292 5595 3632 5667 ἀφορίζεται.

2301 5687 2399 5743 νθ’.
2428 5690 2628 5755 Φονεὺς
2678 5689 2963 5762 κληρικὸς,
3006 5688 3387 5754 καθαιρείταν
3420 5689 3632 5758 λαῖκδς,
3668 5689 3806 5760 ἀφο-

2231 5782 2463 5851 ρίζεται.
