4140 6414
489 322 553 387 τι
1754 319 2122 382 ABJSTENI
2161 319 2510 383 nomen:
3693 329 3767 395 ἠ

486 452 641 497 teras
677 423 1167 495 consentientibus.
1205 439 1542 511 Prmeipuam
1574 449 1755 496 tamen
1784 440 2062 496 auctorita-

2183 440 2538 513 γραμμάτων
2559 442 2869 513 γινομένων
2891 441 3228 516 συμψήφων.
3255 445 3331 505 T6
3354 447 3542 518 μέντοι
3563 449 3767 519 κράτος

489 545 597 589 tem
629 530 1081 601 metropolitanus
1115 531 1332 587 habeat.
1902 560 1931 567 η

560 621 612 674 6.
655 621 758 687 Qui
790 624 856 676 ab
899 620 1021 676 aliis
1063 623 1519 677 excommunicati
1563 631 1712 687 sunt,
1747 623 1816 678 ab
1854 622 1977 679 aliis
2007 641 2079 682 ne

490 714 863 782 suscipiantur
893 731 908 769 :
944 724 1303 786 praeterquam
1334 716 1379 770 si
1412 726 1634 785 propter
1664 717 2079 787 pusillanimita-

490 816 619 873 tem,
663 815 756 862 aut
785 808 1215 875 contentionem,
1259 819 1352 862 aut
1385 809 1513 879 quid
1550 808 1817 881 ejusmodi
1857 825 2077 866 escom-

488 899 793 953 municatio
824 897 967 952 {acta
1006 897 1191 954 fuerit.

558 989 614 1043 7.
648 987 1051 1043 Alexandrinus
1096 989 1382 1059 episcopus
1426 1006 1590 1061 super
1627 990 1943 1064 Egyptum,
1987 993 2078 1049 Li-

485 1077 668 1149 byam,
701 1088 756 1132 et
788 1079 1129 1147 Pentapolim
1158 1090 1485 1150 potestatem
1518 1084 1714 1138 habeat
1746 1099 1761 1138 :
1793 1095 1847 1139 et
1876 1085 2075 1141 Roma-

486 1185 594 1227 nus
615 1184 781 1240 super
799 1185 891 1225 eos
910 1172 1001 1239 qui
1026 1172 1213 1227 Romae
1231 1173 1429 1230 subditi
1454 1185 1597 1229 sunt.
1623 1174 1753 1232 ltem
1774 1176 2074 1235 Antioche—

488 1274 593 1313 nus
623 1259 821 1330 aliique
858 1275 1021 1330 super
1052 1263 1153 1316 sibi
1189 1264 1485 1333 subjectos.

559 1348 614 1403 8.
646 1348 705 1404 Si
734 1351 860 1419 quis
889 1353 1177 1424 episcopus
1199 1355 1528 1429 citraqprimi
1563 1361 1890 1418 sententiam
1920 1377 2075 1421 crea-

488 1445 576 1493 tus
613 1438 797 1503 luerit,
834 1456 902 1494 ne
931 1440 1004 1495 sit
1037 1442 1347 1512 episcopus.

559 1530 613 1586 9.
671 1529 960 1586 Multorum
1006 1532 1263 1604 sull‘ragio
1309 1539 1605 1594 secundum
1644 1555 1907 1599 canonem
1938 1544 2071 1613 lato,

412 1684 415 1685 ν
485 1620 534 1675 si
565 1630 675 1678 tres
711 1623 879 1693 aliqui
913 1627 1313 1694 contradicant,
1361 1645 1550 1688 eorum
1602 1637 1870 1693 sententia
1915 1638 2072 1695 irrita

486 1728 579 1770 Sll.

2181 531 2211 582 6
2242 532 2652 604 μητροπολίτης
2689 535 2884 605 ἐχέτω.

2258 621 2337 691 ς’..
2368 626 2433 678 οι
2464 623 2760 696 ἐξὲτέρων
2816 626 3228 699 ἀφοριζόμενοῆ
3294 629 3387 698 ὑφ’
3441 630 3648 700 ἐτέρων
3687 631 3767 701 μὴ

2180 717 2709 789 προσδεχέσθωσανσ
2757 719 2900 791 πλὴν
2949 721 2999 772 εί
3051 721 3127 791 μὴ
3171 720 3263 776 διὰ
3316 721 3688 793 μικροψυχίαν
3723 722 3760 793 ἢ

2178 811 2538 879 φιλονεικίαν,
2569 813 2603 883 ἡ
2629 830 2684 865 τι
2713 812 2956 867 τοιοῦτον
2982 814 3012 866 6
3030 812 3342 885 ἀφορισμὸς
3369 814 3619 884 γέγονεν.

2249 987 2319 1055 ζ’.
2348 991 2649 1060 Αἰγύπτου,
2706 991 2804 1044 καὶ
2858 991 3091 1062 Λιϐύης,
3143 992 3241 1045 καὶ
3286 991 3683 1057 Πενταπόλεως
3731 993 3765 1045 6

2190 1081 2580 1152 ’Aleﬁavasii;
2625 1083 2802 1154 ἐχέτω
2848 1084 2949 1156 τὴν
2995 1082 3284 1149 ἐξουσίαν·
3331 1083 3428 1138 καὶ
3464 1085 3494 1139 6
3539 1084 3763 1154 Ῥώμης

2175 1174 2288 1229 τῶν
2319 1175 2427 1228 ὑπὸ
2467 1175 2724 1246 Ῥώμην·
2755 1176 2854 1231 καὶ
2899 1178 2928 1230 6
2977 1179 3037 1230 ἐν
3078 1175 3407 1249 Ἀντιοχείᾳ,
3438 1178 3532 1231 καὶ.
3559 1178 3609 1230 oi
3644 1178 3760 1231 λοι-

2176 1267 2272 1320 ποὶ
2300 1267 2410 1321 τῶν
2436 1267 2680 1324 οίκείων.

2245 1368 2316 1434 η’.
2352 1362 2423 1415 Et
2448 1379 2533 1427 τις
2560 1362 2871 1426 ἐπίσκοπος
2900 1361 2967 1435 [ﬂ
2998 1363 3055 1416 ά.
3081 1360 3207 1434 τῆς]
3244 1360 3341 1415 τοῦ
3372 1359 3592 1432 πρώτου
3632 1360 3759 1433 δίχα

2172 1458 2401 1528 γένηται
2431 1456 2685 1527 γνώμης,
2718 1456 2795 1528 μὴ
2816 1456 2954 1510 ἔστω
2982 1456 3305 1522 ἐπίσκοπος.

2244 1550 2311 1606 θ’.
2351 1552 2477 1607 Ἐπὶ
2509 1553 2608 1625 τὴν
2650 1554 2763 1609 τῶν
2791 1554 3004 1610 πολλῶν
3048 1555 3233 1626 ψῆφον
3261 1558 3562 1628 γινομένην
3611 1557 3761 1611 κατά

2172 1643 2405 1709 κανόνα,
2444 1643 2678 1715 ειτρεῖς
2713 1661 2864 1709 τινες
2909 1644 3269 1714 ἀντιλέγοιεν,
3321 1642 3434 1702 εἷεν
3481 1648 3797 1737 ἀϐέϐαιοικ

559 1807 647 1862 1ο.
675 1809 977 1880 EpiscOpus
1002 1812 1165 1871 Elia:
1190 1815 1508 1886 honoretur,
1540 1832 1755 1878 servata
1787 1827 2062 1895 metropoli

2247 1829 2300 1881 t'.
2350 1823 2411 1879 '0
2452 1823 2758 1887 ἐπίσκοπος
2800 1824 2991 1890 Αίλίας
3029 1824 3303 1895 τιμάσθω,
3344 1826 3656 1898 σωζομένου
3684 1830 3754 1898 τῇ

483 1899 751 1969 dignitate
784 1918 909 1959 sua.

556 1992 644 2047 11.
690 1992 942 2053 Haeretici
990 1998 1236 2069 Cathari,
1264 2002 1318 2058 id
1345 2013 1429 2060 est
1452 2005 1600 2075 puri,
1641 2005 1771 2063 dicti
1804 2010 2068 2066 acceden-

483 2090 564 2137 tes
612 2084 848 2153 primum
880 2087 1264 2159 proﬁteantur,
1294 2107 1355 2148 se
1392 2093 1653 2151 Ecclesia:
1697 2099 2070 2157 sanctionibus

479 2188 823 2243 assensurus,
865 2193 931 2233 ac
958 2194 1084 2236 cum
1116 2181 1351 2253 bigamis
1381 2188 1903 2259 communicaturus,
1949 2192 2069 2263 lap-

479 2262 670 2337 sisque
723 2268 936 2323 veniam
990 2271 1383 2343 impertiturds.
1441 2278 1519 2337 Ac
1573 2280 1621 2337 si
1678 2281 1771 2345 qui
1831 2262 2069 2341 ordinati

480 2357 843 2424 reperiantur,
873 2358 985 2413 sint
1017 2359 1072 2414 in
1099 2364 1286 2418 eodem
1342 2365 1573 2422 ordine:
1609 2369 1846 2439 exempli
1871 2373 2066 2442 gratia,

479 2445 578 2514 qui
605 2461 731 2503 vere
759 2458 844 2503 est
866 2450 1176 2522 episcopus,
1205 2455 1278 2510 sit
1301 2456 1625 2528 episcopus;
1650 2461 1743 2531 qui
1772 2477 1903 2519 vero
1928 2466 2069 2535 apud

481 2530 752 2588 Catiiaros
804 2548 889 2592 est
948 2542 1271 2611 episcopus,
1329 2546 1402 2598 sit
1458 2530 1923 2620 cborepiscopus,
1963 2530 2069 2610 rei

482 2624 785 2696 presbyteri
811 2637 905 2682 aut
936 2632 1173 2703 episcopi
1203 2635 1411 2692 honore
1433 2639 1687 2709 gaudeat.
1715 2639 1903 2713 Neque
1919 2645 2067 2701 enim

480 2717 586 2773 duo
617 2730 779 2773 erunt
808 2722 858 2774 in
890 2738 996 2777 una
1025 2725 1158 2780 urbe
1184 2728 1446 2801 episcopi.

552 2807 638 2860 12.
680 2807 785 2873 Qui
821 2810 940 2867 sine
981 2814 1384 2875 examinatione
1423 2820 1775 2892 ordinantur,
1824 2826 1870 2882 si
1914 2827 2068 2887 dein-

481 2912 612 2968 ceps
650 2901 833 2956 delicti
861 2912 1186 2974 arguantur,
1214 2924 1245 2964 e
1273 2911 1440 2977 gradu
1478 2914 1853 2973 deturbentur.

548 2990 637 3045 15.
676 2991 776 3058 Qui
829 2995 948 3050 sine
992 3001 1321 3058 necessitate
1384 3007 1712 3076 transgressi
1758 3018 1907 3078 sunt,
1960 3013 2063 3069 etsi

475 3084 635 3137 venia
659 3085 768 3139 sint
799 3087 1032 3161 indigni,
1063 3093 1277 3149 veniam
1309 3102 1489 3152 tamen
1521 3097 1757 3173 aliquam
1778 3104 2061 3160 consecuti

475 3173 763 3233 duodecim
790 3194 963 3238 annos
994 3199 1115 3242 sese
1140 3188 1488 3246 submittant.

518 3267 641 3359 ⁷⁴14.
676 3272 777 3339 Qui
816 3274 922 3329 vim
956 3279 1104 3348 passi
1142 3295 1205 3335 ac
1236 3282 1506 3339 restitisse
1535 3283 1636 3341 visi
1676 3297 1826 3355 sunt,
1863 3287 2061 3348 deinde

472 3359 739 3429 impietati
756 3379 1170 3437 consenserunt,
1190 3385 1255 3426 ac
1283 3373 1649 3444 resipuerunt,
1673 3378 1859 3435 decent
1883 3396 2056 3437 annos

473 3455 1036 3513 excommunicentur.

548 3542 637 3598 15.
675 3546 1144 3605 Considerandum
1181 3560 1265 3608 est
1310 3551 1365 3609 in
1419 3557 1671 3614 omnibus
1724 3562 2057 3631 pmnilentim

470 3648 665 3704 genus.
697 3639 778 3694 Ac
804 3640 849 3695 si
881 3641 929 3697 is
957 3647 1046 3713 qui
1074 3658 1286 3712 ptenam
1308 3648 1561 3721 suscipit,
1582 3649 1969 3710 ferventierem
1997 3671 2058 3712 se

471 3728 527 3780 in
558 3729 871 3797 paenitendo
899 3736 1174 3801 ostendat,
1205 3737 1497 3797 humanius
1524 3756 1647 3798 cum
1681 3757 1746 3800 eo
1779 3754 1906 3817 agat
1934 3748 2055 3818 epi-

468 3833 702 3890 sc0pus;
734 3823 781 3879 si
808 3839 937 3881 vero
965 3825 1324 3899 frigidiorem,
1362 3837 1628 3891 severius.

540 3913 629 3968 16.
656 3916 760 3981 Qui
790 3919 898 3974 vita
925 3923 1216 3992 excedunt,
1242 3927 1663 3987 communicent.
1693 3930 1749 3985 Si
1781 3947 1908 3989 vero
1931 3933 2052 4003 quis
2072 3934 2097 3937 θ

467 3999 710 4072 ipsorum
730 4007 1095 4077 convalescat,
1115 4012 1186 4066 sit
1210 4028 1330 4068 cum
1355 4015 1419 4071 iis
1439 4024 1649 4073 tantum
1672 4021 1765 4093 qui
1787 3999 2053 4090 orationis

466 4104 597 4148 sunt
625 4098 945 4168 participes.

540 4188 630 4245 17.
663 4191 721 4243 Si
753 4192 877 4261 quis
905 4192 1333 4251 catecliumenus
1377 4196 1562 4268 lapsus
1593 4197 1780 4268 fuerit,
1827 4201 1907 4258 sic
1941 4213 2050 4259 tres

467 4294 642 4337 annos
678 4283 882 4351 audiat,
928 4285 1092 4357 idque
1136 4288 1333 4345 solum.
1368 4290 1573 4348 Deinde
1620 4307 1742 4349 cum
1789 4296 2049 4352 catechu-

464 4372 641 4425 meuis
663 4383 802 4428 oret.

537 4461 628 4516 18.
661 4462 741 4517 Ex
779 4464 911 4520 urbe
954 4467 1008 4521 in
1059 4468 1242 4523 urbem
1291 4485 1469 4540 neque
1516 4474 1825 4544 episcopus,
1875 4491 2049 4547 neque
2074 4490 2127 4551 ι)

464 4554 770 4625 presbyter,
822 4571 997 4627 neque
1041 4561 1302 4619 diaconus
1347 4565 1564 4634 migret.
1601 4566 1882 4637 Siquidem
1918 4583 2046 4623 rur-

462 4659 557 4702 sus
634 4646 992 4706 restituentur
1067 4654 1319 4711 eeclesiis
1406 4648 1461 4710 iu
1543 4657 1741 4725 quibus
1805 4658 2044 4719 ordinati

461 4747 613 4793 sunt.
1912 4736 1919 4743 ’

568 4827 622 4883 9.
658 4828 936 4900 Quotquot
979 4834 1283 4904 presbyteri
1334 4845 1388 4890 et
1451 4836 1665 4892 diaconi
1701 4839 1771 4895 ab
1814 4842 2044 4901 ecclesia

459 4923 813 4987 recesserint,
878 4926 932 4978 in
982 4926 1118 4980 alias
1166 4927 1427 4984 ecclesias
1479 4946 1587 4986 non
1642 4934 1973 5003 recipientur
2025 4954 2040 4992 ι

460 5027 648 5066 verum
692 5015 758 5067 ad
798 5030 925 5070 suas
954 5019 1220 5085 parmcias
1253 5029 1613 5075 revertantur.
1650 5018 1707 5076 Si
1746 5024 1871 5092 quis
1910 5039 2042 5082 vero

456 5124 578 5165 eum
636 5110 731 5180 qui
801 5111 870 5165 ad
943 5113 1113 5166 alium
1182 5115 1440 5181 pertinet,
1504 5117 1843 5173 ordinaverit
1905 5119 2040 5174 citra

456 5203 782 5257 sententiam
844 5206 1053 5274 proprii
1112 5205 1398 5275 episcopi,
1475 5207 1631 5263 irrita
1697 5211 1805 5264 erit
1889 5213 2040 5267 ordi-

458 5293 630 5345 natio.

528 5379 619 5433 20.
656 5381 715 5435 Si
744 5384 871 5453 quis
914 5398 1109 5442 usuras
1149 5397 1248 5443 aut
1288 5390 1596 5459 sescuplum
1633 5392 1888 5461 accipiat,
1920 5405 2043 5464 post

458 5467 719 5528 Ecclesia:
764 5477 1279 5537 determinationem
1335 5490 1595 5552 tauquam
1630 5483 1838 5541 alienus
1875 5487 2043 5556 depo-

461 5573 649 5618 netur.

529 5657 622 5711 2|.
676 5657 899 5715 Diaconi
948 5663 1001 5717 in
1051 5665 1164 5720 suis
1215 5667 1463 5721 terminis
1513 5677 1808 5733 maneant,
1867 5683 2042 5739 neque

457 5746 604 5805 inter
656 5754 1001 5823 presbyteros
1055 5757 1301 5814 sedeant.
1354 5758 1489 5815 Nam
1535 5771 1726 5817 contra
1774 5774 2036 5817 cauouein

2176 1914 2512 1985 μητροπόλει
2533 1914 2629 1968 τοῦ
2659 1914 2831 1985 αὐτῆς
2851 1914 3188 1985 ἀξιώματος.

2246 2002 2338 2060 ια’.
2365 2005 2428 2060 Oi
2456 2006 2691 2077 καθαροὶ
2723 2009 3164 2079 προσερχόμενοι
3195 2011 3417 2081 πρῶτον
3467 2010 3755 2081 όμολογεί-

2170 2112 2377 2162 τωσαν,
2395 2098 2478 2153 ὅτι
2502 2098 2862 2171 συνθήσονται
2881 2101 2993 2164 τοῖς
3014 2101 3113 2171 τῆς
3139 2100 3469 2171 Ἑκκλησίας
3492 2101 3718 2171 θεσμοῖς
3738 2120 3754 2134 ·

2173 2191 2268 2244 καὶ
2304 2192 2701 2262 κοινωνήσουσι
2733 2191 3014 2263 διγάμοις,
3048 2194 3147 2247 καὶ
3188 2194 3612 2266 συγχωρήσουσι
3637 2195 3759 2259 τοῖς

2171 2283 2670 2353 παραπεπτωκόσι.
2718 2282 2833 2338 Καὶ
2874 2286 2924 2338 oi
2956 2286 3344 2357 εὑρισκόμενοι
3376 2303 3757 2357 κεχειροτονη-

2175 2373 2475 2451 μένοιᾼῂτρ.
2527 2375 2601 2448 εί]
2651 2371 2765 2431 εἷεν
2811 2378 2870 2432 ἐν
2902 2378 2980 2450 τῷ
3018 2379 3168 2450 αὐτῷ
3218 2381 3501 2451 τάγματι·
3542 2375 3673 2446 οἷον,
3724 2383 3755 2435 6

2174 2444 2274 2536 μὲν
2319 2444 2529 2537 ,υρίως
2572 2444 2901 2536 ἐπίσκοπος,
2942 2444 3030 2540 in;
3078 2444 3383 2537 ἐπίσκοπος
3407 2486 3422 2500 ·
3452 2469 3564 2524 6δέ
3602 2444 3752 2539 παρὰ

2170 2557 2286 2618 τοῖς
2324 2556 2586 2624 καθαροῖς
2621 2557 2944 2627 ἐπίσκοπος,
2992 2559 3025 2631 ἢ
3061 2560 3487 2631 χωρεπίσκοπος
3515 2559 3678 2621 ἔστω.
3716 2559 3751 2629 ἢ

2171 2645 2552 2717 πρεσϐυτέρου
2578 2647 2768 2719 τιμὴν,
2797 2648 2829 2720 ἢ
2861 2649 3163 2705 ἐπισκόπου
3195 2648 3503 2725 κεκτήσθω.
3539 2648 3614 2703 Οὐ
3641 2647 3753 2718 γὰρ

2168 2734 2391 2790 ἔσονται
2429 2736 2525 2791 δύο
2550 2738 2630 2801 εἰς
2659 2739 2789 2808 μίαν
2811 2738 2969 2795 πόλιν
3007 2740 3324 2797 ἐπίσκοποι.

2243 2826 2332 2898 ιβ’.
2364 2829 2426 2883 Oi
2451 2829 2827 2895 ἀνεξετάστως
2851 2834 3342 2904 χειροτονούμενοι,
3373 2834 3424 2886 εί
3444 2833 3570 2904 ἑξῆς
3593 2833 3749 2903 ἐλέγ-

2167 2937 2350 2993 χοιντο
2378 2922 2460 2976 ὅτι
2494 2922 2765 2993 ἥμαρτον,
2792 2923 2963 2988 ὅντως
2996 2925 3426 2981 πεπαύσθωσαν.

2238 3009 2329 3079 ιγ’.
2359 3011 2517 3065 Ὅσοι
2547 3012 2718 3083 χωρὶς
2752 3014 3003 3086 ἀνάγκης
3027 3015 3375 3089 παρέϐησαν,
3417 3017 3470 3069 εί
3497 3016 3592 3070 καὶ
3611 3033 3749 3086 συγ-

2167 3106 2394 3177 γνώμης
2422 3102 2565 3178 ἦσαν
2613 3108 2842 3175 ἀνάξιοι,
2880 3109 3212 3181 συγγνώμης
3237 3110 3379 3173 τινος
3410 3109 3747 3182 ἀξιούμενοι,

2165 3197 2229 3271 ιβ’
2256 3197 2352 3271 ἐτη
2377 3200 2860 3258 ὑποπιπτέτωσαν.
3416 3220 3433 3233 ·

2236 3290 2316 3345 ιδ’.
2348 3293 2413 3346 Oi
2456 3292 2791 3363 βιαζόμενοι,
2827 3294 2925 3348 καὶ
2953 3293 3213 3361 δόξαντες
3245 3296 3589 3364 ἀντιστῆναι,
3626 3290 3748 3349 εἶτα

2161 3383 2527 3455 καταθέμενοι
2562 3387 2628 3456 τῇ
2674 3385 2926 3456 ἀσεϐείᾳ,
2982 3388 3077 3442 καὶ
3127 3388 3743 3458 ἀναστρατευσάμενοι,

2158 3477 2444 3531 δεκαετίαν
2473 3478 2955 3550 ἀφοριζέσθωσαν.

2230 3574 2312 3622 ιε’.
2345 3568 2661 3639 Σκοπητέον
2691 3573 2780 3640 ἐφ’
2810 3570 2987 3624 ἅπασι
3021 3572 3082 3626 τὸ
3120 3566 3263 3637 εἶδος
3293 3574 3391 3641 τῆς
3422 3574 3738 3644 μετανοίας.

2157 3660 2269 3716 Καὶ
2307 3661 2661 3735 θερμοτέρως
2714 3666 2819 3735 μὲν
2854 3662 3338 3737 μεταμελουμένου
3386 3666 3481 3722 τοῦ
3506 3667 3741 3739 δεξαμέ-

2156 3770 2251 3807 νου
2272 3756 2336 3807 τδ
2365 3754 2660 3824 ἐπιτίμιον,
2689 3756 3212 3829 φιλανθρωπότερον
3236 3763 3264 3814 6
3293 3760 3593 3824 ἐπίσκοπος
3620 3760 3742 3815 δια-

2157 3842 2429 3896 τιθέσθωο
2470 3844 2829 3916 ψυχροτέρως
2858 3847 2937 3916 δὲ,
2972 3848 3436 3922 δραστικώτερον.

2230 3942 2337 4003 ις’.
2390 3940 2450 3993 Οί
2496 3939 2903 4013 ἐξοδευόμενοι,
2949 3945 3401 4000 κοινωνείτωσαν.
3448 3948 3509 4000 Et
3557 3947 3613 4001 δέ
3656 3965 3743 4014 τις

2151 4029 2339 4087 αὐτῶν
2370 4031 2585 4100 ὐγιάνοι
2606 4073 2625 4099 ,
2655 4032 2798 4089 Em
2830 4035 2972 4105 μετά
3003 4037 3111 4093 τῶν
3146 4039 3248 4108 τῆς
3280 4039 3451 4110 εὐχῆς
3485 4038 3600 4111 [γρ.
3633 4039 3741 4111 ψυ-

2154 4122 2278 4196 χῆς]
2310 4125 2736 4195 κοινωνούντων,
2770 4130 2865 4185 καὶ
2896 4131 3080 4199 μόνον,

2226 4214 2323 4281 ιζ’.
2346 4217 2415 4271 Εἴ
2436 4234 2519 4281 τις
2537 4220 2913 4290 παραπέσοιτο
2935 4221 3364 4295 κατηχούμενος,
3396 4225 3599 4279 οὑτωσὶ
3625 4243 3744 4297 τρι-

2152 4311 2235 4364 σὶν
2263 4309 2441 4363 ἐτεσιν
2467 4310 2779 4382 ἀκροάσθω,
2811 4314 2905 4367 καὶ
2937 4314 3117 4384 μόνον.
3144 4312 3278 4370 Εῐτα
3302 4317 3444 4387 μετὰ
3470 4318 3578 4370 τῶν
3606 4335 3741 4373 κατ-

2149 4417 2286 4473 ηχου
2294 4403 2472 4472 μένων
2501 4405 2767 4474 εὐχέσθω.

2230 4497 2327 4562 ιη’.
2363 4492 2458 4547 Ἐκ
2492 4492 2701 4557 πόλεως
2745 4495 2826 4558 είς
2865 4495 3021 4548 πόλιν
3057 4498 3196 4567 μήτε
3230 4499 3563 4567 ἐπίσκοπος,
3600 4502 3738 4572 μήτε

2151 4581 2545 4652 πρεσϐύτερος,
2584 4584 2722 4654 μήτε
2753 4583 2999 4648 διάκονος
3034 4589 3410 4655 μεταϐαινέτω
3430 4606 3442 4620 ’
3476 4590 3600 4643 ἐπεὶ
3632 4592 3741 4645 πά-

2146 4672 2231 4725 λιν
2257 4673 2687 4745 ἁποδοθήσονται
2712 4678 2832 4742 ταῖς
2863 4678 3187 4748 ἐκκλησίαις
3216 4681 3274 4733 ἐν
3302 4678 3391 4745 αἷς
3423 4686 3737 4754 κεχειροτό-

2147 4779 2356 4835 νηνται.

2219 4852 2314 4912 ιθ’.
2347 4855 2499 4910 Ὀσοι
2567 4859 2952 4930 πρεσϐύτεροι,
2990 4864 3087 4917 καὶ
3121 4863 3356 4919 διάκονοι
3388 4863 3489 4934 τῆς
3537 4864 3741 4936 ἐκκλη·

2147 4944 2269 5009 σίας
2302 4948 2770 5020 ἀναχωρήσουσιν,
2806 4954 3022 5008 ἀδεκτοι
3056 4954 3137 5018 είς
3191 4956 3384 5027 ἐτέρας
3438 4956 3738 5027 ἐκκλησίας

2145 5039 2474 5110 γενήσονται
2503 5057 2519 5073 ο
2569 5043 2687 5097 ἀλλ’
2721 5046 3208 5118 ἐπιστρεφέτωσαν
3254 5051 3333 5111 είς
3376 5050 3478 5112 τὰς
3523 5050 3737 5103 ἐαυτῶν

2146 5129 2462 5197 παροικίας.
2494 5131 2557 5184 Ei
2588 5131 2646 5187 δέ
2676 5149 2761 5197 τις
2791 5134 2890 5202 τὴν
2921 5138 3093 5207 ἑτέρῳ
3126 5137 3455 5206 διαφέροντα
3490 5155 3735 5209 χειροτο-

2145 5223 2297 5290 νήσει
2329 5222 2451 5292 δίχα
2481 5223 2712 5295 γνώμης
2741 5228 2837 5280 τοῦ
2869 5229 3073 5282 οἰκείου
3106 5230 3430 5296 ἐπισκόπου,
3464 5231 3667 5302 ἄκυρος
3699 5234 3731 5301 η

2143 5316 2481 5386 χειροθεσία.
3101 5302 3110 5311 ’

2214 5404 2291 5462 κ’.
2323 5408 2391 5463 El
2419 5425 2506 5473 τις
2533 5410 2759 5477 τόκους,
2796 5412 2828 5483 ἢ
2864 5415 3087 5485 ἡμιόλια
3123 5416 3415 5489 λαμϐάνει,
3448 5423 3730 5494 ἀλλότριος

2142 5496 2318 5566 ἔσται,
2352 5503 2489 5564 μετά
2518 5505 2610 5556 τὸν
2636 5505 2762 5574 ὅρον
2788 5506 2884 5576 τῆς
2914 5507 3243 5579 Ἐκκλησίας
3272 5512 3729 5586 καθαιρούμενος.

2213 5678 2330 5733 xz'.
2360 5683 2423 5733 Ui
2468 5682 2709 5738 διάκονοι
2748 5688 2864 5749 τοῖς
2910 5687 3061 5752 ίδίοις
3105 5690 3325 5760 μέτροις
3376 5696 3727 5766 μενέτωσαν,

2144 5769 2279 5837 μηδὲ
2322 5772 2486 5838 μέσον
2522 5775 2912 5845 πρεσϐυτέρων
2949 5780 3394 5845 καθεζέσθωσαν.
3432 5787 3590 5847 Παρὰ
3631 5806 3731 5844 κα.-
