  <div class='ocr_page' id='page_1' title='image "/cluster/home/n/w/nwhite01/storage/ocr_20150623/133/coo.31924054870385/045.png"; bbox 0 0 4140 6408; ppageno 0'>
   <div class='ocr_carea' id='block_1_1' title="bbox 477 333 556 400">
    <p class='ocr_par' dir='ltr' id='par_1_1' title="bbox 477 333 556 400">
     <span class='ocr_line' id='line_1_1' title="bbox 477 333 556 400; baseline 0.013 -1"><span class='ocrx_word' id='word_1_1' title='bbox 477 333 556 400; x_wconf 69' lang='lat'><strong>‘15</strong></span> 
     </span>
    </p>
   </div>
   <div class='ocr_carea' id='block_1_2' title="bbox 1757 329 3758 402">
    <p class='ocr_par' dir='ltr' id='par_1_2' title="bbox 1757 329 3758 402">
     <span class='ocr_line' id='line_1_2' title="bbox 1757 329 3758 402; baseline 0.006 -15"><span class='ocrx_word' id='word_1_2' title='bbox 1757 329 2122 389; x_wconf 71' lang='lat' dir='ltr'><strong>ARISTENi</strong></span> <span class='ocrx_word' id='word_1_3' title='bbox 2165 332 2509 391; x_wconf 68' lang='lat' dir='ltr'><strong>MONACIII</strong></span> <span class='ocrx_word' id='word_1_4' title='bbox 3687 338 3758 402; x_wconf 79' lang='lat'><strong>7-6</strong></span> 
     </span>
    </p>
   </div>
   <div class='ocr_carea' id='block_1_3' title="bbox 485 449 2066 526">
    <p class='ocr_par' dir='ltr' id='par_1_3' title="bbox 485 449 2064 521">
     <span class='ocr_line' id='line_1_3' title="bbox 485 449 2064 521; baseline -0.006 -11"><span class='ocrx_word' id='word_1_5' title='bbox 485 456 852 521; x_wconf 70' lang='lat' dir='ltr'><strong>distraxerint,</strong></span> <span class='ocrx_word' id='word_1_6' title='bbox 913 453 966 508; x_wconf 92' lang='lat' dir='ltr'><strong>id</strong></span> <span class='ocrx_word' id='word_1_7' title='bbox 1017 449 1310 505; x_wconf 83' lang='lat' dir='ltr'><strong>invalidum</strong></span> <span class='ocrx_word' id='word_1_8' title='bbox 1359 449 1456 515; x_wconf 84' lang='lat' dir='ltr'><strong>sit,</strong></span> <span class='ocrx_word' id='word_1_9' title='bbox 1499 464 1560 503; x_wconf 86' lang='lat' dir='ltr'><strong>ac</strong></span> <span class='ocrx_word' id='word_1_10' title='bbox 1608 463 1774 518; x_wconf 73' lang='lat' dir='ltr'><strong>penes</strong></span> <span class='ocrx_word' id='word_1_11' title='bbox 1827 450 2064 520; x_wconf 81' lang='lat' dir='ltr'><strong>cpiscOpi</strong></span> 
     </span>
    </p>
   </div>
   <div class='ocr_carea' id='block_1_4' title="bbox 2170 449 3758 526">
    <p class='ocr_par' dir='ltr' id='par_1_4' title="bbox 2176 452 3758 526">
     <span class='ocr_line' id='line_1_4' title="bbox 2176 452 3758 526; baseline 0.007 -25"><span class='ocrx_word' id='word_1_12' title='bbox 2176 468 2338 514; x_wconf 77' lang='grc' dir='ltr'>σοιεν,</span> <span class='ocrx_word' id='word_1_13' title='bbox 2372 453 2512 505; x_wconf 79' lang='grc' dir='ltr'>ἔστω</span> <span class='ocrx_word' id='word_1_14' title='bbox 2546 452 2801 518; x_wconf 75' lang='grc' dir='ltr'>ἀϐέϐαια,</span> <span class='ocrx_word' id='word_1_15' title='bbox 2834 452 2926 506; x_wconf 79' lang='grc' dir='ltr'><strong>καὶ</strong></span> <span class='ocrx_word' id='word_1_16' title='bbox 2961 453 3171 521; x_wconf 79' lang='grc' dir='ltr'><strong>μενέτω</strong></span> <span class='ocrx_word' id='word_1_17' title='bbox 3203 457 3266 526; x_wconf 80' lang='grc' dir='ltr'>τῇ</span> <span class='ocrx_word' id='word_1_18' title='bbox 3303 454 3480 525; x_wconf 85' lang='grc' dir='ltr'>κρίσει</span> <span class='ocrx_word' id='word_1_19' title='bbox 3511 455 3602 510; x_wconf 88' lang='grc' dir='ltr'>τοῦ</span> <span class='ocrx_word' id='word_1_20' title='bbox 3633 459 3758 512; x_wconf 79' lang='grc' dir='ltr'>ἐπι-</span> 
     </span>
    </p>
   </div>
   <div class='ocr_carea' id='block_1_5' title="bbox 477 549 1002 619">
    <p class='ocr_par' dir='ltr' id='par_1_5' title="bbox 477 549 1002 619">
     <span class='ocr_line' id='line_1_5' title="bbox 477 549 1002 619; baseline -0.008 -18"><span class='ocrx_word' id='word_1_21' title='bbox 477 549 738 619; x_wconf 84' lang='lat' dir='ltr'><strong>jndicium</strong></span> <span class='ocrx_word' id='word_1_22' title='bbox 770 553 1002 601; x_wconf 89' lang='lat' dir='ltr'><strong>maneat.</strong></span> 
     </span>
    </p>
   </div>
   <div class='ocr_carea' id='block_1_6' title="bbox 554 635 2069 704">
    <p class='ocr_par' dir='ltr' id='par_1_6' title="bbox 554 635 2069 704">
     <span class='ocr_line' id='line_1_6' title="bbox 554 635 2069 704; baseline -0.002 -12"><span class='ocrx_word' id='word_1_23' title='bbox 554 641 640 692; x_wconf 79' lang='lat' dir='ltr'><strong>lii.</strong></span> <span class='ocrx_word' id='word_1_24' title='bbox 688 639 790 704; x_wconf 87' lang='lat' dir='ltr'><strong>Qui</strong></span> <span class='ocrx_word' id='word_1_25' title='bbox 841 647 1029 694; x_wconf 87' lang='lat' dir='ltr'><strong>contra</strong></span> <span class='ocrx_word' id='word_1_26' title='bbox 1089 637 1354 691; x_wconf 86' lang='lat' dir='ltr'><strong>rationem</strong></span> <span class='ocrx_word' id='word_1_27' title='bbox 1403 650 1598 690; x_wconf 85' lang='lat' dir='ltr'><strong>venere</strong></span> <span class='ocrx_word' id='word_1_28' title='bbox 1655 635 1855 690; x_wconf 88' lang='lat' dir='ltr'><strong>abusus</strong></span> <span class='ocrx_word' id='word_1_29' title='bbox 1906 636 2069 689; x_wconf 72' lang='lat' dir='ltr'><strong>fuerit</strong></span> 
     </span>
    </p>
   </div>
   <div class='ocr_carea' id='block_1_7' title="bbox 480 728 2072 802">
    <p class='ocr_par' dir='ltr' id='par_1_7' title="bbox 480 728 2072 802">
     <span class='ocr_line' id='line_1_7' title="bbox 480 728 2072 802; baseline -0.002 -17"><span class='ocrx_word' id='word_1_30' title='bbox 480 743 607 785; x_wconf 92' lang='lat' dir='ltr'><strong>ante</strong></span> <span class='ocrx_word' id='word_1_31' title='bbox 653 731 843 802; x_wconf 82' lang='lat' dir='ltr'><strong>viginti</strong></span> <span class='ocrx_word' id='word_1_32' title='bbox 901 745 1114 795; x_wconf 84' lang='lat' dir='ltr'><strong>annos,</strong></span> <span class='ocrx_word' id='word_1_33' title='bbox 1166 728 1475 799; x_wconf 86' lang='lat' dir='ltr'><strong>quindecim</strong></span> <span class='ocrx_word' id='word_1_34' title='bbox 1529 729 1689 784; x_wconf 87' lang='lat' dir='ltr'><strong>annis</strong></span> <span class='ocrx_word' id='word_1_35' title='bbox 1737 728 2072 798; x_wconf 64' lang='lat' dir='ltr'><strong>paenitentia:</strong></span> 
     </span>
    </p>
   </div>
   <div class='ocr_carea' id='block_1_8' title="bbox 480 821 2068 892">
    <p class='ocr_par' dir='ltr' id='par_1_8' title="bbox 480 821 2068 892">
     <span class='ocr_line' id='line_1_8' title="bbox 480 821 2068 892; baseline -0.004 -13"><span class='ocrx_word' id='word_1_36' title='bbox 480 823 806 892; x_wconf 79' lang='lat' dir='ltr'><strong>Subiiciatut‘</strong></span> <span class='ocrx_word' id='word_1_37' title='bbox 849 839 864 876; x_wconf 90' lang='lat'><strong>:</strong></span> <span class='ocrx_word' id='word_1_38' title='bbox 913 823 958 878; x_wconf 88' lang='lat' dir='ltr'><strong>si</strong></span> <span class='ocrx_word' id='word_1_39' title='bbox 994 836 1122 878; x_wconf 85' lang='lat' dir='ltr'><strong>vero</strong></span> <span class='ocrx_word' id='word_1_40' title='bbox 1151 821 1292 877; x_wconf 85' lang='lat' dir='ltr'><strong>hanc</strong></span> <span class='ocrx_word' id='word_1_41' title='bbox 1322 830 1540 875; x_wconf 77' lang='lat' dir='ltr'><strong>aetatem</strong></span> <span class='ocrx_word' id='word_1_42' title='bbox 1576 821 1898 886; x_wconf 67' lang='lat' dir='ltr'><strong>excesserit,</strong></span> <span class='ocrx_word' id='word_1_43' title='bbox 1931 836 2068 872; x_wconf 85' lang='lat' dir='ltr'><strong>uxo-</strong></span> 
     </span>
    </p>
   </div>
   <div class='ocr_carea' id='block_1_9' title="bbox 480 911 2069 984">
    <p class='ocr_par' dir='ltr' id='par_1_9' title="bbox 480 911 2069 984">
     <span class='ocr_line' id='line_1_9' title="bbox 480 911 2069 984; baseline -0.001 -15"><span class='ocrx_word' id='word_1_44' title='bbox 480 931 706 984; x_wconf 85' lang='lat' dir='ltr'><strong>remque</strong></span> <span class='ocrx_word' id='word_1_45' title='bbox 774 915 1014 981; x_wconf 83' lang='lat' dir='ltr'><strong>habeat,</strong></span> <span class='ocrx_word' id='word_1_46' title='bbox 1077 929 1140 968; x_wconf 90' lang='lat' dir='ltr'><strong>ac</strong></span> <span class='ocrx_word' id='word_1_47' title='bbox 1205 928 1367 984; x_wconf 87' lang='lat' dir='ltr'><strong>supra</strong></span> <span class='ocrx_word' id='word_1_48' title='bbox 1439 911 1831 982; x_wconf 76' lang='lat' dir='ltr'><strong>quinquaginta</strong></span> <span class='ocrx_word' id='word_1_49' title='bbox 1894 928 2069 968; x_wconf 91' lang='lat' dir='ltr'><strong>annos</strong></span> 
     </span>
    </p>
   </div>
   <div class='ocr_carea' id='block_1_10' title="bbox 479 1005 2068 1078">
    <p class='ocr_par' dir='ltr' id='par_1_10' title="bbox 479 1005 2068 1078">
     <span class='ocr_line' id='line_1_10' title="bbox 479 1005 2068 1078; baseline -0.002 -16"><span class='ocrx_word' id='word_1_50' title='bbox 479 1019 643 1062; x_wconf 84' lang='lat' dir='ltr'><strong>natus</strong></span> <span class='ocrx_word' id='word_1_51' title='bbox 705 1007 817 1075; x_wconf 86' lang='lat' dir='ltr'><strong>sit,</strong></span> <span class='ocrx_word' id='word_1_52' title='bbox 872 1021 1044 1078; x_wconf 84' lang='lat' dir='ltr'><strong>usque</strong></span> <span class='ocrx_word' id='word_1_53' title='bbox 1106 1005 1174 1061; x_wconf 87' lang='lat' dir='ltr'><strong>ad</strong></span> <span class='ocrx_word' id='word_1_54' title='bbox 1239 1005 1448 1061; x_wconf 73' lang='lat' dir='ltr'><strong>exitum</strong></span> <span class='ocrx_word' id='word_1_55' title='bbox 1511 1006 1634 1060; x_wconf 78' lang='lat' dir='ltr'><strong>vitae</strong></span> <span class='ocrx_word' id='word_1_56' title='bbox 1694 1005 2068 1076; x_wconf 85' lang='lat' dir='ltr'><strong>paenitentiam</strong></span> 
     </span>
    </p>
   </div>
   <div class='ocr_carea' id='block_1_11' title="bbox 479 1113 626 1172">
    <p class='ocr_par' dir='ltr' id='par_1_11' title="bbox 479 1113 626 1172">
     <span class='ocr_line' id='line_1_11' title="bbox 479 1113 626 1172; baseline 0.007 -18"><span class='ocrx_word' id='word_1_57' title='bbox 479 1113 626 1172; x_wconf 73' lang='lat' dir='ltr'><strong>agat.</strong></span> 
     </span>
    </p>
   </div>
   <div class='ocr_carea' id='block_1_12' title="bbox 554 1192 2070 1264">
    <p class='ocr_par' dir='ltr' id='par_1_12' title="bbox 554 1192 2070 1264">
     <span class='ocr_line' id='line_1_12' title="bbox 554 1192 2070 1264; baseline -0.001 -18"><span class='ocrx_word' id='word_1_58' title='bbox 554 1194 644 1249; x_wconf 83' lang='lat' dir='ltr'><strong>l7.</strong></span> <span class='ocrx_word' id='word_1_59' title='bbox 679 1194 952 1264; x_wconf 89' lang='lat' dir='ltr'><strong>Leprosus</strong></span> <span class='ocrx_word' id='word_1_60' title='bbox 995 1193 1088 1264; x_wconf 89' lang='lat' dir='ltr'><strong>qui</strong></span> <span class='ocrx_word' id='word_1_61' title='bbox 1123 1200 1312 1248; x_wconf 90' lang='lat' dir='ltr'><strong>contra</strong></span> <span class='ocrx_word' id='word_1_62' title='bbox 1357 1192 1623 1247; x_wconf 88' lang='lat' dir='ltr'><strong>rationem</strong></span> <span class='ocrx_word' id='word_1_63' title='bbox 1667 1199 1942 1254; x_wconf 88' lang='lat' dir='ltr'><strong>versatus,</strong></span> <span class='ocrx_word' id='word_1_64' title='bbox 1981 1200 2070 1244; x_wconf 88' lang='lat' dir='ltr'><strong>aut</strong></span> 
     </span>
    </p>
   </div>
   <div class='ocr_carea' id='block_1_13' title="bbox 482 1284 2072 1358">
    <p class='ocr_par' dir='ltr' id='par_1_13' title="bbox 482 1284 2072 1358">
     <span class='ocr_line' id='line_1_13' title="bbox 482 1284 2072 1358; baseline -0.001 -18"><span class='ocrx_word' id='word_1_65' title='bbox 482 1288 644 1347; x_wconf 83' lang='lat' dir='ltr'><strong>etiam</strong></span> <span class='ocrx_word' id='word_1_66' title='bbox 679 1290 830 1358; x_wconf 86' lang='lat' dir='ltr'><strong>lepra</strong></span> <span class='ocrx_word' id='word_1_67' title='bbox 866 1285 1104 1342; x_wconf 87' lang='lat' dir='ltr'><strong>infectus</strong></span> <span class='ocrx_word' id='word_1_68' title='bbox 1143 1284 1331 1352; x_wconf 86' lang='lat' dir='ltr'><strong>fuerit,</strong></span> <span class='ocrx_word' id='word_1_69' title='bbox 1367 1300 1490 1340; x_wconf 90' lang='lat' dir='ltr'><strong>cum</strong></span> <span class='ocrx_word' id='word_1_70' title='bbox 1524 1284 1590 1341; x_wconf 92' lang='lat' dir='ltr'><strong>iis</strong></span> <span class='ocrx_word' id='word_1_71' title='bbox 1621 1284 1716 1355; x_wconf 91' lang='lat' dir='ltr'><strong>qui</strong></span> <span class='ocrx_word' id='word_1_72' title='bbox 1756 1299 1787 1338; x_wconf 89' lang='lat' dir='ltr'><strong>a</strong></span> <span class='ocrx_word' id='word_1_73' title='bbox 1828 1285 2072 1339; x_wconf 60' lang='lat' dir='ltr'><strong>damone</strong></span> 
     </span>
    </p>
   </div>
   <div class='ocr_carea' id='block_1_14' title="bbox 483 1375 1388 1432">
    <p class='ocr_par' dir='ltr' id='par_1_14' title="bbox 483 1375 1388 1432">
     <span class='ocr_line' id='line_1_14' title="bbox 483 1375 1388 1432; baseline 0.008 -4"><span class='ocrx_word' id='word_1_74' title='bbox 483 1375 808 1432; x_wconf 82' lang='lat' dir='ltr'><strong>infestantur</strong></span> <span class='ocrx_word' id='word_1_75' title='bbox 842 1386 983 1432; x_wconf 88' lang='lat' dir='ltr'><strong>oret.</strong></span> <span class='ocrx_word' id='word_1_76' title='bbox 1347 1394 1388 1427; x_wconf 82' lang='grc' dir='ltr'><strong>ο</strong></span> 
     </span>
    </p>
   </div>
   <div class='ocr_carea' id='block_1_15' title="bbox 558 1453 2070 1541">
    <p class='ocr_par' dir='ltr' id='par_1_15' title="bbox 558 1453 2070 1541">
     <span class='ocr_line' id='line_1_15' title="bbox 558 1453 2070 1541; baseline -0.003 -18"><span class='ocrx_word' id='word_1_77' title='bbox 558 1471 648 1526; x_wconf 82' lang='lat' dir='ltr'><strong>l8.</strong></span> <span class='ocrx_word' id='word_1_78' title='bbox 678 1469 976 1541; x_wconf 86' lang='lat' dir='ltr'><strong>Episcopus</strong></span> <span class='ocrx_word' id='word_1_79' title='bbox 1002 1453 1352 1535; x_wconf 82' lang='lat' dir='ltr'><strong>constitutus,</strong></span> <span class='ocrx_word' id='word_1_80' title='bbox 1382 1468 1434 1523; x_wconf 86' lang='lat' dir='ltr'><strong>si</strong></span> <span class='ocrx_word' id='word_1_81' title='bbox 1457 1469 1524 1523; x_wconf 89' lang='lat' dir='ltr'><strong>ab</strong></span> <span class='ocrx_word' id='word_1_82' title='bbox 1546 1466 1792 1523; x_wconf 83' lang='lat' dir='ltr'><strong>Ecclesia</strong></span> <span class='ocrx_word' id='word_1_83' title='bbox 1818 1467 1884 1520; x_wconf 82' lang='lat' dir='ltr'><strong>ad</strong></span> <span class='ocrx_word' id='word_1_84' title='bbox 1907 1480 2070 1536; x_wconf 90' lang='lat' dir='ltr'><strong>quam</strong></span> 
     </span>
    </p>
   </div>
   <div class='ocr_carea' id='block_1_16' title="bbox 485 1558 2073 1632">
    <p class='ocr_par' dir='ltr' id='par_1_16' title="bbox 485 1558 2073 1632">
     <span class='ocr_line' id='line_1_16' title="bbox 485 1558 2073 1632; baseline -0.004 -14"><span class='ocrx_word' id='word_1_85' title='bbox 485 1574 709 1620; x_wconf 86' lang='lat' dir='ltr'><strong>vocatus</strong></span> <span class='ocrx_word' id='word_1_86' title='bbox 741 1572 827 1618; x_wconf 88' lang='lat' dir='ltr'><strong>est</strong></span> <span class='ocrx_word' id='word_1_87' title='bbox 859 1578 968 1617; x_wconf 90' lang='lat' dir='ltr'><strong>non</strong></span> <span class='ocrx_word' id='word_1_88' title='bbox 1014 1561 1334 1632; x_wconf 81' lang='lat' dir='ltr'><strong>recipiatur,</strong></span> <span class='ocrx_word' id='word_1_89' title='bbox 1371 1560 1467 1616; x_wconf 87' lang='lat' dir='ltr'><strong>sed</strong></span> <span class='ocrx_word' id='word_1_90' title='bbox 1517 1559 1643 1615; x_wconf 87' lang='lat' dir='ltr'><strong>aliis</strong></span> <span class='ocrx_word' id='word_1_91' title='bbox 1680 1558 1956 1628; x_wconf 86' lang='lat' dir='ltr'><strong>episcopis</strong></span> <span class='ocrx_word' id='word_1_92' title='bbox 1986 1573 2073 1612; x_wconf 88' lang='lat' dir='ltr'><strong>ne-</strong></span> 
     </span>
    </p>
   </div>
   <div class='ocr_carea' id='block_1_17' title="bbox 484 1651 2073 1726">
    <p class='ocr_par' dir='ltr' id='par_1_17' title="bbox 484 1651 2073 1726">
     <span class='ocr_line' id='line_1_17' title="bbox 484 1651 2073 1726; baseline -0.005 -15"><span class='ocrx_word' id='word_1_93' title='bbox 484 1657 685 1726; x_wconf 80' lang='lat' dir='ltr'><strong>gotium</strong></span> <span class='ocrx_word' id='word_1_94' title='bbox 727 1653 988 1717; x_wconf 82' lang='lat' dir='ltr'><strong>facessat,</strong></span> <span class='ocrx_word' id='word_1_95' title='bbox 1045 1653 1575 1708; x_wconf 83' lang='lat' dir='ltr'><strong>excommunicetur.</strong></span> <span class='ocrx_word' id='word_1_96' title='bbox 1611 1651 1666 1705; x_wconf 89' lang='lat' dir='ltr'><strong>Si</strong></span> <span class='ocrx_word' id='word_1_97' title='bbox 1716 1660 1898 1703; x_wconf 78' lang='lat' dir='ltr'><strong>autent</strong></span> <span class='ocrx_word' id='word_1_98' title='bbox 1948 1664 2073 1718; x_wconf 88' lang='lat' dir='ltr'><strong>pre-</strong></span> 
     </span>
    </p>
   </div>
   <div class='ocr_carea' id='block_1_18' title="bbox 481 1737 2073 1819">
    <p class='ocr_par' dir='ltr' id='par_1_18' title="bbox 481 1737 2073 1819">
     <span class='ocr_line' id='line_1_18' title="bbox 481 1737 2073 1819; baseline -0.006 -18"><span class='ocrx_word' id='word_1_99' title='bbox 481 1747 715 1819; x_wconf 85' lang='lat' dir='ltr'><strong>sbyteris</strong></span> <span class='ocrx_word' id='word_1_100' title='bbox 745 1742 1097 1799; x_wconf 88' lang='lat' dir='ltr'><strong>annumerari</strong></span> <span class='ocrx_word' id='word_1_101' title='bbox 1125 1743 1276 1808; x_wconf 82' lang='lat' dir='ltr'><strong>velit,</strong></span> <span class='ocrx_word' id='word_1_102' title='bbox 1308 1752 1722 1796; x_wconf 88' lang='lat' dir='ltr'><strong>annumeretnr.</strong></span> <span class='ocrx_word' id='word_1_103' title='bbox 1759 1738 1819 1794; x_wconf 88' lang='lat' dir='ltr'><strong>Si</strong></span> <span class='ocrx_word' id='word_1_104' title='bbox 1848 1754 1974 1793; x_wconf 82' lang='lat' dir='ltr'><strong>vero</strong></span> <span class='ocrx_word' id='word_1_105' title='bbox 2005 1737 2073 1792; x_wconf 88' lang='lat' dir='ltr'><strong>ab</strong></span> 
     </span>
    </p>
   </div>
   <div class='ocr_carea' id='block_1_19' title="bbox 481 1832 2067 1910">
    <p class='ocr_par' dir='ltr' id='par_1_19' title="bbox 481 1832 2067 1910">
     <span class='ocr_line' id='line_1_19' title="bbox 481 1832 2067 1910; baseline -0.006 -18"><span class='ocrx_word' id='word_1_106' title='bbox 481 1839 747 1910; x_wconf 74' lang='lat' dir='ltr'><strong>episcopis</strong></span> <span class='ocrx_word' id='word_1_107' title='bbox 780 1836 872 1906; x_wconf 89' lang='lat' dir='ltr'><strong>qui</strong></span> <span class='ocrx_word' id='word_1_108' title='bbox 904 1835 976 1890; x_wconf 89' lang='lat' dir='ltr'><strong>ibi</strong></span> <span class='ocrx_word' id='word_1_109' title='bbox 1023 1835 1227 1904; x_wconf 79' lang='lat' dir='ltr'><strong>degunt</strong></span> <span class='ocrx_word' id='word_1_110' title='bbox 1274 1833 1559 1899; x_wconf 86' lang='lat' dir='ltr'><strong>dissideat,</strong></span> <span class='ocrx_word' id='word_1_111' title='bbox 1589 1833 1750 1888; x_wconf 90' lang='lat' dir='ltr'><strong>etiam</strong></span> <span class='ocrx_word' id='word_1_112' title='bbox 1789 1832 2067 1900; x_wconf 83' lang='lat' dir='ltr'><strong>presbyte-</strong></span> 
     </span>
    </p>
   </div>
   <div class='ocr_carea' id='block_1_20' title="bbox 485 1927 1240 1998">
    <p class='ocr_par' dir='ltr' id='par_1_20' title="bbox 485 1927 1240 1998">
     <span class='ocr_line' id='line_1_20' title="bbox 485 1927 1240 1998; baseline -0.007 -11"><span class='ocrx_word' id='word_1_113' title='bbox 485 1943 640 1988; x_wconf 84' lang='lat' dir='ltr'><strong>ratus</strong></span> <span class='ocrx_word' id='word_1_114' title='bbox 674 1932 884 1986; x_wconf 83' lang='lat' dir='ltr'><strong>honore</strong></span> <span class='ocrx_word' id='word_1_115' title='bbox 917 1927 1240 1998; x_wconf 77' lang='lat' dir='ltr'><strong>expellatur.</strong></span> 
     </span>
    </p>
   </div>
   <div class='ocr_carea' id='block_1_21' title="bbox 551 2013 2070 2087">
    <p class='ocr_par' dir='ltr' id='par_1_21' title="bbox 551 2013 2070 2087">
     <span class='ocr_line' id='line_1_21' title="bbox 551 2013 2070 2087; baseline -0.006 -13"><span class='ocrx_word' id='word_1_116' title='bbox 551 2021 643 2076; x_wconf 80' lang='lat' dir='ltr'><strong>l9.</strong></span> <span class='ocrx_word' id='word_1_117' title='bbox 701 2019 806 2085; x_wconf 90' lang='lat' dir='ltr'><strong>Qui</strong></span> <span class='ocrx_word' id='word_1_118' title='bbox 859 2016 1228 2087; x_wconf 81' lang='lat' dir='ltr'><strong>virginitatem</strong></span> <span class='ocrx_word' id='word_1_119' title='bbox 1278 2013 1562 2084; x_wconf 87' lang='lat' dir='ltr'><strong>professus</strong></span> <span class='ocrx_word' id='word_1_120' title='bbox 1605 2023 1718 2078; x_wconf 83' lang='lat' dir='ltr'><strong>est,</strong></span> <span class='ocrx_word' id='word_1_121' title='bbox 1773 2027 1838 2068; x_wconf 89' lang='lat' dir='ltr'><strong>ac</strong></span> <span class='ocrx_word' id='word_1_122' title='bbox 1886 2022 2070 2066; x_wconf 86' lang='lat' dir='ltr'><strong>votum</strong></span> 
     </span>
    </p>
   </div>
   <div class='ocr_carea' id='block_1_22' title="bbox 479 2107 1707 2177">
    <p class='ocr_par' dir='ltr' id='par_1_22' title="bbox 479 2107 1707 2177">
     <span class='ocr_line' id='line_1_22' title="bbox 479 2107 1707 2177; baseline -0.007 -7"><span class='ocrx_word' id='word_1_123' title='bbox 479 2115 695 2170; x_wconf 74' lang='lat' dir='ltr'><strong>irritum</strong></span> <span class='ocrx_word' id='word_1_124' title='bbox 723 2111 882 2177; x_wconf 81' lang='lat' dir='ltr'><strong>facit,</strong></span> <span class='ocrx_word' id='word_1_125' title='bbox 911 2109 1149 2165; x_wconf 91' lang='lat' dir='ltr'><strong>triennio</strong></span> <span class='ocrx_word' id='word_1_126' title='bbox 1178 2107 1707 2164; x_wconf 76' lang='lat' dir='ltr'><strong>excommunicetur.</strong></span> 
     </span>
    </p>
   </div>
   <div class='ocr_carea' id='block_1_23' title="bbox 549 2192 2068 2276">
    <p class='ocr_par' dir='ltr' id='par_1_23' title="bbox 549 2192 2068 2276">
     <span class='ocr_line' id='line_1_23' title="bbox 549 2192 2068 2276; baseline -0.005 -14"><span class='ocrx_word' id='word_1_127' title='bbox 549 2210 642 2262; x_wconf 75' lang='lat'><strong>20.</strong></span> <span class='ocrx_word' id='word_1_128' title='bbox 671 2203 926 2276; x_wconf 78' lang='lat' dir='ltr'><strong>Virgines</strong></span> <span class='ocrx_word' id='word_1_129' title='bbox 955 2216 1022 2256; x_wconf 90' lang='lat' dir='ltr'><strong>ne</strong></span> <span class='ocrx_word' id='word_1_130' title='bbox 1054 2199 1124 2254; x_wconf 90' lang='lat' dir='ltr'><strong>ad</strong></span> <span class='ocrx_word' id='word_1_131' title='bbox 1153 2200 1367 2271; x_wconf 87' lang='lat' dir='ltr'><strong>aliquos</strong></span> <span class='ocrx_word' id='word_1_132' title='bbox 1391 2210 1652 2270; x_wconf 84' lang='lat' dir='ltr'><strong>tanquam</strong></span> <span class='ocrx_word' id='word_1_133' title='bbox 1676 2192 1883 2256; x_wconf 74' lang='lat' dir='ltr'><strong>fratres</strong></span> <span class='ocrx_word' id='word_1_134' title='bbox 1911 2214 2068 2255; x_wconf 88' lang='lat' dir='ltr'><strong>acce-</strong></span> 
     </span>
    </p>
   </div>
   <div class='ocr_carea' id='block_1_24' title="bbox 477 2300 632 2354">
    <p class='ocr_par' dir='ltr' id='par_1_24' title="bbox 477 2300 632 2354">
     <span class='ocr_line' id='line_1_24' title="bbox 477 2300 632 2354; baseline 0 -1"><span class='ocrx_word' id='word_1_135' title='bbox 477 2300 632 2354; x_wconf 82' lang='lat' dir='ltr'><strong>dant.</strong></span> 
     </span>
    </p>
   </div>
   <div class='ocr_carea' id='block_1_25' title="bbox 555 2386 2070 2456">
    <p class='ocr_par' dir='ltr' id='par_1_25' title="bbox 555 2386 2070 2456">
     <span class='ocr_line' id='line_1_25' title="bbox 555 2386 2070 2456; baseline -0.006 -10"><span class='ocrx_word' id='word_1_136' title='bbox 555 2393 649 2446; x_wconf 74' lang='lat' dir='ltr'><strong>2i.</strong></span> <span class='ocrx_word' id='word_1_137' title='bbox 685 2389 945 2445; x_wconf 84' lang='lat' dir='ltr'><strong>Adultera</strong></span> <span class='ocrx_word' id='word_1_138' title='bbox 980 2395 1034 2442; x_wconf 90' lang='lat' dir='ltr'><strong>et</strong></span> <span class='ocrx_word' id='word_1_139' title='bbox 1064 2386 1295 2452; x_wconf 88' lang='lat' dir='ltr'><strong>adulter,</strong></span> <span class='ocrx_word' id='word_1_140' title='bbox 1335 2396 1541 2456; x_wconf 89' lang='lat' dir='ltr'><strong>septem</strong></span> <span class='ocrx_word' id='word_1_141' title='bbox 1566 2400 1740 2441; x_wconf 91' lang='lat' dir='ltr'><strong>annos</strong></span> <span class='ocrx_word' id='word_1_142' title='bbox 1758 2399 2070 2440; x_wconf 85' lang='lat' dir='ltr'><strong>excommu-</strong></span> 
     </span>
    </p>
   </div>
   <div class='ocr_carea' id='block_1_26' title="bbox 479 2484 756 2540">
    <p class='ocr_par' dir='ltr' id='par_1_26' title="bbox 479 2484 756 2540">
     <span class='ocr_line' id='line_1_26' title="bbox 479 2484 756 2540; baseline -0.014 -2"><span class='ocrx_word' id='word_1_143' title='bbox 479 2484 756 2540; x_wconf 86' lang='lat' dir='ltr'><strong>nicentur.</strong></span> 
     </span>
    </p>
   </div>
   <div class='ocr_carea' id='block_1_27' title="bbox 553 2563 2071 2629">
    <p class='ocr_par' dir='ltr' id='par_1_27' title="bbox 553 2563 2071 2629">
     <span class='ocr_line' id='line_1_27' title="bbox 553 2563 2071 2629; baseline -0.007 0"><span class='ocrx_word' id='word_1_144' title='bbox 553 2574 649 2629; x_wconf 69' lang='lat'><strong>9‘2.</strong></span> <span class='ocrx_word' id='word_1_145' title='bbox 698 2572 1009 2628; x_wconf 84' lang='lat' dir='ltr'><strong>Meretrit-es</strong></span> <span class='ocrx_word' id='word_1_146' title='bbox 1069 2568 1468 2625; x_wconf 86' lang='lat' dir='ltr'><strong>medicamenta</strong></span> <span class='ocrx_word' id='word_1_147' title='bbox 1524 2566 1821 2622; x_wconf 86' lang='lat' dir='ltr'><strong>enecandis</strong></span> <span class='ocrx_word' id='word_1_148' title='bbox 1870 2563 2071 2620; x_wconf 84' lang='lat' dir='ltr'><strong>fetibus</strong></span> 
     </span>
    </p>
   </div>
   <div class='ocr_carea' id='block_1_28' title="bbox 482 2657 2067 2737">
    <p class='ocr_par' dir='ltr' id='par_1_28' title="bbox 482 2657 2067 2737">
     <span class='ocr_line' id='line_1_28' title="bbox 482 2657 2067 2737; baseline -0.007 -16"><span class='ocrx_word' id='word_1_149' title='bbox 482 2667 854 2737; x_wconf 86' lang='lat' dir='ltr'><strong>accipientes,</strong></span> <span class='ocrx_word' id='word_1_150' title='bbox 911 2664 1100 2719; x_wconf 88' lang='lat' dir='ltr'><strong>decem</strong></span> <span class='ocrx_word' id='word_1_151' title='bbox 1153 2676 1326 2717; x_wconf 83' lang='lat' dir='ltr'><strong>annos</strong></span> <span class='ocrx_word' id='word_1_152' title='bbox 1376 2658 1715 2729; x_wconf 66' lang='lat' dir='ltr'><strong>poenitentia:</strong></span> <span class='ocrx_word' id='word_1_153' title='bbox 1769 2657 2067 2728; x_wconf 89' lang='lat' dir='ltr'><strong>subjician-</strong></span> 
     </span>
    </p>
   </div>
   <div class='ocr_carea' id='block_1_29' title="bbox 480 2773 1512 2824">
    <p class='ocr_par' dir='ltr' id='par_1_29' title="bbox 480 2773 1512 2824">
     <span class='ocr_line' id='line_1_29' title="bbox 480 2773 1512 2824; baseline 0.009 -9"><span class='ocrx_word' id='word_1_154' title='bbox 480 2773 588 2816; x_wconf 85' lang='lat' dir='ltr'><strong>tur.</strong></span> <span class='ocrx_word' id='word_1_155' title='bbox 1502 2814 1512 2824; x_wconf 92' lang='lat'><strong>.</strong></span> 
     </span>
    </p>
   </div>
   <div class='ocr_carea' id='block_1_30' title="bbox 548 2830 2067 2945">
    <p class='ocr_par' dir='ltr' id='par_1_30' title="bbox 548 2830 2067 2945">
     <span class='ocr_line' id='line_1_30' title="bbox 548 2830 2067 2945; baseline -0.007 -37"><span class='ocrx_word' id='word_1_156' title='bbox 548 2830 640 2908; x_wconf 64' lang='lat'><strong>23.</strong></span> <span class='ocrx_word' id='word_1_157' title='bbox 677 2850 1032 2945; x_wconf 58' lang='lat' dir='ltr'><strong>Voluntarius</strong></span> <span class='ocrx_word' id='word_1_158' title='bbox 1070 2848 1367 2913; x_wconf 83' lang='lat' dir='ltr'><strong>homicida,</strong></span> <span class='ocrx_word' id='word_1_159' title='bbox 1403 2846 1459 2900; x_wconf 92' lang='lat' dir='ltr'><strong>in</strong></span> <span class='ocrx_word' id='word_1_160' title='bbox 1506 2845 1613 2900; x_wconf 84' lang='lat' dir='ltr'><strong>line</strong></span> <span class='ocrx_word' id='word_1_161' title='bbox 1655 2844 1779 2898; x_wconf 70' lang='lat' dir='ltr'><strong>vitae</strong></span> <span class='ocrx_word' id='word_1_162' title='bbox 1821 2856 2067 2898; x_wconf 84' lang='lat' dir='ltr'><strong>commu-</strong></span> 
     </span>
    </p>
   </div>
   <div class='ocr_carea' id='block_1_31' title="bbox 478 2945 1118 3010">
    <p class='ocr_par' dir='ltr' id='par_1_31' title="bbox 478 2945 1118 3010">
     <span class='ocr_line' id='line_1_31' title="bbox 478 2945 1118 3010; baseline -0.005 -13"><span class='ocrx_word' id='word_1_163' title='bbox 478 2945 696 2998; x_wconf 83' lang='lat' dir='ltr'><strong>nionem</strong></span> <span class='ocrx_word' id='word_1_164' title='bbox 729 2951 1118 3010; x_wconf 83' lang='lat' dir='ltr'><strong>consequatur.</strong></span> 
     </span>
    </p>
   </div>
   <div class='ocr_carea' id='block_1_32' title="bbox 548 3027 2066 3099">
    <p class='ocr_par' dir='ltr' id='par_1_32' title="bbox 548 3027 2066 3099">
     <span class='ocr_line' id='line_1_32' title="bbox 548 3027 2066 3099; baseline -0.005 -11"><span class='ocrx_word' id='word_1_165' title='bbox 548 3035 638 3091; x_wconf 76' lang='grc'><strong>24.</strong></span> <span class='ocrx_word' id='word_1_166' title='bbox 677 3034 1086 3090; x_wconf 83' lang='lat' dir='ltr'><strong>Involnntarius</strong></span> <span class='ocrx_word' id='word_1_167' title='bbox 1123 3031 1420 3098; x_wconf 86' lang='lat' dir='ltr'><strong>homicida,</strong></span> <span class='ocrx_word' id='word_1_168' title='bbox 1466 3028 1845 3099; x_wconf 90' lang='lat' dir='ltr'><strong>quinquennio</strong></span> <span class='ocrx_word' id='word_1_169' title='bbox 1888 3027 2066 3099; x_wconf 66' lang='lat' dir='ltr'><strong>paeni-</strong></span> 
     </span>
    </p>
   </div>
   <div class='ocr_carea' id='block_1_33' title="bbox 480 3123 1027 3193">
    <p class='ocr_par' dir='ltr' id='par_1_33' title="bbox 480 3123 1027 3193">
     <span class='ocr_line' id='line_1_33' title="bbox 480 3123 1027 3193; baseline -0.009 -12"><span class='ocrx_word' id='word_1_170' title='bbox 480 3126 660 3181; x_wconf 69' lang='lat' dir='ltr'><strong>tentia:</strong></span> <span class='ocrx_word' id='word_1_171' title='bbox 683 3123 1027 3193; x_wconf 86' lang='lat' dir='ltr'><strong>subjiciatur.</strong></span> 
     </span>
    </p>
   </div>
   <div class='ocr_carea' id='block_1_34' title="bbox 548 3207 2062 3278">
    <p class='ocr_par' dir='ltr' id='par_1_34' title="bbox 548 3207 2062 3278">
     <span class='ocr_line' id='line_1_34' title="bbox 548 3207 2062 3278; baseline -0.003 -14"><span class='ocrx_word' id='word_1_172' title='bbox 548 3211 638 3267; x_wconf 78' lang='grc'><strong>25.</strong></span> <span class='ocrx_word' id='word_1_173' title='bbox 665 3209 768 3277; x_wconf 86' lang='lat' dir='ltr'><strong>Qui</strong></span> <span class='ocrx_word' id='word_1_174' title='bbox 787 3211 1063 3276; x_wconf 81' lang='lat' dir='ltr'><strong>vaticiniis</strong></span> <span class='ocrx_word' id='word_1_175' title='bbox 1091 3209 1281 3276; x_wconf 89' lang='lat' dir='ltr'><strong>utitur,</strong></span> <span class='ocrx_word' id='word_1_176' title='bbox 1312 3216 1478 3278; x_wconf 87' lang='lat' dir='ltr'><strong>atque</strong></span> <span class='ocrx_word' id='word_1_177' title='bbox 1509 3207 1806 3262; x_wconf 88' lang='lat' dir='ltr'><strong>introducit</strong></span> <span class='ocrx_word' id='word_1_178' title='bbox 1827 3207 2062 3277; x_wconf 81' lang='lat' dir='ltr'><strong>aliquem</strong></span> 
     </span>
    </p>
   </div>
   <div class='ocr_carea' id='block_1_35' title="bbox 475 3299 2064 3374">
    <p class='ocr_par' dir='ltr' id='par_1_35' title="bbox 475 3299 2064 3374">
     <span class='ocr_line' id='line_1_35' title="bbox 475 3299 2064 3374; baseline -0.004 -15"><span class='ocrx_word' id='word_1_179' title='bbox 475 3306 530 3359; x_wconf 87' lang='lat' dir='ltr'><strong>in</strong></span> <span class='ocrx_word' id='word_1_180' title='bbox 562 3304 752 3359; x_wconf 91' lang='lat' dir='ltr'><strong>domos</strong></span> <span class='ocrx_word' id='word_1_181' title='bbox 783 3302 1105 3374; x_wconf 59' lang='lat' dir='ltr'><strong>exiluirendi</strong></span> <span class='ocrx_word' id='word_1_182' title='bbox 1138 3301 1410 3366; x_wconf 87' lang='lat' dir='ltr'><strong>veneficii,</strong></span> <span class='ocrx_word' id='word_1_183' title='bbox 1439 3311 1530 3354; x_wconf 90' lang='lat' dir='ltr'><strong>aut</strong></span> <span class='ocrx_word' id='word_1_184' title='bbox 1563 3299 1903 3354; x_wconf 89' lang='lat' dir='ltr'><strong>lustrationis</strong></span> <span class='ocrx_word' id='word_1_185' title='bbox 1938 3315 2064 3370; x_wconf 73' lang='lat' dir='ltr'><strong>gra-</strong></span> 
     </span>
    </p>
   </div>
   <div class='ocr_carea' id='block_1_36' title="bbox 480 3391 1706 3464">
    <p class='ocr_par' dir='ltr' id='par_1_36' title="bbox 480 3391 1706 3464">
     <span class='ocr_line' id='line_1_36' title="bbox 480 3391 1706 3464; baseline -0.004 -14"><span class='ocrx_word' id='word_1_186' title='bbox 480 3393 1000 3464; x_wconf 81' lang='lat' dir='ltr'><strong>tia,&#39;quinquennio</strong></span> <span class='ocrx_word' id='word_1_187' title='bbox 1033 3393 1367 3462; x_wconf 76' lang='lat' dir='ltr'><strong>poenitentia:</strong></span> <span class='ocrx_word' id='word_1_188' title='bbox 1403 3391 1706 3461; x_wconf 80' lang='lat' dir='ltr'><strong>subjaceat.</strong></span> 
     </span>
    </p>
   </div>
   <div class='ocr_carea' id='block_1_37' title="bbox 548 3483 2063 3554">
    <p class='ocr_par' dir='ltr' id='par_1_37' title="bbox 548 3483 2063 3554">
     <span class='ocr_line' id='line_1_37' title="bbox 548 3483 2063 3554; baseline -0.003 -15"><span class='ocrx_word' id='word_1_189' title='bbox 548 3485 639 3540; x_wconf 71' lang='lat'><strong>26.</strong></span> <span class='ocrx_word' id='word_1_190' title='bbox 674 3483 904 3551; x_wconf 86' lang='lat' dir='ltr'><strong>Quidam</strong></span> <span class='ocrx_word' id='word_1_191' title='bbox 937 3484 1112 3554; x_wconf 88' lang='lat' dir='ltr'><strong>puella</strong></span> <span class='ocrx_word' id='word_1_192' title='bbox 1144 3484 1498 3551; x_wconf 79' lang='lat' dir='ltr'><strong>desponsata,</strong></span> <span class='ocrx_word' id='word_1_193' title='bbox 1524 3484 1699 3537; x_wconf 90' lang='lat' dir='ltr'><strong>sorori</strong></span> <span class='ocrx_word' id='word_1_194' title='bbox 1729 3483 1848 3552; x_wconf 87' lang='lat' dir='ltr'><strong>ejus</strong></span> <span class='ocrx_word' id='word_1_195' title='bbox 1874 3483 2063 3537; x_wconf 78' lang='lat' dir='ltr'><strong>vitium</strong></span> 
     </span>
    </p>
   </div>
   <div class='ocr_carea' id='block_1_38' title="bbox 477 3573 2064 3644">
    <p class='ocr_par' dir='ltr' id='par_1_38' title="bbox 477 3573 2064 3644">
     <span class='ocr_line' id='line_1_38' title="bbox 477 3573 2064 3644; baseline -0.001 -14"><span class='ocrx_word' id='word_1_196' title='bbox 477 3577 680 3641; x_wconf 85' lang='lat' dir='ltr'><strong>attulit,</strong></span> <span class='ocrx_word' id='word_1_197' title='bbox 735 3575 928 3630; x_wconf 86' lang='lat' dir='ltr'><strong>deinde</strong></span> <span class='ocrx_word' id='word_1_198' title='bbox 974 3589 1228 3644; x_wconf 84' lang='lat' dir='ltr'><strong>sponsam</strong></span> <span class='ocrx_word' id='word_1_199' title='bbox 1268 3573 1516 3642; x_wconf 85' lang='lat' dir='ltr'><strong>accepit;</strong></span> <span class='ocrx_word' id='word_1_200' title='bbox 1569 3573 1739 3641; x_wconf 88' lang='lat' dir='ltr'><strong>prima</strong></span> <span class='ocrx_word' id='word_1_201' title='bbox 1772 3574 2064 3641; x_wconf 86' lang='lat' dir='ltr'><strong>suspendio</strong></span> 
     </span>
    </p>
   </div>
   <div class='ocr_carea' id='block_1_39' title="bbox 476 3664 2064 3734">
    <p class='ocr_par' dir='ltr' id='par_1_39' title="bbox 476 3664 2064 3734">
     <span class='ocr_line' id='line_1_39' title="bbox 476 3664 2064 3734; baseline 0.001 -16"><span class='ocrx_word' id='word_1_202' title='bbox 476 3669 644 3721; x_wconf 72' lang='lat' dir='ltr'><strong>vitam</strong></span> <span class='ocrx_word' id='word_1_203' title='bbox 671 3667 840 3731; x_wconf 83' lang='lat' dir='ltr'><strong>finiit;</strong></span> <span class='ocrx_word' id='word_1_204' title='bbox 874 3666 909 3719; x_wconf 92' lang='lat' dir='ltr'><strong>ii</strong></span> <span class='ocrx_word' id='word_1_205' title='bbox 932 3667 1095 3720; x_wconf 87' lang='lat' dir='ltr'><strong>etiam</strong></span> <span class='ocrx_word' id='word_1_206' title='bbox 1124 3665 1216 3734; x_wconf 88' lang='lat' dir='ltr'><strong>qui</strong></span> <span class='ocrx_word' id='word_1_207' title='bbox 1240 3664 1368 3719; x_wconf 86' lang='lat' dir='ltr'><strong>facti</strong></span> <span class='ocrx_word' id='word_1_208' title='bbox 1393 3665 1594 3720; x_wconf 88' lang='lat' dir='ltr'><strong>conscii</strong></span> <span class='ocrx_word' id='word_1_209' title='bbox 1626 3676 1772 3733; x_wconf 90' lang='lat' dir='ltr'><strong>sunt,</strong></span> <span class='ocrx_word' id='word_1_210' title='bbox 1801 3665 2064 3720; x_wconf 90' lang='lat' dir='ltr'><strong>decennio</strong></span> 
     </span>
    </p>
   </div>
   <div class='ocr_carea' id='block_1_40' title="bbox 479 3757 1216 3830">
    <p class='ocr_par' dir='ltr' id='par_1_40' title="bbox 479 3757 1216 3830">
     <span class='ocr_line' id='line_1_40' title="bbox 479 3757 1216 3830; baseline 0 -20"><span class='ocrx_word' id='word_1_211' title='bbox 479 3759 814 3830; x_wconf 78' lang='lat' dir='ltr'><strong>ptnnitentiae</strong></span> <span class='ocrx_word' id='word_1_212' title='bbox 839 3757 1216 3826; x_wconf 91' lang='lat' dir='ltr'><strong>subjiciantur.</strong></span> 
     </span>
    </p>
   </div>
   <div class='ocr_carea' id='block_1_41' title="bbox 906 3847 1738 3919">
    <p class='ocr_par' dir='ltr' id='par_1_41' title="bbox 906 3847 1738 3919">
     <span class='ocr_line' id='line_1_41' title="bbox 906 3847 1738 3919; baseline 0.004 -17"><span class='ocrx_word' id='word_1_213' title='bbox 906 3848 1106 3919; x_wconf 82' lang='lat' dir='ltr'><strong>Synodi</strong></span> <span class='ocrx_word' id='word_1_214' title='bbox 1168 3847 1636 3905; x_wconf 72' lang='lat' dir='ltr'><strong>Neocwsuriensis.</strong></span> <span class='ocrx_word' id='word_1_215' title='bbox 1719 3913 1738 3916; x_wconf 94' lang='lat'>_</span> 
     </span>
    </p>
   </div>
   <div class='ocr_carea' id='block_1_42' title="bbox 553 3941 2059 4014">
    <p class='ocr_par' dir='ltr' id='par_1_42' title="bbox 553 3941 2059 4014">
     <span class='ocr_line' id='line_1_42' title="bbox 553 3941 2059 4014; baseline 0.001 -17"><span class='ocrx_word' id='word_1_216' title='bbox 553 3943 604 3997; x_wconf 76' lang='grc' dir='ltr'><strong>ί.</strong></span> <span class='ocrx_word' id='word_1_217' title='bbox 660 3941 955 4012; x_wconf 83' lang='lat' dir='ltr'><strong>Presbyter</strong></span> <span class='ocrx_word' id='word_1_218' title='bbox 997 3942 1088 4011; x_wconf 91' lang='lat' dir='ltr'><strong>qni</strong></span> <span class='ocrx_word' id='word_1_219' title='bbox 1144 3954 1368 3994; x_wconf 78' lang='lat' dir='ltr'><strong>uxorem</strong></span> <span class='ocrx_word' id='word_1_220' title='bbox 1415 3941 1655 4008; x_wconf 80' lang='lat' dir='ltr'><strong>duxerit,</strong></span> <span class='ocrx_word' id='word_1_221' title='bbox 1708 3944 2059 4014; x_wconf 83' lang='lat' dir='ltr'><strong>deponatur:</strong></span> 
     </span>
    </p>
   </div>
   <div class='ocr_carea' id='block_1_43' title="bbox 477 4032 2061 4104">
    <p class='ocr_par' dir='ltr' id='par_1_43' title="bbox 477 4032 2061 4104">
     <span class='ocr_line' id='line_1_43' title="bbox 477 4032 2061 4104; baseline -0.005 -12"><span class='ocrx_word' id='word_1_222' title='bbox 477 4038 521 4092; x_wconf 92' lang='lat' dir='ltr'><strong>si</strong></span> <span class='ocrx_word' id='word_1_223' title='bbox 575 4050 706 4090; x_wconf 79' lang='lat' dir='ltr'><strong>vero</strong></span> <span class='ocrx_word' id='word_1_224' title='bbox 765 4045 1040 4090; x_wconf 87' lang='lat' dir='ltr'><strong>scortatus</strong></span> <span class='ocrx_word' id='word_1_225' title='bbox 1085 4043 1178 4088; x_wconf 90' lang='lat' dir='ltr'><strong>aut</strong></span> <span class='ocrx_word' id='word_1_226' title='bbox 1229 4032 1536 4089; x_wconf 71' lang='lat' dir='ltr'><strong>mmchatus</strong></span> <span class='ocrx_word' id='word_1_227' title='bbox 1592 4033 1780 4102; x_wconf 87' lang='lat' dir='ltr'><strong>fuerit,</strong></span> <span class='ocrx_word' id='word_1_228' title='bbox 1829 4036 2061 4104; x_wconf 81' lang='lat' dir='ltr'><strong>expella.</strong></span> 
     </span>
    </p>
   </div>
   <div class='ocr_carea' id='block_1_44' title="bbox 476 4137 587 4184">
    <p class='ocr_par' dir='ltr' id='par_1_44' title="bbox 476 4137 587 4184">
     <span class='ocr_line' id='line_1_44' title="bbox 476 4137 587 4184; baseline 0.036 -4"><span class='ocrx_word' id='word_1_229' title='bbox 476 4137 587 4184; x_wconf 92' lang='lat' dir='ltr'><strong>tur.</strong></span> 
     </span>
    </p>
   </div>
   <div class='ocr_carea' id='block_1_45' title="bbox 547 4218 2063 4290">
    <p class='ocr_par' dir='ltr' id='par_1_45' title="bbox 547 4218 2063 4290">
     <span class='ocr_line' id='line_1_45' title="bbox 547 4218 2063 4290; baseline 0.002 -17"><span class='ocrx_word' id='word_1_230' title='bbox 547 4221 602 4273; x_wconf 72' lang='grc' dir='ltr'><strong>Ξ.</strong></span> <span class='ocrx_word' id='word_1_231' title='bbox 640 4219 837 4274; x_wconf 83' lang='lat' dir='ltr'><strong>Mulier</strong></span> <span class='ocrx_word' id='word_1_232' title='bbox 872 4234 992 4290; x_wconf 74' lang='lat' dir='ltr'><strong>qua:</strong></span> <span class='ocrx_word' id='word_1_233' title='bbox 1025 4218 1236 4278; x_wconf 89' lang='lat' dir='ltr'><strong>duobus</strong></span> <span class='ocrx_word' id='word_1_234' title='bbox 1270 4220 1532 4276; x_wconf 88' lang='lat' dir='ltr'><strong>fratribus</strong></span> <span class='ocrx_word' id='word_1_235' title='bbox 1563 4221 1827 4290; x_wconf 87' lang='lat' dir='ltr'><strong>nupserit,</strong></span> <span class='ocrx_word' id='word_1_236' title='bbox 1860 4237 1954 4290; x_wconf 86' lang='lat' dir='ltr'><strong>per</strong></span> <span class='ocrx_word' id='word_1_237' title='bbox 1986 4233 2063 4276; x_wconf 90' lang='lat' dir='ltr'><strong>to-</strong></span> 
     </span>
    </p>
   </div>
   <div class='ocr_carea' id='block_1_46' title="bbox 477 4312 2060 4382">
    <p class='ocr_par' dir='ltr' id='par_1_46' title="bbox 477 4312 2060 4382">
     <span class='ocr_line' id='line_1_46' title="bbox 477 4312 2060 4382; baseline 0.001 -17"><span class='ocrx_word' id='word_1_238' title='bbox 477 4324 587 4367; x_wconf 81' lang='lat' dir='ltr'><strong>tatn</strong></span> <span class='ocrx_word' id='word_1_239' title='bbox 641 4313 807 4366; x_wconf 86' lang='lat' dir='ltr'><strong>vitam</strong></span> <span class='ocrx_word' id='word_1_240' title='bbox 863 4312 1167 4382; x_wconf 76' lang='lat' dir='ltr'><strong>expellatur</strong></span> <span class='ocrx_word' id='word_1_241' title='bbox 1224 4331 1238 4368; x_wconf 90' lang='lat'><strong>:</strong></span> <span class='ocrx_word' id='word_1_242' title='bbox 1302 4315 1346 4369; x_wconf 91' lang='lat' dir='ltr'><strong>si</strong></span> <span class='ocrx_word' id='word_1_243' title='bbox 1402 4329 1530 4368; x_wconf 88' lang='lat' dir='ltr'><strong>vero</strong></span> <span class='ocrx_word' id='word_1_244' title='bbox 1589 4314 1750 4367; x_wconf 90' lang='lat' dir='ltr'><strong>morti</strong></span> <span class='ocrx_word' id='word_1_245' title='bbox 1815 4314 2060 4382; x_wconf 73' lang='lat' dir='ltr'><strong>proxima</strong></span> 
     </span>
    </p>
   </div>
   <div class='ocr_carea' id='block_1_47' title="bbox 477 4403 2060 4474">
    <p class='ocr_par' dir='ltr' id='par_1_47' title="bbox 477 4403 2060 4474">
     <span class='ocr_line' id='line_1_47' title="bbox 477 4403 2060 4474; baseline 0 -17"><span class='ocrx_word' id='word_1_246' title='bbox 477 4403 694 4472; x_wconf 84' lang='lat' dir='ltr'><strong>nuptias</strong></span> <span class='ocrx_word' id='word_1_247' title='bbox 729 4404 1004 4472; x_wconf 86' lang='lat' dir='ltr'><strong>repudiet,</strong></span> <span class='ocrx_word' id='word_1_248' title='bbox 1031 4403 1409 4472; x_wconf 74' lang='lat' dir='ltr'><strong>ptenitentiam</strong></span> <span class='ocrx_word' id='word_1_249' title='bbox 1435 4413 1799 4474; x_wconf 85' lang='lat' dir='ltr'><strong>consequetur</strong></span> <span class='ocrx_word' id='word_1_250' title='bbox 1825 4423 1837 4458; x_wconf 88' lang='lat'><strong>:</strong></span> <span class='ocrx_word' id='word_1_251' title='bbox 1865 4406 1911 4458; x_wconf 93' lang='lat' dir='ltr'><strong>si</strong></span> <span class='ocrx_word' id='word_1_252' title='bbox 1935 4419 2060 4459; x_wconf 85' lang='lat' dir='ltr'><strong>vero</strong></span> 
     </span>
    </p>
   </div>
   <div class='ocr_carea' id='block_1_48' title="bbox 476 4493 1524 4564">
    <p class='ocr_par' dir='ltr' id='par_1_48' title="bbox 476 4493 1524 4564">
     <span class='ocr_line' id='line_1_48' title="bbox 476 4493 1524 4564; baseline -0.001 -16"><span class='ocrx_word' id='word_1_253' title='bbox 476 4493 702 4558; x_wconf 85' lang='lat' dir='ltr'><strong>obierit,</strong></span> <span class='ocrx_word' id='word_1_254' title='bbox 736 4493 1022 4563; x_wconf 88' lang='lat' dir='ltr'><strong>superstiti</strong></span> <span class='ocrx_word' id='word_1_255' title='bbox 1052 4494 1168 4548; x_wconf 87' lang='lat' dir='ltr'><strong>viro</strong></span> <span class='ocrx_word' id='word_1_256' title='bbox 1206 4496 1524 4564; x_wconf 89' lang='lat' dir='ltr'><strong>pessimum.</strong></span> 
     </span>
    </p>
   </div>
   <div class='ocr_carea' id='block_1_49' title="bbox 547 4582 2066 4653">
    <p class='ocr_par' dir='ltr' id='par_1_49' title="bbox 547 4582 2066 4653">
     <span class='ocr_line' id='line_1_49' title="bbox 547 4582 2066 4653; baseline -0.001 -14"><span class='ocrx_word' id='word_1_257' title='bbox 547 4585 602 4639; x_wconf 75' lang='lat'><strong>3.</strong></span> <span class='ocrx_word' id='word_1_258' title='bbox 635 4582 834 4638; x_wconf 75' lang='lat' dir='ltr'><strong>Ebrnm</strong></span> <span class='ocrx_word' id='word_1_259' title='bbox 859 4585 948 4653; x_wconf 89' lang='lat' dir='ltr'><strong>qui</strong></span> <span class='ocrx_word' id='word_1_260' title='bbox 980 4583 1151 4638; x_wconf 86' lang='lat' dir='ltr'><strong>multa</strong></span> <span class='ocrx_word' id='word_1_261' title='bbox 1181 4585 1524 4639; x_wconf 84' lang='lat' dir='ltr'><strong>matrimonia</strong></span> <span class='ocrx_word' id='word_1_262' title='bbox 1548 4585 1898 4651; x_wconf 87' lang='lat' dir='ltr'><strong>contrahunt,</strong></span> <span class='ocrx_word' id='word_1_263' title='bbox 1930 4593 2066 4641; x_wconf 84' lang='lat' dir='ltr'><strong>tein.-</strong></span> 
     </span>
    </p>
   </div>
   <div class='ocr_carea' id='block_1_50' title="bbox 475 4684 1034 4746">
    <p class='ocr_par' dir='ltr' id='par_1_50' title="bbox 475 4684 1034 4746">
     <span class='ocr_line' id='line_1_50' title="bbox 475 4684 1034 4746; baseline -0.002 -17"><span class='ocrx_word' id='word_1_264' title='bbox 475 4691 576 4746; x_wconf 88' lang='lat' dir='ltr'><strong>pus</strong></span> <span class='ocrx_word' id='word_1_265' title='bbox 625 4684 832 4731; x_wconf 77' lang='lat' dir='ltr'><strong>centum</strong></span> <span class='ocrx_word' id='word_1_266' title='bbox 884 4685 968 4730; x_wconf 90' lang='lat' dir='ltr'><strong>est</strong></span> <span class='ocrx_word' id='word_1_267' title='bbox 1020 4690 1034 4728; x_wconf 93' lang='lat'><strong>:</strong></span> 
     </span>
    </p>
   </div>
   <div class='ocr_carea' id='block_1_51' title="bbox 473 4769 740 4838">
    <p class='ocr_par' dir='ltr' id='par_1_51' title="bbox 473 4769 740 4838">
     <span class='ocr_line' id='line_1_51' title="bbox 473 4769 740 4838; baseline 0 -16"><span class='ocrx_word' id='word_1_268' title='bbox 473 4769 740 4838; x_wconf 75' lang='lat' dir='ltr'><strong>praecidit.</strong></span> 
     </span>
    </p>
   </div>
   <div class='ocr_carea' id='block_1_52' title="bbox 545 4851 2065 4930">
    <p class='ocr_par' dir='ltr' id='par_1_52' title="bbox 545 4851 2065 4930">
     <span class='ocr_line' id='line_1_52' title="bbox 545 4851 2065 4930; baseline 0.003 -18"><span class='ocrx_word' id='word_1_269' title='bbox 545 4861 600 4913; x_wconf 71' lang='grc'><strong>4.</strong></span> <span class='ocrx_word' id='word_1_270' title='bbox 636 4859 1105 4928; x_wconf 70' lang='grc' dir='ltr'>ϐοιιοιῳὶεεειιιῑίε</span> <span class='ocrx_word' id='word_1_271' title='bbox 1146 4851 1526 4916; x_wconf 84' lang='lat' dir='ltr'><strong>fornicationis</strong></span> <span class='ocrx_word' id='word_1_272' title='bbox 1557 4876 1722 4930; x_wconf 88' lang='lat' dir='ltr'><strong>opera</strong></span> <span class='ocrx_word' id='word_1_273' title='bbox 1756 4865 2065 4930; x_wconf 65' lang='lat' dir='ltr'><strong>prmeeden—</strong></span> 
     </span>
    </p>
   </div>
   <div class='ocr_carea' id='block_1_53' title="bbox 476 4949 2065 5020">
    <p class='ocr_par' dir='ltr' id='par_1_53' title="bbox 476 4949 2065 5020">
     <span class='ocr_line' id='line_1_53' title="bbox 476 4949 2065 5020; baseline 0.001 -16"><span class='ocrx_word' id='word_1_274' title='bbox 476 4961 558 5006; x_wconf 91' lang='lat' dir='ltr'><strong>tes</strong></span> <span class='ocrx_word' id='word_1_275' title='bbox 585 4950 631 5004; x_wconf 90' lang='lat' dir='ltr'><strong>si</strong></span> <span class='ocrx_word' id='word_1_276' title='bbox 669 4949 1060 5020; x_wconf 88' lang='lat' dir='ltr'><strong>impediantur,</strong></span> <span class='ocrx_word' id='word_1_277' title='bbox 1098 4964 1205 5004; x_wconf 92' lang='lat' dir='ltr'><strong>non</strong></span> <span class='ocrx_word' id='word_1_278' title='bbox 1249 4950 1369 5005; x_wconf 83' lang='lat' dir='ltr'><strong>sine</strong></span> <span class='ocrx_word' id='word_1_279' title='bbox 1419 4950 1602 5004; x_wconf 81' lang='lat' dir='ltr'><strong>divino</strong></span> <span class='ocrx_word' id='word_1_280' title='bbox 1645 4949 1846 5004; x_wconf 78' lang='lat' dir='ltr'><strong>auxilio</strong></span> <span class='ocrx_word' id='word_1_281' title='bbox 1895 4951 2065 5019; x_wconf 89' lang='lat' dir='ltr'><strong>impe-</strong></span> 
     </span>
    </p>
   </div>
   <div class='ocr_carea' id='block_1_54' title="bbox 475 5042 718 5097">
    <p class='ocr_par' dir='ltr' id='par_1_54' title="bbox 475 5042 718 5097">
     <span class='ocr_line' id='line_1_54' title="bbox 475 5042 718 5097; baseline 0.004 -1"><span class='ocrx_word' id='word_1_282' title='bbox 475 5042 718 5097; x_wconf 89' lang='lat' dir='ltr'><strong>diuntur.</strong></span> 
     </span>
    </p>
   </div>
   <div class='ocr_carea' id='block_1_55' title="bbox 548 5131 2060 5204">
    <p class='ocr_par' dir='ltr' id='par_1_55' title="bbox 548 5131 2060 5204">
     <span class='ocr_line' id='line_1_55' title="bbox 548 5131 2060 5204; baseline 0 -16"><span class='ocrx_word' id='word_1_283' title='bbox 548 5134 603 5188; x_wconf 84' lang='lat'><strong>5.</strong></span> <span class='ocrx_word' id='word_1_284' title='bbox 659 5133 763 5200; x_wconf 85' lang='lat' dir='ltr'><strong>Qui</strong></span> <span class='ocrx_word' id='word_1_285' title='bbox 812 5135 935 5186; x_wconf 90' lang='lat' dir='ltr'><strong>dum</strong></span> <span class='ocrx_word' id='word_1_286' title='bbox 992 5131 1115 5187; x_wconf 83' lang='lat' dir='ltr'><strong>ﬁdei</strong></span> <span class='ocrx_word' id='word_1_287' title='bbox 1173 5133 1448 5204; x_wconf 81' lang='lat' dir='ltr'><strong>mysteriis</strong></span> <span class='ocrx_word' id='word_1_288' title='bbox 1498 5133 1803 5187; x_wconf 87' lang='lat' dir='ltr'><strong>instituitur</strong></span> <span class='ocrx_word' id='word_1_289' title='bbox 1850 5143 2060 5202; x_wconf 87' lang='lat' dir='ltr'><strong>peccat,</strong></span> 
     </span>
    </p>
   </div>
   <div class='ocr_carea' id='block_1_56' title="bbox 475 5224 2060 5297">
    <p class='ocr_par' dir='ltr' id='par_1_56' title="bbox 475 5224 2060 5297">
     <span class='ocr_line' id='line_1_56' title="bbox 475 5224 2060 5297; baseline 0 -17"><span class='ocrx_word' id='word_1_290' title='bbox 475 5228 662 5281; x_wconf 79' lang='lat' dir='ltr'><strong>audiat</strong></span> <span class='ocrx_word' id='word_1_291' title='bbox 696 5242 800 5280; x_wconf 86' lang='lat' dir='ltr'><strong>non</strong></span> <span class='ocrx_word' id='word_1_292' title='bbox 843 5240 1078 5297; x_wconf 89' lang='lat' dir='ltr'><strong>peccans</strong></span> <span class='ocrx_word' id='word_1_293' title='bbox 1129 5243 1144 5281; x_wconf 89' lang='lat'><strong>:</strong></span> <span class='ocrx_word' id='word_1_294' title='bbox 1192 5227 1239 5280; x_wconf 92' lang='lat' dir='ltr'><strong>si</strong></span> <span class='ocrx_word' id='word_1_295' title='bbox 1285 5234 1466 5279; x_wconf 89' lang='lat' dir='ltr'><strong>autem</strong></span> <span class='ocrx_word' id='word_1_296' title='bbox 1511 5224 1688 5280; x_wconf 83' lang='lat' dir='ltr'><strong>adhuc</strong></span> <span class='ocrx_word' id='word_1_297' title='bbox 1734 5234 2060 5294; x_wconf 86' lang='lat' dir='ltr'><strong>perseveret,</strong></span> 
     </span>
    </p>
   </div>
   <div class='ocr_carea' id='block_1_57' title="bbox 479 5317 1650 5388">
    <p class='ocr_par' dir='ltr' id='par_1_57' title="bbox 479 5317 1650 5388">
     <span class='ocr_line' id='line_1_57' title="bbox 479 5317 1650 5388; baseline 0.003 -16"><span class='ocrx_word' id='word_1_298' title='bbox 479 5317 694 5387; x_wconf 86' lang='lat' dir='ltr'><strong>penitus</strong></span> <span class='ocrx_word' id='word_1_299' title='bbox 727 5319 1000 5388; x_wconf 84' lang='lat' dir='ltr'><strong>ejiciatur.</strong></span> <span class='ocrx_word' id='word_1_300' title='bbox 1640 5366 1650 5375; x_wconf 95' lang='lat'><strong>.</strong></span> 
     </span>
    </p>
   </div>
   <div class='ocr_carea' id='block_1_58' title="bbox 552 5407 2060 5479">
    <p class='ocr_par' dir='ltr' id='par_1_58' title="bbox 552 5407 2060 5479">
     <span class='ocr_line' id='line_1_58' title="bbox 552 5407 2060 5479; baseline 0.001 -18"><span class='ocrx_word' id='word_1_301' title='bbox 552 5407 605 5461; x_wconf 87' lang='lat'><strong>6.</strong></span> <span class='ocrx_word' id='word_1_302' title='bbox 662 5409 954 5479; x_wconf 64' lang='lat' dir='ltr'><strong>Praegnans</strong></span> <span class='ocrx_word' id='word_1_303' title='bbox 1012 5411 1445 5478; x_wconf 85' lang='lat' dir='ltr'><strong>quandocunque</strong></span> <span class='ocrx_word' id='word_1_304' title='bbox 1501 5407 1618 5462; x_wconf 90' lang='lat' dir='ltr'><strong>vult</strong></span> <span class='ocrx_word' id='word_1_305' title='bbox 1681 5408 1984 5477; x_wconf 86' lang='lat' dir='ltr'><strong>baptizatur</strong></span> <span class='ocrx_word' id='word_1_306' title='bbox 2047 5426 2060 5462; x_wconf 91' lang='lat'><strong>:</strong></span> 
     </span>
    </p>
   </div>
   <div class='ocr_carea' id='block_1_59' title="bbox 481 5499 1703 5570">
    <p class='ocr_par' dir='ltr' id='par_1_59' title="bbox 481 5499 1703 5570">
     <span class='ocr_line' id='line_1_59' title="bbox 481 5499 1703 5570; baseline 0.002 -17"><span class='ocrx_word' id='word_1_307' title='bbox 481 5499 912 5570; x_wconf 86' lang='lat' dir='ltr'><strong>uniuscujusque</strong></span> <span class='ocrx_word' id='word_1_308' title='bbox 946 5504 1091 5556; x_wconf 87' lang='lat' dir='ltr'><strong>enim</strong></span> <span class='ocrx_word' id='word_1_309' title='bbox 1127 5501 1384 5556; x_wconf 86' lang='lat' dir='ltr'><strong>voluntas</strong></span> <span class='ocrx_word' id='word_1_310' title='bbox 1409 5499 1703 5568; x_wconf 86' lang='lat' dir='ltr'><strong>judicatur.</strong></span> 
     </span>
    </p>
   </div>
   <div class='ocr_carea' id='block_1_60' title="bbox 550 5591 2064 5662">
    <p class='ocr_par' dir='ltr' id='par_1_60' title="bbox 550 5591 2064 5662">
     <span class='ocr_line' id='line_1_60' title="bbox 550 5591 2064 5662; baseline 0.001 -16"><span class='ocrx_word' id='word_1_311' title='bbox 550 5591 605 5648; x_wconf 89' lang='lat'><strong>7.</strong></span> <span class='ocrx_word' id='word_1_312' title='bbox 660 5591 949 5662; x_wconf 79' lang='lat' dir='ltr'><strong>Presbyter</strong></span> <span class='ocrx_word' id='word_1_313' title='bbox 994 5610 1098 5648; x_wconf 88' lang='lat' dir='ltr'><strong>non</strong></span> <span class='ocrx_word' id='word_1_314' title='bbox 1149 5593 1309 5648; x_wconf 88' lang='lat' dir='ltr'><strong>debet</strong></span> <span class='ocrx_word' id='word_1_315' title='bbox 1353 5593 1617 5648; x_wconf 87' lang='lat' dir='ltr'><strong>interesse</strong></span> <span class='ocrx_word' id='word_1_316' title='bbox 1666 5593 1914 5649; x_wconf 89' lang='lat' dir='ltr'><strong>convivio</strong></span> <span class='ocrx_word' id='word_1_317' title='bbox 1946 5593 2064 5662; x_wconf 91' lang='lat' dir='ltr'><strong>ejus</strong></span> 
     </span>
    </p>
   </div>
   <div class='ocr_carea' id='block_1_61' title="bbox 478 5684 2062 5755">
    <p class='ocr_par' dir='ltr' id='par_1_61' title="bbox 478 5684 2062 5755">
     <span class='ocr_line' id='line_1_61' title="bbox 478 5684 2062 5755; baseline -0.001 -17"><span class='ocrx_word' id='word_1_318' title='bbox 478 5684 571 5755; x_wconf 90' lang='lat' dir='ltr'><strong>qui</strong></span> <span class='ocrx_word' id='word_1_319' title='bbox 597 5687 863 5740; x_wconf 89' lang='lat' dir='ltr'><strong>secundas</strong></span> <span class='ocrx_word' id='word_1_320' title='bbox 885 5685 1096 5753; x_wconf 82' lang='lat' dir='ltr'><strong>nuptias</strong></span> <span class='ocrx_word' id='word_1_321' title='bbox 1123 5687 1364 5741; x_wconf 86' lang='lat' dir='ltr'><strong>celebrat</strong></span> <span class='ocrx_word' id='word_1_322' title='bbox 1390 5686 1695 5755; x_wconf 81' lang='lat' dir='ltr'><strong>:quoniodo</strong></span> <span class='ocrx_word' id='word_1_323' title='bbox 1718 5685 1860 5741; x_wconf 90' lang='lat' dir='ltr'><strong>enim</strong></span> <span class='ocrx_word' id='word_1_324' title='bbox 1887 5685 2062 5755; x_wconf 87' lang='lat' dir='ltr'><strong>ipsum</strong></span> 
     </span>
    </p>
   </div>
   <div class='ocr_carea' id='block_1_62' title="bbox 483 5776 1202 5840">
    <p class='ocr_par' dir='ltr' id='par_1_62' title="bbox 483 5776 1202 5840">
     <span class='ocr_line' id='line_1_62' title="bbox 483 5776 1202 5840; baseline -0.003 -8"><span class='ocrx_word' id='word_1_325' title='bbox 483 5777 641 5832; x_wconf 88' lang='lat' dir='ltr'><strong>venia</strong></span> <span class='ocrx_word' id='word_1_326' title='bbox 666 5777 889 5840; x_wconf 71' lang='lat' dir='ltr'><strong>dignum</strong></span> <span class='ocrx_word' id='word_1_327' title='bbox 917 5776 1202 5837; x_wconf 89' lang='lat' dir='ltr'><strong>iudicabis.</strong></span> 
     </span>
    </p>
   </div>
   <div class='ocr_carea' id='block_1_63' title="bbox 1087 4667 2062 4746">
    <p class='ocr_par' dir='ltr' id='par_1_63' title="bbox 1087 4667 2062 4746">
     <span class='ocr_line' id='line_1_63' title="bbox 1087 4667 2062 4746; baseline -0.001 -15"><span class='ocrx_word' id='word_1_328' title='bbox 1087 4676 1422 4746; x_wconf 75' lang='lat' dir='ltr'><strong>ptenitcntiae</strong></span> <span class='ocrx_word' id='word_1_329' title='bbox 1475 4693 1602 4732; x_wconf 88' lang='lat' dir='ltr'><strong>vero</strong></span> <span class='ocrx_word' id='word_1_330' title='bbox 1652 4677 1888 4732; x_wconf 90' lang='lat' dir='ltr'><strong>studium</strong></span> <span class='ocrx_word' id='word_1_331' title='bbox 1932 4667 2062 4731; x_wconf 81' lang='lat' dir='ltr'><strong>illtid</strong></span> 
     </span>
    </p>
   </div>
   <div class='ocr_carea' id='block_1_64' title="bbox 2175 545 2400 598">
    <p class='ocr_par' dir='ltr' id='par_1_64' title="bbox 2175 545 2400 598">
     <span class='ocr_line' id='line_1_64' title="bbox 2175 545 2400 598; baseline 0.018 -4"><span class='ocrx_word' id='word_1_332' title='bbox 2175 545 2400 598; x_wconf 82' lang='grc' dir='ltr'>σκὸπου.</span> 
     </span>
    </p>
   </div>
   <div class='ocr_carea' id='block_1_65' title="bbox 2245 636 3758 712">
    <p class='ocr_par' dir='ltr' id='par_1_65' title="bbox 2245 636 3758 712">
     <span class='ocr_line' id='line_1_65' title="bbox 2245 636 3758 712; baseline 0.005 -24"><span class='ocrx_word' id='word_1_333' title='bbox 2245 636 2362 698; x_wconf 81' lang='grc' dir='ltr'>ις’.</span> <span class='ocrx_word' id='word_1_334' title='bbox 2405 637 2463 690; x_wconf 87' lang='lat'>&#39;0</span> <span class='ocrx_word' id='word_1_335' title='bbox 2509 638 2944 707; x_wconf 76' lang='grc' dir='ltr'>ἀλογευσάμενος</span> <span class='ocrx_word' id='word_1_336' title='bbox 2992 639 3099 707; x_wconf 71' lang='grc' dir='ltr'>πρὸ</span> <span class='ocrx_word' id='word_1_337' title='bbox 3141 639 3250 693; x_wconf 85' lang='grc' dir='ltr'>τῶν</span> <span class='ocrx_word' id='word_1_338' title='bbox 3295 640 3470 694; x_wconf 79' lang='grc' dir='ltr'>εἴκοσι</span> <span class='ocrx_word' id='word_1_339' title='bbox 3512 643 3758 712; x_wconf 71' lang='grc' dir='ltr'>χρόνων,</span> 
     </span>
    </p>
   </div>
   <div class='ocr_carea' id='block_1_66' title="bbox 2173 731 3760 806">
    <p class='ocr_par' dir='ltr' id='par_1_66' title="bbox 2173 731 3760 806">
     <span class='ocr_line' id='line_1_66' title="bbox 2173 731 3760 806; baseline 0.004 -24"><span class='ocrx_word' id='word_1_340' title='bbox 2173 731 2567 785; x_wconf 87' lang='grc' dir='ltr'>πεντεκαίδεκα</span> <span class='ocrx_word' id='word_1_341' title='bbox 2597 733 2774 784; x_wconf 83' lang='grc' dir='ltr'>ἐτεσιν</span> <span class='ocrx_word' id='word_1_342' title='bbox 2801 732 3157 785; x_wconf 79' lang='grc' dir='ltr'><strong>ὑποπιπτέτω</strong></span> <span class='ocrx_word' id='word_1_343' title='bbox 3179 749 3192 762; x_wconf 88' lang='grc'><strong>·</strong></span> <span class='ocrx_word' id='word_1_344' title='bbox 3224 734 3272 784; x_wconf 89' lang='grc' dir='ltr'><strong>εί</strong></span> <span class='ocrx_word' id='word_1_345' title='bbox 3304 734 3360 786; x_wconf 89' lang='grc' dir='ltr'>δὲ</span> <span class='ocrx_word' id='word_1_346' title='bbox 3392 734 3487 787; x_wconf 75' lang='grc' dir='ltr'><strong>καὶ</strong></span> <span class='ocrx_word' id='word_1_347' title='bbox 3511 735 3612 805; x_wconf 82' lang='grc' dir='ltr'>τὴν</span> <span class='ocrx_word' id='word_1_348' title='bbox 3638 736 3760 806; x_wconf 73' lang='grc' dir='ltr'>ἡλι-</span> 
     </span>
    </p>
   </div>
   <div class='ocr_carea' id='block_1_67' title="bbox 2172 822 3761 896">
    <p class='ocr_par' dir='ltr' id='par_1_67' title="bbox 2172 822 3761 896">
     <span class='ocr_line' id='line_1_67' title="bbox 2172 822 3761 896; baseline 0.001 -22"><span class='ocrx_word' id='word_1_349' title='bbox 2172 822 2297 874; x_wconf 87' lang='grc' dir='ltr'>κίαν</span> <span class='ocrx_word' id='word_1_350' title='bbox 2325 823 2533 893; x_wconf 87' lang='grc' dir='ltr'>ταύτην</span> <span class='ocrx_word' id='word_1_351' title='bbox 2565 823 2809 894; x_wconf 80' lang='grc' dir='ltr'>ὑπερϐὰς</span> <span class='ocrx_word' id='word_1_352' title='bbox 2832 865 2846 888; x_wconf 92' lang='grc'><strong>,</strong></span> <span class='ocrx_word' id='word_1_353' title='bbox 2880 823 2975 875; x_wconf 82' lang='grc' dir='ltr'><strong>καὶ</strong></span> <span class='ocrx_word' id='word_1_354' title='bbox 3013 827 3246 890; x_wconf 86' lang='grc' dir='ltr'>γυναῖκα</span> <span class='ocrx_word' id='word_1_355' title='bbox 3279 823 3451 893; x_wconf 81' lang='grc' dir='ltr'>ἔχων,</span> <span class='ocrx_word' id='word_1_356' title='bbox 3485 825 3580 878; x_wconf 72' lang='grc' dir='ltr'><strong>καὶ</strong></span> <span class='ocrx_word' id='word_1_357' title='bbox 3616 825 3761 896; x_wconf 76' lang='grc' dir='ltr'>ὑπὲρ</span> 
     </span>
    </p>
   </div>
   <div class='ocr_carea' id='block_1_68' title="bbox 2170 909 3564 986">
    <p class='ocr_par' dir='ltr' id='par_1_68' title="bbox 2170 909 3564 986">
     <span class='ocr_line' id='line_1_68' title="bbox 2170 909 3564 986; baseline 0.004 -24"><span class='ocrx_word' id='word_1_358' title='bbox 2170 911 2240 964; x_wconf 83' lang='grc' dir='ltr'><strong>τά</strong></span> <span class='ocrx_word' id='word_1_359' title='bbox 2268 909 2312 967; x_wconf 84' lang='grc' dir='ltr'>ν’</span> <span class='ocrx_word' id='word_1_360' title='bbox 2332 912 2502 966; x_wconf 80' lang='grc' dir='ltr'>τελῶν</span> <span class='ocrx_word' id='word_1_361' title='bbox 2532 913 2650 984; x_wconf 78' lang='grc' dir='ltr'>ἐτη,</span> <span class='ocrx_word' id='word_1_362' title='bbox 2685 914 2813 986; x_wconf 82' lang='grc' dir='ltr'>ἄχρι</span> <span class='ocrx_word' id='word_1_363' title='bbox 2841 915 2940 984; x_wconf 83' lang='grc' dir='ltr'>τῆς</span> <span class='ocrx_word' id='word_1_364' title='bbox 2970 912 3152 978; x_wconf 79' lang='grc' dir='ltr'>ἐξόδου</span> <span class='ocrx_word' id='word_1_365' title='bbox 3187 914 3564 968; x_wconf 80' lang='grc' dir='ltr'>ὑποπιπτέτω.</span> 
     </span>
    </p>
   </div>
   <div class='ocr_carea' id='block_1_69' title="bbox 2249 1178 3758 1250">
    <p class='ocr_par' dir='ltr' id='par_1_69' title="bbox 2249 1178 3758 1250">
     <span class='ocr_line' id='line_1_69' title="bbox 2249 1178 3758 1250; baseline 0 -20"><span class='ocrx_word' id='word_1_366' title='bbox 2249 1179 2333 1242; x_wconf 80' lang='grc' dir='ltr'>ιζ’.</span> <span class='ocrx_word' id='word_1_367' title='bbox 2373 1182 2432 1233; x_wconf 91' lang='grc'><strong>’0</strong></span> <span class='ocrx_word' id='word_1_368' title='bbox 2473 1180 2672 1249; x_wconf 81' lang='grc' dir='ltr'>λεπρὸς</span> <span class='ocrx_word' id='word_1_369' title='bbox 2714 1179 3176 1249; x_wconf 78' lang='grc' dir='ltr'>άλογευσάμενος,</span> <span class='ocrx_word' id='word_1_370' title='bbox 3219 1180 3252 1250; x_wconf 79' lang='grc' dir='ltr'><strong>ἧ</strong></span> <span class='ocrx_word' id='word_1_371' title='bbox 3297 1179 3392 1232; x_wconf 81' lang='grc' dir='ltr'><strong>καὶ</strong></span> <span class='ocrx_word' id='word_1_372' title='bbox 3433 1178 3758 1246; x_wconf 76' lang='grc' dir='ltr'>λεπρωθεὶς,</span> 
     </span>
    </p>
   </div>
   <div class='ocr_carea' id='block_1_70' title="bbox 2173 1269 3104 1342">
    <p class='ocr_par' dir='ltr' id='par_1_70' title="bbox 2173 1269 3104 1342">
     <span class='ocr_line' id='line_1_70' title="bbox 2173 1269 3104 1342; baseline -0.001 -17"><span class='ocrx_word' id='word_1_373' title='bbox 2173 1277 2282 1335; x_wconf 88' lang='grc' dir='ltr'>τοῖς</span> <span class='ocrx_word' id='word_1_374' title='bbox 2315 1271 2737 1342; x_wconf 74' lang='grc' dir='ltr'><strong>χειμαζομένοις</strong></span> <span class='ocrx_word' id='word_1_375' title='bbox 2770 1269 3104 1341; x_wconf 85' lang='grc' dir='ltr'>συνεύχοιτο.</span> 
     </span>
    </p>
   </div>
   <div class='ocr_carea' id='block_1_71' title="bbox 2249 1445 3763 1518">
    <p class='ocr_par' dir='ltr' id='par_1_71' title="bbox 2249 1445 3763 1518">
     <span class='ocr_line' id='line_1_71' title="bbox 2249 1445 3763 1518; baseline 0 -18"><span class='ocrx_word' id='word_1_376' title='bbox 2249 1446 2340 1517; x_wconf 81' lang='grc' dir='ltr'><strong>ιη’.</strong></span> <span class='ocrx_word' id='word_1_377' title='bbox 2381 1446 2443 1502; x_wconf 89' lang='lat'>&#39;0</span> <span class='ocrx_word' id='word_1_378' title='bbox 2475 1447 2773 1508; x_wconf 75' lang='grc' dir='ltr'>ἐπίσκοπος</span> <span class='ocrx_word' id='word_1_379' title='bbox 2800 1445 3105 1511; x_wconf 83' lang='grc' dir='ltr'>καταστὰς,</span> <span class='ocrx_word' id='word_1_380' title='bbox 3134 1448 3188 1498; x_wconf 84' lang='grc' dir='ltr'>εί·</span> <span class='ocrx_word' id='word_1_381' title='bbox 3219 1447 3278 1499; x_wconf 89' lang='grc' dir='ltr'><strong>ού</strong></span> <span class='ocrx_word' id='word_1_382' title='bbox 3321 1446 3542 1516; x_wconf 87' lang='grc' dir='ltr'>δέχεται</span> <span class='ocrx_word' id='word_1_383' title='bbox 3603 1449 3763 1518; x_wconf 73' lang='grc' dir='ltr'>παρὰ</span> 
     </span>
    </p>
   </div>
   <div class='ocr_carea' id='block_1_72' title="bbox 2174 1537 3766 1609">
    <p class='ocr_par' dir='ltr' id='par_1_72' title="bbox 2174 1537 3766 1609">
     <span class='ocr_line' id='line_1_72' title="bbox 2174 1537 3766 1609; baseline 0.001 -17"><span class='ocrx_word' id='word_1_384' title='bbox 2174 1541 2272 1606; x_wconf 81' lang='grc' dir='ltr'>τῆς</span> <span class='ocrx_word' id='word_1_385' title='bbox 2303 1539 2597 1609; x_wconf 78' lang='grc' dir='ltr'>παροικίας</span> <span class='ocrx_word' id='word_1_386' title='bbox 2629 1541 2709 1602; x_wconf 89' lang='grc' dir='ltr'>εἰς</span> <span class='ocrx_word' id='word_1_387' title='bbox 2741 1539 2807 1608; x_wconf 77' lang='grc' dir='ltr'>ἦν</span> <span class='ocrx_word' id='word_1_388' title='bbox 2839 1537 3070 1609; x_wconf 74' lang='grc' dir='ltr'>ἐκλήθη,</span> <span class='ocrx_word' id='word_1_389' title='bbox 3094 1537 3212 1590; x_wconf 79' lang='grc' dir='ltr'>ἀλλ’</span> <span class='ocrx_word' id='word_1_390' title='bbox 3279 1539 3492 1609; x_wconf 77' lang='grc' dir='ltr'>ἑτέροις</span> <span class='ocrx_word' id='word_1_391' title='bbox 3543 1541 3766 1594; x_wconf 84' lang='grc' dir='ltr'>ἐπισκό-</span> 
     </span>
    </p>
   </div>
   <div class='ocr_carea' id='block_1_73' title="bbox 2175 1630 3760 1703">
    <p class='ocr_par' dir='ltr' id='par_1_73' title="bbox 2175 1630 3760 1703">
     <span class='ocr_line' id='line_1_73' title="bbox 2175 1630 3760 1703; baseline 0 -18"><span class='ocrx_word' id='word_1_392' title='bbox 2175 1651 2299 1696; x_wconf 83' lang='grc' dir='ltr'>ποις</span> <span class='ocrx_word' id='word_1_393' title='bbox 2321 1631 2550 1703; x_wconf 82' lang='grc' dir='ltr'>ἐνοχλεῖ,</span> <span class='ocrx_word' id='word_1_394' title='bbox 2581 1630 2957 1702; x_wconf 78' lang='grc' dir='ltr'>ἀφοριζέσθω.</span> <span class='ocrx_word' id='word_1_395' title='bbox 2984 1631 3046 1683; x_wconf 81' lang='lat' dir='ltr'><strong>Ei</strong></span> <span class='ocrx_word' id='word_1_396' title='bbox 3101 1630 3159 1683; x_wconf 85' lang='grc' dir='ltr'>δὲ</span> <span class='ocrx_word' id='word_1_397' title='bbox 3210 1633 3324 1694; x_wconf 81' lang='grc' dir='ltr'>τοῖς</span> <span class='ocrx_word' id='word_1_398' title='bbox 3359 1633 3760 1703; x_wconf 72' lang='grc' dir='ltr'>πρεσϐυτέροις</span> 
     </span>
    </p>
   </div>
   <div class='ocr_carea' id='block_1_74' title="bbox 2178 1722 3763 1795">
    <p class='ocr_par' dir='ltr' id='par_1_74' title="bbox 2178 1722 3763 1795">
     <span class='ocr_line' id='line_1_74' title="bbox 2178 1722 3763 1795; baseline -0.001 -16"><span class='ocrx_word' id='word_1_399' title='bbox 2178 1726 2353 1779; x_wconf 88' lang='grc' dir='ltr'>ἐθέλοι</span> <span class='ocrx_word' id='word_1_400' title='bbox 2391 1724 2870 1795; x_wconf 71' lang='grc' dir='ltr'>συναριθμεῖσθαι,</span> <span class='ocrx_word' id='word_1_401' title='bbox 2905 1722 3311 1792; x_wconf 84' lang='grc' dir='ltr'>συναριθμοῖτο.</span> <span class='ocrx_word' id='word_1_402' title='bbox 3347 1724 3410 1776; x_wconf 86' lang='grc' dir='ltr'><strong>Εἰ</strong></span> <span class='ocrx_word' id='word_1_403' title='bbox 3441 1725 3496 1777; x_wconf 87' lang='grc' dir='ltr'><strong>δέ</strong></span> <span class='ocrx_word' id='word_1_404' title='bbox 3525 1726 3617 1778; x_wconf 76' lang='grc' dir='ltr'><strong>καὶ</strong></span> <span class='ocrx_word' id='word_1_405' title='bbox 3648 1729 3763 1788; x_wconf 78' lang='grc' dir='ltr'>τοῖς</span> 
     </span>
    </p>
   </div>
   <div class='ocr_carea' id='block_1_75' title="bbox 2151 1802 3760 1884">
    <p class='ocr_par' dir='ltr' id='par_1_75' title="bbox 2151 1802 3760 1884">
     <span class='ocr_line' id='line_1_75' title="bbox 2151 1802 3760 1884; baseline -0.001 -14"><span class='ocrx_word' id='word_1_406' title='bbox 2151 1802 2296 1870; x_wconf 70' lang='grc' dir='ltr'>ἐκεῖ</span> <span class='ocrx_word' id='word_1_407' title='bbox 2323 1816 2646 1878; x_wconf 74' lang='grc' dir='ltr'>ἐπισκόποις</span> <span class='ocrx_word' id='word_1_408' title='bbox 2683 1811 3084 1879; x_wconf 78' lang='grc' dir='ltr'>διαστασιάζοι,</span> <span class='ocrx_word' id='word_1_409' title='bbox 3117 1813 3450 1868; x_wconf 83' lang='grc' dir='ltr'>άπωθείσθω</span> <span class='ocrx_word' id='word_1_410' title='bbox 3516 1816 3612 1868; x_wconf 74' lang='grc' dir='ltr'><strong>καὶ</strong></span> <span class='ocrx_word' id='word_1_411' title='bbox 3661 1816 3760 1884; x_wconf 68' lang='grc' dir='ltr'>τῆς</span> 
     </span>
    </p>
   </div>
   <div class='ocr_carea' id='block_1_76' title="bbox 2175 1906 2888 1977">
    <p class='ocr_par' dir='ltr' id='par_1_76' title="bbox 2175 1906 2888 1977">
     <span class='ocr_line' id='line_1_76' title="bbox 2175 1906 2888 1977; baseline -0.001 -17"><span class='ocrx_word' id='word_1_412' title='bbox 2175 1907 2271 1961; x_wconf 81' lang='grc' dir='ltr'><strong>τοῦ</strong></span> <span class='ocrx_word' id='word_1_413' title='bbox 2297 1906 2678 1977; x_wconf 79' lang='grc' dir='ltr'>πρεσϐυτέρου</span> <span class='ocrx_word' id='word_1_414' title='bbox 2700 1908 2888 1976; x_wconf 87' lang='grc' dir='ltr'>τιμῆς.</span> 
     </span>
    </p>
   </div>
   <div class='ocr_carea' id='block_1_77' title="bbox 2250 1998 3761 2073">
    <p class='ocr_par' dir='ltr' id='par_1_77' title="bbox 2250 1998 3761 2073">
     <span class='ocr_line' id='line_1_77' title="bbox 2250 1998 3761 2073; baseline 0.001 -21"><span class='ocrx_word' id='word_1_415' title='bbox 2250 1998 2336 2052; x_wconf 82' lang='grc' dir='ltr'>ιθ”.</span> <span class='ocrx_word' id='word_1_416' title='bbox 2394 1999 2452 2051; x_wconf 87' lang='lat'>&#39;0</span> <span class='ocrx_word' id='word_1_417' title='bbox 2481 2000 3316 2073; x_wconf 71' lang='grc' dir='ltr'>ἐπαγγεῖλάμενοςπαρθενίαν,</span> <span class='ocrx_word' id='word_1_418' title='bbox 3366 2003 3460 2055; x_wconf 64' lang='grc' dir='ltr'><strong>καὶ</strong></span> <span class='ocrx_word' id='word_1_419' title='bbox 3523 2002 3761 2067; x_wconf 84' lang='grc' dir='ltr'>ἀθετῶν,</span> 
     </span>
    </p>
   </div>
   <div class='ocr_carea' id='block_1_78' title="bbox 2172 2092 2825 2162">
    <p class='ocr_par' dir='ltr' id='par_1_78' title="bbox 2172 2092 2825 2162">
     <span class='ocr_line' id='line_1_78' title="bbox 2172 2092 2825 2162; baseline 0.006 -19"><span class='ocrx_word' id='word_1_420' title='bbox 2172 2092 2419 2162; x_wconf 79' lang='grc' dir='ltr'>τριετίαν</span> <span class='ocrx_word' id='word_1_421' title='bbox 2452 2092 2825 2162; x_wconf 69' lang='grc' dir='ltr'>ἀφοριςέσθω.</span> 
     </span>
    </p>
   </div>
   <div class='ocr_carea' id='block_1_79' title="bbox 2243 2181 3762 2259">
    <p class='ocr_par' dir='ltr' id='par_1_79' title="bbox 2243 2181 3762 2259">
     <span class='ocr_line' id='line_1_79' title="bbox 2243 2181 3762 2259; baseline 0.002 -21"><span class='ocrx_word' id='word_1_422' title='bbox 2243 2181 2314 2238; x_wconf 88' lang='grc' dir='ltr'>κ’.</span> <span class='ocrx_word' id='word_1_423' title='bbox 2367 2185 2434 2237; x_wconf 85' lang='grc' dir='ltr'>Δί</span> <span class='ocrx_word' id='word_1_424' title='bbox 2482 2183 2749 2254; x_wconf 78' lang='grc' dir='ltr'>παρθένοι</span> <span class='ocrx_word' id='word_1_425' title='bbox 2807 2185 2884 2250; x_wconf 83' lang='grc' dir='ltr'>ὡς</span> <span class='ocrx_word' id='word_1_426' title='bbox 2935 2186 3188 2254; x_wconf 79' lang='grc' dir='ltr'><strong>ἀδελφοῖς</strong></span> <span class='ocrx_word' id='word_1_427' title='bbox 3250 2204 3365 2240; x_wconf 85' lang='grc' dir='ltr'>τισι</span> <span class='ocrx_word' id='word_1_428' title='bbox 3441 2188 3518 2258; x_wconf 78' lang='grc' dir='ltr'>μὴ</span> <span class='ocrx_word' id='word_1_429' title='bbox 3589 2205 3762 2259; x_wconf 87' lang='grc' dir='ltr'>προσ-</span> 
     </span>
    </p>
   </div>
   <div class='ocr_carea' id='block_1_80' title="bbox 2175 2278 2712 2332">
    <p class='ocr_par' dir='ltr' id='par_1_80' title="bbox 2175 2278 2712 2332">
     <span class='ocr_line' id='line_1_80' title="bbox 2175 2278 2712 2332; baseline 0.009 -2"><span class='ocrx_word' id='word_1_430' title='bbox 2175 2278 2393 2332; x_wconf 81' lang='grc' dir='ltr'>ίτωσαν.</span> <span class='ocrx_word' id='word_1_431' title='bbox 2697 2312 2712 2324; x_wconf 89' lang='lat'><strong><em>-</em></strong></span> 
     </span>
    </p>
   </div>
   <div class='ocr_carea' id='block_1_81' title="bbox 2243 2368 3761 2443">
    <p class='ocr_par' dir='ltr' id='par_1_81' title="bbox 2243 2368 3761 2443">
     <span class='ocr_line' id='line_1_81' title="bbox 2243 2368 3761 2443; baseline -0.003 -23"><span class='ocrx_word' id='word_1_432' title='bbox 2243 2374 2352 2421; x_wconf 88' lang='grc' dir='ltr'>κα¹.</span> <span class='ocrx_word' id='word_1_433' title='bbox 2404 2368 2468 2420; x_wconf 86' lang='lat' dir='ltr'><strong>&#39;H</strong></span> <span class='ocrx_word' id='word_1_434' title='bbox 2513 2369 2788 2440; x_wconf 78' lang='grc' dir='ltr'>μοιχαλὶς,</span> <span class='ocrx_word' id='word_1_435' title='bbox 2846 2371 2940 2425; x_wconf 68' lang='grc' dir='ltr'><strong>καὶ</strong></span> <span class='ocrx_word' id='word_1_436' title='bbox 2996 2372 3028 2424; x_wconf 72' lang='grc' dir='ltr'><strong>ὁ</strong></span> <span class='ocrx_word' id='word_1_437' title='bbox 3067 2372 3255 2443; x_wconf 80' lang='grc' dir='ltr'>μοιχὸς</span> <span class='ocrx_word' id='word_1_438' title='bbox 3301 2373 3597 2428; x_wconf 78' lang='grc' dir='ltr'>ἑπταετίαν</span> <span class='ocrx_word' id='word_1_439' title='bbox 3657 2375 3761 2441; x_wconf 71' lang='grc' dir='ltr'><strong>ἀφ-</strong></span> 
     </span>
    </p>
   </div>
   <div class='ocr_carea' id='block_1_82' title="bbox 2169 2462 2558 2535">
    <p class='ocr_par' dir='ltr' id='par_1_82' title="bbox 2169 2462 2558 2535">
     <span class='ocr_line' id='line_1_82' title="bbox 2169 2462 2558 2535; baseline 0.003 -19"><span class='ocrx_word' id='word_1_440' title='bbox 2169 2462 2558 2535; x_wconf 71' lang='grc' dir='ltr'>οριζέσθωσαν.</span> 
     </span>
    </p>
   </div>
   <div class='ocr_carea' id='block_1_83' title="bbox 2244 2553 3758 2628">
    <p class='ocr_par' dir='ltr' id='par_1_83' title="bbox 2244 2553 3758 2628">
     <span class='ocr_line' id='line_1_83' title="bbox 2244 2553 3758 2628; baseline -0.001 -20"><span class='ocrx_word' id='word_1_441' title='bbox 2244 2553 2447 2624; x_wconf 80' lang='grc' dir='ltr'>κβ’.Αί</span> <span class='ocrx_word' id='word_1_442' title='bbox 2507 2558 2703 2626; x_wconf 82' lang='grc' dir='ltr'>πόρναι</span> <span class='ocrx_word' id='word_1_443' title='bbox 2755 2557 3137 2628; x_wconf 81' lang='grc' dir='ltr'>λαμϐάνουσαι</span> <span class='ocrx_word' id='word_1_444' title='bbox 3197 2557 3420 2628; x_wconf 74' lang='grc' dir='ltr'>φθόρια,</span> <span class='ocrx_word' id='word_1_445' title='bbox 3475 2555 3758 2611; x_wconf 81' lang='grc' dir='ltr'>δεκαετίαν</span> 
     </span>
    </p>
   </div>
   <div class='ocr_carea' id='block_1_84' title="bbox 2172 2649 2659 2706">
    <p class='ocr_par' dir='ltr' id='par_1_84' title="bbox 2172 2649 2659 2706">
     <span class='ocr_line' id='line_1_84' title="bbox 2172 2649 2659 2706; baseline 0.01 -6"><span class='ocrx_word' id='word_1_446' title='bbox 2172 2649 2659 2706; x_wconf 87' lang='grc' dir='ltr'>ύποπιπτέτωσαν.</span> 
     </span>
    </p>
   </div>
   <div class='ocr_carea' id='block_1_85' title="bbox 2242 2831 3759 2906">
    <p class='ocr_par' dir='ltr' id='par_1_85' title="bbox 2242 2831 3759 2906">
     <span class='ocr_line' id='line_1_85' title="bbox 2242 2831 3759 2906; baseline -0.003 -18"><span class='ocrx_word' id='word_1_447' title='bbox 2242 2834 2349 2902; x_wconf 86' lang='grc' dir='ltr'>κγ’.</span> <span class='ocrx_word' id='word_1_448' title='bbox 2383 2835 2442 2886; x_wconf 89' lang='lat'><strong>&#39;0</strong></span> <span class='ocrx_word' id='word_1_449' title='bbox 2467 2833 2794 2906; x_wconf 84' lang='grc' dir='ltr'>αὐθαίρετος</span> <span class='ocrx_word' id='word_1_450' title='bbox 2827 2833 3178 2906; x_wconf 79' lang='grc' dir='ltr'>ἀνδροφόνος,</span> <span class='ocrx_word' id='word_1_451' title='bbox 3211 2833 3272 2886; x_wconf 87' lang='grc' dir='ltr'><strong>ἐν</strong></span> <span class='ocrx_word' id='word_1_452' title='bbox 3337 2832 3413 2903; x_wconf 82' lang='grc' dir='ltr'>τῷ</span> <span class='ocrx_word' id='word_1_453' title='bbox 3461 2832 3608 2886; x_wconf 79' lang='grc' dir='ltr'>τέλει</span> <span class='ocrx_word' id='word_1_454' title='bbox 3668 2831 3759 2885; x_wconf 73' lang='grc' dir='ltr'>τοῦ</span> 
     </span>
    </p>
   </div>
   <div class='ocr_carea' id='block_1_86' title="bbox 2173 2927 2662 2998">
    <p class='ocr_par' dir='ltr' id='par_1_86' title="bbox 2173 2927 2662 2998">
     <span class='ocr_line' id='line_1_86' title="bbox 2173 2927 2662 2998; baseline 0 -17"><span class='ocrx_word' id='word_1_455' title='bbox 2173 2929 2289 2998; x_wconf 82' lang='grc' dir='ltr'>βίου</span> <span class='ocrx_word' id='word_1_456' title='bbox 2321 2927 2662 2997; x_wconf 79' lang='grc' dir='ltr'>τυγχανέτω.</span> 
     </span>
    </p>
   </div>
   <div class='ocr_carea' id='block_1_87' title="bbox 2243 3019 3758 3090">
    <p class='ocr_par' dir='ltr' id='par_1_87' title="bbox 2243 3019 3758 3090">
     <span class='ocr_line' id='line_1_87' title="bbox 2243 3019 3758 3090; baseline -0.003 -16"><span class='ocrx_word' id='word_1_457' title='bbox 2243 3021 2339 3074; x_wconf 83' lang='grc' dir='ltr'>κδ’.</span> <span class='ocrx_word' id='word_1_458' title='bbox 2413 3021 2471 3072; x_wconf 90' lang='lat'><strong>&#39;0</strong></span> <span class='ocrx_word' id='word_1_459' title='bbox 2524 3023 2781 3085; x_wconf 80' lang='grc' dir='ltr'>ἀκούσιος</span> <span class='ocrx_word' id='word_1_460' title='bbox 2825 3020 3110 3090; x_wconf 69' lang='grc' dir='ltr'>φονευτῆς,</span> <span class='ocrx_word' id='word_1_461' title='bbox 3179 3019 3507 3074; x_wconf 77' lang='grc' dir='ltr'>πενταετίαν</span> <span class='ocrx_word' id='word_1_462' title='bbox 3557 3020 3758 3071; x_wconf 79' lang='grc' dir='ltr'>ὑποπι-</span> 
     </span>
    </p>
   </div>
   <div class='ocr_carea' id='block_1_88' title="bbox 2092 3115 2372 3213">
    <p class='ocr_par' dir='ltr' id='par_1_88' title="bbox 2092 3115 2372 3213">
     <span class='ocr_line' id='line_1_88' title="bbox 2092 3115 2372 3213; baseline 0.011 -47"><span class='ocrx_word' id='word_1_463' title='bbox 2092 3154 2134 3213; x_wconf 73' lang='lat' dir='ltr'><strong>C</strong></span> <span class='ocrx_word' id='word_1_464' title='bbox 2171 3115 2372 3169; x_wconf 87' lang='grc' dir='ltr'>πτέτω.</span> 
     </span>
    </p>
   </div>
   <div class='ocr_carea' id='block_1_89' title="bbox 2244 3207 3757 3279">
    <p class='ocr_par' dir='ltr' id='par_1_89' title="bbox 2244 3207 3757 3279">
     <span class='ocr_line' id='line_1_89' title="bbox 2244 3207 3757 3279; baseline -0.002 -18"><span class='ocrx_word' id='word_1_465' title='bbox 2244 3214 2342 3262; x_wconf 88' lang='grc' dir='ltr'>κε’.</span> <span class='ocrx_word' id='word_1_466' title='bbox 2363 3208 2420 3262; x_wconf 89' lang='lat'><strong>&#39;0</strong></span> <span class='ocrx_word' id='word_1_467' title='bbox 2451 3209 3025 3279; x_wconf 81' lang='grc' dir='ltr'>καταμαντευόμενος,</span> <span class='ocrx_word' id='word_1_468' title='bbox 3059 3208 3155 3262; x_wconf 77' lang='grc' dir='ltr'>καὶ</span> <span class='ocrx_word' id='word_1_469' title='bbox 3182 3210 3211 3261; x_wconf 81' lang='grc' dir='ltr'>ὁ</span> <span class='ocrx_word' id='word_1_470' title='bbox 3234 3207 3470 3276; x_wconf 80' lang='grc' dir='ltr'>εἰσάγων</span> <span class='ocrx_word' id='word_1_471' title='bbox 3493 3207 3617 3260; x_wconf 85' lang='grc' dir='ltr'>τινὰ</span> <span class='ocrx_word' id='word_1_472' title='bbox 3649 3208 3757 3268; x_wconf 78' lang='grc' dir='ltr'>τοίς</span> 
     </span>
    </p>
   </div>
   <div class='ocr_carea' id='block_1_90' title="bbox 2173 3300 3758 3373">
    <p class='ocr_par' dir='ltr' id='par_1_90' title="bbox 2173 3300 3758 3373">
     <span class='ocr_line' id='line_1_90' title="bbox 2173 3300 3758 3373; baseline -0.001 -21"><span class='ocrx_word' id='word_1_473' title='bbox 2173 3301 2343 3364; x_wconf 78' lang='grc' dir='ltr'>οἴκοις</span> <span class='ocrx_word' id='word_1_474' title='bbox 2370 3302 2463 3371; x_wconf 77' lang='grc' dir='ltr'><strong>ἐπὶ</strong></span> <span class='ocrx_word' id='word_1_475' title='bbox 2487 3302 2777 3373; x_wconf 85' lang='grc' dir='ltr'>άνευρὲσει</span> <span class='ocrx_word' id='word_1_476' title='bbox 2803 3301 3184 3371; x_wconf 83' lang='grc' dir='ltr'>φαρμακείας,</span> <span class='ocrx_word' id='word_1_477' title='bbox 3228 3300 3261 3370; x_wconf 81' lang='grc' dir='ltr'>ἦ</span> <span class='ocrx_word' id='word_1_478' title='bbox 3295 3301 3588 3370; x_wconf 84' lang='grc' dir='ltr'>καθάρσει,</span> <span class='ocrx_word' id='word_1_479' title='bbox 3628 3317 3758 3352; x_wconf 68' lang='grc' dir='ltr'>πενεο</span> 
     </span>
    </p>
   </div>
   <div class='ocr_carea' id='block_1_91' title="bbox 2172 3393 2808 3449">
    <p class='ocr_par' dir='ltr' id='par_1_91' title="bbox 2172 3393 2808 3449">
     <span class='ocr_line' id='line_1_91' title="bbox 2172 3393 2808 3449; baseline 0.006 -4"><span class='ocrx_word' id='word_1_480' title='bbox 2172 3393 2394 3448; x_wconf 88' lang='grc' dir='ltr'>ταετίαν</span> <span class='ocrx_word' id='word_1_481' title='bbox 2426 3394 2808 3449; x_wconf 84' lang='grc' dir='ltr'>ὑποπιπτέτω.</span> 
     </span>
    </p>
   </div>
   <div class='ocr_carea' id='block_1_92' title="bbox 2245 3483 3756 3560">
    <p class='ocr_par' dir='ltr' id='par_1_92' title="bbox 2245 3483 3756 3560">
     <span class='ocr_line' id='line_1_92' title="bbox 2245 3483 3756 3560; baseline -0.005 -21"><span class='ocrx_word' id='word_1_482' title='bbox 2245 3492 2361 3551; x_wconf 80' lang='grc' dir='ltr'>κς-’.</span> <span class='ocrx_word' id='word_1_483' title='bbox 2400 3487 2590 3560; x_wconf 86' lang='grc' dir='ltr'>Κόρην</span> <span class='ocrx_word' id='word_1_484' title='bbox 2622 3501 2709 3548; x_wconf 90' lang='grc' dir='ltr'><strong>τις</strong></span> <span class='ocrx_word' id='word_1_485' title='bbox 2749 3484 3239 3555; x_wconf 84' lang='grc' dir='ltr'>μνηστευσάμενος</span> <span class='ocrx_word' id='word_1_486' title='bbox 3299 3483 3662 3554; x_wconf 80' lang='grc' dir='ltr'>προσεφθάρη</span> <span class='ocrx_word' id='word_1_487' title='bbox 3690 3485 3756 3550; x_wconf 79' lang='grc' dir='ltr'>τῇ</span> 
     </span>
    </p>
   </div>
   <div class='ocr_carea' id='block_1_93' title="bbox 2171 3574 3754 3650">
    <p class='ocr_par' dir='ltr' id='par_1_93' title="bbox 2171 3574 3754 3650">
     <span class='ocr_line' id='line_1_93' title="bbox 2171 3574 3754 3650; baseline -0.004 -18"><span class='ocrx_word' id='word_1_488' title='bbox 2171 3579 2379 3650; x_wconf 74' lang='grc' dir='ltr'>ἀδελφῇ</span> <span class='ocrx_word' id='word_1_489' title='bbox 2421 3580 2617 3649; x_wconf 84' lang='grc' dir='ltr'>αὐτῆς,</span> <span class='ocrx_word' id='word_1_490' title='bbox 2655 3574 2775 3630; x_wconf 84' lang='grc' dir='ltr'>εἶτα</span> <span class='ocrx_word' id='word_1_491' title='bbox 2805 3578 2908 3647; x_wconf 83' lang='grc' dir='ltr'>τὴν</span> <span class='ocrx_word' id='word_1_492' title='bbox 2948 3579 3198 3648; x_wconf 84' lang='grc' dir='ltr'>μνηστὴν</span> <span class='ocrx_word' id='word_1_493' title='bbox 3231 3576 3426 3630; x_wconf 80' lang='grc' dir='ltr'>ἐλαϐεν</span> <span class='ocrx_word' id='word_1_494' title='bbox 3448 3593 3462 3608; x_wconf 77' lang='grc' dir='ltr'><strong>ο</strong></span> <span class='ocrx_word' id='word_1_495' title='bbox 3500 3578 3532 3646; x_wconf 84' lang='grc' dir='ltr'>ἡ</span> <span class='ocrx_word' id='word_1_496' title='bbox 3565 3576 3754 3646; x_wconf 80' lang='grc' dir='ltr'>πρώτη</span> 
     </span>
    </p>
   </div>
   <div class='ocr_carea' id='block_1_94' title="bbox 2172 3668 3760 3743">
    <p class='ocr_par' dir='ltr' id='par_1_94' title="bbox 2172 3668 3760 3743">
     <span class='ocr_line' id='line_1_94' title="bbox 2172 3668 3760 3743; baseline -0.001 -20"><span class='ocrx_word' id='word_1_497' title='bbox 2172 3672 2460 3743; x_wconf 77' lang='grc' dir='ltr'>ἀπήγξατο</span> <span class='ocrx_word' id='word_1_498' title='bbox 2485 3687 2500 3703; x_wconf 77' lang='grc' dir='ltr'><strong>ο</strong></span> <span class='ocrx_word' id='word_1_499' title='bbox 2555 3669 2652 3724; x_wconf 76' lang='grc' dir='ltr'><strong>καὶ</strong></span> <span class='ocrx_word' id='word_1_500' title='bbox 2705 3671 2755 3722; x_wconf 87' lang='grc' dir='ltr'><strong>οί</strong></span> <span class='ocrx_word' id='word_1_501' title='bbox 2793 3671 3096 3734; x_wconf 84' lang='grc' dir='ltr'>συνειδότες</span> <span class='ocrx_word' id='word_1_502' title='bbox 3130 3670 3416 3723; x_wconf 88' lang='grc' dir='ltr'>δεκαετίαν</span> <span class='ocrx_word' id='word_1_503' title='bbox 3453 3668 3760 3722; x_wconf 77' lang='grc' dir='ltr'>ὑποπιπτέ-</span> 
     </span>
    </p>
   </div>
   <div class='ocr_carea' id='block_1_95' title="bbox 2171 3782 2374 3819">
    <p class='ocr_par' dir='ltr' id='par_1_95' title="bbox 2171 3782 2374 3819">
     <span class='ocr_line' id='line_1_95' title="bbox 2171 3782 2374 3819; baseline 0.005 -1"><span class='ocrx_word' id='word_1_504' title='bbox 2171 3782 2374 3819; x_wconf 86' lang='grc' dir='ltr'>τωσαν.</span> 
     </span>
    </p>
   </div>
   <div class='ocr_carea' id='block_1_96' title="bbox 2601 3854 3295 3926">
    <p class='ocr_par' dir='ltr' id='par_1_96' title="bbox 2601 3854 3295 3926">
     <span class='ocr_line' id='line_1_96' title="bbox 2601 3854 3295 3926; baseline 0 -16"><span class='ocrx_word' id='word_1_505' title='bbox 2601 3854 2725 3910; x_wconf 85' lang='grc' dir='ltr'><strong>Τῶν</strong></span> <span class='ocrx_word' id='word_1_506' title='bbox 2751 3858 2820 3910; x_wconf 77' lang='grc' dir='ltr'>ἐν</span> <span class='ocrx_word' id='word_1_507' title='bbox 2839 3859 3295 3926; x_wconf 80' lang='grc' dir='ltr'>Νεοκαισαρείᾳ.</span> 
     </span>
    </p>
   </div>
   <div class='ocr_carea' id='block_1_97' title="bbox 2243 3945 3756 4018">
    <p class='ocr_par' dir='ltr' id='par_1_97' title="bbox 2243 3945 3756 4018">
     <span class='ocr_line' id='line_1_97' title="bbox 2243 3945 3756 4018; baseline -0.001 -17"><span class='ocrx_word' id='word_1_508' title='bbox 2243 3954 2312 4002; x_wconf 89' lang='grc' dir='ltr'><strong>α’.</strong></span> <span class='ocrx_word' id='word_1_509' title='bbox 2336 3947 2528 4018; x_wconf 82' lang='grc' dir='ltr'>Γῆμας</span> <span class='ocrx_word' id='word_1_510' title='bbox 2557 3947 2954 4018; x_wconf 78' lang='grc' dir='ltr'>πρεσῦύτερος,</span> <span class='ocrx_word' id='word_1_511' title='bbox 3000 3947 3348 4001; x_wconf 85' lang='grc' dir='ltr'>άποτιθέσθω</span> <span class='ocrx_word' id='word_1_512' title='bbox 3374 3963 3388 3976; x_wconf 83' lang='grc'><em>’</em></span> <span class='ocrx_word' id='word_1_513' title='bbox 3446 3945 3756 4011; x_wconf 80' lang='grc' dir='ltr'>ἐξωθείσθω</span> 
     </span>
    </p>
   </div>
   <div class='ocr_carea' id='block_1_98' title="bbox 2170 4037 3006 4110">
    <p class='ocr_par' dir='ltr' id='par_1_98' title="bbox 2170 4037 3006 4110">
     <span class='ocr_line' id='line_1_98' title="bbox 2170 4037 3006 4110; baseline 0.002 -18"><span class='ocrx_word' id='word_1_514' title='bbox 2170 4039 2228 4093; x_wconf 70' lang='grc' dir='ltr'>δὲ</span> <span class='ocrx_word' id='word_1_515' title='bbox 2256 4038 2582 4108; x_wconf 84' lang='grc' dir='ltr'>πορνεύσας,</span> <span class='ocrx_word' id='word_1_516' title='bbox 2616 4038 2656 4110; x_wconf 74' lang='grc' dir='ltr'>ἢ</span> <span class='ocrx_word' id='word_1_517' title='bbox 2689 4037 3006 4109; x_wconf 75' lang='grc' dir='ltr'>μοιχεύσας.</span> 
     </span>
    </p>
   </div>
   <div class='ocr_carea' id='block_1_99' title="bbox 2245 4213 3754 4288">
    <p class='ocr_par' dir='ltr' id='par_1_99' title="bbox 2245 4213 3754 4288">
     <span class='ocr_line' id='line_1_99' title="bbox 2245 4213 3754 4288; baseline -0.004 -16"><span class='ocrx_word' id='word_1_518' title='bbox 2245 4219 2310 4288; x_wconf 81' lang='grc' dir='ltr'><strong>β’.</strong></span> <span class='ocrx_word' id='word_1_519' title='bbox 2350 4219 2416 4271; x_wconf 86' lang='grc' dir='ltr'><strong>Ἦ</strong></span> <span class='ocrx_word' id='word_1_520' title='bbox 2447 4217 2700 4288; x_wconf 84' lang='grc' dir='ltr'>ἀδελφοῖς</span> <span class='ocrx_word' id='word_1_521' title='bbox 2748 4217 3047 4288; x_wconf 82' lang='grc' dir='ltr'>γημαμένη</span> <span class='ocrx_word' id='word_1_522' title='bbox 3100 4217 3328 4283; x_wconf 81' lang='grc' dir='ltr'>δισσοῖς,</span> <span class='ocrx_word' id='word_1_523' title='bbox 3363 4215 3453 4268; x_wconf 86' lang='grc' dir='ltr'>διὰ</span> <span class='ocrx_word' id='word_1_524' title='bbox 3504 4213 3622 4284; x_wconf 79' lang='grc' dir='ltr'>βίου</span> <span class='ocrx_word' id='word_1_525' title='bbox 3664 4213 3754 4279; x_wconf 76' lang='grc' dir='ltr'><strong>ἐξ·</strong></span> 
     </span>
    </p>
   </div>
   <div class='ocr_carea' id='block_1_100' title="bbox 2170 4307 3753 4378">
    <p class='ocr_par' dir='ltr' id='par_1_100' title="bbox 2170 4307 3753 4378">
     <span class='ocr_line' id='line_1_100' title="bbox 2170 4307 3753 4378; baseline -0.004 -14"><span class='ocrx_word' id='word_1_526' title='bbox 2170 4311 2414 4364; x_wconf 86' lang='grc' dir='ltr'>ωθείσθω</span> <span class='ocrx_word' id='word_1_527' title='bbox 2437 4327 2451 4340; x_wconf 86' lang='grc'><strong>·</strong></span> <span class='ocrx_word' id='word_1_528' title='bbox 2479 4312 2528 4363; x_wconf 80' lang='grc' dir='ltr'><strong>εί</strong></span> <span class='ocrx_word' id='word_1_529' title='bbox 2553 4310 2610 4363; x_wconf 83' lang='grc' dir='ltr'>δὲ</span> <span class='ocrx_word' id='word_1_530' title='bbox 2637 4309 2780 4362; x_wconf 80' lang='grc' dir='ltr'>κατὰ</span> <span class='ocrx_word' id='word_1_531' title='bbox 2810 4309 2900 4362; x_wconf 83' lang='grc' dir='ltr'><strong>τὸν</strong></span> <span class='ocrx_word' id='word_1_532' title='bbox 2926 4309 3166 4363; x_wconf 84' lang='grc' dir='ltr'>θάνατον</span> <span class='ocrx_word' id='word_1_533' title='bbox 3191 4311 3409 4378; x_wconf 83' lang='grc' dir='ltr'>ἀρνοῖτο</span> <span class='ocrx_word' id='word_1_534' title='bbox 3431 4308 3520 4360; x_wconf 79' lang='grc' dir='ltr'><strong>τὸν</strong></span> <span class='ocrx_word' id='word_1_535' title='bbox 3552 4307 3753 4375; x_wconf 72' lang='grc' dir='ltr'>γάμον,</span> 
     </span>
    </p>
   </div>
   <div class='ocr_carea' id='block_1_101' title="bbox 2172 4398 3754 4472">
    <p class='ocr_par' dir='ltr' id='par_1_101' title="bbox 2172 4398 3754 4472">
     <span class='ocr_line' id='line_1_101' title="bbox 2172 4398 3754 4472; baseline -0.002 -18"><span class='ocrx_word' id='word_1_536' title='bbox 2172 4403 2283 4466; x_wconf 77' lang='grc' dir='ltr'>ἕξοι</span> <span class='ocrx_word' id='word_1_537' title='bbox 2315 4401 2629 4471; x_wconf 63' lang='grc' dir='ltr'>μετάνοιαν.</span> <span class='ocrx_word' id='word_1_538' title='bbox 2665 4402 2730 4454; x_wconf 81' lang='lat' dir='ltr'><strong>Ei</strong></span> <span class='ocrx_word' id='word_1_539' title='bbox 2765 4401 2822 4454; x_wconf 85' lang='grc' dir='ltr'><strong>δέ</strong></span> <span class='ocrx_word' id='word_1_540' title='bbox 2857 4401 3199 4471; x_wconf 73' lang='grc' dir='ltr'>τελευτήσοι,</span> <span class='ocrx_word' id='word_1_541' title='bbox 3237 4401 3313 4472; x_wconf 81' lang='grc' dir='ltr'>τῷ</span> <span class='ocrx_word' id='word_1_542' title='bbox 3345 4400 3594 4472; x_wconf 83' lang='grc' dir='ltr'>μείναντι</span> <span class='ocrx_word' id='word_1_543' title='bbox 3651 4398 3754 4452; x_wconf 77' lang='grc' dir='ltr'>κά-</span> 
     </span>
    </p>
   </div>
   <div class='ocr_carea' id='block_1_102' title="bbox 2097 4511 2381 4572">
    <p class='ocr_par' dir='ltr' id='par_1_102' title="bbox 2097 4511 2381 4572">
     <span class='ocr_line' id='line_1_102' title="bbox 2097 4511 2381 4572; baseline -0.011 -21"><span class='ocrx_word' id='word_1_544' title='bbox 2097 4519 2139 4572; x_wconf 76' lang='lat' dir='ltr'><strong>D</strong></span> <span class='ocrx_word' id='word_1_545' title='bbox 2173 4511 2381 4550; x_wconf 86' lang='grc' dir='ltr'>κιστον.</span> 
     </span>
    </p>
   </div>
   <div class='ocr_carea' id='block_1_103' title="bbox 2242 4583 3752 4658">
    <p class='ocr_par' dir='ltr' id='par_1_103' title="bbox 2242 4583 3752 4658">
     <span class='ocr_line' id='line_1_103' title="bbox 2242 4583 3752 4658; baseline -0.001 -18"><span class='ocrx_word' id='word_1_546' title='bbox 2242 4583 2308 4655; x_wconf 82' lang='grc' dir='ltr'>γ’.</span> <span class='ocrx_word' id='word_1_547' title='bbox 2331 4585 2452 4638; x_wconf 80' lang='grc' dir='ltr'><strong>Τῶν</strong></span> <span class='ocrx_word' id='word_1_548' title='bbox 2484 4587 2876 4656; x_wconf 68' lang='grc' dir='ltr'>πολυγάμωνιό</span> <span class='ocrx_word' id='word_1_549' title='bbox 2904 4587 3096 4656; x_wconf 87' lang='grc' dir='ltr'>χρόνος</span> <span class='ocrx_word' id='word_1_550' title='bbox 3131 4589 3308 4658; x_wconf 84' lang='grc' dir='ltr'>σαφής</span> <span class='ocrx_word' id='word_1_551' title='bbox 3345 4604 3358 4617; x_wconf 91' lang='grc'><strong>·</strong></span> <span class='ocrx_word' id='word_1_552' title='bbox 3428 4587 3489 4640; x_wconf 82' lang='grc' dir='ltr'>τὸ</span> <span class='ocrx_word' id='word_1_553' title='bbox 3540 4585 3598 4640; x_wconf 88' lang='grc' dir='ltr'><strong>δέ</strong></span> <span class='ocrx_word' id='word_1_554' title='bbox 3653 4585 3752 4656; x_wconf 86' lang='grc' dir='ltr'>τῆς</span> 
     </span>
    </p>
   </div>
   <div class='ocr_carea' id='block_1_104' title="bbox 2170 4679 3430 4751">
    <p class='ocr_par' dir='ltr' id='par_1_104' title="bbox 2170 4679 3430 4751">
     <span class='ocr_line' id='line_1_104' title="bbox 2170 4679 3430 4751; baseline -0.002 -17"><span class='ocrx_word' id='word_1_555' title='bbox 2170 4680 2462 4751; x_wconf 88' lang='grc' dir='ltr'>μετανοίας</span> <span class='ocrx_word' id='word_1_556' title='bbox 2496 4680 2811 4747; x_wconf 86' lang='grc' dir='ltr'>σπουδαῖον,</span> <span class='ocrx_word' id='word_1_557' title='bbox 2847 4680 3010 4733; x_wconf 81' lang='grc' dir='ltr'>αὐτὸν</span> <span class='ocrx_word' id='word_1_558' title='bbox 3038 4679 3430 4751; x_wconf 80' lang='grc' dir='ltr'>ὑποτέμνεται.</span> 
     </span>
    </p>
   </div>
   <div class='ocr_carea' id='block_1_105' title="bbox 2237 4855 3752 4929">
    <p class='ocr_par' dir='ltr' id='par_1_105' title="bbox 2237 4855 3752 4929">
     <span class='ocr_line' id='line_1_105' title="bbox 2237 4855 3752 4929; baseline -0.003 -18"><span class='ocrx_word' id='word_1_559' title='bbox 2237 4859 2302 4912; x_wconf 83' lang='grc' dir='ltr'>δ’.</span> <span class='ocrx_word' id='word_1_560' title='bbox 2337 4859 2406 4912; x_wconf 76' lang='grc' dir='ltr'>Δί</span> <span class='ocrx_word' id='word_1_561' title='bbox 2443 4858 2550 4929; x_wconf 69' lang='grc' dir='ltr'>πρὸ</span> <span class='ocrx_word' id='word_1_562' title='bbox 2576 4858 2686 4911; x_wconf 84' lang='grc' dir='ltr'><strong>τῶν</strong></span> <span class='ocrx_word' id='word_1_563' title='bbox 2716 4857 2994 4929; x_wconf 85' lang='grc' dir='ltr'>πορνικῶν</span> <span class='ocrx_word' id='word_1_564' title='bbox 3030 4858 3211 4928; x_wconf 76' lang='grc' dir='ltr'>ἔργων</span> <span class='ocrx_word' id='word_1_565' title='bbox 3240 4855 3532 4927; x_wconf 85' lang='grc' dir='ltr'>ἐπιθυμίαι</span> <span class='ocrx_word' id='word_1_566' title='bbox 3573 4857 3752 4925; x_wconf 80' lang='grc' dir='ltr'>εἰέμ-</span> 
     </span>
    </p>
   </div>
   <div class='ocr_carea' id='block_1_106' title="bbox 2166 4952 3229 5023">
    <p class='ocr_par' dir='ltr' id='par_1_106' title="bbox 2166 4952 3229 5023">
     <span class='ocr_line' id='line_1_106' title="bbox 2166 4952 3229 5023; baseline 0.001 -17"><span class='ocrx_word' id='word_1_567' title='bbox 2166 4953 2502 5021; x_wconf 80' lang='grc' dir='ltr'>ποδίζονται,</span> <span class='ocrx_word' id='word_1_568' title='bbox 2531 4954 2633 5007; x_wconf 82' lang='grc' dir='ltr'><strong>οὐκ</strong></span> <span class='ocrx_word' id='word_1_569' title='bbox 2668 4952 2802 5006; x_wconf 54' lang='grc' dir='ltr'>άθεῖν</span> <span class='ocrx_word' id='word_1_570' title='bbox 2823 4955 3229 5023; x_wconf 76' lang='grc' dir='ltr'>ἐμποδίζονται.</span> 
     </span>
    </p>
   </div>
   <div class='ocr_carea' id='block_1_107' title="bbox 2237 5132 3755 5205">
    <p class='ocr_par' dir='ltr' id='par_1_107' title="bbox 2237 5132 3755 5205">
     <span class='ocr_line' id='line_1_107' title="bbox 2237 5132 3755 5205; baseline -0.001 -17"><span class='ocrx_word' id='word_1_571' title='bbox 2237 5143 2300 5191; x_wconf 86' lang='grc' dir='ltr'>ε’.</span> <span class='ocrx_word' id='word_1_572' title='bbox 2335 5133 2401 5190; x_wconf 78' lang='grc' dir='ltr'>Ὀ</span> <span class='ocrx_word' id='word_1_573' title='bbox 2430 5133 2588 5204; x_wconf 84' lang='grc' dir='ltr'>ἐντῷ</span> <span class='ocrx_word' id='word_1_574' title='bbox 2650 5133 3012 5203; x_wconf 56' lang='grc' dir='ltr'>κατἠχεῖσθαι</span> <span class='ocrx_word' id='word_1_575' title='bbox 3062 5132 3396 5203; x_wconf 81' lang='grc' dir='ltr'>ἁμαρτάνων</span> <span class='ocrx_word' id='word_1_576' title='bbox 3459 5132 3755 5205; x_wconf 81' lang='grc' dir='ltr'>ἀκροάσθω</span> 
     </span>
    </p>
   </div>
   <div class='ocr_carea' id='block_1_108' title="bbox 2169 5225 3751 5300">
    <p class='ocr_par' dir='ltr' id='par_1_108' title="bbox 2169 5225 3751 5300">
     <span class='ocr_line' id='line_1_108' title="bbox 2169 5225 3751 5300; baseline -0.003 -18"><span class='ocrx_word' id='word_1_577' title='bbox 2169 5229 2246 5300; x_wconf 86' lang='grc' dir='ltr'>μὴ</span> <span class='ocrx_word' id='word_1_578' title='bbox 2273 5228 2610 5299; x_wconf 76' lang='grc' dir='ltr'>ἁμαρτάνων</span> <span class='ocrx_word' id='word_1_579' title='bbox 2640 5242 2654 5258; x_wconf 79' lang='grc'><strong><em>⁸</em></strong></span> <span class='ocrx_word' id='word_1_580' title='bbox 2685 5229 2735 5280; x_wconf 82' lang='grc' dir='ltr'>ει</span> <span class='ocrx_word' id='word_1_581' title='bbox 2782 5225 2824 5280; x_wconf 89' lang='grc' dir='ltr'>δ’</span> <span class='ocrx_word' id='word_1_582' title='bbox 2854 5228 2939 5278; x_wconf 80' lang='grc' dir='ltr'><strong>ἐτι</strong></span> <span class='ocrx_word' id='word_1_583' title='bbox 3026 5227 3311 5297; x_wconf 72' lang='grc' dir='ltr'>ἐπιμείνῃ,</span> <span class='ocrx_word' id='word_1_584' title='bbox 3372 5226 3557 5280; x_wconf 88' lang='grc' dir='ltr'>τέλεον</span> <span class='ocrx_word' id='word_1_585' title='bbox 3595 5228 3751 5279; x_wconf 82' lang='grc' dir='ltr'>ἀπω-</span> 
     </span>
    </p>
   </div>
   <div class='ocr_carea' id='block_1_109' title="bbox 2167 5320 2392 5374">
    <p class='ocr_par' dir='ltr' id='par_1_109' title="bbox 2167 5320 2392 5374">
     <span class='ocr_line' id='line_1_109' title="bbox 2167 5320 2392 5374; baseline 0.004 -1"><span class='ocrx_word' id='word_1_586' title='bbox 2167 5320 2392 5374; x_wconf 84' lang='grc' dir='ltr'>θείσθω.</span> 
     </span>
    </p>
   </div>
   <div class='ocr_carea' id='block_1_110' title="bbox 2238 5409 3749 5482">
    <p class='ocr_par' dir='ltr' id='par_1_110' title="bbox 2238 5409 3749 5482">
     <span class='ocr_line' id='line_1_110' title="bbox 2238 5409 3749 5482; baseline -0.005 -14"><span class='ocrx_word' id='word_1_587' title='bbox 2238 5412 2329 5478; x_wconf 84' lang='grc' dir='ltr'>ς’.-</span> <span class='ocrx_word' id='word_1_588' title='bbox 2359 5412 2425 5467; x_wconf 88' lang='grc' dir='ltr'><strong>Ἦ</strong></span> <span class='ocrx_word' id='word_1_589' title='bbox 2454 5409 2801 5482; x_wconf 79' lang='grc' dir='ltr'>κυοφοροῦσα</span> <span class='ocrx_word' id='word_1_590' title='bbox 2825 5412 2914 5464; x_wconf 84' lang='grc' dir='ltr'>ὅτε</span> <span class='ocrx_word' id='word_1_591' title='bbox 2946 5409 3090 5463; x_wconf 84' lang='grc' dir='ltr'>θέλει</span> <span class='ocrx_word' id='word_1_592' title='bbox 3117 5409 3478 5478; x_wconf 74' lang='grc' dir='ltr'>βαπτίζεται·</span> <span class='ocrx_word' id='word_1_593' title='bbox 3510 5409 3749 5464; x_wconf 75' lang='grc' dir='ltr'>ἑκάστου</span> 
     </span>
    </p>
   </div>
   <div class='ocr_carea' id='block_1_111' title="bbox 2165 5504 2992 5579">
    <p class='ocr_par' dir='ltr' id='par_1_111' title="bbox 2165 5504 2992 5579">
     <span class='ocr_line' id='line_1_111' title="bbox 2165 5504 2992 5579; baseline -0.004 -18"><span class='ocrx_word' id='word_1_594' title='bbox 2165 5508 2275 5579; x_wconf 80' lang='grc' dir='ltr'>γὰρ</span> <span class='ocrx_word' id='word_1_595' title='bbox 2296 5507 2331 5577; x_wconf 80' lang='grc' dir='ltr'><strong>ἡ</strong></span> <span class='ocrx_word' id='word_1_596' title='bbox 2363 5506 2689 5575; x_wconf 78' lang='grc' dir='ltr'>προαίρεσις</span> <span class='ocrx_word' id='word_1_597' title='bbox 2721 5504 2992 5575; x_wconf 83' lang='grc' dir='ltr'>κρίνεται.</span> 
     </span>
    </p>
   </div>
   <div class='ocr_carea' id='block_1_112' title="bbox 2240 5592 3758 5670">
    <p class='ocr_par' dir='ltr' id='par_1_112' title="bbox 2240 5592 3758 5670">
     <span class='ocr_line' id='line_1_112' title="bbox 2240 5592 3758 5670; baseline -0.005 -16"><span class='ocrx_word' id='word_1_598' title='bbox 2240 5599 2306 5665; x_wconf 84' lang='grc' dir='ltr'><strong>ζ’.</strong></span> <span class='ocrx_word' id='word_1_599' title='bbox 2329 5600 2443 5670; x_wconf 83' lang='grc' dir='ltr'>Οὐχ</span> <span class='ocrx_word' id='word_1_600' title='bbox 2459 5601 2706 5653; x_wconf 66' lang='lat' dir='ltr'><strong>tamam</strong></span> <span class='ocrx_word' id='word_1_601' title='bbox 2769 5597 3145 5668; x_wconf 77' lang='grc' dir='ltr'>πρεσϐύτερος</span> <span class='ocrx_word' id='word_1_602' title='bbox 3177 5596 3272 5651; x_wconf 73' lang='grc' dir='ltr'><strong>ἐπὶ</strong></span> <span class='ocrx_word' id='word_1_603' title='bbox 3315 5595 3530 5668; x_wconf 80' lang='grc' dir='ltr'>διγάμῳ</span> <span class='ocrx_word' id='word_1_604' title='bbox 3559 5611 3572 5627; x_wconf 78' lang='grc' dir='ltr'><strong><em>ο</em></strong></span> <span class='ocrx_word' id='word_1_605' title='bbox 3634 5592 3758 5657; x_wconf 80' lang='grc' dir='ltr'>πῶς</span> 
     </span>
    </p>
   </div>
   <div class='ocr_carea' id='block_1_113' title="bbox 2170 5688 3148 5763">
    <p class='ocr_par' dir='ltr' id='par_1_113' title="bbox 2170 5688 3148 5763">
     <span class='ocr_line' id='line_1_113' title="bbox 2170 5688 3148 5763; baseline -0.004 -17"><span class='ocrx_word' id='word_1_606' title='bbox 2170 5693 2279 5763; x_wconf 81' lang='grc' dir='ltr'>γὰρ</span> <span class='ocrx_word' id='word_1_607' title='bbox 2301 5692 2467 5747; x_wconf 80' lang='grc' dir='ltr'>αὐτὸν</span> <span class='ocrx_word' id='word_1_608' title='bbox 2497 5688 2755 5757; x_wconf 79' lang='grc' dir='ltr'>ἀξιώσοις</span> <span class='ocrx_word' id='word_1_609' title='bbox 2789 5688 3148 5760; x_wconf 79' lang='grc' dir='ltr'>συγγνώμης.</span> 
     </span>
    </p>
   </div>
  </div>
