4140 6398
392 321 467 396 77
1660 307 2020 383 SYNOPSIS
2058 306 2453 383 CANONUM.
3212 384 3213 387 γ
3612 314 3687 387 is

472 458 547 521 η’.
597 446 659 504 ’0
709 447 898 510 λαῖκὸς
936 437 997 498 οὗ
1030 447 1062 514 ἡ
1091 441 1232 513 γυνὴ
1280 439 1667 511 μεμοιχευται,
1725 439 1788 491 οὺ
1855 438 1995 507 κλη·

2174 438 2226 493 8.
2278 436 2476 494 Laicns
2519 437 2673 507 cujus
2720 452 2856 492 uxor
2887 426 3214 492 adulterium
3247 438 3543 505 commisit,
3575 456 3686 499 non

408 544 606 618 ροῦται
636 557 652 570 ·
680 542 776 595 καὶ
796 543 825 592 ὁ
850 539 908 592 ὲν
946 537 1156 607 κλήρῳ,
1191 536 1240 587 εί
1276 531 1417 604 μετὰ
1451 532 1549 603 τὴν
1582 532 1833 604 μοιχείαν
1860 546 1997 584 κατ-

408 642 522 710 έχει
553 633 750 705 αὐτὴν,
785 631 1130 686 ὲκδιώκεται.

481 730 550 782 θ’.
593 725 730 779 Ἐάν
756 721 1075 793 ὁμολογήσῃ
1124 717 1499 790 πρεσϐύτερος
1521 717 1606 770 ὅτι
1648 715 1887 786 ἥμαρτε,
1922 710 1999 782 μὴ

413 815 781 888 προσφερέτω
807 813 973 881 μόνον
993 826 1006 838 -
1030 808 1155 863 τινὰ
1186 808 1295 878 γὰρ
1325 807 1436 862 τῶν
1493 803 1913 876 ἁμαρτημάτων
1943 802 2000 855 αἱ

410 908 744 982 χειροτονίαι
800 906 1054 974 ἀφιᾶσιν.
1122 903 1187 956 El.
1244 902 1306 957 δὲ
1353 900 1431 973 μὴ
1484 899 1804 970 ὁμολογοίη,
1872 894 2000 966 μήτ’

412 1001 717 1068 ἐλέγχοιτο,
749 996 918 1060 αὐτὸς
944 995 1122 1068 ἐχέτω
1149 994 1253 1064 τὴν
1287 992 1567 1061 ἐξουσίαν.

488 1090 541 1147 ι’.
578 1090 691 1145 Καὶ
715 1089 968 1152 διάκονος
1018 1086 1096 1159 τῷ
1146 1086 1299 1157 αὐτῷ
1351 1085 1663 1157 συσχεθεὶς,
1719 1082 2004 1155 ὑπηρέτης

412 1183 647 1253 μενέτω.

487 1282 579 1330 ια’.
610 1275 676 1329 Ei
707 1273 784 1346 μὴ
804 1271 1240 1345 τριακονταέτης
1281 1270 1358 1342 μὴ
1409 1270 1647 1339 γινέσθω
1700 1267 2006 1340 πρεσϐύτε-

415 1384 532 1436 PO"
557 1368 664 1421 κᾶν
762 1364 1071 1433 ἀξιόλογος,
1102 1363 1244 1435 ἔχων
1271 1362 1582 1433 ὑπόδειγμα
1602 1361 1664 1416 τὸ
1688 1360 1785 1415 τοῦ
1813 1359 2005 1426 Σωτῆ-

392 1504 395 1505 ,
414 1467 509 1525 ρος
528 1454 813 1523 φώτισμα.

488 1544 580 1618 ιβ’.
631 1546 694 1599 Ὀ
725 1544 816 1599 διὰ
863 1544 1019 1598 νόσον
1058 1543 1401 1615 βαπτισθεὶς,
1444 1542 1522 1616 μὴ
1572 1542 1809 1613 γινέσθω
1868 1556 2043 1613 πρεά-

416 1638 721 1707 σϐύτερος·
751 1639 801 1692 εί
843 1636 919 1709 μὴ
968 1637 1056 1691 διὰ
1099 1635 1188 1690 τὸν
1235 1635 1362 1706 ἑξῆς
1420 1635 1632 1704 ἀγῶνα,
1681 1635 1776 1689 καὶ
1808 1634 2007 1690 σπάνιν

418 1732 757 1803 ανθρώπων.

2109 533 2402 586 ascribitur
2437 532 2489 586 in
2538 531 2743 586 clerum
2799 549 2814 585 :
2866 539 2922 585 et
2967 530 3060 601 qui
3108 533 3164 587 in
3214 531 3363 588 clero
3412 546 3686 602 versatur,

2102 626 2149 679 si
2182 632 2306 692 post
2335 621 2661 677 adulterium
2695 622 2891 676 retinet
2921 622 3119 692 ipsam,
3141 625 3452 695 expellitur.

2175 713 2230 768 9.
2270 713 2328 768 Si
2363 714 2650 768 confessus
2693 711 2861 768 fuerit
2906 714 3187 787 presbyter
3219 730 3281 771 se
3306 730 3583 788 peccasse,
3620 719 3688 775 ab

2104 806 2381 861 oblatione
2410 813 2620 861 tantum
2647 805 2919 860 abstineat
2951 822 2967 860 :
2999 809 3246 877 quaedam
3274 811 3416 863 enim
3463 823 3688 881 peccata

2105 895 2326 952 ordines
2358 895 2665 953 remittunt.
2700 895 2762 951 Si
2799 909 2929 952 vero
2975 910 3085 952 nun
3126 898 3472 968 conﬁteatur,
3517 918 3692 974 neque

2107 987 2485 1052 convincatur,
2520 987 2635 1058 ipse
2666 986 2753 1041 sui
2786 997 3108 1055 potestatem
3139 990 3358 1057 haheat.

2180 1075 2268 1133 1θ.
2314 1076 2589 1132 Diaconos
2641 1077 2805 1133 etiam
2855 1079 3045 1135 eodem
3093 1081 3329 1137 crimine
3371 1084 3691 1153 obstrictus,

2109 1170 2359 1226 miniSter
2390 1178 2625 1227 maneat.

2182 1263 2270 1318 11.
2312 1263 2391 1319 Ne
2439 1265 2534 1319 liat
2586 1265 2872 1337 presbyter
2921 1266 3028 1322 nisi
3093 1266 3432 1324 tricesimtnn
3488 1280 3692 1326 annum

2108 1371 2295 1426 agens,
2323 1357 2538 1412 etiamsi
2571 1358 2882 1435 dignuvit,
2913 1361 3221 1431 exemplum
3253 1361 3462 1419 habens
3495 1363 3698 1420 Servas

2111 1448 2242 1504 toris
2268 1448 2557 1518 baptisma.

2184 1539 2272 1595 12.
2301 1540 2530 1612 Propter
2555 1546 2807 1600 morbum
2833 1543 3139 1614 baptizatus
3166 1560 3233 1602 ne
3255 1549 3348 1604 liat
3377 1552 3687 1624 presbyter;

2110 1629 2216 1686 nisi
2247 1632 2317 1688 ob
2348 1643 2625 1690 certamen
2656 1637 2801 1706 quod
2825 1645 3015 1708 postea
3037 1640 3294 1709 subierit,
3328 1653 3494 1714 atque
3522 1646 3699 1701 homi~

2110 1738 2240 1777 num
2272 1723 2576 1782 raritatem.

493 1799 588 1893 ιγ’.
634 1821 965 1910 Ἐπεχὼριος
1001 1821 1379 1894 πρεσϐύτερος
1409 1822 1490 1886 είς
1532 1820 1659 1875 ναὸν
1700 1820 1912 1884 πόλεως
1942 1821 2006 1876 οὐ

2159 1813 2275 1910 “l5.
2310 1814 2607 1889 Presbyter
2640 1819 2752 1873 ruri
2790 1822 2992 1891 degens
3038 1823 3092 1878 in
3143 1824 3296 1881 urbis
3342 1826 3541 1896 templo
3589 1843 3696 1881 non

410 1917 713 1991 προσάγει,
744 1918 794 1970 εί
821 1916 898 1989 μὴ
930 1918 1163 1972 ἄπεστιν
1192 1917 1221 1969 ὁ
1242 1915 1566 1980 ἐπίσκοπος,
1615 1914 1712 1968 καὶ
1757 1913 1818 1967 τὸ
1874 1931 2011 1985 πρεδ

416 2010 714 2082 σϐυτέριον
739 2008 865 2063 ὅλον
888 2023 904 2038 ·
940 2008 1038 2062 ἐὰν
1068 2009 1128 2063 δὲ
1156 2008 1366 2076 ἀπῶσι,
1418 2007 1516 2061 καὶ
1548 2007 1789 2071 καλοῖτο,
1835 2023 2011 2077 προσ-

412 2114 566 2170 ayss.

490 2198 578 2250 ιδ’.
610 2195 673 2249 Oi
703 2191 1131 2265 χωρεπίσκοποι
1188 2192 1265 2256 ὡς
1306 2190 1719 2261 ουλλειτουργοὶ
1766 2188 2009 2259 προσφέ-

415 2304 602 2357 ρουσι,
626 2286 735 2339 τῶν
757 2287 1137 2359 ἑϐδομήκοντα
1167 2285 1257 2339 τὸν
1286 2285 1458 2339 τύπον
1484 2284 1797 2355 ἐπέχοντες.

488 2379 571 2436 ιε’.
610 2378 782 2434 Ἑπτὰ
810 2377 1072 2446 διάκονοι,
1132 2376 1274 2433 κατὰ
1332 2377 1431 2441 τὰς
1468 2377 1727 2447 Πράξεις,
1786 2378 1883 2431 καὶ
1935 2378 2016 2441 είς

417 2473 789 2547 μεγαλόπολιν
816 2473 1083 2530 εστωσαν.

954 2566 1078 2622 Τῶν
1102 2568 1174 2621 ἐν
1200 2564 1466 2638 Γάγγρῃ.

494 2660 565 2716 α’.
602 2659 695 2737 Τῷ
722 2657 1012 2714 άθετοῠντι
1060 2658 1155 2713 τὸν
1177 2659 1417 2730 νόμιμον
1449 2658 1653 2729 γάμον,
1687 2655 1885 2727 καὶτῷ
1910 2674 2012 2711 και

418 2753 740 2824 τακρίνοντι
764 2754 857 2806 τὸν
883 2751 1345 2823 κρεωφαγοῦντα,
1382 2750 1762 2823 δίχα-πνικτοῦ
1810 2750 1908 2804 καὶ
1939 2754 2019 2803 ei-

414 2845 746 2912 ὃωλοθύτου,
787 2846 1062 2915 ἀνάθεμα.

496 2935 563 3005 β’.
589 2934 680 3006 Τῷ
706 2933 952 2989 πείθοντι
974 2934 1068 2987 τὸν
1083 2932 1272 2987 δοῦλον
1312 2934 1624 3005 ἀναχωρεῖν
1677 2932 1773 2987 τοῦ
1818 2934 2019 2989 δεσπό-

418 3046 517 3082 του
544 3027 864 3089 θεοσεϐείας
891 3027 1192 3098 προφάσει.
1225 3031 1322 3082 καὶ
1364 3026 1444 3099 τῷ
1469 3027 1877 3102 διακρινομένῳ
1919 3045 2017 3098 με·

2113 1904 2296 1972 oﬂ‘ert,
2352 1906 2456 1963 nisi
2510 1911 2652 1965 absit
2707 1912 2998 1984 episcopus
3052 1921 3306 1984 totuSque
3352 1919 3702 1990 presbytero-

2112 2013 2233 2052 rum
2286 2008 2464 2056 uetus
2525 2019 2539 2055 :
2597 2001 2644 2057 si
2700 2013 2882 2058 autem
2927 2006 3145 2073 absint,
3199 2018 3255 2062 et
3301 2016 3562 2074 Vocetur,
3621 2005 3703 2065 of-

2111 2091 2238 2146 (ert.

2191 2184 2280 2239 M.
2312 2186 2698 2259 Chorepiscopi
2741 2199 2997 2259 tanquam
3037 2186 3399 2248 comtninistri
3445 2192 3701 2267 oﬂerunt,

2117 2290 2241 2332 cum
2270 2280 2614 2352 septuaginta
2648 2281 2940 2350 imaginem
2977 2282 3237 2339 referant.

2193 2370 2280 2425 15.
2304 2374 2523 2441 Septem
2552 2372 2790 2439 diaconi,
2820 2376 3123 2431 secundum
3148 2376 3284 2434 Acta
3310 2382 3701 2454 apestolorum,

2120 2463 2283 2518 etiam
2317 2462 2372 2523 in
2405 2479 2601 2536 magna
2630 2465 2768 2521 urbe
2789 2466 2922 2523 sint.

2603 2567 2848 2628 Consilii
2885 2567 3234 2648 Gangrensis.

2177 2666 2248 2718 .1.
2294 2663 2629 2734 Improbanti
2678 2665 2978 2737 legitimum
3024 2672 3453 2741 matrimonium,
3496 2685 3550 2730 et
3577 2692 3710 2733 con~

2125 2754 2400 2810 demnanti
2447 2770 2643 2811 carnes
2691 2757 3132 2827 manducantem,
3166 2758 3375 2834 absque
3420 2767 3704 2843 sullocato,

2126 2858 2290 2918 atque
2319 2847 2481 2904 idolis
2513 2849 2813 2917 immolato,
2846 2854 3158 2909 anathema.
3503 2849 3505 2852 ί

2197 2939 2252 2993 2.
2302 2938 2363 2994 Ei
2410 2941 2501 3010 qui
2549 2957 2713 2998 servo
2760 2944 3054 3013 persuadet
3087 2958 3145 3001 ut
3175 2952 3206 3001 a
3242 2949 3462 3007 domino
3491 2956 3711 3012 recedat

2128 3031 2347 3101 pietatis
2363 3039 2649 3102 prmtextn,
2674 3036 2838 3105 atque
2852 3036 2903 3090 ei
2921 3034 3012 3107 qui
3029 3033 3252 3093 'dubit'at
3270 3046 3709 3102 communionem

420 3118 800 3190 ταλαμϐάνειν
829 3118 942 3171 ἀπὸ
1014 3117 1413 3189 πρεσϐυτέρων
1463 3117 1843 3188 ὑπογυναίων,
1886 3120 2018 3175 ἀνά-

2127 3137 2156 3177 a
2211 3123 2551 3194 presbyteris
2594 3127 2947 3183 matrimonio
2998 3122 3206 3198 junctis
3255 3135 3531 3206 accipere,
3579 3157 3710 3196 anas

421 3211 591 3281 θεμα.

499 3303 571 3371 γ’.
612 3304 671 3358 '0
695 3303 789 3358 τὸν
821 3303 969 3357 θεῖον
996 3296 1149 3357 οἷκον
1181 3301 1672 3374 εὐκαταφρόνητον
1709 3303 2018 3373 ὀνομάζων,

424 3397 526 3450 καὶ
552 3396 583 3448 ὁ
614 3392 1000 3467 ἐκκλησιάζων
1034 3393 1163 3465 ἰδίᾳ,
1203 3394 1302 3448 καὶ
1329 3392 1480 3464 παρὰ
1524 3393 1752 3465 γνώμην
1801 3394 2023 3448 ἐπισκό-

423 3490 593 3561 πουῆ
629 3490 1005 3563 πρεσϐυτέρου
1058 3489 1127 3543 τά
1154 3490 1274 3561 ’τῆς
1332 3489 1631 3560 ἐκκλησίας
1675 3489 1869 3556 τελῶν,
1924 3489 2015 3562 εἴη

425 3582 701 3653 ἀνάθεμα.

500 3673 564 3727 δ’.
603 3674 668 3726 'O
725 3674 907 3737 διδοὺς
958 3682 993 3744 η
1048 3682 1078 3727 ο
1134 3672 1432 3745 λαμϐάνων
1469 3688 1852 3748 καρποφοριας
1914 3675 2022 3741 ἔξω

422 3764 528 3835 τῆς
579 3763 882 3836 ἐκκλησίας
922 3764 1048 3818 καί
1079 3765 1232 3836 παρὰ
1313 3764 1534 3837 γνώμην
1604 3765 1913 3820 ἐπισκόπου
1985 3763 2021 3837 ἢ

427 3856 835 3926 πρεσϐυτέρου,
889 3857 987 3912 καὶ
1029 3858 1060 3911 ὁ
1091 3857 1168 3930 μὴ
1197 3858 1289 3913 διὰ
1325 3858 1387 3913 τὸ
1422 3859 1588 3913 καλὸν
1640 3858 2025 3930 παρθενεύων,

432 3946 573 4000 ἀλλὰ
597 3946 688 4001 διά
715 3949 780 4000 τὸ
808 3947 901 4000 τὸν
948 3949 1128 4018 γάμον
1168 3947 1590 4019 βδελύσσεσθαι,
1622 3948 1656 4020 ἢ
1683 3948 1779 4003 καὶ
1814 3954 2024 4003 κατεπ-

432 4040 689 4110 αίρεσθαι
709 4041 820 4094 τῶν
857 4041 1206 4112 γαμούντων,
1229 4041 1316 4113 είη
1346 4040 1618 4113 ἀνάθεμα.

505 4225 571 4274 ἐ.
637 4223 680 4274 0
708 4222 841 4285 τοὺς
862 4220 1176 4285 καλοῦντας
1222 4222 1303 4285 είς
1350 4221 1574 4290 άγάπας
1623 4221 1858 4288 ἀθετῶν,
1934 4223 2029 4277 καὶ

431 4314 649 4379 τούτοις
669 4317 731 4369 ού
762 4316 1051 4371 κοινωνῶν
1076 4316 1459 4388 κεκλημένος,
1513 4317 1608 4370 καὶ
1663 4318 1694 4370 ὁ
1751 4308 2029 4387 φαυλίζων

435 4410 566 4474 τοὺς
589 4410 898 4482 φοροῦντας
928 4411 1060 4475 τοὺς
1110 4410 1357 4482 βήρους,
1422 4412 1518 4466 καὶ
1577 4411 1701 4465 ὗσαι
1767 4408 2030 4480 γυναῖκες

2127 3215 2333 3270 thema.

2198 3308 2253 3362 5.
2287 3307 2390 3374 Qui
2420 3309 2513 3363 Dei
2545 3309 2769 3365 domum
2805 3316 3266 3386 contemptibilem
3305 3334 3428 3377 esse
3465 3320 3620 3392 dicit,
3656 3327 3713 3381 et

2126 3395 2220 3466 qui
2267 3398 2524 3467 privatim
2584 3399 2994 3458 ecclesiasticos
3035 3410 3338 3464 conventus
3388 3412 3591 3481 habet,
3648 3429 3711 3470 ac

2129 3494 2326 3556 praeter
2352 3489 2599 3559 episcopi
2630 3501 2724 3546 aut
2754 3494 3061 3566 presbyteri
3092 3501 3417 3558 sententiam
3455 3503 3713 3562 Ecclesia

2127 3582 2310 3635 munia
2337 3579 2472 3649 obit,
2504 3576 2576 3636 sit
2603 3583 2915 3641 anathema.

2198 3667 2253 3727 ι.
2285 3669 2545 3742 Quisquis
2579 3673 2672 3728 dat
2713 3686 2807 3730 aut
2850 3677 3050 3749 accipit
3098 3682 3374 3741 fructuum
3407 3689 3713 3748 oblationes

2126 3776 2280 3821 extra
2316 3763 2625 3833 ecclesiam,
2655 3780 2719 3821 ac
2750 3779 2949 3838 praeter
2975 3776 3303 3835 sententiam
3345 3780 3585 3851 episcOpi
3620 3795 3714 3838 aut

2129 3857 2429 3926 presbyteri
2462 3874 2480 3923 ;
2518 3857 2647 3913 item
2676 3859 2766 3928 qui
2800 3876 2907 3918 non
2958 3862 3263 3923 honeStatis
3293 3883 3461 3925 causa
3492 3873 3715 3940 virgini~

2129 3956 2293 4004 tatem
2320 3951 2468 4016 colit,
2497 3950 2593 4005 sed
2643 3964 2710 4005 eo
2750 3954 2894 4020 quod
2945 3956 3166 4025 nuptias
3197 3959 3566 4024 abominetur,
3618 3974 3715 4018 aut

2127 4040 2293 4095 etiam
2328 4038 2385 4094 in
2417 4053 2513 4095 eos
2539 4039 2634 4109 qui
2662 4042 3206 4115 matrimoniojuncti
3236 4059 3364 4105 sunt
3392 4065 3515 4108 sese
3533 4054 3714 4108 extol~

2132 4130 2230 4195 lat,
2262 4124 2337 4186 sit
2364 4122 2681 4188 anathema.
3360 4194 3363 4197 η
3602 4118 3609 4123 ’

2202 4223 2258 4279 5.
2288 4224 2390 4292 Qui
2439 4228 2650 4294 spernit
2672 4236 2767 4283 eos
2794 4229 2887 4298 qni
2929 4231 2998 4285 ad
3046 4246 3248 4303 agapas
3276 4244 3494 4303 vocant,
3534 4244 3590 4293 et
3618 4238 3713 4309 qui

2132 4329 2363 4373 vocatus
2400 4332 2523 4373 cum
2568 4318 2654 4374 his
2686 4335 2795 4374 non
2828 4315 3240 4390 communicat;
3276 4326 3404 4382 item
3437 4329 3529 4397 qui
3582 4345 3718 4385 con-

2136 4398 2362 4477 temptui
2387 4408 2587 4464 habent
2623 4424 2721 4465 eos
2750 4412 2843 4481 qui
2885 4413 3034 4468 biros
3073 4426 3328 4485 gestant;
3358 4433 3422 4472 ac
3454 4434 3685 4489 quiecun

436 4502 654 4574 ἀνδρῶν
684 4503 1083 4575 ὑποκρίνονται
1102 4503 1369 4574 ἱματίοις,
1399 4503 1496 4556 καὶ
1517 4505 1640 4558 ὅσαι
1669 4503 1779 4557 τῶν
1807 4503 2017 4575 ἀνδρῶν

2122 4511 2231 4566 que
2254 4499 2509 4554 mulieres
2544 4500 2785 4554 virorum
2832 4504 3130 4557 abutuntur
3181 4508 3542 4574 vestimentis,
3569 4525 3717 4579 quaee

434 4595 858 4665 διαζεύγνυνται
892 4594 1325 4666 βδελυσσόμεναι
1374 4595 1467 4648 τὸν
1495 4596 1698 4666 γάμον,
1734 4595 1831 4649 καὶ
1868 4597 1917 4649 οἱ
1956 4594 2028 4648 τά

433 4688 603 4741 τέκνα
639 4688 1179 4759 καταλιμπάνοντες,
1209 4688 1307 4741 καὶ
1355 4688 1479 4758 οὐχὶ
1526 4687 1666 4757 πρὸς
1713 4685 2029 4741 θεοσέϐειαν

435 4780 833 4851 ὑπαλείφοντες
878 4781 976 4835 καὶ
1003 4781 1174 4837 τέκνα
1213 4781 1317 4835 ὅσα
1359 4780 1613 4835 ἀπίστων
1646 4778 2028 4851 άποσκιρτῶσι

438 4869 670 4938 γονέων,
697 4869 976 4940 ἀνάθεμα.

508 4959 757 5027 ς’.⁴οσαι
786 4965 1050 5032 γυναῖκες
1067 4962 1168 5027 τάς
1196 4962 1379 5035 κόμας
1409 4962 1678 5031 τίλλουσι,
1709 4962 2029 5017 θεοσέϐειαν

439 5055 882 5128 ύποκρινϐμεναι
911 5072 928 5088 ο
954 5055 1052 5110 καὶ
1093 5058 1122 5110 ὀ
1147 5057 1248 5128 τὴν
1294 5057 1590 5128 Κυριακὴν
1646 5056 1878 5121 ἀσιτῶν,
1936 5056 2032 5110 καὶ⁵

436 5152 536 5213 τὰς
553 5148 1029 5221 ἐκκλησιαστικὰς
1073 5148 1333 5221 νηστείας
1365 5150 1656 5220 εκτρέπων
1679 5163 1695 5180 °
1728 5149 1827 5202 καὶ
1851 5151 1880 5202 ὁ
1931 5148 2032 5212 τὰς

435 5244 544 5299 τῶν
571 5217 870 5331 *ρων
896 5217 1149 5306 συνάξεις
1183 5217 1556 5314 περιφρονῶν,
1579 5241 1853 5312 ἀνάθεμα.

903 5333 1021 5403 Τῆς
1052 5333 1124 5388 ἐν
1148 5334 1500 5403 Ἀντιοχείᾳ.

506 5433 583 5481 α’.
615 5426 678 5481 ὐ
702 5428 804 5498 τὴν
835 5426 1107 5498 ἔνθεσμον
1141 5427 1238 5481 τοῦ
1313 5428 1510 5499 Πάσχα
1549 5427 1854 5498 παράδοσιν
1911 5445 2034 5482 πει-

441 5521 688 5593 ρώμενος
714 5521 1034 5593 διαμεῖψαι,
1059 5520 1250 5586 tame;
1289 5518 1390 5594 μὲν
1429 5518 1628 5587 τελῶν,
1684 5522 1828 5577 ἔστω
1893 5516 2034 5578 ἀπό-

450 5613 650 5686 ϐλητος
682 5630 699 5645 ’
740 5614 1010 5687 κληρικδς
1034 5613 1112 5682 δὲ,
1131 5613 1630 5686 άνεκκλησίαστος.

511 5788 579 5859 β’.
621 5788 685 5844 '0
716 5794 797 5858 είς
823 5791 1133 5848 ἐκκλησίαν
1180 5793 1393 5859 εἰσιὼν,
1452 5796 1548 5851 καὶ
1618 5795 1905 5865 προσέχων
1962 5794 2031 5869 τῇ

2133 4604 2240 4660 que
2274 4606 2305 4645 a
2337 4591 2467 4645 viris
2497 4603 2825 4662 separantur
2854 4608 2920 4649 eo
2951 4596 3099 4663 quod
3129 4599 3538 4656 matrimonium
3557 4600 3718 4657 fasti-

2132 4681 2318 4750 diant;
2374 4683 2504 4737 item
2565 4684 2659 4753 qui
2713 4683 2917 4742 liberes
2974 4672 3315 4758 relittqtfunt,
3371 4704 3437 4746 ac
3485 4682 3591 4746 non
3651 4700 3720 4746 atl

2134 4775 2387 4845 pietatem
2434 4790 2530 4831 eos
2582 4776 2880 4842 instruunt,
2910 4789 3014 4835 nec
3060 4795 3173 4835 non
3220 4774 3378 4840 liberi
3408 4783 3503 4854 qui
3542 4799 3574 4838 a
3620 4799 3722 4856 ραι

2133 4868 2383 4924 rentibus
2416 4867 2723 4924 inﬁdelibus
2746 4869 3057 4938 discedunt,
3092 4876 3412 4933 anathema.

2114 5014 2141 5027 __
2204 4952 2259 5010 6.
2289 4959 2642 5027 Quaecunque
2676 4960 2934 5015 mulieres
2964 4977 3149 5017 comas
3184 4969 3427 5032 tondent,
3462 4965 3718 5036 pietatem

2133 5046 2490 5114 simulantes;
2548 5058 2604 5103 et
2659 5042 2752 5120 qui
2813 5050 3094 5110 Dominica
3152 5056 3275 5112 cibo
3327 5058 3586 5125 abstinet,
3656 5073 3722 5115 ac

2129 5139 2333 5210 jejunia
2360 5140 2615 5196 Ecclesiae
2632 5145 2829 5198 evertit
2853 5161 2867 5198 :
2894 5161 2993 5201 nec
3015 5162 3122 5202 non
3146 5149 3400 5220 quisquis
3419 5162 3722 5207 conventus

2135 5233 2229 5303 qui
2261 5232 2326 5289 ad
2353 5240 2653 5305 martyrum
2684 5236 2829 5292 sales
2860 5236 2998 5292 liunt
3031 5240 3281 5312 despicit,
3314 5241 3627 5298 anathema.

2634 5342 2866 5399 Concilii
2892 5345 3223 5401 Antiochetti.

2212 5432 2263 5487 1.
2289 5431 2388 5498 Qui
2410 5433 2620 5502 legibus
2635 5446 2879 5490 sanctam
2897 5428 3123 5492 Paschae
3146 5439 3492 5497 traditionem
3513 5454 3727 5502 mutare

2139 5533 2392 5591 conatur,
2445 5526 2717 5595 siquidem
2774 5526 2949 5583 laicus
2998 5530 3093 5596 sit,
3146 5529 3445 5599 ejiciatur:
3488 5537 3725 5594 clericus

2140 5635 2273 5677 vero
2302 5620 2373 5675 ab
2408 5619 2656 5677 Ecclesia
2690 5631 2964 5678 arceatur.

2212 5796 2267 5854 ἓ.
2302 5793 2408 5863 Qui
2438 5794 2727 5855 ecclesiam
2777 5796 3076 5871 ingressus,
3120 5818 3334 5864 sacram
3381 5809 3722 5878 Scriptumm
