4140 6460
384 1164 404 1256 i

417 364 485 432 91

1682 352 2056 419 ARISTENI
2094 352 2445 416 MONACHI

3629 355 3706 417 92

423 478 511 543 tit,
545 473 886 545 sacrilegus:
920 473 1037 545 ipse
1061 473 1208 528 enim
1249 472 1425 543 culpae
1476 471 1753 528 obnoxius
1815 477 1871 526 ct
1921 485 2007 526 sa-

2136 467 2395 536 ερόσυλος
2426 485 2440 498 ·
2479 469 2506 519 6
2537 468 2646 537 γὰρ
2684 465 2956 531 ὑπαίτιος,
3002 467 3097 519 καὶ
3138 465 3378 537 ἀνίερος.
3421 464 3483 519 Ὀ
3510 465 3567 520 δέ
3595 486 3702 521 κα-

422 569 663 623 ccrdotio
703 568 977 637 indignus.
1013 566 1116 634 Qui
1150 580 1283 621 vero
1337 566 1526 621 insons
1578 565 1828 637 deiectus
1896 572 2005 630 est,

421 660 492 711 sit
510 660 825 728 episcopus.

494 751 584 806 51.
614 749 727 804 Mos
754 759 838 805 est
887 750 1180 821 Egyptiis,
1243 750 1345 804 nisi
1391 748 1836 819 archiepiscOpus
1881 762 2007 816 per-

423 843 653 904 miserit,
679 857 783 896 non
825 843 1084 897 scribere.
1122 841 1241 908 Quo
1278 843 1336 895 fit
1375 851 1435 895 ut
1479 841 1706 895 minime
1748 840 2003 909 culpandi

422 935 561 996 siut,
592 951 712 986 cum
737 934 913 988 sancti
946 933 1146 988 Leonis
1190 933 1432 1001 epistolae
1487 947 1595 985 non
1660 928 2005 999 subscripse-

425 1027 553 1086 rint.
585 1026 758 1079 donec
789 1025 1236 1095 archiepiscopus
1262 1034 1482 1078 creatus
1505 1023 1690 1078 fuerit.

460 1150 463 1151 '
532 1137 852 1192 Sanctorum
892 1137 1111 1192 Patrum
1156 1138 1397 1194 Sardirw
1436 1147 1900 1208 congregatarum.

398 1252 401 1287 ἶ
501 1252 555 1307 1.
616 1252 915 1321 Episcopus
965 1267 1030 1307 ex
1101 1252 1305 1321 majore
1349 1253 1569 1307 civitate
1630 1254 1681 1306 in
1744 1253 2007 1306 minorem

430 1344 667 1399 transire
696 1359 800 1397 non
831 1346 1188 1414 comperitur.
1215 1346 1315 1412 Qui
1366 1347 1533 1417 igitur
1563 1361 1631 1401 ex
1662 1345 1850 1399 humili
1881 1346 2010 1399 sede

430 1438 483 1491 in
542 1439 913 1493 sublimiorem
969 1441 1242 1506 transilit,
1314 1449 1571 1510 tanquam
1635 1453 1903 1506 arrogans
1956 1447 2013 1491 et

431 1546 633 1584 avarus
666 1541 1001 1600 compertus,
1028 1547 1123 1601 per
1151 1540 1321 1605 totam
1347 1533 1509 1586 vitam
1560 1529 2006 1587 excommunica-

432 1631 537 1676 ltll‘.

499 1713 559 1768 2.
581 1713 883 1792 Episcopus
914 1714 966 1769 in
996 1716 1135 1771 alius
1157 1717 1398 1798 episcopi
1437 1716 1623 1771 urbem
1659 1730 1727 1771 ne
1770 1723 2014 1768 transeat

432 1823 539 1861 non
571 1807 828 1862 invitatus
855 1828 869 1864 :
903 1824 964 1863 ac
992 1791 1295 1879 provincia:
1324 1812 1616 1879 cpiscopus
1663 1810 1708 1863 si
1767 1809 2006 1877 aliquam
2037 1820 2087 1880 Β
2118 1786 2419 1880 ἐπρίσκοῖτος

432 1899 581 1953 litem
607 1899 825 1965 habeat,
850 1899 1057 1955 alienos
1091 1902 1378 1972 episcopos
1426 1917 1491 1955 ne
1536 1911 1748 1959 evocet.
1785 1911 2015 1967 prmter-

431 2005 593 2059 quam
628 2007 656 2044 a
695 1990 940 2046 Romano
975 1992 1262 2059 Pontificc,
1290 1996 1335 2047 si
1368 1995 1623 2063 expedire
1662 1994 2013 2061 judicaverit.

504 2084 557 2138 5.
588 2081 853 2153 Episcopo
885 2086 1152 2155 deposito.
1190 2088 1233 2139 si
1266 2087 1501 2140 aﬂirmct
1525 2101 1583 2141 se
1632 2086 2007 2141 defensionem

432 2173 741 2241 allaturum,
794 2191 902 2231 non
960 2177 1312 2232 constituitur
1360 2179 1520 2243 alius,
1560 2180 1659 2233 nisi
1721 2178 2012 2248 cpiscopus

432 2263 618 2319 Romae
641 2265 931 2321 detinierit.
964 2267 1226 2336 Dispiciet
1252 2267 1397 2322 enim
1446 2267 1869 2336 depositiooem,
1923 2277 2018 2321 aut

433 2372 531 2424 per
566 2358 805 2420 nuntios,
837 2366 935 2412 aut
959 2373 1054 2427 per
1088 2358 1325 2415 litteras.

507 2449 566 2505 4.
593 2449 647 2504 Si
675 2450 829 2505 [θεῖε
852 2451 1162 2519 petentibus
1207 2452 1541 2518 episcopum,
1590 2450 1828 2520 episcopi
1886 2465 2022 2516 pra:-

437 2553 623 2597 sentes
654 2544 786 2607 sint,
825 2559 966 2598 unus
990 2559 1120 2599 vero
1154 2546 1372 2613 quidem
1405 2546 1570 2607 absit,
1602 2557 1820 2600 vocetur
1853 2547 2016 2599 etiam

439 2634 551 2689 ille.
580 2633 634 2686 Si
658 2649 789 2686 vero
827 2643 1053 2688 vocatus
1100 2650 1277 2703 neque
1321 2637 1584 2703 scribere,
1638 2653 1813 2707 neque
1867 2652 2019 2693 acce-

438 2726 568 2779 dere
599 2726 854 2793 voluerit,
886 2727 932 2780 is
954 2727 1046 2795 qui
1071 2727 1297 2797 petitur,
1335 2728 1645 2784 ordinetur.

512 2902 566 2956 ὅ.
602 2901 734 2955 Cum
770 2904 1224 2971 metropolitanus
1257 2908 1632 2971 constituitur,
1661 2909 1822 2964 vicini
1858 2911 2023 2966 etiam

446 2991 687 3061 episcopi
713 2994 1031 3048 accersendi
1065 3005 1213 3051 sunt.

518 3085 570 3139 6.
603 3085 657 3139 lu
687 3101 853 3155 parva
895 3088 1028 3141 urbe
1059 3095 1115 3141 et
1154 3104 1314 3158 pago,
1359 3091 1445 3143 cui
1499 3107 1640 3146 unus
1679 3093 1873 3148 suliicit
1904 3109 2027 3165 pre-

2110 562 2473 628 τασιϐασθεὶς
2507 563 2778 626 ἀναίτιος,
2810 561 2951 615 ἔστω
2983 561 3310 623 ἐπίσκοπος.

2181 742 2285 795 λα’.
2329 742 2575 794 Εἴθισται
2603 742 2718 805 τοῖς
2748 741 3094 808 Αἰγυπτίοις,
3135 742 3184 793 εἰ
3226 741 3300 812 μὴ
3344 742 3707 811 ἁρχιεπίσκο-

2111 851 2213 897 πος
2247 833 2558 901 ἐπιτρέποι,
2605 834 2679 903 μὴ
2713 832 2973 903 γράφειν.
3005 832 3294 886 Ἐντεῦθεν
3316 833 3599 905 ἄμεμπτοι
3630 838 3707 907 μὴ

2111 925 2554 994 ἐπιγεγραφότες
2586 925 2653 993 τῇ
2692 922 2949 994 ἐπιστολῇ
3002 921 3101 976 τοῦ
3128 922 3282 976 ὁσίου
3320 924 3573 990 Λέοντος,
3602 927 3710 990 ἓως

2110 1013 2548 1084 ἀρχιεπίσκοπος
2573 1013 2823 1082 γένηται.

2641 1121 2764 1177 Τῶν
2795 1122 2866 1177 ἐν
2897 1120 3182 1191 Σαρδικῇ.

2185 1237 2255 1296 α’.
2306 1238 2760 1310 ’Λνεξερεύνητος
2829 1238 3130 1300 ἐπίσκοπος
3187 1238 3250 1291 ἐκ
3311 1238 3560 1308 μείζονος
3614 1237 3710 1290 ἐπὶ

2116 1333 2309 1404 μείονα
2329 1334 2484 1386 πόλιν
2505 1350 2519 1363 ·
2553 1335 2581 1385 6
2609 1333 2791 1384 τοίνυν
2817 1334 2881 1385 ἐκ
2914 1331 3186 1401 ταπεινῆς
3229 1333 3316 1401 ἐφ’
3367 1332 3710 1401 ὑψηλοτέραν

2118 1425 2471 1497 μεταπηδῶν,
2506 1426 2584 1490 ὠς
2611 1424 2827 1490 ἀλαζὼν
2853 1424 2948 1477 καὶ
2994 1423 3331 1495 πλεονέκτης
3395 1424 3710 1478 ὑποϐλεπό-

2119 1535 2300 1590 μενος,
2340 1518 2430 1571 διὰ
2464 1517 2582 1587 βίου
2629 1517 2829 1580 παντὸς
2853 1515 3245 1587 ἀκοινώνητος.

2190 1692 2257 1765 β’.
2302 1693 2637 1747 Ἐπισκόπου
2675 1694 2756 1756 είς
2791 1692 2947 1745 πόλιν
2976 1690 3211 1762 ἄκλητος
3259 1693 3335 1763 μὴ
3380 1691 3709 1745 διαδαινέτω

2454 1800 2468 1815 ο
2512 1785 2609 1836 καὶ
2648 1786 2676 1837 ὁ
2715 1781 3065 1853 ἐπαρχιώτης
3101 1783 3149 1835 εί
3186 1783 3278 1841 ἐπί
3316 1800 3369 1835 τι
3412 1783 3711 1847 δικάζοιτο,

2118 1877 2437 1946 ἀλλοτρίους
2464 1876 2801 1939 ἐπισκόπους
2824 1876 2925 1928 οὑκ
2958 1874 3339 1942 ἐκκαλέσεται,
3367 1876 3401 1946 ῆ
3434 1879 3582 1946 παρά
3612 1876 3709 1928 τοὺ

2130 1969 2373 2039 Ῥώμης,
2412 1970 2462 2020 εί
2495 1967 2794 2038 ἐπικρίνοι.

2191 2069 2261 2130 γ’.
2314 2063 2648 2116 Ἐπισκόπου
2681 2062 3132 2132 καθαιρεθέντος,
3165 2061 3263 2114 καὶ
3289 2061 3714 2131 διαϐεϐαιουμέ-

2120 2175 2211 2211 νου
2254 2158 2445 2228 φέρειν
2493 2157 2815 2224 ἀπολογίαν,
2852 2158 2901 2209 εἰ
2954 2157 3027 2228 μὴ
3058 2158 3086 2209 6
3133 2157 3354 2225 Ῥώμης
3403 2157 3601 2228 ὁρίζοι,
3646 2157 3710 2210 οὑ

2121 2248 2445 2317 καθίδρυται
2482 2249 2691 2318 ἕτερος.
2732 2250 3105 2318 Διασκοπήσει
3148 2248 3257 2321 γὰρ
3298 2249 3397 2318 τὴν
3450 2248 3716 2317 καθαίρε-

2123 2360 2209 2396 σιν
2232 2343 2263 2411 ἧ
2294 2342 2636 2404 ἀποστόλοις,
2668 2343 2699 2413 ἣ
2726 2341 3075 2413 γράμμασιν.

2196 2432 2257 2488 δ’.
2317 2436 2379 2487 Εἰ
2426 2434 2536 2487 τῶν
2590 2434 2799 2487 λαϊκῶν
2848 2432 3261 2501 ἐπιζητούντων
3301 2434 3641 2497 ἐπίσκοπον.»
3663 2438 3714 2489 οἱ

2122 2526 2413 2579 ἐπίσκοποι
2459 2526 2946 2596 παρουσιάζουσιν,
2982 2520 3063 2589 εἷς
3092 2526 3147 2579 δέ
3178 2544 3264 2590 τις
3297 2527 3556 2594 ἐλλείποι,
3585 2546 3720 2598 προ-

2124 2617 2398 2672 καλείσθω
2457 2620 2708 2681 κάκεῖνος
2765 2634 2780 2648 ο
2840 2621 2887 2671 εἰ
2940 2618 2999 2671 δὲ
3063 2619 3543 2692 προσκαλούμενος
3591 2619 3717 2673 οὔτε

2125 2712 2384 2782 γράφειν,
2424 2710 2545 2765 οὔτε
2587 2712 2843 2782 ἐνδημεῖν
2880 2710 3151 2781 βούλοιτο,
3178 2714 3206 2765 6
3238 2712 3568 2784 ζητούμενος
3598 2731 3715 2784 χει-

2127 2804 2475 2871 ροτονείσθω.

2197 2903 2258 2949 ε’.
2296 2895 2714 2967 Μητροπολίτου
2750 2897 3181 2969 καθισταμένου,
3214 2898 3309 2952 καὶ
3338 2900 3386 2953 οἰ
3410 2899 3720 2969 πλησιόχω-

2130 3004 2212 3058 ροι
2250 2987 2634 3057 μετάπεμπτοι
2668 2987 2902 3044 ἔσοιντο.

2201 3086 2275 3145 ς’.
2312 3080 2405 3144 Εἰς
2437 3080 2627 3151 ὀλίγην
2658 3080 2832 3147 πόλιν,
2865 3078 2961 3135 καὶ
2995 3080 3211 3151 κώμην,
3326 3083 3419 3137 καὶ
3464 3077 3545 3145 εἷς
3584 3084 3722 3136 αὐτ-

446 3179 653 3250 sbyter,
685 3178 971 3248 episcopus
1008 3194 1115 3233 non
1142 3181 1495 3235 constituitur
1527 3201 1540 3236 :
1582 3184 1627 3238 si
1660 3199 1791 3238 vero
1822 3184 2020 3254 pOpulo

2132 3173 2306 3243 ἀρκης
2354 3173 2756 3245 πρεσϐύτερος,
2799 3175 3102 3236 ἐπίσκοπος
3170 3175 3234 3228 οὑ
3274 3175 3632 3230 καθίσταται·
3672 3176 3723 3229 εί

443 3267 883 3339 frequentissima
915 3272 985 3325 sit
1020 3272 1172 3338 urbs,
1206 3289 1312 3327 non
1346 3274 1563 3345 indigna
1606 3286 1692 3331 est
1734 3277 2018 3349 episcopo.

519 3385 571 3439 7.
611 3383 668 3439 Si
690 3384 949 3455 pupillus,
976 3396 1032 3441 et
1066 3387 1254 3453 vidua,
1287 3398 1338 3443 et
1385 3390 1478 3457 qui
1526 3398 1705 3445 tutore
1746 3401 1920 3454 caret,
1978 3392 2028 3446 vi

448 3475 856 3545 opprimantur,
912 3477 980 3531 iis
1031 3480 1311 3548 suppetias
1360 3479 1502 3534 feret
1550 3482 1869 3552 cpiscopus.
1925 3484 2029 3539 Ve-

450 3575 756 3621 rumtamen
788 3583 857 3623 ne
885 3568 1157 3639 ejusmodi
1191 3580 1458 3640 praetextu
1489 3574 1543 3626 in
1566 3575 1828 3629 comitatu
1882 3579 2031 3647 regio

453 3667 724 3722 versetur,
755 3659 888 3729 quin
917 3661 1101 3729 potius
1130 3662 1391 3717 diaconus
1420 3666 1690 3722 mittatur.

526 3749 581 3804 8.
614 3748 685 3804 lis
717 3750 809 3819 qui
839 3752 905 3805 ad
933 3752 1233 3808 Ecclesiam
1264 3754 1588 3826 confugiunt
1625 3761 1753 3814 totis
1816 3762 2031 3818 viribus

455 3839 910 3894 succurrendum.

526 3929 579 3984 9.
607 3928 663 3983 Si
706 3929 876 3984 frater
917 3930 984 3985 ad
1049 3930 1271 3987 fratrem
1325 3935 1529 4001 mittat,
1584 3942 2037 4010 metropolitano;

457 4022 709 4076 nuntium
746 4021 947 4076 litteris
984 4023 1104 4078 suis
1154 4026 1384 4091 muniat,
1448 4032 1759 4102 scribatque
1805 4036 1871 4089 ad
1920 4051 2035 4103 eos,

454 4128 593 4182 quos
621 4115 910 4186 episcopus
942 4128 1095 4187 rogat
1126 4129 1183 4172 ut
1210 4120 1459 4176 nuntium
1486 4135 1789 4195 protegant.

529 4289 921 4358 10.Forensis,
968 4293 1352 4357 scholasticus,
1414 4308 1509 4353 aut
1567 4302 1719 4356 dives
1778 4304 1882 4358 nisi
1944 4321 2040 4375 per

459 4399 646 4439 sacros
678 4384 898 4440 ordines
944 4388 1240 4456 transierit,
1299 4406 1407 4445 non
1463 4402 1680 4447 creatur
1725 4396 2035 4466 episcopus.

2129 3267 2187 3320 δέ
2219 3266 2763 3337 πολυανθρωποτάτη
2792 3267 3018 3337 γένηται
3050 3266 3230 3333 πόλις,
3254 3268 3356 3323 οὑκ
3386 3268 3627 3334 ἀνάξιον.

2205 3368 2271 3432 ζ’.
2304 3367 2597 3438 Ὀρφανοὺ.
2633 3368 2728 3420 καὶ
2780 3369 2978 3440 χήρας,
3021 3369 3117 3421 καὶ
3150 3369 3496 3440 ἀπροστάτου
3539 3369 3722 3438 βιαζο-

2136 3463 2334 3532 μένων,
2367 3462 2447 3525 εἰς
2479 3460 2736 3531 βοήθειαν
2763 3462 3172 3531 κατατολμήσει
3206 3460 3511 3522 ἐπίσκοπος
3535 3476 3549 3490 ⁸
3583 3460 3723 3515 ἀλλά

2132 3556 2198 3623 τῇ
2239 3553 2336 3626 [ἵσ.
2377 3552 2451 3622 μὴ
2501 3552 2591 3625 τῇ]
2641 3551 2869 3625 τοιαύτῃ
2916 3554 3192 3625 προφάσει
3240 3553 3513 3624 διατρίὸοι
3547 3555 3634 3617 είς
3664 3554 3726 3607 τὸ

2137 3651 2525 3722 στρατόπεδον,
2567 3650 2703 3704 ἀλλὰ
2739 3650 2942 3721 μᾶλλον
2969 3649 3218 3715 διάκονος
3248 3650 3546 3705 στέλλοιτο.

2208 3750 2277 3813 η’.
2309 3743 2436 3805 Τοῖς
2468 3741 2560 3793 ἐπὶ
2591 3742 2689 3813 τὴν
2736 3742 3071 3814 Ἐκκλησίαν
3118 3742 3531 3814 προσφεύγουσι
3562 3744 3728 3798 παντί⁸

2140 3834 2317 3891 σθένει
2356 3834 2675 3905 Men-em.

2209 3925 2274 3980 0'.
2313 3923 2571 3993 Ἀδελφοῦ
2614 3925 2752 3997 πρὸς
2794 3926 3027 3996 ἀδελφὺν
3058 3927 3508 3995 ἀποστέλλοντος,
3539 3930 3567 3984 6
3623 3948 3731 4001 μη-

2138 4017 2467 4086 τροπολίτης
2514 4019 2608 4069 τὸν
2643 4017 2945 4071 ἀπόστολον
2996 4019 3251 4089 ἰσχυέτω,
3303 4020 3403 4073 καὶ
3459 4022 3730 4092 γραφέτω

2141 4111 2280 4181 πρὸς
2320 4112 2470 4175 τοὺς,
2518 4111 2576 4162 ἐν
2615 4105 2702 4173 οἷς
2745 4111 2779 4181 ἡ
2834 4109 3064 4174 ἀξίωσις
3112 4110 3207 4164 τοὺ
3241 4110 3572 4178 ἐπισκόπου,
3634 4112 3729 4166 τοὺ

2141 4204 2445 4260 ἀποστόλου
2473 4204 2994 4275 ἀντιλαμϐάνεσθαι.

2216 4295 2291 4351 ι’.-
2329 4297 2642 4366 Ἀγοραῖος,
2707 4295 3088 4366 σχολαστικὸς,
3148 4296 3181 4368 ἦ
3244 4297 3519 4369 πλούσιος,
3563 4299 3611 4351 εἰ
3655 4297 3731 4369 μὴ

2142 4389 2272 4451 τοὺς
2300 4388 2482 4458 ίεροὺς
2507 4387 2710 4440 διέλθοι
2744 4386 3015 4459 βαθμοὺς,
3051 4390 3353 4452 ἐπίσκοπος
3378 4391 3439 4444 οὑ
3469 4362 3732 4447 καθίστα-

458 4476 735 4531 Graduum
766 4488 944 4532 autem
982 4479 1335 4536 interstitium
1391 4498 1461 4537 ne
1519 4486 1681 4541 nimis
1730 4487 1895 4543 breve
1945 4491 2024 4555 sit.

2146 4500 2254 4535 ται.
2280 4481 2354 4535 Τὸ
2377 4481 2433 4533 δὲ
2461 4480 2572 4533 τῶν
2600 4479 2827 4552 βαθμῶν
2850 4480 3043 4551 διάστη
3055 4499 3156 4551 μα,
3189 4481 3249 4534 οὑ
3274 4482 3395 4535 λίαν
3415 4481 3694 4551 ὀλιγοστόν
3713 4496 3730 4513 ⁸

460 4583 567 4637 quo
598 4568 770 4638 major
800 4568 927 4625 fidei
980 4586 1304 4643 morumque
1339 4576 1625 4644 probitatis
1681 4581 1798 4649 ejus
1848 4582 2042 4651 proba-

465 4660 539 4713 tio
588 4659 773 4716 haberi
827 4662 1023 4732 possit.
1075 4661 1179 4729 Qui
1238 4667 1386 4720 enim
1449 4668 1610 4724 aliter
1660 4673 2039 4738 constituitur,

464 4753 769 4820 ncophytus
806 4765 914 4809 est.

535 4844 625 4898 il.
651 4843 950 4916 Episcopus
974 4847 1042 4900 ab
1072 4849 1326 4919 episcopo
1364 4853 1690 4920 accersitus,
1750 4856 1796 4909 si
1852 4855 1898 4911 is
1951 4856 2044 4927 qui

463 4939 697 4992 accersit
720 4939 1003 5008 imperitus
1029 4943 1121 5007 sit,
1157 4959 1222 4998 ne
1275 4945 1442 5000 nimis
1497 4947 1720 5002 assidue
1746 4951 2045 5004 concione-

467 5039 600 5084 tur:
673 5030 776 5085 hoc
839 5032 983 5086 enim
1036 5033 1291 5103 imperito
1338 5039 1447 5093 erit
1504 5040 1782 5103 dedecori,
1847 5041 2047 5113 illeque

467 5122 843 5193 episcopatum
878 5125 1086 5180 ambire
1116 5126 1411 5196 videbitur,
1479 5144 1542 5187 ac
1583 5141 1816 5203 utraque
1858 5149 2049 5203 repre-

469 5213 772 5271 bendeuda.

545 5304 630 5360 12.
656 5306 786 5363 Sine
814 5310 964 5379 gravi
1000 5310 1333 5367 necessitate
1363 5311 1671 5369 diutissime
1734 5317 2049 5389 episcopum

473 5408 501 5450 θ
537 5412 630 5449 sua
659 5398 854 5454 abesse
885 5399 1124 5460 Ecclesia
1150 5415 1315 5470 grave
1342 5410 1446 5459 est.

551 5575 635 5630 l5.
673 5576 970 5648 Episcopus
1028 5581 1119 5650 qui
1169 5583 1543 5653 possessiones
1600 5593 1753 5639 extra
1799 5588 2052 5644 tilCBCOSlS

476 5681 590 5720 suac
644 5667 845 5724 limites
901 5670 1088 5739 habet,
1148 5674 1192 5727 si
1236 5689 1330 5730 eas
1384 5676 1658 5730 invisurus
1703 5678 1793 5744 sit,
1834 5693 1899 5732 uc
1932 5689 2044 5736 tres

480 5759 709 5830 amplius
741 5761 1047 5820 Dominicas
1076 5778 1335 5825 moretur.
1369 5766 1460 5825 Sic
1489 5768 1633 5823 enim
1696 5771 1862 5841 ipsius
1918 5787 2048 5844 grex

2144 4571 2213 4625 δι’
2236 4563 2297 4624 οὑ
2329 4573 2391 4623 τὺ
2419 4570 2667 4641 δοκίμιον
2713 4571 2815 4641 τῆς
2861 4573 3122 4636 πίστεως,
3172 4575 3268 4626 καὶ
3316 4574 3734 4642 καλοκάγαθίας

2146 4662 2313 4717 αὑτοῦ
2352 4661 2731 4733 δοκιμάζοιτο.
2767 4662 2828 4717 '0
2858 4663 2967 4733 γὰρ
3003 4664 3230 4735 ἑτέρως,
3261 4667 3544 4736 νεόφυτος.

2222 4855 2313 4903 ια’.
2347 4849 2407 4901 Ὀ
2437 4846 2919 4919 προσκαλούμενος
2942 4847 3245 4902 ἐπίσκοπον
3268 4848 3378 4921 [ton
3409 4849 3733 4922 ἐπίσκοπος]

2149 4941 2210 5007 ἐξ
2240 4941 2563 5005 ἐπισκόπου,
2599 4939 2694 4991 τοῦ
2725 4938 3213 5011 προσκαλουμένου
3267 4942 3479 4995 ἰδιώτου
3525 4944 3735 5013 τυγχά-

2149 5048 2355 5097 νοντος,
2391 5033 2466 5105 μὴ
2511 5035 2908 5103 συνεχέστερον
2956 5033 3325 5105 δημηγοροίη.
3372 5033 3587 5104 Μῶμος
3624 5036 3737 5106 γὰρ

2116 5125 2331 5193 ’τοῦτο,
2379 5126 2475 5181 τοῦ
2519 5127 2755 5191 ἰδιώτου,
2818 5124 2915 5179 καὶ
2969 5127 3240 5196 μνηστεία
3286 5126 3391 5196 τῆς
3421 5126 3737 5197 ἐπισκοπῆς

2153 5220 2374 5290 ἐκείνῳ·
2407 5219 2502 5273 καὶ
2531 5218 2820 5288 ἀμφότερα
2854 5218 2955 5271 οὑκ
2986 5217 3289 5289 ἀμώμητα.

2227 5308 2316 5382 ιβ’.
2363 5310 2635 5378 Ἀνάγκης
2702 5309 2827 5378 δίχα
2888 5306 3140 5379 βαρείας,
3201 5310 3466 5381 δυσχερὲς
3526 5310 3586 5363 τὸ
3645 5312 3740 5364 ἐπὶ

2155 5402 2408 5458 πλεῖστον
2469 5400 2560 5454 τὸν
2613 5401 2914 5461 ἐπίσκοπον
2977 5400 3079 5469 τῆς
3140 5402 3348 5465 οἰκείας
3410 5402 3741 5473 Ἐκκλησίας

2155 5491 2662 5562 ἀπολιμπάνεσθαι.

2230 5590 2320 5652 ιγ’.
2372 5584 2706 5648 Ἐπίσκοπος
2740 5585 2967 5655 κτήσεις
3022 5584 3360 5655 κεκτημένος
3391 5584 3741 5655 ὑπερορίους,

2159 5680 2206 5733 εί
2237 5678 2423 5749 μέλλοι
2452 5676 2682 5742 ταύταις
2704 5678 2863 5743 ἰέναι,
2898 5676 3201 5750 χρονιζέτω
3227 5677 3302 5748 μὴ
3341 5678 3505 5731 πλέον
3536 5680 3748 5747 Κυρια-

2161 5771 2273 5831 κῶν
2321 5769 2491 5843 τριῶν
2526 5770 2932 5843 διαστήματος·
2962 5767 3104 5827 οὑτω
3142 5769 3250 5841 γὰρ
3287 5770 3319 5839 ἡ
3366 5768 3542 5823 οἰκεία
3579 5770 3740 5825 αὑτὸν
