4140 6450
414 399 495 461 93
1683 414 2030 477 SYNOPSIS

2134 419 2481 480 ANONUM.
3646 425 3719 491 94

430 525 644 598 ποίμνη
698 529 1180 604 καταπλουτήσει,
1223 530 1318 585 καὶ
1373 530 1535 597 αὐτὸς
1585 533 1790 603 ἄτυφος
1843 535 2030 605 διαμέ-

2137 552 2202 592 co
2234 539 2463 602 fruetur,
2491 539 2712 609 ipseque
2740 538 2912 596 fastus
2941 542 3248 603 suspicione
3279 543 3511 601 carebit.

438 635 605 672 νοιτο.

517 711 599 765 ιδ’.
638 710 698 766 '0
724 714 821 767 τὸν
873 714 1242 786 ἀκοινώνητον
1281 714 1506 770 ἄλλοθεν
1540 717 1830 781 κοινωνίας
1862 718 2031 783 ἀξιῶν

451 804 592 874 μετὰ
616 805 844 874 γνῶσιν,
874 808 977 861 οὐκ
1010 808 1328 874 ἀνεύθυνος.

523 904 606 951 ιε’.
652 897 712 951 '0
742 898 878 970 παρ’
915 898 1176 970 ὀξυχόλου
1211 902 1553 975 κατάκριτος
1580 903 1901 976 ἐπικουρίας
1922 902 2032 956 δεόο

453 1008 614 1060 μενος
639 991 740 1045 οὐκ
764 992 1106 1058 ἀνάκουστος
1128 1008 1143 1024 '
1180 993 1311 1066 ἄχρι
1345 995 1401 1048 δέ
1441 996 1544 1068 τῆς
1584 996 1905 1066 ἐπικουρίας
1933 995 2030 1064 δη-

447 1082 583 1154 λαδὴ
612 1082 1001 1153 ἀκοινώνητος.

523 1180 619 1240 ις’.
651 1175 758 1229 Τὸν
783 1176 1069 1247 ἀλλότριον
1112 1177 1420 1249 ὑπηρέτην,
1451 1178 1733 1251 ἀλλότριος
1764 1179 1889 1251 δίχα
1930 1180 2029 1246 τῆς

446 1263 662 1317 ἐκείνου
716 1266 945 1337 γνώμης
998 1265 1285 1338 ἐμϐαθμον
1336 1264 1641 1336 καθιστὰςξ
1682 1269 2026 1342 καθίστησιν,

447 1354 564 1411 ἀλλ’
596 1355 877 1411 ἀϐέϐαιον.

522 1467 608 1534 ιζ’.
635 1469 702 1522 Οἱ
736 1470 830 1524 ἐπὶ
855 1470 957 1541 τῆς
1010 1471 1121 1531 τῶν
1155 1474 1476 1529 ἐπισκόπων
1507 1476 1849 1548 βραδύτητος
1887 1478 2027 1548 ὅροι,

446 1563 545 1623 καὶ
584 1564 681 1615 ἐπὶ
728 1563 1117 1635 πρεσϐυτέρων
1186 1566 1279 1620 καὶ
1318 1567 1583 1627 διακόνων
1629 1569 1816 1640 ἔχουσι
1865 1570 2028 1623 δύνα-

449 1670 567 1725 μιν.

520 1764 613 1836 ιη’.
672 1766 900 1831 ’Δδίκως
949 1771 1248 1835 ἐπίσκοπος
1296 1773 1680 1845 ἐλαυνόμενος,
1721 1775 1773 1828 εί
1814 1776 1910 1830 ἐπὶ
1959 1778 2025 1847 τῇ

2205 719 2289 774 14.
2324 718 2424 786 Qui
2461 718 2991 773 excommunicatum
3046 718 3114 774 ab
3165 721 3274 775 alio
3321 722 3706 780 communione

2131 808 2407 878 dignatur,
2440 823 2498 862 re
2523 808 2763 880 cognita,
2790 825 2896 864 non
2926 820 3009 864 est
3035 810 3243 865 insons.

2205 901 2293 954 15.
2326 899 2408 952 Ab
2437 900 2702 955 iracundo
2755 902 3148 956 condemnatus
3194 903 3237 957 si
3284 902 3488 959 auxilio
3555 905 3701 958 indic

2130 1002 2276 1062 geat,
2309 990 2613 1046 audiendus
2639 1001 2742 1045 est.
2770 992 3063 1060 Quousque
3124 1006 3256 1045 vero
3287 993 3548 1048 auxilium
3602 996 3706 1047 im-

2131 1084 2451 1152 pelraverit,
2486 1081 2993 1137 excmnmunicalus
3022 1092 3259 1135 maneat.

2205 1174 2294 1228 16.
2326 1174 2573 1227 Alienum
2605 1173 2915 1227 ministrum
2947 1174 2992 1228 si
3026 1174 3146 1243 quis
3190 1175 3325 1229 citra
3373 1175 3518 1229 illius
3572 1175 3701 1244 Epi-

2133 1268 2281 1336 scopi
2335 1283 2661 1323 consensum
2711 1268 2762 1322 in
2808 1269 2989 1337 aliquo
3018 1270 3185 1338 gradu
3223 1271 3538 1334 constituat,
3584 1285 3716 1326 con-

2132 1360 2309 1414 stituit
2367 1361 2607 1430 quidem,
2659 1364 2752 1415 sed
2798 1359 3068 1417 ordinatio
3115 1361 3345 1415 invalida
3382 1370 3485 1416 est.

2202 1476 2291 1531 17.
2316 1474 2389 1529 Ea
2419 1491 2539 1546 qua!
2571 1477 2637 1529 de
2662 1475 2890 1544 longiori
2930 1475 3306 1544 episcoporum
3366 1489 3518 1529 mora
3572 1473 3710 1528 dcti-

2131 1566 2243 1621 uita
2280 1577 2425 1634 sunt,
2451 1567 2504 1622 in
2537 1567 2866 1639 presbyteris
2901 1581 3117 1636 quoque
3161 1576 3218 1621 et
3279 1566 3524 1621 diaconis
3596 1564 3705 1618 vim

2132 1660 2357 1715 habent.

2203 1770 2294 1826 18.
2323 1771 2622 1841 Episcopus
2644 1769 2844 1836 injuste
2869 1769 3129 1839 expulsus
3157 1758 3229 1824 si;
3273 1769 3326 1823 in
3375 1770 3549 1825 aliena
3604 1768 3709 1823 Ec-

442 1858 708 1930 ἀλλοτρία
751 1860 950 1930 διάγοι,
983 1864 1221 1932 δεκτέος,
1261 1865 1369 1929 ἕως
1411 1866 1510 1938 τὴν
1557 1868 1716 1939 ὓϐριν
1746 1869 2030 1922 ἐπανασώ-

2134 1862 2300 1917 clcsia
2342 1863 2523 1931 degat,
2584 1862 2961 1930 suscipiendus
3020 1871 3125 1925 est,
3172 1864 3343 1915 donec
3397 1861 3708 1931 propulsata

446 1969 619 2009 σοιτο.

524 2072 614 2129 ιθ’.
645 2074 910 2137 Ἀδεκτος
937 2076 967 2128 ὁ
991 2073 1256 2143 κληρικὸς
1276 2074 1304 2127 ὁ
1346 2073 1421 2145 μὴ
1452 2072 1626 2126 τελῶν
1652 2075 1731 2136 είς
1765 2072 1865 2144 τὴν
1902 2073 2028 2128 Ἐκ·

447 2166 701 2234 κλησίαν,
734 2168 792 2219 ἐν
891 2165 1262 2237 κεκλήρωται.
1309 2166 1648 2236 Εὐτυχιανὸς
1686 2165 1872 2236 μέντοι
1932 2167 2029 2219 καὶ

446 2256 726 2319 Μουσαῖος
763 2254 1071 2309 ἐπισκόπου
1113 2255 1309 2325 κλῆσιν
1351 2256 1454 2309 οὐκ
1487 2255 1842 2327 ἐκδικήσουσι
1867 2273 1883 2288 ·
1912 2273 2031 2310 κοι-

444 2347 644 2410 νωνίας
671 2348 856 2416 μέντοι
880 2348 1025 2401 κατὰ
1049 2348 1177 2411 τοὺς
1202 2348 1452 2415 λαῖκοὺς,
1487 2349 1585 2401 ἐὰν
1616 2348 1869 2415 θέλωσιν,
1901 2351 2026 2402 ἐπι-

446 2436 757 2501 τεύξονται.

519 2547 590 2604 κ’.
625 2549 689 2604 ’0
716 2549 783 2603 τὰ
812 2549 1014 2615 καλῶς,
1046 2552 1140 2604 καὶ
1170 2551 1479 2624 θεαρέστως
1503 2553 1843 2624 ἐνηνεγμένα
1870 2553 2026 2625 τύφῳ

446 2641 867 2713 παραπλεῦσαι
900 2643 1264 2714 πειρώμενος,
1300 2645 1401 2698 οὐκ
1423 2646 1749 2710 ἐπίσκοπος.
1780 2667 1793 2679 ·

523 2826 630 2875 καί.
663 2819 1009 2891 Τεθεαμενος
1049 2822 1350 2885 ἐπίσκοπος
1393 2822 1695 2876 ἐπίσκοπον
1733 2823 2030 2894 ἐρχόμενον

448 2913 512 2966 ἐν
543 2913 914 2985 στρατοπέδῳ,
950 2912 1207 2984 ἐμποδὼν
1242 2916 1317 2988 μὴ
1351 2914 1610 2983 γινέσθω,
1638 2917 1686 2968 εἰ
1708 2915 1864 2986 γνοίη
1890 2917 2031 2971 κατά

445 3021 506 3056 τι
532 3004 642 3056 τῶν
661 3005 1079 3075 προειρημένων
1105 3005 1400 3077 ἐρχόμενον
1419 3021 1435 3039 ο
1463 3007 1511 3059 εί
1530 3006 1575 3059 δ’
1601 3005 1799 3072 ἄλλως,
1824 3024 2033 3080 προαγ-

447 3096 693 3160 γελλέτω
714 3098 775 3151 τὸ
797 3096 1185 3169 ἀκοινώνητον.

2139 1954 2339 2025 injuria
2370 1955 2604 2024 pristino
2635 1954 2803 2010 statui
2839 1956 3128 2007 restitutus
3156 1954 3246 2009 sit.

2207 2071 2296 2126 19.
2321 2070 2564 2126 Clericus
2599 2087 2702 2125 non
2740 2072 2941 2138 degens
2973 2070 3027 2124 in
3064 2069 3304 2124 Ecclesia
3348 2069 3403 2123 in
3460 2084 3566 2138 qua
3621 2084 3714 2122 or-

2133 2168 2350 2222 dinatus
2375 2172 2478 2230 est,
2512 2178 2618 2219 non
2651 2171 2733 2218 est
2781 2162 3152 2230 recipiendus.
3217 2161 3586 2231 Eutycltiauns
3631 2172 3712 2212 ta-

2135 2274 2255 2314 men
2299 2266 2355 2312 et
2394 2257 2624 2311 Musmus
2666 2255 2903 2323 episcopi
2961 2253 3376 2322 appellationem
3435 2266 3541 2304 non
3603 2251 3708 2306 sibi

2133 2349 2542 2405 vindicabunt:
2592 2346 3029 2401 communionem
3080 2359 3213 2399 vero
3263 2357 3387 2398 cum
3439 2341 3614 2404 laicis,
3663 2341 3712 2395 si

2131 2442 2428 2505 voluerint,
2460 2448 2891 2508 consequentur.

2204 2557 2297 2613 90.
2330 2555 2589 2623 Quisquis
2639 2569 2703 2609 ea
2765 2568 2884 2621 (μιν
2922 2561 3069 2607 recte
3117 2560 3171 2605 et
3214 2565 3278 2605 ex
3325 2549 3513 2603 dmno
3570 2562 3709 2616 prat-

2133 2650 2336 2718 scripto
2362 2648 2506 2703 edita
2554 2654 2680 2700 sunt
2709 2661 2803 2713 per
2845 2643 3209 2712 arrogantiam
3241 2638 3570 2696 labefactare
3612 2654 3707 2692 co-

2133 2751 2313 2804 natur,
2351 2755 2455 2793 non
2486 2750 2567 2793 est
2602 2737 2913 2806 episcopus.

2204 2830 2297 2884 Si.
2330 2829 2622 2899 Episcopus
2659 2828 2702 2880 si
2773 2825 2969 2879 viderit
3021 2826 3337 2893 episcOpum
3400 2823 3468 2877 ad
3529 2821 3708 2875 aulam

2133 2923 2398 2995 principis
2426 2929 2666 2982 euntem,
2704 2934 2771 2975 ne
2800 2919 2870 2971 sit
2896 2919 2944 2972 ei
2983 2918 3392 2987 impedimento,
3439 2915 3707 2983 siquidem

2137 3015 2455 3087 cognoverit
2506 3027 2631 3067 eum
2689 3012 2758 3066 ob
2809 3011 3010 3080 aliquid
3057 3024 3243 3064 eorum
3295 3022 3414 3080 quae
3456 3007 3712 3076 pratdicta

2136 3119 2265 3165 sunt
2313 3106 2628 3178 proﬁcisci,
2673 3106 2717 3159 si
2745 3119 2923 3170 secus,
2974 3102 3594 3157 excommunicatioucm
3660 3099 3712 3154 ei

1996 3196 1999 3201 ’
2059 3213 2104 3273 (ς
2136 3201 2437 3258 denuntiet.

934 3275 1204 3330 Συνόδου
1236 3277 1533 3346 Ἀφρικῆς.

518 3372 586 3420 α’.
626 3366 688 3420 '0
716 3368 818 3438 τῆς
856 3366 1064 3430 οἰκείας
1094 3368 1413 3439 ὁμολογίας,
1443 3370 1478 3442 ἣ
1512 3370 1843 3447 ὑπογραφῆς
1873 3372 2031 3426 ἐνανο

444 3457 583 3521 τὶος,
618 3458 831 3512 οίκοθεν
866 3458 980 3524 ἕξει
1013 3458 1076 3511 τὸ
1098 3457 1317 3528 ἄτιμον.

523 3549 590 3621 ρ.
626 3548 687 3604 Ὀ
722 3550 902 3621 ἱερεὺς
959 3554 1254 3626 κουράτωρ
1279 3557 1341 3609 ού
1375 3557 1611 3627 γίνεται.

520 3647 591 3712 γ’.
633 3642 691 3697 '0
715 3644 909 3715 ἐνηϐος
938 3644 1296 3717 ἀναγνώστης
1332 3648 1364 3718 ἢ
1402 3650 1753 3721 ἐγκράτειαν,
1797 3648 1829 3721 ἢ
1867 3649 2032 3714 συζυ-

447 3736 577 3805 γίαν
602 3730 966 3807 ὀμολογείτω.

519 3825 583 3880 δ’.
623 3829 683 3881 '0
713 3827 819 3900 πρὸ
843 3828 956 3883 τῶν
981 3836 1030 3883 κ’
1077 3831 1174 3886 καὶ
1207 3830 1374 3886 πέντε
1402 3833 1614 3904 χρόνων
1659 3834 1928 3897 διάκονος,
1968 3834 2030 3887 οὐ

445 3917 719 3983 διάκονος.

522 4018 584 4070 ε’.
619 4012 711 4085 Τῷ
752 4013 848 4068 τοῦ
887 4015 1316 4088 τελευτήσαντος
1348 4016 1563 4089 σώματι
1595 4017 1937 4090 Εὐχαριστία
1968 4017 2032 4070 οὺ

446 4104 683 4159 δίδοται·
715 4106 776 4159 ού
802 4106 913 4178 γὰρ
935 4107 1105 4163 ἐσθίει
1137 4109 1169 4182 ἢ
1202 4110 1376 4167 πίνει.

525 4196 602 4263 ς’·
640 4200 704 4252 οἱ
743 4200 812 4254 τὰ
845 4201 969 4272 ἱερὰ
1019 4202 1415 4274 χειριζόμενοι,
1449 4204 1549 4260 καὶ
1587 4204 1698 4258 ἀπὸ
1737 4204 1846 4257 τῶν
1891 4220 2034 4273 συμ-

454 4291 611 4353 ϐίων,
642 4291 785 4346 κατὰ
811 4294 941 4358 τοὺς
971 4294 1135 4359 ἰδίους
1170 4296 1352 4366 ὅρους,
1380 4296 1922 4369 ἐγκρατευέσθωσαν.

526 4382 594 4446 ζ.
633 4384 853 4454 Ἃρτος,
884 4386 980 4440 καὶ
1006 4381 1149 4450 οἶνος
1175 4386 1720 4460 ὓδατιοκεκραμένος
1762 4388 2033 4459 προσαγέ-

453 4472 590 4536 σθω,
620 4474 715 4528 καὶ
747 4475 929 4545 μόνον.

520 4570 590 4636 η’.
629 4564 691 4618 Ei
726 4566 801 4638 μὴ
830 4567 939 4621 ἀπὸ
962 4569 1240 4640 νηστικῶν
1275 4569 1409 4639 ἅγια
1425 4570 1488 4623 οὐ
1523 4570 1882 4645 προσάγεται.

522 4655 589 4711 θ’.
624 4656 842 4730 Θέατρα
893 4660 1205 4732 Κυριακαῖς
1257 4660 1353 4716 καὶ
1426 4663 1645 4735 ἑορταῖς
1693 4662 1755 4719 οὐ
1807 4660 2034 4731 συνάγε-

444 4765 560 4803 ται.
1066 4778 1081 4789 ι
1386 4794 1415 4813 χ

524 4846 578 4894 ι’.
605 4841 690 4895 Τὰ
719 4844 781 4895 ἐκ
809 4842 911 4912 τῆς
941 4843 1166 4915 ἐθνικῆς
1200 4845 1395 4912 ἐθάδος
1429 4845 1731 4918 τελούμενα
1769 4847 1851 4902 ἔτι
1890 4864 2033 4920 συμ-

446 4932 617 4986 πόσια
645 4935 1175 5006 περιαιρείσθωσαν.

521 5022 613 5079 ια’.
638 5025 1015 5099 Θυσιαστήρια
1044 5031 1103 5084 ἐν
1131 5031 1323 5102 ἀγροῖς
1354 5032 1388 5105 ἢ
1428 5032 1721 5106 ἀμπελῶσι
1782 5034 2036 5088 συνιστά-

450 5133 612 5186 μενα,
643 5121 703 5172 ἐν
762 5115 845 5183 οἷς
872 5122 935 5174 ού
963 5122 1219 5191 λείψανον
1261 5128 1442 5180 κεῖται
1493 5126 1798 5200 μάρτυρος,
1858 5129 1905 5182 εί
1959 5128 2034 5200 μὴ

445 5206 708 5277 δημόσιος
738 5209 974 5282 θόρυϐος
1007 5215 1242 5284 γίνεται,
1277 5219 1722 5289 καταστρέφεται
1745 5235 1760 5251 ’
1803 5220 1897 5274 καὶ
1935 5221 2033 5274 ὅσα

444 5295 519 5349 δι’
547 5298 841 5367 ἐνυπνίων,
869 5302 967 5354 καὶ
989 5302 1391 5374 ἀποκαλύψεων
1413 5306 1732 5359 συνίσταται
1761 5305 2030 5375 ματαίων,

445 5388 729 5444 ἀσύστατα
755 5391 942 5459 ξόανα,
972 5392 1122 5448 ἃπαν
1153 5396 1251 5449 καὶ
1280 5397 1503 5451 εἴδωλον
1521 5436 1536 5452 .

519 5565 610 5640 ιβ’.
644 5570 711 5624 Οί
740 5570 1102 5642 γεννηθέντες
1132 5572 1411 5644 εὐσεϐείᾳ,
1452 5571 1548 5627 καὶ
1592 5573 1777 5626 πίστει
1812 5572 2034 5644 διατρα-

443 5659 640 5731 φέπες
695 5660 959 5732 βασιλεῖς,
1000 5665 1161 5734 χεῖρα
1199 5666 1467 5736 παρέχειν
1510 5667 1633 5728 ταῖς
1673 5665 2031 5733 Ἐκκλησίαις

440 5752 787 5823 ὀφείλουσιν·
826 5754 950 5807 ἐπεὶ
971 5755 1066 5808 καὶ
1105 5755 1320 5810 Παύλου
1345 5756 1630 5827 δεομένου,
1662 5757 2032 5829 στρατιωτικὴ

440 5845 568 5929 χεὶρ
605 5845 706 5919 τὴν
738 5845 848 5901 τῶν
879 5845 1134 5903 ἀτάκτων
1161 5848 1377 5903 διέλυσε
1414 5848 1750 5924 σύμπνοιαν.

2652 3286 2854 3356 Synodi
2905 3284 2943 3338 .4
2953 3285 3193 3355 fricnna‘.

2206 3387 2231 3439 1
2321 3383 2422 3450 Qui
2485 3381 2718 3449 propria:
2756 3377 3085 3432 confessioni
3156 3384 3251 3429 aut
3325 3371 3708 3442 subscriptioni

2134 3481 2480 3541 adverSatur,
2515 3484 2729 3530 suomet
2759 3471 2966 3543 judicio
2991 3468 3285 3543 ignominia
3319 3465 3621 3522 notabitur.

2203 3573 2257 3625 2.
2286 3569 2554 3625 Sacerdos
2580 3582 2686 3621 non
2721 3567 2777 3620 lit
2803 3572 3046 3620 curator.

2205 3662 2260 3722 5.
2298 3660 2498 3715 Lector
2532 3659 2700 3729 pubes
2754 3666 2847 3711 aut
2906 3652 3322 3720 continentiam,
3387 3658 3484 3704 aut
3523 3647 3715 3720 conju.

2134 3756 2279 3825 ginm
2304 3753 2649 3819 proﬁteatur.

2201 3841 2255 3895 4.
2281 3839 2382 3905 Qui
2407 3842 2474 3893 ad
2502 3840 2853 3893 diaconatum
2886 3843 3015 3891 ante
3042 3833 3233 3902 viginti
3262 3833 3504 3903 quinque
3541 3845 3717 3886 annos

2134 3942 2421 4003 provectus
2457 3940 2560 3997 est,
2591 3947 2698 3986 non
2725 3940 2807 3986 est
2846 3931 3131 3985 diaconus.

2204 4021 2260 4078 5.
2297 4021 2543 4077 Defuncti
2578 4021 2795 4090 corpori
2829 4019 3174 4074 Eucharistla
3210 4033 3319 4073 non
3355 4018 3551 4073 datur:
3604 4030 3714 4072 non

2133 4116 2278 4169 enim
2311 4112 2549 4169 comedit
2567 4120 2661 4167 aut
2686 4112 2841 4166 bibit.

2205 4204 2259 4259 6.
2286 4202 2385 4269 Qui
2415 4217 2502 4258 res
2531 4215 2720 4258 sacras
2756 4208 3018 4267 tractant,
3047 4198 3116 4254 ab
3170 4197 3452 4261 uxoribus,
3512 4208 3714 4249 secun-

2136 4293 2263 4347 dum
2304 4298 2531 4355 statuta,
2570 4290 2899 4344 abstineant.

2206 4383 2262 4436 7.
2293 4380 2456 4436 Panis
2484 4389 2542 4436 et
2571 4381 2757 4434 vinum
2787 4391 2928 4448 aqua
2987 4375 3235 4443 mistum,
3264 4372 3526 4431 offeratur
3555 4373 3717 4444 idque

2137 4475 2334 4530 solum.

2060 4560 2109 4618 1)
2201 4566 2256 4619 8.
2283 4564 2481 4620 Sancta
2514 4563 2617 4618 nisi
2651 4577 2680 4615 a
2701 4562 2898 4631 jejunis
2925 4575 3031 4616 non
3061 4557 3388 4613 olferuntur.

2206 4657 2260 4712 9.
2291 4654 2528 4710 Theatra
2564 4654 2889 4719 Dominicis,
2922 4659 3020 4707 aut
3041 4650 3192 4706 festis
3217 4648 3411 4703 diebus
3442 4662 3551 4703 non
3605 4646 3718 4702 l‘re—

2137 4755 2491 4818 quentantur.

2208 4841 2298 4896 10.
2365 4840 2498 4907 Quae
2551 4855 2619 4896 ex
2663 4840 2849 4911 gentili
2910 4836 3305 4895 consuetudine
3352 4834 3530 4889 adhuc
3568 4829 3714 4887 cele-

2136 4932 2368 4988 brantur
2401 4933 2675 4997 convivia,
2707 4932 2992 4987 tollantur.

2207 5024 2296 5079 11.
2333 5024 2539 5079 Altaria
2566 5040 2685 5093 quae
2722 5026 2774 5080 in
2833 5025 2982 5095 agris
3036 5031 3132 5079 aut
3191 5021 3367 5077 vineis
3428 5025 3709 5074 exstructa

2136 5126 2286 5184 sunt,
2338 5117 2390 5170 in
2440 5118 2640 5186 quibus
2681 5116 2944 5188 martyris
3013 5113 3244 5183 alicujus
3300 5110 3543 5179 reliquiae
3599 5122 3710 5160 non

2136 5219 2267 5266 sunt
2295 5211 2569 5282 repositae,
2606 5209 2708 5265 nisi
2738 5208 3016 5280 popularis
3063 5205 3331 5261 tumultus
3382 5202 3496 5266 ttat,
3559 5214 3718 5254 ever.

2137 5312 2363 5366 tuutur;
2420 5310 2476 5357 et
2528 5315 2867 5372 quascunque
2927 5314 3026 5371 per
3093 5294 3366 5354 insomnia
3436 5304 3716 5358 vanasque

2138 5393 2501 5450 revelationes
2526 5400 2725 5448 erectae
2755 5400 2884 5447 sunt
2918 5397 3135 5453 statuae,
3171 5400 3236 5442 ac
3295 5382 3574 5453 quodlibet
3634 5381 3711 5435 si-

2133 5484 2459 5548 mulacrum,
2488 5484 2780 5538 evertenda
2813 5490 2962 5538 sunt.

2208 5577 2298 5633 12.
2356 5576 2661 5645 Principes,
2718 5575 2808 5644 qui
2869 5576 2924 5629 in
2974 5573 3177 5643 pietate
3224 5569 3419 5641 geniti,
3455 5563 3711 5635 atquein

2132 5667 2240 5724 ﬁde
2269 5667 2488 5724 educati
2514 5675 2662 5733 sunt,
2728 5678 2945 5719 manum
2996 5662 3240 5734 praebere
3300 5657 3565 5714 Ecclesiis
3620 5656 3716 5708 de-

2134 5761 2322 5816 bent:
2366 5756 2830 5829 quandoquidem,
2886 5756 3163 5826 indigente
3218 5752 3407 5818 Paulo,
3460 5744 3714 5804 militaris

2137 5865 2331 5915 manus
2360 5848 2715 5905 factiosorum
2740 5846 3203 5910 conspirationem
3232 5841 3543 5911 dissipavit.
