4140 6460
458 356 533 419 95
1714 352 2089 416 ARISTENI
2127 353 2481 418 MONACHI
2952 405 2971 409 -
3650 353 3724 415 96

528 468 550 516 t
563 465 616 517 3.
640 461 743 528 Qui
772 460 1045 531 publicum
1080 464 1148 518 ab
1172 463 1505 532 imperatore
1530 460 1800 533 judicium
1877 462 2034 532 pe‘tit,
2063 461 2114 525 Α

455 572 560 609 non
588 565 673 610 est
710 556 973 611 dicendus
997 556 1305 627 episcopus.

525 646 613 699 Η.
650 644 754 711 Qui
796 646 1029 715 primum
1066 657 1348 717 parentem
1385 648 1517 703 dicit
1538 648 1707 702 etiam
1745 649 1866 705 sine
1908 664 2038 715 pec-

455 726 928 792 catd‘moriturum
951 735 1123 794 fuisse
1149 750 1370 809 propter
1396 751 1602 795 natura:
1627 742 2036 811 necessitatem,

452 828 765 882 anathema.

526 919 616 974 l5.
656 919 916 988 Quisquis
951 919 1189 999 infantes
1209 923 1304 994 qui
1341 939 1535 980 recens
1575 926 1688 980 nati
1750 925 2036 996 baptizan-

456 1020 566 1074 tur,
610 1011 741 1065 dicit
772 1011 908 1066 nihil
945 1027 1011 1067 ex
1050 1014 1240 1067 Adami
1302 1024 1526 1084 peccato
1594 1017 1833 1083 trahere,
1890 1019 2034 1086 quod

456 1102 726 1171 baptismo
756 1114 1115 1173 expurgetur,
1153 1107 1525 1160 exsecrandus
1560 1117 1663 1162 est.
1717 1106 1823 1162 Per
1865 1125 2034 1165 unum

453 1194 598 1246 enim
641 1210 787 1249 mors
821 1206 873 1249 et
907 1205 1188 1266 peccatum
1225 1199 1275 1252 in
1309 1208 1423 1254 toto
1454 1202 1675 1255 mundo.

533 1272 621 1339 ili.
658 1284 916 1356 Quisquis
957 1290 1211 1359 upinatnr
1252 1289 1348 1344 Dei
1394 1293 1619 1362 gratiam
1662 1293 2036 1350 remissionem

462 1382 636 1436 solam
675 1394 1018 1451 peccatorum
1049 1386 1162 1457 jam
1199 1389 1609 1444 commissorum
1652 1394 1951 1456 continere,
1984 1400 2040 1447 at

459 1491 564 1531 non
597 1477 762 1531 etiam
793 1466 1100 1532 futurorum
1132 1479 1418 1544 auxilium,
1449 1481 1532 1535 bis
1561 1482 1898 1538 maledictus.

530 1569 618 1624 17.
652 1568 971 1640 Quicunque
1011 1572 1293 1640 praedicat,
1321 1572 1525 1644 absque
1559 1577 1732 1644 gratia
1768 1591 1868 1631 nos
1900 1577 2038 1633 dial-

457 1660 622 1715 cilius
645 1663 887 1731 quidem,
914 1671 1151 1718 attamen
1183 1664 1481 1734 adimplere
1510 1668 1785 1734 mandata,
1815 1677 1898 1723 ter
1926 1685 2041 1723 ma-

2213 470 2304 532 ιγ’.
2329 463 2609 534 Δημοσίαν
2646 462 2829 535 κρίσιν
2861 463 2890 517 ὁ
2915 461 3066 535 παρὰ
3093 459 3362 533 βασιλέως
3395 461 3588 531 αἰτῶν,
3621 463 3724 517 οὐκ

2141 555 2449 621 ἐπίσκοπος

2222 651 2307 706 ιδ’.
2341 652 2447 704 Τὸν
2500 648 2933 720 πρωτόπλαστον
2985 648 3016 701 ό
3069 646 3248 716 λέγων
3306 648 3405 702 καὶ
3458 648 3588 719 δίχα
3618 648 3717 717 τῆς

2142 746 2421 818 ἁμαρτίας
2478 739 2858 811 τεθνήξεσθαι,
2907 740 2978 794 δι’
3028 740 3284 810 ἀνάγκην
3328 743 3429 812 τῆς
3480 741 3720 811 φύσεως,

2138 838 2411 907 ἀνάθεμα.

2214 926 2300 983 ιε’.
2331 928 2391 981 '0
2420 926 2492 980 τὰ
2516 925 2710 995 νεογνά
2741 920 3120 995 βαπτιζόμενα
3149 922 3325 991 λέγων
3347 923 3516 995 μηδὲν
3542 922 3727 975 ἕλκειν

2139 1021 2206 1074 ὲκ
2236 1020 2335 1090 τῆς
2358 1017 2455 1072 τοῦ
2496 1016 2668 1087 Ἀδὰμ
2718 1017 2999 1086 ἁμαρτίας
3064 1015 3125 1067 τὸ
3170 1015 3591 1086 καθαιρόμενον,
3619 1016 3725 1068 ὲπ-

2141 1113 2364 1182 άρατοςο
2386 1108 2477 1164 διὰ
2502 1109 2609 1178 γὰρ
2627 1107 2722 1161 τοῦ
2748 1107 2886 1172 ἐνὸς,
2914 1107 3011 1162 καὶ
3031 1109 3061 1162 ό
3079 1108 3335 1173 θάνατος,
3360 1108 3454 1161 καὶ
3481 1109 3515 1177 ἡ
3539 1109 3725 1178 ἁμαρ-

2138 1201 2230 1254 τία
2259 1200 2622 1269 παγκόσμιος.

2216 1298 2312 1357 ις’.
2359 1292 2416 1345 ’0
2441 1290 2683 1355 δοξάζων
2715 1288 2814 1360 τὴν
2852 1289 2948 1343 τοῦ
2979 1288 3124 1342 Θεοῦ
3143 1289 3305 1361 χάριν
3333 1289 3504 1361 μόνην
3528 1289 3726 1357 ἄφεσιν

2135 1383 2247 1436 τῶν
2276 1384 2379 1454 ήδη
2411 1383 2972 1454 πεπλημμελημὲνων
3027 1384 3282 1454 ὑπέχειν,
3332 1383 3472 1436 ἀλλά
3512 1383 3588 1455 μὴ
3628 1384 3724 1436 καὶ

2136 1476 2247 1528 τῶν
2287 1475 2595 1546 μελλόντων
2624 1475 2880 1547 βοήθειαν
2916 1517 2932 1541 ,
2960 1476 3042 1540 δίς
3066 1477 3367 1545 ἐπάρατος.

2210 1566 2296 1631 ιζ’.
2345 1568 2403 1621 ’0
2432 1568 2751 1640 κηρύσσων,
2787 1569 2870 1622 ὄτι
2916 1567 3040 1639 δίχα
3086 1568 3183 1637 τῆς
3212 1568 3436 1640 χάριτος
3456 1569 3722 1638 δυσχερε-

2142 1659 2351 1730 στέρως
2380 1661 2499 1730 μὲν,
2534 1661 2652 1713 ἀλλ’
2673 1656 2768 1716 οὖν
2790 1660 3179 1731 ὲκπληροῦμεν
3204 1661 3302 1724 τὰς
3331 1660 3573 1723 ἐντολὰς.
3601 1661 3726 1728 τρὶς

456 1753 712 1819 ledictns;
742 1771 865 1808 nam
896 1754 1024 1810 Sine
1050 1771 1151 1822 me,
1173 1756 1349 1826 inquit
1375 1757 1656 1825 Dominus,
1675 1777 1780 1816 non
1817 1764 2036 1831 potestis

2143 1752 2438 1823 ἐπάρατος·
2469 1753 2658 1820 Χωρίς
2687 1754 2799 1826 γὰρ
2823 1754 2996 1823 ἐμοῦ,
3021 1755 3048 1806 ὁ
3082 1753 3290 1821 Κύριος
3317 1748 3499 1816 εἶπεν,
3524 1754 3596 1807 οὐ
3618 1752 3723 1813 δά·-

456 1841 631 1911 fucere
665 1843 958 1914 quidquam
982 1843 1025 1898 ¹.

530 1933 805 2004 Theologo
838 1937 1085 2004 docente,
1117 1938 1160 1994 si
1195 1938 1442 1995 dicamus
1475 1942 1618 2010 quod
1657 1954 1938 2012 peccatum
1983 1946 2035 2000 in

455 2026 615 2081 nobis
638 2042 742 2082 non
767 2028 906 2092 est’,
929 2044 1031 2084 nos
1055 2030 1197 2099 ipsos
1218 2029 1469 2101 decipere
1501 2051 1516 2088 :
1546 2050 1612 2089 ac
1635 2038 1723 2104 qui
1752 2051 2034 2107 perperam

455 2119 842 2184 interpretatur
861 2119 1008 2188 quod
1032 2134 1138 2174 non
1165 2136 1312 2189 vere,
1339 2123 1432 2177 sed
1453 2140 1576 2179 cum
1604 2127 1910 2186 humilitate
1936 2131 2039 2187 hoe

453 2209 672 2274 dixerit,
698 2210 1012 2266 anathema.

524 2301 614 2356 18.
647 2301 749 2367 Qui
798 2303 1033 2370 explicat
1075 2305 1206 2360 illud
1251 2324 1267 2362 :
1314 2308 1383 2362 Et
1421 2309 1627 2364 dimitte
1673 2312 1821 2367 nobis
1861 2313 2039 2369 debita

452 2402 655 2455 nostra,
693 2392 986 2447 multorum
1025 2395 1237 2463 dicens,
1270 2414 1374 2454 non
1416 2401 1629 2472 singula
1669 2418 1735 2459 ac
1774 2405 2041 2475 cujusque

455 2485 697 2556 propria,
733 2487 1041 2540 anathema.
1077 2486 1212 2542 Cum
1259 2490 1446 2546 Daniel
1483 2495 1662 2550 videat
1694 2511 1816 2551 cum
1862 2499 2040 2554 multis

455 2581 728 2632 dicentem
775 2593 788 2630 :
835 2575 1106 2647 Conﬁteor
1131 2593 1350 2646 peccata
1382 2601 1497 2639 mea
1531 2597 1580 2640 et
1611 2599 1827 2656 peccata
1859 2592 2039 2660 populi

454 2670 553 2722 mei
573 2669 614 2724 ³.

526 2762 613 2818 19.
648 2761 824 2823 Iudex
869 2784 900 2825 a
945 2771 1157 2829 duabus
1195 2775 1442 2844 partibus
1483 2778 1753 2849 expetitus
1794 2780 2036 2835 recusari

452 2868 563 2907 non
595 2867 789 2923 potest.

524 2945 616 3000 ﬁt).
656 2949 950 3025 Episcopus
978 2971 1140 3026 quam
1173 2959 1450 3030 suscipere
1477 2961 1634 3017 debet
1657 2962 2035 3022 haereticorum

454 3051 642 3094 curam
690 3045 988 3115 negligens,
1024 3058 1186 3118 atque
1233 3053 1565 3118 admonitus,
1597 3056 1642 3110 si
1680 3056 1732 3110 in
1766 3073 1865 3113 sua
1898 3059 2038 3116 dim-

2139 1846 2331 1896 νασθε
2361 1842 2557 1897 ποιεῖν
2582 1842 2786 1898 οὐδέν.

2215 1932 2322 1987 Τοῦ
2348 1932 2609 2002 Θεολόγου
2669 1932 3046 2000 θεολογοῖωτος
3079 1933 3185 1999 ὅτι,
3216 1932 3311 1985 ἐὰν
3339 1932 3587 1996 εἴπωμεν
3635 1932 3723 1984 ὅτι

2141 2025 2387 2095 ἁμαρτία
2420 2028 2479 2078 ἐν
2511 2027 2644 2097 ἡμῖν
2679 2026 2780 2080 οὐκ
2807 2024 2978 2087 ἔστιν,
3012 2025 3243 2087 ἑαυτοὺς
3265 2024 3567 2095 ἀπατῶμεν
3589 2040 3603 2054 ·
3627 2025 3727 2077 καὶ

2141 2122 2170 2174 ὁ
2193 2118 2636 2189 παρερμηνεύων
2666 2118 2748 2171 ὅτι
2781 2120 2883 2171 οὐκ
2914 2116 3152 2186 ἀληθῶς,
3196 2116 3335 2172 ἀλλὰ
3357 2116 3724 2185 ταπεινοφρό-

2140 2231 2246 2277 vo);
2278 2214 2470 2285 εἴρηκε
2498 2212 2680 2277 τοῦτο,
2709 2210 2982 2279 ἀνάθεμα.

2215 2312 2307 2375 ιη’.
2346 2305 2405 2359 ’0
2432 2304 2813 2374 παραφράζων
2846 2304 2928 2368 τὸ,
2967 2303 3154 2371 ’Ἄφες
3197 2301 3342 2371 ἡμῖν
3371 2300 3444 2354 τὰ
3486 2299 3724 2369 ὀφειλή-

2136 2413 2299 2466 ματα
2327 2395 2519 2465 ἡμῶν,
2567 2396 2636 2449 τά
2670 2397 2777 2448 τῶν
2828 2394 3039 2447 πολλῶν
3070 2394 3246 2462 λέγων
3271 2433 3287 2457 ,
3318 2394 3420 2464 οὐχ
3463 2394 3721 2457 ἕκαστον,

2142 2490 2239 2544 καὶ
2266 2489 2333 2542 τὰ
2364 2491 2567 2553 οἰκεῖα,
2612 2488 2880 2559 ἀνάθεμα.
2919 2486 3073 2542 Μετὰ
3106 2487 3318 2541 πολλῶν
3366 2487 3459 2539 καὶ
3490 2486 3581 2539 τὸν
3611 2486 3719 2538 Δαο

2141 2582 2261 2653 νιηλ
2297 2582 2511 2653 βλέπων
2537 2582 2785 2649 λέγοντα,
2833 2578 3339 2649 Ἐξομολογοῦμαί
3380 2578 3488 2643 τὰς
3537 2577 3725 2646 ἀμαρ-

2139 2676 2272 2740 τίας
2296 2691 2437 2742 μου,
2467 2671 2566 2726 καί
2599 2673 2706 2738 τὰς
2737 2671 3030 2741 ἁμαρτιας
3057 2669 3166 2723 τοῦ
3192 2669 3348 2723 λαοῦ
3367 2685 3507 2737 μου.

2212 2766 2298 2822 ιθ’.
2332 2764 2539 2837 Κριτὴς
2560 2764 2918 2836 ὲπιζητηθεὶς
2943 2764 3008 2817 ἐκ
3040 2763 3151 2817 τῶν
3185 2761 3279 2816 δύο
3311 2760 3498 2833 μερῶν
3530 2758 3727 2829 ἀπερί-

2139 2878 2413 2933 γραπτος.

2212 2954 2281 3009 κ’.
2325 2953 2683 3025 Περιφρονῶν
2731 2951 3035 3011 ἐπίσκοπος
3067 2949 3168 3022 τὴν
3212 2947 3357 3020 ὑπὲρ
3383 2947 3494 3002 τῶν
3521 2947 3726 3017 αἰρετι-

2140 3045 2255 3099 κῶν
2284 3045 2633 3113 ἐπιμέλειαν,
2669 3046 2763 3098 καὶ
2802 3041 3379 3114 ὑπομιμνησκόμενος,
3410 3041 3460 3094 εἰ
3493 3040 3587 3093 ἐπὶ
3620 3038 3724 3109 τῆς

453 3130 563 3184 cesi
603 3133 783 3203 degat,
815 3153 986 3209 usque
1029 3141 1095 3195 ad
1144 3156 1237 3197 sex
1289 3159 1523 3212 menses,
1556 3159 1706 3202 caret
1746 3150 1975 3207 crimine
2019 3171 2033 3209 :

2143 3136 2281 3201 ἰδίας
2305 3136 2506 3204 διάγοι,
2541 3138 2635 3190 ὲπὶ
2682 3135 2744 3200 ἓξ
2778 3136 2955 3204 μῆνας
2981 3132 3276 3195 ἀνεύθυνος
3303 3148 3315 3160 ⁶
3360 3132 3638 3200 ἐπιμένων
3665 3128 3724 3182 δὲ

453 3225 598 3368 gnod
633 3227 678 3281 si
713 3241 901 3298 postea
940 3233 995 3287 in
1031 3234 1238 3291 desidia
1281 3241 1559 3311 persistat,
1591 3245 2037 3300 excommunica-

495 3324 621 3368 Illll‘.

495 3324 621 3370 ιιιπ.

522 3403 612 3461 2|.
637 3406 937 3467 Accusator
958 3427 989 3468 e
1015 3414 1174 3470 domo
1192 3430 1289 3471 sua
1318 3425 1484 3474 testes
1516 3434 1621 3475 non
1650 3421 1919 3493 producit.

532 3585 627 3643 22.
677 3589 978 3664 Episcopus
1021 3610 1113 3666 qut
1165 3600 1547 3656 communione
1594 3602 1890 3673 privaverit
1933 3620 2038 3660 non

453 3690 793 3750 compertum
835 3687 1100 3753 criminis,
1135 3690 1382 3760 privetur
1426 3695 1587 3747 etiam
1633 3695 1748 3764 ipse
1793 3697 2042 3754 similiter

457 3772 687 3828 aliorum
721 3779 1131 3837 communione.

706 3864 915 3921 Eorum
945 3871 1038 3940 qui
1068 3872 1125 3926 in
1162 3870 1346 3929 Trulla
1381 3874 1789 3946 Constantinop.

531 3956 587 4010 1.
616 3959 998 4028 Apostolorum
1034 3964 1166 4021 ﬁdes
1198 3981 1265 4021 ne
1296 3966 1634 4024 immutetnr.
1662 3968 1875 4026 Nicaeus
1904 3971 2043 4027 inte—

457 4066 552 4120 gra
589 4064 862 4122 servetur,
887 4073 1008 4127 qua:
1035 4059 1146 4114 Arii
1179 4060 1487 4130 opinionem
1517 4063 1814 4121 divinitatis
1840 4066 2042 4135 gradus

457 4144 886 4203 introducentem
918 4164 1015 4219 per
1040 4151 1329 4222 ὁμοούσιον
1359 4157 1576 4210 evertit.

527 4234 584 4293 ἓ.
618 4236 871 4310 Synodus
906 4243 1008 4297 sub
1035 4242 1342 4302 Theodosio
1379 4247 1609 4303 Maximo
1645 4248 1825 4305 habita
1866 4252 2042 4306 invio-

458 4325 562 4379 lata
592 4341 933 4398 permaneat,
954 4348 1075 4403 qua;
1105 4335 1502 4403 Macedonium,
1526 4355 1744 4396 servum
1770 4341 2039 4397 dicentem

458 4416 725 4485 Spiritum
760 4435 1034 4489 sanetum,
1068 4429 1238 4494 gradu
1269 4428 1601 4486 deturbavit.

2141 3232 2234 3285 κα)⁸
2266 3229 2406 3300 μετὰ
2434 3229 2598 3283 τοῦτο
2626 3232 2694 3302 τῇ
2748 3227 3018 3300 ῥαθυμίᾳ,
3063 3225 3176 3291 ἕξοι
3221 3225 3285 3278 τὸ
3330 3221 3722 3295 ἀκοινώνητον.

2212 3415 2319 3463 καν.
2365 3408 2424 3461 '0
2451 3407 2754 3479 κατήγορος
2793 3407 2857 3460 ἐκ
2886 3406 2980 3462 τοῦ
3011 3405 3140 3461 ἰδίου
3168 3405 3318 3461 οἴκου
3350 3405 3634 3477 μάρτυρας
3661 3401 3723 3455 οὐ

2142 3499 2377 3569 καθίστη
2387 3516 2495 3552 σιν.

2216 3591 2318 3661 κβ¹.
2353 3593 2458 3647 Τὸν
2484 3592 2560 3664 μὴ
2609 3582 2935 3664 ἐλεγχθέντα
2964 3592 3251 3655 κοινωνίας
3296 3594 3567 3665 στερήσας
3599 3591 3724 3648 ἐπίε-

2144 3702 2368 3750 σκοπος,
2400 3702 2489 3739 στε
2501 3689 2644 3756 ροίτο
2669 3686 2763 3741 καὶ
2792 3686 2955 3751 αὐτὸς
2990 3689 3089 3759 τῆς
3118 3686 3324 3759 ἑτέρων
3346 3687 3573 3759 ὁμοίως.

2147 3871 2272 3926 Τῶν
2297 3870 2370 3924 ἐν
2409 3870 2490 3936 τῷ
2523 3871 2803 3940 Τρούλλῳ
2836 3869 2946 3938 τῆς
2994 3871 3724 3936 Κωνσταντινουπόλεως.

2212 3961 2283 4018 α’.
2317 3962 2381 4016 Ἥ
2409 3962 2521 4016 τῶν
2543 3963 2864 4017 ἀποστόλων
2889 3963 3075 4027 πίστις
3101 3963 3530 4035 άκαινότμητος.
3573 3963 3643 4017 Ἦ
3664 3963 3725 4017 ἐν

2140 4053 2350 4126 Νικαίᾳ
2389 4054 2707 4126 ὁλόκληρος,
2768 4056 2804 4124 ἢ
2855 4054 2920 4108 τὸ
2972 4055 3191 4125 Ἀρείου
3249 4055 3426 4126 δόγμα
3479 4054 3726 4125 βαθμοὺς

2142 4146 2364 4217 εἰσάγον
2396 4146 2651 4217 θεότητος
2670 4146 2759 4201 διὰ
2791 4147 2884 4200 τοῦ
2914 4147 3204 4218 ὁμοουσιου
3228 4147 3621 4220 κατέστρεψεν.

2214 4238 2280 4312 β’.
2323 4240 2389 4295 Ἦ
2431 4240 2526 4295 ἐπὶ
2567 4240 2850 4295 Θεοδοσίου
2880 4240 2976 4296 τοῦ
3000 4241 3281 4311 Μεγίστου
3311 4239 3530 4306 σύνοδος
3579 4241 3725 4295 άπα-

2146 4335 2456 4408 ράτρωτος,
2516 4335 2550 4405 ἢ
2585 4333 2943 4403 Μακεδόνων,
2992 4334 3180 4390 δοῦλον
3208 4334 3434 4389 εἰπόντα
3465 4332 3526 4388 τὸ
3570 4334 3728 4404 ἅγιον

2146 4427 2393 4497 Πνεῦμα,
2450 4424 2788 4498 καθῄρηκεν.
3664 4434 3691 4443 ⁸

527 4508 583 4563 5.
618 4509 843 4568 Ducenti
885 4514 980 4584 qui
1020 4518 1123 4572 sub
1152 4516 1457 4575 Theodosio
1489 4520 1652 4577 Junio
1683 4525 1822 4592 apud
1858 4525 2036 4594 Ephe-

2211 4516 2282 4588 γ’.
2325 4520 2389 4573 Oi
2412 4520 2506 4572 ἐπὶ
2551 4518 2645 4572 τοῦ
2678 4517 2894 4587 Μικροῧ
2920 4516 3208 4571 Θεοδοσίου
3242 4519 3565 4588 εἰςἜφεσον
3598 4534 3725 4571 συν-

457 4617 576 4658 sum
623 4615 1020 4673 convenerunt,
1055 4609 1435 4675 impiissimum
1490 4611 1825 4681 Nestorium,
1862 4616 2036 4672 homio

456 4711 578 4747 ttcni
609 4699 862 4766 seorsim,
890 4713 955 4754 ac
987 4698 1157 4756 Deum
1188 4706 1412 4759 seorsim
1444 4704 1730 4761 Dominum
1762 4708 2036 4765 dicentem

454 4785 804 4855 expulerunt.

529 4877 583 4930 4.
616 4876 718 4945 Qui
754 4881 893 4950 apud
930 4881 1331 4959 Chalcedonem
1367 4894 1489 4943 cum
1526 4888 1799 4947 Marciano
1838 4907 2037 4949 conve-

460 4980 653 5023 uerunt
687 4981 905 5029 aeterna:
941 4977 1215 5033 memoriae
1250 4979 1417 5048 digni,
1452 4979 1746 5052 Eutychem
1779 4984 2037 5053 Opinione

456 5072 668 5119 tantum
712 5077 991 5135 peractum
1038 5086 1162 5128 esse
1200 5088 1456 5159 magnum
1502 5075 1820 5146 mysterium
1854 5076 2039 5136 dicere

456 5171 647 5212 ausum
681 5158 1047 5228 deposuerunt
1091 5179 1109 5217 ι
1155 5177 1219 5219 ac
1262 5158 1569 5220 Nestorium
1606 5177 1662 5220 et
1692 5165 2035 5235 Dioscornm,

457 5251 550 5315 qui
580 5250 777 5305 similia
811 5268 843 5310 e
874 5254 1138 5310 diametro
1171 5271 1426 5323 perverse
1460 5257 1765 5314 ratiocinati
1797 5257 2035 5314 fuerant.

530 5343 586 5398 5.
608 5343 764 5415 Apud
791 5349 995 5418 regiam
1028 5353 1218 5407 urbem
1243 5361 1461 5407 centum
1493 5353 1770 5422 sexaginta
1801 5352 2037 5423 quinque

460 5431 772 5492 Iustiniano
821 5439 1123 5508 imperante
1170 5452 1569 5505 convenerunt,
1611 5445 1702 5515 qui
1747 5444 2036 5515 Origcnem

458 5540 751 5609 corporum
825 5530 1239 5602 animarumque
1306 5534 1571 5590 circuitus
1639 5534 2033 5603 aﬂirmantem,

462 5634 671 5677 necnon
701 5620 864 5674 etiam
890 5622 1275 5681 Theodoritunt
1311 5635 1496 5681 contra
1531 5628 1816 5684 duodecim
1848 5628 2035 5698 Cyrilli

463 5712 642 5780 capita
674 5714 931 5771 audacter
961 5716 1256 5786 invectum,
1283 5720 1632 5776 anathemate
1668 5720 2031 5789 perculerunt.

537 5805 554 5836 '
578 5802 733 5863 luan.
759 5821 849 5870 xv,
875 5806 928 5861 εἰ.
1006 5811 1025 5841 ¹
1051 5811 1070 5864 ἰ
1099 5808 1254 5866 Joan.
1280 5813 1319 5873 ἰ.
1341 5809 1397 5869 8.
1471 5812 1492 5845 ³
1517 5812 1646 5869 Dan.
1676 5828 1749 5875 nr,
1773 5811 1865 5869 ξω.

2148 4612 2314 4676 ιόντες
2380 4618 2426 4664 σν
2474 4611 2842 4666 ἀσεϐέστατον
2864 4611 3186 4681 Νεστόριον,
3214 4610 3512 4683 ἄνθρωπον
3543 4610 3731 4675 ἰδικῶς

2148 4706 2243 4760 καὶ
2264 4704 2399 4759 Θεὸν
2429 4705 2615 4770 ἰδικῶς
2642 4705 2867 4758 εἰπόντα
2900 4703 2993 4757 τὸν
3025 4703 3257 4774 Κύριον,
3289 4694 3582 4773 ἐξήλασαν.
3610 4692 3617 4701 ’

2214 4885 2278 4941 δ’.
2310 4886 2375 4938 Οἱ
2404 4883 2548 4939 κατά
2586 4882 2684 4955 τὴν
2709 4861 3033 4953 Χαλκηδόνα
3060 4880 3140 4952 τῷ
3163 4878 3471 4952 Μαρκιανῷ
3498 4879 3725 4949 συνελη·

2143 4977 2364 5040 λυθότες
2400 4976 2750 5047 ἀείμνηστοι,
2784 4974 3032 5044 Εὐτυχέα
3071 4973 3293 5044 δοκήσει
3321 4970 3642 5039 τελεσθῆναι
3666 4970 3726 5022 τὸ

2146 5070 2291 5140 μέγα
2339 5069 2641 5138 μυστήριον
2694 5065 2906 5139 φράσαι
2962 5064 3319 5136 τολμήσαντα
3356 5062 3726 5125 καθελόντες·

2142 5164 2240 5216 καὶ
2266 5161 2585 5232 Νεστόριον,
2611 5164 2707 5215 καὶ
2736 5159 3053 5232 Διόσκορον,
3077 5158 3205 5221 τοὺς
3229 5158 3294 5210 ἐκ
3323 5156 3626 5227 διαμέτρου
3658 5154 3728 5208 τὰ

2144 5253 2237 5308 [sa
2259 5254 2766 5324 παραλογίσαντας.

2214 5346 2277 5400 ε’.
2315 5345 2410 5409 Εἰς
2439 5344 2540 5413 τὴν
2569 5334 2963 5414 βασιλεύουσαν
2993 5350 3034 5399 ε’
3061 5344 3159 5398 καὶ
3189 5341 3233 5411 ξ’
3258 5343 3353 5399 καὶ
3384 5340 3431 5414 ρ’
3456 5343 3553 5396 ἐπὶ
3587 5344 3724 5398 Ἰου-

2145 5437 2417 5493 στινιανοῦ
2475 5436 2932 5507 συνεληλύθασιν,
3004 5435 3055 5489 οἰ
3114 5436 3397 5508 Ὠριγένην
3454 5435 3727 5504 σωμάτων

2143 5530 2239 5586 καὶ
2266 5529 2457 5600 ψυχῶν
2494 5529 2780 5601 περιόδους
2821 5528 3269 5601 ἀποφηνάμενον,
3315 5529 3411 5582 καὶ
3440 5526 3725 5601 Θεοδὼρη-

2143 5639 2235 5676 τον
2255 5623 2398 5677 κατὰ
2430 5622 2539 5675 τῶν
2572 5619 2641 5691 ιβ’
2670 5620 2987 5692 κεφαλαίων
3014 5620 3291 5693 Κυρίλλου
3322 5619 3722 5691 θρασενθέντα,

2142 5716 2666 5788 ἀναθεματίσαντες.
