4140 6410
308 339 379 403 θῖ

1612 342 1972 405 SYNOPSIS
2015 338 2412 402 CANONUM.
3568 340 3638 402 98

405 457 491 523 ς’.
529 460 669 513 Ἐπὶ
712 462 822 533 τὴν
860 457 1127 524 Βύζαντον
1184 460 1293 513 ὑπὸ
1322 460 1740 513 Κωνσταντίνου
1775 460 1924 511 συνεί

2127 458 2180 511 6.
2221 454 2466 527 Byzantii
2520 471 2549 510 a
2598 453 2961 510 Constantino
3008 462 3197 508 coacta
3248 463 3331 509 est
3380 456 3638 527 synodus,

331 550 536 606 λεκται
588 552 844 617 σύνοδος,
888 555 923 623 ἢ
988 552 1249 623 ὐνώριον
1276 552 1370 605 τὸν
1409 551 1652 622 Ῥώμης,
1684 553 1779 605 καὶ
1810 551 1943 620 Σέρ-

348 662 470 713 γιον
528 645 626 698 τδν
691 648 797 717 τῆς
851 644 1526 707 Κωνσναντινουπόλεως,
1613 643 1671 696 ἓν
1731 642 1945 713 θέλημα

352 738 450 793 καὶ
482 738 613 805 μίαν
637 737 933 807 ἐνέργειαν
956 735 1401 805 δογματίσαντας
1431 735 1836 804 ἀποϐέϐληκεν.

429 831 495 892 ς’.
525 827 607 881 Τὰ
648 828 805 894 παρὰ
853 826 964 880 τῶν
1016 826 1343 896 ἑτεροδόξων
1385 825 1732 896 κλοπιμαίως
1776 826 1945 897 ἐμϐε-

359 916 604 987 ϐλημένα
632 920 755 980 ταῖς
785 918 873 973 διὰ
912 918 1237 989 Κλήμεντος
1267 918 1379 973 τῶν
1405 919 1725 973 ἀποστόλων
1752 918 1945 977 διατά-

360 1010 529 1074 ξεσιν,
555 1011 940 1080 ἁποκήρυκτα.

428 1107 500 1171 η’.
538 1101 722 1171 Ἰερείς
746 1101 993 1172 δίγαμοι,
1021 1102 1117 1156 καὶ
1141 1103 1551 1174 ἀμεταμέλητοι
1570 1102 1912 1174 καθῄρηνται
1928 1119 1942 1133 ·

357 1194 407 1246 οί
436 1194 493 1247 δὲ
534 1194 595 1246 τὸ
626 1194 798 1249 κακὸν
842 1195 1244 1261 ἀπελάσαντες,
1299 1197 1400 1265 τῆς
1450 1196 1799 1267 λειτουργίας
1852 1196 1947 1248 ἐπὶ

362 1285 526 1355 ῥητὸν
560 1288 864 1347 παύσονται
898 1287 1131 1358 χρόνον
1182 1289 1282 1342 οὐκ
1320 1287 1537 1356 εὐλογεί
1562 1290 1668 1359 γὰρ
1706 1290 1735 1341 ὁ
1776 1306 1948 1358 τραυ-

362 1377 582 1446 ματίας.
607 1380 715 1432 Καὶ
745 1380 796 1432 oi
823 1380 1163 1451 παρανόμως
1188 1380 1569 1450 γαμήσαντες,
1604 1382 1699 1434 καὶ
1729 1382 1779 1434 οἱ
1808 1381 1948 1450 μετὰ

342 1467 461 1539 τὴν
488 1467 717 1539 χηρείαν
749 1470 1101 1539 συζυγέντες,
1130 1473 1270 1541 μετὰ
1289 1471 1381 1525 τὸν
1407 1471 1572 1542 ῥητὸν
1596 1472 1789 1542 χρόνον
1820 1472 1948 1535 τοὺς

356 1558 605 1631 βαθμοὺς
626 1561 1065 1632 γνωριξέτωσαν,
1108 1564 1416 1633 ἁπρόκοποι
1437 1563 1714 1635 μένοντες,
1745 1564 1948 1636 δηλαδὴ

354 1650 457 1720 τὴν
488 1651 759 1721 συζυγίαν
796 1654 1099 1725 ἀφέμενον
1144 1657 1196 1709 οἱ
1241 1655 1300 1709 δὲ
1333 1657 1477 1727 μετὰ
1525 1655 1618 1715 τὸν
1650 1658 1801 1724 ὅρον,
1850 1658 1946 1710 καὶ

356 1738 639 1813 λυόμενοι,
662 1746 758 1800 καὶ
790 1747 1169 1825 καθῃρημένον.
1200 1748 1544 1819 μενέτωσαν.

430 2012 499 2069 θ’.
537 2015 815 2087 Κληρικδς
856 2018 1051 2092 νύμφῃ
1089 2022 1297 2093 Κυρίου
1336 2021 1770 2094 συναπτόμενος,
1804 2023 1946 2078 καθ-

358 2106 626 2178 αιρείσθω
644 2126 657 2140 ·
685 2111 872 2175 λαῖκὸς
892 2112 970 2178 δὲ,
1002 2114 1375 2185 ἀφοριζέσθω.

428 2203 484 2252 t'.
518 2199 628 2252 Καὶ
660 2201 917 2273 εὐνοῦχος
955 2205 1157 2281 ἱερεὺς,
1211 2206 1634 2275 θεραπαινίδας,
1659 2207 1695 2278 ἦ
1724 2207 1944 2279 ἐτέρας,

357 2286 499 2359 πὶην
517 2288 628 2342 τῶν
660 2291 993 2347 ἀνυπόπτων
1026 2295 1104 2365 μὴ
1136 2297 1429 2366 κεκτήσθω
1449 2296 1785 2368 προσώπων.

431 2379 524 2435 ια’.
567 2383 627 2435 Ὀ
662 2385 1097 2457 χειροτονηθεὶς,
1133 2389 1184 2440 εί
1222 2387 1320 2442 καὶ
1372 2387 1690 2457 ζεύγνυται,
1750 2388 1947 2445 καθαι-

361 2490 558 2542 ρειται.

434 2566 524 2636 ιβ’.
558 2569 666 2623 Καὶ
698 2570 961 2640 όφφίκιον
1016 2570 1157 2643 ἔχων
1189 2572 1461 2641 διάκονος,
1492 2575 1557 2639 εί
1584 2574 1658 2645 μὴ
1712 2592 1946 2647 τοποτη-

364 2662 539 2731 ρητὴς
663 2664 1093 2735 πατριάρχου,ἢ
1141 2664 1444 2719 ἐπισκόπου
1486 2668 1594 2738 πρὸ
1640 2668 1752 2723 τῶν
1806 2686 1945 2739 πρε-

363 2755 644 2827 σὸυτέρων
695 2758 1094 2829 καθεζόμενος,
1150 2760 1408 2816 ἁπάντων
1444 2758 1824 2831 ἐσχατώτατος
1887 2761 1945 2813 ἔ-

364 2863 530 2902 σοιτο.

439 2938 531 3007 ιγ’.
566 2940 805 2994 Εἱσιέναι
841 2942 1133 3013 καπηλείῳ
1174 2942 1489 2999 κεκώλυται
1525 2945 1814 3016 κληρικὸς,
1848 2948 1943 3000 καὶ

358 3034 509 3104 ἔχειν
535 3034 915 3105 κωλυθήσεται
955 3037 1187 3105 μᾶλλον.

434 3125 517 3179 ιδ’.
553 3128 778 3197 ’Λζυμα
821 3128 1095 3182 Ἰουδαίων
1135 3128 1500 3183 ἀπόπτυστα⁶
1537 3132 1566 3183 ὁ
1620 3128 1677 3183 δὲ
1727 3130 1821 3184 καὶ
1865 3130 1947 3183 ία-

357 3218 527 3288 τροὺς
585 3220 787 3284 αὐτοὺς
836 3219 1359 3291 προσκαλούμενος,
1411 3222 1445 3292 ἢ
1502 3220 1937 3291 συλλουόμενος,

358 3312 661 3376 ἑκπτωτος.

432 3412 518 3460 ιε’.
546 3407 609 3459 Et
637 3407 729 3460 καὶ
770 3406 1026 3461 λέλεκται
1065 3407 1143 3477 μὴ
1186 3407 1473 3462 ἐκϐάλλειν
1509 3409 1772 3476 γυναῖκα,
1806 3406 1942 3460 ἀλλὰ

358 3496 460 3565 τῆς
511 3500 600 3549 ἐπὶ
632 3497 692 3549 τὸ
724 3500 978 3570 κρεῖττον
1011 3499 1305 3570 προκοπῆς
1353 3496 1822 3569 προμηθούμενοι,
1866 3494 1944 3564 τῷ

358 3587 832 3657 χειροτονουμένη)
875 3587 1129 3659 προέδρῳ
1165 3588 1368 3659 μηκέτι
1414 3588 1685 3639 συνοικεῖν
1725 3586 1943 3653 γυναικὶ

360 3681 843 3751 παραγγέλλομεν.
1302 3698 1317 3713 ⁶
1398 3706 1401 3707 ν

435 3780 532 3837 ις’.
578 3772 707 3827 Ἐὰν
746 3774 799 3825 οἱ
836 3773 1102 3849 Ῥωμαῖοι
1147 3772 1237 3827 τὸν
1266 3774 1349 3836 είς
1388 3773 1639 3830 διάκονον
1691 3776 1786 3830 καὶ
1813 3790 1944 3844 πρε.-

363 3866 627 3933 σῦύτερον
676 3864 1055 3936 προαγόμενον
1096 3866 1316 3935 ἀφεῖναι
1350 3864 1448 3935 τὴν
1485 3868 1722 3935 γυναῖκα
1757 3868 1947 3938 βεϐού-

360 3959 557 4028 ληνται
582 3971 595 3984 ·
628 3957 790 4026 ἡμεῖς
820 3956 1100 4028 ἐρρῶσθαι
1124 3957 1195 4012 τὰ
1247 3957 1515 4013 διακόνων
1544 3960 1641 4011 καὶ
1701 3960 1946 4030 πρεσϐυ-

358 4049 541 4117 τέρων
564 4048 873 4119 βουλόμεθα
896 4048 1213 4105 συνοικέσια
1235 4066 1249 4080 ·
1277 4050 1305 4102 ό
1330 4050 1388 4103 δὲ
1407 4048 1732 4122 βιαζόμενος
1760 4050 1943 4119 λῦσαι,

362 4137 777 4209 καθῃρημένος.

436 4226 526 4288 ιζ’.
556 4226 937 4298 Πρεσσύτερος
966 4227 1412 4295 τριακονταετίας
1437 4227 1657 4294 ἐνδέων,
1691 4228 1788 4282 καὶ
1831 4227 1948 4283 διά-

361 4334 525 4379 κονος
578 4318 1131 4382 είκοσαπενταετίας,
1164 4320 1257 4371 καὶ
1305 4319 1629 4372 διακόνισσα
1679 4337 1950 4391 τεσσαρα-

364 4410 711 4478 κονταετίας,
749 4411 845 4465 καὶ
876 4411 1225 4475 εἰκοσαετίας
1270 4411 1658 4478 ὑποδιόικονος,
1689 4414 1951 4467 εύκαθαίο

362 4520 535 4574 ρετοι.

435 4593 526 4664 ιη’.
549 4595 870 4649 Γινωσκέτω
886 4589 915 4649 δ
944 4595 1117 4665 λέγων
1141 4597 1280 4651 ἑπτὰ
1298 4597 1578 4663 διακόνους
1609 4595 1775 4665 εἶναι,
1801 4602 1944 4655 κατὰ

360 4688 422 4740 τ’]
441 4689 737 4759 εἰρημένον
764 4690 887 4751 ταῖς
918 4688 1216 4759 Πράξεσιν,
1257 4690 1341 4743 ὃτι
1371 4691 1431 4742 οὐ
1463 4690 1729 4760 περὶτῶν
1762 4692 1946 4745 διακο-

358 4784 599 4837 νούντων
622 4784 739 4847 τοῖς
766 4785 1093 4854 μυστηρίοις
1116 4785 1144 4837 ό
1170 4783 1349 4852 λόγος,
1374 4784 1512 4839 ἀλλὰ
1538 4785 1663 4856 περὶ
1694 4784 1802 4837 τῶν
1827 4788 1943 4849 ταῖς

356 4872 667 4942 τραπέζαις
698 4870 1143 4943 ὑπηρετούντων.

438 4964 525 5019 ιθ’.
564 4963 623 5016 Ὀ
653 4962 1093 5033 προσδεχόμενος
1137 4963 1289 5027 ξένον
1319 4963 1609 5035 κληρικὸν,
1639 4964 1735 5016 καὶ
1765 4981 1950 5035 χειρο-

358 5056 553 5120 τονῶν,
592 5054 689 5107 σὺν
714 5054 792 5125 τῷ
816 5054 1005 5119 κακῶς
1037 5055 1475 5128 χειροτονηθέντι
1506 5055 1839 5128 καθῄρηται.

438 5146 513 5200 κ’.
565 5147 625 5201 '0
674 5148 764 5201 διὰ
820 5146 1169 5219 βαρϐαρικὴν
1220 5149 1527 5220 ἐπιδρομὴν
1573 5150 1944 5220 μετανάστης,

358 5237 727 5308 παυσαμένης
764 5237 863 5308 τῆς
912 5236 1239 5308 ἐπιδρομῆς,
1276 5238 1675 5292 παλινοστείτω
1717 5240 1784 5308 τῇ
1820 5234 1943 5291 καθ’

358 5331 428 5400 ῆν
460 5329 795 5402 Ἐκκλησίαν
815 5329 1187 5400 κεκλήρωται·
1206 5314 1341 5385 ἐἰδὲ
1368 5331 1468 5403 μὴ,
1498 5332 1638 5402 μετὰ
1655 5330 1747 5384 τοῦ
1774 5344 1947 5400 προσ-

357 5420 653 5491 ειληφότος
680 5416 1055 5491 ἀφομζέσθω.

430 5511 537 5567 κα¹.
574 5514 635 5567 Ὀ
665 5513 955 5586 προεστὼς
986 5514 1320 5586 Ἐκκλησίας
1349 5515 1475 5568 κατ’
1495 5513 1798 5584 ἐξαίρετον,
1821 5513 1945 5576 ταῖς

355 5608 671 5678 Κυριακαίς
731 5607 1042 5660 διδασκέτω
1091 5608 1161 5662 τὰ
1216 5607 1501 5678 δόγματα,
1557 5607 1652 5661 καὶ
1716 5605 1949 5677 διερμη-

358 5700 558 5752 νευέτω
585 5699 665 5774 μὴ
695 5698 941 5765 οἶκοθεν,
980 5699 1097 5752 ἀλλ’
1121 5698 1196 5761 ὡς
1236 5700 1285 5752 οἱ
1320 5698 1455 5752 θεῖοι
1493 5698 1735 5769 Πατέρες
1764 5696 1944 5752 διέλα-

355 5791 464 5851 Εον,

2049 563 2170 617 qua:
2198 548 2495 602 [Ianuarium
2525 546 2730 610 Rouue,
2754 562 2817 602 ae
2844 546 3090 617 Sergium
3117 547 3636 619 Constantinopolis.

2049 641 2331 708 episcopos
2372 654 2533 693 unam
2571 638 2903 693 voluntatem
2954 654 3223 708 unamque
3266 641 3636 709 operationem

2054 734 2401 800 dogmatibus
2429 733 2543 788 suis
2571 732 2829 787 docentes
2859 730 3039 801 eiecit.

2122 826 2175 880 7.
2235 826 2365 893 Quae
2432 824 2803 893 apostolorum
2867 825 3281 891 sanctionibus,
3341 824 3637 885 Clementis

2049 933 2217 987 opera
2273 919 2473 983 editis,
2526 916 2716 971 furtim
2771 916 2841 977 ab
2891 915 3163 972 haereticis
3218 917 3425 972 inserta
3479 929 3637 981 sunt,

2052 1008 2414 1079 repudianda.

2122 1101 2176 1156 8.
2214 1100 2546 1156 Sacerdotes
2582 1098 2779 1168 bigami
2820 1106 2982 1167 atque
3023 1096 3425 1166 impmuitentes
3469 1094 3639 1166 gradu

2050 1193 2182 1248 moti
2211 1202 2340 1247 sunt
2367 1211 2381 1246 :
2413 1192 2507 1261 qui
2532 1206 2664 1246 vero
2700 1188 2902 1249 malum
2935 1204 2966 1242 a
2998 1201 3058 1242 se
3090 1197 3454 1252 removerunt,
3483 1203 3640 1241 sacro

2053 1301 2283 1340 munere
2313 1300 2484 1354 usque
2518 1285 2583 1340 ad
2619 1292 2827 1340 certum
2863 1293 3074 1351 tempus
3112 1280 3462 1335 abstinehuut
3495 1297 3508 1334 :
3545 1296 3641 1334 ne-

2052 1394 2157 1447 que
2191 1378 2335 1431 enim
2373 1376 2645 1433 benedicit
2673 1376 3008 1432 vulneratus.
3041 1375 3108 1429 Et
3136 1373 3228 1442 qui
3262 1383 3454 1428 contra
3491 1374 3639 1442 leges

2052 1470 2458 1525 matrimonium
2491 1477 2901 1533 contraxerunt,
2934 1478 2991 1523 et
3024 1467 3117 1537 qui
3155 1476 3276 1537 post
3308 1466 3630 1522 viduitatem

2050 1561 2361 1630 coniugium
2408 1561 2666 1624 inierunt,
2702 1570 2823 1630 post
2866 1568 3075 1616 eertum
3126 1570 3337 1630 tempus
3376 1559 3636 1629 gradibus

2049 1655 2164 1708 suis
2217 1655 2607 1719 restituantur,
2650 1654 2721 1706 ita
2776 1662 2990 1718 tamen,
3034 1661 3097 1707 ut
3144 1652 3208 1705 ad
3260 1651 3479 1707 altiores
3528 1666 3636 1705 non

2051 1756 2495 1815 promoveantur,
2541 1745 2795 1815 coujugio
2828 1745 3034 1799 scilicet
3082 1743 3328 1799 dimisso.
3370 1742 3475 1809 Qui
3510 1757 3638 1798 vero

1978 1820 2020 1876 Β
2048 1839 2211 1895 etiam
2258 1848 2382 1910 post
2420 1838 2703 1894 deﬁnitum
2750 1847 2985 1907 tempus,
3019 1836 3270 1893 dissoluti
3313 1847 3367 1894 et
3406 1838 3637 1909 depositi

2048 1941 2323 1984 maneant.

2119 2022 2173 2074 9.
2202 2022 2448 2079 Clericus
2474 2038 2595 2077 cum
2627 2022 2839 2077 Domini
2874 2037 3073 2093 sponsa
3100 2023 3448 2079 matrimonio
3473 2037 3638 2093 copu-

2050 2112 2214 2176 latus,
2242 2116 2543 2183 deponatur
2571 2132 2586 2169 :
2619 2116 2793 2170 laicus
2816 2131 2946 2171 vero
2977 2116 3506 2175 exeommuuicetur.

2122 2204 2208 2258 l0.
2236 2204 2535 2261 Eunuchus
2559 2210 2815 2263 sacerdos
2841 2208 3068 2262 ancillas
3098 2216 3191 2261 aut
3215 2207 3371 2273 alias,
3395 2210 3636 2278 exceptis

2049 2299 2296 2368 personis
2325 2313 2448 2367 quae
2476 2299 2784 2368 suspicione
2813 2310 3030 2365 vacant,
3057 2315 3124 2354 ne
3152 2300 3372 2355 habeat.

2128 2390 2211 2444 11.
2243 2388 2559 2456 Ordinatus,
2590 2392 2695 2448 etsi
2723 2393 3074 2447 matrimonio
3098 2392 3324 2462 junctus
3352 2392 3446 2461 sit,
3473 2395 3634 2463 depo-

2049 2481 2222 2534 nitur.

2121 2572 2208 2626 12.
2243 2572 2512 2627 Diaconus
2542 2573 2708 2627 etiam
2740 2572 2977 2628 ollicium
3013 2575 3240 2642 habens,
3267 2575 3369 2631 nisi
3401 2576 3638 2632 vicarius

2052 2664 2126 2721 sit
2179 2665 2507 2735 patriarchas
2557 2675 2650 2719 aut
2697 2666 2973 2736 episcopi,
3017 2667 3062 2722 si
3114 2677 3240 2724 ante
3290 2669 3647 2741 presbyteros

2051 2757 2260 2822 sedeat,
2291 2756 2363 2811 sit
2391 2757 2634 2812 omnium
2665 2768 2995 2827 postremus.

2122 2938 2207 2993 15.
2249 2936 2460 3009 [ngredi
2514 2954 2819 3009 cauponam
2868 2940 3176 3009 prohibitus
3227 2949 3315 2997 est
3361 2940 3631 3007 clericus,

2049 3032 2223 3099 magis
2252 3033 2416 3086 etiam
2450 3032 2649 3088 habere
2683 3033 3083 3103 prohibebitur.

2121 3124 2208 3178 14.
2243 3125 2447 3193 Myma
2476 3122 2784 3179 Judaeorum
2819 3127 3123 3195 respuenda
3156 3145 3171 3181 :
3200 3127 3289 3196 qui
3317 3141 3445 3182 vero
3471 3126 3635 3181 etiam

2052 3216 2288 3271 medicos
2322 3216 2467 3285 ipsos
2494 3215 2562 3271 ad
2597 3231 2657 3272 se
2683 3228 2865 3282 vocat,
2901 3229 2997 3274 aut
3022 3234 3148 3274 eum
3180 3220 3248 3276 iis
3272 3220 3509 3285 lavatur,
3536 3220 3639 3290 eji-

2049 3308 2278 3361 ciendus
2308 3317 2414 3363 est.

2117 3398 2208 3452 15.
2237 3397 2350 3454 Etsi
2383 3397 2585 3453 dictum
2621 3398 2693 3454 sit
2723 3413 2830 3453 non
2864 3413 2988 3454 esse
3023 3400 3344 3468 ejiciendam
3380 3416 3628 3466 uxorem,

2046 3498 2223 3547 tamen
2254 3490 2518 3560 profectui
2552 3491 2604 3545 in
2634 3491 2827 3546 melius
2855 3492 3266 3561 prospicientes,
3290 3496 3507 3565 praesidi
3534 3498 3629 3565 qui

2044 3582 2345 3648 ordinatur,
2376 3597 2444 3638 ne
2473 3583 2706 3653 amplius
2740 3598 2864 3638 cum
2897 3600 3068 3639 uxore
3100 3585 3312 3640 habitet
3339 3586 3630 3640 denuntia-

2045 3691 2188 3731 "IIIS.

2126 3768 2212 3825 16.
2250 3768 2509 3834 Quamvis
2542 3768 2771 3823 Romani
2806 3783 2929 3823 cum
2964 3769 3055 3839 qui
3092 3769 3158 3823 ad
3193 3770 3537 3827 diaconatum
3578 3778 3647 3827 ει-

2046 3863 2484 3932 presbyteratum
2517 3868 2884 3931 promovetur,
2907 3876 3129 3916 uxorem
3158 3862 3429 3918 dimittere
3450 3863 3633 3919 volue-

2050 3954 2180 4018 rint,
2227 3969 2324 4007 nos
2383 3954 2734 4009 diaconorum
2789 3969 2854 4010 ac
2886 3956 3323 4026 presbyterorum
3360 3957 3638 4011 connubia

2048 4044 2237 4100 valere.
2261 4044 2538 4113 volumus;
2569 4045 2663 4117 qui
2695 4054 2875 4101 autem
2905 4045 3206 4101 dissolvere
3239 4047 3508 4117 coegerit,
3539 4047 3639 4102 de-

2048 4143 2302 4204 ponetur.

2121 4226 2211 4280 17.
2244 4225 2535 4295 Presbyter
2577 4226 2796 4295 triginta
2842 4226 3000 4282 annis
3042 4225 3240 4293 minor,
3274 4234 3331 4281 et
3367 4226 3645 4285 diaconus

2051 4317 2245 4385 viginti
2280 4319 2541 4387 quinque,
2570 4329 2625 4373 et
2653 4318 2957 4373 diaconissa
2990 4318 3373 4389 quadraginta,
3402 4334 3464 4376 ac
3496 4325 3639 4377 sub-

2053 4411 2315 4465 diaconus
2345 4409 2555 4481 viginti,
2585 4411 2892 4480 deponendi
2921 4421 3067 4467 sunt.

2119 4601 2207 4659 18.
2236 4602 2335 4670 Qui
2366 4602 2496 4659 dicit
2520 4616 2726 4674 septem
2756 4605 3015 4659 diaconos
3042 4618 3187 4671 esse,
3215 4604 3367 4672 juxta
3401 4603 3454 4659 id
3483 4604 3643 4673 quom

2051 4696 2105 4751 in
2136 4695 2362 4750 Actibus
2391 4694 2593 4749 dictum
2615 4702 2718 4761 est,
2742 4696 2900 4758 sciat,
2922 4711 3028 4749 non
3057 4696 3125 4750 de
3151 4697 3218 4753 iis
3241 4696 3330 4766 qui
3362 4698 3645 4767 mysteriis

2048 4785 2385 4853 deserviunt,
2410 4787 2503 4840 sed
2535 4787 2602 4843 de
2631 4787 2698 4842 iis
2726 4788 2822 4857 qui
2850 4788 3053 4849 mensis
3084 4789 3486 4854 ministrabant,
3515 4804 3644 4845 ser-

2050 4891 2262 4931 monem
2294 4889 2437 4931 esse.

2122 4967 2209 5022 l9.
2236 4966 2337 5035 Qui
2370 4967 2603 5039 suscipit
2625 4977 2908 5024 externum
2941 4969 3198 5033 clericum
3226 4984 3456 5041 eumque
3481 4970 3637 5027 ordic

2049 5067 2165 5121 nat,
2194 5073 2316 5113 cum
2354 5058 2493 5114 male
2523 5061 2771 5115 ordinato
2800 5059 3117 5130 deponitur.

2119 5150 2219 5205 20.
2252 5151 2355 5217 Qui
2388 5162 2609 5222 propter
2640 5151 3007 5208 Barbarorum
3042 5153 3408 5208 incursionem
3447 5152 3640 5207 locum:

2049 5238 2304 5306 mutavit,
2336 5240 2428 5294 ubi
2463 5242 2759 5297 cessaverit
2794 5242 3051 5309 incursio,
3077 5252 3379 5298 revertatur
3411 5242 3475 5296 ad
3510 5258 3640 5295 carm

2048 5330 2348 5387 Eeclesiam
2388 5331 2443 5385 in
2481 5331 2635 5401 cujus
2677 5333 2880 5389 clerum
2921 5334 3124 5389 ascitus
3163 5343 3250 5388 est
3291 5353 3305 5389 :
3355 5334 3438 5389 sin
3476 5349 3638 5398 vero,

2050 5437 2173 5479 cum
2207 5437 2273 5477 eo
2302 5422 2394 5491 qui
2428 5424 2602 5494 ipsum
2636 5426 2872 5495 suscepit
2902 5435 3243 5496 segregetur.

2118 5512 2212 5567 2i.
2237 5512 2341 5580 Qui
2374 5511 2631 5570 Ecclesiae
2663 5516 2865 5571 eximio
2896 5518 3130 5585 quodam
3170 5515 3333 5571 modo
3369 5517 3632 5586 pra-portio

2052 5615 2140 5662 tus
2173 5616 2278 5674 est,
2309 5606 2605 5662 Dominicis
2638 5607 2833 5664 doceat
2861 5608 3138 5678 degmata,
3166 5620 3329 5681 atque
3364 5611 3629 5677 interpre-

2051 5708 2195 5754 tetur
2225 5715 2333 5754 non
2370 5714 2470 5755 suo
2508 5710 2701 5766 marte,
2736 5701 2827 5755 sed
2864 5701 3006 5756 sicut
3039 5703 3211 5757 sancti
3246 5702 3430 5756 l‘atrcs
3464 5719 3627 5753 mum-

2051 5800 2295 5846 suerunt.
