4140 6404
526 345 597 410 99
1782 319 2157 394 ARISTENI
2197 321 2546 395 nomen]

3701 324 3802 397 100

596 457 692 512 22.
725 452 828 523 Qui
860 448 912 508 in
944 457 1260 523 perpetuum
1291 437 1570 518 depositus
1601 455 1704 510 est,
1735 456 1897 516 atque
1929 447 1983 500 iu
2015 446 2112 498 lai-

2290 447 2396 516 κβ’.
2435 443 2500 502 ’.³
2539 445 2801 516 Eryx..th
2834 445 3246 517 καθῃρημένος,
3280 445 3376 498 καὶ
3403 446 3485 507 εἰς
3515 443 3643 508 τοὺς
3681 445 3803 498 λαῖ-

527 563 719 605 corum
753 546 998 602 ordinem
1033 545 1308 607 redactus,
1338 541 1579 610 pteuitus
1614 537 1927 602 tondeatur,
1953 537 2116 605 idque

527 641 700 695 solum
735 657 748 692 :
784 639 869 692 sin
903 650 1053 700 vero,
1083 649 1294 690 comam
1329 632 1556 685 nutriat.

603 730 694 784 ‘25.
731 729 795 782 Et
835 727 928 796 qui
979 725 1388 780 immaculatam
1436 721 1867 776 communionem
1917 721 2117 788 imper-

531 824 712 876 tiendo
742 821 962 875 obolum
990 819 1180 889 exigit,
1203 825 1298 870 attt
1322 815 1483 869 aliam
1513 814 1772 882 speciem,
1797 814 2118 882 depOuatur.

601 913 696 966 24.
741 912 991 966 Clericus
1042 910 1136 979 qui
1190 909 1257 964 ad
1321 909 1597 963 circenSes
1649 903 1987 968 ascemlerit,
2027 914 2120 958 aut

536 1001 842 1073 thymelicis
869 1002 936 1055 ad
967 998 1186 1068 nuptias
1213 996 1544 1068 ingressuris
1573 1009 1677 1048 non
1710 993 1932 1058 recedit,
1955 992 2119 1061 depo-

531 1105 716 1146 natur.

604 1185 698 1240 25.
731 1185 1043 1239 Rusticante
1082 1191 1138 1237 et
1173 1196 1294 1251 qua:
1335 1181 1390 1235 in
1427 1179 1560 1233 vicis
1600 1185 1728 1233 sunt
1761 1175 2043 1247 parmcize,
2075 1175 2122 1230 si

535 1294 630 1346 per
657 1278 872 1346 lriginta
898 1289 1069 1331 annos
1093 1287 1356 1345 possessa:
1380 1271 1606 1334 fuerint,
1627 1278 1953 1323 teneantur:
1982 1265 2121 1321 infra

534 1377 685 1429 vero,
713 1362 1087 1418 controversia
1116 1363 1184 1416 de
1210 1362 1276 1415 iis
1307 1360 1511 1414 moveri
1545 1359 1764 1427 poterit.

607 1454 697 1508 26.
727 1453 1023 1524 Presbyter
1051 1455 1142 1524 qui
1179 1454 1234 1507 in
1274 1451 1519 1505 illicitum
1558 1447 1811 1502 inciderit
1844 1446 2124 1500 matrimo-

538 1548 709 1613 nium,
735 1549 1012 1615 depositus
1036 1545 1310 1600 cathedra:
1339 1542 1512 1598 solum
1547 1542 1820 1611 particeps
1850 1542 1943 1605 sit,
1973 1539 2122 1594 omni

537 1642 751 1710 piaculo
777 1650 1128 1711 expurgatus.

608 1733 699 1787 27.
733 1732 861 1788 Uvae
900 1748 930 1786 a
973 1730 1296 1800 quibusdam
1337 1730 1624 1784 incruento
1659 1726 1930 1782 sacriﬁcio
1966 1726 2122 1780 adhi-

2220 538 2350 595 κοὺς
2374 537 2670 602 ἀπωσθεὶς,
2700 538 3147 608 μεταμελόμενος
3180 537 3452 607 κειρέσθω
3473 537 3570 590 καὶ
3603 536 3768 604 μόνον
3789 551 3804 566 °

2220 628 2269 680 εἰ
2301 627 2359 680 δέ
2394 628 2491 697 μὴ,
2523 630 2624 698 τὴν
2652 629 2832 698 κόμην
2860 627 3228 698 ἐπιτρεφέτω.

2293 728 2401 788 κγ’.
2449 722 2558 773 Καὶ
2606 723 2634 774 6
2677 722 2776 791 τῆς
2815 721 3088 790 ἀχράντου
3139 719 3458 790 μεταδιδοὺς
3494 719 3806 781 κοινωνίας,

2222 813 2410 867 ὀϐολὸν
2441 814 2715 879 ἀπαιτῶν,
2751 813 2784 883 ἢ
2813 813 3002 884 ἕτερον
3032 808 3196 874 εἶδος,
3227 811 3622 882 καθαιρείσθω.

2297 905 2396 961 κδ’.
2432 906 2713 977 Κληρικὸς
2758 905 3148 976 ἱπποδρομίαις
3194 903 3384 969 ἀνιὼν,
3435 904 3467 975 ἢ
3503 905 3810 973 μελλόντων

2225 999 2455 1051 εἰσιέναι
2487 997 2799 1068 θυμελικῶν
2837 998 2894 1050 ἐν
2929 997 3095 1067 γάμῳ
3131 996 3208 1067 μὴ
3245 997 3639 1066 ἀφιστάμενος,
3671 999 3808 1051 καθ-

2227 1091 2512 1162 αιρείσθω.

2299 1182 2398 1236 κε’.
2443 1184 2792 1254 Ἀγροικικαὶ
2812 1184 2909 1236 καὶ
2941 1180 3202 1253 ἐγχώριοι
3237 1181 3526 1251 παροικίαι
3558 1197 3816 1250 τριακον-

2223 1275 2450 1328 ταετίαν
2495 1275 2780 1346 ἐχόμεναι,
2824 1274 3253 1344 κατεχέσθωσαν
3279 1289 3292 1304 ·
3330 1272 3480 1326 ενδον
3514 1272 3592 1334 δέ,
3630 1272 3688 1324 τὸ
3716 1273 3815 1340 ἀμ-

2229 1367 2636 1438 φισϐητήσιμον
2667 1367 2878 1431 ἕξουσι,

2305 1461 2418 1526 κς’.
2449 1461 2826 1533 Πρεσϐύτερος
2855 1460 3085 1530 ἀθέσμῳ
3111 1459 3426 1526 περιπεσὼν
3463 1458 3649 1528 γάμῳ,
3684 1457 3821 1511 καθ-

2227 1555 2468 1625 αιρεθεὶς
2534 1554 2806 1624 καθέδρας
2877 1553 3155 1623 μετεχέτω
3207 1553 3304 1606 καὶ¹
3377 1552 3561 1622 μόνον,
3612 1549 3821 1613 παντὸς

2226 1645 2502 1709 διαλυθεὶς
2527 1644 2622 1698 τοῦ
2661 1645 2999 1716 μιάσματος.

2301 1741 2405 1802 κζ’.
2448 1738 2724 1807 Σταφυλαὶ
2773 1739 2914 1808 πρός
2949 1755 3112 1791 τινων
3148 1738 3216 1807 τῇ
3270 1737 3600 1807 ἀναιμάκτῳ
3657 1734 3822 1805 θυσίᾳ

537 1824 738 1880 bentur
767 1844 780 1880 :
819 1828 923 1880 hoc
953 1840 1081 1880 vero
1111 1824 1404 1894 quominus
1439 1823 1726 1891 quisquam
1762 1819 1996 1890 amplius
2032 1836 2127 1873 au-

2232 1833 2642 1887 συνάπτονται·
2695 1830 2760 1883 τὸ
2803 1830 2860 1883 δέ
2909 1830 3108 1900 μηκέτι
3139 1829 3469 1900 τολμᾶσθαι,
3506 1828 3816 1899 διώρισται.

537 1921 683 1984 deat,
713 1920 932 1972 decreto
964 1928 1181 1972 cautum
1212 1925 1319 1971 est.

608 2015 698 2068 28.
729 2013 1042 2083 Presbyteri
1079 2012 1170 2082 qui
1207 2013 1258 2065 in
1296 2010 1659 2064 Barbarorutn
1705 2006 1966 2062 Ecclesiis
2003 2022 2125 2061 ver-

535 2118 745 2170 santur,
780 2106 884 2160 etsi
933 2120 1164 2160 uxorum
1213 2103 1543 2158 commercio
1590 2102 1655 2155 ad
1697 2109 1912 2170 tempus
1959 2101 2126 2154 absti-

535 2209 732 2263 neant,
768 2208 949 2252 tamen
1000 2210 1068 2250 ne
1120 2194 1350 2264 amplius
1396 2208 1519 2247 cum
1571 2192 1637 2246 iis
1683 2191 1924 2261 quolibet
1967 2191 2128 2246 modo

536 2291 984 2346 consuetudinem
1016 2289 1272 2340 habeant.

605 2383 701 2437 29.
738 2381 958 2435 Patrum
1002 2378 1242 2432 nonnulli
1279 2377 1366 2431 die
1401 2377 1592 2431 divinae
1623 2374 1807 2430 Ccenae
1843 2383 2127 2444 postquam

539 2482 874 2536 manassent,
901 2470 1202 2526 offerebant
1229 2486 1244 2524 :
1274 2470 1450 2524 visum
1476 2478 1559 2524 est
1591 2468 1757 2538 igitur
1789 2469 1998 2536 synodo
2027 2465 2130 2520 hoc

541 2583 648 2621 non
683 2565 918 2635 amplius
952 2563 1089 2617 ﬁeri.

612 2658 704 2711 50.
737 2655 848 2710 Nisi
884 2671 1005 2709 cum
1038 2668 1303 2708 consensu
1335 2653 1598 2723 episcopi,
1631 2653 1685 2707 in
1717 2653 1958 2708 oratorio
1989 2651 2130 2722 quod

541 2759 625 2802 est
659 2748 796 2802 intra
833 2749 1074 2810 domum,
1112 2762 1219 2801 non
1250 2745 1468 2802 oﬂ'eres.

615 2840 705 2893 51.
738 2840 959 2904 Eorum,
987 2840 1078 2908 qui
1113 2839 1295 2892 .solutn
1339 2855 1531 2906 aquam
1576 2839 1628 2891 in
1671 2839 1998 2894 sacriﬁcium
2039 2837 2135 2891 ad-

543 2932 823 2998 hibebant,
859 2931 1112 2984 haeresim
1163 2931 1357 2984 tollens
1387 2930 1837 2999 Chrysostomus,
1873 2929 2127 2996 Quando,

543 3022 740 3092 inquit,
767 3035 959 3089 passus
989 3028 1072 3072 cst
1105 3019 1364 3072 Dominus
1399 3027 1454 3070 et
1489 3017 1806 3082 resurrexit,
1839 3018 1963 3069 vino
1997 3029 2130 3069 usus

539 3124 643 3166 est.
684 3112 796 3167 lloc
842 3121 1068 3180 accepto
1113 3110 1355 3162 Armenii
1405 3108 1592 3162 vinum
1640 3111 1810 3163 solum
1857 3109 2126 3170 oll‘erunt,

541 3206 844 3259 nescientes
878 3204 1054 3273 ipsum
1084 3203 1245 3256 etiam
1278 3202 1724 3272 Chrysoslomum
1760 3211 1815 3256 et
1844 3199 2124 3263 Basilium,

541 3309 602 3347 ac
635 3293 899 3358 Jacobum
939 3293 1064 3345 vino
1099 3306 1236 3359 aqua
1280 3291 1444 3344 misto
1481 3305 1610 3344 usos
1647 3289 1834 3353 fuisse,
1868 3289 2131 3356 nobisque

541 3397 599 3438 ut
632 3385 702 3437 ita
737 3384 1063 3438 oﬂ'erremus
1097 3381 1408 3436 tradidisse.
1441 3383 1496 3436 Si
1530 3383 1654 3451 quis
1692 3383 1854 3451 igitur
1885 3391 1976 3435 aut
2004 3383 2130 3437 vino

534 3477 674 3542 solo,
706 3487 798 3530 aut
841 3490 979 3544 aqua
1029 3474 1167 3540 sola,
1195 3487 1301 3528 non
1345 3488 1474 3528 vero
1517 3475 1676 3529 mista
1719 3482 1922 3540 utatur,
1956 3474 2124 3544 depo-

539 3577 724 3624 tiatur.

615 3657 706 3711 52.
740 3657 1098 3712 Ordinatione
1132 3656 1346 3725 dignus,
1374 3663 1428 3710 et
1467 3657 1556 3724 qui
1593 3657 1646 3710 in
1684 3671 1843 3713 sacro
1877 3665 2132 3712 censetur

540 3762 775 3815 genere,
814 3758 978 3816 atque
1027 3745 1162 3807 alio.
1197 3747 1481 3801 ordinetur
1526 3761 1541 3798 :
1587 3746 1679 3814 qui
1723 3763 1848 3801 vero
1895 3762 2003 3802 non
2050 3757 2133 3802 est

545 3852 756 3903 tonsus,
787 3854 850 3893 ac
875 3840 1300 3893 benedictionem
1335 3850 1659 3894 consecutus
1688 3849 1792 3905 est,
1820 3840 1873 3894 in
1901 3841 2131 3896 amboue

543 3949 730 3988 sacros
762 3947 1043 3986 sermones
1077 3947 1184 3986 non
1221 3933 1381 4001 leget.

611 4025 703 4078 5'5.
742 4023 1014 4093 Episcopo
1061 4026 1168 4078 vita
1223 4025 1552 4090 excedente,
1589 4025 1769 4081 clerus
1821 4037 1940 4080 acta
1990 4025 2132 4081 illius

541 4117 782 4169 servabit
809 4129 823 4168 :
859 4116 900 4170 si
935 4124 1114 4170 autem
1144 4133 1250 4170 non
1284 4117 1506 4172 relictus
1536 4128 1621 4172 est
1648 4117 1899 4184 clericus,
1929 4131 2132 4173 metro—

545 4207 821 4276 politanus
863 4209 977 4278 ipsa
1025 4211 1293 4265 custodiet
1329 4226 1500 4279 usque
1539 4213 1606 4266 ad
1647 4211 1785 4267 alius
1828 4214 2131 4267 ordinatio-

541 4315 686 4352 llClll.

610 4403 699 4457 54.
735 4402 1034 4474 Episcopus
1069 4407 1157 4476 qui
1196 4415 1416 4476 pr0pter
1449 4406 1817 4462 Barbarorum
1863 4410 2135 4464 incursio-

2297 2015 2408 2085 κη’.
2450 2013 2562 2068 Καὶ
2582 2015 2628 2067 οἱ
2666 2013 2724 2066 ὲν
2759 2011 3121 2083 βαρϐαρικαῖς
3163 2009 3521 2079 Ἐκκλησίαις
3546 2010 3732 2078 ἱερεῖς,
3771 2013 3820 2064 εί

2228 2108 2328 2175 τῆς
2363 2107 2470 2160 τῶν
2513 2106 2759 2176 συμϐίων
2815 2104 3160 2174 προσκαίρου
3203 2102 3425 2171 ὁμιλίας
3469 2102 3769 2172 ἀπέχονται
3797 2120 3814 2134 ο

2230 2199 2342 2253 ἀλλ’
2385 2189 2479 2250 οὖν
2524 2197 2721 2267 μηκέτι
2776 2195 3002 2257 ταύταις
3050 2193 3169 2248 καθ’
3200 2191 3582 2264 οίονδηποτοῦν
3623 2195 3822 2264 ὁμιλεί·

2228 2307 2411 2344 τωσαν
2441 2289 2669 2358 τρόπον.

2300 2381 2405 2434 κθ’.
2457 2380 2617 2441 Τινὲς
2647 2378 2756 2433 τῶν
2803 2378 3069 2447 Πατέρων
3117 2377 3216 2448 τὴν
3267 2379 3484 2449 ἡμέραν
3535 2377 3632 2431 τοῦ
3674 2378 3821 2432 θείου

2230 2474 2457 2528 Δείπνου
2501 2473 2639 2544 μετὰ
2667 2474 2730 2526 τὸ
2757 2472 3050 2543 δειπνῆσαι
3087 2472 3370 2544 προσῆγον
3395 2492 3409 2506 ·
3449 2471 3598 2538 ἔδοξε
3639 2473 3823 2526 τοίνυν

2230 2572 2297 2640 τῇ
2337 2568 2544 2637 συνόδῳ
2571 2567 2731 2620 τοῦτο
2768 2568 2844 2638 μὴ
2869 2565 3143 2634 γίνεσθαι.

2301 2659 2368 2711 λ’.
2411 2659 2474 2712 Ei
2518 2659 2591 2728 μὴ
2631 2658 2771 2728 μετά
2814 2658 3044 2728 γνώμης
3093 2659 3420 2723 ἐπισκόπου,
3467 2658 3616 2712 ἔνδον
3668 2661 3820 2713 οῖκου

2233 2751 2313 2813 εἰς
2345 2750 2664 2820 εὐκτήριον,
2688 2750 2749 2802 ού
2788 2751 3117 2820 προσάγεις.

2307 2843 2410 2897 λα’.
2446 2844 2557 2912 Τῆν
2583 2843 2689 2896 τῶν
2707 2836 3232 2915 ’ὑδροπαραστατῶν
3269 2844 3512 2914 ἀναιρῶν
3551 2845 3764 2915 αἵρεσιν
3797 2850 3826 2900 6

2235 2935 2646 3006 Χρυσόστομος,
2683 2935 2901 3000 Ἥνίκα,
2935 2937 3091 3004 φησὶ,
3109 2935 3379 2987 πέπονθεν
3414 2935 3441 2986 6
3469 2937 3696 3006 Κύριος,
3729 2936 3826 2988 καὶ

2237 3029 2570 3096 ἐγήγερται,
2616 3013 2744 3096 οϊνῳ
2780 3027 3074 3096 ἐχρήσατο.
3113 3027 3284 3080 Τοῦτο
3320 3026 3576 3091 λαϐόντες
3604 3029 3653 3079 οξ
3703 3029 3828 3096 Ἀρ-

2240 3121 2438 3190 μένιοι,
2469 3114 2614 3172 οἶνον
2640 3118 2975 3187 προσάγουσι
3007 3119 3191 3187 μόνον,
3213 3119 3312 3171 οὐκ
3343 3119 3545 3182 εἰδότες
3579 3123 3676 3172 καὶ
3705 3122 3817 3172 αὑ-

2232 3213 2323 3264 τὸν
2361 3213 2452 3264 τὸν
2487 3211 2900 3280 Χρυσόστομον,
2937 3211 3034 3262 καὶ
3063 3210 3377 3276 Βασίλειον,
3421 3215 3516 3264 καὶ
3566 3210 3827 3264 Ἰάκωϐον

2233 3304 2362 3372 οἴνῳ
2395 3302 2725 3373 μεμιγμένῳ
2757 3302 2910 3355 ὕδατι
2942 3305 3342 3372 κεχρημένους,
3377 3305 3474 3357 καὶ
3505 3305 3640 3373 ἡμῖν
3679 3301 3826 3357 οὕτω

2234 3383 2692 3462 παραδεδωκότας
2726 3394 3055 3463 προσάγειν.
3099 3395 3165 3448 Et
3201 3413 3287 3457 τις
3315 3391 3409 3448 οὖν
3435 3395 3468 3465 ἢ
3496 3394 3624 3466 οἴνῳ
3653 3397 3825 3466 μόνῳ,

2234 3486 2267 3554 ἢ
2297 3485 2450 3538 ὕδατι
2477 3485 2644 3556 μόνῳ,
2687 3485 2803 3538 ἀλλ’
2842 3487 2964 3556 οὐχὶ
3003 3487 3331 3557 μεμιγμένῳ
3379 3486 3580 3557 χρῷτο,
3628 3487 3827 3541 καθαι-

2237 3576 2462 3645 ρείσθω.

2305 3663 2406 3734 λβ’.
2449 3665 2506 3718 Ὀ
2535 3665 2881 3735 χειροτονία“ς
2908 3666 3159 3734 ἐπάξιος,
3189 3668 3287 3721 καὶ
3325 3668 3385 3734 ἐξ
3422 3668 3708 3738 ἱερατικοῦ
3739 3686 3836 3722 τε-

2233 3750 2342 3805 λῶν
2369 3753 2579 3820 γένους,
2615 3755 2710 3806 καὶ
2739 3753 2800 3818 ἐξ
2841 3755 3054 3825 ἑτέρου,
3087 3757 3513 3826 χειροτονείσθω
3535 3771 3551 3787 ⁸
3589 3758 3617 3809 6
3650 3757 3708 3809 δὲ
3751 3757 3831 3828 μὴ

2236 3846 2601 3916 κεκαρμένος,
2646 3845 2743 3898 καὶ
2769 3845 3024 3915 εὐλογίας
3072 3847 3273 3918 τυχὼν,
3325 3850 3412 3901 ἐπ’
3456 3849 3712 3920 ἄμϐωνος
3742 3851 3826 3901 ίε-

2236 3939 2366 4008 ροὺς
2393 3937 2586 4005 λόγους
2611 3940 2714 3991 οὐκ
2736 3939 3148 4008 ἀναγνώσεται.

2307 4029 2408 4098 λγ’.
2445 4031 2823 4094 Τελευτῶντος
2855 4031 3187 4095 ἐπισκόπου,
3216 4034 3246 4086 6
3275 4031 3476 4103 κλῆρος
3504 4032 3827 4101 διαφυλάξει

2233 4122 2304 4174 τὰ
2338 4121 2645 4192 πράγματα
2671 4139 2686 4152 ·
2723 4126 2772 4175 εί
2823 4122 2879 4175 δὲ
2909 4125 2986 4193 μὴ
3021 4123 3416 4176 ὑπολέλειπται
3475 4124 3761 4194 κληρικὸς,
3799 4128 3832 4179 6

2239 4216 2650 4288 μητροπολίτης
2680 4214 2826 4269 αὐτὰ
2850 4214 3172 4284 διαφυλάξει
3207 4216 3315 4278 ἕως
3347 4215 3450 4284 τῆς
3484 4216 3678 4286 ἐτέρου
3712 4233 3835 4286 χει-

2240 4310 2510 4381 ροτονίας.

2305 4405 2396 4458 λδ¹.
2440 4403 2498 4456 Ὀ
2527 4403 2616 4457 διὰ
2636 4402 2939 4474 Βαρϐάρων
2967 4402 3156 4471 ἔφοδον
3187 4403 3262 4472 μὴ
3284 4401 3518 4464 ἐπιστὰς
3538 4400 3615 4472 τῷ
3650 4402 3829 4474 θρόνῳ

541 4513 661 4550 nem
693 4499 890 4552 throno
921 4514 1025 4553 non
1062 4500 1337 4568 praesidet,
1363 4502 1636 4568 pmpriam
1667 4501 1852 4555 sedem
1885 4503 2127 4556 obtineat

2232 4497 2552 4559 ἐπίσκοπος,
2593 4499 2684 4549 καὶ
2738 4496 3014 4565 καθέδραν
3065 4497 3166 4565 τὴν
3219 4495 3430 4570 οίκείαν
3481 4495 3679 4564 ἐχέτω,
3729 4497 3830 4548 καὶ

538 4589 882 4658 ordinetque,
911 4601 1076 4659 atque
1109 4591 1292 4645 omnia
1325 4592 1616 4646 sacerdotii
1653 4607 1877 4646 munera
1909 4593 2128 4649 validis-

540 4680 679 4730 sime
711 4676 987 4748 fungatur.

617 4774 710 4829 '55.
745 4773 1042 4830 Monachus
1087 4777 1351 4833 decennio
1399 4779 1698 4855 solitariam
1740 4779 1903 4832 vitam
1950 4779 2126 4848 deget.

538 4856 692 4920 Licet
735 4869 877 4920 enim
927 4870 1085 4923 divus
1134 4869 1368 4924 Basilius
1418 4886 1541 4926 eam
1595 4887 1715 4942 qua:
1767 4873 1988 4925 detonsa
2045 4882 2128 4925 est

539 4959 928 5026 septemdecim
965 4976 1138 5016 annos
1171 4963 1391 5032 exigere
1423 4963 1731 5030 censuerit,
1767 4979 1955 5017 verum
1989 4978 2127 5031 quo-

540 5051 710 5114 niam,
728 5053 1074 5122 pra-cipiente
1091 5055 1369 5123 Apostolo,
1389 5057 1606 5109 viduam
1635 5055 1685 5108 in
1717 5055 1956 5110 Ecclesia
1975 5071 2132 5110 sexa-

541 5145 687 5209 ginta
723 5157 895 5196 annos
933 5155 1114 5198 natam
1152 5147 1455 5216 eligendam
1494 5161 1616 5200 esse
1637 5145 1682 5210 ⁸,
1717 5145 1905 5200 Patres
1943 5144 2128 5200 diaco—

542 5235 747 5287 nissam
793 5236 1280 5306 quadragenariam
1329 5238 1446 5292 lteri
1495 5237 1752 5292 dixerunt
1799 5250 1812 5290 :
1866 5238 2131 5292 validiore

542 5323 684 5378 facta
719 5324 983 5393 Ecclesia,
1015 5344 1112 5384 nos
1147 5344 1369 5400 quoque
1401 5331 1563 5384 citius
1593 5329 1826 5402 sigillum
1863 5333 2129 5386 monacho

545 5416 892 5482 imponimus.

609 5507 698 5560 56.
728 5510 828 5573 Qui
862 5511 1222 5568 includeudus
1249 5523 1356 5580 est,
1387 5513 1678 5569 triennium
1713 5515 1768 5568 in
1798 5513 2130 5567 monasterio

541 5597 691 5664 prius
740 5602 928 5670 degat,
986 5621 1050 5660 ac
1097 5608 1416 5678 priusquam
1467 5608 1772 5663 includatur
1824 5607 1915 5662 ubi
1965 5607 2129 5661 alium

616 5781 677 5838 ⁸1
709 5783 910 5852 Tim.v,
939 5789 992 5844 9.

2232 4589 2634 4658 χειροτονείτω,
2673 4589 2769 4640 καὶ
2799 4587 2978 4640 πάντα
3014 4589 3081 4640 τὰ
3118 4586 3219 4655 τῆς
3251 4587 3557 4656 ἱερωσύνης
3589 4587 3835 4656 ἐνεργεί-

2233 4698 2310 4734 τω
2338 4681 2684 4750 βεϐαιότατα.

2306 4771 2399 4826 λε’.
2451 4773 2510 4825 '0
2545 4773 2818 4844 μονάζων,
2858 4772 3084 4841 μονάσει
3115 4772 3402 4840 δεκαετὴς.
3437 4771 3500 4824 Εἰ
3532 4771 3642 4839 γὰρ
3673 4770 3770 4823 καὶ
3800 4773 3832 4823 6

2234 4867 2377 4929 θεῖος
2413 4867 2694 4930 Βασίλειος
2744 4867 2843 4938 τὴν
2899 4867 3355 4936 ἁποκειραμένην
3416 4867 3508 4919 τὸν
3561 4867 3833 4920 ἐπτακαιυ

2233 4959 2462 5012 δέκατον
2523 4959 2709 5013 ἀνύειν
2763 4961 2957 5030 χρόνον
3013 4961 3337 5030 ἀπέφηνεν
3397 4953 3512 5014 ἀλλ’
3543 4961 3664 5012 ἐπεὶ
3729 4960 3830 5012 τοῦ

2244 5047 2578 5100 Ἀποστόλου
2641 5049 3009 5119 ἑξηκονταετῆ
3060 5046 3229 5103 οὖσαν
3269 5050 3370 5122 τὴν
3420 5052 3480 5104 ἐν
3529 5050 3828 5122 Ἐκκλησία

2233 5142 2414 5210 χήραν
2445 5140 2774 5208 ἐγγυῶντος,
2814 5144 2863 5193 οἱ
2905 5143 3154 5212 Πατέρες
3185 5143 3285 5213 τὴν
3316 5143 3669 5197 διακόνισσαν
3695 5161 3829 5195 τεσ-

2237 5236 2649 5304 σαρακονταετῆ
2679 5234 2964 5302 τίνεσθαι,
3030 5238 3436 5307 κραταιοτέρας
3469 5239 3570 5306 τῆς
3599 5235 3835 5305 Ἐκκλη-

2237 5325 2358 5387 cia;
2391 5325 2797 5395 γεγενημένης,
2823 5328 2920 5380 καὶ
2943 5329 3107 5397 ἡμεῖς
3128 5327 3385 5399 ὀξύτερον
3413 5328 3516 5400 τὴν
3554 5325 3834 5398 σφραγίδα

2233 5416 2312 5486 τῷ
2350 5418 2638 5487 μονάζοντι
2678 5420 3093 5490 σημαινόμεθα.

2305 5508 2416 5576 λς’.
2461 5511 2521 5564 ’0
2566 5511 3097 5583 ἐγκλεισθησόμενος
3130 5513 3378 5585 τριετίαν
3425 5511 3737 5583 προδιάγων
3771 5515 3832 5565 ἐν

2234 5602 2310 5673 τῷ
2353 5605 2730 5674 μοναστηρίῳ,
2778 5606 2876 5658 καὶ
2922 5607 3029 5675 πρὸ
3088 5607 3178 5676 τῆς
3223 5606 3584 5677 ἐγκλείστρας
3640 5606 3832 5677 ἕτερον
