4140 6430
342 374 453 443 tot

1643 381 2009 445 SYNOPSIS
2050 379 2443 444 CANONUM.

3587 380 3694 450 102

353 500 625 553 ἐνιαυτὸν
660 503 901 572 μετιὼν,
947 503 1119 565 οὕτως
1162 500 1373 554 είσίτω.
1421 499 1532 554 Καὶ
1580 499 1658 570 μὴ
1688 501 1905 565 ἐξιέτω,
1944 517 1968 552 ε

2103 513 2310 552 amnun
2348 499 2596 569 exegerit
2629 500 2710 556 sic
2744 501 3105 572 ingrediatur,
3141 517 3318 574 neque
3358 509 3692 574 egrediatur,

363 592 445 663 μὴ
472 592 736 662 βιάζοιτο
770 595 1024 660 θάνατος,
1055 596 1088 664 ἢ
1136 594 1276 664 πρὸς
1309 592 1371 646 τὸ
1407 591 1589 647 κοινὸν
1638 593 1974 647 λυσιτέλεια.

436 684 542 750 λζ’.
585 687 986 756 Μελανείμων,
1025 687 1121 739 καὶ
1159 686 1548 756 ἀκερσεκόμης
1587 685 1893 756 ἐρημίτης,
1929 685 1981 736 εί

373 779 459 850 μὴ
493 779 820 850 κειρόμενος
859 778 1284 848 ἑγκαταλέγοιτο
1329 778 1702 850 μοναστηρίῳ,
1739 779 1841 850 τῆς
1883 779 1982 832 πό-

375 872 518 935 λεως
546 871 967 925 ἁπελαυνέσθω.
1487 929 1499 935 _

452 964 518 1033 λη
544 1003 556 1016 .
585 963 803 1017 Ἀδειαν
829 964 974 1027 ἄπας
1001 1001 1017 1030 ,
1047 967 1076 1018 ὁ
1104 964 1204 1034 τὴν
1234 960 1409 1034 ζάλην
1437 963 1534 1017 τοῦ
1569 964 1690 1034 βίου
1723 965 1940 1034 φεύγων
1962 1005 1978 1032 ,

377 1057 481 1107 καὶ
525 1058 603 1120 είς
650 1057 1014 1128 μοναστήριον
1057 1055 1288 1110 εἰσιέναι
1339 1055 1688 1137 βουλόμενος,
1738 1060 1980 1127 ἀπενέγ-

376 1162 555 1200 κοιτο.

453 1239 555 1292 λθ’.
597 1240 846 1310 Μοναχὸς
879 1243 1249 1312 ζευγνύμενος
1271 1287 1284 1309 ,
1319 1243 1354 1314 ἢ
1391 1242 1707 1312 πορνεύων,
1743 1241 1984 1312 δεχέσθω

376 1332 440 1382 τὶ
468 1329 566 1382 τοῦ
599 1332 954 1402 πορνεύοντος
986 1334 1286 1406 ἐπιτίμιον.

457 1417 530 1487 μ’.
575 1421 688 1474 Οὐκ
715 1422 1094 1490 ἁμφιάσουσιν
1120 1425 1171 1477 oi.
1199 1429 1380 1494 γονεῖς
1414 1429 1664 1498 σηρικοϊς
1709 1425 1810 1496 τὴν
1851 1443 1985 1497 προ-

375 1512 650 1582 ελομένην
679 1515 934 1584 μονάσαι,
967 1519 1063 1570 καὶ
1090 1516 1234 1571 οὕτω
1257 1520 1320 1571 τὸ
1341 1522 1527 1590 σχῆμα
1558 1537 1626 1572 πε
1636 1519 1974 1590 ριθῂσουσιν·

377 1606 694 1677 ἀνάμνησις
721 1607 830 1679 γὰρ
859 1607 1020 1662 τοῦτο
1050 1610 1147 1663 τοῦ
1179 1611 1394 1683 ῥέοντος
1425 1613 1656 1684 κόσμου.

452 1805 567 1856 μα.
609 1787 723 1841 Οὐκ
754 1787 923 1853 ἔξεισι
960 1789 1244 1860 μονάσασα
1280 1789 1382 1861 τῆς
1422 1791 1628 1862 μονῆς,
1664 1790 1824 1861 εί¹μὴ
1864 1808 1982 1860 μετ’

2094 588 2198 642 nisi
2233 603 2379 642 mors
2407 599 2501 642 aut
2531 592 2838 646 communis
2877 593 3082 647 utilitas
3117 605 3298 664 cogat.

2165 679 2258 734 57.
2291 680 2586 736 Solitarins
2622 682 2766 750 pulla
2799 696 2952 739 veste
2987 686 3209 740 indutus
3242 697 3404 755 atque
3440 687 3691 744 indeton-

2094 787 2217 838 sus,
2253 774 2359 828 nisi
2395 773 2686 829 tondeatur
2718 778 3160 848 monasterioque
3198 779 3523 845 includatur,
3555 783 3690 837 urbe

2096 867 2427 935 expellatur.

2169 957 2259 1012 58.
2313 959 2553 1024 Quilibet
2602 961 2724 1014 vitae
2779 960 3069 1030 procellam
3125 962 3364 1031 fugiens,
3418 972 3582 1031 atque
3633 966 3687 1018 in

2095 1055 2488 1106 monasterium
2549 1054 2760 1123 ingredi
2815 1056 3070 1124 cupiens,
3113 1056 3230 1125 ejus
3283 1056 3360 1110 rei
3413 1056 3685 1112 licentiam

2093 1143 2313 1198 babeaL
3425 1137 3449 1162 ’

2166 1236 2252 1292 '59.
2284 1235 2582 1293 Monachus
2614 1237 2966 1293 matrimonio
2992 1239 3234 1308 junctus,
3263 1248 3358 1294 aut
3386 1238 3683 1306 l'urnicans,

2093 1327 2444 1383 fornicatoris
2472 1343 2692 1399 ptenam
2727 1330 2940 1385 subeat.

2163 1418 2256 1473 40.
2286 1418 2550 1474 Parentes
2580 1420 2770 1484 tiliam,
2796 1436 2920 1490 quae
2955 1420 3256 1476 solitariam
3290 1422 3453 1476 vitam
3490 1423 3686 1494 degere

2093 1511 2424 1575 instituerit,
2482 1513 2676 1567 sericis
2726 1514 2969 1568 vestibus
3022 1529 3129 1568 non
3187 1515 3442 1580 induent,
3497 1516 3684 1584 sicque

2093 1605 2340 1659 habitent
2370 1607 2420 1661 ei
2454 1608 2888 1677 eircumponent.
2914 1607 3028 1664 Hoc
3055 1608 3202 1663 enim
3231 1609 3463 1664 labentis
3495 1611 3682 1664 mundi

2091 1699 2392 1753 admonitio
2424 1709 2528 1753 est.

2167 1791 2256 1844 41.
2307 1790 2555 1844 Mnnialis
2605 1807 2710 1845 non
2761 1791 3072 1861 egredietur
3123 1807 3152 1847 e
3199 1792 3530 1846 monasterio
3579 1792 3679 1844 nisi

374 1880 637 1947 εὐλογίας
680 1881 780 1952 τῆς
829 1882 1233 1953 προεστὼσης·
1285 1883 1382 1937 καὶ
1435 1883 1572 1954 μηδέ
1625 1885 1800 1952 μόνη,
1849 1883 1974 1936 ἁ).λό

2091 1898 2210 1935 cum
2249 1879 2625 1934 benedictione
2661 1881 2991 1950 praepositae;
3036 1894 3216 1949 neque
3253 1893 3382 1933 vero
3417 1880 3552 1942 sola,
3583 1879 3681 1932 sed

380 1969 502 2039 μεθ’
526 1971 722 2040 ἐτέρας
750 1971 1120 2039 πρεσϐυτίδος
1144 1987 1158 2001 ’
1187 1971 1480 2037 ἐξώκοιτος
1511 1971 1569 2024 δὲ
1595 1971 1657 2024 τὸ
1684 1971 1893 2024 ἐπίπαν
1921 1973 1982 2024 οὐ

375 2064 612 2128 γίνεται.
649 2063 806 2115 Κατὰ
839 2062 1010 2115 ταύτὸ
1046 2065 1142 2117 καὶ
1178 2064 1468 2134 μονὰζων,
1504 2065 1552 2116 εί
1592 2063 1668 2134 μὴ
1707 2065 1826 2134 μετ’
1856 2065 1980 2117 ἐπιο

376 2155 590 2224 τροπῆς
621 2154 950 2222 ἡγουμένου,
982 2156 1082 2226 τῆς
1120 2158 1288 2226 μονῆς
1322 2158 1398 2226 μὴ
1427 2156 1642 2220 ἐξιὲτω.

453 2244 564 2314 μβ’.
607 2243 746 2298 Οὔτε
777 2247 1015 2314 γυναῖκα
1060 2247 1238 2316 χρεὼν
1268 2248 1483 2320 ἀνδρῶν
1516 2248 1849 2319 καθευδῆσαι
1884 2267 1984 2319 μο-

377 2339 682 2409 ναστηρίῳ,
713 2338 841 2392 οὔτε
871 2341 1155 2408 γυναικῶν
1185 2340 1378 2410 ἄνδρα.

455 2429 568 2500 μγ’.
599 2432 665 2484 Ἡ
691 2432 1079 2502 διαζευχθεῖσα
1098 2433 1194 2486 τοῦ
1223 2433 1531 2503 ἐπισκοπὴν
1555 2434 1820 2500 δέξασθαι
1852 2434 1981 2503 μὲλ-

381 2526 602 2589 λοντος,
642 2527 781 2596 μετὰ
812 2524 914 2596 τὴν
948 2524 1288 2596 χειροτονίαν
1322 2527 1540 2580 εἱσιέτω
1581 2531 1660 2590 είς
1707 2529 1982 2598 μοναστή-

385 2633 525 2686 ριον,
551 2619 650 2685 τῆς
679 2618 994 2687 ἐπισκοπῆς
1019 2619 1380 2689 πορρωτάτω,
1411 2621 1507 2673 καὶ
1532 2620 1856 2673 ἀπολαυὲτω
1881 2620 1980 2690 τῆς

383 2709 639 2779 προνοίας
671 2710 764 2763 τοῦ
796 2711 1124 2764 ἐπισκόπου.

463 2800 568 2870 μ.δῆ
597 2800 737 2854 Ὅσα
774 2801 918 2854 κατὰ
949 2799 1176 2872 γνώμην
1210 2801 1514 2855 ἐπισκόπου
1549 2802 1770 2870 πέπηγε
1812 2819 1979 2872 μονα-

386 2891 619 2960 στήρια,
674 2891 860 2944 οὐκέτι
911 2891 1157 2960 κοσμικὰ
1205 2879 1531 2959 καταγώθτια
1579 2892 1810 2961 γίνεται,
1859 2892 1981 2946 οὺδέ

321 2983 673 3049 οκοσμικιῖς
705 2982 963 3051 ἀνδράσιν
994 2981 1284 3036 ἐκδίδοται.

461 3080 564 3142 με’.
608 3074 740 3127 Οὐδὲ
786 3076 877 3128 τὸν
922 3075 1108 3127 λαῐκὸν
1153 3074 1409 3127 κυϐεύειν
1449 3075 1594 3141 δέον,
1635 3075 1756 3128 οὐδὲ
1805 3077 1978 3146 μῖμον

379 3163 523 3220 εἶναι
544 3185 555 3196 ·
589 3167 710 3220 οὑδέ
742 3166 992 3239 θεάτρον,
1025 3167 1118 3221 καὶ
1150 3167 1433 3238 κυνηγίων
1465 3167 1779 3238 ἀνέχεσθαι.

459 3345 583 3417 μς’.
627 3347 813 3401 Διόλου
869 3348 970 3416 τῆς
1005 3347 1486 3417 Ἰέσσαρακοστῆς,
1521 3345 1646 3416 δίχα
1683 3347 1977 3416 Κυριακῶν

378 3444 481 3494 καὶ
517 3440 829 3507 Σαὸὄὰτου,
864 3441 933 3492 τὰ
969 3440 1305 3509 ἁγιασθέντα
1343 3438 1707 3509 προσάγεται.

453 3533 562 3603 μζη
603 3533 745 3596 Τοὺς
788 3532 1221 3602 ἀναδεχομένους
1263 3531 1461 3594 παῖδας
1508 3531 1618 3584 ἀπὸ
1666 3529 1978 3600 βαπτίσμα-

374 3644 466 3689 τος
486 3667 502 3692 ,
533 3627 596 3678 οὐ
632 3625 973 3695 συναφθῆναι
999 3628 1122 3688 ταῖς
1151 3624 1258 3678 τῶν
1291 3623 1504 3678 παίδων
1537 3624 1725 3685 ἐάσεις
1761 3624 1978 3693 μητρά-

379 3739 468 3774 σιν
493 3737 504 3750 ·
537 3722 588 3773 εἰ
617 3720 674 3773 δέ
705 3737 788 3781 τις
818 3722 911 3772 καὶ
937 3699 1247 3788 ’συναφθείη
1268 3762 1282 3786 ,
1318 3717 1462 3789 μετὰ
1488 3716 1549 3770 τὸ
1581 3699 1974 3787 ἀποσυναφῦἧ-

377 3834 490 3878 ναι,
525 3815 622 3868 καὶ
649 3814 709 3868 τὸ
739 3814 1016 3884 ἐπιτίμιον
1042 3812 1224 3884 γνοίη.

452 3904 566 3977 μηε
605 3906 679 3958 υὺ
711 3905 1094 3976 συγχωρήσεις
1122 3903 1389 3976 ἐξαδέλφῃ
1421 3904 1726 3974 ωζυγῆναι
1756 3902 1976 3970 ἐξάδελ-

376 4015 502 4066 ςον,
535 3996 657 4049 οὺδέ
690 3997 928 4065 θυγατρὶ
960 3997 1057 4048 καὶ
1096 3995 1267 4065 μητρὶ
1301 3995 1415 4048 υἱὸν
1447 3996 1544 4048 καὶ
1580 3995 1818 4066 πατέρα,
1851 3993 1974 4047 οὐδὲ

383 4091 537 4144 δυσὶν
582 4089 835 4158 ἀδελφοῖς
899 4090 1118 4160 μητέρα
1175 4088 1269 4142 καὶ
1305 4087 1608 4158 θυγατέρα,
1650 4089 1774 4140 οὐδέ
1819 4087 1974 4141 δυσὶν

375 4183 638 4250 ἀδελφαῖς
679 4181 968 4250 ἀδελφούς.
1021 4182 1084 4234 Εἰ
1118 4181 1176 4234 δέ
1210 4199 1265 4234 τι
1299 4183 1542 4235 τοιοῦτον
1598 4184 1692 4235 καὶ
1723 4182 1970 4252 γένοιτο,

379 4276 526 4344 μετὰ
572 4272 676 4342 τῆς
737 4270 1039 4334 διαλύσεως
1117 4273 1412 4326 ἑπταετίαν
1487 4272 1968 4327 ὑποπιπτέτωσαν.

450 4446 562 4526 ῥθν.
604 4453 670 4510 0i
705 4453 970 4525 Ῥωμαῖοι
1003 4453 1072 4506 τὰ
1105 4457 1202 4524 τῆς
1240 4453 1704 4524 Τεσσαρακοστῆς
1737 4455 1970 4526 νηστεύ-

373 4565 508 4600 ουσι
543 4545 797 4599 Σὰὃὸατα
825 4561 839 4576 ο
879 4545 1293 4615 ὑπομιμνήσκει
1326 4543 1510 4596 τοίνυν
1546 4545 1579 4614 ἡ
1619 4544 1839 4608 σύνοδος
1874 4544 1970 4598 καὶ

374 4645 473 4696 ἐπὶ
501 4640 711 4692 τούτων
741 4639 944 4693 κάνονα
974 4640 1216 4708 κρατεῖν.

446 4755 515 4811 ν’.
556 4757 620 4809 Οἱ
659 4754 936 4825 Ἀρμένιοι
971 4753 1054 4805 ὠὰ
1089 4753 1184 4806 καὶ
1211 4751 1376 4823 τυρὸν
1410 4755 1520 4816 τοῖς
1554 4756 1652 4823 τῆς
1683 4755 1969 4825 Τεσσαρα-

375 4851 581 4920 κοστῆς
628 4849 873 4901 ἐσθίουσι
922 4847 1234 4902 Σάὀὸασιν·
1283 4847 1515 4918 ὥρισται
1562 4846 1743 4900 τοίνυν
1788 4849 1970 4900 πᾶσαν

372 4943 475 5014 τήν
519 4941 848 5011 οἰκουμένην
893 4940 990 4992 καὶ
1031 4937 1244 4992 τούτων
1281 4934 1625 4992 ἀπένεσθαι”ο
1668 4940 1718 4990 εί
1762 4937 1824 4990 δὲ
1870 4938 1968 5010 μὴ,

372 5037 600 5098 πάντως
631 5032 1014 5103 ἀφορίζεσθαι.

447 5151 550 5206 να’.
602 5151 803 5214 Λαῖκδς
855 5152 921 5204 οὐ
980 5150 1336 5220 μεταδίδωσιν
1393 5149 1608 5221 ἐαυτῷο
1643 5151 1693 5203 εί
1747 5151 1804 5204 δέ
1868 5151 1966 5223 μὴ,

373 5247 631 5316 ἑπταὴμε
641 5261 732 5316 ρον
763 5243 1110 5316 ἀφορίζεται.

446 5361 550 5431 νβέ.
569 5362 656 5415 Ἐν
679 5363 846 5432 εὐκτη
857 5361 995 5431 ρίοις
1019 5361 1404 5432 ὑπερεχόντων·
1422 5359 1634 5416 ἔνδοθεν
1657 5361 1842 5428 οἴκων,
1863 5362 1966 5416 οὐκ

369 5456 750 5511 ἐπιτελέσωσι
779 5454 1104 5525 βαπτισμαν

445 5571 546 5640 νγ’.
591 5570 659 5624 Et
687 5589 770 5634 τις
807 5569 1170 5640 ὑποκρίνεται
1206 5570 1494 5642 δαιμονᾷν,
1529 5571 1598 5624 τὰ
1632 5570 1740 5626 τῶν
1772 5571 1964 5642 δαιμοι-

372 5665 595 5719 νὼντων
625 5664 878 5734 ἐπιτίμια
912 5662 1307 5732 ὑποστήσεται.

443 5758 742 5820 νὸ⁴.”ὐστις
775 5741 972 5810 ἑαυτὸν
1002 5756 1444 5827 ἑκατοντάρχοις,
1476 5757 1508 5826 ἦ
1546 5757 1802 5826 μάντεσιν
1835 5758 1957 5810 ἐπι-

369 5851 466 5924 δῷ,
502 5851 576 5917 ὥς
606 5867 660 5905 τι
687 5850 794 5926 τῷν
825 5848 1164 5919 ἀπορρήτων
1197 5849 1509 5918 μανθάνειν.
1543 5849 1792 5916 ἑξαετίαν
1822 5851 1957 5903 ὑπο.

2086 1991 2210 2028 cum
2261 1975 2428 2027 altera
2476 1975 2708 2028 seniore.
2742 1973 2900 2027 Foris
2944 1983 3124 2026 autem
3171 1986 3512 2040 nequaquam
3557 1986 3680 2039 per-

2089 2072 2306 2128 noctct,
2345 2065 2598 2118 similiter
2640 2076 2694 2117 et
2740 2064 3072 2130 monachus,
3113 2064 3214 2116 nisi
3263 2077 3386 2116 cum
3439 2063 3680 2132 praelecu

2087 2163 2264 2219 venia,
2293 2158 2623 2210 nionasterio
2661 2173 2727 2210 ne
2761 2157 3088 2225 egrediatur.

2162 2252 2254 2304 42.
2285 2251 2478 2320 Neque
2515 2249 2795 2304 mulierem
2835 2251 2886 2303 in
2929 2251 3166 2304 virorum
3203 2249 3556 2314 monasterio,
3584 2263 3677 2303 ne-

2086 2359 2189 2412 que
2219 2345 2394 2395 virum
2433 2344 2484 2396 in
2524 2341 2773 2396 n‘itiliebri
2810 2343 3050 2396 dormire
3083 2353 3320 2411 oportet.

2155 2435 2248 2488 45.
2298 2433 2428 2500 Quae
2481 2451 2508 2486 a
2565 2435 2746 2487 futuro
2796 2433 3052 2503 episcopo
3102 2445 3353 2504 separata
3397 2442 3514 2498 est,
3559 2443 3679 2502 post

2086 2527 2487 2581 ordinationem
2536 2527 2875 2594 ingrediatur
2911 2527 3338 2592 monasterium,
3377 2526 3567 2596 procul
3610 2528 3679 2582 ab

2084 2617 2325 2686 episcopi
2364 2617 2547 2682 domo,
2579 2632 2643 2672 ac
2677 2617 2918 2688 episcopi
2955 2633 3090 2672 cura
3121 2617 3352 2672 fruatur.

2155 2795 2247 2850 44.
2281 2796 2629 2868 Quaecunque
2679 2815 2744 2854 ex
2796 2814 3066 2854 consensu
3115 2800 3357 2869 episcopi
3401 2808 3675 2855 exstructa

2085 2893 2603 2958 suntmonasteria,
2636 2908 2740 2945 non
2781 2893 3013 2961 amplius
3057 2893 3340 2947 saecularia
3375 2893 3674 2948 diversoria

2087 2986 2244 3046 liunt,
2280 3001 2454 3052 neque
2493 2984 2847 3038 saecularibus
2886 2983 3198 3038 hominibus
3228 2983 3530 3038 elocantur.

2158 3077 2248 3131 45.
2296 3076 2484 3145 Neque
2536 3078 2731 3131 laicum
2782 3078 2898 3131 alea
2953 3078 3138 3130 ludere
3199 3085 3443 3144 oportet,
3495 3075 3674 3144 neque

2028 3218 2050 3240 ,
2087 3172 2413 3226 liisn-ionem
2455 3187 2603 3236 esse,
2633 3187 2808 3240 neque
2843 3169 3172 3238 spectaculis
3205 3181 3265 3225 et
3295 3171 3672 3224 venationibus

2085 3265 2387 3330 indulgere.

2152 3358 2242 3411 46.
2278 3358 2380 3411 Per
2413 3367 2578 3411 tutam
2615 3356 3123 3426 Qnadragesimam,
3153 3357 3395 3427 exceptis
3419 3356 3674 3412 Domini-

2080 3452 2158 3505 cis
2191 3462 2245 3504 et
2280 3452 2544 3512 Sablnito,
2577 3463 2764 3504 sancta
2800 3451 3124 3505 oll'cruntur.

2154 3545 2242 3598 47.
2277 3547 2574 3611 Susceptus
2616 3561 2643 3595 a
2689 3545 3012 3612 baptismate
3053 3544 3214 3610 ﬁlios,
3246 3557 3435 3598 eorum
3477 3543 3671 3598 matri-

2078 3639 2183 3693 bus
2218 3638 2463 3707 copulari
2502 3654 2606 3689 non
2635 3637 2805 3701 sincs,
2852 3637 2897 3692 si
2932 3637 3049 3705 quis
3082 3653 3210 3692 vero
3241 3637 3525 3706 copulatus
3556 3636 3672 3692 fue-

2077 3732 2171 3796 rit,
2199 3742 2321 3800 post
2355 3734 2776 3799 septa-minuent,
2804 3746 3022 3800 poenam
3061 3747 3279 3800 quoque
3314 3732 3525 3788 subeat.

2149 3906 2240 3961 £8.
2294 3905 2412 3962 Non
2477 3908 2761 3978 permittes
2821 3909 3055 3978 patrueli
3111 3908 3460 3963 matrimonio
3513 3909 3666 3978 iungi

2075 4001 2398 4069 patruelem,
2426 4015 2603 4070 neque
2652 4002 2775 4054 lilia:
2822 4012 2876 4055 ct
2919 4002 3077 4068 matri
3129 4001 3296 4054 tilium
3338 4011 3393 4055 et
3432 4011 3665 4070 patrem,

2077 4107 2258 4164 neque
2293 4095 2511 4148 duobus
2544 4095 2817 4148 fratribus
2843 4107 3070 4147 matrem
3105 4104 3160 4148 et
3193 4110 3461 4157 sororem,
3493 4111 3674 4164 neque

2075 4186 2283 4241 duabus
2329 4185 2608 4239 sororibus
2643 4185 2864 4239 fratres.
2900 4183 2959 4238 Si
2995 4185 3124 4253 quid
3158 4200 3288 4238 vero
3322 4186 3429 4238 tale
3461 4186 3662 4241 factum

2074 4279 2284 4345 fuerit,
2316 4286 2438 4348 post
2482 4278 2934 4342 dissolutionem,
2997 4279 3284 4348 septennio
3334 4279 3677 4348 poenitentiae

2074 4370 2456 4442 subiiciantur.

2145 4463 2238 4518 49.
2297 4462 2529 4518 Romani
2581 4463 3028 4532 Quadragesima:
3081 4463 3334 4520 Sabbatis
3385 4463 3673 4536 ieiunam.-

2006 4558 2344 4624 DAdmonet
2407 4558 2573 4628 igitur
2625 4559 2869 4630 synodus
2928 4559 2982 4611 in
3039 4558 3124 4612 his
3170 4559 3334 4612 etiam
3393 4573 3668 4614 canonem

2076 4649 2276 4705 valere.

2150 4766 2241 4820 50.
2275 4765 2518 4820 Armenii
2555 4780 2656 4818 ova
2697 4774 2751 4820 et
2784 4780 3004 4821 caseum
3041 4765 3482 4836 Quadragesimze
3518 4765 3669 4823 Sabe

2078 4860 2236 4915 batis-
2261 4860 2616 4914 manducant.
2651 4857 2926 4914 Stalutum
2963 4870 3050 4914 est
3076 4859 3242 4929 igitur
3274 4867 3442 4914 totum
3474 4860 3675 4915 orbenv

2075 4953 2141 5004 ab
2168 4951 2252 5006 his
2277 4953 2440 5004 ctiam
2472 4951 2781 5017 abstinere;
2812 4951 2896 5005 sin
2923 4965 3074 5016 vero,
3103 4949 3320 5020 penitus
3348 4965 3676 5005 excommw

2074 5057 2263 5097 nicart.

2142 5162 2231 5216 5l.
2259 5160 2452 5217 Laicus
2483 5162 2584 5217 sibi
2629 5162 2734 5233 ipsi
2789 5163 3225 5219 communionem
3255 5179 3359 5218 non
3387 5163 3668 5234 impertit;

2069 5255 2152 5310 sin
2184 5266 2564 5325 vero,-septeiu
2595 5256 2785 5312 diebus
2809 5259 3335 5313 excommunicatur.

2140 5370 2231 5426 52.
2265 5371 2320 5425 ln
2355 5372 2635 5440 oratoriis,
2662 5389 2782 5444 quae
2816 5381 2945 5430 sunt
2971 5374 3116 5428 intra
3146 5381 3456 5443 mag-natum
3487 5372 3665 5440 aedes?

2067 5461 2398 5532 baptismum
2436 5479 2540 5518 non
2575 5474 2859 5536 peragant;

2139 5578 2231 5633 53.
2263 5576 2319 5631 Si
2354 5579 2478 5647 quis
2513 5578 2741 5633 simulat’
2759 5591 2818 5633 se
2851 5593 2882 5632 a
2916 5575 3187 5633 daemonio
3217 5577 3429 5648 agitari,
3458 5579 3669 5637 dat-moi

2066 5671 2347 5725 niacorum
2383 5669 2642 5738 supplicia
2678 5670 2899 5725 subibit.

2143 5762 2230 5817 54.
2261 5762 2518 5832 Quisquis
2547 5777 2604 5816 se
2634 5761 3043 5816 centurionibus
3071 5771 3162 5816 aut
3188 5763 3403 5818 vatil'ns
3433 5765 3660 5833 addicit,

2069 5859 2128 5906 ut
2160 5851 2361 5907 secreti
2391 5850 2592 5920 ahquid
2622 5851 2818 5919 discat,
2847 5866 2944 5908 se!
2971 5867 3143 5909 annos
3175 5853 3506 5924 panitemia:
3533 5869 3668 5909 ξιιμ-ν
