4140 6404
497 322 601 386 103

416 452 418 455 '
488 441 664 510 iaceat
695 455 710 494 :
740 443 929 496 eodem
957 441 1118 497 modo
1147 450 1200 498 et
1229 441 1325 511 qui
1347 439 1657 509 iuramenta
1689 449 2001 510 extorquet.

565 620 657 674 55.
685 621 785 686 Qui
813 620 1229 690 circulatoribus
1257 627 1312 674 et
1342 617 1703 674 nebulouihus
1730 619 1990 680 adhaeret,
2017 634 2081 673 ac

489 711 602 766 fato
631 721 686 764 et
711 709 944 766 fortuna:
975 712 1172 778 credit,
1198 712 1268 766 ab
1296 709 1553 768 Ecclesiae
1585 720 1858 766 conventu
1893 725 2082 766 arcen-

487 807 590 859 dus
618 813 723 858 est.

558 899 650 953 56.
684 897 728 950 A
766 895 1008 951 ﬁdelium
1042 895 1165 949 vita:
1197 894 1410 949 ratione
1443 893 1764 949 auferantur
1795 908 1992 964 pascua
2027 906 2081 948 et

489 989 780 1055 brumalia,
803 997 857 1042 et
887 987 1204 1041 saltationes
1235 988 1289 1041 in
1317 989 1539 1041 deorum
1573 986 1835 1041 honorem
1865 1001 2078 1042 necnon

491 1082 740 1144 comicae,
768 1083 1000 1136 satirica:
1032 1089 1087 1134 et
1119 1081 1335 1148 tragica:
1365 1094 1634 1148 personae,
1667 1088 1828 1148 atque
1861 1080 2081 1133 invoca-

491 1172 569 1224 tio
612 1171 808 1226 Bucchi
857 1172 910 1225 in
959 1169 1346 1235 torcularibus,
1377 1169 1630 1238 risusque
1669 1170 1720 1222 in
1765 1170 1942 1224 doliis.
1976 1169 2078 1234 Qui

489 1278 620 1318 vero
658 1274 778 1332 post
806 1266 949 1318 hunc
979 1277 1244 1318 canonem
1281 1262 1333 1316 in
1365 1261 1449 1317 bis
1483 1261 1837 1332 perstitetint,
1864 1261 2079 1316 crimini

487 1364 651 1406 erunt
685 1353 927 1408 obnoxii.

559 1446 649 1500 57.
684 1445 931 1500 Conﬁcta
975 1461 1005 1501 a
1049 1446 1256 1503 Graecis
1300 1443 1704 1517 Martyrologia,
1735 1442 1790 1498 in
1831 1443 2080 1500 ecclesiis

487 1555 558 1594 ne
588 1539 909 1593 recitentur.

563 1630 652 1684 58.
682 1630 877 1685 Laicus
910 1647 977 1686 ne
1005 1631 1198 1688 doceat
1222 1650 1237 1688 :
1265 1646 1370 1686 non
1394 1631 1538 1687 enim
1562 1645 1756 1687 omnes
1776 1631 2076 1700 prophetae,

489 1736 664 1790 neque
698 1737 888 1777 omnes
922 1725 1168 1793 apostoli.

556 1813 647 1867 59.
681 1811 819 1884 [logi
855 1815 945 1882 qui
981 1814 1033 1867 in
1071 1813 1314 1869 tabernis
1349 1813 1644 1869 noviluniis
1687 1821 2071 1877 exstruuntur,
2108 1801 2151 1857 Β

485 1905 690 1972 quique
722 1919 819 1960 eos
854 1906 1185 1970 transiliunt,
1216 1906 1565 1976 abrogentur.

555 2083 646 2138 60.
669 2083 804 2138 Tota
829 2094 950 2154 post
972 2085 1449 2141 Resurrectionem
1467 2085 1828 2151 hebdomade,
1847 2084 2076 2154 quilibet

484 2177 660 2232 ﬁdelis
693 2179 1067 2236 ecclesiastico
1100 2183 1394 2235 conventui
1431 2179 1668 2234 intersit.

555 2272 643 2324 6l.
678 2269 923 2326 Clericus
969 2273 1290 2342 sanguinem
1339 2274 1678 2327 manducans
1721 2271 2015 2343 deponitur
2057 2293 2071 2328 :

483 2361 654 2416 laicus
685 2377 815 2418 vero
849 2365 1376 2421 excommunicatur.

558 2453 648 2508 62.
679 2453 795 2510 Non
829 2470 1146 2525 corrumpes
1169 2456 1416 2512 divinum
1448 2459 1716 2528 codicem,
1745 2476 1922 2531 neque
1953 2476 2076 2516 cor-

489 2547 854 2615 rumpendum
884 2547 1060 2614 dabis,
1084 2548 1186 2604 nisi
1217 2564 1443 2618 prorsus
1471 2552 1678 2609 inutilis
1707 2554 1779 2610 sit
1808 2554 2071 2609 redditus.

557 2636 657 2688 65.
694 2634 896 2690 Praeter
941 2637 1343 2706 imperatorem,
1375 2640 1554 2697 nullus
1595 2643 1853 2698 laicorum
1895 2644 2074 2714 propi-

487 2729 764 2782 tiatorium
801 2730 1126 2798 ingreditur.

553 2823 642 2877 64.
677 2823 994 2880 Mulieribus
1038 2825 1183 2895 loqui
1237 2826 1288 2881 in
1327 2828 1561 2885 ecclesia
1596 2845 1706 2886 non
1744 2831 2070 2901 permissum

483 2923 588 2968 est.

553 3006 644 3062 65.
702 3007 1222 3065 Excommunicatur
1281 3011 1662 3083 legisperitus,
1743 3014 1837 3084 qui
1923 3029 2074 3068 more

480 3102 664 3170 gentili
697 3102 885 3169 utitur,
914 3118 977 3159 ac
1016 3105 1246 3160 theatris
1275 3107 1498 3162 adhibet
1524 3118 1579 3163 et
1607 3123 1731 3164 sese
1763 3110 1996 3166 volutat.

552 3194 994 3250 66.‘\lnvalidum
1032 3213 1154 3252 cum
1182 3199 1455 3255 haereticis
1489 3203 1935 3269 matrimonium;
1976 3204 2068 3272 qui

480 3296 661 3340 autem
709 3297 872 3342 antea
926 3298 1343 3358 contraxerunt,
1375 3291 1421 3345 si
1458 3291 1642 3356 velint,
1677 3293 1730 3346 in
1764 3307 1830 3348 eo
1863 3309 2075 3348 permu-

478 3391 670 3433 neant.

548 3468 642 3525 67.
685 3470 833 3526 Crux
865 3472 986 3526 solo
1015 3471 1308 3543 impressa,
1340 3473 1712 3529 oblitteratur.

549 3564 639 3619 68.
719 3566 919 3633 Agapae
975 3574 1028 3619 et
1091 3564 1374 3621 accubitus
1425 3567 1730 3623 Dominicis
1786 3584 1892 3624 non
1947 3582 2073 3639 per-

477 3665 741 3724 aguntur.

551 3762 642 3817 69.
675 3763 998 3820 lnconditns
1048 3765 1257 3820 clamor
1283 3766 1532 3823 canentis
1563 3766 1926 3837 impudenter,
1949 3765 2072 3836 qui-

475 3869 584 3924 que
628 3869 692 3910 ea
731 3870 854 3924 qua:
903 3859 960 3911 in
1010 3856 1249 3913 ecclesia
1297 3857 1554 3914 dicuntur
1603 3857 1802 3926 eﬁ‘ert,
1852 3859 2074 3914 minime

478 3956 813 4016 congruunt.

553 4059 645 4113 70.
694 4057 841 4113 lntra
873 4072 1092 4114 sacrum
1134 4065 1352 4128 septum
1381 4075 1634 4130 caupona
1675 4058 1940 4115 constitui
1965 4073 2070 4114 non

477 4150 687 4206 debet:
723 4165 788 4205 ac
829 4151 1030 4206 ibidem
1063 4151 1222 4206 cibos
1262 4152 1446 4216 vendi,
1483 4152 1752 4222 ineptum.

549 4263 644 4316 71'.
677 4260 1024 4317 Christianus
1049 4277 1175 4316 cum
1212 4259 1536 4316 mulieribus
1567 4275 1675 4315 non
1710 4261 1944 4317 lavatur.

549 4352 640 4404 πο.
695 4351 1266 4433 ιιιιιιηίιιοιυεηιιίηια
1308 4352 1665 4408 hebdomade
1710 4353 1870 4408 ﬁdem
1907 4353 2073 4424 proﬁ-

476 4453 679 4497 tentur.

551 4557 640 4612 75.
703 4557 1233 4615 Excommunicatur
1279 4558 1371 4628 qui
1420 4566 1544 4628 post
1597 4557 1790 4614 festum
1828 4559 2070 4630 Deiparae

478 4651 722 4704 similam
756 4661 850 4705 aut
896 4652 1044 4706 aliud
1081 4661 1329 4720 apparat,
1365 4661 1585 4720 propter
1613 4666 1675 4707 ea
1710 4668 1829 4720 qua:
1865 4669 2068 4708 vocan-

475 4753 568 4796 tur
603 4757 724 4811 post
758 4754 971 4812 partum
1006 4756 1384 4814 purgatttenta.

555 4837 647 4891 τι.
685 4837 740 4890 Si
771 4839 895 4906 quis
921 4839 1056 4890 citra
1088 4840 1468 4893 necessitatem
1502 4853 1599 4908 per
1624 4848 1734 4893 tres
1759 4838 2069 4894 Dominicas

476 4930 547 4985 ab
575 4932 803 4986 ecclesia
833 4932 998 4997 absit,
1034 4934 1560 4988 cxcommunicatur.

550 5028 639 5083 75.
673 5028 772 5095 Qui
802 5030 867 5082 ad
901 5028 1182 5098 Trisngion
1217 5032 1481 5101 hymnum
1511 5029 1696 5098 adjicit
1721 5031 1850 5085 illud
1885 5048 1901 5087 :
1931 5030 2068 5085 Cru-

477 5122 696 5191 ciﬁxus,
729 5122 1025 5177 haereticus-
1051 5132 1328 5178 censetur.

551 5214 639 5268 16.
685 5212 812 5268 Non-
841 5215 1062 5283 sculpes
1091 5229 1286 5286 agnum
1320 5219 1374 5269 in
1416 5217 1648 5286 ﬁguram
1681 5215 1923 5282 Christi,
1971 5215 2066 5270 sed

479 5305 628 5359 illum
673 5309 872 5375 ipsum.

551 5398 636 5450 77.
675 5398 879 5455 Servus
922 5416 953 5454 a
993 5401 1215 5455 domino
1246 5401 1611 5464 manumissus
1659 5415 1846 5456 coram
1886 5401 2059 5456 tribus

482 5491 736 5554 testibus,
767 5493 1050 5548 servitutis
1085 5507 1285 5563 expers
1315 5495 1405 5546 sit.

555 5582 641 5635 78.
693 5584 792 5648 Qui
847 5598 1142 5656 congregat
1191 5589 1506 5643 meretrices
1537 5587 1592 5642 in
1621 5588 1918 5658 perniciem
1945 5589 2064 5642 ani-

480 5690 716 5739 marum,
746 5681 1266 5734 excommunicatur.

551 5772 641 5828 79.
697 5771 828 5838 Quae
860 5789 890 5829 a
946 5775 1062 5831 viro
1119 5775 1187 5830 ad
1245 5776 1412 5833 alium
1443 5792 1503 5834 se
1534 5776 1784 5845 confert,
1815 5776 2062 5833 adultera

1750 320 2087 382 ARISTEN
2095 321 2122 381 Ι
2165 321 2519 382 MONACHI

3673 323 3777 386 1M

2107 449 2149 502 Α
2183 445 2429 496 πιπτέτω
2453 460 2464 472 ·
2497 443 2640 496 κατά
2669 442 2842 496 ταυτά
2873 443 2968 497 καὶ
2991 445 3018 495 6
3049 444 3246 513 ἄρτους
3277 441 3377 514 [αἱ.
3407 442 3626 515 ὅρκους]
3655 447 3777 498 ἑπι-

2186 537 2508 604 συρόμενος.

2254 635 2348 684 νε’.
2392 627 2452 682 Ὀ
2500 629 2788 694 γυτευταῖς
2829 628 2924 680 καὶ
2970 626 3363 695 νεφοδιὼκτατς
3397 627 3773 697 κολλώμενος,

2182 721 2277 774 καὶ
2326 720 2637 792 εἱμαρμένῃ
2685 723 2780 774 καὶ
2810 721 2950 792 τύχῃ
2985 721 3279 782 πιστεύων,
3312 721 3412 789 τῆς
3445 721 3775 792 Ἐκκλησίας

2182 814 2636 881 ἀποσυνάγωγος.

2255 911 2372 971 νς¹.
2417 905 2818 977 Περιαιρείσθω
2855 906 2955 976 τῆς
2984 904 3094 960 τῶν
3124 905 3332 958 πιστῶν
3358 905 3426 958 τὰ
3460 904 3593 974 βοτὰ
3621 905 3775 960 πολι-

2181 997 2364 1062 τείας,
2409 1000 2506 1050 καὶ
2550 998 2619 1052 τά
2662 996 3002 1067 βρουμάλια,
3046 997 3144 1052 καὶ
3184 997 3243 1052 αἱ
3288 997 3546 1067 ὀρχήσεις
3591 998 3646 1051 αἱ
3691 999 3774 1061 είς

2182 1089 2375 1153 θεοὺς,
2411 1091 2505 1143 καὶ
2537 1091 2605 1144 τά
2639 1090 2896 1160 κωμικὰ,
2934 1091 3029 1144 καὶ
3065 1091 3368 1160 σατυρικὰ,
3403 1092 3498 1143 καὶ
3529 1089 3599 1142 τά
3631 1103 3773 1160 τρα-

2181 1183 2314 1250 γικά
2347 1183 2637 1254 πρόσωπα,
2674 1184 2771 1238 καὶ
2797 1185 2836 1255 ἡ
2874 1184 2972 1238 ἐπὶ
3003 1184 3188 1254 ληνοῖς
3219 1182 3314 1236 τοῦ
3347 1183 3610 1236 Διονύσου
3647 1184 3739 1235 ὲπί
3761 1213 3775 1224 -

2181 1274 2414 1344 κλησις,
2450 1276 2546 1329 καὶ
2587 1277 2616 1328 6
2657 1275 2751 1329 ἐπὶ
2784 1278 2897 1340 τοῖς
2931 1275 3116 1339 πίθοις
3150 1276 3348 1344 γέλως.
3383 1276 3448 1328 Οἱ
3481 1274 3540 1328 δὲ
3575 1276 3772 1345 ἐπιμέ-

2181 1383 2364 1429 νοντες
2402 1367 2545 1435 μετά
2572 1367 2668 1420 τὸν
2699 1369 2925 1429 κάνονα,
2961 1367 3281 1422 ὑπεύθυνοι.

2251 1457 2348 1522 νξ.
2390 1460 2472 1512 Τὰ
2514 1460 2605 1526 ὑφ’
2643 1460 2914 1530 Ἐλλήνων
2951 1460 3382 1530 συμπλασθέντα
3427 1460 3772 1532 μαρτυρολὸ-

2180 1571 2296 1623 για,
2333 1557 2409 1625 μὴ
2441 1555 2883 1626 ἐκκλησιάζοιτο.

2251 1646 2354 1714 νη’.
2395 1647 2599 1710 Λαῖκδς
2637 1647 2713 1718 μὴ
2746 1646 3025 1700 διδάσκοι·
3063 1646 3139 1718 μὴ
3172 1646 3282 1718 γὰρ
3315 1647 3518 1710 πάντες
3550 1648 3772 1718 προφῆ-

2179 1755 2291 1803 ται,
2327 1737 2404 1808 μὴ
2429 1739 2630 1802 πάντες
2660 1740 2970 1795 ἀπόστολοι.

2249 1831 2344 1884 νθ’.
2384 1832 2452 1885 Ai
2489 1834 2548 1885 ὲν
2578 1836 2694 1896 τοῖς
2733 1835 3126 1905 ἐργαστηρίοις
3167 1837 3225 1888 ὲν
3258 1852 3583 1905 νουμηνιαις
3621 1852 3768 1904 πυρι-

2177 1923 2370 1988 καῖαὶ,
2424 1925 2518 1976 καὶ
2572 1926 2623 1977 οἱ
2676 1926 2883 1990 ταύτας
2935 1927 3407 1998 ύπεραλλόμενοι,
3460 1929 3766 1998 καταργείο

2180 2014 2422 2070 σθωσαν.

2249 2107 2313 2172 ξ’.
2334 2107 2445 2179 Τὴν
2467 2109 2606 2178 μετά
2632 2107 2730 2180 τὴν
2771 2108 3097 2164 ’Δνάστασιν
3124 2109 3400 2178 ἑϐδομάδα
3427 2110 3630 2171 πᾶσαν,
3659 2109 3770 2170 πᾶς

2176 2201 2627 2270 ἐκκλησιαςέσθω
2657 2202 2872 2264 πιστός.

2249 2291 2347 2355 Ea’.
2386 2292 2448 2346 Ὀ
2491 2292 2752 2363 κληρικδς
2793 2289 2934 2364 αἷμα
2973 2293 3168 2349 ἐσθίων
3211 2293 3596 2364 καθαιρεῖταιο
3639 2291 3669 2343 6
3713 2289 3769 2343 δὲ

2175 2382 2382 2447 λαῖκὸς,
2412 2382 2758 2452 ἀφορίζεται.

2247 2475 2348 2544 ξβ’.
2391 2475 2466 2529 Ού
2506 2475 2820 2545 διαφθερεῖς
2859 2477 3002 2530 θεῖον
3042 2477 3272 2546 βιϐλίον,
3308 2474 3432 2530 οὗτε
3471 2475 3620 2544 δοίης
3653 2473 3768 2526 δια·
3815 2547 3818 2550 γ

2175 2567 2474 2637 φθαρῆναι,
2505 2569 2554 2620 εἰ
2585 2570 2661 2639 μὴ
2689 2568 2873 2622 τέλεον
2904 2569 3334 2641 κατηχρείωται.

2246 2660 2348 2732 ξγ’.
2388 2661 2450 2714 Ei
2486 2662 2560 2733 μὴ
2594 2662 2872 2732 βασιλεὺς,
2899 2661 3046 2726 οὔτις
3074 2664 3182 2715 τῶν
3206 2662 3411 2716 λαῖκῶν
3436 2663 3515 2723 είς
3546 2659 3769 2729 ἱλαστή-

2176 2772 2292 2826 ριον
2320 2754 2574 2806 εἴσεισιν.
3625 2801 3646 2821 ι

2247 2847 2342 2914 ξδ’.
2382 2845 2603 2911 ιὐναιξὶ
2645 2837 2830 2900 λζλείν
2868 2847 2955 2900 ἐπ’
2988 2845 3290 2918 ἐκκλησίας
3329 2846 3431 2898 οὐκ
3473 2843 3766 2912 ἐπιτέτρα-

2174 2959 2326 2996 πται.
3753 2937 3818 2978 ο

2247 3034 2340 3099 Es'.
2381 3034 2730 3106 ’Λφορίζεται
2772 3034 3090 3105 νομομαθὴς
3131 3033 3243 3086 ἔθει
3280 3029 3581 3101 Ἑλληνικῷ
3622 3027 3766 3099 χρώ-

2178 3141 2362 3195 μενος,
2394 3128 2492 3178 καὶ
2522 3125 2774 3196 θεάτροις
2808 3125 3172 3194 ἐπαγόμενος,
3207 3127 3301 3178 καὶ
3330 3123 3554 3178 κυλίων.

2243 3215 2354 3280 Eg’.
2390 3219 2630 3288 Ἀκυρος
2657 3219 2685 3268 6
2717 3217 2859 3286 μετά
2881 3216 2990 3269 τῶν
3018 3215 3314 3289 αἱρετικῶν
3334 3215 3516 3286 γάμος
3536 3230 3551 3245 ·
3605 3215 3656 3267 ol
3705 3212 3764 3265 δὲ

2177 3309 2548 3378 προλαϐόντες
2577 3311 2627 3361 εἰ
2668 3308 2930 3372 ἐθέλοιεν,
2954 3310 3192 3378 μένοιεν.

2242 3483 2342 3548 ξζν.
2381 3483 2442 3537 '0
2472 3485 2528 3537 ὲν
2556 3485 2752 3554 ἐδάφει
2778 3487 3035 3556 σταυρὸς,
3070 3487 3424 3556 ἀφανίζεται.

2241 3574 2344 3646 ξη’.
2394 3576 2636 3645 Ἀγάπαι
2677 3576 2773 3632 καὶ
2815 3577 3090 3632 ἀκούϐιτα
3116 3581 3430 3650 Κυριακαίς
3487 3579 3552 3633 οὐ
3587 3582 3765 3635 τελεῖ-

2175 3685 2294 3724 ταιο

2240 3780 2338 3847 ξδ’.
2393 3785 2664 3846 Ἀτακτος
2686 3787 2906 3857 κραυγὴ
2937 3787 3032 3840 τοῦ
3057 3787 3354 3858 ψάλλοντος
3390 3789 3645 3854 ἀναιδῶς,
3665 3790 3764 3843 καὶ

2173 3876 2204 3929 6
2242 3874 2516 3945 ἐπιλέγων
2555 3878 3101 3950 τά-τῆςςὲκκλησίας,
3129 3882 3475 3953 ἀνάρμοστα.

2236 4082 2299 4129 o'.
2342 4074 2434 4128 'Ev
2468 4074 2602 4146 ἱερῷ
2631 4074 2914 4146 περιϐόλῳ
2949 4074 3252 4144 καπηλεῖον
3281 4075 3592 4131 ἀσύστατον
3619 4092 3632 4106 ·
3663 4078 3764 4132 καὶ

2174 4166 2508 4238 πωλούμενα
2542 4165 2839 4238 βρώματα,
2868 4167 3104 4236 μάταια.

2246 4288 2347 4336 οα’.
2381 4281 2712 4351 Χριστιανὸς
2745 4281 2997 4350 γυναιξὶν
3032 4283 3091 4336 ού
3131 4283 3470 4341 συλλούεται.

2242 4375 2344 4446 οβ’,
2386 4376 2446 4429 '0
2499 4375 2797 4444 φωτισθεὶς
2855 4376 2956 4447 τὴν
3011 4377 3200 4430 πίστιν
3249 4380 3648 4450 ἀπαγγελλὲτω
3687 4387 3757 4455 τῇ

2103 4508 2146 4562 D
2176 4469 2405 4538 πέμπτῃ
2428 4467 2526 4537 τῆς
2555 4468 2872 4538 ἑϐδομάδος.

2240 4592 2342 4655 ογ’.
2387 4585 2792 4654 Ἀφορίζεταιό
2850 4585 2994 4656 μετά
3021 4587 3122 4657 τὴν
3147 4588 3346 4660 ἑορτὴν
3396 4592 3498 4661 τῆς
3558 4592 3763 4646 Θεοτό-

2171 4694 2272 4730 κου
2320 4674 2628 4747 σεμίδαλιν,
2681 4674 2812 4730 ἄλλο
2887 4677 3174 4741 σκευάξων
3219 4679 3313 4734 διὰ
3364 4682 3431 4735 τὰ
3487 4682 3760 4754 λεγόμενα

2171 4767 2380 4838 λόχεια.

2226 4856 2323 4911 οδ’.
2383 4858 2446 4910 Ei
2512 4856 2590 4927 μὴ
2644 4855 2714 4911 δι’
2766 4857 3018 4928 ἀνάγκην
3073 4861 3521 4932 ἀπολιμπάνεταί
3544 4884 3629 4930 τις
3657 4869 3761 4938 τῆς

2170 4951 2468 5020 ἐκκλησίας
2497 4953 2591 5004 ἐπὶ
2621 4956 2770 5023 τρισὶ
2794 4957 3126 5028 Κυριακαῖς,
3146 4959 3541 5032 ἀκοινώνητος.

2218 5049 2310 5096 σε’.
2345 5041 2438 5112 Τῷ
2462 5044 2504 5094 Τ
2511 5046 2746 5117 ρισαγίῳ
2780 5045 2941 5118 ὕμνῳ
2961 5050 2990 5101 6
3018 5049 3308 5102 συνάπτων
3347 5053 3408 5104 τό
3430 5067 3446 5080 '
3487 5057 3758 5122 Σταυρω-

2169 5137 2311 5202 Οεὶς,
2346 5135 2680 5204 ἑτερόδοξος,

2225 5235 2338 5294 ος’.
2381 5230 2456 5283 Οὐ
2487 5228 2751 5300 χαράξεις
2781 5231 2954 5302 ἀμνὸν
2989 5235 3071 5298 είς
3094 5235 3266 5290 τύπον
3314 5237 3585 5309 Χριστοῦ,
3633 5239 3754 5292 ἀλλ’

2169 5318 2380 5372 ἐκεῖνον
2399 5321 2587 5377 αὐτόν.

2221 5409 2319 5475 oC'.
2386 5411 2906 5484 Ἐλευθερούμενος’
2939 5415 3055 5469 ύπὸ-
3103 5421 3197 5471 τοῦ
3241 5419 3504 5474 δεσπότου
3567 5422 3754 5485 δοῦλος

2169 5501 2265 5554 ἐπὶ
2283 5503 2435 5572 τρισὶ
2466 5502 2766 5572 μάρτυσιν,
2822 5505 2912 5576 εἴη
2963 5507 3291 5573 ἀδούλωτος.

2238 5591 2341 5663 οη’.
2383 5593 2444 5646 '0
2469 5593 2719 5662 συνάγων
2747 5599 2956 5665 πόρνας
3001 5599 3092 5651 ἐπ’
3135 5601 3337 5672 όλίσθῳ
3382 5602 3592 5674 ψυχῶν,
3645 5603 3754 5677 ἁφ-

2167 5684 2439 5754 ορίζεται.
3277 5690 3291 5701 “

2235 5777 2336 5833 00'.
2377 5778 2443 5830 Ἡ
2490 5777 2551 5840 ἐξ
2632 5779 2830 5851 ἀνδρὸς
2885 5781 2974 5835 ἐπ’
3031 5783 3190 5840 ἄλλον
3250 5787 3428 5854 ἰοῦσα,
3459 5789 3752 5854 μοιχαλίςο
