4140 6414
321 356 430 423 103

1608 356 1971 420 SYNOPSIS
2008 356 2406 421 CANONUM.

3547 358 3651 425 106

330 475 481 530 καὶὸ
511 474 629 531 6.116
687 475 968 546 γυναικὸς
1024 475 1109 527 ἐπ’
1145 472 1508 543 ἄλλην,κατά
1560 472 1654 526 16v
1722 471 1955 543 Κύριον,

2076 484 2145 528 ast
2176 492 2188 526 :
2224 484 2278 529 et
2305 476 2397 545 qui
2431 474 2496 527 ab
2529 486 2698 527 uxore
2729 471 2795 527 ad
2828 471 2988 527 aliam
3034 485 3095 527 se
3138 470 3411 542 applicat,
3437 484 3502 526 ex
3542 470 3649 526 Do-

343 567 572 641 ὁμοίως.

415 660 493 716 π’.
536 659 716 731 Ἱεροῦ
750 660 915 714 ἔνδον
949 659 1050 714 ούκ
1080 660 1365 727 εἰσάγεται
1400 656 1623 727 κτῆνος,
1657 657 1709 710 εἰ
1753 656 1830 728 μὴ
1856 672 1959 710 κα-

352 761 709 832 ταλαύούσης
731 762 793 815 ὲν
814 760 925 830 ὁδῷ
955 760 1222 831 μεγίστης
1256 760 1529 831 ἀνάγκης.

416 860 529 907 τ-.α’.
551 854 645 920 Τῷ
673 852 928 923 μεγίστῳ
972 850 1248 920 Σαϐϐάτῳ
1321 849 1452 920 περὶ
1518 848 1696 921 μέσας
1758 849 1961 914 νύκτας

360 950 429 1015 τῇ
460 944 686 1015 νηστείᾳ
712 944 1101 1013 διαρκεστέον.

416 1037 530 1107 πβν.
566 1037 721 1091 Μετὰ
749 1036 850 1106 τὴν
875 1032 1175 1105 ἑσπερινὴν
1235 1032 1445 1087 εἴσοδον
1492 1031 1588 1085 τοῦ
1649 1032 1958 1098 Σαὸδάτου,

364 1134 445 1203 μὴ
484 1133 614 1199 γόνυ
639 1129 855 1201 κλίνης.

426 1231 544 1294 πγ’.
573 1225 682 1278 Καὶ
712 1225 741 1276 6
770 1223 975 1287 διδοὺς.
1004 1224 1102 1277 καὶ
1130 1223 1164 1293 ἠ
1225 1220 1589 1292 λαμΰάνουσα
1646 1218 1964 1291 ἀμϐλωθρί-

362 1318 473 1379 δια,
503 1316 842 1385 ἀνδροφόνοι.

428 1407 537 1465 πδ’.
567 1410 787 1481 Ἀνδρὺς
818 1408 1268 1479 ἀφαντουμένου,
1310 1408 1344 1478 ἡ
1400 1406 1509 1475 πρὸ
1531 1405 1628 1459 τοῦ
1662 1406 1962 1476 πεισθῆναι

365 1504 632 1568 ὶαϐοῦσα,
668 1504 928 1575 μοιχᾶται
952 1520 965 1533 ’
992 1506 1020 1556 6
1048 1503 1107 1556 δὲ
1137 1500 1475 1572 ἐπιστρέψας
1522 1500 1664 1570 ἀνὴρ
1718 1501 1768 1552 εἰ
1827 1516 1962 1569 προ-

368 1599 615 1669 είρηται,
648 1596 873 1667 λήψοιτο
892 1596 1094 1668 αὑτήν.

432 1782 544 1831 m’.
584 1777 644 1829 '0
678 1775 1016 1846 Ἑλληνικῶς
1044 1774 1374 1846 ὀμνύμενος,
1408 1776 1793 1845 ὲπιτιμητέος.

428 1876 550 1934 τῖς-⁸.
586 1871 652 1923 Oi.
683 1869 781 1933 τὰς
811 1870 992 1942 κόμας
1021 1871 1081 1924 ὲν
1112 1869 1323 1941 πλοκῆς
1358 1869 1581 1940 ἐπινοίᾳ
1614 1869 1753 1939 πρὸς
1775 1867 1958 1938 λύμην

372 1958 735 2030 ἐργαζόμενοι
768 1960 878 2013 τῶν
908 1959 1189 2032 ὁρώντων,
1222 1958 1567 2030 άφοριστέοι.

430 2054 543 2119 τις.
581 2053 641 2106 '0
691 2050 1047 2121 ὑπογύναιος,
1084 2050 1185 2106 καὶ
1214 2046 1711 2120 καταφρονητικῶς
1782 2046 1963 2118 μένων

375 2147 434 2198 ὲν
468 2144 619 2217 ίερῷ,
644 2143 954 2213 ἐξωθείσθω
988 2145 1086 2199 καὶ
1114 2142 1223 2199 τῶν
1247 2142 1701 2214 κατηχουμένων.

459 2335 578 2400 κη’.
601 2327 921 2392 ἰουδαῖκῶς
942 2344 1090 2391 τινες
1117 2328 1178 2380 ὲν
1215 2327 1391 2396 ἱεροῖς
1434 2324 1650 2395 ἓψησαν
1678 2324 1824 2394 μέλι.
1862 2325 1959 2387 Ὃς

377 2421 474 2475 οὖν
494 2421 657 2474 τοῦτο
684 2422 1124 2491 συγχωρήσειεν,
1153 2418 1187 2488 ἢ
1217 2417 1372 2471 λάῦοι
1421 2416 1689 2480 τοιοῦτον,
1733 2416 1832 2486 οὐχ
1892 2417 1966 2468 is-

381 2512 531 2584 ρεύς.
566 2513 627 2565 Εἰ
655 2512 714 2565 δέ
752 2529 837 2574 τις
870 2509 1095 2565 οἴκοθεν
1119 2509 1267 2579 ἄγοι,
1292 2509 1321 2562 6
1349 2508 1408 2564 δὲ
1464 2507 1609 2563 κατὰ
1656 2506 1719 2562 16
1760 2506 1966 2579 ἀρκοῦν

382 2604 478 2657 τοῦ
500 2604 879 2673 προσάγοντος
906 2601 1160 2673 λήψοιτο.

444 2694 556 2750 πθ’.
588 2697 653 2750 Ai.
680 2695 817 2766 πρὸς
840 2695 910 2748 τά
943 2692 1152 2764 αἰσχρὰ
1177 2690 1428 2746 κινοῦσαι
1449 2691 1548 2764 τὴν
1571 2693 1767 2765 ὅρασιν
1827 2709 1967 2763 γρα-

385 2789 508 2857 qui,
530 2787 950 2858 άζωγράφητοι.

447 2877 521 2947 ιζ.
554 2880 665 2943 Τάς
692 2878 956 2948 παλάμας
988 2878 1070 2939 είς
1122 2876 1357 2946 σταυρὸν
1385 2877 1550 2929 τυποῖ
1604 2875 1632 2927 6
1661 2873 1969 2945 μεταληψό-

387 2990 552 3044 μενος
572 2987 589 3004 ⁶
618 2973 647 3025 6
677 2972 735 3025 δὲ
758 2972 969 3041 δοχεῖον
995 2967 1257 3040 χρυσοῦν,
1347 2968 1382 3038 ἢ
1441 2966 1610 3037 ἄλλην
1657 2967 1794 3038 ὕλην
1844 2967 1971 3021 ἀντὶ

386 3067 575 3138 χειρὸς
607 3064 915 3131 σκευάζων,
945 3062 1289 3134 ἁφοριστέος.

388 3340 487 3391 καὶ
527 3340 562 3408 ή
590 3336 900 3408 ἐπιστροφὴ
923 3334 1268 3405 καθορᾶται·
1331 3335 1428 3389 καὶ
1483 3332 1629 3387 οὕτω
1683 3331 1974 3400 μετρεῖται

389 3428 447 3481 16
468 3427 639 3492 ἕλεος.

822 3516 935 3573 Τοῦ
971 3516 1145 3589 ἁγίου
1170 3515 1517 3572 Βασιλείου.

451 3608 529 3665 α’.
556 3608 873 3681 Αίρετικὺς,
906 3609 936 3662 6
967 3608 1108 3662 κατὰ⁴
1130 3608 1232 3680 τὴν
1262 3607 1448 3660 πίστιν
1475 3604 1758 3675 ἀλλότριος
1787 3618 1803 3634 ο
1834 3604 1863 3655 6
1917 3602 1974 3655 δὲ

392 3703 537 3757 κατά
556 3720 609 3755 τι
633 3703 854 3769 ἰάσιμον
883 3702 1132 3771 ζήτημα,
1184 3698 1570 3770 σχισματικός.
1608 3696 1675 3752 Οἱ
1720 3696 1775 3749 δὲ
1813 3696 1975 3749 συνά-

393 3810 583 3863 γοντες
628 3793 1003 3848 ἀνυπότακτοι
1056 3790 1281 3855 τούτους
1334 3791 1601 3854 ἐκείνους,
1652 3787 1972 3859 παρασυνά-

393 3899 589 3952 γωγοι.

467 3972 534 4042 β’.
565 3972 639 4025 '16
668 3970 730 4035 ὲξ
767 3969 1048 4042 αίρετικοῦ
1109 3969 1418 4039 βάπτισμα,
1465 3966 1727 4023 ἄδεκτον·
1788 3966 1976 4019 δεκτὸν

393 4059 449 4112 δὲ
482 4059 544 4113 τὸ
572 4059 794 4131 σχιστοῦ
827 4061 923 4112 καὶ
967 4056 1469 4129 παρασυναγώγου.

465 4150 539 4220 τί.
608 4152 970 4222 Παράκλητον
1026 4152 1075 4203 οἱ
1138 4146 1480 4216 Πεπουζηνοὶ
1541 4148 1634 4201 τὸν
1695 4146 1977 4201 Μοντανὸν

392 4242 758 4314 ένομάζουσιν
788 4257 803 4273 ·
844 4243 967 4297 ὅθεν
1000 4244 1092 4296 καὶ
1115 4242 1193 4305 είς
1232 4240 1396 4293 αὐτὸν
1425 4240 1755 4294 άὸάπτιστοι
1777 4238 1977 4310 βαπτι-

393 4334 637 4404 ζόμενοι.

464 4427 508 4479 δν
529 4465 544 4480 .
576 4427 650 4478 Τὸ
680 4425 789 4479 τῶν
824 4423 1108 4494 καθαρῶν,
1140 4425 1235 4477 καὶ
1317 4422 1841 4493 ύδροπαραστατῶν,
1880 4423 1977 4477 καὶ

2064 563 2194 618 mini
2222 565 2518 628 sententia,
2555 564 2721 620 simili
2755 565 2983 619 crimine
3018 572 3253 620 tenetur.

2132 656 2222 711 80.
2259 655 2403 711 Intra
2462 657 2722 725 templum
2780 670 2947 726 pecus
2974 669 3081 710 non
3120 655 3509 725 introducitur,
3543 657 3648 714 nisi

2065 748 2301 802 maxima
2334 748 2634 805 necessitas
2666 750 2719 803 in
2751 747 2837 802 via
2869 747 3185 817 contigerit.

2136 843 2228 900 81.
2282 843 2521 900 Maximo
2579 845 2821 901 Sahbato
2877 843 3023 899 circa
3060 843 3295 900 mediam
3341 854 3555 903 noctem
3592 846 3644 903 in

2059 934 2269 1006 jejunio
2302 936 2767 1008 perseverandum
2800 944 2904 990 est.

2139 1026 2229 1081 82.
2268 1026 2398 1083 Post
2426 1027 2794 1098 vespertinum
2823 1027 3128 1098 ingressum
3154 1025 3489 1093 Sabbati,ne
3508 1042 3647 1100 genu

2063 1115 2274 1172 ﬂectas.

2139 1210 2233 1266 85.
2266 1210 2402 1265 Tum
2431 1210 2523 1281 qui
2557 1210 2692 1277 dat,
2724 1219 2834 1265 tum
2875 1225 2998 1283 quae
3027 1210 3226 1280 accipit
3257 1211 3536 1268 abortivos
3563 1210 3648 1267 l‘e-

2068 1311 2154 1357 tus
2170 1343 2185 1369 ,
2220 1302 2525 1358 homicidae.

2142 1396 2233 1451 84.
2300 1394 2430 1451 Viro
2473 1411 2578 1450 non
2631 1403 3012 1464 comparente,
3048 1410 3167 1465 quae
3214 1395 3531 1465 priusquam
3579 1394 3649 1450 de

2068 1488 2215 1543 illius
2247 1488 2397 1543 obitu
2427 1488 2560 1542 certi
2594 1487 2798 1557 aliquid
2833 1489 3200 1557 compererit,
3234 1488 3325 1542 alii
3376 1488 3647 1557 nupserit,

2067 1581 2412 1647 mwchatur;
2443 1580 2528 1633 vir
2556 1588 2736 1634 autem
2762 1578 2853 1649 qui
2889 1594 3142 1635 reversus
3164 1578 3348 1648 fuerit,
3381 1580 3649 1649 siquidem

2069 1673 2391 1743 praedictum
2426 1672 2514 1730 sit.
2565 1669 2797 1739 accipiat
2824 1670 3020 1740 ipsam.

2143 1763 2235 1821 85.
2270 1763 2371 1830 Qui
2403 1763 2590 1834 gentili
2626 1775 2781 1817 more
2803 1759 2970 1827 iurat,
3008 1761 3332 1832 puniendus.

2141 1855 2235 1911 86.
2289 1854 2390 1921 Qui
2439 1854 2666 1924 capillos
2711 1853 3021 1910 artiﬁciosis
3059 1856 3288 1911 nexibus
3337 1857 3654 1926 intorquent

2068 1950 2135 2006 ad
2169 1949 2529 2019 spectantium
2565 1946 2883 2018 perniciem,
2916 1944 3447 2004 cxcomtnu'nicaudi.

2140 2039 2231 2094 87.
2270 2039 2439 2095 Uxori
2472 2040 2723 2093 addictus
2745 2079 2761 2104 ,
2795 2054 2859 2092 ac
2892 2054 2988 2109 per
3024 2048 3390 2110 contemptum
3425 2056 3655 2099 manans

2071 2131 2122 2185 in
2159 2132 2382 2202 templo,
2412 2130 2716 2200 expellatur
2746 2129 2908 2186 etiam
2937 2145 2968 2185 e
2998 2134 3512 2188 catechumeuorum
3547 2148 3643 2190 or-

2068 2220 2215 2276 dine.

2144 2312 2238 2368 88.
2274 2312 2502 2378 Quidam
2551 2310 2784 2366 Iudaico
2837 2326 2988 2366 more
3036 2312 3087 2366 in
3127 2313 3340 2382 templis
3385 2326 3655 2370 cuxerunt

2072 2405 2194 2462 mel.
2236 2406 2339 2473 Qui
2375 2405 2536 2475 igitur
2566 2406 2668 2459 hoc
2714 2404 3058 2474 permiserit,
3091 2416 3185 2459 aut
3219 2405 3325 2461 tale
3356 2409 3655 2478 acceperit,

2073 2513 2180 2551 non
2234 2507 2318 2553 est
2382 2496 2664 2552 habendus
2717 2498 3000 2552 sacerdos.
3052 2495 3110 2552 Si
3155 2497 3278 2567 quis
3315 2514 3443 2554 vero
3493 2501 3657 2557 domo

2075 2589 2343 2655 attulerit,
2382 2590 2496 2660 ipse
2525 2598 2685 2660 prout
2719 2589 2916 2645 suﬁicit
2944 2590 3188 2647 oﬂerenti
3210 2634 3227 2660 ,
3259 2594 3510 2663 accipiat.

2143 2682 2231 2738 89.
2266 2681 2499 2737 Pictura:
2528 2696 2646 2752 qua:
2671 2681 2737 2735 ad
2768 2682 2942 2751 turpia
2969 2693 3245 2753 aspectum
3281 2695 3518 2755 movent,
3550 2704 3656 2745 non

2072 2783 2197 2830 sunt
2224 2775 2529 2844 piug‘eudm.

2146 2867 2239 2923 90.
2303 2866 2493 2922 Manus
2550 2869 2603 2922 in
2658 2867 2840 2924 crucis
2894 2868 3121 2940 ﬁguram
3188 2871 3502 2941 Componit,
3563 2876 3657 2945 qui

2075 2958 2479 3015 Eucharistiam
2539 2969 2861 3029 sumpturus
2905 2970 3009 3016 est.
3084 2959 3184 3027 Qui
3231 2978 3364 3017 vero
3413 2975 3658 3036 recepta-

2077 3051 2261 3105 culum
2297 3065 2521 3106 aureum
2551 3091 2566 3117 ,
2621 3059 2716 3106 aut
2771 3051 2934 3107 aliam
2989 3052 3273 3108 materiam
3303 3054 3421 3110 vice
3464 3071 3660 3114 manus

2000 3150 2044 3213 ρ
2078 3151 2252 3211 parat,
2278 3143 2853 3201 exconununicandus.

451 3244 564 3313 ιμ’.
604 3244 671 3298 Ἦ
695 3244 797 3315 τῆς
820 3243 1099 3314 ἁμαρτίας
1128 3241 1222 3294 ἐπὶ
1247 3241 1385 3296 πᾶσι
1410 3242 1697 3294 σκοπεῖται
1724 3251 1971 3308 ποιότης,
2028 3296 2031 3299 ν

2152 3233 2242 3288 91.
2296 3232 2488 3290 Delicti
2536 3235 2772 3305 qualitas
2823 3236 2877 3289 in
2932 3237 3185 3294 omnibus
3254 3239 3656 3304 consideratur,

2079 3327 2475 3397 conversioque
2527 3328 2900 3397 perspicitur:
2939 3338 3105 3398 atque
3163 3330 3236 3387 ita
3286 3330 3659 3389 misericordia

2081 3419 2146 3475 ad
2190 3433 2499 3475 mensuram
2532 3420 2806 3474 tribuitur.

2469 3513 2653 3571 Sancti
2697 3515 2895 3571 Basilii
2928 3514 3173 3589 Epistula
3209 3519 3264 3578 1.

2153 3610 2205 3665 l.
2244 3607 2545 3665 [hereticus
2580 3618 2706 3673 est,
2752 3612 2842 3679 qui
2891 3627 2920 3666 a
2963 3613 3069 3667 ﬁde
3110 3614 3483 3687 alienuszqui
3530 3631 3660 3673 vero

2080 3701 2225 3755 circa
2264 3700 2502 3771 aliquam
2550 3700 2853 3756 sanabilem
2903 3704 3260 3773 quaestionem
3302 3716 3475 3772 errat,
3513 3706 3662 3761 schi-

2079 3793 2362 3847 smaticus.
2397 3790 2776 3849 lnobcdientes
2801 3809 2933 3849 vero
2965 3796 3053 3864 qui
3083 3796 3182 3852 hos
3210 3807 3563 3869 congregant,
3591 3800 3661 3856 ab

2081 3882 2337 3938 Ecclesiae
2361 3892 2629 3940 conventu
2655 3882 2874 3940 arcendi
2904 3897 3051 3943 sunt.

2151 3976 2206 4029 2.
2245 3975 2497 4030 llaeretici
2531 3977 2797 4046 baptisma
2823 4018 2838 4044 ,
2887 3978 3288 4049 rejiciendum;
3327 3984 3659 4043 schismatici

2080 4080 2209 4119 vero
2233 4075 2397 4134 atque
2427 4065 2497 4121 ab
2525 4066 2766 4122 Ecclesia
2798 4068 2981 4136 alieni,
3011 4069 3404 4140 recipiendum.

2151 4157 2205 4211 5.
2247 4156 2584 4211 Paracletum
2607 4156 2899 4229 Pepusiani
2923 4158 3238 4216 Montanum
3267 4173 3483 4222 vocant.
3509 4165 3662 4223 Unde

2080 4258 2134 4302 ct
2179 4248 2271 4317 qui
2307 4248 2358 4302 in
2392 4248 2565 4318 ipsum
2599 4250 2977 4318 baptizantur,
3013 4266 3121 4307 non
3156 4265 3451 4309 censentur
3483 4257 3659 4328 bapti-

2082 4340 2206 4395 zati.

2156 4441 2212 4496 ι.
2254 4441 2619 4498 Catharorum
2644 4483 2660 4510 ,
2694 4442 3277 4516 Hydroparastatarum
3300 4491 3318 4517 ,
3356 4461 3519 4524 atque
3556 4454 3665 4512 En-

394 4518 745 4588 ὲγκρατιτῶν
776 4516 1090 4586 βάπτισμα,
1114 4519 1161 4569 εἰ
1199 4516 1295 4568 καὶ
1348 4515 1574 4571 ἄδεκτον
1615 4516 1702 4569 διὰ
1729 4515 1792 4568 16
1848 4518 1973 4568 ἑπι-

2088 4534 2410 4588 cratitarum
2448 4534 2753 4603 baptisma,
2806 4539 3058 4607 quamvis
3110 4555 3215 4595 non
3272 4542 3659 4615 recipiendum,
3744 4544 3749 4548 ’

389 4609 577 4678 λεῖψαι
605 4609 792 4670 αὐτοῖς
816 4607 1030 4669 τούτοις
1060 4606 1121 4660 16
1146 4606 1373 4677 Πνεῦμα
1407 4608 1468 4659 τὸ
1502 4606 1679 4674 ἅγιον,
1734 4607 1852 4660 ἀλλ’
1879 4602 1975 4659 οὖν

392 4700 711 4770 οίκονομίας
737 4700 898 4772 χάριν
925 4701 1065 4752 ἔστω
1091 4698 1303 4752 δεκτόν.

463 4797 534 4843 ε’.
578 4791 645 4843 Ἦ
680 4792 805 4846 κατ’
828 4790 1180 4861 ἐπιτήδευσιν
1208 4790 1501 4864 φθείρασα,
1532 4790 1621 4844 ὅτε
1651 4790 1720 4845 ἂν
1754 4790 1977 4863 φθείρῃ,

393 4881 715 4953 φονεύτρια.

464 4980 545 5039 ς’.
582 4975 845 5038 Διάκονος
873 4972 1210 5045 πορνεύσας,
1244 4975 1326 5038 είς
1377 4976 1470 5027 τὸν
1504 4975 1614 5029 τῶν
1639 4974 1846 5029 λαῖκῶν
1878 4991 1981 5046 με-

391 5067 603 5131 ταστὰς
631 5068 817 5132 τόπον,
844 5067 988 5121 ἔστω
1018 5068 1118 5137 τῆς
1145 5068 1432 5131 κοινωνίας
1460 5069 1764 5132 ἀκώλυτος.

464 5162 535 5225 ζ’.
567 5161 703 5214 Ἕνα
740 5162 935 5231 χρόνον
958 5160 993 5232 ἢ
1020 5160 1114 5214 δύο
1140 5161 1467 5233 ἀφορίζεται
1523 5162 1757 5232 δίγαμος
1779 5178 1792 5190 ·
1829 5163 1980 5232 τρεῖς

388 5252 446 5305 δὲ
479 5253 576 5305 καὶ
603 5252 1244 5323 τέσσαραςὸτρίγαμος,
1299 5253 1397 5308 καὶ
1437 5255 1623 5319 πέντε,
1681 5253 1821 5306 κατὰ
1881 5252 1980 5325 τὴν

387 5345 523 5416 ἄρτι
553 5345 868 5416 συνήθειαν.

462 5523 537 5595 η’.
571 5525 862 5596 Δίρετικὸς
899 5527 1037 5595 πρὸς
1100 5525 1180 5597 τῷ
1232 5527 1379 5580 τέλει
1436 5525 1735 5597 μετανοῶν,
1791 5526 1980 5590 δεκτὸς

393 5619 519 5690 μετ’
550 5620 915 5692 ἐπικρίσεως.

462 5711 533 5767 0’.
578 5714 639 5766 '0
664 5714 980 5781 κανονικὺς,
1015 5716 1202 5768 εἵπου
1256 5713 1353 5768 καὶ
1393 5710 1711 5781 ζεύγνυται,
1759 5709 1979 5775 διαζεύ-

388 5822 423 5875 τ
437 5825 609 5866 ιυται.

706 5905 985 5966 ΡΑτῐιοῐ..
1020 5903 1135 5966 Gtt.
1182 5901 1495 5965 CXXXlll

2084 4632 2304 4694 propter
2338 4624 2579 4695 Spiritus
2625 4628 2801 4684 sancti
2828 4630 2972 4699 apud
3009 4645 3104 4686 eos
3133 4631 3401 4690 defectum
3427 4676 3443 4701 ,
3481 4645 3662 4694 tamen

2082 4717 2510 4785 dispensationis
2539 4720 2713 4789 gratia
2747 4722 3059 4792 recipiatur.

2152 4806 2205 4862 5.
2241 4806 2374 4874 Qua:
2427 4809 2493 4864 de
2542 4810 2808 4866 industria
2860 4812 3025 4868 fetum
3076 4816 3362 4887 corrupit,
3417 4822 3662 4890 quando-

2082 4913 2296 4969 cunque
2325 4901 2655 4970 corruperit,
2688 4903 2981 4960 homicidio
3015 4915 3251 4966 tenetur.

2156 4990 2211 5045 6.
2262 4990 2533 5048 Diacouus
2566 4994 2660 5063 qui
2723 4995 3024 5053 fornicatus
3066 4999 3269 5067 fuerit,
3305 5001 3356 5057 in
3399 5003 3660 5062 laicortttn

2083 5082 2261 5137 locum
2296 5082 2592 5154 relegatus,
2619 5088 3004 5144 communione
3026 5106 3094 5145 ue
3122 5091 3498 5161 prohibeatur.

2155 5171 2207 5225 7.
2250 5170 2426 5226 Unum
2456 5185 2550 5228 aut
2579 5174 2717 5232 duos
2746 5191 2921 5234 annos
2969 5182 3471 5239 excomntunicatur
3514 5187 3663 5257 biga-

2085 5272 2206 5312 mus
2232 5297 2247 5320 ,
2300 5268 2411 5313 tres
2444 5276 2572 5316 vero
2600 5273 2658 5317 ct
2691 5275 2929 5333 quatuor
2965 5268 3230 5339 trigamus
3256 5309 3273 5335 ,
3306 5280 3471 5341 atque
3498 5277 3660 5332 etiam

2084 5353 2345 5419 quinque,
2395 5349 2552 5420 juxta
2605 5358 3057 5413 consuetudinem
3090 5374 3211 5419 qua:
3262 5361 3523 5420 hactenus
3576 5367 3663 5423 in-

2085 5440 2272 5494 valuit.

2156 5534 2210 5586 8.
2241 5532 2541 5590 llaereticus
2586 5536 2637 5591 in
2670 5535 2778 5592 ﬁne
2804 5539 2926 5592 vitae
2969 5538 3241 5606 pteuitens
3263 5580 3281 5607 ,
3311 5542 3661 5615 discretione

2086 5624 2328 5677 adhibita
2374 5626 2774 5696 suscipiendus.

2160 5716 2210 5769 9.
2249 5714 2563 5774 Canonicus
2590 5719 2632 5774 si
2666 5720 3010 5777 matrimonio
3043 5721 3266 5791 junctus
3301 5726 3413 5796 sit,
3447 5724 3665 5800 disiun-

2089 5808 2254 5878 gitur.

3217 5914 3254 5974 4
