4140 6430
538 334 638 398 1‘07

1785 340 2114 403 ἈέιὶῘΒΤΕΝ
2128 346 2145 404 ί
2189 344 2536 406 MONACIII

3686 344 3788 405 108

605 452 694 509 ιο.
741 449 1110 507 uasculorum
1161 448 1991 524 animaliumquecorruptores,
2026 465 2093 507 at-

2282 456 2335 511 ι’.
2383 456 2873 530 Ἀῥρενοφοόρους,
2898 456 2993 511 καὶ
3047 454 3416 526 ζωοφθόρους.
3464 451 3560 508 καὶ
3583 457 3787 524 φονεῖς.

528 559 633 611 que
656 543 937 598 homicida:
951 552 1006 598 et
1027 541 1254 599 veneﬁci
1271 557 1334 599 ac
1351 541 1644 600 idololatra:
1656 547 1809 615 Juxta
1826 547 2104 618 antiquam

528 635 758 688 formant
789 633 1142 703 suscipiendi.

603 729 686 783 ll.
725 725 1006 782 Homicida
1047 735 1153 795 est,
1187 727 1278 799 qui
1315 741 1538 785 uxorem
1573 728 1748 786 iratus
1775 730 1954 786 securi
1986 747 2106 800 per-

524 823 776 877 euaserit.

597 913 686 968 ιε.
741 915 1141 971 lnvolontarius
1192 916 1463 972 homicida
1519 923 1644 980 est,
1679 915 1770 985 qui
1822 915 1998 984 lapide
2046 915 2102 970 in

524 1022 716 1062 canem
749 1009 936 1072 misso,
974 1009 1250 1063 hominem
1305 1017 1593 1065 assecutus
1619 1019 1702 1062 est
1724 1047 1741 1073 ,
1773 1018 1830 1063 et
1861 1009 1952 1077 qui
1988 1009 2104 1060 loro

523 1114 589 1155 ac
640 1101 843 1155 vimine
889 1101 1138 1170 corripit.
1193 1102 1294 1167 Qui
1341 1114 1473 1156 vero
1517 1100 1573 1154 in
1613 1102 1729 1153 rixa
1779 1101 1961 1164 fuste,
2012 1107 2104 1153 aut

526 1207 691 1248 manu
726 1193 926 1248 Iethale
956 1194 1152 1249 vulnus
1187 1193 1440 1250 inﬂixerit
1468 1201 1632 1262 atque
1654 1191 2008 1258 interfecerit,
2035 1191 2101 1247 ad

529 1285 898 1340 voiuntarium
937 1300 1105 1356 prOpe
1135 1287 1365 1341 accedit.

600 1377 689 1433 15.
723 1377 827 1442 Qui
857 1377 1072 1447 gladio,
1106 1387 1199 1432 aut
1225 1377 1409 1447 aliquo
1440 1376 1705 1443 eiusmodi
1740 1375 2103 1431 instrumento

526 1483 659 1523 usus
685 1467 872 1531 fuerit,
899 1483 1122 1539 prorsus
1143 1468 1485 1524 voluntarius
1517 1478 1602 1523 est
1632 1465 1928 1522 homicida.
1967 1464 2101 1520 Item

483 1636 488 1639 _
521 1563 697 1628 latro,
737 1562 929 1625 hostis,
955 1571 1010 1616 et
1039 1562 1129 1629 qui
1162 1571 1380 1630 propter
1399 1560 1560 1614 aliam
1589 1574 1812 1614 causam
1838 1572 2103 1613 venenum

522 1653 735 1708 dederit
770 1663 936 1720 atque
990 1651 1365 1718 interfecerit,
1415 1649 1795 1717 voluntarius,
1851 1663 1951 1704 nec
1995 1665 2104 1706 non

523 1744 693 1797 etiam
725 1759 843 1812 qua:
873 1743 1152 1798 abortivos
1179 1741 1322 1798 fetus
1349 1743 1478 1797 dant
1499 1751 1554 1796 et
1583 1740 1874 1810 accipiunt.

596 1833 685 1888 Η.
717 1833 879 1888 Juxta
916 1834 1128 1888 Domini
1167 1846 1510 1897 sermonem,
1557 1833 1637 1885 vir
1667 1842 1724 1886 et
1767 1830 1961 1885 mulier
1989 1828 2099 1886 for-

524 1927 819 1981 nicationis
868 1940 1036 1980 causa
1087 1924 1320 1994 separati
1365 1925 1576 1993 pariter
1618 1923 2101 1977 condemnamur:

522 2021 862 2075 consuetudo
891 2033 1019 2075 vero
1045 2019 1353 2074 adulterum
1398 2027 1451 2072 ct
1482 2016 1866 2072 fornicatorem
1899 2031 1928 2070 a
1968 2031 2105 2072 con-

515 2113 738 2184 iugibus
773 2127 878 2166 non
921 2110 1200 2180 disiungit.
1256 2110 1312 2164 Si
1370 2123 1476 2179 qua
1534 2116 1715 2163 autent
1771 2108 1966 2163 mulier
2019 2108 2106 2162 di-

523 2206 689 2259 misso
706 2203 774 2257 ab
797 2217 965 2258 uxore
989 2203 1102 2256 viro
1124 2203 1310 2270 juncta
1341 2199 1528 2265 fuerit,
1565 2214 1674 2254 non
1706 2208 1793 2254 est
1821 2199 2100 2264 adultera;

527 2297 685 2366 culpa
719 2297 864 2351 enim
900 2296 953 2350 in
988 2310 1107 2350 eam
1149 2310 1269 2364 quae
1315 2293 1434 2348 sine
1483 2293 1697 2346 ratione
1734 2291 1945 2346 dimisit
1977 2291 2100 2360 reji-

524 2391 719 2445 cienda
749 2400 832 2444 cst
875 2408 888 2444 :
926 2405 1047 2458 qum
1077 2389 1236 2442 etiam
1290 2385 1534 2441 adultera
1587 2393 1706 2449 est,
1759 2384 1802 2438 si
1836 2399 1959 2438 cum
1996 2383 2102 2437 alio

516 2484 811 2554 iungatur,
859 2482 1119 2535 dimissus
1169 2493 1337 2541 vero,
1394 2475 1549 2531 venia
1610 2475 1806 2543 dignus
1860 2484 1962 2529 est.
2000 2475 2101 2540 Qui

525 2572 871 2626 vero-relicta
903 2585 1072 2626 uxore
1106 2568 1175 2622 ad
1224 2569 1386 2621 aliam
1450 2579 1512 2621 se
1567 2564 1820 2628 confert,
1857 2563 2102 2620 mini-bus

522 2666 641 2734 Ipse
671 2672 776 2729 est,
813 2671 974 2732 atque
1001 2660 1175 2729 ipsam
1206 2659 1469 2718 mmchari
1505 2657 1658 2723 facit,
1685 2671 1751 2712 ea
1778 2658 1943 2711 etiam
1974 2672 2100 2713 cum

519 2771 624 2826 qua
665 2753 1116 2809 consuetudinem
1153 2753 1348 2824 habet.

592 2847 682 2901 l5.
716 2844 836 2902 Non
867 2859 1031 2915 coges
1057 2859 1181 2900 eum
1209 2881 1227 2911 ,
1263 2845 1358 2914 qui
1399 2857 1461 2898 se
1493 2856 1601 2899 non
1633 2839 1946 2896 ordinatum
1979 2855 2099 2896 esse

513 2937 802 3007 iuraverit.

594 3029 684 3084 16.
713 3028 1118 3084 lnvoluntarius
1143 3025 1415 3083 homicida
1453 3025 1725 3083 decennio
1758 3025 2097 3098 pmnitentite

521 3122 845 3191 suhjacebit.
1159 3107 1163 3110 ’

588 3215 675 3269 17.
714 3214 968 3284 Bigamus
1001 3229 1109 3271 non
1144 3222 1229 3270 est
1258 3214 1310 3268 in
1346 3213 1550 3269 clerum
1583 3213 1948 3283 recipiendus.

588 3307 676 3363 18.
719 3307 948 3363 Pietatis
1005 3307 1180 3366 hostis
1233 3308 1475 3362 triennio
1523 3306 1865 3377 pauitantia:
1916 3304 2092 3376 subjio

512 3410 713 3455 οιυιυτ.

992 3514 1247 3586 Ejusdem
1277 3513 1499 3583 epistola
1535 3513 1594 3568 2.

585 3628 642 3682 1.
702 3627 995 3698 Presbyter
1060 3625 1259 3679 Bianor
1313 3639 1436 3679 cum
1499 3624 1764 3694 iuraverit
1809 3638 1873 3678 ac
1922 3624 2094 3694 pinni-

523 3720 746 3775 tcntiam
793 3719 1004 3790 egerit,
1040 3728 1263 3788 prepter
1297 3716 1441 3771 illius
1468 3717 1766 3786 juramenti
1795 3717 2090 3784 levitatem,

512 3810 910 3880 suscipiendus.

587 3907 652 3960 2.
701 3903 947 3975 Virgines
973 3913 1095 3972 post
1123 3899 1512 3974 professionem
1532 3899 1713 3970 lapsas
1735 3908 1924 3954 exacto
1951 3913 2092 3952 anno

519 3997 706 4051 Patres
746 3995 1104 4064 recipiebant.
1166 3991 1433 4058 Quoniam
1469 4001 1648 4044 autem
1687 3989 1918 4042 validior
1951 3990 2090 4042 facta

508 4099 594 4143 est
627 4086 864 4142 Ecclesia
892 4126 908 4152 ,
937 4100 1055 4140 eam
1086 4099 1206 4154 qua:
1243 4083 1608 4154 virginitatem
1647 4080 1890 4152 professa
1939 4080 2091 4149 lapsa

508 4189 614 4246 est,
646 4179 946 4233 adulteram
979 4191 1257 4244 vocamus,
1295 4185 1344 4230 et
1377 4173 1467 4245 qui
1499 4173 1658 4229 talem
1694 4175 1918 4239 detinet,
1957 4189 2093 4226 mu:-

507 4274 692 4329 chum.

578 4367 632 4420 τι.
691 4362 1069 4434 Virginitatem
1125 4361 1454 4432 profitetur,
1501 4375 1622 4431 qua:
1675 4370 1795 4428 post
1857 4371 2090 4432 septem-

502 4457 675 4511 decim
703 4472 876 4512 anuos
909 4457 1132 4524 probata
1159 4493 1175 4520 ,
1219 4460 1276 4508 ut
1304 4453 1358 4506 iu
1389 4469 1454 4508 eo
1489 4455 1611 4507 vitae
1658 4453 1909 4508 instituto
1962 4470 2086 4522 per-

504 4557 721 4601 maneat
751 4547 1041 4614 deprecato
1051 4559 1094 4598 r.

571 4623 630 4693 Ἀ.
679 4638 780 4704 Qui
835 4639 1037 4692 saeculo
1089 4636 1364 4690 renuntiat
1414 4634 1800 4704 interrogetur,
1849 4649 1913 4689 ac
1961 4649 2085 4704 pcr-

499 4731 685 4799 spicue
725 4741 778 4784 et
802 4731 948 4784 clare
983 4731 1320 4798 profiteatur,
1353 4736 1411 4782 ut
1453 4729 1498 4783 si
1534 4731 1857 4783 sententiam
1891 4737 2080 4793 mutet,

464 4865 468 4869 ι
497 4823 850 4891 corripiatur.
1401 4812 1405 4816 ”

567 4913 621 4968 5.
663 4914 821 4983 Virgo
871 4927 990 4981 qua:
1044 4915 1095 4966 in
1135 4913 1384 4968 haeresim
1435 4911 1583 4981 lapsa
1635 4923 1761 4977 est,
1813 4928 1876 4968 ac
1923 4914 2078 4969 deiu-

495 5022 622 5076 ccps
678 5006 942 5074 resipuit,
998 5013 1162 5073 atque
1193 5004 1436 5074 accipit,
1487 5017 1648 5073 pcena
1712 5018 1821 5056 non
1880 5006 2077 5059 multa-

495 5111 602 5152 tur.

564 5201 621 5258 6.
662 5201 848 5256 Virum
881 5201 974 5272 qui
1021 5199 1326 5257 fornicatus
1354 5199 1519 5256 fuerit
1549 5238 1564 5265 ,
1619 5217 1756 5258 uxor
1805 5204 2070 5274 recipiet:

491 5295 832 5366 inquinatam
870 5308 1000 5348 vero
1030 5293 1300 5348 adulterio
1336 5293 1619 5350 mulierem
1666 5297 1751 5350 vir
1812 5301 2070 5355 remittet.

491 5386 812 5444 Fornieator
840 5390 1009 5454 enim,
1043 5405 1149 5443 non
1179 5390 1426 5443 ιιιωοίιυε
1453 5429 1469 5454 ,
1505 5390 1597 5458 qui
1653 5393 1806 5446 uxori
1852 5393 2073 5462 juucms

492 5493 614 5540 cum
639 5478 816 5536 soluta
848 5493 958 5534 rem
990 5479 1264 5534 habuerit.

562 5595 616 5651 7.
651 5596 752 5661 Qui
787 5597 1168 5664 desponsatam
1206 5595 1370 5665 rapit,
1399 5612 1598 5665 sponso
1624 5614 1745 5654 eam
1775 5604 2064 5670 restituet,

2208 553 2304 606 καὶ
2331 554 2682 624 φαρμακοὺς,
2706 553 2803 608 καὶ
2832 549 3230 625 είδωλολάτρας
3258 551 3404 606 κατὰ
3431 550 3525 604 τὸν
3555 549 3785 603 παλαιὸν

2205 644 2374 698 τύπον
2394 644 2712 710 εἰσδέδεξαι.

2281 736 2371 792 ια’.
2401 739 2624 804 Φονεὺς,
2658 738 2691 796 6
2716 736 2859 792 κατὰ
2889 735 2991 806 τῆς
3015 734 3281 804 γυναικὸς
3305 733 3396 790 διὰ
3426 733 3600 806 θυμὸν
3626 729 3789 801 ἀξίνῃ

2207 827 2514 896 χρώμενος.

2281 916 2370 986 ιβ’.
2416 917 2702 982 ’Λκούσιος
2723 918 2944 987 φονεὺς,
2990 919 3018 971 6
3076 915 3227 969 λίθον
3289 916 3452 983 ἀφεὶς
3491 915 3588 968 ἐπὶ
3625 913 3789 976 κύνα,

2206 1010 2302 1066 καὶ
2330 1009 2622 1081 ἀνθρώπου
2649 1008 2850 1079 τυχὼν,
2911 1010 3009 1064 καὶ
3051 1010 3080 1061 6
3118 1009 3398 1064 παιδεύων
3449 1007 3634 1078 ἱμάντι
3693 1008 3792 1059 καὶ

2205 1101 2354 1172 λύγῳ
2376 1119 2392 1135 ⁶
2421 1105 2447 1156 6
2474 1103 2529 1155 δὲ
2552 1103 2610 1154 ὲν
2627 1104 2777 1175 μάχῃ
2804 1102 3003 1173 ξύλῳῆ
3039 1103 3186 1173 χειρὶ
3200 1101 3322 1165 δοὺς
3346 1102 3438 1155 ἐπὶ
3467 1101 3535 1154 τὰ
3570 1099 3783 1170 καίρια,

2204 1196 2304 1249 καὶ
2332 1193 2561 1260 ἀνελὼν,
2595 1194 2725 1264 ἄγχι
2755 1195 2850 1247 τοῦ
2891 1195 3164 1248 ἑκουσίου.

2283 1371 2374 1442 ιγ’.
2418 1373 2479 1426 '0
2516 1372 2662 1443 ξίφει
2689 1372 3066 1444 χρησάμενος,
3096 1372 3129 1444 ἢ
3161 1371 3392 1439 τοιούτῳ
3447 1371 3578 1437 τινὶ,
3656 1369 3790 1424 πάν-

2203 1482 2313 1530 τως
2337 1464 2586 1527 ἑκούσιος
2621 1481 2635 1497 ·
2673 1464 2818 1518 καὶὸ
2847 1463 3075 1536 λῃστὴς,
3111 1463 3208 1517 καὶ
3241 1464 3268 1514 6
3309 1462 3590 1531 πολέμιος,
3625 1461 3719 1513 καὶ
3759 1463 3790 1514 6

2203 1559 2270 1611 δι’
2328 1558 2497 1628 ἀλλην
2529 1558 2713 1611 αἰτίαν
2734 1558 2957 1620 ἐπιδοὺς
2987 1560 3308 1628 φάρμακον,
3332 1557 3380 1609 εί
3407 1558 3593 1629 ἀνέλῃ.
3626 1553 3790 1608 ἑκού·

2205 1666 2320 1714 σιος
2340 1667 2354 1681 °
2385 1653 2482 1704 καὶ
2505 1650 2561 1704 αί
2588 1652 2657 1704 τὰ
2685 1649 3076 1722 άμῦλωθρίδια
3131 1648 3380 1703 διδοῦσαι
3429 1649 3524 1702 καὶ
3574 1647 3790 1718 λαμϐάο

2205 1759 2418 1798 νουσαι.

2265 1837 2345 1891 ιδ’.
2378 1836 2536 1891 Κατά
2565 1836 2658 1891 τὸν
2683 1834 2779 1892 τοῦ
2817 1835 3028 1907 Κυρίου
3059 1834 3244 1904 λόγον,
3299 1835 3432 1898 ἴσως
3490 1831 3790 1887 καταδικά-

2207 1927 2364 1991 ζεται
2394 1929 2492 1981 καὶ
2514 1927 2656 1997 ἀνὴρ
2692 1928 2786 1980 καὶ
2815 1926 2978 1998 γυνὴ,
3013 1927 3104 1984 διὰ
3141 1927 3408 1998 πορνείαν
3434 1923 3787 1992 ἀποζευγνύ-

2208 2037 2359 2090 μενοι
2396 2036 2408 2048 ’
2437 2022 2472 2092 ἡ
2502 2020 2559 2074 δὲ
2592 2020 2855 2092 συνήθεια
2882 2020 2973 2076 τὸν
3008 2020 3224 2090 μοιχὸν,
3255 2019 3347 2074 καὶ
3380 2020 3473 2074 τὸν
3499 2018 3700 2088 πόρνον
3721 2017 3784 2074 οὐ

2204 2113 2558 2181 διαζεύγνυσι
2583 2114 2694 2168 τῶν
2733 2114 2985 2184 συμσίων
3019 2129 3034 2145 ⁶
3070 2115 3122 2167 εί
3150 2113 3208 2167 δέ
3261 2129 3345 2177 τις
3395 2112 3580 2182 ἀφάτῳ
3627 2109 3788 2178 ἀνδρὶ

2206 2203 2552 2277 συζευχθείη,
2583 2206 2685 2258 οὐκ
2721 2205 2802 2258 ἔνι
2830 2204 3102 2275 μοιχαλίς.
3128 2204 3200 2256 Τὸ
3229 2203 3338 2273 γὰρ
3361 2204 3535 2256 αἴτιον
3561 2201 3653 2255 ἐπὶ
3685 2202 3785 2272 τὴν

2203 2296 2416 2364 ἀλόγως
2445 2297 2770 2366 ἁφήσασανο
2797 2295 2829 2366 ἢ
2859 2295 2970 2368 [ῑσ.
3003 2295 3064 2366 ἦ]
3098 2295 3193 2348 καὶ
3219 2293 3492 2364 μοιχαλὶς,
3544 2292 3594 2344 sl
3645 2291 3783 2363 πρὸς

2203 2389 2390 2460 ἕτερον
2420 2389 2718 2457 ζεύγνυται
2749 2403 2763 2418 ⁸
2795 2390 2822 2442 6
2843 2389 2900 2442 δὲ
2934 2388 3186 2458 ἀφεθεὶς,
3219 2385 3567 2457 συγγνωστός
3587 2401 3601 2415 ·
3655 2385 3684 2438 6
3723 2383 3782 2436 δὲ

2202 2484 2302 2551 τὴν
2329 2485 2570 2550 γυναῖκα
2599 2482 2798 2548 λιπὼν,
2831 2482 2928 2536 καὶ
2962 2481 3050 2535 ἐπ’
3077 2482 3250 2552 ἄλλην
3286 2481 3404 2548 ἰὼν,
3461 2479 3559 2534 xui.
3615 2476 3782 2539 αὐτὸς

2207 2577 2416 2646 μοιχὸς,
2451 2576 2546 2628 καὶ
2579 2575 2751 2645 αὐτὴν
2777 2572 3183 2646 μεμοιχεῦσθαι
3207 2574 3378 2642 ποιεῖ,
3415 2572 3510 2626 καὶ
3556 2569 3592 2642 ἡ
3632 2565 3785 2637 αὑτῷ

2204 2665 2533 2722 συνοικοῦσα
2565 2669 2725 2740 γυνή.

2268 2847 2350 2903 ιε’.
2383 2847 2498 2904 Οὐκ
2529 2845 2869 2917 ἀναγκάσεις
2895 2844 2992 2902 τὸν
3024 2846 3100 2917 μὴ
3155 2843 3606 2918 χειροτονηθῆναι
3645 2841 3782 2911 ὀμό-

2201 2959 2393 2999 σαντα.

2261 3029 2357 3098 ις’.
2426 3031 2714 3097 ’Δκούσιος
2760 3032 3028 3105 φονευτὴς
3053 3028 3346 3094 δεκαετίας
3378 3025 3777 3098 ,ὑποπιπτέτω

2261 3213 2350 3280 ιζ’.
2403 3213 2462 3268 '0
2476 3213 2733 3283 δίγαμος,
2765 3212 2864 3268 καὶ
2898 3212 3250 3284 άκλήρωτος.

2254 3306 2346 3378 ιηῗ.
2389 3307 2450 3363 ’0
2483 3306 2821 3377 πολεμιστὴς
2850 3308 2918 3378 τῇ
2978 3305 3242 3361 εὐσεϐεία
3286 3302 3536 3376 τριετίαν
3574 3301 3782 3356 ὑπεπι-

2193 3403 2398 3456 πτέτω.

2657 3515 2768 3571 Τοῦ
2797 3515 2986 3570 αὐτοῦ
3033 3514 3334 3584 ἐπιστολὴ
3357 3515 3440 3580 β’.

2253 3631 2321 3686 α’.
2393 3630 2774 3703 Πρεσϐύτερος
2820 3630 3038 3701 Βιάνωρ
3081 3631 3311 3700 ὀμόσας,
3361 3628 3458 3684 καὶ
3533 3641 3782 3697 μεταμε-

2191 3723 2441 3795 λόμενος,
2473 3721 2562 3777 διὰ
2607 3723 2707 3793 τὴν
2735 3722 2996 3776 εὐκολίαν
3047 3723 3263 3776 ἐκείνου
3314 3719 3408 3775 τοῦ
3449 3720 3638 3791 ὅρκου,
3690 3717 3783 3770 δερ

2193 3818 2378 3881 κτέος.
2548 3859 2552 3864 -

2247 3909 2314 3982 β’.
2341 3911 2478 3966 Μετ’
2520 3911 2770 3964 ἐνιαυτὸν
2803 3911 2907 3975 τὰς
2965 3910 3111 3982 μετὰ
3171 3909 3272 3981 τὴν
3331 3907 3626 3979 ὁμολογίαν
3683 3905 3781 3958 ὲκ-

2191 4004 2502 4067 πιπτούσας
2541 4003 2852 4075 παρθένους
2899 4003 2950 4055 οί
3000 4003 3243 4074 Πατέρες
3287 4001 3558 4071 ἐδέχοντο·
3599 3998 3688 4052 διὰ
3715 3997 3776 4050 δὲ

2189 4096 2250 4151 τὺ
2281 4096 2679 4167 κραταιοτέραν
2710 4095 2967 4162 γενέσθαι
2990 4094 3089 4165 τὴν
3130 4092 3482 4162 Ἐκκλησίαν,
3519 4087 3775 4161 μοιχαλί-

2188 4189 2255 4243 δα
2280 4189 2378 4259 τὴν
2410 4187 2713 4259 παρθενίαν
2741 4187 3164 4258 ὁμολογήσασαν
3211 4183 3559 4252 ὀνομάζομεν
3616 4197 3779 4250 περι-

2191 4283 2518 4346 πίπτουσαν,
2551 4281 2644 4331 καὶ
2669 4279 2856 4349 μοιχὸν
2882 4279 2974 4331 τὸν
3029 4276 3288 4347 τοιαύτην
3314 4275 3634 4344 κατέχοντα.

2261 4369 2332 4440 γ’.
2390 4371 2677 4441 Ὁμολογεῖ
2713 4369 3018 4440 παρθενίαν
3041 4371 3074 4438 ἡ
3111 4371 3251 4438 μετὰ
3280 4370 3350 4420 τὰ
3391 4363 3771 4418 ἑπτακαίδεκα

2193 4463 2288 4536 ἐτη
2325 4463 2758 4534 ἀνακρινομένη,
2792 4464 2889 4516 καὶ
2916 4465 3259 4533 παραμένειν
3297 4455 3695 4528 ἑκλιπαροῦσα.

2246 4652 2308 4706 δ’.
2335 4651 2448 4705 Καὶ
2505 4653 2533 4704 6
2581 4649 3030 4720 άποτασσόμενος
3088 4648 3406 4720 ἐρωτάσθω,
3465 4646 3560 4699 καὶ
3613 4645 3781 4717 ἔναρ-

2192 4743 2303 4813 γῶς
2339 4742 2692 4815 ὀμολογείτω,
2735 4743 2824 4798 ἵνα
2855 4741 3283 4812 μετατιθέμενος
3319 4739 3664 4809 ἐπιτιμᾶται.

2262 4932 2324 4978 ε’.
2362 4926 2456 4988 Εἰς
2483 4925 2695 4994 αἵρεσιν
2711 4919 2847 4978 οὖσα
2883 4924 3176 4993 παρθένος,
3221 4920 3341 4977 εἶτα
3405 4921 3776 4994 μεταγνοῦσα,

2188 5018 2285 5073 καὶ
2322 5017 2702 5087 λαμϐάνουσα,
2734 5016 2834 5068 οὐκ
2866 5015 3178 5070 εὐθύνεται.

2255 5216 2332 5283 ς’.
2360 5217 2567 5288 Ἀνδρα
2624 5215 3049 5286 πεπορνευκὸτα
3098 5216 3132 5285 ἠ
3190 5214 3298 5269 ίδὶα
3351 5213 3773 5286 παραλήψεται·

2187 5312 2512 5382 μιανθεῖσαν
2536 5310 2593 5362 δὲ
2626 5315 2859 5376 γυναῖκα
2883 5307 3063 5379 ὁάνὴρ
3095 5307 3494 5377 ἀποπέμψεται
3528 5323 3543 5338 ⁸
3573 5308 3778 5378 πόρνος

2183 5405 2314 5474 γὰρ,
2347 5405 2408 5456 οὐ
2466 5404 2676 5472 μοιχὸς,
2763 5404 2791 5454 ὁ
2853 5402 2934 5464 είς
2989 5400 3283 5473 ἐλευθέραν
3337 5399 3590 5454 ἐκπεσὼν
3637 5401 3777 5454 ὑπο-

2193 5513 2423 5564 γυναιος.

2258 5611 2323 5674 ζ’.
2379 5611 2439 5662 Ὀ
2491 5610 2929 5681 μνηστευθεῖσαν
2981 5610 3268 5680 ἁρπάζων,
3325 5610 3777 5682 ἀποκαταστήσει

492 5687 538 5742 si
593 5702 720 5741 vero
754 5702 857 5742 non
892 5692 1314 5758 desponsatam,
1347 5691 1460 5745 suis
1496 5692 1683 5746 reddet
1713 5733 1730 5758 ,
1787 5707 1948 5765 atque
2002 5712 2067 5751 ex

2199 5701 2258 5772 τῷ
2284 5705 2780 5774 μνηστευσαμένῳ·
2814 5706 2864 5756 εἰ
2892 5703 2947 5756 δὲ
2967 5704 3375 5775 ἀμνήστευτον,
3403 5707 3518 5768 τοῖς
3537 5705 3772 5768 οἰκείοις

491 5797 677 5838 eorum
731 5783 999 5837 sententia
1056 5783 1415 5839 contrahetur
1481 5789 1940 5858 matrimonium,
1996 5792 2069 5848 si-

2180 5797 2612 5868 ὲγκαταστήσει,
2638 5797 2734 5851 κα)⁵
2765 5797 2912 5854 κατὰ
2939 5797 3040 5869 τὴν
3068 5797 3298 5855 ικείνων
3357 5798 3590 5871 γνώμην
3638 5817 3777 5871 προ-
