4140 6402
540 330 635 396 ll]
1368 327 1738 391 ARISTENI
1781 325 2132 389 M‘ONACHI
2168 322 2530 389 SYNOPSIS
2571 317 2962 384 CANONUM.

3696 321 3797 386 112

601 447 695 502 ‘26.
724 443 893 500 Filius
924 439 1374 510 patrispotestati
1401 436 1672 504 subditus,
1687 447 1743 492 et
1765 451 1959 492 servus
1979 436 2100 490 citra

2288 435 2404 504 κς’.
2440 438 2504 491 '0
2532 437 2859 505 ὑπεξούσιος
2890 435 3030 500 υίὸς,
3065 434 3162 488 καὶ
3195 433 3385 498 δοῦλος
3412 433 3536 506 δίχα
3565 435 3675 489 τῶν
3701 454 3799 489 κυ-

528 539 874 593 dominorum
907 545 1274 596 consensum,
1316 530 1722 586 matrimonium
1757 529 2108 595 contrahens,

526 628 696 697 culpa:
721 625 940 682 obnoxii
965 633 1115 680 sunt.

595 717 689 775 27.
749 717 852 786 Qui
909 714 1238 786 percusserit
1289 713 1356 768 ad
1408 721 1673 777 mortem,
1745 721 1859 767 tum
1904 711 1996 781 qui
2028 709 2109 766 la-

524 809 709 875 cessit,
730 818 840 862 tum
871 809 962 877 qui
998 805 1314 870 ulciscitur,
1353 805 1646 860 homicida.

595 898 688 954 28.
743 897 1066 953 Diaconissa
1111 912 1235 950 cum
1291 895 1481 966 gentili
1530 895 1829 954 fornicata,
1877 908 1944 948 ac
1990 907 2108 964 pm-

528 993 754 1048 nitentia
827 992 986 1047 ducta
1027 1028 1044 1054 ,
1095 990 1378 1058 septennia
1453 985 1786 1058 paenitentia:
1844 985 2105 1057 subjicia-

527 1095 634 1139 tur.

601 1175 694 1230 29.
755 1173 1100 1229 Christianus
1153 1170 1482 1226 contumelia
1516 1167 1795 1225 Christum
1828 1167 2105 1236 alliciens,

526 1268 734 1322 nullum
779 1265 1014 1321 fructum
1055 1279 1120 1320 ex
1157 1263 1440 1319 vocatione
1469 1277 1569 1319 sua
1599 1264 1884 1333 percipiat.

596 1363 685 1418 50.
709 1362 900 1431 Nupsit
927 1361 1172 1431 qumdam
1193 1373 1286 1430 per
1315 1359 1678 1428 ignorantiam
1701 1360 1819 1414 viro
1843 1359 2104 1426 dimisso;

527 1457 729 1511 deinde
782 1455 950 1524 priori
1004 1454 1119 1523 ipse
1175 1451 1460 1507 restitutus
1515 1461 1634 1516 est;
1679 1452 1795 1520 ipsa
1850 1467 1977 1508 vero
2019 1452 2106 1507 di-

527 1547 692 1600 missa
716 1584 732 1610 ,
767 1557 1007 1601 scortum
1043 1552 1324 1616 reputatur
1374 1557 1469 1613 per
1520 1543 1880 1614 ignorantiam
1903 1581 1920 1608 ,
1949 1558 2014 1598 ac
2058 1543 2103 1598 si

532 1638 694 1704 Velit,
729 1639 934 1692 nubere
969 1647 1167 1708 potest,
1199 1634 1394 1690 melius
1425 1649 1577 1699 vero,
1612 1636 1659 1690 si
1693 1651 1798 1690 non
1830 1634 2017 1689 nubat.

596 1731 688 1786 31.
719 1730 1068 1795 Encratitaso,
1108 1726 1482 1797 Sarcopboros
1505 1767 1519 1792 ,
1550 1735 1713 1796 atque
1762 1725 2104 1796 Apotaetitas

525 1825 703 1880 denuo
741 1825 1064 1894 baptizabis.
1119 1821 1378 1889 Quamvis
1403 1820 1548 1874 enim
1599 1821 1782 1875 dicant
1815 1835 1874 1875 se
1904 1819 1957 1873 in
2000 1818 2102 1873 Pa-

523 1926 699 1982 trem,
753 1926 809 1972 et
863 1915 1092 1978 Filium,
1127 1923 1182 1967 et
1234 1911 1496 1982 Spiritum
1543 1922 1794 1966 sanctum
1839 1925 1961 1965 esse
2008 1912 2102 1965 bac

523 2009 787 2076 ptizatos,
812 2014 1185 2061 verumtamen
1218 2001 1474 2073 quoniam
1515 2002 1780 2056 malorum
1823 2012 2100 2058 auctorem

524 2104 692 2155 neum
721 2100 882 2168 impie
908 2105 1160 2153 asserunt
1184 2095 1336 2164 juxta
1377 2092 1708 2149 Marciouem
1736 2133 1754 2162 ,
1787 2095 1890 2150 nisi
1924 2096 2102 2149 denuo

521 2193 883 2262 baptizentur,
916 2204 1023 2244 non
1057 2195 1184 2242 sunt
1213 2184 1531 2255 recipiendi.

589 2283 681 2338 52.
716 2283 846 2350 Quae
877 2295 907 2334 a
939 2281 1056 2334 virn
1085 2277 1313 2333 dimissa
1337 2283 1442 2343 est,
1478 2275 1559 2331 sic
1583 2286 1837 2343 maneat;
1880 2277 1926 2332 si
1954 2277 2101 2333 enim

525 2376 852 2437 mmebetnr,
883 2373 1036 2444 juxta
1073 2369 1286 2428 Domini
1330 2380 1660 2433 sermonem,
1686 2369 1824 2424 alius
1857 2384 2103 2425 commu-

524 2469 685 2520 itione
712 2466 1043 2522 excluditur.

595 2559 686 2613 '53.
726 2555 1017 2628 Corruptio
1047 2572 1142 2628 per
1190 2559 1298 2614 vim
1329 2559 1567 2616 admissa
1595 2598 1612 2626 ,
1663 2558 1892 2614 crimine
1923 2565 2100 2625 vacat,

523 2661 686 2720 atque
733 2649 930 2706 ancilla
976 2649 1023 2707 si
1076 2651 1184 2709 vim
1234 2652 1479 2722 patiatur
1516 2666 1554 2706 α
1590 2651 1858 2719 domino,
1910 2651 2101 2706 insons

521 2752 628 2800 est.

595 2837 690 2892 34.
726 2836 830 2904 Qui
862 2835 1080 2892 tertium
1126 2834 1535 2891 matrimonium
1569 2834 1881 2902 contrahit,
1907 2844 2096 2891 contra

522 2930 669 3000 leges
715 2937 928 3000 peccat.
981 2927 1146 2984 Prout
1187 2936 1369 2983 autem
1425 2928 1679 2984 Ecclesize
1736 2944 1826 2983 res
1860 2943 2004 2985 nunc
2037 2942 2101 2984 se

523 3019 770 3087 habent,
819 3017 1087 3090 ejusmodi
1135 3015 1420 3084 facinora,
1469 3018 1516 3074 si
1577 3032 1686 3074 non
1719 3018 1933 3086 publice
1987 3027 2101 3073 tra-

522 3113 794 3168 ducantur
822 3151 842 3179 ,
897 3109 1158 3166 dissoluta
1199 3108 1566 3165 fornicatione
1616 3108 1978 3166 tolerabiliora
2005 3108 2092 3181 ju-
2120 3137 2167 3198 ς

517 3203 786 3261 dicantur.

943 3289 1196 3362 Ejusdem
1227 3291 1447 3362 epistola
1493 3293 1672 3350 tertia.

591 3387 644 3442 l.
694 3383 892 3441 Clerici
939 3385 1030 3454 qui
1085 3385 1138 3438 in
1185 3384 1439 3439 delictum
1492 3384 1738 3440 incidunt
1768 3423 1786 3450 ,
1821 3383 2100 3453 fgradibus

517 3477 867 3549 dejieiuntur,
896 3477 1012 3532 sive
1041 3475 1371 3540 ministrent,
1403 3477 1518 3532 sive
1548 3475 1784 3530 ordinati
1815 3475 1944 3531 sint.

589 3659 646 3715 2.
683 3657 813 3726 Quae
848 3658 1016 3712 fetum
1049 3657 1366 3727 neglexerit,
1417 3667 1702 3726 propterea
1733 3659 1876 3728 quod
1909 3661 2100 3717 amicis

444 3787 464 3806 .
523 3755 796 3821 rebusque
838 3750 908 3805 ad
957 3751 1121 3804 vitam
1166 3749 1494 3806 necessariis
1530 3749 1789 3805 destituta
1835 3752 1908 3807 sit
1935 3790 1951 3816 ,
1994 3755 2101 3810 cri-

521 3845 684 3900 minis
712 3856 907 3911 expers
937 3849 1040 3897 est.

591 3937 648 3992 5.
704 3933 822 3991 Non
877 3952 1131 4006 magnum
1177 3937 1385 3994 crimen
1435 3949 1521 3995 est
1568 3941 1779 3998 ancilla:
1813 3943 2020 4011 viduze,
2053 3945 2097 3998 si

521 4030 590 4084 ad
617 4029 884 4086 secundas
913 4030 1134 4099 nuptias
1155 4029 1434 4100 rapiatur:
1464 4031 1717 4102 bigamize
1740 4048 1865 4089 vero
1883 4050 2096 4104 pinnam

521 4118 688 4174 subit.

593 4211 649 4266 4.
696 4209 1107 4266 llomicidarum
1159 4223 1379 4282 petite,
1433 4225 1532 4280 pro
1562 4210 2096 4271 circumstantiarum

520 4302 750 4367 ratione,
771 4311 1038 4372 augentur
1067 4310 1161 4356 aut
1197 4303 1531 4360 minuuntur.

590 4391 645 4446 5.
680 4389 1028 4446 Voluntarius
1063 4391 1336 4446 homicida
1383 4392 1575 4462 viginti
1613 4409 1785 4449 annos
1826 4397 2098 4464 paeniten-

2214 531 2350 602 ρίων
2377 528 2768 601 ζευγνύμενος,
2788 530 2889 584 οὐκ
2915 527 3226 585 ἀνεύθυνοι.

2274 709 2378 776 κζ’.
2426 711 2486 764 '0
2514 711 2730 782 πλήξας
2754 711 2894 782 πρὸς
2925 710 3184 778 θάνατον,
3215 711 3311 767 καὶ
3341 711 3670 784 ἀρχόμενος,
3703 713 3800 766 καὶ

2210 803 2582 874 ἀμυνόμενος,
2611 804 2967 874 ἀνδροφόνος.

2279 893 2387 965 κη’.
2406 897 2668 960 Διάκονος
2694 895 2922 965 ’Έλληνι
2939 893 3322 966 πορνευθεῖσα,
3341 895 3436 950 καὶ
3453 893 3798 966 μεταγνοῦσα

2210 987 2510 1040 ἑπταετίαν
2539 987 2922 1040 ὑποπιπτέτω.

2274 1170 2380 1225 κθθ.
2424 1169 2698 1241 ’Υόρίξων
2737 1170 3069 1240 Χριστιανὸς
3093 1170 3185 1222 τὸν
3213 1171 3471 1242 Χριστὸν,
3539 1170 3646 1222 ἀπὸ
3694 1172 3795 1240 τῆς

2208 1264 2454 1335 κλήσεως
2478 1263 2850 1334 ἀνωφέλητος.

2270 1357 2334 1413 λ’.
2363 1359 2646 1429 Ἐγήματό
2669 1375 2754 1421 τις
2810 1356 2968 1428 ἀνδρὶ
3017 1355 3160 1410 κατά
3212 1357 3441 1426 ἄγνοιαν
3491 1357 3796 1427 ἀφεμένω·

2211 1447 2332 1504 εἶτα
2360 1453 2428 1523 τῇ
2463 1452 2710 1523 προτέρᾳ
2739 1451 3013 1520 ἀνέφηνεν
3042 1465 3057 1481 ο
3094 1450 3128 1519 ὴ
3161 1448 3208 1502 δ’
3229 1449 3432 1518 ἀφείθη
3466 1463 3481 1478 ·
3507 1451 3684 1520 πόρνη
3709 1449 3799 1500 λο-

2209 1547 2429 1616 γίζεται
2487 1547 2631 1600 κατά
2653 1549 2904 1615 ἄγνοιαν,
2966 1543 3064 1598 καὶ
3115 1544 3166 1596 εί
3219 1542 3390 1610 θέλοι,
3451 1540 3792 1612 ζεύγνυται*

2209 1640 2433 1693 κάλλιον
2453 1639 2534 1702 δὲ,
2553 1640 2601 1692 εί
2640 1637 2716 1710 μὴ
2749 1638 3067 1707 ζεύγνυται.

2271 1732 2374 1787 λα’.
2418 1731 2808 1802 Ἐγκρατίτας,
2834 1732 2930 1785 καὶ
2979 1730 3382 1802 σαρκοφόρους,
3436 1729 3534 1784 καὶ
3581 1728 3798 1782 ἀποτα-

2207 1828 2398 1887 κτίτας
2427 1822 2824 1886 ἀναδαπτίσεις
2851 1838 2865 1852 ο
2897 1823 2946 1876 εί
3008 1823 3120 1890 γάρ
3174 1821 3272 1876 καὶ
3319 1821 3530 1890 λέγοιεν
3583 1820 3668 1874 δτι
3709 1823 3797 1885 είς

2207 1917 2448 1987 Πατέρα,
2485 1917 2582 1970 καί⁵
2614 1915 2764 1977 Υἱὸν,
2824 1914 2918 1967 καὶ
2971 1913 3130 1982 ἀγιον
3178 1913 3410 1982 Πνεῦμα
3461 1911 3799 1983 ἐϐαπτίσθη·

2206 2027 2330 2076 σαν,
2385 2007 2504 2061 ἀλλ’
2559 2005 2684 2060 ἐπεὶ
2717 2005 2910 2060 κακῶν
2965 2005 3201 2075 ποιητὴν
3259 2002 3354 2057 τὸν
3443 2002 3579 2057 Θεδν
3629 2001 3797 2072 βλασ-

2205 2102 2451 2173 φημοῦσι
2514 2101 2660 2155 κατά
2734 2099 3067 2170 Μαρκίωνα,
3130 2100 3208 2169 μὴ
3259 2095 3793 2164 ἀναδαπτιζόμενοι,

2202 2196 2448 2250 ἀδεκτοι.

2260 2284 2363 2356 λβ’.
2401 2285 2467 2338 Ἥ
2515 2284 2650 2354 παρ’
2699 2283 2896 2354 ἀνδρὸς
2951 2281 3246 2352 ἀφεθεῖσα,
3304 2280 3520 2352 μενέτω
3571 2278 3789 2343 οὕτως’

2203 2378 2385 2450 είγάρ
2426 2376 2876 2448 μοιχᾶται,κατά
2897 2378 2988 2428 τὶν
3009 2375 3106 2428 τοῦ
3174 2375 3386 2446 Κυρίου
3449 2373 3634 2443 λόγον,
3685 2373 3792 2444 τῆς

2202 2473 2344 2544 πρὸς
2373 2473 2562 2542 ἓτερον
2590 2469 2835 2524 κλείεται
2866 2467 3182 2531 κοινωνίας.

2259 2561 2364 2631 λγ’.
2420 2561 2604 2633 Φθορά
2649 2559 3180 2632 κατηναγκασμένη,
3268 2557 3605 2621 ἀνεύθυνοςο
3686 2555 3790 2609 καὶ

2200 2652 2366 2724 δούλη
2449 2650 2750 2722 βιαζομένη
2842 2650 3000 2720 παρά
3081 2648 3374 2716 δεσπότου,
3467 2646 3787 2709 ἀνεύθυνος.

2267 2837 2363 2892 λδ’.
2406 2836 2465 2890 Ὀ
2491 2837 2785 2908 τρίγαμος,
2809 2836 3009 2904 ἄνομος
3039 2851 3050 2863 ·
3080 2833 3156 2898 ὼς
3212 2834 3270 2888 δὲ
3321 2833 3484 2904 ῥέπει
3513 2832 3617 2903 τῆς
3658 2829 3788 2885 Ἐκ-

2201 2930 2430 3001 κλησίας
2459 2930 2528 2982 τὰ
2547 2927 2778 2983 τοιαῦτα
2799 2927 3135 2998 βλεπόμενα,
3163 2926 3532 2997 ἀστηλίτευτα
3550 2926 3788 2999 κρείττω

2197 3023 2299 3096 τῆς
2328 3024 2624 3094 ἀνειμένης
2651 3021 2913 3094 πορνείας
2943 3021 3268 3094 κρινόμενα.

2577 3294 2688 3350 Τοῦ
2722 3292 2911 3349 αὑτοῦ
2933 3293 3230 3363 ἐπιστολὴ
3261 3295 3449 3362 τρίτη.

2256 3387 2325 3442 α’.
2363 3389 2426 3442 Οί
2453 3387 2710 3459 κληρικοὶ
2741 3387 3220 3458 παραπίπτοντες,
3257 3387 3366 3440 τῶν
3393 3386 3624 3458 βαθμῶν
3646 3390 3785 3442 ἀπο-

2201 3479 2521 3546 πίπτουσιν,
2587 3480 2699 3533 εἶτε
2784 3478 3174 3550 ὑπηρετοῦσιν,
3261 3480 3372 3532 εῐτε
3469 3480 3782 3552 κεχειροτό-

2201 3589 2414 3644 νηνται.

2263 3665 2332 3735 β’.
2368 3665 2435 3719 Ἦ
2491 3665 2822 3736 ἀμελήσασα
2866 3663 2962 3717 τοῦ
3000 3667 3282 3734 κυήματος
3349 3663 3419 3719 δι’
3482 3663 3720 3736 ἐρημίαν
3747 3665 3782 3736 ἢ

2201 3758 2441 3831 ἀπορίαν
2462 3759 2572 3814 τῶν
2601 3759 2950 3830 έπιτηδείων,
2979 3757 3293 3824 ἀνεύθυνος.

2270 3935 2343 4006 γ’.
2379 3938 2454 3990 Ού
2485 3937 2631 4009 μέγα
2661 3939 2915 4009 πταῖσμα
2946 3940 3009 4008 τῇ
3065 3941 3210 4010 χήρα
3240 3938 3403 4012 δούλῃ
3426 3938 3567 4011 πρὸς
3595 3938 3786 3994 δεύτε-

2204 4045 2296 4101 ρον
2329 4028 2510 4098 γάμον
2538 4029 2904 4101 ἁρπαζομένῃ
2925 4047 2938 4060 ο
2972 4029 3034 4084 τὸ
3055 4029 3114 4083 δὲ
3166 4030 3266 4101 τῆς
3287 4029 3556 4102 διγαμίας
3595 4032 3782 4086 ἐπιτί-

2206 4137 2332 4189 μιον
2361 4119 2496 4184 tam.

2260 4215 2324 4272 δ’.
2347 4216 2469 4269 Τῶν
2499 4215 2846 4285 φονευόντων
2879 4215 2949 4270 τά
2976 4217 3254 4288 ιπιτίμια,
3289 4218 3433 4273 κατά
3459 4219 3520 4273 τὸ
3579 4219 3785 4290 ἰδίωμα

2201 4306 2302 4376 τῆς
2335 4309 2714 4376 περιστάσεως
2746 4307 3102 4374 ἐπιτείνεται,
3135 4309 3169 4381 ἢ
3204 4309 3449 4380 ὑφίεται.

2263 4396 2326 4452 ε’.
2371 4397 2430 4450 Ὀ
2457 4397 2705 4462 ἑκούσιος
2729 4399 2994 4469 φονευτὴς
3017 4400 3362 4455 είκοσαετίαν
3381 4403 3743 4456 ὑποπιπτέτω
3764 4420 3784 4436 ο

524 4483 612 4537 tiae
662 4482 1025 4551 subjiciatur;
1058 4481 1484 4544 involuntarius.
1517 4485 1701 4540 decem
1747 4501 1952 4551 annos;
1985 4488 2094 4543 lor-

2202 4490 2228 4541 ὁ
2270 4487 2529 4552 ἀκούσιος
2577 4487 2863 4545 δεκαετίαν
2892 4505 2909 4525 ο
2971 4491 3000 4544 ό
3056 4494 3258 4564 πόρνος
3346 4493 3644 4549 ἑπταετίαν
3673 4511 3689 4528 ο
3719 4498 3782 4550 αί

518 4574 754 4640 nicator,
805 4571 1171 4642 septennium.
1226 4571 1475 4643 Virgines
1532 4584 1650 4644 post
1705 4577 2091 4644 prolessionem

516 4663 699 4732 lapsa,
735 4663 1044 4731 quindecim
1081 4677 1275 4717 annos.

592 4755 648 4812 6.
677 4754 782 4820 Qui
811 4756 1024 4810 iuratus
1065 4765 1149 4812 est
1183 4771 1247 4810 ac
1279 4757 1539 4827 resipuit,
1574 4774 1774 4815 annum
1824 4763 2097 4831 pamiten-

474 4863 483 4926 ἐ
521 4849 652 4900 tiam
691 4855 838 4916 agat,
863 4847 1148 4902 convictus
1179 4863 1330 4914 vero,
1361 4848 1501 4903 duos
1530 4865 1721 4904 annos.

481 4967 487 4992 ~.
589 4941 641 4993 7.
700 4939 1062 4994 Masculorum
1113 4941 1456 5005 concubitor,
1505 4942 1647 4996 sicut
1703 4941 1934 4995 adulter.
1993 4942 2094 5009 Qui

515 5042 707 5087 contra
745 5033 1012 5087 rationem
1046 5041 1300 5086 versatus
1329 5040 1454 5096 εει,
1511 5033 1784 5088 similiter.
1817 5033 2092 5102 Perjurus,

509 5125 801 5180 decennio.
851 5124 1166 5179 lncantator
1207 5135 1263 5180 et
1323 5125 1641 5188 veneﬁcus,
1695 5136 1754 5180 ut
1801 5127 2090 5182 homicida.

512 5215 615 5279 Qui
646 5217 897 5286 sepulcra
946 5217 1309 5287 depraedatur,
1343 5217 1626 5272 decennio.
1678 5215 1780 5282 Qui
1827 5233 1947 5273 cum
2001 5236 2093 5276 so-

517 5319 639 5361 rore
693 5308 973 5373 miscetur,
1021 5319 1079 5361 ut
1132 5308 1422 5363 homicida.
1459 5308 1799 5363 Prohibitum
1858 5310 1910 5364 in
1958 5327 2093 5366 con-

2201 4583 2651 4654 παραπίπτουσαι
2675 4585 2812 4653 μετά
2835 4585 2937 4656 τὴν
2965 4585 3261 4656 ὁμολογίαν
3290 4587 3577 4657 παρθένοι,
3609 4591 3782 4643 πέντε

2207 4677 2302 4728 καὶ⁵
2334 4673 2621 4727 δεκαετίαν
2643 4674 3277 4750 [πεντακαιδεκαετίαν].

2255 4774 2332 4834 ς’.
2372 4769 2434 4821 '0
2451 4767 2654 4838 κλέψας
2675 4770 2771 4823 καὶ
2819 4771 3150 4840 μεταγνοὺς,
3175 4772 3427 4826 ἐνιαυτόν
3456 4789 3472 4807 ο
3497 4773 3784 4844 ἐλεγχθεὶς

2199 4860 2278 4926 δὲ,
2311 4859 2502 4929 ἕτερον
2525 4859 2646 4915 ἕνα.

2250 4953 2319 5017 ζ’.
2373 4954 2811 5025 Ἀρσενοκοίτης,
2855 4954 2933 5018 ὡς
2987 4956 3198 5028 μοιχός.
3235 4957 3295 5011 ’0
3353 4958 3780 5029 ἀλογευόμενος,

2198 5045 2401 5112 ὁμοίως
2427 5061 2441 5074 ο
2463 5045 2492 5096 ὁ
2512 5045 2797 5115 ἐπίορκος,
2817 5044 3109 5101 δεκαετίαν
3143 5065 3158 5079 ο
3210 5050 3240 5102 ὁ
3291 5048 3426 5120 γόης
3456 5053 3550 5104 καὶ
3574 5051 3604 5104 ό
3633 5068 3780 5120 φαρ-

2201 5138 2398 5206 μακδς,
2433 5136 2560 5198 ὡςό
2601 5138 2823 5206 φονεύς.
2865 5137 2928 5194 '0
2972 5140 3366 5212 τυμϐωρύχος,
3426 5141 3718 5196 δεκαετίαν
3753 5159 3771 5176 ο

2196 5229 2224 5280 ό
2255 5227 2674 5298 ἁδελφόμικτος,
2701 5231 2775 5293 ὡς
2806 5232 3002 5299 φονεύς
3021 5246 3036 5262 ο
3073 5233 3101 5284 ό
3126 5233 3505 5304 ἀπειρημένος
3532 5237 3591 5288 ἐν
3639 5250 3779 5303 συγ-

2207 5320 2396 5390 γενείᾳ
2427 5320 2626 5391 γάμος,
2659 5325 2799 5376 κατά
2824 5324 3034 5394 μοιχόν.

516 5398 881 5464 sanguinitate
911 5401 1316 5454 matrimonium
1343 5439 1360 5463 ,
1390 5401 1579 5455 eadem
1629 5417 1734 5471 qua
1764 5403 2088 5460 adulterium
2128 5424 2290 5480 prona
2325 5415 2646 5470 vindicatur.

581 5492 636 5545 8.
679 5490 875 5549 Lector
909 5498 999 5565 qui
1035 5507 1160 5552 ante
1188 5497 1405 5565 nuptias
1439 5513 1548 5552 rem
1583 5498 1892 5554 habetcum
1921 5515 2086 5571 spon-

513 5596 594 5640 εει,
629 5596 844 5640 maneat
893 5587 1082 5652 lector,
1129 5589 1204 5642 ita
1239 5596 1298 5642 ut
1349 5588 1416 5643 ad
1454 5588 1688 5658 majores
1730 5594 1932 5658 gradus
1976 5608 2085 5647 non

513 5684 894 5739 promoventur
944 5680 1083 5747 :qni
1145 5695 1272 5736 vero
1304 5679 1562 5736 furtivum
1615 5680 1736 5736 iniit
1791 5683 2076 5739 matrimo-

512 5762 686 5828 nium,
726 5767 1046 5835 expellatur.

2265 5514 2338 5576 η’.
2379 5509 2438 5563 '0
2470 5509 2577 5580 πρὸ
2602 5511 2785 5582 γάμου
2815 5513 3213 5569 συναλλάσσων
3243 5515 3604 5586 ἀναγνώστης
3635 5533 3779 5588 μνη-

2195 5602 2316 5671 στῇ,
2352 5601 2564 5670 μενέτω
2616 5604 2974 5676 ἀναγνώστης
3026 5607 3344 5678 ἀπρόκοπος
3377 5626 3392 5641 ο
3426 5609 3774 5680 κλεψίγαμος

2191 5692 2250 5746 δὲ
2279 5693 2628 5749 ἁπωθείσθω.
