4140 6416
366 334 457 395 ηι

1736 334 2201 396 DlSPUTATlO
2245 337 2295 399 ῐ.

3548 324 3651 391 l2)

368 443 565 516 κλησίᾳ
593 443 688 497 καὶ
713 445 787 514 τῇ
817 443 1070 513 βασιλείᾳ
1104 460 1229 512 μου.
1263 442 1373 497 Καὶ
1402 443 1629 497 δύναται
1658 445 1688 514 ἡ
1717 444 1962 514 ὑμετέρα

2081 446 2346 513 :apientia:
2382 455 2574 499 vestra:
2620 445 2779 500 fidem
2812 444 2994 499 verbis
3044 441 3323 504 adbibere,
3362 455 3484 511 qual
3512 456 3654 512 prm-

375 536 586 600 σιένεσις
616 534 919 589 πιστεῦσαι
954 537 1067 598 τοῖς
1106 536 1237 605 παρ’
1260 535 1443 588 αὐτῶν
1467 535 1960 606 λαληθησομένοις·

378 630 553 692 καλῶς
575 626 957 696 γινώσκουσα,
992 628 1069 690 ὼς
1102 628 1197 680 ἐὰν
1234 626 1379 680 οὓτω
1418 628 1644 698 ποιῆσαι
1670 628 1960 699 θελήσητε,

375 726 470 776 καί
494 722 590 791 τῆς
618 719 929 791 ὀρθοδὸξων
964 719 1313 791 Χριστιανῶν
1333 719 1553 789 μερίδος
1584 720 1842 787 γενέσθαι
1872 720 1968 773 καλ⁸

377 813 605 878 τάξεως,
634 811 831 883 πρῶτα
882 812 982 879 μὲν
1015 812 1082 880 τῇ
1126 808 1222 861 τοῦ
1269 808 1405 862 Θεοῦ
1438 808 1823 880 φιλανθρωπίᾳ
1866 809 1966 879 τὴν

379 903 654 974 σωτηρίαν
683 904 797 955 τῶν
831 901 1023 972 ψυχῶν
1057 900 1211 972 ὑμῶν
1241 902 1679 973 προχειροτάτην
1706 902 1801 956 καὶ
1826 901 1970 955 ἕτοι-

380 1014 486 1065 μον
508 996 775 1066 εὑρήσετε
794 1012 809 1026 ο
831 987 894 1047 οὗ
929 993 983 1047 τί
1012 994 1227 1060 γένοιτο
1257 994 1325 1046 ἂν
1354 996 1466 1058 τοῖς
1498 993 1676 1065 ὀρθῶς
1708 994 1967 1066 φρονοῦσι

376 1089 627 1157 κρεῖττον
656 1088 751 1140 καὶ
784 1086 1159 1156 τιμιώτερον;
1188 1080 1294 1138 εἷθ’
1322 1085 1498 1149 οὕτως
1534 1087 1631 1139 καὶ
1676 1085 1778 1155 τῆς
1807 1086 1969 1157 χάρι-

374 1198 469 1241 τος
498 1182 595 1250 τῆς
620 1178 903 1249 βασιλείας
948 1195 1052 1248 μου
1103 1176 1420 1242 πολλαπλῆς
1470 1178 1802 1249 εύμοιρῆσαι
1840 1180 1969 1248 ύμῖν

376 1272 670 1341 γενήσεται
719 1269 806 1337 ἐφ’
837 1266 923 1332 οἷς
970 1268 1039 1323 ἂν
1076 1268 1248 1338 αὐτῆς
1298 1269 1551 1339 δεηθῆτε.
1613 1269 1807 1333 Καλῶς
1852 1270 1966 1340 ἐχε.

378 1363 473 1430 Τῷ
499 1363 631 1432 μηνὶ
660 1360 960 1431 Νοεμϐρίῳ
994 1360 1326 1424 ίνδικτιῶνος
1369 1362 1583 1433 τρίτης,
1618 1362 1686 1415 δι’
1722 1362 1970 1434 ἐρυθρῶν

375 1451 733 1521 γραμμάτων
762 1451 861 1519 τῆς
898 1450 1185 1521 βασιλικῆς
1213 1452 1420 1521 χειρός.
1452 1481 1523 1491 -—
1560 1454 1622 1505 Ἠ
1648 1454 1966 1524 ἐπιγραφή.

378 1543 674 1595 Βασιλικὺν
708 1543 789 1605 είς
817 1542 911 1595 τὸν
943 1542 1276 1613 τιμιώτατον
1303 1544 1395 1596 καλ⁵
1429 1544 1825 1598 εύλαόέστατον
1854 1546 1968 1599 Κα-

380 1634 600 1688 θολικδν
631 1634 741 1687 τῶν
782 1634 1085 1706 Ἀρμενίων
1122 1635 1222 1705 (l).

1021 1746 1357 1803 ΔΙΑΛΕΞΙΣ.

457 1860 547 1915 Ἐν
566 1860 679 1914 ἔτει
704 1860 812 1913 άπὸ
828 1859 1060 1923 κτίσεως
1077 1861 1283 1931 κόσμου
1314 1867 1505 1933 ,ςχοης
1532 1861 1641 1915 ἔτει
1663 1861 1721 1915 δὲ
1746 1862 1976 1932 εἰκοστῷ

383 1953 558 2020 ὀγδόῳ
606 1950 708 2021 τῆς
766 1950 1204 2022 αὐτοκρατορίας
1231 1951 1326 2005 τοῦ
1357 1952 1416 2005 ὲν
1450 1951 1767 2022 βασιλεῦσιν
1816 1953 1976 2006 εύσε-

384 2046 653 2097 τεττάτου
698 2043 794 2097 καὶ
852 2041 1224 2114 φιλοχρίστου,
1283 2046 1377 2098 καὶ
1423 2044 1754 2098 θεοστέπτου
1801 2045 1975 2115 κυροῦ

384 2134 691 2205 Μανουὴλ,
761 2135 856 2188 τοῦ
911 2136 1442 2207 Πορφυρογεννήτου
1494 2140 1591 2191 καὶ
1643 2141 1929 2211 Κομνηνοῦ
1958 2183 1972 2203 ,

388 2227 723 2291 ίνδικτιῶνος
743 2229 959 2298 τρίτης,
1011 2232 1154 2284 κατὰ
1185 2230 1285 2301 τὴν
1317 2231 1554 2300 δεκάτην
1588 2233 1849 2304 πέμπτην
1879 2234 1975 2288 τοῦ

385 2324 570 2376 Μαΐου
600 2322 769 2393 μηνὸς
816 2322 1194 2395 κατελάϐομεν
1255 2324 1356 2377 σὺν
1392 2326 1513 2395 Θεῷ
1534 2327 1643 2380 τῶν
1690 2327 1976 2398 Ῥωμαίων

386 2415 557 2468 κουλὰ
581 2433 596 2448 ’
629 2416 727 2469 καὶ
748 2416 1174 2485 χαιρετίσαντες
1204 2417 1298 2470 τὸν
1328 2419 1623 2472 καθολικδν
1684 2420 1793 2473 τῶν
1844 2422 1975 2491 Ἀρ-

391 2510 616 2579 μενίων,
663 2510 860 2579 κύριον
893 2510 1185 2580 Νορσέσιν,
1218 2512 1283 2564 ὲκ
1309 2512 1403 2565 τοῦ
1466 2513 1669 2583 μέρους
1698 2514 1793 2567 τοῦ
1844 2531 1979 2583 κρα-

387 2601 545 2655 ταιοῦ
577 2603 670 2654 καὶ
725 2603 884 2670 ἁγίου
945 2602 1105 2672 ἡμῶν
1149 2602 1442 2672 βασιλέως,
1490 2604 1805 2675 δεδώκαμεν
1829 2607 1978 2676 αύτῲ

387 2695 453 2747 τὸ
476 2696 611 2764 πρὶς
633 2695 798 2748 αύτξν
824 2695 1107 2765 βασιλικὸν
1131 2695 1277 2748 θεῖον
1305 2697 1569 2767 γράμμα,
1628 2698 1980 2761 ἀναδιδάξειν-

390 2804 486 2848 τες
536 2787 701 2838 αὑτὸν
739 2787 834 2839 καὶ
864 2786 926 2839 τὸ
956 2787 1162 2855 ἀγαθὸν
1188 2788 1423 2857 θέλημα,
1457 2787 1484 2839 ὃ
1523 2788 1658 2857 πρὸς
1693 2788 1857 2840 αὐτὸν
1890 2790 1981 2841 κέ·-

386 2892 586 2944 κτηται
620 2878 647 2929 δ
694 2877 957 2945 κραταιὸς
1019 2878 1114 2931 καὶ
1177 2878 1333 2947 ἅγιος
1381 2878 1541 2948 ἡμῶν
1575 2877 1855 2947 βασιλεύς·
1889 2881 1979 2932 καὶ

386 2972 475 3023 ὅτι
500 2969 569 3022 δι’
608 2970 857 3038 ἐφέσεως
888 2969 1029 3039 ἔχων
1062 2970 1327 3039 πλείστης
1361 2969 1462 3039 τὴν
1511 2970 1702 3035 αὑτοῦ,
1738 2970 1834 3022 καὶ
1867 2970 1979 3021 τῶν

388 3062 487 3115 ὑπ’
520 3061 700 3125 αὐτὸν,
721 3063 859 3133 πρὸς
913 3064 1012 3133 τὴν
1044 3062 1211 3131 ἁγίαν
1271 3062 1571 3132 καθολικὴν
1619 3064 1715 3116 καὶ
1746 3064 1980 3115 ἀποστο-

388 3151 551 3221 λικὴν
590 3129 919 3221 Ἐκκλησίαν
969 3129 1200 3215 -ἓνωσιν,
1256 3129 1647 3218 ἐξαπέστειλεν
1683 3154 1832 3224 ἡμᾶς
1854 3155 1981 3216 τοὺς
2008 3129 2050 3186 C

391 3242 718 3311 ἐλαχίστους
773 3242 996 3305 δούλους
1056 3243 1256 3308 αὑτοῦ,
1311 3243 1401 3297 διὰ
1444 3244 1708 3297 τοσούτου
1765 3244 1983 3314 μακροῦ

390 3335 787 3404 διαστήματος,
851 3338 945 3389 καλ⁸
999 3335 1144 3389 οὕτω
1203 3339 1451 3406 σκληρᾶς
1505 3337 1648 3401 ὁδοῦ,
1693 3339 1832 3407 πρὸς
1886 3337 1985 3408 τὴν

394 3425 647 3494 μεγάλην
680 3426 996 3497 ἁγιωσύνην
1042 3445 1159 3483 σου.
1192 3428 1412 3480 Τούτων
1444 3430 1713 3499 κατήκοος
1743 3432 1985 3497 γεγονὼς

389 3517 419 3568 δ
450 3515 763 3582 καθολικδς,
792 3516 898 3587 ἔφη
922 3518 1059 3587 πρὸς
1079 3521 1227 3589 ἡμᾶς
1252 3537 1266 3549 ⁹

466 3609 925 3681 Εὐχαριστοῦμεν
978 3611 1059 3681 τῷ
1106 3612 1326 3679 βασιλεῖ
1375 3613 1453 3681 τῷ
1516 3612 1680 3682 ἁγίῳ,
1735 3611 1817 3665 ὃτι
1853 3627 1985 3679 ιπρο⁸

391 3702 599 3753 νοεῖται
620 3702 714 3753 καὶ
743 3702 923 3771 ἡμῶν,
953 3702 1064 3756 τῶν
1095 3705 1401 3775 ἐλαχίστων
1429 3703 1669 3775 εύχετῶν
1701 3703 1798 3771 τῆς
1825 3702 1987 3768 ἁγίας

394 3792 567 3845 αὑτοῦ
636 3792 945 3862 βασιλείαςο
1003 3797 1098 3849 καὶ
1131 3796 1215 3850 ὅτι
1265 3796 1365 3866 τῆς
1406 3796 1739 3867 οἰκουμένης
1765 3794 1988 3861 ἁπάσης

394 3883 539 3953 ἔχων
564 3884 664 3948 τὰς
699 3884 1015 3955 φροντίδας,
1046 3887 1168 3940 οὐδὲ
1196 3889 1354 3958 ἡμῶν
1382 3889 1706 3942 ἐπελάθετο.

469 3978 554 4047 Τῇ
583 3978 854 4049 επαύριον
881 3980 1403 4050 μετακαλεσάμενος
1447 3981 1620 4049 ἡμᾶς,
1648 3977 1801 4032 εἶπεν
1829 3978 1984 4048 ἡμῖν’

2068 537 2197 591 dicti
2225 538 2469 592 homines
2500 537 2638 605 apud
2667 551 2763 592 vos
2791 537 3010 590 facient.
3040 536 3201 591 Certe
3232 534 3333 589 hoc
3360 535 3513 589 vobis
3533 550 3654 604 per-

2067 644 2293 683 suasum
2330 645 2451 685 esse
2505 630 2689 699 cupio,
2742 629 2885 698 quod
2936 642 3128 697 nempe
3182 628 3228 682 si
3281 628 3356 683 ita
3406 629 3654 696 egeritis,

2066 732 2229 791 atque
2258 724 2577 777 orthodoxis
2614 723 3049 779 Christianorum
3083 722 3353 793 {partibus
3385 723 3655 793 classique

2068 816 2428 883 accesseritis,
2457 818 2690 885 primum
2717 817 2932 887 quidem
2965 816 3253 870 miserante
3288 814 3396 870 Deo
3425 817 3653 871 salutem

2068 909 2371 963 animarum
2414 921 2717 965 vestrarum
2765 919 2875 964 tute
2911 925 2975 964 ac
3026 909 3186 963 facile
3236 909 3652 975 nanciscemini,

2070 1001 2199 1069 (qua
2217 1000 2472 1069 quidnam
2508 1010 2656 1054 recte
2682 1001 3043 1055 sentientibus
3069 1000 3261 1054 melius
3295 1001 3654 1071 pretiosiusve

2069 1088 2317 1142 accidere
2358 1087 2595 1158 potest?)
2645 1088 2843 1143 deinde
2894 1104 3029 1144 meae
3073 1104 3289 1159 quoque
3343 1089 3651 1159 maiestatis

2068 1180 2297 1250 gratiam
2333 1179 2621 1249 plurimam
2661 1180 2728 1238 ad
2757 1180 2942 1236 omnia
2984 1196 3102 1248 qua:
3146 1180 3493 1251 postulabitis
3522 1196 3654 1235 con-

2069 1270 2389 1338 sequemini.
2416 1268 2564 1324 Vale.
2596 1269 2779 1325 Mense
2816 1268 3131 1335 Novembri,
3158 1269 3451 1325 indictione
3473 1270 3654 1323 tertia.

2071 1360 2289 1428 Scripta
2327 1362 2507 1415 rubris
2555 1361 2753 1415 litteris
2803 1376 2968 1415 manu
3020 1360 3189 1430 regia.
3229 1359 3654 1429 Superscriptio:

2073 1452 2238 1523 Regia
2268 1454 2496 1523 epistola
2533 1453 2600 1506 ad
2643 1451 3161 1507 reverendissimum
3209 1465 3527 1519 summeque
3564 1464 3659 1505 co-

2071 1543 2289 1599 lendum
2308 1542 2626 1599 Generalem
2647 1544 3050 1599 Armeniorum.

2646 1744 3085 1803 DlSPU'l'ATlO.

2148 1863 2307 1917 Anno
2333 1861 2400 1916 ab
2429 1862 2563 1916 orbe
2593 1861 2812 1916 condito
2844 1859 2984 1915 6678
3017 1860 3118 1931 (‘2),
3168 1856 3383 1928 imperii
3428 1854 3660 1926 piissimi

2078 1966 2132 2009 et
2162 1953 2490 2017 Christiani,
2530 1964 2584 2008 et
2612 1952 2873 2008 divinitus
2901 1951 3147 2008 coronati
3188 1950 3393 2006 domini
3432 1948 3658 2002 Manue-

2077 2050 2166 2112 lis,
2200 2050 2252 2101 iu
2292 2049 2567 2117 porphyra
2617 2045 2753 2108 nati,
2799 2044 3089 2109 Comneni,
3132 2041 3395 2097 vicesimo
3429 2050 3659 2104 octavo;

2080 2141 2376 2196 indictione
2394 2140 2572 2204 tertia,
2597 2138 2685 2192 die
2712 2137 2780 2192 15
2813 2136 3018 2191 mensis
3053 2134 3202 2199 Maii,
3239 2134 3533 2201 adiuvante
3560 2145 3661 2185 nos

2080 2231 2210 2295 Deo.
2242 2231 2443 2285 limites
2477 2229 2851 2283 Romanorum
2882 2228 3185 2296 attigimus.
3216 2223 3463 2291 Cumque
3492 2236 3657 2290 gene-

2080 2324 2181 2378 rali
2216 2323 2627 2388 Armeniorum,
2663 2321 2885 2375 domino
2926 2318 3176 2382 Norsesi,
3225 2314 3578 2387 prazpotentis
3606 2322 3662 2368 et

2080 2414 2252 2471 sancti
2288 2412 2633 2481 imperatoris
2691 2411 2867 2466 nostri
2917 2409 3135 2464 nomine
3158 2407 3395 2464 salutem
3424 2406 3659 2460 dixisse-

2083 2523 2203 2561 mus
2234 2522 2249 2559 :
2283 2509 2440 2559 datas
2471 2504 2539 2558 ad
2574 2504 2748 2572 ipsum
2796 2502 3183 2572 imperatorias
3215 2513 3407 2555 sacras
3452 2497 3664 2552 litteras

2081 2597 2131 2653 ei
2179 2597 2554 2659 reddidimus,
2601 2595 2847 2663 exposita
2886 2592 3051 2648 simul
3088 2593 3319 2662 benigna
3354 2590 3661 2652 voluntate,

2080 2706 2246 2761 quam
2276 2706 2403 2757 erga
2439 2689 2616 2757 ipsum
2659 2698 2964 2758 praepotens
2991 2695 3044 2741 et
3096 2694 3320 2740 sanctus
3366 2683 3665 2752 imperator

2084 2793 2269 2837 noster
2318 2792 2570 2849 gereret;
2617 2790 2672 2834 et
2730 2780 2873 2847 quod
2927 2782 3169 2832 maxime
3221 2776 3497 2839 desiderio
3552 2780 3661 2826 tam

2082 2875 2251 2944 ipsius
2273 2890 2436 2943 quam
2470 2873 2816 2929 subditorum
2875 2873 2994 2943 ejus
3031 2874 3285 2925 unionem
3322 2885 3441 2929 cum
3475 2877 3664 2923 sancta

2082 2966 2381 3020 universali
2439 2977 2494 3020 et
2544 2966 2841 3035 apostolica
2897 2964 3140 3020 Ecclesia
3194 2971 3500 3031 expetens,
3562 2974 3667 3014 nos

2084 3058 2339 3112 minimos
2370 3073 2563 3115 servos
2589 3072 2718 3112 suos
2756 3067 2863 3111 tam
2912 3057 3071 3126 longo
3103 3056 3346 3109 locorum
3384 3067 3451 3107 ex
3500 3052 3665 3105 inter-

2087 3155 2245 3220 vallo,
2281 3164 2335 3209 et
2368 3154 2505 3210 adeo
2527 3154 2663 3209 duro
2692 3156 2909 3217 itinere,
2940 3153 3005 3206 ad
3040 3152 3308 3221 insignem
3342 3149 3513 3218 ipsius
3545 3161 3667 3202 san-

2086 3251 2335 3305 ctitatem
2389 3251 2720 3319 ablegasset.
2778 3248 2847 3302 Ea
2902 3262 3026 3301 cum
3084 3242 3356 3314 generalis
3402 3239 3667 3303 audisset,

2089 3342 2203 3397 haec
2228 3342 2293 3396 ad
2333 3357 2431 3396 nos
2464 3341 2676 3397 locutus
2706 3348 2791 3394 est
2824 3357 2838 3393 :

2163 3617 2389 3685 Agimus
2428 3610 2744 3682 imperatori
2787 3618 2981 3666 sancto
3021 3607 3247 3679 gratias,
3292 3604 3439 3675 quod
3481 3613 3537 3660 et
3572 3619 3671 3660 no-

2090 3711 2185 3765 stri
2212 3724 2399 3763 curam
2434 3703 2971 3777 gerat,minimorum
3004 3717 3069 3755 ex
3117 3700 3183 3754 iis
3212 3701 3304 3767 qui
3346 3714 3446 3768 pro
3480 3706 3673 3751 sancto

2090 3802 2263 3871 ipsius
2303 3799 2538 3868 imperio
2586 3810 2780 3866 preces
2816 3794 3084 3858 l‘umlunt;
3118 3801 3172 3846 et
3206 3791 3346 3857 quod
3377 3789 3525 3844 orbis
3549 3788 3673 3843 uni-

2088 3894 2234 3949 versi
2267 3907 2428 3947 curas
2449 3884 2955 3953 sustinens,'nostri
2983 3898 3197 3953 quoque
3222 3898 3327 3937 non
3360 3883 3429 3934 sit
3450 3882 3673 3936 oblitus.

2163 3984 2431 4041 Postridie
2452 3983 2610 4037 nobis
2627 3979 2928 4042 arcessitis,
2950 3977 3085 4031 dixit
3106 3992 3121 4029 :
3147 3974 3500 4042 Posteaquam
3518 3974 3674 4027 datas

395 4072 700 4140 ’Δναγνοὺς
720 4072 786 4125 τὸ
820 4072 959 4141 πρὸς
998 4073 1098 4142 ἐμὲ
1131 4072 1415 4144 βασιλικὸν
1468 4074 1565 4127 atati.
1622 4072 1768 4125 θετον
1815 4069 1980 4142 γράμ·

2091 4081 2157 4134 ad
2196 4094 2284 4133 me
2330 4073 2712 4146 imperatorias
2735 4081 2790 4126 et
2830 4084 3015 4124 sacras
3047 4067 3283 4122 ordinati
3319 4066 3676 4129 coronatique

398 4182 477 4234 μα
507 4162 605 4217 τοῦ
638 4164 1080 4236 θεοπροῦλήτου,
1114 4167 1209 4219 καὶ
1264 4164 1617 4234 θεοστεφοῦς,
1646 4166 1739 4219 καὶ
1765 4164 1980 4217 εὐσεϐε-

2091 4170 2391 4233 divinitns,
2445 4176 2501 4221 ct
2536 4163 2766 4230 piissimi
2806 4160 3153 4227 imperatoris
3184 4159 3391 4212 litteras
3422 4158 3624 4225 perlegi
3655 4172 3672 4222 ;

398 4254 604 4308 στάτου
638 4254 929 4323 βασιλέωε.
987 4256 1265 4326 ἀνὲμαθον
1300 4258 1358 4309 τὸ
1397 4256 1617 4326 θέλημα
1668 4254 1858 4319 αὐτοῦ,
1894 4254 1980 4308 καλ

2094 4272 2202 4315 tant
2232 4260 2404 4329 ipsitts
2437 4272 2601 4329 quam
2637 4264 2837 4309 sanctae
2880 4250 3249 4305 Romanorum
3285 4247 3544 4301 Ecclesia:
3579 4262 3676 4299 vo-

394 4348 495 4414 τῆς
517 4345 680 4413 ἁγίας
720 4348 831 4399 τῶν
879 4345 1167 4416 Ῥωμαίων
1203 4346 1555 4418 Ἐκκλησίας,
1587 4348 1670 4400 ὃτι
1704 4347 1802 4400 ὲὰν
1832 4345 1980 4415 θελή-

2093 4356 2357 4408 luntatem
2381 4347 2632 4419 perspexi
2664 4365 2679 4401 :
2715 4344 2861 4416 quod
2895 4342 3173 4404 videlicet,
3209 4341 3253 4394 si
3288 4350 3505 4393 nostros
3529 4338 3673 4392 circa

400 4454 593 4507 σωμεν
640 4436 1048 4508 διορθώσασθαι
1082 4439 1153 4493 τὰ
1207 4441 1339 4510 περὶ
1369 4440 1468 4511 τὴν
1493 4439 1776 4509 ὁρθόδοξον
1805 4438 1980 4491 πίστιν

2098 4445 2259 4498 finem
2293 4441 2653 4497 orthodoxam
2681 4451 2899 4493 errores
2932 4434 3216 4501 corrigere
3253 4431 3481 4485 velimus
3514 4445 3676 4499 para-

396 4530 697 4598 σφάλματα
725 4529 906 4599 ἡμῶν,
937 4532 1174 4599 ἑτοίμως
1202 4531 1318 4601 ἔχει
1362 4532 1391 4585 ὅ
1435 4548 1493 4584 τε
1528 4530 1682 4600 ἅγιος
1709 4529 1980 4600 βασιλεὺς,

2093 4546 2181 4590 tus
2209 4535 2281 4589 sit
2316 4542 2371 4587 et
2404 4541 2629 4587 sanctus
2659 4529 2977 4598 imperator,
3009 4534 3062 4578 et
3091 4533 3277 4578 sancta
3308 4522 3583 4593 generalis
3611 4535 3676 4574 ae

395 4622 492 4675 καὶ
550 4623 583 4690 ἠ
635 4620 770 4689 ἁγία
811 4621 1075 4693 καθολικὴ
1126 4622 1219 4674 καὶ
1248 4620 1589 4690 ἁποστολικὴ
1662 4619 1984 4689 Ἐκκλησία,

358 4713 819 4781 οπιραῐιξασθαι
850 4716 998 4783 ἡμᾶς
1036 4752 1053 4776 .
1110 4714 1185 4776 ὡς
1226 4712 1511 4781 ἀδελφούς.
1545 4711 1860 4782 Βουλόμεθα
1892 4710 1987 4765 οὖν

396 4804 847 4875 ἀναδιδαχθῆναι,
894 4806 1017 4859 τίνα
1048 4806 1209 4872 εἰσὶν,
1238 4805 1460 4875 ἁὴμεῖς
1520 4806 1601 4867 είς
1656 4803 1756 4874 τὴν
1805 4803 1990 4857 πίστιν

397 4897 911 4968 παρασφαλλόμεθα
926 4914 942 4932 υ
960 4899 1054 4951 καὶ
1075 4900 1125 4952 εί
1153 4899 1500 4971 ἐλεγχθῶμεν
1531 4895 1830 4956 κανονικῶς
1849 4894 1989 4966 μετὰ

395 4990 693 5060 γραφικιῖη
731 4991 1059 5056 ἀποδείξεων
1107 4994 1201 5046 καὶ
1226 4992 1485 5059 εὐλόγως,
1516 4990 1814 5062 προθύμως
1842 4989 1991 5055 δεξό-

400 5084 548 5155 μεθα
574 5083 678 5153 τὴν
701 5083 1015 5153 διόρθωσιν.

484 5174 547 5227 Ὅ
575 5175 775 5231 ΘΕΩΡ.
802 5176 1119 5246 Παρακαλῶ
1141 5175 1239 5247 τὴν
1265 5175 1511 5246 μεγάλην
1532 5175 1843 5246 ἁγιωσύνην
1869 5190 1987 5240 σου,

398 5266 658 5339 δέχεσθαι
709 5267 804 5323 τὸν
872 5267 1148 5339 ἡμέτερον
1201 5267 1365 5336 λόγον
1426 5268 1567 5340 μετὰ
1612 5269 1713 5337 τῆς
1741 5266 1988 5337 ἐμφύτου

2091 4626 2389 4695 apostolica
2426 4622 2691 4683 Ecclesia.
2744 4635 2843 4675 nos
2873 4626 3132 4687 tanquam
3164 4613 3370 4668 fratres
3405 4613 3672 4683 recipere.

2091 4718 2352 4773 Volumus
2380 4731 2509 4785 ergo
2538 4715 2742 4779 doceri,
2777 4724 3025 4779 quaenam
3084 4707 3172 4761 illa
3218 4706 3351 4769 sint,
3385 4707 3435 4758 in
3475 4704 3671 4773 quibus

2093 4826 2192 4864 nos
2232 4809 2493 4862 adversus
2538 4806 2695 4859 fidem
2726 4804 3042 4857 aberremus
3079 4817 3096 4855 :
3138 4814 3203 4853 ac
3243 4798 3288 4852 si
3331 4798 3551 4866 quidem
3603 4810 3672 4849 ex

2092 4899 2344 4956 instituto
2387 4910 2658 4952 canonum
2722 4909 2818 4964 per
2869 4906 3148 4947 sacrarum
3204 4889 3554 4949 litterarum,
3620 4896 3675 4939 et

2106 5001 2507 5048 consentaneas
2545 4985 3041 5040 demonstrationes
3104 4980 3337 5036 convicti
3376 4978 3671 5041 fuerimus,

2090 5083 2531 5141 emendationem
2569 5080 2714 5133 illam
2750 5077 3011 5131 alacriter
3042 5071 3466 5141 acceptabimus.

2163 5168 2627 5229 TllEOlilANUS.
2687 5167 2927 5222 Obsecro
2978 5162 3233 5217 eximiam
3272 5158 3419 5212 illam
3456 5155 3664 5209 sancti-

2089 5277 2255 5325 tatem
2285 5276 2454 5329 tuam,
2488 5272 2545 5317 ut
2571 5260 2872 5316 orationem
2923 5261 3162 5312 nostram
3207 5265 3331 5307 cum
3364 5248 3527 5304 insita
3565 5246 3670 5303 sibi

2092 5414 2233 5469 fectu
2270 5426 2375 5465 non
2420 5408 2625 5478 agnito,
2660 5422 2771 5459 rem
2823 5401 3106 5478 ridiculam
3150 5395 3482 5478 fecil_,_"dum
3530 5395 3671 5450 hanc

2090 5467 2391 5540 extremam
2455 5467 2715 5531 Tacunam
2780 5475 2932 5543 quasi
2968 5472 3178 5543 titulum
3236 5467 3491 5543 editionis
3560 5480 3674 5543 suae

2094 5537 2291 5625 posuit,
2322 5566 2443 5606 cum
2484 5563 2674 5618 reapse
2705 5537 2933 5616 cpistola
2972 5542 3119 5614 regia
3168 5538 3312 5609 apud
3348 5553 3470 5597 eum
3520 5537 3666 5593 nulla

2095 5634 2238 5765 δ’ίξε)
2268 5690 2469 5749 Christi
2506 5687 2665 5744 mo.

470 5418 548 5487 (Ι)
567 5416 690 5473 Hac
702 5415 1122 5487 superscriptio,
1148 5415 1450 5487 βασιλικὸν,
1467 5413 1809 5487 ete.,_legitur
1825 5412 1987 5487 etiam

399 5484 554 5544 initio
583 5484 1209 5561 disputationisprioris
1243 5487 1295 5540 in
1323 5486 1572 5561 editio‘ne‘
1600 5484 1909 5561 Lennelavii
1936 5495 1991 5561 et

399 5551 772 5627 sequentibus.
840 5557 955 5612 Cur
1010 5558 1102 5621 id,
1159 5556 1421 5625 inquam?
1472 5554 1609 5622 Quia
1678 5551 1990 5627 Leunclavii

396 5623 555 5689 codex
604 5630 915 5702 acepltalus
949 5636 1102 5691 erat,
1147 5623 1339 5702 ita—ut
1376 5628 1425 5680 ei
1470 5630 1682 5702 deesset
1726 5623 1991 5702 Manttelis

386 5708 625 5772 epistola,
660 5697 829 5769 cujus
852 5700 977 5753 ltch
1000 5698 1376 5772 tantummodo
1399 5698 1719 5772 entiretuitas
1741 5697 1882 5763 (qua:
1906 5705 1991 5772 est

375 5766 805 5856 sapam-ipa")
851 5766 1224 5839 superfuerat.
1260 5768 1613 5825 Lcunclavius
1665 5777 1866 5833 autem,
1895 5766 1987 5821 des
