4140 6410
526 350 630 415 ῙῊ

525 560 746 614 nostras
770 558 1223 628 interrogationes
1254 557 1440 610 ducat.
1469 555 1602 610 Esto
1626 565 1805 610 autem
1827 557 2100 611 constitu-

524 660 639 704 tum
667 650 808 705 inter
835 662 957 714 nos,
1004 647 1152 702 velut
1175 662 1241 701 ex
1273 645 1532 716 stipulatu
1557 653 1612 699 et
1636 645 1904 714 promisso
1927 660 1991 714 pa
2003 645 2101 700 rtis

520 744 824 812 utriusque,
843 742 960 797 utsi
979 742 1108 812 quid
1128 740 1524 804 audiverimus,
1541 739 1686 809 quod
1701 739 1978 793 adversari
2009 753 2100 792 re-

521 845 623 891 ctae
641 835 923 890 sententia:
947 834 1224 898 videatur;
1251 847 1358 887 non
1379 832 1638 886 continuo
1665 831 2098 900 pronuntiemus,

521 927 577 983 id
605 926 919 982 haereticum
953 940 1072 980 esse
1103 939 1118 979 :
1146 925 1241 979 sed
1271 919 1558 992 diligenter
1581 924 2004 991 interrogemus,
2035 937 2099 977 ac

520 1017 845 1072 erudiamur
874 1017 942 1071 de
970 1019 1121 1071 vocis
1170 1015 1437 1085 cujusque
1471 1014 1779 1083 signiﬁcato
1807 1055 1822 1078 ,
1850 1025 1905 1069 et
1956 1013 2100 1070 illius

521 1118 728 1176 mente,
759 1111 850 1180 qui
885 1123 946 1165 ea
976 1109 1048 1164 sit
1079 1124 1230 1164 usus.
1265 1109 1576 1164 Cavendum
1607 1122 1820 1177 quoque
1867 1105 2021 1161 nobis
2069 1121 2099 1159 α

523 1199 766 1254 ruditate
798 1198 1136 1266 interpretis,
1179 1199 1269 1267 qui
1319 1215 1421 1251 non
1475 1198 1652 1252 solum
1686 1197 2098 1266 grammaticam

524 1307 631 1346 non
664 1293 847 1355 novit,
879 1291 975 1346 sed
1005 1308 1075 1347 ne
1104 1291 1336 1346 solutam
1368 1292 1588 1360 quidem
1612 1291 1918 1346 orationem
1945 1289 2099 1344 Gne-

523 1394 643 1435 cam
665 1391 816 1436 recte
851 1390 998 1436 tenet
1032 1399 1046 1437 :
1080 1397 1152 1436 ne
1185 1382 1353 1452 ipsius
1372 1383 1674 1452 ignorantia
1695 1383 1776 1436 vel
1798 1383 1980 1452 lapsus
2000 1396 2102 1436 no-

522 1471 608 1526 bis
642 1472 958 1542 imputetur.

592 1564 752 1619 GEN.
794 1563 963 1620 Recte
995 1565 1074 1620 ais
1107 1581 1121 1620 :
1155 1565 1226 1622 ita
1253 1565 1368 1621 ﬁat.

611 1653 866 1710 THEOR.
922 1655 1066 1713 Misit
1118 1659 1402 1728 epistolam
1463 1659 1528 1713 ad
1599 1667 1986 1728 praepotentem
2047 1666 2102 1714 et

525 1753 775 1802 sanctum
815 1751 1199 1818 imperatorem
1233 1751 1429 1805 eximia
1457 1752 1718 1805 Sanctitas
1752 1761 1865 1816 tua,
1900 1766 2006 1821 qua
2035 1752 2101 1805 de

524 1840 848 1906 quibusdam
900 1841 1024 1897 ﬁdei
1061 1842 1352 1911 capitibus,
1385 1853 1440 1897 et
1484 1845 1974 1898 consuetudinilms
2013 1860 2102 1897 ec-

536 1927 883 1995 clesiasticis,
918 1938 1136 1985 tractat.
1173 1931 1360 1999 Itaque
1405 1934 1747 1986 sanctitatem
1790 1943 1934 1986 tuam
1983 1935 2102 1988 exi-

525 2019 689 2073 miam
723 2021 1018 2092 interrogo,
1051 2024 1198 2079 itane
1222 2024 1446 2090 sentiat,
1475 2033 1532 2077 ut
1568 2026 1620 2079 in
1647 2039 1707 2080 ea
1743 2026 2101 2096 perscriptum

519 2117 642 2174 est;
675 2123 743 2162 an
775 2110 976 2178 aliquid
1009 2125 1220 2175 eorum,
1252 2128 1372 2183 qum
1403 2114 1460 2168 in
1498 2114 1589 2168 illa
1625 2117 1929 2185 perscripta
1957 2124 2101 2181 sunt,

522 2200 726 2255 nullius
755 2205 1015 2260 momenti
1049 2204 1256 2258 ducat?

592 2289 750 2346 GEN.
791 2292 869 2348 Ita
902 2305 1015 2350 tum
1049 2296 1374 2364 sentiebam,
1415 2307 1471 2354 et
1511 2298 1586 2354 ita
1617 2301 1814 2365 sentio,
1851 2302 1991 2357 sicut
2039 2302 2094 2357 ln

523 2397 587 2439 ea
617 2389 934 2456 perscripsi.

595 2479 850 2536 THEOR.
895 2483 1040 2548 Quas
1072 2486 1307 2555 synodos
1341 2487 1585 2555 recipis?

597 2571 758 2628 GEN.
792 2572 1066 2629 Nica‘nam
1113 2589 1424 2633 sanctorum
1473 2580 1577 2636 '5l8
1651 2581 1872 2635 Patrum
1911 2598 1925 2634 :
1966 2579 2108 2636 Con-

525 2657 1092 2736 stantinopolitanam,
1139 2683 1448 2726 sanctorum
1495 2681 1549 2724 et
1607 2673 1868 2726 instinctu
1920 2672 2106 2728 divino

523 2754 942 2824 gubernatorum
975 2756 1078 2812 150
1129 2758 1393 2827 Patrum;
1423 2771 1474 2815 et
1504 2761 1855 2831 Ephesinam,
1886 2774 2108 2817 sancto—

526 2861 644 2898 rum
672 2845 778 2900 ‘200
841 2847 1086 2913 Patrum,
1121 2849 1174 2903 in
1210 2865 1322 2920 qua
1367 2849 1656 2907 Nestorius
1703 2855 1773 2909 ab
1807 2852 1985 2910 oﬂicio
2011 2869 2104 2910 re-

524 2949 702 2991 motus
730 2936 856 2992 fuit.

599 3027 854 3085 THEOR.
891 3029 1131 3098 Quorum
1164 3033 1450 3091 doctorum
1487 3034 1692 3108 scripta
1732 3047 1787 3094 et
1827 3039 2104 3096 doctrinas

524 3121 827 3190 approbas?

601 3213 765 3269 CEN.
805 3213 983 3286 Magni
1039 3217 1183 3274 illius
1236 3219 1565 3287 Athanasii,
1620 3223 1790 3278 sancti
1853 3222 2100 3294 Gregorii

523 3301 805 3377 Theologi,
856 3308 1038 3363 Basilii
1095 3311 1296 3382 Magni,
1347 3317 1520 3369 sancti
1567 3313 1814 3386 Gregorii
1845 3314 2100 3388 Nysseni,

524 3399 702 3455 sancti
731 3397 957 3455 Joannis
983 3402 1349 3472 Chysostomi,
1388 3407 1559 3461 sancti
1591 3406 1887 3474 Ephraemi,
1922 3409 2104 3462 sancti

523 3491 713 3562 Cyrilli
745 3491 1095 3548 Alexandrini
1134 3496 1412 3564 antistitis,
1447 3508 1501 3552 et
1519 3499 1811 3554 multorum
1845 3499 2106 3554 aliorum.

596 3682 856 3739 THEOB.
908 3681 1051 3755 Ergo
1101 3685 1393 3742 lectionem
1437 3688 1684 3758 epistolae
1731 3699 1838 3747 tua:
1883 3691 2109 3749 inclme-

531 3789 676 3840 mns,
731 3787 786 3832 ct
821 3777 1060 3847 capitum
1107 3779 1161 3833 in
1199 3794 1262 3833 ea
1299 3782 1820 3850 compreliensorum
1873 3793 2108 3840 mentem

534 3866 772 3925 fraterne
804 3871 1252 3940 consideremus;
1302 3889 1370 3927 an
1407 3874 1693 3943 praedictos
1723 3876 1878 3932 divos
1920 3877 2110 3935 Patres

533 3971 593 4018 et
617 3973 834 4020 sanctas
866 3967 1103 4036 synodos
1131 3980 1413 4038 sequatur.

597 4057 757 4114 GEN.
791 4057 958 4114 Recte
983 4060 1156 4127 dicis;
1185 4063 1255 4116 ita
1281 4061 1396 4117 ﬁat.

599 4147 738 4203 Tum
797 4150 1163 4222 perlegentcs,
1217 4153 1284 4208 ad
1328 4169 1452 4209 eum
1506 4153 1686 4211 locum
1717 4156 1986 4223 venimus,
2019 4159 2110 4214 ubi

527 4239 787 4307 scriptum
818 4249 933 4294 erat
964 4260 978 4296 :
1017 4243 1257 4297 Dicimus
1309 4245 1362 4296 in
1391 4243 1612 4299 Christo
1645 4256 1897 4300 naturam
1943 4263 2108 4303 unam

526 4341 671 4395 esse,
708 4345 817 4384 non
843 4335 1139 4386 secundum
1191 4332 1488 4404 Eutychcm
1538 4333 1978 4404 confundentes;
2011 4351 2111 4392 nec

527 4423 827 4477 secundum
853 4424 1244 4492 Apollinarium
1272 4427 1654 4484 detrahentes:
1681 4430 1778 4483 sed
1809 4431 2105 4485 secundum

1927 343 2359 408 ΤΗΕΟῘΠᾹἫ
3679 358 3768 422 Hi

524 463 942 521 mansuetudine
964 462 1236 532 excipiat;
1267 477 1367 518 nec
1396 475 1589 534 graves
1614 477 1676 518 ac
1711 462 1976 518 molestas
1998 461 2101 517 sibi

2209 460 2343 531 αὐτῇ
2393 461 2726 531 πραότητος,
2776 464 2870 516 καὶ
2923 461 2997 534 μὴ
3045 463 3311 534 φορτικὰς
3379 465 3634 533 ἡγεῖσθαι
3687 475 3781 534 τὰς
3883 519 3892 528 .

2203 550 2502 622 ἐρωτήσεις
2543 551 2722 622 ἡμῶν.
2785 555 2970 608 Ἔστω
3003 555 3060 608 δὲ
3093 556 3228 624 ἡμῖν
3287 555 3362 618 ὡς
3394 557 3456 622 ἐξ
3499 557 3751 630 ἐπερωτὴ

2204 658 2341 704 σεως
2369 643 2464 696 καὶ
2488 644 2782 713 ὁμολογίας
2829 647 3173 716 ἀμφοτέρων,
3203 647 3333 701 ὅταν
3366 649 3694 721 ἀκούσωμέν
3724 671 3778 708 τι

2200 733 2301 786 οὐκ
2318 733 2484 804 ὀρθῆς
2504 731 2645 790 εἶναι
2664 739 2876 802 ἐννοίας
2890 733 3030 792 εἶναι
3045 737 3258 805 δοκοῦν,
3270 749 3344 811 μη
3365 739 3525 804 εὐθὺς
3546 743 3782 812 ἀποφαί-

2201 825 2410 892 νεσθαι,
2437 827 2520 880 ὅτι
2545 829 2705 882 τοῦτο
2727 830 3004 899 αίρετικόν
3037 832 3213 894 ἐστιν,
3237 831 3355 886 ἀλλ’
3403 834 3617 902 ἐρωτᾷν
3655 835 3780 888 ἑπι-

2205 910 2401 982 μελῶς,
2432 916 2526 969 καὶ
2550 915 2901 972 διδάσκεσθαι
2952 919 3052 991 τὴν
3118 921 3398 991 σημασίαν
3428 923 3524 990 τῆι,
3557 923 3782 990 λέξεως.

2203 1003 2296 1053 καὶ
2330 1005 2422 1058 τὸν
2447 1002 2574 1058 νοῦν
2604 1007 2700 1060 τοῦ
2755 1009 3041 1078 χρωμένου
3060 1011 3224 1080 αὐτῇ.
3252 1012 3786 1082 Παραφυλὰττεσθαι

2201 1094 2257 1147 δὲ
2286 1095 2367 1148 δεῖ
2395 1099 2545 1167 ἡμᾶς
2578 1101 2673 1152 καὶ
2698 1101 2797 1170 τὴν
2822 1101 3114 1171 ἀγροικίαν
3172 1102 3264 1156 τοῦ
3295 1103 3602 1174 ἑρμηνέως,
3634 1103 3692 1168 ὃς
3721 1105 3786 1157 οὗ

2206 1186 2373 1256 μόνον
2425 1189 2509 1242 δτι
2561 1191 2962 1262 γραμματικὴν
3024 1195 3126 1247 οὐκ
3176 1189 3348 1261 οἶδεν,
3379 1195 3498 1248 ἀλλ’
3538 1193 3660 1248 οὐδὲ
3687 1194 3791 1264 τὴν

2216 1276 2503 1348 Ἑλληνίδα
2552 1281 2723 1353 πεζὴν
2755 1281 3040 1338 διάλεκτον
3071 1285 3255 1347 καλῶς
3295 1284 3682 1352 ἐξεπίσταται*
3709 1287 3790 1356 μή

2205 1386 2325 1434 πως
2354 1371 2414 1424 τὸ
2435 1371 2649 1426 ἐκείνου
2679 1375 3012 1447 ἁγνόημα,ἢ
3055 1375 3354 1448 ὀλίσθημα,
3388 1378 3660 1449 ἡμέτερον
3693 1378 3790 1431 λοι

2203 1461 2392 1532 γισθῇ.

2284 1551 2348 1608 Ὀ
2377 1555 2540 1609 ΚΑΘ.
2565 1552 2640 1611 Εὖ
2672 1557 2852 1627 λέγεις
2875 1578 2888 1593 ·
2926 1560 3071 1614 οὕτω
3101 1561 3368 1630 γινέσθω.

2286 1642 2346 1698 '0
2368 1645 2562 1704 ΘΕΩΡ.
2614 1651 3027 1724 ’Δπέστειλενὴ
3086 1655 3302 1726 μεγάλη
3357 1657 3636 1726 ἁγιωσύνη
3689 1673 3790 1711 σου

2207 1737 2344 1802 ’πρὸς
2371 1740 2462 1792 τὸν
2490 1744 2752 1812 κραταιὸν
2776 1747 2870 1798 καὶ
2892 1747 3048 1814 ἆγιον
3075 1750 3106 1816 ἡ
3118 1747 3236 1816 μῶν
3269 1747 3498 1817 βασιλέα
3560 1749 3789 1803 ἐπιστο-

2207 1828 2324 1895 λὴν,
2495 1833 2861 1904 διαλαμϐάνει
2915 1838 3047 1906 περί
3086 1856 3251 1894 τινων
3307 1839 3622 1908 κεφαλαίων
3683 1844 3791 1911 τῆς

2208 1919 2444 1985 πίστεως
2527 1924 2622 1976 καὶ
2679 1925 2828 1996 ἠθῶν
2893 1927 3385 1999 ὲκκλησιαστικῶν.
3437 1931 3662 2001 Ἐρωτῶ
3690 1931 3792 1985 οὖν

2205 2011 2307 2080 τὴν
2339 2014 2583 2084 μεγάλην
2613 2017 2925 2088 ἁγιωσύνην
2957 2036 3074 2082 σου,
3113 2023 3162 2074 εί
3191 2020 3336 2075 οὕτω
3369 2026 3582 2092 φρονεῖ,
3609 2023 3686 2087 ὡς
3718 2026 3783 2077 ἐν

2207 2103 2346 2174 αὐτῇ
2414 2106 2748 2178 γέγραπται,
2781 2110 2815 2180 ἧ
2845 2127 2899 2164 τι
2930 2111 3037 2165 τῶν
3082 2113 3141 2167 ἐν
3180 2113 3320 2184 αὐτῇ
3378 2115 3792 2185 γεγραμμένων

2207 2195 2411 2251 ἀθετεῖ.

2290 2287 2348 2340 '0
2378 2289 2537 2344 ΚΑΘ.
2563 2289 2750 2356 Οὕτως
2790 2293 3074 2364 ἐφρόνουν,
3101 2296 3196 2349 καὶ
3223 2292 3368 2349 οὕτω
3399 2295 3603 2366 φρονῶ,
3631 2295 3704 2361 ὡς
3730 2298 3796 2352 ἐν

2209 2375 2346 2452 αὐτῇ
2373 2379 2609 2452 ἔγραψα.

2288 2470 2348 2523 '0
2378 2470 2571 2528 ΘΕΩΡ.
2602 2476 2768 2540 Ποίας
2808 2479 3059 2542 συνόδους
3089 2479 3219 2550 δέχῃ
3245 2494 3262 2544 ;

2291 2563 2351 2617 '0
2391 2565 2555 2622 ΚΑΘ.
2602 2568 2717 2639 Τὴν
2743 2573 2800 2622 ὲν
2831 2571 3037 2642 Νικαίᾳ
3096 2572 3208 2624 τῶν
3235 2577 3343 2644 τιη¹
3390 2572 3566 2641 ἁγίων
3615 2575 3795 2629 Πατέ-

2210 2676 2320 2728 ρων
2350 2677 2365 2692 ⁸
2399 2663 2492 2715 καὶ
2529 2663 2628 2731 τὴν
2659 2667 2717 2717 ἐν
2753 2667 3330 2721 Κωνσταντινουπόλει
3357 2668 3464 2721 τῶν
3506 2667 3582 2739 ρν¹
3613 2669 3795 2738 ἁγίων

2209 2749 2486 2824 θεοφόρων
2557 2756 2843 2826 Πατέρων·
2899 2761 2994 2812 καὶ
3030 2759 3131 2830 τὴν
3185 2762 3245 2812 ἐν
3275 2759 3490 2832 Ἐφέσῳ
3530 2767 3574 2814 σ¹
3613 2763 3794 2830 ἁγίων

2210 2844 2492 2914 Πατέρων,
2534 2848 2592 2900 ὲν
2681 2849 2975 2920 Νεστόριος
3016 2850 3320 2922 καθῃρέθη.

2289 3028 2351 3084 Ὀ
2384 3031 2580 3087 ΘΕΩΡ.
2607 3033 2786 3087 Ποίων
2819 3035 3159 3093 διδασκάλων
3196 3039 3454 3111 στέργεις
3502 3040 3604 3105 τὰς
3648 3058 3797 3113 γρα-

2131 3152 2175 3213 C
2208 3123 2314 3192 φὰς
2347 3125 2441 3178 καλ¹
2468 3125 2857 3192 διδασκαλίαςς

2291 3219 2349 3273 '0
2399 3221 2558 3277 ΚΛΘ.
2612 3223 2719 3275 Τοῦ
2775 3225 3015 3294 μεγάλου
3078 3225 3429 3293 Ἀθανασίου,
3495 3227 3591 3282 τοῦ
3625 3228 3792 3297 ἁγίου

2207 3313 2513 3384 Γρη·;ορίου
2566 3315 2660 3369 τοῦ
2712 3317 3003 3386 Θεολόγου,
3056 3317 3151 3373 τοῦ
3198 3320 3444 3390 μεγάλου
3478 3319 3792 3388 Βασιλείου,

2207 3407 2301 3457 τοῦ
2336 3407 2499 3474 ἁγίου
2576 3409 2885 3481 Γρηγορίου
2916 3411 3164 3481 Νύσσης,
3195 3411 3290 3465 τοῦ
3317 3412 3478 3479 ἁγίου
3539 3413 3794 3466 Ἰωάννου

2205 3498 2302 3550 τοῦ
2372 3501 2791 3572 Χρυσοστόμου,
2848 3503 2942 3556 τοῦ
2998 3503 3157 3572 ἁγίου
3206 3503 3468 3573 Ἐφραῒμ,
3505 3503 3600 3557 τοῦ
3629 3504 3794 3572 ἁγίου

2208 3591 2478 3660 Κυρίλλου
2496 3593 2922 3666 Ἀλεξανδρείας,
2957 3596 3052 3650 καὶ
3081 3595 3260 3651 ἄλλων
3292 3596 3526 3651 πολλῶν.

2297 3683 2356 3735 ⁸0
2388 3683 2581 3740 ΘΕΩΡ.
2606 3685 2936 3758 Ἀρξώμεθα
2967 3687 3156 3741 λοιπὸν
3176 3687 3278 3757 τῆς
3300 3687 3666 3757 ἀναγνώσεως
3691 3687 3798 3758 τῆς

2211 3773 2310 3841 σῆς
2341 3776 2648 3846 ἐπιστολῆς,
2703 3779 2800 3832 καὶ
2845 3777 3184 3849 σκεψώμεθα
3234 3779 3544 3847 ἀδελφικῶς
3573 3779 3684 3834 τῶν
3730 3781 3794 3834 ἐν

2209 3865 2345 3935 αὐτῇ
2380 3866 2690 3934 κεφαλαίων
2713 3869 2804 3922 τὸν
2834 3869 2981 3934 νοῦν,
3012 3870 3061 3922 εί
3093 3871 3205 3933 τοῖς
3233 3871 3594 3942 προρῤηθεῖσι
3623 3872 3798 3940 θείοις

2209 3957 2482 4027 Πατρὰσι,
2524 3961 2618 4012 καὶ
2649 3963 2768 4024 ταῖς
2803 3961 2988 4029 ἁγίαις
3025 3961 3264 4026 συνόδοις
3293 3961 3509 4016 ἕπεται.

2296 4051 2360 4104 Ὀ
2395 4051 2556 4105 ΚΑΘ.
2596 4052 2669 4106 Εὖ
2706 4052 2922 4121 λέγεις·
2989 4051 3133 4106 οὕτω
3160 4052 3422 4122 γενέσθω.

2282 4144 2392 4196 Καὶ
2460 4145 2811 4214 ἀναγνόντες,
2875 4146 3113 4216 ἦλθομεν
3167 4147 3245 4208 είς
3274 4147 3367 4200 τὸν
3419 4146 3603 4210 τόπον,
3634 4138 3695 4201 οὗ
3723 4143 3799 4220 ἦν

2210 4235 2596 4307 γεγραμμένον
2614 4252 2628 4267 ·
2661 4237 2912 4308 Λέγομεν
2940 4236 3069 4307 μίαν
3096 4237 3262 4306 φύσιν
3299 4239 3383 4302 είς
3409 4237 3501 4292 τὸν
3528 4240 3793 4310 Χριστὸν,

2209 4329 2271 4382 οὐ
2293 4329 2436 4383 κατὰ
2485 4329 2577 4384 τὸν
2633 4331 2880 4401 Εὑτυχέα
2936 4331 3288 4400 συγχέοντες,
3343 4330 3471 4384 οὔτε
3525 4333 3668 4387 κατὰ
3696 4335 3802 4389 τὸν

2224 4421 2609 4492 Ἀπολινάριον
2679 4421 3060 4486 ἑλαττοῦντες.
3126 4421 3263 4476 ἀλλὰ
3325 4423 3473 4478 κατὰ
3523 4425 3802 4497 Κύριλλον

527 4509 957 4567 Alexandrinum
995 4515 1296 4570 antistitem
1327 4517 1614 4587 Cyrillum,
1651 4519 1704 4572 in
1747 4520 2101 4586 orthodoxia,

2212 4514 2302 4567 τὸν
2330 4514 2744 4584 Ἀλεξανδρείας
2807 4515 2866 4567 ὲν
2921 4514 3222 4585 όρθοδοξίᾳ,
3274 4514 3438 4569 ἅτινα
3468 4515 3707 4586 ἔγραψεν
3739 4521 3803 4573 ἐν

529 4619 648 4671 quae
683 4605 734 4659 in
768 4606 904 4660 libro
929 4617 1122 4661 contra
1153 4608 1460 4664 Nestorium
1509 4611 1752 4682 scripsit,
1791 4628 1954 4667 unam
1988 4627 2108 4670 esse

529 4703 776 4748 naturam
812 4693 1091 4753 Sermonis
1122 4699 1480 4754 incarnatam.

602 4787 859 4844 TIIEOR.
927 4790 1163 4846 Sanctus
1207 4793 1446 4863 Cyrillus
1501 4807 1607 4847 non
1663 4794 1802 4847 dixit
1851 4809 2010 4848 unam
2056 4793 2107 4848 in

524 4883 745 4942 Christo
775 4895 1022 4942 naturam
1062 4903 1161 4942 nec
1201 4903 1364 4942 unam
1406 4887 1614 4943 Christi
1667 4895 1957 4952 naturam;
2013 4889 2107 4944 sed

528 4992 690 5031 unam
738 4986 989 5031 naturam
1039 4975 1354 5045 Sermonis;
1385 4993 1448 5034 ac
1493 4977 1689 5033 deinde
1738 4978 1976 5048 subjicit,
2027 4978 2111 5034 in-

529 5080 834 5127 carnatam.
863 5072 976 5128 Tua
1006 5087 1133 5127 vero
1167 5072 1428 5128 sanctitas
1476 5072 1658 5126 nescio
1691 5087 1797 5141 quo
1827 5081 1985 5141 pacto
2026 5072 2112 5126 in-

529 5165 836 5233 cogitanter
866 5173 919 5219 et
945 5163 1117 5220 libere
1149 5173 1396 5218 naturam
1427 5180 1585 5216 unam
1620 5164 1671 5217 in
1698 5164 1916 5220 Christo
1949 5167 2108 5222 dixit.

526 5257 606 5311 Ac
641 5257 814 5312 miror
843 5259 1114 5328 equidem,
1152 5273 1249 5313 cur
1281 5272 1470 5314 vocem
1506 5273 1536 5312 a
1566 5269 1760 5314 sancto
1813 5260 1932 5315 viro
1960 5261 2112 5330 posi-

527 5357 635 5402 tam
669 5358 878 5405 mutare
903 5351 974 5406 sit
1009 5367 1166 5406 ansa.

601 5439 756 5495 GEN.
791 5440 906 5498 Non
947 5447 1172 5500 mutavi.
1229 5445 1363 5502 Nam
1409 5448 1548 5502 idem
1600 5446 1871 5517 signiﬁcat
1913 5455 2110 5502 natura

531 5533 757 5600 Christi,
789 5546 846 5590 et
877 5549 1070 5593 natura
1107 5538 1390 5596 Sermonis
1424 5541 1729 5596 incarnata.

603 5621 858 5680 THEOR.
898 5626 1014 5681 Non
1064 5629 1203 5683 idem
1237 5631 1534 5700 significat,
1573 5631 1752 5686 absit!
1793 5647 1915 5684 nam
1947 5629 2106 5684 Chri-

532 5715 602 5772 Sli
639 5731 858 5783 nomen,
892 5729 1184 5792 utrumque
1218 5725 1570 5794 conjunctum
1606 5723 1894 5793 signiﬁcat,
1945 5723 2110 5777 Deum

535 5806 696 5864 simul
724 5817 779 5864 et
808 5809 1078 5869 hominem
1109 5831 1121 5867 :
1166 5825 1452 5885 propterea
1482 5818 1730 5884 dicimus,
1764 5815 1954 5873 Sermo
1985 5831 2113 5871 Caro

2211 4611 2276 4678 τῇ
2313 4607 2488 4678 βίϐλῳ
2551 4607 2717 4662 αὐτοῦ
2770 4609 2912 4663 κατὰ
2965 4609 3286 4679 Νεστορίου,
3327 4609 3410 4663 ὅτι
3455 4612 3554 4677 μία
3587 4612 3736 4666 ἐστὶν
3763 4613 3802 4682 ὴ

2213 4701 2376 4770 φύσις
2403 4701 2499 4756 τοῦ
2529 4703 2705 4770 Λόγου
2733 4702 3153 4773 σεσαρκωμένη.

2293 4792 2356 4849 ’0
2385 4794 2581 4848 ΘΕΩΡ.
2624 4795 2683 4849 '0
2706 4796 2860 4862 ἆγιος
2890 4793 3159 4866 Κύριλλος
3184 4794 3284 4848 οὐκ
3313 4790 3436 4848 εἷπε
3471 4794 3602 4864 μίαν
3629 4794 3801 4865 φύτιν

2210 4889 2292 4950 είς
2327 4887 2419 4940 τὸν
2448 4887 2706 4958 Χριστὸν,
2738 4885 2863 4940 οὔτε
2893 4887 3026 4958 μίαν
3061 4887 3224 4955 φύσιν
3252 4886 3347 4940 τοῦ
3367 4887 3626 4960 Χριστοῦ,
3655 4887 3802 4943 ἀλλὰ

2217 4978 2347 5050 μίαν
2369 4978 2534 5048 φύσιν
2574 4979 2668 5033 τοῦ
2693 4978 2895 5046 Λόγου,
2941 4978 3037 5033 καὶ
3095 4979 3216 5032 τότε
3263 4978 3534 5047 ἐπήγαγε,
3575 4979 3657 5042 τὸ,
3702 4997 3803 5033 σε·

2215 5067 2600 5138 σαρκωμένην.
2655 5069 2720 5121 'H
2749 5069 2805 5121 δὲ
2853 5069 3134 5137 ἁγιωσύνη
3201 5085 3294 5122 σου
3345 5069 3446 5121 οὐκ
3483 5067 3581 5123 οἶδ’
3648 5070 3803 5136 ὅπως

2215 5160 2672 5232 ἀπεριμερίμνως
2716 5163 2812 5214 καὶ
2858 5161 3034 5223 ἀδεῶς
3072 5158 3195 5214 εἷπε
3221 5162 3354 5228 μίαν
3389 5161 3554 5229 φύσιν
3582 5164 3664 5226 είς
3702 5165 3803 5217 τὸν

2212 5253 2470 5322 Χριστόν.
2512 5256 2619 5307 Καὶ
2659 5254 2946 5323 θαυμάζω,
2985 5253 3102 5317 πῶς
3143 5255 3446 5324 ἐτόλμησεν
3483 5256 3794 5328 ἐναλλαγὴν

2215 5344 2442 5413 ποιῆσαι
2466 5345 2569 5414 τῆς
2612 5345 2763 5414 παρὰ
2791 5344 2868 5416 τῷ
2895 5345 3036 5414 ἁγίῳ
3073 5345 3327 5413 τεθείσης
3359 5345 3580 5410 λέξεως,

2298 5441 2354 5490 '0
2385 5437 2548 5492 ΚΑΘ.
2603 5438 2718 5491 Οὐκ
2747 5437 2976 5508 musa.
3007 5437 3223 5491 Ταύτδν
3247 5437 3358 5508 γὰρ
3411 5438 3669 5507 σημαίνει
3693 5439 3802 5506 φύο

2219 5551 2300 5596 at;
2337 5531 2576 5602 Χριστοῦ
2599 5533 2692 5584 καὶ
2714 5531 2876 5600 φύσις
2909 5529 3003 5583 τοῦ
3030 5531 3208 5598 Λόγου
3238 5531 3666 5602 σεσαρκωμένη.

2299 5627 2358 5680 '0
2378 5626 2576 5681 ΘΕΩΡ.
2599 5626 2673 5678 Ob
2695 5625 2952 5696 σημαίνει
2969 5623 3191 5678 ταύτόν*
3219 5623 3295 5693 μὴ
3324 5624 3564 5691 γένοιτοί
3604 5623 3664 5676 τὺ
3689 5626 3801 5696 γὰρ

2216 5719 2454 5789 Χριστὸς
2478 5719 2674 5787 ὄνομα,
2708 5718 2915 5789 κυρίως
2938 5716 2999 5770 τὸ
3018 5715 3438 5786 συναμφότερον
3460 5715 3630 5786 δηλοῖ.
3665 5716 3806 5770 Θεὸν

2218 5814 2354 5884 ὁμοῦ
2411 5814 2504 5867 καὶ
2571 5811 2894 5882 ἄνθρωπονο
2933 5810 3036 5878 διὸ,
3074 5809 3135 5864 '0
3154 5807 3327 5878 Λόγος
3378 5809 3515 5880 σᾶρξ
3561 5809 3806 5882 ἐγένετο,
