4140 6442
438 383 544 448 125

1807 389 2269 450 DISPUTATlO
2310 391 2361 452 Ι.

3611 388 3711 454 126

435 498 674 570 λέγομεν
704 515 718 531 ·
753 498 785 552 δ
814 497 1057 569 Χριστὸς
1079 497 1137 552 δὲ
1166 497 1305 569 σὰρξ
1373 497 1617 566 ἐγένετο,
1669 498 1733 552 οὗ
1779 499 2032 570 λέγομεν.

2139 499 2316 554 factus
2343 505 2447 554 est.
2481 499 2552 555 At
2581 514 2735 568 vero,
2762 500 3020 556 Christus
3049 513 3178 554 caro
3202 499 3403 562 factus.
3438 513 3546 554 non
3572 502 3708 556 dici-

441 589 615 660 Δῆλον
644 587 701 643 δὲ
731 589 832 642 καὶ
870 591 940 642 ὲκ
961 588 1057 642 τοῦ
1116 590 1326 659 μηδένα
1355 589 1464 643 τῶν
1486 591 1662 659 ἁγίων
1686 591 1866 644 εἰπεῖν
1900 591 2034 661 μίαν

444 681 613 752 φύσιν
639 680 738 735 τοῦ
771 681 1044 751 Χριστοῦ.
1074 683 1220 736 Μίαν
1256 683 1315 736 δὲ
1357 681 1525 752 φύσιν
1552 681 1652 738 τοῦ
1701 683 1902 752 Λόγου,
1939 684 2034 737 ὅτε

447 772 608 841 ἅγιος
632 773 934 844 Κύριλλος,
967 775 1066 829 καὶ⁵
1096 773 1202 845 πρὸ
1233 773 1403 828 αὑτοῦ
1434 776 1463 828 ὁ
1484 775 1644 843 ἅγιος
1713 776 2036 838 ’Δθανάσιος

449 863 632 919 εἶπεν.
669 865 841 918 Ὀταν
870 865 984 936 γὰρ
1028 864 1280 934 λέγωμεν
1325 866 1458 935 μίαν
1507 866 1672 936 φύσιν
1701 866 1797 919 τοῦ
1833 866 2034 934 Λόγου,

450 955 555 1025 τὴν
587 953 738 1009 θείαν
762 953 930 1024 φύσιν
969 955 1237 1025 σημαίνει
1263 955 1359 1009 τοῦ
1390 955 1548 1010 Υίοῦο
1590 958 1723 1011 ὅταν
1748 956 1806 1009 δὲ
1863 973 2035 1024 προσ-

456 1043 647 1115 θῶμεν
683 1043 763 1109 τὸ,
789 1045 1248 1117 σεσαρκωμένην,
1281 1045 1468 1111 καθὼς
1498 1048 1527 1101 6
1555 1047 1712 1118 ἅγιος
1767 1047 2036 1119 Κύριλ).ος

450 1134 593 1204 πρὸς
620 1133 920 1188 Σούκενσον
950 1136 1011 1188 ἐν
1035 1138 1102 1205 τῇ
1146 1136 1379 1208 δευτέρᾳ
1436 1137 1698 1210 ἐπιστολῇ
1737 1155 1753 1169 ν
1814 1139 2038 1208 σύμπας

449 1225 483 1278 ὁ
517 1226 672 1296 λόγος
706 1227 804 1296 τῆς
834 1227 976 1297 μετὰ
999 1229 1204 1300 σαρκὸς
1232 1230 1552 1302 οἰκονομίας
1581 1233 1924 1305 είσφέρεται.

534 1405 594 1460 ’0
621 1405 783 1460 ΚΑΘ.
855 1407 967 1462 Καὶ
1017 1407 1104 1472 τίς
1138 1408 1248 1463 τῶν
1279 1409 1460 1480 ἁγίων
1509 1411 1651 1482 μετὰ
1675 1411 1777 1481 τὴν
1839 1409 2038 1466 ἕνωσιν

447 1497 619 1553 τοῦτο
650 1499 953 1570 διαρρήδην
975 1494 1132 1555 εἶπεν
1159 1519 1174 1568 ;

555 1589 617 1644 Ὀ
647 1589 846 1648 ΘΕΩΡ.
908 1592 1140 1662 Πάντες,
1196 1589 1272 1650 ὧν
1295 1595 1415 1652 ἄνω
1444 1595 1515 1650 τὰ
1559 1595 1805 1668 ὀνόματα
1835 1596 2040 1668 ἀπηρί-

450 1681 702 1754 Θμησας.

539 1777 600 1829 Ὀ
635 1777 796 1832 ΚΑΘ.
858 1777 1045 1844 Δεῖξον
1099 1782 1237 1851 ἡμῖν
1297 1781 1396 1836 ἕνα
1449 1781 1680 1847 τούτων,
1734 1780 1830 1834 καὶ
1878 1779 2039 1851 ἀρκεῖ

2138 607 2276 645 ttttts.
2331 591 2477 644 Idem
2510 599 2564 646 et
2615 591 2737 646 inde
2784 601 2953 661 patet,
2996 595 3138 663 quod
3187 607 3346 648 nemo
3392 604 3711 664 sanctorum

2136 696 2298 735 unam
2329 681 2538 737 Christi
2571 695 2820 737 naturam
2853 683 3016 738 tliCal.
3054 683 3226 739 Unam
3276 699 3406 739 vero
3457 691 3708 739 naturam

2137 772 2439 839 Sermonis,
2460 782 2572 828 tum
2601 784 2820 829 sanctus
2849 775 3108 844 Cyrillus,
3151 788 3260 830 tuin
3289 788 3511 832 sanctus
3541 779 3712 834 Atha-

2137 866 2318 918 nasius
2345 875 2472 920 ante
2504 867 2674 935 ipsum
2701 866 2857 920 dixit.
2881 866 3088 935 Quippe
3117 882 3239 920 eum
3275 869 3508 924 dicimus
3535 884 3702 923 unam

2137 963 2387 1007 naturam
2435 953 2716 1010 Sermonis
2751 996 2768 1021 ,
2821 956 3057 1010 divinam
3117 955 3221 1010 hoc
3282 955 3405 1010 Filii
3457 966 3710 1012 naturam

2137 1046 2404 1116 signiﬁcat
2432 1065 2446 1102 :
2482 1061 2604 1102 cutn
2639 1062 2769 1103 vero
2795 1047 3103 1118 adjieimus,
3136 1048 3478 1102 iucsrnatam
3499 1090 3515 1115 ,
3551 1050 3714 1106 sicuti

2137 1148 2359 1194 sanctus
2403 1137 2642 1208 Cyrillus
2703 1140 2756 1194 in
2804 1140 3043 1196 secunda
3094 1140 3162 1195 ad
3235 1138 3558 1195 Successum
3595 1142 3714 1211 epi-

2057 1233 2062 1236 ’
2136 1229 2275 1286 Stola
2307 1229 2471 1291 fecit:
2500 1238 2611 1286 tota
2659 1230 2800 1286 ratio
2850 1230 3340 1288 administrationis
3381 1243 3503 1286 cum
3547 1245 3716 1288 carne

2137 1322 2642 1390 comprehenditur.

2213 1412 2373 1468 GEN.
2427 1414 2495 1468 Et
2519 1415 2642 1484 quis
2672 1423 2986 1470 sanctorum
3039 1416 3319 1472 hominum
3381 1423 3507 1486 post
3553 1415 3715 1471 unio-

2139 1517 2261 1559 nem
2293 1505 2400 1560 hoc
2427 1519 2688 1576 expresse
2710 1506 2897 1562 dixit?

2209 1594 2468 1651 THEOR.
2519 1595 2722 1653 Omnes
2754 1612 2985 1669 quorum
3032 1598 3252 1655 nomina
3298 1613 3459 1670 supra
3508 1612 3713 1654 recen-

2139 1688 2317 1742 suisti.

2256 1704 2317 1742 ιι.

2207 1704 2370 1836 l(:EN.
2408 1778 2646 1836 Ostende
2675 1779 2829 1835 nobis
2856 1795 3022 1835 unum
3067 1795 3136 1836 ex
3178 1779 3281 1846 eis,
3315 1788 3368 1837 et
3406 1781 3542 1836 satis
3569 1781 3715 1836 erit:

450 1869 612 1940 ἡμῖν·
639 1869 669 1922 δ
692 1871 802 1940 γὰρ
825 1866 908 1935 εἷς
963 1870 1072 1926 τῶν
1106 1873 1280 1942 ἁγίων
1301 1873 1474 1942 λέγει,
1499 1875 1707 1937 πάντες
1753 1870 2030 1942 λέγουσιν,

2140 1886 2265 1926 nam
2293 1873 2440 1941 quod
2479 1871 2546 1926 ab
2572 1887 2679 1926 uno
2734 1882 3046 1928 sanctorum
3083 1873 3303 1938 dicitur,
3349 1873 3417 1926 ab
3465 1872 3718 1928 omnibus

449 1959 535 2025 ὡς
560 1961 622 2027 ἐξ
647 1962 766 2027 ἐνὸς
788 1963 885 2017 τοῦ
907 1962 1410 2037 θείουΠνεύματος
1439 1965 1833 2036 ὲμπνεόμενοι.

539 2165 601 2219 '0
625 2165 826 2219 ΘΕΩΡ.
857 2167 970 2238 Οὐχ
1008 2168 1105 2222 ἕνα
1139 2167 1323 2236 μόνον,
1349 2167 1489 2221 ἀλλὰ
1511 2169 1610 2222 σὺν
1656 2153 1776 2237 Θεῷ
1805 2167 2036 2234 πάντας,

448 2255 551 2319 οὓς
598 2257 711 2312 ἄνω
769 2259 1034 2328 ὀνομαστὶ
1095 2261 1344 2331 εῐρηκας.
1382 2262 1561 2314 Μόνον
1590 2260 1666 2331 μὴ
1716 2260 2040 2332 ὲκκακήσῃς

450 2347 692 2411 ἀκούων,
729 2349 823 2402 καὶ
852 2351 1074 2404 πάντων
1105 2351 1420 2424 παραγάγω
1465 2352 1567 2417 τὰς
1598 2352 1929 2423 μαρτυρίας.

534 2521 597 2576 '0
631 2523 792 2578 ΚΛΘ.
827 2525 929 2579 Διά
968 2525 1128 2581 τοῦτο
1161 2527 1672 2600 συνηθροίσθημεν,
1708 2529 1800 2584 ἵνα
1822 2530 1883 2583 τὸ
1906 2529 2038 2600 ἀληο

452 2613 549 2679 θὲς
576 2615 869 2687 εὕρωμενο
912 2619 1010 2673 καὶ
1064 2619 1126 2674 οὐ
1184 2617 1267 2674 δεῖ
1323 2622 1475 2692 ἡμᾶς
1529 2625 1793 2676 ἑκκακεῖν
1818 2623 1876 2676 ὲν
1922 2625 2038 2687 τοῖς

455 2724 746 2772 τοιούτοις.

545 2800 604 2854 Ὁ
629 2800 824 2856 ΘΕΩΡ.
881 2804 997 2874 Πρὸ
1052 2805 1154 2875 τῆς
1201 2806 1312 2861 τῶν
1349 2809 1603 2879 χρήσεων
1631 2811 2034 2880 παρεισφορᾶς,

453 2888 760 2957 ἀναγκαῖον
785 2887 942 2961 οἶμαι
966 2895 1166 2958 εἰπεῖν,
1196 2894 1251 2948 τί
1278 2897 1431 2948 ἐστιν
1469 2897 1650 2959 οὐσία,
1703 2895 1799 2950 καὶ
1838 2895 1890 2949 τί
1919 2897 2038 2948 ἐστι

455 2981 648 3046 φύσις,
671 2982 726 3034 τί
757 2999 817 3034 τε
874 2984 1198 3052 ὑπόστασις,
1256 2988 1352 3040 καὶ
1380 2987 1436 3040 τί
1467 2987 1788 3058 πρόσωπον.
1823 2987 1922 3040 Διά
1951 3003 2034 3039 τοι

451 3071 620 3124 τοῦτο
649 3074 858 3142 ἐρωτῶ,
891 3076 1012 3138 πῶς
1040 3077 1213 3132 ταῦτα
1266 3080 1503 3152 ἐκδέχῃς
1545 3080 1620 3144 ὼς
1643 3081 1692 3133 οἱ
1732 3079 1858 3146 ἔξω,
1893 3081 1927 3150 ἢ
1961 3079 2035 3143 ὡς

451 3165 507 3218 οε
539 3163 643 3234 τῆς
658 3166 990 3239 Ἐκκλησίας
1005 3171 1316 3224 διδάσκαλοι
1346 3172 1714 3243 διωρίσαντο;

541 3343 604 3400 ’0
625 3343 790 3403 ΚΑΘ.
833 3345 1031 3418 Ἡμεῖς
1087 3351 1184 3404 καὶ
1230 3349 1343 3404 τῶν
1370 3349 1702 3421 ἀμφοτέρων
1754 3349 1883 3414 τοὺς
1919 3349 2036 3420 ὁρι-

451 3435 635 3503 εμοὺς
659 3437 787 3500 τοὺς
819 3438 951 3508 περὶ
986 3438 1096 3491 τῶν
1119 3440 1500 3509 προκειμένων
1526 3440 1893 3509 γινώσκομεν,
1939 3439 2036 3492 καὶ

457 3525 604 3594 πρὸς
634 3526 698 3581 τὸ
731 3527 863 3581 εὐθὺ
894 3528 1007 3581 τῶν
1029 3529 1129 3598 τῆς
1165 3529 1451 3594 εὐσεϐείας
1477 3531 1768 3601 δογμάτων
1808 3533 2036 3601 emam-

457 3617 702 3688 pavorii;
741 3617 1149 3690 ἀπευθύνομεν.

543 3710 604 3764 '0
630 3709 830 3766 ΘΕΩΡ.
870 3711 1018 3778 Ἐγὼ
1082 3712 1346 3786 πλείστην
1415 3717 1474 3769 ὲν
1529 3716 1744 3779 τούτοις
1767 3716 2036 3786 διαφορὰν

453 3800 569 3854 τῶν
610 3801 716 3865 ἔξω
759 3801 902 3870 πρὸς
951 3805 1080 3868 τοὺς
1138 3805 1493 3870 διδασκάλους
1553 3807 1654 3878 τῆς
1700 3809 2036 3876 Ἐκκλησίας

455 3895 592 3966 ὁρῶ.
627 3896 691 3949 Oi
711 3896 820 3965 γὰρ
893 3893 1001 3961 ἔξω
1037 3899 1190 3967 σοφοὶ⁸
1241 3899 1302 3953 τὸ
1341 3900 1565 3970 ἄτομον,
1633 3903 1752 3972 ἦτοι
1779 3903 1878 3971 τὴν
1905 3903 2039 3956 ὑπί-

458 4002 676 4048 στασιν,
722 3989 821 4040 καὶ
876 3987 939 4038 τὺ
973 3986 1032 4040 ἓν
1056 3988 1136 4059 τῷ
1161 3990 1405 4060 ἀριθμῷ,
1465 3991 1655 4044 οὐσίαν
1714 3993 1989 4064 ὁρίζονται
2017 4011 2032 4026 ο

453 4077 597 4149 ὅπερ
625 4078 675 4129 οί
706 4076 843 4130 θεῖοι
875 4079 1122 4150 Πατέρες
1145 4083 1206 4134 οὐ
1235 4083 1659 4154 παραδέχονται.
1690 4085 1896 4137 Οὐσίαν
1927 4086 2038 4155 γὰρ

455 4170 510 4224 οι
544 4170 796 4239 θεοφόροι
829 4173 1074 4243 Πατέρες
1097 4176 1192 4228 καὶ
1220 4176 1384 4244 φύσιν
1403 4176 1472 4228 τὰ
1495 4178 1729 4231 καθόλου
1762 4177 2034 4246 λέγουσιν,

455 4263 620 4315 ἅτινα
654 4262 705 4314 oi
733 4260 842 4326 ἔξω
871 4257 1015 4324 εἶδος
1067 4263 1384 4334 ὠνόμασαν.
1452 4266 1545 4319 Διὸ
1607 4267 1699 4320 ἐπὶ
1749 4271 1848 4338 τῆς
1877 4269 2038 4336 ἁγίας

455 4349 696 4420 ’τριάδος
730 4355 866 4420 μίαν
896 4351 1062 4420 φύσιν
1089 4356 1184 4406 καὶ
1212 4354 1345 4424 μίαν
1393 4355 1585 4410 οὐσίαν
1639 4356 2035 4427 ὲδογμάτισαν,

454 4441 793 4505 ὑποστάσεις
817 4442 876 4494 δὲ
905 4445 1082 4514 τρεῖςο
1113 4442 1188 4507 ὡς
1215 4447 1317 4515 τῆς
1341 4445 1561 4515 φύσεως
1595 4449 1692 4500 καὶ
1713 4449 1811 4516 τῆς
1845 4449 2037 4512 οὐσίας

2139 1962 2343 2016 dicitur
2374 1977 2389 2014 :
2421 1961 2563 2029 quod
2607 1975 2802 2018 omnes
2834 1963 2902 2018 ab
2933 1977 3043 2017 uno
3079 1960 3269 2017 divino
3307 1960 3511 2029 Spiritu
3548 1960 3716 2016 adlati

2139 2049 2364 2106 fuerint.

2211 2141 2468 2197 TIIEOR.
2543 2142 2659 2197 Non
2724 2157 2891 2196 unum
2946 2143 3208 2200 duntaxat
3263 2142 3572 2210 ostendam,
3621 2141 3719 2196 sed

2139 2235 2428 2288 universos
2454 2271 2470 2298 ,
2509 2233 2803 2302 adjuvante
2835 2232 2967 2299 Deo,
3017 2246 3158 2304 quos
3199 2233 3516 2288 nominatim
3547 2247 3714 2302 supra

2139 2326 2600 2382 commemorasti.
2632 2325 2838 2381 Saltem
2878 2325 3240 2382 auscultando
3272 2340 3337 2379 ne
3375 2323 3714 2394 del'atigeris,

2138 2429 2188 2473 et
2222 2418 2463 2473 omnium
2498 2418 2592 2472 tibi
2624 2418 2932 2473 testimonia
2959 2416 3253 2486 proferant.

2209 2508 2368 2565 GEN.
2406 2508 2700 2576 Propterea
2729 2511 3105 2574 convenimus,
3145 2517 3203 2562 ut
3239 2508 3528 2561 veritatem
3557 2507 3714 2562 inve-

2139 2603 2359 2657 niamus
2393 2619 2408 2658 :
2453 2617 2554 2656 nec
2600 2600 2654 2654 in
2690 2600 2998 2669 huiusmodi
3035 2600 3267 2671 negotiis
3297 2601 3582 2673 defatigati
3611 2603 3716 2656 dc-

2139 2694 2351 2749 bemus.

2209 2785 2463 2843 TliEOR.
2505 2787 2807 2858 Antequam
2857 2787 2971 2856 ipsa
3015 2785 3164 2841 dicta
3219 2784 3583 2855 proferamus,
3618 2802 3718 2842 ne-

2140 2881 2437 2936 cossarium
2471 2879 2732 2943 arbitror,
2766 2890 2822 2933 ut
2856 2878 2985 2948 quid
3019 2879 3256 2933 essentia
3282 2881 3364 2933 vel
3405 2878 3712 2934 substantia

2139 2975 2230 3037 sit,
2269 2972 2397 3042 quid
2451 2984 2668 3038 natura,
2723 2972 2851 3041 quid
2903 2971 3236 3042 hypostasis,
3271 2970 3401 3040 quid
3455 2983 3717 3040 persona,

2139 3066 2368 3120 dicatur.
2399 3064 2692 3133 Propterea
2728 3073 2779 3120 te
2802 3066 3077 3135 interrogo
3097 3104 3112 3128 ,
3145 3063 3417 3134 quomodo
3439 3063 3553 3117 haec
3573 3062 3718 3116 arci-

2140 3158 2294 3227 pias?
2336 3173 2467 3212 num
2519 3168 2575 3212 ut
2611 3159 2785 3213 exteri
2837 3161 3156 3227 scriptores,
3208 3172 3278 3212 an
3324 3156 3403 3211 uti
3460 3156 3715 3212 doctores

2137 3247 2396 3302 Ecclesiae
2418 3247 2747 3302 deﬁnierunt
2771 3249 2795 3303 ἓ

2207 3340 2368 3397 GEN.
2399 3342 2509 3398 Nos
2537 3344 2821 3398 amborum
2854 3342 2922 3399 de
2962 3342 3192 3400 vocibus
3223 3342 3376 3397 hisce
3422 3339 3719 3409 propositis

2139 3434 2420 3491 ﬁnitiones
2453 3436 2730 3500 novimus,
2761 3446 2818 3490 et
2849 3449 2944 3491 ras
2971 3435 3037 3489 ad
3070 3433 3455 3490 rectitudinem
3489 3433 3717 3504 dogma-

2139 3536 2253 3582 tum
2285 3528 2505 3596 pietatis
2537 3528 2778 3584 scienter
2805 3528 3118 3600 dirigimus.

2207 3708 2465 3764 τιιιῑοιι.
2499 3708 2610 3779 Ego
2641 3708 2933 3779 plurimum
2974 3708 3028 3764 in
3074 3709 3162 3764 his
3191 3715 3483 3764 extraneos
3513 3708 3578 3760 ab
3610 3702 3716 3758 Ee-

2138 3801 2318 3855 rlrsia:
2345 3803 2662 3857 doctoribus
2693 3801 2964 3857 dissidere
3009 3801 3194 3855 video.
3243 3797 3379 3852 Nam
3412 3797 3486 3852 illi
3516 3795 3718 3851 eruditi

2139 3891 2384 3946 homines
2437 3891 2611 3946 exteri
2663 3891 3044 3955 individuum,
3087 3890 3204 3945 sive
3253 3887 3567 3960 hyposlasin
3597 3927 3611 3950 ,
3665 3896 3721 3940 et

2139 3967 2301 4035 unum
2339 3997 2584 4044 numero,
2621 3982 2976 4036 substantiam
3039 3979 3337 4043 deﬁniunt;
3401 3979 3540 4048 quod
3583 3992 3715 4031 sane

2140 4072 2305 4128 divini
2332 4071 2518 4127 Patres
2544 4089 2649 4128 non
2677 4075 2991 4127 admittunt.
3023 4071 3232 4142 Quippe
3275 4069 3466 4125 Patres
3497 4069 3568 4122 illi
3615 4084 3716 4137 gu-

2141 4165 2356 4220 bernati
2385 4165 2668 4229 divinitus,
2701 4163 3061 4220 substantiam
3092 4173 3146 4218 et
3174 4172 3426 4215 naturam
3455 4173 3574 4214 esse
3601 4158 3723 4212 uni-

2140 4259 2371 4312 versalia
2396 4259 2601 4319 dicunt,
2625 4274 2744 4326 qua:
2773 4258 3069 4326 scriptores
3091 4257 3264 4310 exteri
3297 4253 3534 4324 speciem
3556 4265 3722 4308 voca-

2142 4357 2287 4403 runt.
2324 4349 2666 4416 Quapropter
2704 4348 2756 4400 in
2784 4345 3429 4401 sacrosancta'l‘rinitate
3459 4352 3714 4396 naturam

2141 4456 2301 4494 uuam
2327 4452 2383 4494 et
2409 4455 2569 4493 unam
2610 4439 2992 4503 substantiam,
3032 4440 3353 4508 hypostases
3407 4450 3536 4489 vero
3583 4444 3718 4500 tres,

457 4533 665 4596 πολλὰς
692 4534 1028 4596 ὑποστάσεις
1068 4536 1458 4607 περιεχούσης·
1521 4539 1715 4608 ἀμέλει
1743 4540 1841 4593 καὶ
1868 4543 1901 4609 ἠ
1928 4538 2037 4594 τῶν

2146 4531 2484 4586 tradiderunt
2517 4547 2533 4584 :
2572 4542 2765 4584 natura
2799 4529 3055 4584 nimirum
3102 4537 3157 4583 et
3201 4525 3506 4582 substantia
3539 4523 3722 4594 plures

458 4629 771 4699 ἀνθρώπων
803 4631 968 4699 φύσις
999 4632 1095 4701 μία
1117 4631 1275 4695 οὖσα,
1303 4633 1570 4704 ἀπείρους
1599 4633 1714 4704 ἔχει
1769 4635 1870 4698 τὰς
1901 4637 2037 4688 ὑπο-

462 4721 703 4783 στάσεις,
730 4716 843 4774 οἷον
882 4723 1111 4793 Πέτρον,
1150 4723 1246 4776 καὶ
1276 4723 1509 4790 Παῦλον,
1555 4726 1652 4779 καὶ
1685 4725 1894 4790 πάντας
1912 4726 2038 4791 τοὺς

457 4811 607 4863 κατὰ
639 4811 809 4880 μέρος
837 4810 1178 4882 ἀνθρώπους.
1217 4813 1278 4868 '0
1301 4814 1358 4867 δὲ
1409 4814 1794 4886 ’Λριστοτέλης
1826 4817 1889 4870 τὸ
1911 4817 2038 4871 άτο-

461 4921 564 4972 μον
596 4905 694 4956 καὶ
722 4903 783 4956 τὸ
817 4903 974 4974 ἓντῷ
999 4903 1240 4983 ἀριθμῷ,
1278 4905 1401 4976 ἦτοι
1437 4906 1536 4976 τὴν
1575 4907 1900 4972 ὑπόστασιν,
1943 4925 2041 4962 κυ-

462 4997 598 5067 ρίως
630 4997 821 5050 οὐσίαν
856 4997 1114 5066 ὡρίσατο,
1154 4999 1298 5051 οὕτω
1318 4998 1545 5068 φάσκων
1571 5015 1590 5031 '
1613 5000 1786 5053 Οὑσία
1816 5000 1872 5053 δέ
1889 5003 2040 5054 ἐστιν

458 5090 493 5157 ἡ
525 5088 863 5156 κυριωτάτη,
902 5087 998 5139 καὶ
1021 5087 1277 5158 πρώτως,
1313 5090 1408 5142 καὶ
1457 5090 1696 5160 μάλιστα
1742 5091 2037 5163 λεγομένη,

453 5179 493 5252 ἢ
533 5181 672 5250 μήτε
719 5179 842 5233 καθ’
891 5180 1262 5249 ὑποκειμένου
1315 5180 1466 5245 τινὸς
1515 5181 1756 5250 λέγεται,
1819 5184 1960 5255 μήτε
1981 5187 2040 5238 ὲν

459 5272 821 5342 ὑποκειμένῳ
889 5272 996 5325 τινί
1059 5273 1244 5336 ἐστιν,
1297 5270 1409 5326 οἷον
1461 5273 1578 5334 ὅτις
1639 5275 1948 5344 ἄνθρωπος,
2007 5277 2039 5348 ἢ

455 5367 571 5427 ὅτις
600 5365 785 5426 ἵππος.
809 5362 934 5425 Πῶς
960 5361 1054 5416 οὖν
1106 5367 1232 5429 τοὺς
1253 5364 1488 5434 θύραθεν
1511 5365 1608 5435 τῆς
1633 5367 1912 5437 ἡμετέρας
1941 5368 2041 5420 a6-

455 5455 582 5524 λῆς,
614 5455 708 5508 καὶ
735 5457 864 5518 τοὺς
890 5456 1246 5518 διδασκάλους
1269 5457 1428 5526 ἡμῶν
1455 5459 1535 5522 είς
1595 5457 1658 5512 ἓν
1689 5461 1831 5513 κατὰ
1881 5460 2042 5514 τοῦτο

457 5552 794 5618 συναγαγεῖν
819 5548 1051 5602 δυνατόν
1073 5550 1212 5603 ἐστι·
1245 5551 1378 5612 τοὺς
1405 5549 1504 5620 μὲν
1537 5550 1598 5604 τὸ
1625 5550 1881 5618 καθόλου,
1913 5553 2042 5617 τοὺς

449 5639 507 5695 δὲ
533 5640 589 5697 τὸ
617 5641 990 5702 καθέκαστον,
1038 5639 1228 5696 οὐσίαν
1285 5640 1384 5694 καὶ
1428 5640 2042 5714 φύσιν·όρισαμὲνους;

524 5825 582 5883 ’0
609 5821 788 5882 ΚΑΘ.
844 5819 961 5877 Καὶ
1011 5820 1173 5891 ἡμεῖς
1209 5821 1311 5892 τὴν
1359 5821 1549 5898 etith
1601 5823 1694 5878 καὶ
1753 5822 1851 5895 τὴν
1881 5822 2044 5894 φύσιν

2145 4626 2470 4694 hypostases
2523 4622 2846 4677 continent:
2890 4630 2947 4676 et
2992 4621 3270 4674 hominum
3315 4617 3536 4688 quidem
3571 4623 3723 4672 certe

2144 4724 2335 4770 natura
2361 4729 2484 4769 cum
2523 4729 2628 4768 una
2684 4714 2794 4777 sit,
2850 4713 3093 4768 inﬁnitas
3146 4712 3311 4767 habet
3366 4710 3721 4780 hypostases;

2137 4816 2264 4878 puta
2289 4806 2508 4862 Petrum
2540 4815 2592 4862 et
2626 4806 2877 4870 Paulum,
2909 4815 2963 4860 et
3001 4804 3249 4860 immines
3282 4801 3556 4874 sigillatim
3591 4797 3720 4854 uni-

2141 4914 2349 4954 versos.
2407 4896 2736 4954 Aristoteles
2785 4906 2964 4952 autem
3003 4896 3386 4958 individuum,
3439 4901 3491 4948 et
3551 4904 3720 4945 unum

2139 5006 2391 5055 numero,
2427 4992 2544 5047 sive
2573 4990 2916 5062 iiypostasin,
2948 4988 3169 5060 proprie
3191 4983 3553 5042 substantiam
3583 4979 3722 5069 deﬁ-

2142 5085 2262 5151 niit,
2281 5084 2364 5139 his
2391 5084 2569 5139 verbis
2590 5098 2721 5138 usus
2750 5100 2765 5139 :
2798 5081 3135 5147 Substantia,
3173 5093 3293 5149 qua:
3323 5073 3720 5148 propriissime,

2143 5178 2488 5247 primumque
2522 5191 2584 5232 ac
2615 5176 2853 5230 maxime
2911 5175 2992 5230 sic
3017 5175 3238 5235 dicitur,
3268 5179 3352 5224 est
3385 5184 3504 5238 qua:
3546 5178 3724 5234 neque

2147 5270 2214 5324 de
2249 5268 2493 5336 subjecto
2521 5269 2759 5339 quodam
2792 5268 3013 5330 dicitur,
3044 5279 3147 5319 nec
3176 5264 3228 5317 in
3265 5261 3448 5330 aliquo
3475 5257 3725 5326 subjecto

2143 5373 2248 5426 est,
2276 5365 2423 5416 velut
2453 5363 2542 5417 hic
2575 5363 2757 5422 homo.
2786 5360 2871 5415 vel
2902 5359 2988 5414 hic
3017 5371 3215 5426 equus.
3259 5353 3379 5419 Quo
3427 5351 3591 5420 igitur
3625 5363 3722 5416 pa-

2145 5466 2233 5509 eto
2284 5454 2403 5510 ﬁeri
2461 5463 2638 5524 potest
2712 5463 2771 5507 ut
2829 5451 2991 5507 alieni
3042 5449 3110 5504 ab
3167 5446 3292 5502 ovili
3358 5454 3544 5498 nostro
3592 5455 3716 5495 cuin

2144 5546 2455 5601 ductoribus
2486 5546 2686 5600 nostris
2707 5545 2808 5598 hac
2831 5545 2881 5596 in
2913 5553 3064 5613 parte
3091 5538 3472 5596 concilientur,
3505 5549 3626 5588 cum
3659 5534 3721 5586 hi

2145 5637 2506 5692 substantiam
2539 5647 2593 5691 et
2635 5646 2886 5690 naturam
2934 5632 3243 5690 universale
3295 5628 3590 5701 quiddam,
3643 5627 3720 5682 illi

2154 5729 2426 5797 singulare
2455 5728 2763 5783 deﬁniant?

2219 5820 2377 5878 GEN.
2412 5819 2523 5879 Nos
2571 5835 2784 5892 quoque
2832 5818 3197 5880 substantiam
3243 5829 3301 5877 et
3346 5831 3597 5878 naturain
3653 5817 3722 5872 de
