4140 6468
485 374 590 441 127

1903 383 2334 448 THEORIANI

3638 385 3740 452 128

474 489 872 546 uttiversalibus
917 490 1238 562 accipimus,
1287 503 1582 562 personam
1632 508 1766 552 vero
1795 507 1848 552 et
1888 497 2058 570 hypo-

2171 502 2256 554 ἐπὶ
2283 500 2394 556 τῶν
2441 499 2672 556 καθόλου
2707 501 3084 572 λαμϐάνομεν,
3112 503 3174 556 τὸ
3219 503 3276 556 δὲ
3309 503 3608 575 πρόσωπον
3644 505 3740 558 καὶ

474 585 642 638 Stasin
679 583 750 638 de
775 584 1160 654 singularibus.

549 673 806 730 TIIEOR.
872 674 1049 732 Macte
1094 679 1315 747 animo,
1370 681 1686 738 beatissime
1731 683 1931 750 Pater,
1984 685 2055 740 ob

481 765 626 819 hanc
677 765 1114 824 satisfactionem
1165 788 1180 825 :
1227 771 1318 840 qui
1367 781 1422 827 et
1467 774 1566 826 hac
1616 755 1666 827 in
1721 783 1876 843 parte
1930 790 2054 830 cum

477 855 686 910 sanctis
717 855 972 912 Patribns
1005 861 1301 915 censentis.
1352 861 1491 927 Quid
1541 863 1748 929 igitur?
1789 865 2057 922 horumne

479 945 763 1002 ﬁnitiones
793 962 856 1002 ac
885 949 1312 1006 declarationem
1348 968 1702 1022 exponemus,
1760 973 1830 1011 an
1881 959 2055 1012 solum

481 1037 584 1092 hoc
642 1039 802 1094 nobis
855 1040 1084 1096 sulliciet
1116 1082 1132 1107 ,
1192 1044 1336 1111 quod
1389 1046 1694 1101 substantia
1744 1055 1800 1102 et
1860 1057 2056 1102 natura

480 1131 736 1200 quiddam
775 1132 1082 1189 universale
1133 1136 1279 1202 sint;
1330 1137 1641 1208 hypostasis
1690 1145 1748 1194 et
1799 1154 2053 1208 persona,

480 1221 795 1291 singulare?

550 1313 709 1369 GEN.
746 1314 802 1371 Si
837 1317 932 1372 tibi
959 1318 1244 1376 molestum
1274 1335 1380 1377 non
1408 1321 1828 1390 eritexponere,
1861 1323 2056 1382 lubens

481 1403 734 1472 equidem
765 1409 1005 1464 audiam.

556 1493 812 1551 TIIEOR.
845 1497 992 1554 Nihil
1017 1514 1118 1572 ego
1146 1517 1322 1557 meum
1352 1503 1648 1574 proferam,
1669 1505 1764 1560 sed
1790 1507 2054 1578 quidquid

482 1585 598 1654 ipsa
637 1601 735 1643 nos
755 1588 1014 1646 Ecclesiae
1045 1592 1252 1648 Iumina
1288 1595 1616 1651 docuerunt.

551 1675 712 1734 GEN.
756 1679 901 1734 Idem
927 1691 983 1736 et
1010 1682 1126 1753 ipse
1156 1699 1486 1756 cognoscere
1513 1685 1710 1757 gestio,
1739 1688 1868 1758 quid
1903 1689 2060 1745 nimi-

483 1782 603 1824 rum
633 1769 888 1826 Ecclesiae
916 1776 1166 1830 doctores
1193 1777 1557 1832 tradiderunt.

555 1858 812 1917 THEUR.
859 1861 1047 1919 Sancti
1093 1863 1284 1922 Patres
1316 1868 1390 1922 Ita
1431 1869 1792 1924 substantiam
1829 1870 2057 1927 denttte-
2092 1847 2136 1903 Β

2152 593 2251 663 τὴν
2279 592 2600 658 ὑπόστασιν,
2621 594 2712 648 ἐπὶ
2733 594 2842 648 τῶν
2873 594 3016 648 κατὰ
3055 595 3244 665 μέρος.

2235 686 2294 738 Ὀ
2325 683 2519 741 ΘΕΩΡ.
2571 685 2717 754 Εῦγέ
2773 704 2856 740 σοι
2907 687 3006 755 τῆς
3080 685 3406 754 ἀπολογίας,
3458 687 3742 757 μακαριώ-

2152 793 2281 829 τατε
2315 777 2522 848 Πάτερ’
2573 777 2843 848 σύμφρων
2883 779 2989 832 κάν
3043 776 3220 847 τούτῳ
3255 779 3371 840 τοῖς
3418 778 3596 846 ἁγίοις
3631 779 3745 830 Πα-

2152 867 2316 938 τράσι
2371 867 2684 938 τυγχάνεις.
2728 868 2795 920 Τί
2827 868 2924 921 οῦν
2965 885 2980 932 ;
3036 867 3250 921 τούτων
3308 868 3562 936 εἴπωμεν
3613 868 3743 932 τοῦς

2153 958 2315 1028 ὅρους
2338 960 2431 1012 καὶ
2457 961 2558 1029 τὴν
2585 959 2886 1029 ἑρμηνείαν
2911 976 2927 1025 ;
2951 958 2984 1029 ἢ
3015 959 3194 1029 τούτῳ
3211 959 3358 1028 μόνῳ
3385 957 3738 1028 ἀρκούμεθα,

2153 1049 2236 1102 ὅτι
2289 1049 2510 1120 ἡούσία
2565 1051 2716 1120 καὶὴ
2748 1049 2912 1118 φύσις
2956 1049 3186 1103 καθόλου
3237 1049 3411 1102 ἐστίν’
3448 1051 3481 1120 ἡ
3511 1049 3568 1102 δὲ
3610 1049 3747 1102 ὑπό·
3784 1107 3792 1115 ,

2158 1157 2345 1206 στασις
2379 1142 2474 1194 καὶ
2504 1141 2564 1195 τὸ
2588 1141 2902 1212 πρόσωπον,
2939 1141 3281 1198 καθέκαστον
3306 1158 3322 1204 ;

2248 1318 2310 1373 Ὀ
2368 1320 2533 1374 ΚΑΘ.
2566 1319 2633 1372 Εἴ
2682 1336 2766 1372 σοι
2811 1318 3072 1390 φορτικόν
3109 1319 3210 1372 οῦκ
3249 1316 3364 1371 ἐστι
3391 1317 3594 1385 λέγειν,
3638 1317 3753 1386 ἐγὼ

2158 1411 2330 1481 ἡδέως
2355 1412 2684 1482 ἀκούσομαι.

2242 1503 2304 1555 '0
2334 1502 2528 1556 ΘΕΩΡ.
2570 1502 2714 1571 Ἐγὼ
2742 1502 2878 1574 ἐμὸν
2929 1502 3029 1573 μὲν
3083 1501 3239 1556 οὐδὲν
3270 1503 3403 1573 ἐρῶ,
3437 1501 3555 1555 ἀλλ’
3603 1503 3748 1572 ὅπερ

2157 1594 2207 1647 οί
2239 1594 2338 1664 τῆς
2373 1594 2701 1664 Ἐκκλησίας
2729 1597 3014 1666 φωστῆρες
3042 1596 3192 1665 ἡμᾶς
3222 1595 3638 1660 ὲξεπαίδευσαν.

2240 1685 2302 1741 '0
2337 1688 2498 1742 ΚΑΘ.
2532 1686 2703 1756 Κάγὼ
2751 1685 2912 1741 τοῦτο
2941 1687 3198 1758 ἐπιθυμῶ
3249 1687 3464 1758 μαθεῖν,
3498 1687 3550 1740 τί
3574 1687 3752 1748 ἐστιν,

2160 1780 2300 1848 ὅπερ
2334 1780 2384 1832 οἱ
2417 1779 2518 1849 τῆς
2560 1779 2890 1850 Ἐκκλησίας
2915 1776 3072 1834 εἷπον
3102 1779 3437 1834 διδάσκαλοι.

2248 1870 2311 1923 '0
2334 1869 2530 1923 ΘΕΩΡ.
2561 1872 2624 1923 Ol
2647 1870 2792 1938 ἆγιοι
2810 1870 3054 1942 Πατέρες
3072 1870 3172 1942 τὴν
3201 1870 3392 1924 οὐσίαν
3414 1870 3588 1933 οὕτως
3615 1868 3721 1938 ὦρί
3743 1899 3756 1910 ο

485 1961 612 2005 runt
642 1968 656 2006 :
695 1954 1013 2010 Subsmntia
1041 1957 1276 2026 primum
1312 1968 1366 2014 et
1410 1962 1629 2030 proprie
1659 1971 1765 2026 est,
1794 1962 2056 2033 quidquid

2171 1978 2347 2015 σαντο.
2411 1961 2584 2015 Οὐσία
2637 1961 2756 2015 ἐστὶ
2813 1961 3046 2032 πρώτως
3093 1978 3153 2015 τε
3212 1961 3307 2015 καὶ
3365 1961 3592 2030 κυρίως,
3641 1961 3756 2013 πᾶν

483 2055 583 2110 per
607 2057 666 2098 se
692 2044 966 2110 subsistit.
1000 2063 1103 2105 nec
1129 2064 1252 2104 esse
1281 2065 1439 2106 suum
1478 2053 1642 2107 habet
1674 2054 1726 2107 in
1754 2055 1878 2110 alio.
1912 2053 2054 2122 Quid

483 2144 667 2190 autem
706 2135 756 2191 id
788 2139 932 2207 quod
964 2154 1061 2209 per
1117 2155 1179 2196 se
1215 2143 1498 2199 subsistit?
1537 2147 1681 2215 quod
1719 2161 1815 2216 per
1855 2162 1919 2202 se
1949 2158 2056 2214 est,

482 2237 548 2278 ac
576 2240 680 2280 non
715 2240 936 2297 propter
962 2230 1128 2298 aliud,
1156 2232 1237 2287 vel
1274 2233 1328 2288 in
1363 2234 1470 2289 alio
1497 2251 1655 2290 suum
1691 2252 1811 2293 esse
1861 2239 2056 2305 habet;

492 2314 595 2370 hoc
628 2327 714 2370 est
739 2319 880 2384 quod
910 2334 1012 2373 non
1040 2329 1162 2392 eget
1190 2321 1414 2378 alterius
1443 2325 1675 2396 alicujus
1708 2338 1861 2383 extra
1893 2343 1952 2383 se
1991 2330 2059 2384 ad

483 2406 590 2460 hoc
639 2415 701 2462 ut
747 2411 997 2476 exsistat,
1049 2413 1211 2483 quale
1256 2416 1515 2482 quiddam
1568 2428 1653 2472 est
1705 2419 1874 2485 color,
1933 2431 2060 2490 puta

487 2498 638 2568 niger
700 2510 794 2554 aut
851 2502 1008 2558 albus
1044 2522 1058 2558 :
1089 2519 1209 2573 quae
1237 2521 1332 2575 per
1373 2523 1432 2562 se
1478 2520 1753 2578 nequeunt
1795 2513 2063 2566 exsistere

486 2589 606 2642 sine
659 2604 887 2659 corpore
933 2598 1076 2664 quod
1123 2613 1186 2652 ea
1225 2601 1484 2669 recipiat,
1523 2617 1586 2656 ac
1625 2614 1927 2672 ;propterea
1969 2620 2064 2658 co-

486 2676 659 2734 lorem
687 2695 792 2733 non
822 2683 1052 2740 dicimus
1087 2701 1208 2742 esse
1253 2690 1636 2745 substantiam.
1688 2691 1869 2761 Ipsum
1935 2709 2064 2749 vero

489 2782 715 2838 corpus,
745 2773 828 2825 cui
868 2773 1019 2828 color
1046 2777 1206 2842 inest,
1242 2781 1307 2834 ad
1338 2781 1442 2835 hoc
1488 2783 1690 2838 coloris
1728 2785 1866 2839 haud
1921 2787 2064 2840 indi-

487 2870 600 2931 get,
636 2871 698 2916 ιιι
723 2878 919 2933 corpus
972 2868 1060 2921 sit.
1111 2870 1220 2925 ltuo
1270 2875 1491 2928 mutatis
1540 2875 1839 2941 coloribus,
1886 2877 2063 2948 ipsum

487 2967 599 3006 non
650 2963 917 3011 mutatur.
969 2957 1102 3014 Nnu
1136 2977 1199 3015 ex
1247 2963 1369 3018 albo
1417 2965 1628 3036 nigrum
1657 2967 1746 3033 Iit,
1785 2983 1852 3022 ex
1909 2971 2066 3039 nigro

489 3045 711 3113 navum,
739 3049 976 3104 aliumve
1007 3055 1244 3110 colorem
1281 3056 1497 3124 induit;
1566 3062 1741 3128 ipsqu
1775 3075 1902 3116 vero
1929 3077 2068 3117 sem-

488 3152 586 3206 per
647 3137 721 3204 id,
760 3146 902 3210 quod
951 3155 1058 3211 est,
1114 3157 1319 3202 manet.
1380 3147 1566 3220 Itaque
1602 3162 1821 3220 pmpter
1866 3169 2065 3224 corpus

488 3229 647 3285 color
675 3243 780 3300 est,
832 3245 890 3289 ut
939 3237 991 3291 id
1043 3238 1226 3294 colore
1274 3239 1468 3308 tingat,
1515 3258 1620 3296 non
1656 3255 1835 3299 autem
1871 3261 2068 3316 corpus

492 3332 714 3392 propter
763 3324 1026 3394 colorem,
1079 3329 1172 3383 sed
1217 3343 1282 3383 ex
1321 3331 1525 3400 seipse.
1565 3333 1726 3389 Color
1777 3335 1962 3390 itidem
2015 3337 2067 3391 in

491 3426 718 3481 corpore
771 3430 926 3470 suum
962 3432 1084 3474 esse
1133 3419 1318 3486 habet,
1371 3437 1570 3488 corpus
1619 3435 1800 3480 autem
1857 3441 1963 3480 non
2015 3427 2066 3480 in

489 3500 696 3568 colore,
733 3505 826 3559 sed
860 3506 914 3560 in
945 3507 1127 3577 seipse
1158 3511 1394 3565 exsistit.
1441 3510 1571 3566 Eam
1611 3514 1682 3570 ob
1732 3529 1844 3570 rem
1875 3529 2070 3584 corpus

493 3592 858 3650 substantiam
893 3612 1169 3664 vocamus,
1206 3614 1327 3655 cum
1373 3617 1470 3672 per
1511 3604 1746 3675 seipsnm
1784 3606 2066 3672 subsistat,

493 3693 550 3737 ct
580 3682 633 3738 in
664 3687 868 3757 seipse,
921 3704 1027 3744 non
1057 3691 1110 3746 in
1161 3691 1268 3748 alio
1301 3708 1457 3748 suum
1490 3709 1611 3750 esse
1657 3696 1871 3752 habeat.
1903 3697 2070 3764 Quid-

493 3772 622 3841 quid
648 3787 780 3845 ergo
810 3791 908 3846 per
937 3793 996 3833 se
1027 3781 1297 3850 subsistit,
1333 3793 1387 3838 et
1415 3784 1467 3838 itt
1506 3785 1709 3853 seipse,
1739 3801 1846 3842 non
1883 3787 1937 3841 in
1965 3789 2071 3842 alio

496 3863 736 3934 exsistit,
777 3877 863 3922 est
908 3871 1236 3928 substantia.
1285 3875 1428 3930 Sunt
1479 3887 1662 3932 autem
1718 3879 1831 3933 haec
1875 3879 1956 3935 vel
2002 3895 2068 3936 ex

492 3956 737 4023 materie,
782 3959 868 4015 vel
917 3965 1160 4032 expertia
1220 3965 1485 4021 ntateriei.
1543 3965 1842 4023 Materialia
1922 3980 2067 4036 sunt,

493 4053 660 4109 terra,
687 4062 848 4118 aqua,
899 4065 1016 4115 aer,
1063 4052 1244 4122 ignis:
1278 4064 1334 4111 et
1372 4069 1462 4112 res
1497 4070 1567 4112 ex
1625 4058 1708 4114 his
1736 4061 2069 4128 compositae,

491 4139 650 4207 lapis,
676 4143 838 4199 arbor
860 4183 876 4208 ,
901 4159 1100 4215 corpus
1131 4147 1451 4203 animatum.
1496 4149 1750 4220 Expertia
1805 4153 2067 4217 materiei,

493 4230 675 4284 anima
735 4233 950 4291 ratione
1023 4237 1293 4304 praedita,
1360 4240 1609 4310 angelus.
1665 4240 1789 4297 Hec
1858 4242 2070 4310 igitur,

495 4321 572 4376 uti
620 4323 780 4380 modo
821 4326 1076 4393 aiebam,
1147 4329 1450 4386 substantia
1521 4333 1797 4388 dicuntur.
1865 4333 2075 4404 Quippe

496 4411 636 4466 Deus
714 4416 1230 4476 ultrasubstanlialis
1291 4435 1394 4489 est,
1467 4438 1630 4492 supra
1711 4438 1927 4479 omnem
1969 4441 2072 4495 po-

2097 3199 2138 3254 C

2164 2054 2356 2125 ὅτιπερ
2419 2053 2833 2108 αὑθυπόστατον
2889 2053 3152 2124 ὑπάρχει,
3198 2054 3293 2106 καὶ
3343 2052 3418 2122 μὴ
3465 2053 3524 2104 ὲν
3578 2050 3759 2120 ἑτέρῳ

2166 2142 2280 2212 ἔχει
2324 2143 2385 2196 τὸ
2434 2139 2597 2198 εἶναι.
2658 2145 2724 2196 Τί
2762 2143 2819 2197 δέ
2861 2145 3008 2196 ἐστιν
3055 2143 3510 2208 αὑθυπόστατονς
3561 2141 3588 2193 ὃ
3629 2141 3760 2193 καθ’

2167 2236 2327 2289 ἑαυτὸ
2364 2236 2504 2301 ἔστι,
2560 2237 2658 2289 καὶ
2689 2238 2751 2288 οὐ
2779 2236 2850 2289 δι’
2901 2235 3052 2297 ἄλλο,
3077 2234 3221 2302 ξοῦτε
3257 2237 3314 2288 ὲν
3345 2235 3518 2304 ἑτέρῳ
3549 2233 3663 2302 ἔχει
3693 2233 3759 2285 τὸ

2168 2326 2342 2381 εἶναι·
2392 2328 2697 2390 τουτέστιν,
2734 2328 2863 2398 ὑμὴ
2896 2327 3089 2399 χρῄζει
3151 2327 3294 2390 τινὸς
3351 2327 3510 2381 ἄλλου
3553 2325 3759 2390 ἔξωθεν

2167 2418 2334 2472 αὑτοῦ
2368 2419 2450 2482 είς
2510 2417 2572 2470 τὸ
2633 2417 2925 2488 ὑπάρχειν·
2985 2413 3098 2472 οἷόν
3125 2434 3179 2470 τι
3222 2417 3370 2484 λέγω
3418 2415 3480 2469 τὸ
3528 2414 3759 2485 χρῶμα,

2167 2510 2416 2563 τουτέστι
2467 2510 2528 2562 τὸ
2559 2509 2754 2563 λευκὶν
2803 2510 2900 2562 καὶ
2941 2508 3004 2563 τὸ
3029 2509 3198 2578 μέλαν
3225 2525 3238 2540 ·
3292 2509 3387 2561 καὶ
3422 2507 3492 2562 τὰ
3525 2505 3760 2560 τοιαῦτα

2169 2599 2230 2650 οὑ
2257 2598 2516 2652 δύνανται
2568 2599 2692 2652 καθ’
2749 2597 2921 2652 ἑαυτὰ
2972 2593 3138 2664 εἶναι,
3173 2599 3344 2669 χωρὶς
3375 2596 3628 2667 σώματος
3657 2595 3758 2650 τοῦ

2170 2691 2462 2761 δεχομένου
2502 2690 2644 2744 αὐτά
2666 2707 2678 2721 ο
2709 2692 2804 2743 καὶ
2841 2689 2932 2743 διὰ
2959 2690 3118 2743 τοῦτο
3147 2689 3271 2742 οὐδὲ
3301 2687 3494 2741 οὐσίαν
3519 2685 3760 2754 λέγομεν

2172 2775 2399 2833 εῖναιτο
2443 2779 2665 2849 χρῶμα.
2713 2779 2788 2831 Τὸ
2817 2779 2873 2832 δὲ
2907 2777 3068 2846 σῶμα
3127 2776 3280 2840 αὐτὸ,
3336 2777 3395 2828 ὲν
3449 2769 3492 2844 ᾧ
3541 2779 3662 2829 ἐστι
3693 2775 3760 2827 τὸ

2173 2867 2390 2940 χρῶμα,
2426 2868 2486 2920 οὐ
2521 2866 2702 2920 δέεται
2732 2865 2828 2918 τοῦ
2860 2867 3173 2936 χρώματος,
3204 2865 3284 2926 είς
3306 2862 3368 2916 τὸ
3389 2857 3534 2916 εἶναι
3569 2861 3756 2929 σῶμαο

2174 2961 2369 3030 ἀμέλει
2419 2960 2516 3013 καὶ
2576 2958 2686 3011 τῶν
2744 2959 3054 3029 χρωμάτων
3106 2955 3569 3026 άλλασσομένων.
3620 2953 3760 3006 αὐτὸ

2173 3055 2274 3106 οὐκ
2308 3052 2650 3106 ἀλλάσσεται
2677 3065 2692 3080 ⁶
2722 3052 2818 3104 καὶ
2851 3050 2959 3120 γάρ
2993 3051 3057 3102 ὲκ
3091 3047 3285 3101 λευκοῦ
3326 3048 3534 3116 γίνεται
3563 3047 3758 3113 μέλαν,

2175 3140 2268 3195 καὶ
2297 3142 2364 3194 ὲκ
2415 3139 2644 3210 μέλανος
2673 3140 2883 3205 ξανθὸν,
2909 3141 2941 3209 ἢ
2966 3138 3154 3208 ἓτερον
3188 3138 3385 3208 χρῶμα
3443 3137 3763 3206 μεταμφιά·

2171 3235 2355 3298 ζεται·
2409 3233 2543 3286 αὐτὸ
2574 3232 2632 3286 δὲ
2671 3231 2846 3301 μένει,
2905 3233 3041 3300 ὅπερ
3094 3232 3268 3292 ἐστὶν,
3302 3230 3407 3283 ἀεί.
3445 3228 3636 3282 Ἔστιν
3660 3223 3759 3281 οὖν

2169 3327 2232 3380 τὸ
2267 3327 2365 3398 μὲν
2396 3327 2597 3398 χρῶμα
2649 3326 2738 3380 διὰ
2782 3325 2843 3378 τδ
2903 3325 3065 3394 σῶμα
3091 3325 3178 3378 ἵνα
3203 3323 3394 3396 χρὼζῃ
3427 3322 3582 3378 αὑτόο
3609 3321 3670 3374 τὸ
3698 3321 3760 3374 δὲ

2174 3420 2333 3490 σῶμα
2395 3419 2456 3472 οὐ
2522 3419 2611 3473 διὰ
2668 3418 2730 3470 τὸ
2779 3417 2997 3488 χρῶμα,
3053 3416 3190 3471 ἀλλὰ
3225 3416 3292 3470 δι’
3345 3415 3528 3468 ἑαυτό·
3582 3411 3762 3466 καὶτό

2175 3511 2276 3581 μὲν
2321 3511 2520 3582 χρῶμα
2574 3512 2634 3563 ὲν
2684 3508 2762 3580 τῷ
2817 3509 3034 3578 σώματι
3083 3508 3196 3579 ἔχει
3248 3507 3310 3560 τὸ
3361 3500 3545 3559 εἷναιο
3592 3504 3657 3558 τὸ
3699 3503 3761 3556 δὲ

2174 3598 2336 3668 σῶμα
2388 3599 2491 3652 οὐκ
2551 3599 2608 3650 ἐν
2653 3597 2733 3668 τῷ
2804 3597 3078 3668 χρώματι,
3126 3597 3245 3651 ἀλλ’
3290 3598 3351 3650 ὲν
3398 3594 3581 3665 ἑαυτῷ
3641 3595 3761 3664 ἔχει

2171 3694 2232 3744 τὸ
2281 3685 2441 3744 εἶναι.
2476 3689 2576 3742 Διά
2631 3688 2793 3742 τοῦτο
2849 3685 2945 3742 οὖν
3002 3689 3065 3742 τὸ
3128 3689 3289 3757 σῶμα
3321 3687 3513 3741 οὐσίαν
3564 3683 3769 3739 καλοῦ-

2177 3797 2295 3850 μεν,
2347 3778 2535 3846 ὲπειδὴ
2565 3777 2972 3832 αὺθυπόστατόν
3019 3780 3161 3842 ἐστι,
3205 3779 3302 3832 καὶ
3335 3780 3393 3831 ἐν
3423 3775 3625 3844 ἑαυτῷ,
3654 3776 3762 3828 οὐκ

2173 3873 2231 3924 ἐν
2265 3870 2438 3941 ἑτέρῳ
2491 3870 2604 3940 ἔχει
2661 3871 2722 3924 τὸ
2770 3865 2931 3924 εἶναι.
2983 3869 3194 3924 Οὐκοῦν
3246 3869 3357 3922 πᾶν
3392 3869 3587 3938 ὅτιπερ
3627 3866 3764 3918 αὑθ-

2174 3965 2479 4017 υπόστατόν
2512 3979 2573 4015 τε
2624 3961 2886 4033 ὑπάρχει,
2933 3963 3028 4016 καὶ
3061 3961 3120 4015 ὲν
3166 3960 3367 4030 ἑαυτῷ,
3418 3959 3514 4013 καὶ
3577 3957 3652 4026 μὴ
3702 3958 3766 4010 ὲν

2173 4057 2346 4127 ἑτέρῳ
2395 4055 2654 4126 ὑπάρχει,
2711 4054 2890 4110 οὐσία.
2926 4055 3088 4107 Ἐστι
3145 4051 3204 4106 δὲ
3263 4049 3438 4106 ταῦτα
3480 4049 3518 4114 ἢ
3574 4048 3760 4116 ὑλικὰ,

2172 4151 2206 4222 ἢ
2235 4149 2397 4213 άῦλα,
2427 4148 2591 4202 ὑλικά
2623 4147 2745 4217 μὲν,
2773 4147 2868 4218 γῆ,
2899 4147 3072 4216 ὕδωρ,
3129 4146 3263 4217 ἀὴρ,
3307 4144 3446 4217 πῦρ,
3474 4145 3571 4199 καὶ
3597 4144 3667 4198 τά
3697 4147 3764 4198 ὲκ

2173 4240 2384 4294 τούτων
2413 4240 2696 4305 συνθέντα,
2728 4239 2894 4306 λίθος,
2917 4239 3106 4309 φυτὸν,
3138 4238 3382 4309 ἔμψυχον
3411 4239 3592 4308 σῶμα·
3620 4239 3764 4293 άῦλα

2173 4333 2253 4396 δὲ,
2284 4333 2430 4406 ψυχὴ
2462 4333 2678 4405 λογικὴ,
2708 4332 2964 4403 ἄγγελος.
2996 4333 3184 4386 Ταῦτα
3214 4333 3314 4403 μὲν
3341 4328 3458 4399 οὖν,
3490 4333 3566 4394 ὼς
3600 4331 3764 4401 ἔφην,

2174 4425 2334 4480 οὐσία
2359 4425 2679 4480 καλοῦνται.
2693 4426 2755 4480 Ὀ
2771 4425 2883 4496 γάρ
2901 4424 3766 4496 Θεὸς,ὑπεροὺσιος,ὑπερέκεινα

493 4504 632 4559 situs
694 4508 1030 4575 essentiam,
1079 4521 1134 4565 et
1191 4512 1236 4565 si
1286 4513 1418 4581 quid
1469 4513 1555 4570 his
1604 4515 1769 4569 etiam
1816 4516 2066 4571 ulterius.

2176 4520 2360 4590 πάσης
2383 4521 2597 4584 οὐσίας,
2627 4521 2722 4575 καὶ
2747 4521 2802 4574 εί
2825 4538 2878 4574 τι
2905 4519 3114 4574 τούτων
3136 4517 3475 4590 πορρωτέρω
3501 4516 3768 4588 ὑπάρχει.

493 4595 670 4664 Atque
693 4595 795 4652 hoc
824 4599 981 4654 modo
1012 4599 1128 4669 jam
1167 4603 1442 4673 cognitum
1475 4604 1760 4671 habemus,
1791 4607 1920 4676 quid
1944 4607 2073 4662 sub-

495 4689 694 4742 stantia
726 4687 815 4744 sit.
848 4690 1049 4746 Natura
1082 4709 1230 4760 vero,
1254 4705 1336 4750 est
1385 4694 1578 4750 horum
1625 4698 1912 4768 cujusque,
1957 4698 2071 4768 jam

499 4785 914 4853 recensitorum,
939 4799 1116 4844 motus
1141 4797 1196 4845 et
1221 4790 1420 4860 quietis
1443 4792 1788 4862 principium,
1809 4804 2075 4864 quatenus

495 4876 550 4930 iu
585 4877 716 4947 ipsis
759 4879 949 4948 primis
994 4881 1228 4949 exsistit,
1282 4898 1388 4938 non
1441 4885 1740 4940 secundum
1796 4886 2071 4942 accidens.

498 4970 657 5025 Verbi
689 4971 882 5039 gratia,
913 4979 1059 5028 terra
1089 4975 1306 5044 quidem
1353 4985 1618 5044 movetur,
1657 4987 1922 5046 quatenus
1953 4993 2076 5050 ger-

496 5062 645 5116 mina
675 5063 946 5131 produclt,
977 5074 1034 5119 et
1065 5065 1230 5132 fetus,
1261 5068 1593 5136 omninoque
1641 5067 1905 5122 alteratur
1938 5084 2074 5139 qua-

495 5159 653 5207 tenus
680 5155 977 5209 seeundum
1005 5159 1117 5211 hzec
1149 5159 1263 5228 ipsa
1291 5159 1345 5213 in
1375 5159 1429 5213 id
1463 5168 1722 5226 mutatur,
1747 5161 1843 5214 sed
1883 5161 2072 5215 eadem

495 5242 744 5310 quiescit,
785 5245 926 5314 quod
963 5242 1030 5298 ad
1085 5247 1464 5301 transitionem
1518 5247 1586 5301 dc
1635 5247 1756 5301 loco
1787 5247 1852 5299 ad
1899 5246 2074 5299 locum

499 5334 712 5397 attinet,
736 5335 961 5390 omnino
991 5335 1284 5392 immobilis
1312 5346 1366 5393 et
1397 5337 1610 5393 itineris
1641 5352 1859 5408 expers.
1891 5336 2078 5406 Itaque

501 5434 683 5480 motus
713 5434 769 5479 et
796 5427 998 5510 quietis
1025 5428 1330 5498 huiusmodi
1359 5430 1712 5501 principium,
1747 5431 1889 5500 quod
1920 5436 2078 5484 terra:

500 5516 932 5574 substantialiter
963 5520 1128 5586 inest,
1157 5533 1259 5576 nec
1299 5534 1368 5577 ex
1399 5536 1564 5577 causa
1614 5523 1848 5592 quadam
1889 5535 2079 5578 acces-

502 5607 596 5672 sit,
654 5618 901 5666 naturam
930 5627 1213 5670 vocamus.
1259 5612 1438 5683 Ipsum
1486 5629 1616 5670 vero
1646 5623 1850 5669 naturae
1878 5628 2076 5669 nomen

506 5700 576 5756 ab
599 5707 869 5760 nascendo
886 5703 1088 5761 factum
1116 5714 1221 5772 est,
1240 5705 1293 5762 id
1310 5714 1394 5764 est
1412 5707 1481 5764 ab
1505 5707 1840 5763 exsistendo.
1861 5707 1981 5774 Quo
1998 5705 2074 5771 ﬁt.

506 5804 568 5849 ut
598 5793 915 5854 substantiae
965 5809 1282 5870 natumque
1335 5815 1534 5858 nomen
1579 5800 1721 5859 ide-"1
1771 5799 2074 5874 signiﬁcet:

2174 4613 2239 4665 Τί
2272 4612 2372 4682 μὲν
2396 4611 2488 4666 οῦν
2517 4614 2662 4666 ἐστιν
2693 4613 2872 4676 οὐσία,
2899 4610 3094 4682 ἔχομεν
3118 4609 3482 4679 ἐγνωσμένον.
3508 4610 3675 4671 Φύσις
3708 4608 3772 4663 δέ

2174 4703 2322 4756 ἐστιν
2352 4702 2494 4774 ἀρχὴ
2523 4701 2620 4770 τῆς
2649 4701 2882 4754 ἑκάστου
2912 4698 3022 4753 τῶν
3051 4697 3343 4767 ἀπηριθμη
3353 4695 3532 4766 μένων
3559 4693 3774 4748 τούτων

2175 4790 2442 4861 κινήσεώς
2488 4807 2548 4843 τε
2598 4790 2694 4843 καὶ
2742 4789 3004 4860 ἠρεμίας,
3055 4789 3114 4841 ἑν
3160 4781 3243 4850 οἷς
3293 4785 3533 4856 πρώτοις
3581 4785 3773 4850 αὐτοῖς

2178 4883 2444 4952 ὑπάρχει,
2478 4881 2575 4934 καὶ
2603 4880 2666 4933 οὐ
2697 4880 2841 4933 κατὰ
2873 4877 3248 4948 συμϐεϐηκός.
3280 4871 3407 4929 Οἷόν
3437 4893 3490 4928 τι
3521 4874 3696 4951 λέγως
3733 4877 3770 4945 ἠ

2175 4974 2247 5044 γῆ
2277 4976 2507 5027 κινεῖται
2544 4971 2666 5042 μὲν,
2697 4973 2839 5026 κατὰ
2868 4971 2928 5026 τὺ
2957 4971 3300 5042 βλαστάνειν,
3329 4969 3426 5020 καὶ
3453 4969 3771 5036 ζωογονεῖν,

2177 5067 2274 5119 καὶ
2301 5065 2362 5119 τὸ
2393 5065 2514 5118 ὅλον
2545 5062 2929 5126 ἀλλοιοῦσθαι,
2962 5061 3106 5116 κατὰ
3138 5060 3312 5114 ταῦτα
3346 5060 3486 5114 αὐτὰ
3521 5061 3601 5122 είς
3636 5059 3776 5113 αὐτὸ

2181 5159 2660 5230 μεταϐαλλομένηο
2701 5158 2904 5228 ἠρεμεῖ
2936 5156 2994 5210 δὲ
3033 5155 3177 5209 κατὰ
3209 5155 3309 5225 τὴν
3341 5154 3450 5208 άπὸ
3485 5153 3651 5208 τόπου
3687 5153 3774 5217 είς

2175 5251 2343 5305 τόπον
2372 5249 2695 5321 μετάὸασιν,
2727 5249 2988 5317 ἀκίνητος
3015 5245 3151 5300 οὖσα
3180 5243 3462 5308 παντελῶς
3514 5246 3608 5297 καὶ
3636 5244 3775 5298 ἀπό-

2179 5355 2388 5410 ρευτος.
2425 5338 2538 5409 Τὴν
2569 5333 2663 5392 οὖν
2691 5336 2868 5409 ἀρχὴν
2897 5337 2995 5406 τῆς
3024 5334 3283 5404 τοιαύτης
3311 5333 3551 5404 ἠρεμίας
3579 5349 3640 5386 τε
3673 5331 3774 5386 καὶ

2177 5430 2473 5501 κινήσεως,
2515 5428 2794 5500 οὑσιωδῶς
2833 5429 2900 5500 τῇ
2944 5429 3016 5498 γῇ
3063 5428 3516 5499 ἐνυπάρχουσαν,
3561 5425 3663 5479 οὐκ
3703 5425 3772 5478 ἐκ

2178 5538 2322 5585 τινος
2365 5522 2424 5576 δὲ
2465 5520 2648 5584 αἰτίας
2691 5520 2828 5590 αὐτῇ
2879 5519 3213 5590 γενομένην,
3261 5518 3425 5589 φύσιν
3469 5517 3770 5585 καλοῦμεν.

2178 5613 2467 5684 Παρῆκται
2510 5612 2569 5667 δὲ
2611 5611 2743 5666 αὐτὸ
2784 5611 2847 5666 τὸ
2891 5611 3068 5680 ὄνομα
3111 5611 3211 5682 τῆς
3257 5609 3474 5679 φύσεως
3516 5609 3671 5678 παρὰ
3707 5608 3775 5661 τδ

2180 5705 2504 5774 πεφυκέναι,
2543 5702 2824 5758 τουτέστιν
2867 5703 3156 5774 ὑπάρχειν.
3183 5703 3349 5757 Ὥστε
3389 5702 3450 5756 τὸ
3491 5700 3625 5756 αὐτὸ
3671 5717 3773 5769 ση-

2184 5797 2365 5870 μαίνει
2395 5799 2454 5852 τδ
2484 5797 2654 5869 ὄνομα
2683 5796 2784 5870 τῆς
2814 5795 3002 5863 οὐσίας
3035 5796 3128 5851 καὶ
3157 5795 3258 5868 τῆς
3287 5794 3501 5865 φύσεως
3529 5810 3543 5826 ο
3577 5793 3637 5848 τὺ
3669 5793 3772 5864 μὲν
