4140 6400
532 317 636 386 131

1961 303 2395 370 THEORIANI

3715 300 3819 368 l-"S

529 433 860 500 minimeque
885 425 1108 483 confusa
1130 441 1324 482 vocum
1357 423 1678 480 diversitate
1700 423 1909 478 salvum
1940 433 2107 480 esset.

2232 419 2406 473 trtiost.
2435 416 2546 471 τῶν
2578 417 2881 489 ὀνομάτων.
2915 417 2978 472 Εί
3009 417 3065 473 δὲ
3099 417 3308 472 δεῖκαὶ
3346 419 3491 490 ἡμᾶς
3527 419 3584 472 ὲν
3618 417 3820 489 βραχεῖ

529 527 589 581 Si
653 534 834 579 tamen
891 530 946 576 et
988 519 1146 574 nobis
1182 517 1472 572 indicanda
1537 517 1725 586 paucis
1783 525 1967 570 nostra
2027 526 2112 570 est

527 614 736 684 opinio,
762 611 1007 666 dicemus
1053 623 1172 664 eam
1217 606 1538 662 substantiae
1586 605 1851 660 rationem
1891 619 2014 659 esse
2042 605 2110 660 ad

531 703 866 775 hypostasin,
917 715 1039 771 qua:
1081 699 1158 756 rei
1186 698 1494 754 communis
1530 705 1614 752 est
1641 696 1708 752 ad
1751 696 2111 766 peculiarem.

529 794 666 852 Nam
696 795 931 864 quisque
955 800 1200 848 nostrum
1237 801 1289 844 et
1312 789 1589 845 communi
1628 787 1837 842 ratione
1859 787 2114 842 substan-

533 885 642 947 tiae,
683 883 955 952 particeps
1001 890 1087 938 est
1117 878 1417 943 essentiae;
1452 887 1507 931 et
1536 875 1606 931 ob
1651 874 1957 943 peculiares
2006 874 2114 930 sibi

534 969 918 1038 proprietates,
944 967 1029 1024 hic
1061 965 1144 1022 vel
1177 965 1264 1018 ille
1296 977 1401 1018 est.
1433 962 1525 1017 Sic
1574 972 1627 1018 et
1669 963 1765 1028 ibi,
1795 961 2115 1017 substantia:

531 1061 750 1128 quidem
806 1058 947 1112 ratio
1000 1055 1309 1113 communis
1361 1053 1712 1121 intelligatur,
1765 1062 1824 1108 ut
1876 1053 2113 1120 bonitas,

533 1151 809 1216 divinitas,
865 1159 958 1204 aut
1007 1149 1052 1204 si
1097 1148 1226 1218 quid
1280 1145 1461 1203 aliud:
1496 1144 1800 1215 hypostasis
1855 1159 2006 1208 vero,
2058 1145 2114 1202 in

534 1242 867 1313 proprietate
893 1239 1257 1311 paternitatis,
1283 1247 1380 1292 aut
1400 1236 1674 1292 facultatis
1696 1235 2113 1304 sanetiiicantis,

535 1332 798 1388 cernitur.
852 1330 1170 1387 Consimilia
1235 1327 1397 1385 verba
1457 1336 1586 1381 sunt
1647 1327 1888 1396 ejusdem
1947 1326 2114 1382 divini

538 1425 798 1488 hominis,
829 1423 894 1478 ad
925 1421 1392 1490 Amphilochium,
1425 1420 1789 1478 sanctissima-
1818 1418 2118 1477 leoaiensis
2188 1429 2191 1431 '

535 1515 794 1573 Etclesiae
821 1513 1022 1581 lumen,
1043 1512 1333 1570 scribentis
1365 1529 1381 1567 :
1415 1511 1735 1568 Substantia
1765 1521 1821 1568 et
1857 1512 2118 1582 hyposta-

537 1609 634 1671 sis,
673 1607 874 1676 inquit,
907 1606 982 1660 ita
1010 1604 1272 1660 diﬂerunt
1293 1603 1374 1658 uti
1398 1618 1688 1660 commune
1716 1617 1780 1658 ac
1808 1602 2114 1674 singulare:

538 1708 689 1769 puta,
715 1713 836 1768 quae
868 1697 1124 1752 animalis
1147 1706 1233 1751 est
1269 1697 1334 1752 ad
1361 1712 1524 1750 unum
1559 1696 1794 1766 aliquem
1839 1697 2116 1751 hominem

2217 513 2280 567 τὸ
2318 515 2452 584 ἡμῖν
2489 510 2685 566 δοκοῦν
2728 512 2928 576 εἰπεῖν,
2965 511 3142 565 ἐκεῖνο
3181 511 3442 582 ἐροῦμεν,
3475 512 3558 565 ὃτι
3598 511 3658 566 δν
3701 513 3820 582 ἔχει

2219 607 2376 674 λόγον
2407 606 2468 660 τὸ
2511 606 2691 658 κοινὸν
2727 604 2864 674 πρὸς
2899 604 2961 657 τὸ
2997 603 3161 669 ἴδιον,
3193 604 3384 661 τοῦτον
3417 604 3532 675 ἔχει
3576 605 3610 676 ή
3654 604 3821 664 οὐσία

2219 699 2359 770 πρὸς
2403 697 2503 768 τὴν
2551 697 2878 752 ὑπόστασιν.
2903 695 3176 760 Ἕκαστος
3227 697 3336 766 γὰρ
3387 697 3545 768 ἡμῶν
3593 697 3691 751 καὶ
3736 697 3820 768 τῷ

2223 789 2386 859 κοινῷ
2419 791 2516 857 τῆς
2557 788 2746 850 οὑσίας
2791 787 2935 857 λόγῳ
2972 787 3066 841 τοῦ
3105 783 3250 841 εἶναι
3292 788 3535 859 μετέχει,
3575 792 3668 842 καὶ
3702 791 3823 852 τοῖς

2220 880 2389 934 αὑτοῦ
2428 880 2714 949 ίδιὼμασιν
2743 880 2771 932 ὁ
2803 879 2953 934 δεῖνά
2985 881 3101 934 ἐστι
3135 882 3230 934 καὶ
3261 881 3290 934 ὁ
3320 881 3502 934 δεῖνα·
3537 879 3684 935 οὕτω
3714 882 3822 934 κά-

2222 975 2310 1026 κεῖ
2337 974 2366 1025 ὁ
2401 972 2500 1041 μὲν
2529 975 2630 1042 τῆς
2662 971 2853 1034 οὐσίας
2883 971 3040 1038 λόγος
3073 972 3274 1037 κοινὸς,
3307 965 3420 1026 οἷον
3450 973 3483 1042 ὴ
3516 971 3820 1047 ἀγαᾲθότης,

2222 1065 2256 1135 ἡ
2295 1064 2526 1134 θεότης,
2562 1064 2595 1135 ἢ
2632 1065 2684 1117 εῖ
2717 1081 2770 1117 τι
2806 1064 2971 1127 ἄλλο,
3011 1065 3201 1119 νοείτω
3228 1081 3244 1096 ·
3285 1065 3318 1134 ἡ
3355 1065 3400 1118 δ’
3423 1064 3724 1128 ὑπόστασις
3759 1065 3823 1116 ὲν

2154 1224 2158 1228 ι
2221 1155 2300 1227 τῷ
2329 1156 2580 1225 ἰδιώματι
2606 1156 2702 1225 τῆς
2735 1157 3095 1227 πατρότητος,
3121 1156 3154 1227 ἢ
3183 1157 3279 1227 τῆς
3307 1158 3634 1228 ἀγιαστικῆς
3659 1157 3823 1211 δυνά-

2227 1263 2376 1318 μεως
2419 1248 2728 1316 θεωρεῖται.
2773 1247 2855 1300 Τά
2899 1247 3061 1316 ὃμοια
3105 1248 3164 1301 δὲ
3206 1248 3234 1300 ὁ
3278 1246 3442 1311 αὐτὸς
3489 1248 3634 1312 θεῖος
3676 1247 3824 1318 ἀνὴρ

2224 1337 2362 1408 πρὸς
2396 1337 2748 1408 ’Δμφιλόχιον
2776 1341 2867 1394 τὸν
2894 1341 2992 1410 τὴν
3018 1340 3334 1410 ἀγιωτάτην
3366 1340 3697 1410 Ἐκκλησίαν
3721 1339 3824 1392 τοῦ

2237 1430 2461 1483 Ἰκονίου
2489 1430 2807 1500 φωτίσαντα
2835 1430 3168 1486 ἐπιστέλλων
3198 1433 3366 1502 φησίν
3385 1449 3398 1462 ·
3431 1433 3602 1486 Οὑσίσ
3631 1433 3689 1487 δὲ
3722 1433 3825 1488 καὶ

2225 1521 2528 1585 ὑπόστασις
2564 1522 2772 1593 ταύτην
2813 1522 2927 1594 ἔχει
2966 1524 3066 1591 τὴν
3105 1523 3393 1594 διαφορὰν,
3433 1525 3502 1596 ὴν
3539 1524 3602 1578 τὸ
3639 1526 3826 1580 κοινὸν

2226 1614 2362 1682 πρὸς
2403 1613 2464 1667 τὸ
2505 1614 2631 1668 καθ’
2670 1614 2928 1680 ἕκαστον,
2965 1611 3099 1680 οἷον,
3137 1615 3212 1680 ὡς
3252 1616 3368 1688 ιχει
3403 1617 3468 1670 τὸ
3505 1617 3647 1682 ζῶον
3682 1617 3824 1688 πρὶς

2226 1706 2319 1758 τὸν
2347 1704 2494 1758 δεῖνα
2523 1705 2838 1776 ἄνθρωπον.
2868 1707 2968 1762 Διά
2995 1707 3156 1762 τοῦτο
3185 1709 3378 1764 οὐσίαν
3408 1709 3511 1780 μὲν
3542 1709 3672 1780 μίαν
3699 1709 3826 1764 θεό-

540 1791 699 1846 ratio.
730 1787 1026 1858 Propterea
1052 1788 1412 1843 substantiam
1442 1787 1741 1842 divinitatis
1773 1800 1934 1842 unam
1952 1785 2120 1841 confl-

2232 1810 2383 1863 τητος
2427 1795 2840 1868 ὁμολογοῦμεν,
2885 1797 3030 1852 ὥστε
3074 1799 3168 1852 τὸν
3209 1800 3303 1854 τοῦ
3349 1795 3494 1855 εἶναι
3535 1800 3697 1870 λόγον
3740 1801 3824 1872 μὴ

541 1894 717 1942 temur
751 1894 809 1940 ut
840 1885 1091 1940 essentia
1122 1885 1263 1942 ratio
1297 1883 1523 1940 minime
1552 1883 1770 1941 divorsa
1827 1883 2122 1940 reddatur:

540 1975 855 2047 bypostasin
879 1991 1009 2030 vero
1030 1974 1306 2046 singulare
1327 1975 1455 2044 quid
1483 1974 1733 2038 dicimus,
1764 1983 1821 2030 ut
1839 1974 2124 2034 inoonfusa

537 2069 695 2124 nobis
720 2078 775 2122 et
811 2067 1079 2138 explicata
1105 2069 1170 2124 de
1197 2066 1379 2134 Patre,
1407 2066 1568 2134 Filio,
1594 2078 1896 2140 sanctoque
1921 2067 2124 2138 Spiritu

535 2162 610 2220 sit
641 2161 808 2216 notio.
842 2161 1053 2229 Quippe
1097 2159 1142 2214 si
1173 2173 1456 2228 separatas
1495 2159 1762 2232 cujusque
1815 2169 1972 2218 notas
2019 2174 2126 2220 non

537 2255 980 2317 consideremus,
1031 2259 1090 2308 ut
1140 2253 1548 2321 paternitatem,
1611 2262 1670 2307 ut
1720 2253 2026 2320 filietatem,
2069 2263 2128 2312 ut

539 2345 1074 2410 sanetiflcationem;
1119 2342 1216 2400 sed
1248 2344 1318 2399 de
1361 2343 1642 2400 communi
1677 2346 1901 2404 notione
1939 2359 2127 2404 essen-

541 2439 652 2506 tiae,
685 2438 852 2494 Deum
875 2436 1280 2494 eonﬁteamur:
1312 2435 1428 2492 ﬁeri
1461 2437 1610 2493 nullo
1653 2437 1816 2494 modo
1854 2447 2033 2507 potest
2071 2447 2131 2496 ttt

543 2539 690 2586 recte
723 2528 848 2586 fidei
886 2529 1030 2583 ratio
1084 2527 1365 2582 reddatur.
1416 2526 1607 2598 Itaque
1654 2543 1885 2585 necesse
1918 2539 2023 2592 est,
2060 2531 2128 2585 ad

541 2634 842 2675 commune
904 2617 1116 2687 adjecto
1178 2618 1460 2688 peculiari,
1517 2621 1658 2674 hanc
1707 2621 1831 2677 tidei
1877 2636 2129 2680 normam

549 2710 860 2766 conﬁtendo
884 2709 1063 2778 sequi.
1101 2708 1402 2768 Commune
1427 2719 1511 2766 est
1543 2711 1822 2775 divinitas,
1859 2712 2131 2780 peculiare

543 2803 864 2874 paternitas.
913 2801 1040 2858 Haec
1088 2806 1479 2874 coniungentes
1526 2803 1810 2860 dicamus:
1843 2803 2022 2860 Credo
2073 2802 2126 2861 in

543 2896 712 2950 Deum
729 2894 968 2954 Patrem.
1000 2895 1210 2952 Rursus
1234 2895 1287 2951 in
1309 2895 1659 2950 confessione
1687 2894 1810 2950 Filii
1845 2893 2129 2950 consimile

544 2989 660 3048 Iiat,
689 2998 745 3041 et
795 2987 1072 3044 communi
1128 2986 1407 3056 peculiare
1460 2985 1778 3056 iungentes,
1831 2987 2124 3040 dicamus:

541 3077 719 3132 Credo
749 3080 801 3133 in
836 3081 1001 3133 Deum
1031 3077 1250 3134 Filium.
1286 3077 1550 3132 Similiter
1583 3087 1638 3132 et
1667 3080 1732 3133 de
1765 3077 1970 3148 Spiritu
1999 3092 2127 3134 sau-

541 3179 653 3232 eto,
684 3170 866 3224 verbis
895 3181 1263 3226 consentanea
1303 3171 1466 3225 modo
1510 3171 1791 3241 conceptis
1840 3170 2124 3235 dicamus;
2155 3148 2199 3207 (ἶ

541 3260 718 3316 Credo
757 3261 812 3315 in
844 3261 1085 3316 divinum
1115 3261 1378 3332 Spiritum
1406 3261 1553 3316 illum
1581 3271 1830 3316 sanctum
1857 3278 1872 3316 :
1901 3261 1977 3317 ita
2010 3264 2130 3330 qui-

542 3351 667 3406 dem
705 3359 764 3406 ut
796 3352 995 3422 ubique
1043 3368 1322 3408 servemus
1355 3354 1408 3407 in
1455 3352 1797 3411 confessione
1829 3353 2131 3409 divinitatis

545 3446 830 3511 unitatem,
886 3459 953 3500 ac
1012 3446 1367 3502 nihilominus
1425 3461 1786 3516 personarum
1851 3447 2127 3514 peculiare

545 3537 843 3591 discrimen
891 3538 945 3594 in
1009 3540 1359 3607 separatione
1420 3541 1839 3609 proprietatum,
1893 3555 2030 3610 quas
2078 3541 2132 3594 in

549 3627 780 3699 singulis
812 3639 992 3683 mente
1037 3630 1406 3699 intelligimus,
1449 3630 1829 3685 conﬁteantur.
1855 3631 1959 3698 Qui
2005 3647 2134 3685 vero

547 3719 906 3774 substantiam
931 3730 986 3775 et
1011 3721 1327 3791 hypostasin
1370 3721 1512 3775 idem
1543 3736 1663 3777 esse
1693 3724 1900 3788 dicunt,
1945 3736 2134 3791 perso-

552 3823 651 3864 nas
677 3809 874 3864 saltem
925 3810 1172 3866 diversas
1207 3809 1369 3866 fateri
1419 3823 1710 3883 coguntur,
1741 3829 1805 3875 ao
1851 3815 1975 3868 dum
2025 3827 2136 3869 tres

552 3906 872 3976 bypostases
925 3903 1110 3959 dicere
1172 3914 1449 3972 recusant,
1513 3905 1734 3960 Sabellii
1797 3906 1976 3962 scelus
2031 3923 2135 3961 non

548 3998 764 4050 evitare
814 3996 1297 4065 deprehenduntur
1350 4011 1366 4051 :
1420 3997 1512 4066 qui
1568 4007 1623 4052 et
1677 3998 1795 4068 ipse
1858 4000 2134 4054 notionem

551 4091 692 4143 hanc
754 4090 1080 4158 plerumque
1135 4089 1512 4154 confundens,
1565 4105 1831 4160 personas
1881 4092 2138 4147 'dividcre

548 4179 888 4244 conabatur;
925 4179 1167 4232 eamdem
1200 4180 1515 4250 bypostasin
1565 4181 1773 4247 dicens,
1815 4193 1977 4251 prout
2007 4198 2138 4238 usus

549 4271 814 4340 exigeret,
879 4273 1282 4327 transformari.
1309 4273 1578 4329 Cancrum
1637 4275 1683 4329 si
1723 4277 1846 4345 quis
1906 4277 2138 4332 fortasse

551 4367 859 4419 testimonia
891 4366 1062 4420 sancti
1090 4364 1266 4420 Patris
1303 4365 1483 4435 hujus,
1513 4382 1582 4420 ex
1613 4368 1860 4436 epistolis
1879 4367 2137 4437 deprom-

552 4465 667 4522 pta,
685 4470 793 4510 non
810 4457 942 4510 satis
959 4457 1149 4510 idonea
1181 4467 1353 4525 putet,
1374 4458 1731 4528 adjungcmus
1745 4460 1850 4514 alia
1874 4462 1940 4514 de
1962 4463 2129 4530 ipsius

2239 4474 2395 4527 τοῦδε
2431 4477 2644 4546 Πατρὺς
2679 4481 3013 4551 μαρτυρίας,

2227 1887 2499 1960 διαφόρως
2533 1891 2885 1958 ἀποδιδόναι,
2921 1893 3224 1948 ὑπόστασιν
3254 1893 3313 1947 δὲ
3349 1895 3696 1961 ἰδιάζουσαν,
3729 1895 3826 1949 ἶνα

2227 1980 2534 2052 ἀσὺγχυτος
2575 1983 2709 2052 ἡμῖν
2745 1983 2842 2037 καὶ
2879 1985 3269 2056 τετρανωμὲνη
3314 1987 3348 2058 ἡ
3391 1987 3521 2058 περὶ
3562 1987 3774 2059 Πατρδς
3801 2026 3822 2054 ,

2229 2072 2324 2124 καὶ
2359 2073 2486 2128 Υίοῦ
2506 2113 2522 2138 ,
2555 2077 2648 2128 καὶ
2679 2074 2837 2144 ἁγίου
2871 2077 3190 2147 Πνεύματος
3219 2079 3400 2132 ἔννοια
3431 2079 3692 2150 ὑπάρχοι.
3724 2080 3824 2153 Μὴ

2227 2163 2338 2235 γὰρ
2371 2165 2639 2222 νοούντων
2670 2169 2794 2232 τοὺς
2831 2170 3255 2238 ἀφωρισμένους
3293 2172 3420 2242 περὶ
3455 2171 3687 2226 ἕκαστον
3717 2189 3824 2244 χα-

2232 2258 2542 2328 ρακτῆρας,
2573 2253 2684 2312 οἷον
2714 2261 3070 2332 πατρότητα,
3104 2261 3199 2318 καὶ
3233 2261 3491 2334 υίόιτητα,
3530 2263 3626 2317 καὶ
3655 2263 3827 2333 ἀγια-

2229 2351 2387 2419 σμδν,
2412 2353 2528 2406 ἀλλ’
2552 2356 2616 2408 ὲκ
2641 2358 2739 2426 τῆς
2765 2355 2954 2426 κοινῆς
2978 2355 3076 2410 τοῦ
3095 2353 3237 2412 εῖναι
3255 2358 3466 2422 ἐννοίας
3489 2357 3826 2430 ὁμολογούν-

2227 2457 2338 2496 των
2379 2444 2532 2511 Θεὸν,
2573 2448 2864 2518 ἀμήχανον
2905 2449 3076 2519 ὑγιῶς
3112 2449 3208 2503 τὸν
3248 2451 3409 2519 λόγον
3444 2451 3545 2514 τῆς
3585 2450 3828 2515 πίστεως

2229 2534 2602 2591 ἀποδίδοσθαι.
2637 2540 2758 2610 Χρὴ
2795 2539 2909 2606 οὖν,
2946 2541 3025 2612 τῷ
3057 2541 3223 2613 κοινῷ
3257 2542 3320 2596 τδ
3353 2545 3556 2609 ίδιάζον
3593 2561 3826 2616 προστι-

2230 2624 2446 2693 θέντας,
2474 2628 2618 2683 οὕτω
2642 2630 2740 2701 τὴν
2768 2632 2956 2688 πίστιν
2981 2634 3266 2705 ὁμολογεῖν
3289 2653 3302 2667 ·
3333 2639 3513 2690 κοινὸν
3542 2639 3576 2709 ἡ
3605 2638 3826 2708 θεότῃς.

2231 2719 2364 2773 ίίιον
2406 2722 2440 2790 ἠ
2486 2723 2804 2795 πατρόττιςο
2853 2721 2977 2781 εἷτα
3032 2728 3405 2794 συνάπτοντας
3452 2731 3671 2800 λέγειν·
3725 2734 3829 2784 Πι-

2229 2811 2426 2865 στεύω
2455 2815 2545 2880 είς
2579 2814 2732 2869 Θεὸν
2756 2818 3031 2887 Πατέρα·
3062 2819 3156 2872 καὶ
3185 2821 3351 2875 πάλιν
3381 2823 3440 2875 ἑν
3467 2824 3532 2893 τῇ
3562 2821 3659 2876 τοῦ
3690 2821 3826 2876 Υίοῦ

2191 2925 2196 2928 -
2229 2901 2493 2976 ὁμολογίᾳ
2549 2907 2938 2980 παραπλήσιον
2991 2913 3188 2977 ποιεῖν,
3243 2911 3339 2966 καὶ
3371 2913 3451 2981 τῷ
3491 2913 3657 2985 κοινῷ
3697 2929 3829 2969 συν-

2231 2993 2424 3052 άπτειν
2452 2996 2514 3049 τὸ
2544 2997 2698 3064 ίδιον,
2731 3001 2826 3054 καὶ
2853 3001 3052 3071 λέγειν·
3087 3005 3191 3070 Είς
3219 3006 3368 3060 Θεὸν
3403 3004 3558 3060 Υίόν.
3592 3007 3826 3077 Ὁμοίως

2233 3087 2328 3138 καὶ
2371 3089 2502 3158 περὶ
2537 3090 2634 3144 τοῦ
2679 3092 2836 3161 ἁγίου
2882 3095 3201 3166 Πνεύματος
3244 3098 3387 3152 κατά
3425 3099 3486 3151 τὺ
3527 3098 3828 3153 ἀκόλουθον

2232 3179 2332 3248 τῆς
2371 3179 2740 3254 ικφωνήσεως
2793 3186 2892 3258 τὴν
2948 3189 3233 3259 προφορὰν
3267 3190 3702 3262 σχηματίζοντας
3740 3191 3829 3244 lto

2232 3287 2351 3339 γειν
2375 3277 2672 3330 ’Πιστεύω
2704 3280 2791 3344 είς
2824 3280 2892 3333 τὸ
2916 3280 3076 3335 θεῖον
3107 3282 3350 3352 Πνεῦμα
3376 3284 3444 3337 τὸ
3469 3284 3826 3354 drachumam

2231 3363 2405 3420 διόλου
2458 3368 2558 3439 τὴν
2603 3369 2833 3441 ἑνότητα
2885 3371 3151 3438 σώζεσθαι
3201 3377 3260 3428 ἐν
3309 3378 3374 3448 τῇ
3420 3377 3520 3447 τῆς
3569 3378 3830 3448 θεότητος

2231 3459 2526 3530 ὁμολογίᾳ,
2567 3463 2666 3517 καὶ
2700 3463 2762 3517 τὸ
2799 3465 2910 3518 τῶν
2952 3467 3264 3537 προσώπων
3307 3469 3507 3536 ίδιάζον
3541 3472 3829 3541 ὁμολογεῖ-

2235 3553 2362 3608 σθαι
2403 3554 2462 3606 ὲν
2499 3553 2577 3624 τῷ
2614 3555 2906 3629 ἀ·,;ορισμῷ
2940 3561 3048 3613 τῶν
3085 3563 3214 3634 περὶ
3250 3562 3485 3617 ἕκαστον
3518 3565 3828 3637 νοουμένων

2239 3645 2572 3717 ίδιωμάτων.
2611 3650 2675 3701 Ol
2715 3650 2772 3703 δὲ
2808 3653 3006 3706 ταύτὸν
3045 3653 3296 3723 λέγοντες
3335 3658 3524 3711 οὐσίαν
3557 3660 3652 3712 καὶ
3694 3660 3830 3714 ὑπό·

2239 3733 2450 3804 στασιν,
2477 3741 2883 3808 ἀναγκάζονται
2914 3747 3185 3816 πρόσωπα
3213 3750 3375 3819 μόνον
3399 3751 3686 3822 ὁμολογεῖν
3711 3753 3829 3808 διά-

2238 3848 2401 3901 φορα,
2433 3831 2527 3884 καὶ
2560 3834 2618 3885 ὲν
2649 3833 2728 3903 τῷ
2760 3839 3150 3908 παραιτεῖσθαι
3183 3841 3368 3910 λέγειν
3397 3845 3548 3914 τρεῖς
3582 3846 3831 3902 ὑποστά-

2239 3937 2376 3988 σεις,
2407 3923 2756 3993 εὑρίσκονται
2789 3927 2864 3997 μὴ
2895 3929 3192 3998 φεύγοντες
3216 3933 3278 3987 τὸ
3307 3935 3600 3991 Σαδελλίου
3631 3940 3829 4007 κακον,

2236 4011 2317 4078 ὃς,
2344 4015 2440 4071 καὶ
2466 4016 2629 4080 αὑτὸς
2661 4018 2935 4090 πολλαχοῦ
2965 4025 3217 4094 συγχέων
3239 4026 3339 4097 τὴν
3364 4027 3598 4097 ἔννοιαν,
3625 4032 3833 4104 ινεχεί-

2241 4122 2325 4177 ρει
2361 4107 2592 4180 διαιρεῖν
2625 4111 2694 4165 τά
2733 4115 3035 4184 πρόσωπα,
3067 4118 3168 4187 τὴν
3199 4120 3370 4192 αὐτὴν
3406 4122 3708 4180 ὑπόστασιν
3745 4127 3833 4180 λέ-

2239 4215 2352 4268 γων
2403 4201 2540 4270 πρὸς
2589 4201 2688 4274 τὴν
2738 4204 3003 4260 ἑκάστοτε
3057 4214 3589 4284 παρατυγχάνουσαν
3635 4219 3834 4289 χρείαν

2243 4294 2846 4363 μετασχηματίζεσθαι.
2899 4301 2961 4352 Εἰ
3013 4300 3072 4354 δέ
3125 4320 3211 4367 τις
3261 4306 3426 4376 τυχὸν
3483 4309 3560 4381 μὴ
3616 4309 3832 4381 νομίζοι

2240 4382 2557 4455 ἀξιοχρέους
2585 4383 2727 4442 εἶναι
2753 4391 2851 4454 τάς
2879 4392 2946 4443 ἐκ
2969 4393 3076 4446 τῶν
3103 4397 3406 4454 ἐπιστολῶν
3430 4400 3524 4455 τοῦ
3555 4404 3830 4473 παναγίου

3046 4488 3486 4562 παραθησόμεθα
3515 4495 3609 4548 καὶ
3635 4494 3698 4561 ἐξ
3730 4496 3831 4551 ίδι-

552 4547 900 4612 expositione
948 4547 1236 4613 peculiari,
1263 4562 1422 4616 quam
1467 4553 1534 4602 de
1579 4548 1684 4603 [ide
1729 4552 2054 4619 composuit,
2080 4561 2132 4605 et

556 4649 607 4661 ..ι
671 4639 714 4661 ..2
765 4637 1127 4661 -..|...-..:I.-...u
1215 4638 1552 4661 IP-.-.-.|_!---_-
1622 4640 1766 4661 :II_-___
1827 4643 2034 4661 n__g__,:
2118 4659 2126 4661 _

2238 4567 2340 4637 κῆς
2383 4569 2682 4661 ὑκοίσεως,
2722 4547 2790 4643 ἢν
2827 4547 2957 4645 περὶ
2997 4547 3612 4657 πίστεο›ςέποιήσατο,
3652 4547 3837 4661 εξαᾷ-

555 4649 614 4690 ut
667 4639 716 4694 ei
764 4637 1155 4704 subscriberet,
1211 4638 1556 4694 Eustathium
1596 4640 1770 4711 .illum
1816 4643 2133 4696 Armenium

555 4731 786 4797 impulit,
824 4730 918 4798 qui
945 4730 1217 4798 opinionis
1249 4734 1540 4788 contrarian
1585 4733 1953 4803 suspicionem
1984 4735 2050 4788 de
2079 4749 2138 4789 se

553 4820 832 4877 nonnullis
856 4821 1138 4888 iniecerat,
1392 4808 1394 4811 ’

627 4930 701 4983 Ea
732 4929 786 4983 in
812 4932 1152 5000 expositione
1188 4931 1374 4988 Basilii
1411 4934 1573 4990 verba
1605 4933 1721 4989 haec
1759 4944 1926 4988 sunt:
1959 4933 2143 5004 Itaque

555 5035 654 5089 par
682 5028 768 5075 est
797 5035 895 5076 eos
931 5031 1117 5090 aperte
1148 5022 1335 5088 fateri,
1366 5026 1510 5094 quod
1552 5026 1854 5079 secundum
1883 5040 1948 5081 ea
1979 5030 2143 5081 Verba

556 5112 804 5180 credant,
833 5127 952 5182 qua:
987 5128 1017 5168 a
1043 5111 1294 5170 Patribus
1335 5117 1536 5170 nostris
1571 5114 1765 5170 Nicaeae
1805 5126 1932 5171 sunt
1971 5131 2144 5188 capo-

554 5203 700 5270 sita,
736 5216 790 5259 et
823 5206 1055 5275 ,quidem
1106 5206 1162 5260 in
1214 5221 1277 5262 ea
1327 5208 1617 5275 sententia,
1661 5222 1780 5278 qua:
1832 5209 2040 5280 integre
2081 5211 2148 5264 de

555 5297 739 5351 verbis
766 5297 964 5352 elucet.
1017 5295 1158 5352 Sunt
1203 5299 1371 5367 enim,
1404 5302 1496 5368 qui
1549 5310 1602 5356 et
1637 5302 1690 5355 in
1738 5303 1839 5357 hac
1882 5305 1997 5372 ipsa
2047 5305 2151 5358 ﬁde

557 5388 806 5441 veritatis
833 5391 1070 5443 sermoni
1104 5388 1352 5444 fraudem
1383 5390 1609 5458 faciunt,
1641 5401 1696 5447 et
1723 5409 1820 5462 pro
1864 5395 2020 5449 libitu
2049 5410 2152 5450 suo

558 5486 793 5530 mentem
822 5479 1109 5534 verborum
1146 5480 1290 5535 inea
1316 5485 1614 5550 positorum
1641 5485 1902 5540 trahunt:
1936 5491 2154 5554 quando

559 5564 842 5623 Marcellus
875 5571 1065 5636 etiam,
1116 5573 1280 5642 impie
1333 5575 1644 5633 convellens
1697 5578 2014 5648 hypostasin
2053 5580 2157 5634 Do-

562 5658 689 5711 mini
723 5664 891 5717 nostri
912 5663 1039 5720 Jestt
1073 5664 1303 5733 Christi,
1327 5682 1561 5737 eumque
1604 5673 1806 5726 nudum
1839 5669 2156 5728 Sermonem

563 5745 786 5820 docens,
815 5767 924 5821 prae
951 5769 1010 5812 se
1041 5755 1186 5813 ferre
1224 5772 1390 5816 ausus
1419 5768 1534 5829 est,
1572 5762 1696 5816 hinc
1731 5775 1851 5829 eius
1883 5762 2158 5831 opinionis

2240 4659 2514 4726 σκευάσας
2544 4663 2636 4716 τὸν
2671 4665 2955 4736 Ἀρμένιον
2987 4671 3286 4728 Εὑστάθιον
3317 4675 3668 4751 ὑπογράψαι,
3701 4659 3836 4736 ὑπό-

2244 4752 2400 4805 νοιάν
2429 4770 2538 4808 τισι
2567 4760 2986 4830 παρασχόμενον
3010 4763 3170 4837 δόξης
3199 4767 3472 4835 ἐναντίας.

2326 4925 2418 4978 Ἐν
2572 4927 2786 4982 ἐκθέσει
2835 4932 2985 5000 λέγει
3059 4938 3271 4992 ταῦτα’
3331 4942 3607 5015 Προσήκιι
3655 4947 3837 5002 τοίνυν

2246 5013 2497 5110 ἐναργῶς
2521 5020 2828 5090 ὁμολογεῖν,
2859 5025 2942 5079 ὅτι
2964 5029 3286 5086 πιστεύουσι
3311 5035 3452 5089 κατὰ
3475 5013 3547 5090 τὴά
3579 5039 3830 5110 ῥήματα,

2360 5108 2466 5208 ὑπὸ
2525 5111 2955 5208 τῶνῂήμετέρων
3018 5123 3284 5194 Πατέρων
3339 5107 3731 5186 ἐκτεθένταῃὲν
3769 5138 3838 5208 τῇ

2251 5198 2488 5294 Νικαία,
2524 5203 2666 5294 κατά
2698 5205 2800 5276 τὴν
2853 5208 3024 5276 ὑγιῶς
3055 5213 3166 5267 ἀπὸ
3195 5216 3305 5272 τῶν
3351 5221 3622 5291 ῥημάτων
3661 5198 3838 5294 sprge:

2255 5291 2790 5388 portantis-idum“.
2821 5299 2941 5353 Εἰσὶ
2971 5302 3081 5372 γάρ
3109 5321 3278 5373 τινες,
3311 5310 3361 5361 οί
3391 5312 3486 5364 καὶ
3514 5314 3575 5366 ἑν
3601 5291 3840 5388 αὑτῇ-τῇ

2255 5381 2444 5436 πίστει
2488 5383 2775 5450 δολοῦντες
2804 5390 2896 5446 τὸν
2927 5392 3088 5460 λόγον
3117 5396 3217 5467 τῆς
3264 5399 3549 5471 ἀληθείας,
3600 5381 3740 5477 πρὸς
3781 5381 3841 5461 τδ

2257 5475 2467 5568 εαυτῶν
2504 5477 2756 5551 βούλημα
2797 5483 2891 5538 τὸν
2945 5486 3075 5540 νοῦν
3113 5489 3224 5543 τῶν
3283 5494 3342 5546 ἐν
3379 5495 3519 5566 αὑτῇ
3574 5475 3841 5568 ῥημάτων

2256 5567 2508 5634 ἕλκοντες
2526 5585 2544 5603 ⁶
2569 5573 2705 5626 ὅπου
2729 5593 2792 5645 γε
2823 5579 2918 5631 καὶ
2944 5580 3266 5651 Μάρκελλος
3289 5567 3596 5658 ἐτόλμησεν
3621 5567 3843 5656 ἀσεϐῶς

2260 5661 2358 5730 τὴν
2393 5661 2695 5718 ὑπόστασιν
2736 5667 2831 5721 τοῦ
2884 5671 3098 5740 Κυρίου
3153 5676 3313 5746 ἡμῶν
3351 5679 3530 5748 Ἰησοῦ
3572 5682 3844 5751 Χριστοῦ,

2261 5751 2416 5819 ψιλδν
2457 5753 2621 5810 αὐτὸν
2669 5758 3036 5831 ἐξηγούμενος
3088 5765 3268 5837 λόγον,
3313 5771 3523 5826 ἐκεῖθεν
3562 5776 3843 5843 προφασί-
