4140 6426
335 353 450 423 133

1733 361 2198 424 DISPUTATIO
2239 363 2291 426 Ι.

3540 363 3644 432 131

355 471 557 537 (εσθαι
587 473 692 540 τὰς
727 472 913 547 ἀρχὰς
933 475 1239 548 εἰληφέναι,
1276 475 1368 528 τοῦ
1401 473 1690 546 ὁμοουσίου
1722 475 1824 546 τὴν
1845 475 1955 529 διά-

2066 476 2168 531 sibi
2209 475 2622 536 subministrata
2660 473 2963 547 principia;
3007 476 3145 534 male
3172 477 3378 535 scilicet
3419 492 3642 538 sentcn-

356 584 514 621 νοιαν
554 567 750 631 κακῶς
787 568 1188 640 ἐξηγούμενος.
1222 568 1334 622 Καί
1380 583 1529 630 τινες
1559 567 1666 619 τῶν
1701 568 1811 620 ἀπὸ
1854 567 1954 636 τῆς

363 660 576 723 δύσεως
599 660 660 712 τὸ
687 659 786 713 τοῦ
816 659 942 732 [τῆς
978 659 1300 724 δυσσεϐείας
1344 659 1487 732 τοῦ],
1518 658 1720 724 Λίϐυος
1754 658 1957 712 Σαϐελο

362 749 511 812 λίου,
552 749 860 804 ὑπόστασιν
897 749 993 804 καὶ
1042 750 1234 804 οὐσίαν
1265 750 1464 804 ταύτὸν
1513 745 1655 804 εἶναι
1709 750 1957 820 ὑπολαμ-

365 839 650 904 ϐάνοντες,
685 840 902 895 ἐκεῖθεν
956 841 1176 895 ἕλκουσι
1225 841 1324 907 τὰς
1369 841 1632 914 ἀφορμὰς
1683 840 1822 912 πρὸς
1857 839 1958 910 τὴν

364 931 721 1002 κατασκευὴν
746 931 847 1002 τῆς
891 933 1105 987 ἑαυτῶν
1143 932 1520 1004 βλασφημίας,
1557 935 1623 986 ὲκ
1652 933 1748 986 τοῦ
1789 932 1955 1002 ἐγγεο

365 1024 622 1092 τράφθαι
657 1028 723 1094 τῇ
767 1026 976 1090 πίστει,
1026 1025 1110 1078 δτι
1137 1025 1232 1077 ἐάν
1273 1043 1358 1088 τις
1390 1025 1526 1098 λέγῃ
1554 1025 1615 1091 ἐξ
1642 1026 1835 1096 ἑτέρας
1862 1024 1956 1077 οὑ-

366 1116 498 1178 σξας
529 1116 561 1185 ἢ
595 1115 950 1180 ὑποστάσεως
997 1114 1089 1168 τὸν
1119 1115 1250 1168 Υίὸν
1289 1114 1384 1168 τοῦ
1409 1114 1568 1183 Θεοῦ,
1603 1114 1795 1168 τοῦτον
1819 1115 1956 1167 ἀνα-

367 1207 718 1278 θεματίξειή
753 1210 886 1277 ἁγία
912 1205 1180 1278 καθολικὴ
1223 1207 1540 1278 Ἐκκλησία.
1579 1207 1656 1261 Οὐ
1685 1207 1796 1278 γάρ
1821 1207 1958 1260 ταύ-

364 1301 467 1352 τὸν
498 1297 654 1354 εἶπον
687 1302 805 1354 ἐκεῖ
830 1300 1023 1354 οὐσίαν
1055 1301 1152 1354 καὶ
1201 1301 1504 1354 ὑπόστασιν
1525 1318 1544 1336 ο
1573 1301 1635 1354 Εί
1679 1299 1789 1370 γὰρ
1825 1297 1956 1370 μίαν

364 1395 468 1444 καὶ
494 1391 595 1460 τὴν
625 1392 796 1462 αὐτὴν
827 1391 1054 1461 ἐδήλουν
1091 1390 1304 1444 ἔννοιαν
1334 1391 1391 1443 αί
1443 1390 1643 1458 φωναὶ,
1675 1389 1761 1454 τίς
1791 1388 1956 1460 χρεία

360 1477 436 1553 ἦν
465 1485 746 1555 ἑκατέρων
772 1499 787 1550 ;
829 1483 991 1537 Ἃ).λὰ
1016 1483 1196 1554 δῆλον,
1223 1481 1299 1546 ὼς
1327 1482 1436 1535 τῶν
1473 1483 1574 1553 μὲν
1603 1481 1956 1553 ἀρνουμένων

361 1577 426 1628 τὸ
462 1578 526 1629 ὲκ
553 1580 651 1646 τῆς
677 1576 864 1639 οὐσίας
894 1573 1034 1629 εἷναι
1075 1574 1171 1628 τοῦ
1208 1575 1446 1646 Πατρὺς,
1485 1574 1663 1628 ἄλλων
1693 1573 1750 1631 δὲ
1773 1573 1960 1642 λεγόν-

359 1684 477 1721 των
531 1667 591 1732 ἐξ
632 1667 801 1737 ἄλλης
831 1669 980 1732 τινὸς
1011 1667 1392 1730 ὑποστάσεως.
1428 1665 1594 1719 Ὥστε
1640 1666 1821 1720 ἐκεῖνο
1854 1663 1956 1736 μὲν

307 1820 329 1829 -
360 1761 547 1811 κεῖται
580 1757 668 1810 ἐπ’
696 1758 979 1828 ἀναιρέσει
1003 1757 1099 1810 τοῦ
1133 1758 1373 1828 πονηροῦ
1402 1758 1778 1830 φρονήματος,
1797 1755 1957 1811 τοῦτο

2061 570 2192 624 tiam
2243 569 2490 624 vocabuli
2555 569 3024 626 consubstantialis
3092 585 3392 641 exponens.
3451 569 3644 630 Itidem

2061 661 2205 720 illius
2232 661 2368 717 'Al'ri
2415 660 2635 718 Sabellii
2675 661 2899 734 quidam
2958 662 3223 733 impietati
3276 665 3646 732 adhaerentes,

2058 753 2186 806 dum
2215 753 2351 808 idem
2375 753 2691 825 liypostasin
2717 754 3152 811 etsubstantiam
3180 756 3472 824 opinantur
3493 772 3640 824 esse,

2060 842 2187 899 hinc
2211 845 2520 901 astruenda:
2547 845 2899 915 blasphemiae
2926 862 3037 903 suae
3061 848 3375 904 occasiones
3398 850 3640 919 rapiunt,

2059 935 2203 1005 quod
2233 935 2287 989 in
2320 935 2424 990 iide
2463 935 2826 1005 perscriptum
2860 935 2968 992 sit:
3004 932 3060 989 Si
3096 936 3219 1004 quis
3269 934 3401 990 dicit
3429 949 3497 990 ex
3535 935 3642 990 alia

2060 1039 2179 1080 esse
2205 1025 2510 1080 substantia
2552 1024 2636 1080 vel
2666 1025 2937 1095 Ityposmsi
2973 1024 3166 1080 Filium
3197 1025 3312 1093 Dei,
3345 1025 3491 1084 hune
3515 1040 3646 1078 ana-

2061 1118 2378 1173 tltcmatizat
2421 1127 2611 1173 sancta
2652 1117 2984 1173 universalis
3030 1117 3296 1176 Ecclesia.
3331 1116 3448 1173 Non
3498 1119 3642 1172 enim

2060 1209 2131 1262 ibi
2155 1208 2434 1275 dixerunt,
2470 1209 2612 1263 idem
2645 1222 2766 1264 esse
2805 1209 3161 1264 substantiam
3202 1219 3256 1264 et
3307 1207 3644 1279 hypostasin.

2059 1299 2271 1371 Quippe
2297 1301 2341 1356 si
2379 1316 2542 1356 unum
2570 1309 2624 1356 et
2652 1299 2793 1357 idem
2831 1314 2992 1356 voces
3029 1303 3111 1355 ha:
3141 1299 3482 1364 denotarent,
3515 1296 3645 1369 quid

2059 1408 2196 1464 opus
2221 1401 2340 1448 erat
2388 1403 2676 1462 utramque
2714 1393 2838 1463 poni
2859 1391 2882 1446 Τ
2912 1390 3257 1449 Manifestum
3317 1391 3525 1450 scilicet
3558 1398 3647 1445 est

2061 1483 2114 1540 id
2145 1498 2265 1539 eam
2315 1480 2385 1538 ob
2435 1497 2655 1539 causam
2709 1483 2935 1549 factum,
2987 1486 3131 1556 quod
3165 1483 3269 1538 ‘alii
3329 1481 3524 1536 Filium
3577 1481 3646 1536 de

2060 1574 2363 1630 substantia
2396 1573 2577 1629 Patris
2607 1587 2728 1629 esse
2773 1586 3054 1645 negarent,
3089 1575 3180 1630 alii
3219 1575 3289 1633 de
3330 1574 3434 1628 alia
3474 1573 3646 1645 hypo-

2061 1667 2191 1722 stasl
2246 1679 2367 1722 esse
2418 1665 2791 1736 perhibercnt.
2847 1665 3039 1736 Itaque
3085 1667 3318 1736 positum
3375 1665 3502 1721 illud
3541 1676 3645 1733 est,

2063 1759 2129 1814 ad
2185 1760 2526 1816 eversionem
2589 1774 2769 1830 pravae
2834 1759 3167 1826 sententim;
3239 1759 3343 1814 boe
3403 1757 3646 1816 salubris

357 1849 419 1901 δὲ
455 1849 766 1921 φανέρωσιν
807 1847 1038 1919 ἔχειτοῦ
1068 1849 1337 1919 σωτηρίου
1357 1847 1653 1918 δόγματος.
1681 1847 1746 1901 Ei
1785 1847 1842 1901 δὲ
1873 1848 1956 1901 δεῖ

2062 1851 2316 1906 doctrinae
2385 1849 2812 1906 declarationem
2893 1851 3158 1905 continet.
3232 1848 3388 1916 Quod
3454 1849 3501 1905 si
3575 1849 3647 1904 de

357 1923 461 1996 iui.
504 1943 611 1996 ἀπὸ
638 1943 745 1996 τῶν
775 1942 953 1997 ἄλλων
981 1941 1153 2010 ἁγίων
1189 1941 1501 2014 μαρτυρίας
1539 1941 1952 2013 παρασχέσθαι,

356 2035 570 2089 ἐλθέτω
597 2038 625 2089 ὑ
655 2036 821 2099 πολὺς
843 2036 914 2093 τὰ
944 2034 1063 2088 θεῖα
1091 2034 1390 2105 Γρηγόριος
1414 2032 1861 2106 [Ναζιανζηνὸς],
1896 2033 1956 2096 ὃς

356 2131 419 2181 ὲν
445 2129 527 2198 τῷ
557 2126 758 2198 πρώτῳ
789 2127 928 2194 Περὶ
973 2126 1286 2195 θεολογίας
1341 2125 1690 2195 συντάγματι
1743 2126 1835 2178 ἐπὶ
1863 2124 1955 2177 λέ-

359 2221 504 2285 ξεως
532 2218 655 2272 τάδε
693 2218 829 2290 φησί
855 2235 869 2249 ο
905 2218 1201 2288 Μεσότητα
1225 2218 1352 2271 ὅταν
1376 2220 1538 2283 εἴπω,
1568 2219 1667 2287 τὴν
1691 2216 1954 2288 ἀλήθειαν

356 2314 532 2382 λέγω,
575 2313 711 2386 πρὸς
746 2314 815 2385 ἢν
847 2313 1072 2384 βλέπειν
1099 2312 1282 2376 καλῶς
1325 2312 1443 2382 ἔχει
1481 2312 1668 2380 μόνον,
1703 2313 1800 2364 καὶ
1853 2313 1956 2382 τὴν

361 2406 583 2474 φαύλην
611 2405 929 2476 συναίρεσιν
955 2406 1458 2475 παραιτουμένους,
1483 2405 1579 2458 καὶ
1609 2405 1713 2474 τὴν
1741 2405 1956 2458 ἀτοπω-

359 2501 534 2570 τέραν
578 2497 870 2569 διαίρεσιν,
904 2496 1047 2550 ὥστε
1104 2497 1179 2568 μὴ
1223 2499 1302 2558 είς
1335 2497 1464 2565 μίαν
1495 2497 1793 2550 ὑπόστασιν
1827 2514 1953 2552 συν·

365 2591 660 2660 αιρεθέντα
702 2588 795 2643 τὸν
848 2588 1010 2657 λόγον
1047 2587 1158 2641 δέει
1184 2587 1498 2652 πολυθεῖας,
1524 2588 1658 2657 ψιλὰ
1693 2590 1824 2660 ἡμῖν
1855 2608 1956 2643 κα-

361 2685 618 2736 ταλιπεῖν
643 2683 712 2736 τὰ
738 2682 1007 2753 ὀνόματα,
1038 2680 1132 2734 τὸν
1172 2680 1337 2736 αὑτὸν
1382 2680 1627 2753 Πατέρα,
1679 2683 1775 2736 καὶ
1802 2682 1952 2750 Υίδν,

366 2777 470 2830 καὶ
498 2775 652 2844 ἅγιον
686 2774 913 2845 Πνεῦμα
937 2773 1408 2843 ὑπολαμϐάνουσι.
1441 2775 1554 2827 Καὶ
1587 2775 1706 2844 μετ’
1728 2774 1912 2844 ὀλίγον
1937 2795 1950 2809 ·

376 2869 610 2940 Ἐπειδὴ
635 2868 738 2939 χρὴ
781 2870 874 2922 καὶ
906 2865 998 2919 τὸν
1030 2865 1126 2918 ἕνα
1149 2865 1282 2918 Θεὸν
1308 2866 1522 2935 τηρεῖν,
1553 2867 1647 2919 καὶ
1672 2867 1768 2929 τὰς
1803 2870 1952 2940 τρεῖς

362 2959 701 3021 ὑποστάσεις
756 2956 1065 3028 ὁμολογεῖν,
1103 2957 1270 3026 ἢγουν
1316 2955 1442 3026 τρία
1484 2955 1778 3024 πρόσωπα,
1819 2957 1952 3009 ἑκά-

362 3069 507 3123 στην
536 3052 678 3122 μετὰ
721 3049 818 3103 τοῦ
851 3049 1166 3119 ίδιώματος.
1209 3048 1442 3119 Τηροῖτο
1473 3045 1520 3100 δ’
1540 3045 1628 3112 ἂν,
1655 3046 1731 3112 ὡς
1763 3049 1791 3100 ὁ
1822 3047 1955 3116 ἐμὸς

2058 1944 2182 1999 aliis
2253 1957 2469 2015 quoque
2516 1943 2723 2003 sanctis
2769 1941 3083 1997 hominibus
3151 1941 3462 1997 testimonia
3510 1955 3647 2012 sup-

2058 2037 2346 2104 peditanda
2412 2047 2585 2100 sunt,
2654 2050 2884 2104 magnus
2952 2035 3045 2089 ille
3111 2034 3312 2088 divinis
3368 2033 3422 2087 in
3485 2035 3650 2092 rebus

2058 2126 2355 2198 Gregorius
2386 2129 2639 2197 prodeat,
2674 2126 2834 2196 cujus
2883 2125 2938 2179 in
2976 2124 3118 2180 libro
3162 2123 3240 2178 De
3294 2123 3582 2197 Theologia
3626 2137 3646 2178 ι

2060 2219 2172 2273 haec
2208 2221 2319 2288 ipsa
2351 2221 2515 2275 verba
2543 2226 2706 2277 sunt:
2751 2216 2985 2272 Medium
3033 2231 3160 2272 cum
3187 2217 3330 2283 dico,
3361 2218 3646 2273 veritatem

2059 2308 2340 2381 intelligo:
2367 2309 2433 2363 ad
2466 2323 2628 2378 quam
2657 2307 2826 2363 solam
2857 2307 2902 2362 si
2933 2307 3314 2377 respiciamus,
3337 2315 3396 2362 et
3421 2321 3644 2376 pravam

2059 2401 2202 2455 illam
2263 2403 2738 2466 contractionem,
2793 2399 3281 2470 absurdioremquo
3331 2399 3435 2454 hac
3477 2399 3646 2455 etiam

2057 2493 2377 2550 divisionem
2419 2495 2746 2560 vitabimus,
2787 2507 2933 2549 reete
2984 2493 3292 2550 faciemus:
3332 2503 3392 2550 ut
3438 2509 3544 2550 non
3580 2495 3648 2550 ad

2057 2603 2221 2643 unam
2259 2588 2577 2660 liypostasin
2610 2589 2787 2642 oratio
2831 2596 3019 2643 nostra
3051 2597 3296 2658 cogatur,
3325 2587 3488 2658 idque
3538 2587 3646 2644 hoc

2057 2681 2173 2737 solo
2206 2690 2375 2747 mctn,
2428 2697 2497 2736 ne
2543 2681 2675 2736 deos
2727 2681 2914 2753 plures
2963 2679 3403 2748 constituamus;
3431 2695 3497 2736 ex
3539 2694 3649 2748 quo

2059 2777 2232 2838 ﬁeret,
2269 2787 2326 2830 ut
2355 2776 2498 2829 nuda
2532 2776 2689 2829 nobis
2717 2777 2936 2829 nomina
2973 2774 3429 2845 relinquerentur,
3455 2774 3650 2830 existi-

2058 2867 2331 2921 mantibus
2397 2866 2641 2931 Patrem,
2695 2863 2892 2918 Filium
2961 2875 3016 2920 et
3075 2863 3340 2936 Spiritum
3398 2875 3648 2920 sanctum

2057 2962 2308 3014 eumdem
2375 2972 2518 3014 esse.
2564 2957 2700 3012 Item
2757 2957 2918 3027 paulo
2969 2966 3091 3027 post
3145 2975 3160 3012 :
3210 2957 3444 3013 Omnino
3479 2957 3647 3014 Deum

2059 3063 2223 3102 unum
2251 3048 2581 3104 retineamus
2611 3059 2835 3101 necesse
2879 3057 2985 3111 est,
3024 3055 3135 3102 tres
3166 3047 3489 3122 liypostases
3533 3048 3650 3102 sive

359 3144 546 3214 λόγος,
603 3139 686 3206 εἷς
732 3141 833 3214 μὲν
887 3139 1042 3204 Θεὸς,
1076 3142 1158 3203 είς
1215 3137 1273 3192 ἓν
1309 3137 1488 3192 αίτιον
1541 3138 1637 3192 καὶ
1689 3137 1822 3193 Υίοῦ
1858 3139 1954 3192 καὶ

2063 3151 2171 3194 tres
2234 3155 2499 3212 personas
2561 3152 2679 3192 esse
2747 3136 3136 3206 proﬁteamur,
3197 3147 3416 3194 servata
3481 3137 3648 3194 etiam

362 3237 690 3307 Πνεύματος
717 3232 1152 3304 ἀναφερομένου,
1191 3230 1314 3285 οὐδὲ
1356 3229 1786 3301 συντιθεμένων,
1832 3231 1953 3283 οὐδὲ

2063 3201 2490 3300 uniuscujusque
2580 3201 2936 3307 proprietate.
3017 3201 3394 3284 Retinebimus
3467 3238 3649 3285 autem

364 3327 854 3399 συναλειφομένων
877 3342 890 3356 ·
924 3325 1185 3379 καὶκατὰ
1208 3323 1271 3377 τὸ
1298 3322 1355 3376 ἓν
1385 3323 1482 3377 καὶ
1511 3323 1678 3376 ταυτὸ
1699 3325 1798 3394 τῆς
1831 3311 1954 3374 θεὸὲ

360 3439 553 3494 τητος,
585 3421 653 3474 ἵν’
681 3419 858 3480 οὕτως
884 3417 1166 3488 ὀνομάσω,
1202 3414 1415 3486 κίνημά
1447 3431 1507 3468 τε
1551 3413 1646 3468 καὶ
1681 3413 1952 3485 βούλημα,

363 3519 465 3572 καὶ
489 3519 592 3586 τὴν
617 3514 717 3586 τῆς
749 3511 941 3575 οὐσίας
973 3509 1279 3580 ταύτότητα
1303 3523 1320 3540 ο
1355 3507 1413 3561 αἱ
1443 3506 1501 3560 δὲ
1528 3509 1679 3578 τρεῖς
1713 3507 1955 3559 ὑποστά-

366 3628 506 3676 σεις,
551 3607 825 3682 μηδεμιᾶς
856 3602 1259 3674 ὲπινοουμένης
1301 3600 1661 3672 συναλοιφῆς,
1689 3600 1724 3672 ἢ
1752 3598 1956 3653 dum-

364 3722 534 3769 σεως,
573 3703 610 3774 ἢ
644 3699 993 3771 συγχύσεως.
1029 3695 1148 3750 Ἵνα
1183 3695 1262 3766 μὴ
1312 3697 1376 3747 τὸ
1418 3696 1530 3750 πᾶν
1575 3691 1858 3765 καταλυθῇ
1889 3691 1957 3745 δι’

362 3797 441 3856 ἱῧν
464 3800 526 3851 τὸ
565 3796 628 3849 ἓν
650 3791 980 3864 σεμνύνεται
1005 3788 1170 3842 πλέον
1195 3789 1230 3860 ἢ
1268 3786 1454 3850 καλῶς
1481 3787 1617 3857 ἔχει.
1658 3785 1824 3840 Ἀλλὰ
1860 3787 1959 3840 καὶ

365 3894 427 3948 tv
457 3891 536 3961 τῷ
594 3883 942 3954 συντακτικῷ
995 3881 1143 3952 λόγῳ
1187 3881 1216 3933 ὁ
1255 3881 1430 3951 μέγας
1459 3873 1618 3942 οὗτος
1665 3879 1759 3933 καὶ
1811 3878 1960 3941 θεῖος

370 3986 557 4058 ἁνήρ·
607 3981 968 4050 Πιστεύομεν,
1021 3978 1210 4046 φησὶν,
1268 3975 1348 4038 είς
1395 3973 1637 4045 Πατέρα,
1673 3973 1770 4028 καὶ
1804 3972 1957 4036 Υίὸν,

369 4075 467 4131 καὶ
497 4074 654 4143 αγιον
685 4067 935 4140 Πνεῦμα,
966 4065 1233 4138 ὀμοούσιά
1271 4081 1333 4117 τε
1372 4065 1466 4118 καὶ
1497 4063 1752 4135 ὀμόδοξα,
1789 4065 1849 4117 ὲν
1879 4060 1960 4128 οἷς

365 4169 466 4224 καὶ
497 4166 560 4220 τδ
586 4164 876 4236 βάπτισμα
912 4158 1199 4213 τελείωσιν
1231 4143 1368 4228 ἐχεῖ,
1401 4155 1459 4211 ἐν
1501 4173 1560 4210 τε
1602 4156 1831 4228 ὀνόμασι
1866 4158 1962 4210 καὶ

367 4262 695 4334 πράγμασιν
719 4251 911 4328 (οἶδας,
939 4255 968 4307 ὁ
996 4252 1253 4324 μυηθεὶς)
1274 4249 1506 4321 ἄρνησις
1532 4248 1592 4302 ὃν
1622 4249 1836 4318 ἀθεῖας,
1864 4253 1963 4306 καὶ

365 4351 632 4426 ὁμολογία
688 4350 976 4420 θεότητοςο
1035 4347 1132 4401 καὶ
1185 4343 1332 4400 οὑτω
1385 4342 1854 4416 καταρτιζόμεθα,
1901 4343 1964 4396 τὸ

368 4449 471 4519 μὲν
497 4445 557 4498 ἓν
585 4447 651 4518 τῇ
685 4441 850 4514 οὐσίᾳ
876 4438 1263 4510 γινώσκοντες,
1296 4439 1394 4492 καὶ
1420 4438 1498 4510 τῷ
1528 4439 1816 4510 ἀμερίστῳ
1859 4439 1962 4508 τῆς

367 4536 838 4609 προσκυνήσεωςο
870 4531 941 4586 τά
982 4531 1042 4585 δὲ
1082 4530 1234 4602 τρία,
1275 4533 1402 4595 ταῖς
1441 4531 1830 4599 ὑποστάσεσιν,
1872 4533 1959 4604 ἦτ’
1993 4557 2038 4614 ο

367 4633 464 4686 οὐν
493 4631 832 4705 προσώποις,
857 4627 886 4681 ὅ
905 4642 1014 4680 τισι
1044 4625 1220 4696 φίλον.
1245 4624 1398 4696 Μηδὲ
1426 4624 1536 4697 γὰρ
1553 4626 1604 4679 el
1631 4627 1764 4697 περὶ
1783 4625 1962 4681 ταῦτα

371 4721 814 4796 ζυγομαχοῦντες
858 4717 1368 4790 ἀσχημονείτωσαν,
1414 4715 1605 4790 ὥσπερ
1637 4717 1695 4773 ὲν
1726 4717 1960 4789 ὀνόμασι

371 4816 638 4885 κειμένης
696 4812 832 4883 ἡμῖν
877 4809 977 4880 τῆς
1018 4807 1328 4874 εὑσεόείας,
1379 4806 1496 4862 ἀλλ’
1536 4809 1640 4862 οὐκ
1670 4810 1731 4865 ὲν
1775 4809 1963 4882 πράγ-

375 4924 532 4983 μασι.
567 4905 636 4960 Τί
669 4905 781 4975 γάρ
815 4918 976 4971 φατε,
1003 4901 1054 4954 oi
1084 4900 1184 4966 τὰς
1211 4902 1364 4971 τρεῖς
1407 4899 1744 4964 ὑποστάσεις
1772 4901 1963 4971 εἰσφέ-

373 5014 602 5071 ροντες;
652 4995 748 5066 Μὴ
801 4995 950 5064 τρεῖς
999 4991 1189 5052 οὐσίας
1248 4989 1755 5059 ὑπολαμϐάνοντες,
1801 4989 1965 5042 τοῦτο

370 5095 601 5163 λέγετες
650 5087 811 5157 Μέγα
858 5081 978 5139 οἶδα
1005 5085 1088 5138 ὅτι
1147 5081 1376 5156 βοήσετε
1433 5080 1578 5136 κατὰ
1628 5080 1737 5134 τῶν
1788 5079 1964 5143 οὑτως

372 5183 763 5258 ὐπειληφότων
789 5196 804 5212 ο
852 5179 978 5250 μίαν
1020 5176 1131 5248 γὰρ
1171 5180 1264 5229 καὶ
1312 5175 1413 5246 τὴν
1441 5175 1615 5245 αὐτὴν
1646 5173 1757 5226 τῶν
1792 5173 1964 5244 τριῶν

368 5277 760 5350 ὃογματίζετε.
797 5271 863 5325 Τί
903 5271 962 5324 δὲ
1006 5269 1056 5322 οί
1099 5270 1168 5322 τὰ
1198 5266 1514 5337 πρόσωπα;
1547 5267 1641 5338 Μὴ
1674 5267 1736 5320 ἓν
1765 5264 1879 5320 οἷόν
1912 5284 1964 5320 τι

373 5376 634 5429 σύνθετον
661 5365 1069 5430 ἁναπλάσσετε,
1097 5360 1195 5416 καὶ
1238 5361 1652 5432 τριπρόσωπον,
1683 5360 1718 5432 ἢ
1747 5359 1963 5432 ἀνθρω-

368 5467 660 5536 πόμορφον
705 5458 896 5525 ὃλωςς
948 5453 1162 5524 ἄπαγεῑ
1217 5452 1312 5506 καὶ
1366 5453 1526 5525 ὑμεῖς
1567 5454 1960 5526 ἁντιόοήσετεο

373 5560 509 5632 μηδὲ
536 5556 861 5628 πρόσωπον,
893 5550 994 5601 ὅτι
1022 5547 1156 5600 ποτέ
1184 5547 1358 5612 ἐστιν,
1387 5546 1488 5599 ίδοι
1520 5546 1678 5613 Θεοῦ,
1708 5546 1764 5610 ὃς
1789 5545 1964 5610 οὓτως

368 5656 498 5727 ἔχει.
531 5653 596 5710 Τί
629 5646 728 5706 οὖν
765 5648 826 5699 ai
854 5643 1192 5704 ὑποστάσεις
1223 5643 1358 5712 ἡμῖν
1391 5639 1700 5712 βούλονται,
1741 5644 1776 5715 ἢ
1829 5645 1963 5713 ὑμῖν

365 5751 430 5807 τά
463 5749 781 5823 “dmum;
820 5735 1250 5809 Προσερήσομαι
1276 5734 1360 5800 τὸ,
1392 5735 1520 5806 τρία
1548 5731 1693 5790 εἶναι
1725 5739 1792 5792 τὰ
1823 5737 1964 5793 διαι-

353 5848 612 5924 ρούμενα,
673 5841 742 5898 οὐ
807 5835 1072 5909 φύσεσιν,
1124 5828 1596 5903 ἀλλήίδιὸτησινο
1649 5831 1961 5905 ὑπέρευγε.

2057 3329 2225 3384 Deum
2262 3343 2428 3382 unum
2473 3327 2540 3381 de
2571 3319 2930 3394 mei'quidem
2959 3322 3150 3394 judicii
3192 3321 3483 3386 sententia,
3520 3320 3565 3376 si
3595 3329 3653 3375 et

2057 3419 2229 3475 Filius
2259 3429 2314 3474 et
2351 3418 2592 3488 Spiritus
2623 3416 2690 3471 ad
2725 3431 2886 3470 unam
2932 3430 3155 3470 causam
3189 3414 3522 3478 referantur,
3555 3427 3654 3468 ne-

2059 3529 2164 3584 que
2198 3525 2376 3569 tamen
2411 3511 2497 3567 vel
2534 3511 2979 3583 compingantur,
3009 3508 3092 3564 vel
3139 3509 3600 3564 commisceantur
3629 3518 3648 3566 :

2061 3616 2172 3662 tum
2221 3605 2438 3662 ratione
2470 3604 2629 3659 unius
2657 3611 2709 3660 et
2740 3601 2982 3673 ejusdem
3017 3601 3072 3656 in
3116 3599 3398 3657 divinitate
3438 3601 3522 3670 (ut
3571 3601 3653 3654 sic

2060 3698 2273 3772 loquar)
2309 3699 2562 3753 motionis
2598 3695 3018 3765 voluntatisque,
3049 3703 3160 3750 tum
3201 3692 3373 3762 ipsius
3399 3692 3654 3746 substan-

2062 3787 2152 3842 tia:
2181 3785 2523 3840 identitatis:
2555 3793 2666 3840 tres
2717 3799 2846 3839 vero
2899 3785 3223 3855 liypostases
3273 3779 3654 3846 retinebimus,

2062 3879 2106 3932 si
2134 3875 2335 3933 nullam
2361 3876 2528 3931 animi
2558 3876 2741 3932 nostri
2771 3875 3230 3940 commistionem,
3255 3872 3340 3930 vel
3371 3870 3655 3928 resolutio-

2063 3984 2212 4036 nem,
2244 3968 2330 4023 vel
2377 3966 2752 4024 confusionem
2803 3966 3160 4037 cogitabunt:
3195 3979 3263 4018 ne
3305 3963 3436 4018 dum
3472 3964 3654 4019 unita-

2063 4069 2170 4115 tem
2203 4060 2437 4130 amplius
2463 4073 2812 4121 veneramur,
2835 4072 2998 4128 quam
3035 4064 3241 4114 rectum
3267 4053 3453 4122 fuerit,
3482 4063 3651 4110 t0tam

2063 4152 2118 4207 iu
2148 4151 2372 4206 nihilum
2418 4151 2749 4220 redigamus.
2780 4150 2925 4204 Idem
2964 4162 3194 4219 magnus
3217 4163 3281 4202 ac
3312 4147 3526 4202 divinus
3549 4145 3656 4210 vir,

2064 4244 2117 4297 in
2149 4243 2417 4307 oratione,
2451 4256 2557 4309 qua
2602 4255 2791 4310 pacem
2841 4240 3149 4308 composuit
3181 4255 3194 4291 :
3225 4236 3535 4299 Credimus,
3564 4235 3654 4290 in-

2064 4335 2202 4405 quit,
2235 4334 2287 4387 in
2328 4332 2568 4396 Patrem,
2601 4341 2657 4387 et
2691 4328 2909 4396 Filium,
2955 4338 3010 4383 et
3057 4326 3320 4398 Spiritum
3381 4333 3655 4394 sanctum,

2062 4428 2305 4498 ejusdem
2363 4425 2681 4481 substantiae
2731 4437 2794 4477 ac
2855 4420 3181 4492 maiestatis,
3237 4418 3292 4472 in
3341 4417 3542 4487 quibus
3599 4426 3656 4471 et

2067 4517 2337 4584 baptismo
2372 4529 2470 4569 sua
2504 4513 2768 4582 perfectio
2812 4521 3049 4575 constat,
3087 4519 3195 4564 tam
3242 4509 3293 4563 in
3344 4505 3657 4564 nominibus

2067 4625 2228 4681 quam
2281 4609 2336 4664 in
2379 4607 2541 4664 rebus
2604 4603 2774 4677 (nosti
2820 4605 2958 4670 haec,
3003 4602 3251 4675 quisquis
3303 4616 3366 4655 ea
3412 4599 3662 4655 initiatus

2066 4731 2176 4792 es},
2217 4719 2417 4791 quippe
2445 4719 2588 4790 quod
2618 4716 2889 4790 abjuratio
2929 4723 3010 4771 est
3055 4712 3223 4770 Deum
3270 4715 3519 4782 negantis
3550 4710 3659 4766 im-

2067 4816 2321 4886 pietatis,
2355 4812 2772 4884 divinitatisque
2817 4807 3113 4868 confessio.
3163 4810 3340 4875 Atqne
3375 4805 3449 4862 ita
3479 4804 3660 4874 perfe-

2067 4907 2306 4962 ctionem
2336 4905 2718 4976 adipiscimur,
2742 4916 2909 4958 unum
2935 4900 3180 4971 quidem,
3208 4899 3352 4968 quod
3385 4897 3452 4954 ad
3479 4909 3664 4954 essen-

2070 5001 2200 5053 tiam
2260 5009 2313 5054 et
2365 4999 2699 5054 individuam
2780 4994 3181 5057 adorationem,
3253 4997 3658 5061 agnoscentes;

2071 5095 2172 5146 tria
2216 5107 2343 5147 vero
2367 5132 2384 5158 ,
2415 5102 2678 5162 quantum
2719 5089 2788 5146 ad
2845 5090 3208 5158 ltypostases,
3244 5083 3330 5138 vel
3369 5092 3660 5151 personas.

2071 5197 2130 5242 ut
2165 5185 2388 5257 quidam
2427 5183 2575 5254 loqui
2615 5181 2842 5238 malunt.
2865 5176 2981 5234 Nec
3021 5175 3166 5233 enim
3209 5175 3466 5228 indecore
3490 5185 3550 5226 se
3569 5187 3664 5240 ge-

2068 5292 2214 5346 rant,
2241 5281 2308 5335 de
2331 5280 2413 5333 bis
2434 5280 2528 5350 qui
2560 5277 2810 5332 rixantur
2845 5271 3069 5344 perinde
3117 5282 3180 5322 ac
3205 5266 3251 5321 si
3282 5265 3456 5336 pietas
3498 5262 3660 5317 nobis

2069 5375 2124 5430 in
2160 5371 2494 5436 nominibus,
2528 5383 2634 5424 non
2668 5368 2720 5422 in
2769 5368 2931 5420 rebus
2964 5360 3314 5417 consisteret.
3348 5354 3488 5424 Quid
3517 5351 3666 5408 enim

2073 5466 2277 5533 dicitis,
2296 5463 2386 5534 qui
2415 5474 2525 5519 tres
2560 5463 2879 5532 bypostases
2913 5449 3164 5508 aliertis?
3195 5464 3262 5502 an
3298 5448 3402 5502 hoc
3431 5459 3497 5500 eo
3524 5442 3667 5497 dici-

2071 5563 2164 5626 tis,
2189 5558 2332 5630 quod
2352 5569 2463 5610 tres
2483 5554 2758 5610 essentias
2785 5543 3158 5606 existimetis?
3190 5539 3322 5599 Seio
3344 5553 3440 5594 vos
3469 5537 3670 5597 adver-

2069 5670 2162 5709 sus
2214 5667 2331 5718 eos,
2370 5653 2462 5722 qui
2513 5647 2594 5704 sic
2644 5645 2982 5706 existimant,
3034 5639 3308 5710 ingentem
3366 5633 3662 5689 clamorem

2067 5747 2426 5801 excitaturus.
2460 5739 2635 5796 Unam
2683 5737 2826 5791 enim
2858 5743 2914 5792 et
2956 5733 3203 5787 eamdem
3258 5731 3450 5784 horum
3503 5725 3666 5778 trium

2067 5837 2360 5896 essentiam
2391 5831 2652 5891 statuitis.
2687 5827 2826 5896 Quid
2863 5839 2982 5890 vos,
3019 5824 3108 5893 qui
3143 5832 3410 5891 personas
3442 5813 3626 5875 dicitis
3647 5812 3674 5868 ἲ
