4140 6404
523 318 628 382 135
1952 292 2388 367 THEORIANI
3692 287 3794 352 13"

514 430 654 486 Num
711 441 877 485 unum
929 423 1096 481 veluti
1161 421 1419 495 quiddam
1453 416 1821 490 compositum
1875 417 2103 488 ﬁngitis,

2228 415 2331 479 τῶς
2362 414 2428 469 ἄν
2459 428 2603 477 τινες
2639 405 3010 479 συμφρονοῖεν
3051 402 3275 474 μᾶλλον,
3309 399 3406 454 καὶ
3434 399 3494 452 τὸ
3538 397 3672 452 αὐτὸ
3705 398 3802 452 λέ-

517 520 661 590 quod
707 527 818 572 tres
862 515 1044 570 vultus
1087 491 1194 568 aut-
1235 513 1530 568 humanam
1582 509 1809 565 omnino
1862 507 2102 563 formam

2228 525 2378 576 ratsv,
2415 507 2450 578 ἢ
2489 504 2664 567 οὕτως
2699 501 2940 572 ἔχοντες,
2971 495 3074 551 κᾶν
3112 497 3235 557 ταῖς
3261 493 3557 556 συλλαὸαῖς
3609 491 3799 563 διαφέ-

518 582 758 665 liabeat?
784 605 896 662 Vos
935 621 1152 677 quoque
1205 600 1596 666 reclamabitis,
1641 600 1822 655 absit:
1862 613 1961 654 nec
2011 598 2106 654 Dei

2228 615 2416 665 >ωσινς
2461 597 2696 666 ὀμοίως
2747 593 2841 645 καὶ
2891 591 2950 642 ὲν
3017 582 3099 652 οἷς
3154 585 3498 656 ἐγκωμιάζει
3555 583 3648 638 τδν
3695 583 3799 652 τῆς

517 701 734 766 faciem,
760 710 1118 770 quaecumque
1139 696 1357 749 tandem
1396 691 1486 747 illa
1511 700 1618 754 est,
1643 704 1880 759 unquam
1901 687 2104 752 videat,

517 791 610 860 qui
643 791 714 843 ita
748 787 935 843 sentit.
965 785 1106 854 Quid
1145 798 1274 855 ergo
1318 781 1464 854 (nam
1507 789 1560 836 et
1609 781 1713 835 hoc
1764 781 2110 847 interrogare

519 881 688 951 lubet)
722 887 815 934 aut
840 877 998 934 nobis
1043 879 1364 949 hypostascs
1396 875 1655 930 denotant
1685 880 1779 926 aut
1811 871 1962 925 vobis
1991 885 2112 940 per-

522 973 714 1029 sonae?
755 970 1015 1026 nimirum
1067 983 1188 1024 esse
1247 967 1372 1031 tria,
1427 980 1549 1034 qua:
1599 965 1950 1028 dividantur;
2004 978 2110 1016 non

523 1062 754 1131 naturis,
775 1062 866 1117 sed
891 1058 1337 1130 proprietatibus.
1353 1056 1592 1128 Optime.
1614 1055 1733 1121 Quo
1759 1065 1918 1123 pacto
1942 1053 2112 1124 magis

525 1153 693 1223 aliqui
727 1151 1098 1214 consentiant,
1139 1158 1195 1204 et
1227 1151 1370 1204 idem
1417 1149 1620 1212 dicant,
1655 1162 1820 1217 quam
1861 1161 1985 1200 cum
2038 1146 2114 1198 ita

525 1247 784 1311 sentiunt,
817 1245 1018 1314 alioqui
1051 1243 1276 1315 syllabis
1324 1242 1716 1309 discrepantes.
1759 1239 2028 1294 Similiter
2063 1247 2116 1292 et

528 1338 581 1391 iu
612 1338 858 1391 oratione
907 1351 1012 1406 qua
1061 1335 1247 1390 laudat
1300 1333 1680 1395 Athanasium,
1733 1331 2119 1386 Alexandrinae

529 1429 708 1484 lumen
741 1428 987 1483 ecclesiae
1011 1439 1026 1487 :
1053 1427 1189 1483 Cum
1230 1427 1402 1492 enim,
1442 1424 1538 1490 ait,
1575 1438 1678 1477 una
1713 1423 2038 1490 substantia,
2065 1433 2118 1478 et

530 1530 646 1577 tres
673 1521 996 1591 hypostases
1023 1535 1052 1574 a
1085 1518 1243 1574 nobis
1288 1517 1378 1588 pie
1413 1517 1760 1582 dicerentur,
1803 1513 1948 1584 quod
1980 1513 2117 1568 alte-

529 1624 652 1666 rum
675 1610 972 1666 divinitatis
1001 1616 1280 1674 naturam,
1303 1607 1537 1662 alterum
1566 1617 1922 1676 personarum
1957 1603 2117 1659 trium

531 1701 894 1770 proprietates
921 1701 1198 1771 ,declaret,
1235 1713 1299 1753 ac
1355 1697 1519 1753 simili
1565 1697 1785 1766 quidem
1844 1696 2007 1750 modo
2049 1696 2118 1750 ab

538 1790 689 1847 Italis
724 1789 1176 1861 intelligerentur,
1208 1803 1396 1842 verum
1426 1787 1495 1842 ob
1528 1786 1723 1854 linguae
1773 1785 1916 1841 illius
1953 1799 2125 1854 angu-

531 1883 716 1945 stiam,
749 1882 1149 1950 verborumque
1188 1879 1450 1949 inopiam,
1483 1876 1802 1948 bypostasin
1839 1875 1908 1932 ab
1937 1889 2122 1931 essen-

535 1975 607 2028 tia
641 1975 976 2042 distinguere
1008 1988 1112 2028 uon
1149 1979 1392 2043 possent,
1420 1984 1592 2040 eaque
1619 1970 1683 2024 de
1709 1983 1871 2024 causa
1898 1968 1950 2022 in
1975 1967 2120 2022 illius

535 2068 714 2120 locum
778 2079 1136 2136 personarum
1194 2062 1537 2118 induxissent
1603 2075 1825 2126 nomen,
1880 2075 1948 2114 ne
2009 2071 2121 2115 tres

533 2159 852 2214 substantia:
917 2157 1377 2221 admitterentur,
1425 2163 1482 2211 et
1543 2163 1760 2210 caetera.
1817 2152 2002 2208 itidem
2065 2153 2119 2207 iu

535 2249 789 2306 oratione
842 2251 906 2305 de
953 2249 1291 2314 Luminibus,
1322 2248 1543 2316 inquit:
1593 2245 1764 2300 Deum
1809 2260 1933 2299 cum
1975 2244 2122 2308 dico,

539 2355 647 2394 uno
679 2340 885 2410 pariter
920 2350 975 2395 et
1013 2340 1212 2410 triplici
1258 2339 1463 2394 lumine
1503 2337 1845 2408 perstriugor
1875 2353 1892 2404 ;
1929 2335 2126 2405 triplici

540 2431 786 2500 quidem,
817 2439 1078 2501 quantum
1125 2430 1190 2484 ad
1225 2429 1611 2501 proprietates,
1643 2427 1758 2482 sive
1785 2427 2128 2498 bypostases,

544 2520 619 2574 uti
659 2521 879 2591 quidam
939 2519 1213 2590 appellare
1268 2518 1493 2582 malunt,
1521 2516 1636 2573 sive
1687 2531 1953 2587 personas
1994 2516 2130 2579 (nec

543 2611 692 2665 enim
721 2611 787 2667 de
815 2611 1128 2667 nominibus
1177 2610 1580 2674 contendimus,
1623 2608 1862 2678 quandiu
1913 2609 2133 2680 syllaba:

2223 685 2624 758 ’Δλεξανδρέων
2672 681 2941 753 φωστῆρα
2969 677 3270 748 γενόμενον
3305 673 3652 739 Ἀθανάσιον,
3691 674 3799 726 πά-

2213 781 2298 836 λιν
2327 779 2498 850 φησί’
2531 777 2647 846 Τῆς
2679 778 2788 844 γὰρ
2819 774 2950 843 μιᾶς
2975 769 3187 833 οὐσίας,
3213 769 3307 822 καὶ
3331 769 3440 820 τῶν
3465 767 3636 838 τριῶν
3667 767 3803 820 ὐπο-

2214 870 2456 924 στάσεων
2492 867 2806 936 λεγομένων
2841 861 2932 932 ὐφ’
2961 860 3119 931 ὐμῶν
3164 858 3412 922 εὐσεϐῶς
3449 859 3533 928 (τὸ
3557 859 3660 928 μέν
3692 857 3803 929 γὰρ

2211 964 2314 1034 τὴν
2341 961 2504 1033 φύσιν
2545 958 2697 1029 δηλοῖ
2737 957 2837 1027 τῆς
2872 954 3152 1024 θεότητος,
3194 953 3255 1006 τδ
3279 952 3338 1006 δὲ
3366 950 3466 1015 τὰς
3495 951 3604 1005 τῶν
3633 951 3804 1020 τριῶν

2218 1053 2534 1124 ἰδιότητας),
2567 1050 2879 1121 νοουμένων
2897 1047 2992 1101 καὶ
3011 1045 3166 1117 παρὰ
3185 1046 3298 1108 τοῖς
3327 1042 3554 1106 Ἰταλοῖς
3575 1041 3801 1112 ὁμοίως,

2215 1145 2334 1198 ἀλλ’
2374 1145 2436 1198 οὑ
2467 1141 2784 1213 δυναμένων
2812 1139 2901 1193 διὰ
2927 1139 3030 1208 τὴν
3061 1135 3358 1204 στενότητα
3393 1134 3494 1204 τῆς
3535 1132 3670 1206 παρ’
3704 1132 3808 1184 αὐ-

2215 1239 2328 1300 τοῖς
2358 1233 2629 1304 γλώττης,
2659 1234 2754 1286 καὶ
2779 1232 2882 1302 τὴν
2902 1231 3011 1284 τῶν
3040 1229 3326 1298 ὀνομάτων
3359 1227 3577 1293 πενίαν,
3605 1223 3807 1280 διελεῖν

2216 1327 2325 1382 ἀπὸ
2346 1328 2444 1396 τῆς
2474 1326 2666 1388 οὐσίας
2692 1324 2789 1395 τὴν
2817 1323 3140 1386 ὑπόστασιν,
3170 1321 3267 1374 καὶ⁵
3282 1319 3372 1374 διὰ
3390 1317 3551 1372 τοῦτο
3582 1319 3805 1371 ἀντεισ-

2215 1417 2456 1486 αγούσης
2490 1416 2558 1468 τὰ
2590 1413 2881 1484 πρόσωπα,
2928 1412 3020 1465 ἵνα
3071 1411 3148 1481 μὴ
3185 1410 3342 1480 τρεῖς
3383 1408 3565 1462 οὐσίαι
3615 1424 3803 1478 παρα-

2215 1508 2501 1580 δεχθῶσιν.
2541 1505 2760 1576 Ἀμέλει
2785 1505 2889 1558 κάν
2933 1502 3012 1573 τῷ
3043 1504 3128 1566 είς
3175 1501 3248 1559 τὰ
3277 1501 3438 1555 «ἰῶτα
3479 1498 3626 1571 λόγῳ
3659 1499 3809 1554 οὕτω

2219 1601 2352 1672 φησί
2377 1617 2390 1631 ·
2432 1599 2570 1653 Θεοῦ
2609 1600 2665 1652 δὲ
2708 1598 2839 1651 ὅταν
2867 1597 3027 1660 είπω,
3059 1595 3139 1649 ἑνὶ
3171 1593 3314 1664 φωτὶ
3350 1590 3808 1664 περιηστρὰφθην

2219 1692 2316 1746 καὶ
2369 1691 2538 1762 τρισί.
2589 1689 2753 1760 Τρισὶ
2802 1688 2903 1758 μὲν
2955 1687 3098 1741 κατὰ
3149 1686 3249 1750 τὰς
3292 1686 3586 1756 ἰδιότητας,
3637 1684 3811 1755 ἤγουν

2161 1781 2204 1837 Β
2232 1782 2558 1846 ὑποστάσεις
2587 1779 3028 1854 [unanimum],
3064 1781 3093 1834 ὃ
3131 1795 3244 1832 τισι
3287 1778 3439 1849 φίλον
3471 1777 3682 1842 καλεῖν,
3709 1775 3811 1830 εἰτ’
3859 1785 3862 1788 ’

2219 1871 2315 1928 οὖν
2357 1873 2676 1944 προσώποις
2727 1872 2904 1944 (οὐδὲν
2959 1873 3066 1943 γὰρ
3115 1871 3248 1942 περὶ
3282 1871 3389 1924 τῶν
3411 1870 3692 1940 ὀνομάτων
3715 1866 3814 1933 ζυ-

2222 1966 2604 2037 γομαχοῦμεν,
2651 1965 2758 2028 ¹έως
2811 1963 2880 2018 ἂν
2941 1967 3081 2035 πρὸς
3125 1963 3227 2036 τὴν
3291 1963 3465 2033 αὐτὴν
3505 1962 3717 2016 ἔννοιαν
3745 1962 3807 2014 αἱ

2223 2061 2490 2115 συλλαϐαὶ
2512 2059 2778 2132 φέρωσιν)
2805 2074 2822 2092 ο
2849 2059 2929 2112 ένὶ
2961 2057 3041 2124 δὲ,
3080 2057 3227 2112 κατὰ
3256 2055 3350 2111 τὸν
3385 2055 3485 2127 τῆς
3509 2054 3696 2118 οὐσίας
3722 2054 3814 2107 λό-

2222 2169 2341 2222 γον,
2375 2153 2554 2206 είτουν
2601 2151 2878 2221 θεότητος.
2921 2149 3170 2215 Ἱκανῶς,
3223 2143 3404 2218 οῐμαι,
3448 2147 3498 2201 oi
3541 2145 3816 2218 παρόντες

2222 2244 2614 2298 σύκλεέστατοι
2681 2242 3001 2300 διδάσκαλοι
3062 2241 3195 2312 περὶ
3259 2239 3370 2294 τῶν
3429 2237 3815 2309 προκειμένων

2224 2339 2358 2409 ἡμῖν
2411 2335 2837 2406 ἐνομοθέτησαν,
2885 2335 3076 2400 οὐσίας
3124 2353 3186 2389 τε
3245 2336 3397 2406 πέρι,
3459 2335 3555 2390 καὶ
3597 2333 3818 2405 φύσεως

2226 2428 2588 2493 ὐποστάσεώς
2610 2446 2670 2481 τε
2700 2431 2790 2482 καί
2815 2427 3114 2500 προσώπου
3137 2442 3150 2456 °
3185 2428 3375 2497 σαφῶς
3408 2445 3470 2481 τε
3495 2424 3816 2498 παραδεδώ-

2228 2536 2412 2585 κασιν,
2451 2521 2535 2572 ὃτι
2560 2520 2617 2574 αί
2648 2520 2748 2589 μὲν
2775 2519 2836 2573 τὸ
2864 2517 3100 2572 καθόλου
3131 2518 3498 2590 σημαίνουσιν
3519 2535 3534 2550 ο
3567 2518 3626 2570 αἱ
3654 2517 3733 2581 δὲ,
3755 2517 3820 2570 τὸ

2231 2609 2358 2663 καθ’
2393 2609 2648 2664 ἕκαστον.

545 2699 614 2753 ad
647 2701 893 2756 eamdem
926 2702 1251 2757 sententiam
1281 2700 1548 2770 tendunt),
1581 2715 1688 2754 uno
1747 2709 1950 2766 autem,
2019 2709 2282 2768 quantum
2349 2702 2416 2755 ad
2465 2700 2814 2768 substantiae,
2866 2701 2969 2756 hoc
3031 2707 3136 2770 est,
3185 2698 3483 2755 divinitatis
3526 2697 3816 2760 rationem,

547 2791 715 2856 Satis,
762 2793 976 2864 nplnor,
1009 2793 1064 2848 hi
1128 2795 1471 2850 celeberrimi
1527 2796 1780 2850 doctores
1836 2795 1903 2848 de
1962 2794 2123 2847 rebus
2161 2794 2321 2848 modo
2361 2793 2678 2865 propOsitis,
2711 2795 2966 2849 nimirum
3021 2794 3090 2850 de
3159 2793 3463 2848 substantia
3497 2803 3552 2849 et
3587 2802 3813 2855 natura,

545 2886 616 2939 de
675 2884 949 2953 hypOstasi
1000 2893 1056 2936 et
1111 2898 1364 2954 persona,
1424 2884 1580 2939 nobis
1637 2885 2123 2954 prescripserunt‘,
2163 2894 2458 2956 aperteque
2527 2884 2890 2954 tradiderunt,
2953 2886 3072 2942 illas
3121 2884 3444 2941 universalis
3497 2885 3573 2941 rei
3604 2885 3820 2956 signiti-

547 2976 818 3030 catiouem
851 2973 1076 3042 habere,
1107 2975 1204 3031 has
1231 2976 1541 3044 singularis.

619 3069 780 3124 GEN.
819 3067 940 3125 Jam
973 3079 1188 3140 tempus
1218 3068 1404 3136 fuerit,
1430 3080 1489 3124 ut
1519 3070 1870 3127 auctoritates
1915 3071 1968 3126 in
2011 3086 2123 3125 me-

2308 3070 2368 3128 '0
2395 3071 2556 3130 ΚΛΘ.
2590 3071 2794 3144 Καιρὸς
2825 3073 2948 3146 ἥδη,
2978 3072 3079 3138 τὰς
3103 3074 3330 3146 χρήσεις
3359 3074 3441 3138 εἰς
3461 3072 3629 3141 μέσον
3648 3090 3817 3144 προσ-

547 3160 700 3217 dium
748 3161 1035 3232 proferas,
1091 3161 1157 3216 de
1213 3161 1410 3230 quibus
1472 3171 1786 3216 sanctorum
1842 3161 2126 3216 hominum

551 3265 787 3309 ruentem
843 3253 1264 3325 perspiciamus.
1318 3251 1529 3323 Quippe
1595 3254 1664 3308 de
1723 3253 2030 3308 substantia
2079 3263 2132 3308 et

549 3357 766 3412 natura,
789 3345 858 3402 de
880 3347 1157 3417 hypostasi
1185 3355 1240 3401 et
1269 3361 1522 3416 persona,
1547 3345 1958 3412 consentimus;
1985 3344 2130 3398 nulla

552 3439 774 3510 penitus
825 3437 880 3491 in
927 3451 988 3492 re
1041 3438 1392 3493 dissidentes.
1449 3437 1584 3492 Nam
1637 3437 1725 3491 illa
1772 3437 1924 3507 prius
1965 3435 2130 3490 etiam

553 3546 717 3602 quam
747 3531 847 3586 abs
880 3539 932 3586 te
953 3531 1286 3594 dicerentur,
1313 3529 1754 3599 intelligebamus
1780 3545 1796 3584 :
1823 3529 1918 3584 sed
1946 3542 2012 3583 ex
2039 3542 2135 3583 ore

556 3631 653 3676 tuo
686 3621 909 3676 lubebat
947 3621 1158 3687 audire,
1197 3636 1446 3691 quaenam
1491 3620 1561 3675 de
1613 3621 1698 3675 his
1749 3627 1929 3674 vestra
1985 3627 2135 3674 esset

555 3713 852 3769 sententia.
899 3711 1058 3768 Nunc
1099 3727 1228 3782 ergo
1279 3712 1468 3778 dicito,
1508 3713 1762 3782 quisnam
1819 3719 2133 3766 sanctorqu

557 3804 780 3860 Patrum
813 3814 1036 3860 naturas
1067 3804 1202 3858 duas
1245 3813 1373 3874 post
1417 3804 1715 3859 unitionem
1748 3803 2026 3859 statuerit.

632 3894 890 3951 THEOR.
919 3895 1182 3960 Primum,
1211 3911 1311 3951 ceu
1335 3904 1575 3964 tempore
1600 3895 1860 3966 primum,
1882 3909 2134 3964 maguum

559 3984 710 4040 illum
739 3985 1098 4040 Athanasium
1129 3984 1375 4053 proferre
1410 4000 1511 4054 par
1553 3993 1658 4050 est,
1689 3985 1846 4055 cujus
1877 3985 1995 4038 haec
2023 3984 2136 4054 ipsa

559 4075 728 4132 verba
760 4081 887 4130 sunt
939 4076 992 4129 iu
1037 4077 1263 4144 epistola
1299 4075 1365 4130 ad
1398 4075 1704 4146 Epictetum
1732 4075 1984 4131 Corinthi
2016 4075 2136 4144 epi-

559 4182 828 4240 scopum:
865 4167 942 4221 Ex
981 4165 1080 4222 hoc
1110 4167 1497 4223 absurditatem
1557 4169 1861 4240 perspicere
1889 4168 2136 4238 potestis.

563 4257 623 4312 Si
661 4273 841 4314 sermo
871 4257 1033 4312 unius
1094 4269 1178 4313 est
1226 4257 1545 4312 substantia:
1600 4273 1723 4312 cum
1776 4272 2022 4327 corpore,
2073 4259 2141 4312 de

565 4357 710 4402 terra
747 4357 993 4401 naturam
1053 4362 1207 4401 suam
1258 4347 1536 4402 habente:
1580 4348 1736 4418 sique
1780 4347 2139 4400 consubstan-

2236 3163 2430 3231 θεῖναι,
2458 3166 2546 3220 ῖνα
2580 3166 2645 3218 ἑκ
2671 3165 2880 3219 τούτων
2913 3166 3005 3219 τὸν
3034 3165 3162 3220 νοῦν
3226 3164 3673 3236 καταθρήσωμεν
3703 3166 3820 3219 τῶν

2236 3255 2430 3322 ἁγίων.
2476 3255 2613 3326 Περὶ⁵
2651 3257 2762 3326 γὰρ
2789 3255 2982 3319 οὐσίας
3038 3258 3137 3309 καὶ
3170 3256 3410 3324 φύσεως,
3454 3255 3820 3321 ὑποστάσεώς

2234 3361 2295 3397 τε
2325 3348 2422 3398 καὶ
2470 3343 2790 3416 προσώπου,
2830 3346 3111 3416 σύμφωνοί
3141 3346 3331 3416 ἐσμεν,
3368 3343 3492 3400 κατ’
3522 3346 3679 3399 οὐδὲν
3700 3347 3822 3401 οὐδ’

2235 3436 2372 3500 ὅλως
2399 3436 2812 3508 διαφερόμενοι.
2861 3437 3051 3493 Ταῦτα
3085 3438 3196 3508 γὰρ
3235 3438 3331 3492 καὶ
3368 3437 3477 3507 πρὸ
3506 3436 3602 3490 τοῦ
3648 3454 3709 3490 σε
3742 3439 3827 3491 εί-

2237 3529 2381 3596 πεῖν,
2438 3527 2851 3598 ἐγινώσκομενο
2896 3529 3016 3582 ἀλλ’
3061 3529 3413 3600 ἠθελήσαμεν
3473 3529 3710 3584 ἀκοῦσαι
3757 3533 3830 3586 ἐκ

2234 3622 2330 3675 τοῦ
2380 3620 2651 3690 στόματός
2691 3637 2808 3684 σου,
2845 3620 2962 3684 πῶς
2995 3638 3127 3674 ποτε
3169 3623 3300 3693 περὶ
3327 3622 3538 3676 τούτων
3567 3622 3825 3692 φρονεῖτε

2238 3714 2420 3782 ὑμεῖς.
2457 3713 2572 3767 Νῦν
2599 3709 2694 3767 οὖν
2721 3713 2865 3775 είπὲ,
2896 3713 2980 3778 τίς
3005 3713 3115 3767 τῶν
3145 3714 3321 3782 ἁγίων
3342 3714 3438 3767 δύο
3456 3713 3650 3785 φύσεις
3678 3713 3829 3784 μετᾴ

2235 3806 2336 3876 τὴν
2365 3805 2559 3858 ένωσιν
2591 3805 2983 3875 έδογμάτισενς

2319 3895 2377 3950 '0
2405 3897 2603 3951 ΘΕΩΡ.
2650 3897 2898 3967 Πρῶτον,
2941 3898 3018 3961 ὡς
3072 3897 3294 3968 πρῶτον
3344 3897 3424 3968 τῷ
3467 3897 3668 3969 χρόνῳ,
3727 3899 3830 3955 τὸν

2242 3989 2419 4060 μέγαν
2461 3987 2781 4042 Ἀθανάσιον
2833 3991 3275 4058 παρεισαγαγεῖν
3329 3987 3501 4054 ἄξιον,
3539 3988 3614 4052 ώς
3645 3989 3706 4045 ἐν
3750 3993 3825 4063 τῇ

2239 4082 2375 4151 πρὸς
2392 4081 2716 4152 Ἐπίκτητον
2742 4081 3049 4134 ἐπίσκοπον
3067 4079 3340 4152 Κορίνθου
3362 4080 3619 4152 έπιστολῇ
3637 4083 3829 4137 τοιάδε

2239 4172 2520 4244 γράφοντα
2549 4174 2693 4226 κατὰ
2723 4171 2871 4238 λέξιν
2891 4187 2904 4202 °
2937 4173 3048 4226 Kotl
3078 4175 3188 4244 γὰρ
3219 4175 3282 4228 ὲκ
3311 4173 3507 4228 τούτου
3535 4174 3596 4227 τὸ
3620 4175 3830 4230 ἄτοπον

2241 4264 2631 4336 θεωρεῖνὴμᾶς
2664 4263 2897 4328 ἔξεστιν.
2932 4265 2994 4317 Εί
3024 4263 3309 4334 ὁμοούσιος
3340 4267 3369 4318 ό
3400 4265 3577 4334 Λόγος
3607 4265 3686 4337 τῷ
3719 4266 3833 4320 σώο

2245 4374 2395 4426 ματι,
2437 4358 2502 4410 ὲκ
2544 4357 2648 4427 γῆς
2674 4357 2852 4426 έχοντι
2885 4356 2984 4428 τὴν
3023 4357 3219 4426 φύσιν·
3255 4358 3538 4430 όμοούσιος
3565 4358 3621 4412 δὲ
3659 4360 3689 4412 ό
3718 4359 3832 4414 A6-

563 4437 709 4492 tialis
737 4448 821 4492 est
845 4437 991 4492 Patri
1013 4437 1228 4503 Sermo,
1250 4437 1403 4507 juxta
1428 4438 1826 4492 confessionem
1856 4436 2080 4491 Patrqu
2113 4453 2127 4490 :

2248 4465 2340 4515 γος
2367 4448 2444 4518 τῷ
2498 4449 2694 4518 Πατρὶ,
2730 4448 2878 4501 κατὰ
2908 4449 3010 4518 τὴν
3052 4448 3163 4502 τῶν
3205 4449 3470 4520 Πατέρων
3499 4450 3828 4519 ὁμολογίαν·

563 4529 728 4583 etiam
770 4527 884 4599 ipse
931 4527 1093 4582 Pater
1133 4531 1294 4584 unius
1351 4530 1459 4584 erit
1499 4530 1822 4586 substantiae
1870 4545 1992 4585 cum
2021 4544 2144 4584 cor-

565 4634 697 4690 pore
743 4623 810 4676 de
860 4632 1004 4676 terra
1038 4620 1203 4676 facto.
1243 4623 1308 4676 Et
1338 4637 1434 4676 cur
1480 4623 1702 4678 Arianis
1754 4621 2142 4694 indignamini,

567 4713 760 4769 Filiqu
787 4716 1093 4771 dicentibus
1113 4732 1234 4772 esse
1267 4728 1600 4785 creaturam,
1629 4733 1752 4772 cum
1799 4717 1899 4784 ipsi
1928 4717 2143 4784 dicatis,

566 4805 782 4860 Patrem
824 4807 984 4862 unius
1015 4823 1138 4862 cum
1172 4809 1442 4865 creaturis
1467 4824 1589 4866 esse
1635 4808 1993 4864 substantias?

639 4893 799 4951 GEN.
834 4897 972 4963 Quid
1002 4897 1068 4952 ad
1097 4900 1416 4969 uos_dietum
1449 4899 1616 4966 istud,
1641 4899 2004 4969 philosophe?

635 5096 896 5154 TllEOii.
937 5097 1190 5153 Graviter
1238 5111 1334 5152 eos
1369 5095 1677 5165 tangit,qui
1717 5094 1928 5161 dicunt,
1980 5109 2143 5148 unam

565 5208 688 5250 esse
713 5202 960 5247 naturam
996 5189 1276 5246 Sermonis
1293 5198 1350 5244 et
1382 5189 1586 5244 carnis.
1612 5195 1692 5242 Ac
1716 5188 1859 5253 vide,
1892 5188 2142 5254 obsecro,

567 5302 733 5358 quam
770 5285 1080 5341 admirabili
1143 5282 1356 5339 ratione
1411 5275 1645 5337 sauctus‘
1679 5281 1764 5334 vir
1813 5281 2147 5337 Athanasius

570 5380 628 5434 in
679 5381 842 5433 tertia
872 5379 1065 5446 .iigura
1107 5375 1480 5446 syllogismum
1530 5382 1734 5429 nectat.
1786 5371 1996 5442 Quippe
2033 5372 2145 5441 jam

569 5478 728 5524 antea
769 5482 869 5538 pro
903 5467 1156 5523 confesso
1209 5467 1464 5532 habetur,
1516 5478 1858 5534 quaecunque
1899 5467 1967 5518 de
2014 5463 2146 5518 sub-

572 5560 776 5614 stantia
807 5558 1037 5614 dicenda
1066 5557 1310 5622 veniant,
1353 5557 1545 5610 eadem
1577 5564 1634 5610 et
1682 5566 1894 5610 natum
1927 5569 2147 5612 accom-

570 5649 864 5706 modanda.
901 5648 1138 5704 iloccine
1168 5649 1222 5703 iu
1250 5648 1503 5704 confesso
1528 5655 1635 5718 est,
1661 5661 1730 5702 au
1756 5647 1900 5704 non?

641 5739 800 5796 σειν.
845 5740 1078 5799 Omnino
1109 5742 1162 5798 id
1197 5742 1439 5812 quidem.

2245 4537 2530 4606 όμοούσιος
2567 4536 2721 4589 ἔσται
2772 4537 2867 4588 καὶ
2895 4536 3061 4598 αὐτὸς
3103 4537 3132 4588 ό
3161 4537 3352 4609 Πατὴρ
3379 4537 3456 4608 τῷ
3483 4537 3721 4609 σώματι,
3745 4539 3831 4610 τῷ

2245 4632 2311 4682 ὲκ
2367 4630 2471 4699 γῆς
2523 4630 2900 4699 γεγενημένῳ.
2961 4630 3074 4682 Καὶ
3119 4630 3172 4682 τί
3223 4630 3307 4683 ἑτι
3375 4631 3662 4701 μέμφεσθε
3711 4634 3834 4697 τοῖς

2247 4721 2574 4791 ’Λρειανοῖς,
2606 4720 2824 4788 λέγουσι
2857 4719 2950 4773 τὸν
2974 4719 3104 4772 Υίδν
3131 4720 3363 4790 κτίσμα,
3387 4721 3637 4790 λέγοντες
3667 4723 3834 4776 αὐτοὶ

2247 4814 2342 4866 καὶ
2373 4812 2464 4865 τὸν
2501 4812 2722 4881 Πατέρα
2754 4810 3040 4883 όμοούσιον
3067 4815 3182 4876 τοῖς
3207 4813 3471 4884 κτίσματι
3498 4830 3513 4880 ;

2329 4905 2388 4957 '0
2419 4903 2582 4960 ΚΑΘ.
2617 4904 2729 4958 Kal
2755 4907 2808 4957 τί
2835 4904 2974 4976 πρὸς
3005 4905 3153 4976 ἡμᾶς
3186 4905 3220 4975 ἡ
3251 4905 3448 4976 χρῆσις
3477 4904 3644 4976 αὕτη,
3677 4904 3840 4975 φιλό-

2249 5012 2416 5065 σοφε;

2334 5089 2392 5140 '0
2416 5087 2612 5144 ΘΕΩΡ.
2638 5087 2851 5158 Σφόδρα
2880 5085 3224 5141 καθάπτεται
3248 5085 3358 5140 τῶν
3391 5086 3667 5155 λεγόντων
3695 5087 3836 5157 μίαν

2250 5179 2412 5248 φύσιν
2440 5178 2536 5232 τοῦ
2561 5181 2738 5248 Λόγου
2762 5180 2854 5232 καὶ
2883 5178 2986 5247 τῆς
3011 5178 3235 5249 σαρκός.
3270 5179 3382 5231 Καὶ
3409 5178 3514 5248 ὅρα
3562 5179 3677 5240 πῶς
3701 5179 3841 5231 Θαυ-

2253 5273 2464 5342 μασίως
2493 5272 2688 5325 πλέκει
2714 5272 2804 5324 τὸν
2833 5271 3194 5340 συλλογισμὸν
3228 5273 3284 5322 ὲν
3311 5269 3483 5341 τρίτῳ
3514 5271 3762 5342 σχήματι
3802 5269 3836 5322 ὀ

2249 5366 2308 5416 ἐν
2337 5365 2514 5433 ἁγίοις
2545 5365 2885 5427 Ἀθανάσιος.
2940 5365 3401 5433 Προομολογεῖται
3426 5365 3558 5434 γὰρ,
3603 5365 3688 5417 ὅτι
3732 5363 3841 5418 ὅσα

2250 5455 2382 5525 περὶ
2408 5455 2511 5524 τῆς
2557 5454 2747 5517 οὐσίας
2778 5453 3143 5524 λεχθήσεσθαι
3174 5453 3385 5524 μέλλει,
3426 5453 3601 5508 ταῦτα
3641 5454 3736 5508 καὶ
3763 5455 3840 5527 τῇ

2250 5548 2412 5618 φύσει
2444 5547 2918 5619 προσαρμοστέον.
2958 5545 3346 5619 Ὠμολόγηται,
3378 5547 3412 5617 ἢ
3443 5545 3505 5600 οὐ
3533 5563 3550 5614 ;

2337 5733 2394 5785 '0
2430 5731 2586 5786 ΚΛΘ.
2625 5731 2775 5785 Πάνυ
2809 5731 2908 5803 μὲν
2937 5728 3050 5784 οὐν.
