4140 6410
502 350 617 415 ιιε

1867 355 2326 426 ῸῘΞΡΙΓΓΛΤΙΟ
2367 364 2414 424 Ῑ.

3675 358 3778 430 illi

508 464 729 534 χρόνον,
783 464 886 520 ὅσα
948 468 1153 524 σπάνιά
1204 470 1313 525 εἰσι
1367 474 1460 528 καὶ
1496 473 1817 549 δυσεύρετα.
1870 479 2005 547 Περὶ
2040 477 2086 530 δὲ

2200 487 2379 545 egent,
2419 492 2539 546 quae
2570 492 2690 532 rara
2714 487 2859 555 sunt,
2897 486 2951 534 et
2982 478 3200 534 inventu
3236 477 3495 535 difﬁcilia.
3524 477 3602 537 De
3632 480 3732 536 dua
3754 511 3772 520 ο

507 554 623 608 τῶν
676 556 774 609 δύο
824 557 1066 625 φύσεων,
1115 562 1178 614 οὐ
1210 565 1448 630 σπάνις,
1496 567 1634 621 ἀλλά
1661 570 1895 634 πὶοῠτος
1922 573 2096 643 ὑπερ-

510 648 730 713 δολικὺς
753 652 849 704 καὶ
868 650 1125 721 δαψίλεια
1149 656 1209 708 ἐν
1229 657 1383 729 πάσῃ
1416 662 1482 730 τῇ
1505 661 1857 735 θεοπνεύστῳ
1877 666 2095 737 Γραφῇ,

512 739 614 809 ὅση
642 740 806 809 ἀέρος
841 742 1020 814 χύσις.
1071 747 1131 800 Εἰ
1160 743 1257 803 οὖν
1288 753 1383 805 καὶ
1414 754 1681 809 πλειόνων
1708 756 1827 829 δέῃ,
1849 746 2098 829 ’ἑτοίμως

511 830 624 904 ἔχω
653 834 750 888 καὶ
788 834 957 898 ἄλλας
1011 845 1387 911 παραγαγεῖν.
1444 840 1664 900 Λύτίκα
1696 849 1830 917 γοῦν
1883 850 2098 916 ἔξεστιν

515 924 752 980 ἀκούσαι
784 928 881 982 καὶ
924 929 1023 983 τοῦ
1079 934 1321 1001 μεγάλου
1363 937 1656 1004 φιλοσόφου
1687 941 1781 995 καὶ
1814 940 2098 1013 μάρτυρος

522 1016 840 1086 ⁹Ιοιιστίνου,
900 1024 1033 1094 περὶ
1091 1026 1202 1079 τῶν
1250 1028 1436 1083 αὐτῶν
1466 1029 1720 1098 λέγοντος
1745 1034 1804 1086 ἐν
1838 1033 1916 1105 τῷ
1953 1036 2100 1105 Περὶ

522 1109 765 1175 Τριόδος
794 1114 1164 1183 συντάγματι,
1202 1111 1345 1172 κα.τά
1374 1122 1435 1176 τὸ
1462 1122 1532 1186 ιζ’
1567 1126 1868 1194 κεφάλαιον
1898 1127 2094 1193 οὕτως’

508 1199 683 1256 Ὅταν
738 1204 984 1279 ἀκούσῃς
1019 1208 1150 1281 περὶ
1199 1211 1296 1264 τοῦ
1335 1212 1459 1278 ἐνὸς
1505 1215 1638 1269 Υίοῦ
1701 1218 1801 1281 τάς
1847 1220 2097 1286 ἐναντίας

516 1296 727 1361 φωνὰς,
757 1298 880 1351 κατ’
917 1300 1172 1371 ἀλλήλων
1220 1304 1415 1376 μέριζε
1460 1309 1585 1374 ταῖς
1615 1309 1810 1380 φύσεσι
1840 1313 1921 1367 τά-
1947 1313 2099 1382 λεγό·

511 1387 785 1453 μεναοᾶν
843 1389 947 1460 μέν
1002 1409 1059 1445 τι
1132 1397 1278 1465 μέγα
1328 1398 1426 1453 καὶ
1472 1398 1639 1466 Θεϊον,
1680 1404 1747 1474 τῇ
1782 1402 1903 1475 θείᾳ
1931 1403 2096 1472 φύσει

510 1479 845 1549 προσνέμων
870 1497 885 1511 ’
926 1482 996 1537 ἄν
1033 1483 1093 1538 δέ
1138 1502 1190 1540 τι
1223 1489 1427 1559 μικρὸν
1464 1491 1563 1545 καὶ
1614 1493 1985 1565 ἀνθρώπινον,
2027 1500 2095 1569 τῇ

504 1569 829 1646 ἀνθρωπεία
850 1572 1205 1649 λογιζόμενος
1240 1581 1424 1650 φύσει.
1449 1583 1611 1639 Οὕτω
1641 1585 1751 1658 γὰρ
1782 1587 1878 1643 καὶ
1904 1588 1965 1642 τὸ
1985 1588 2098 1643 τῶν
2132 1614 2137 1619 ·

510 1664 708 1751 φωνῶν
744 1667 1082 1739 ἀσύμφωνον
1115 1671 1413 1744 διαφεύξη,
1474 1676 1718 1747 ἑκάστης
1779 1678 1816 1734 ἃ.
1880 1681 2096 1751 πέφυκε

506 1749 800 1823 δεχόμενος
828 1754 1078 1826 φύσεως·
1101 1761 1310 1816 καὶτὸν
1337 1763 1469 1820 Υίδν
1498 1765 1596 1821 ἕνα
1620 1768 1715 1821 καὶ
1747 1771 1853 1841 πρὸ
1873 1749 2094 1827 πάντων

2200 572 2302 626 bus
2333 582 2513 626 autem
2543 572 2752 626 naturis
2789 588 2892 628 non
2918 573 3164 642 penuria,
3218 575 3312 628 sed
3360 589 3525 644 supra
3555 574 3774 630 modum

2202 663 2394 730 ingens
2450 663 2778 717 abundantia
2834 663 3100 733 copiaque
3158 665 3425 733 reperitur
3476 665 3528 719 in
3569 663 3774 720 omnia

2200 753 2406 819 Spiritu
2446 753 2539 808 Dei
2569 755 2808 823 profecta
2868 754 3175 826 Scriptura,
3206 767 3406 826 quanta
3456 757 3663 813 scilicet
3692 766 3775 811 cst

2199 848 2344 901 aeris
2375 846 2483 903 late
2506 846 2685 904 dilTusi
2710 849 3031 917 amplitudo.
3063 849 3245 917 Quare
3270 851 3314 905 si
3341 850 3505 904 etiam
3532 850 3778 918 pluribus

2197 953 2334 1009 opus
2365 941 2460 1001 sit,
2514 951 2734 1012 paratus
2766 957 2886 997 sum
2918 949 2973 997 et
3004 943 3138 998 alias
3166 942 3431 1009 proferre.
3464 942 3530 997 Et
3558 944 3774 1013 quidem

2198 1045 2324 1085 mox
2384 1031 2511 1088 licet.
2562 1035 2850 1090 audiamus
2882 1051 3132 1106 magnum
3193 1035 3342 1090 illum
3397 1035 3774 1106 philosophum

2196 1132 2359 1193 atque
2410 1133 2699 1195 martyrem
2735 1125 3031 1192 Iustinum.
3055 1129 3125 1183 de
3150 1128 3339 1183 iisdem
3377 1128 3684 1195 loquentem
3724 1128 3776 1181 in

2195 1218 2335 1273 lil~ro
2369 1220 2442 1274 De
2499 1219 2780 1288 Trinitate,
2836 1223 3016 1292 capite
3068 1223 3279 1276 decimo
3334 1222 3776 1292 scptimo:Cum

2197 1313 2455 1378 audieris,
2485 1314 2678 1382 inquit,
2708 1316 2773 1370 de
2796 1331 2903 1369 uno
2937 1316 3076 1371 Filio
3107 1330 3265 1370 voces
3289 1316 3613 1380 contrarias.
3643 1330 3780 1371 con-

2198 1405 2479 1461 venienter
2512 1407 2720 1474 partire
2778 1410 2989 1465 naturis
3039 1424 3101 1463 ea
3165 1422 3286 1478 qua:
3347 1408 3597 1463 dicentur
3649 1425 3665 1462 :
3732 1407 3776 1458 si

2199 1510 2454 1564 magnum
2483 1510 2548 1551 ac
2601 1497 2846 1553 divinum
2894 1498 3117 1567 aliquid.
3151 1498 3351 1554 divina:
3382 1506 3588 1552 natura:
3618 1497 3780 1551 attri-

2198 1584 2403 1649 buens;
2463 1586 2546 1640 sin
2603 1588 2855 1659 exiguum
2902 1597 2955 1643 et
3008 1589 3325 1652 humanum,
3381 1588 3445 1641 ad
3479 1588 3777 1643 humanam

2197 1682 2447 1728 naturam
2519 1675 2783 1732 referens.
2847 1676 2937 1732 Sic
2973 1677 3119 1734 enim
3176 1687 3228 1732 et
3282 1678 3522 1747 ipsarum
3579 1692 3774 1731 vocum

2198 1763 2626 1834 discrepantiam
2674 1766 2891 1830 vitabis,
2923 1777 3117 1821 natura
3143 1765 3384 1836 qualibet
3412 1765 3516 1820 sibi
3545 1775 3776 1836 cognata

505 1842 747 1910 αἰώνων,
782 1848 878 1901 καὶ
914 1850 1255 1920 πρόσφατον,
1306 1856 1451 1911 κατὰ
1513 1861 1615 1923 τὰς
1656 1833 1807 1926 θείας
1866 1865 2086 1934 Γραφάς

2199 1833 2535 1923 recipiente:
2565 1865 2621 1911 et
2655 1873 2821 1910 unum
2877 1857 3073 1912 Filium
3112 1866 3221 1910 tam
3273 1865 3399 1910 ante
3449 1855 3632 1909 omnia
3671 1869 3778 1909 ste-

503 1935 892 2009 όμολογήσεις.
911 1943 1020 1996 Kal
1045 1945 1220 2001 ταῦτα
1247 1948 1348 2018 μὲν
1373 1951 1402 2004 ό
1436 1950 1582 2017 Θεῖος
1622 1952 1934 2021 Ἰουστίνος.
1955 1960 2014 2013 ’0
2039 1960 2096 2014 δὲ

503 2031 744 2122 χρυσοῦς
787 2034 888 2105 τὴν
923 2037 1177 2105 γλῶτταν
1217 2042 1475 2114 Ἰωάννης
1503 2047 1560 2099 ὲν
1589 2050 1655 2118 τῇ
1690 2050 1962 2122 ἑρμηνείᾳ
1995 2052 2097 2122 τῆς

513 2120 654 2189 πρὸς
683 2124 951 2196 τιμόθεον
986 2128 1335 2205 Ἐπιστολῆς,
1368 2137 1513 2192 οὕτω
1549 2140 1716 2208 φησιν
1737 2142 1830 2196 "0
1864 2120 2094 2216 μεσίτης

504 2215 852 2307 ἀμφοτέροις
883 2229 1155 2291 κοινωνεῖ,
1182 2219 1260 2280 ὧν
1295 2229 1413 2281 ἔστι
1448 2230 1701 2300 μεσίτης.
1720 2234 1962 2288 Μεσίτου
1984 2215 2094 2307 γάρ

503 2306 670 2362 τοῦτό
704 2312 845 2378 ἐστι,
876 2315 937 2367 τὺ
958 2317 1228 2389 ἑκατέρου
1254 2321 1539 2392 ἐχόμενον,
1577 2318 1652 2379 ὧν
1685 2328 1804 2381 ἐστι
1837 2306 2090 2399 μεσίτης,

507 2405 815 2458 κοινωνεῖν.
846 2405 957 2460 Καὶ
984 2410 1101 2478 μετ’
1136 2412 1348 2481 ὀλίγον’
1376 2415 1440 2468 Εἰ
1466 2415 1650 2471 τοίνυν
1684 2419 1759 2492 μὴ
1787 2420 1972 2493 ἔχεται
1995 2424 2092 2495 τῆς

504 2492 603 2546 τοῦ
648 2495 864 2568 [ἰατρὸς
893 2499 1146 2568 φύσεως,
1185 2504 1288 2558 οὐκ
1336 2505 1455 2560 ἔστι
1503 2510 1755 2581 μεσίτης,
1987 2492 2093 2571 ἁπ-

500 2586 857 2655 εσχοίνισται.
898 2591 1110 2662 Ὠσπερ
1138 2594 1245 2664 γὰρ
1285 2596 1386 2667 τῆς
1416 2599 1729 2670 ἀνθρώπων
1754 2602 1939 2671 ἔχεται
1978 2605 2084 2674 φύ-

502 2689 672 2737 σεως,
712 2676 903 2749 ιπειδὴ
938 2679 1077 2750 πρὸς
1106 2682 1433 2754 ἀνθρώπους
1480 2688 1722 2756 ἤρχετο·
1789 2690 1935 2744 οὕτω
1995 2696 2090 2749 καὶ

2196 1944 2338 2007 cula,
2363 1961 2523 2015 quam
2558 1961 2748 2002 recens
2778 1957 2956 2002 ortum
2974 1947 3129 2014 juxta
3159 1946 3397 2003 Litteras
3427 1961 3614 2001 sacras
3639 1961 3741 2000 con
3762 1978 3777 1988 -

2200 2037 2465 2092 liteberis.
2497 2035 2623 2093 Haec
2653 2038 2869 2094 divinus
2904 2040 2992 2095 ille
3016 2038 3286 2095 Justinus.
3323 2037 3563 2094 Joannes
3596 2048 3774 2092 autem

2196 2128 2638 2201 Chrysostomus,
2688 2132 2741 2185 in
2780 2131 3035 2202 Epistolas
3057 2133 3133 2187 ad.
3158 2130 3504 2186 Timotheum
3559 2130 3775 2194 scripta:

2198 2222 2650 2293 interpretatione
2709 2226 2793 2281 sic
2839 2225 2966 2280 ait:
3000 2223 3270 2281 Mediator
3306 2223 3589 2279 amborqu
3643 2239 3776 2277 cou-

2195 2328 2317 2370 sors
2343 2323 2462 2380 est,
2528 2331 2764 2386 quorum
2832 2317 3044 2374 scilicet
3093 2325 3176 2373 est
3226 2315 3512 2371 mediator.
3567 2315 3778 2385 Quippe

2194 2409 2508 2464 mediatoris
2540 2419 2641 2474 est,
2694 2420 2752 2465 ut
2784 2409 3108 2479 coniunctus
3141 2425 3328 2467 eorum
3373 2411 3607 2481 utrique,
3643 2426 3779 2480 quo-

2194 2515 2316 2553 rum
2368 2502 2635 2556 mediator
2674 2513 2781 2569 est,
2833 2504 3142 2573 participet.
3189 2502 3266 2559 Ac
3297 2503 3457 2573 paulo
3490 2513 3610 2572 post
3655 2521 3670 2558 :
3715 2505 3773 2557 Si

2191 2606 2324 2663 ergo
2382 2608 2490 2647 non
2527 2594 2851 2663 conjunctus
2876 2603 2963 2664 est
2994 2602 3120 2650 cum
3157 2604 3349 2653 natura
3405 2596 3607 2661 Patris,
3663 2611 3772 2650 non

2190 2690 2277 2737 est
2305 2682 2596 2751 mediator,
2656 2685 2748 2739 sed
2775 2693 2859 2739 est
2909 2685 2977 2740 ab
3036 2700 3101 2740 eo
3132 2694 3439 2750 separatus.
3498 2685 3775 2754 Quemado

1956 2785 2089 2849 ςτοις
2195 2774 2412 2827 modum
2441 2775 2586 2830 enim
2631 2792 2752 2830 cum
2783 2776 3064 2831 hominum
3092 2786 3282 2831 natura
3314 2778 3638 2847 coniunctus
3666 2790 3779 2849 est,

497 2952 869 3025 οίκουμενικὴ
888 2957 1111 3024 σύνοδος
1143 2961 1176 3030 ἠ
1209 2962 1269 3015 ἐν
1291 2964 1607 3035 Χαλκηδόνι
1634 2968 2089 3039 συναθροισθεῖσα

497 3043 642 3098 θεοῦ
681 3044 941 3118 νεύματι,
983 3052 1079 3106 καὶ
1131 3053 1351 3109 εὐσεϐεῖ
1402 3056 1673 3127 βασιλέων
1725 3060 2086 3131 θεσπίσματι,

2192 2868 2449 2936 quoniam
2482 2867 2548 2921 ad
2587 2868 2836 2923 homines
2862 2870 3006 2924 venit
3033 2885 3048 2924 :
3085 2872 3155 2925 ita
3193 2878 3247 2926 et
3278 2886 3400 2926 cum
3432 2871 3524 2925 Dei
3554 2884 3773 2937 natura,

2193 2959 2449 3028 quoniam
2483 2973 2513 3012 a
2552 2958 2661 3015 Deo
2687 2960 2857 3016 venit.
2914 2961 3050 3017 Cum
3083 2961 3235 3018 hisce
3283 2963 3489 3018 sanctis
3519 2964 3771 3019 Patrihus

2188 3050 2536 3105 consentiens
2575 3061 2764 3105 sancta
2823 3051 2933 3116 illa,
2985 3066 3290 3121 magnaque
3334 3062 3389 3107 et
3444 3054 3771 3107 universalis

498 3134 601 3191 ενα
631 3138 728 3192 καὶ
753 3141 850 3195 τὸν
877 3143 1044 3198 αὑτὸν
1072 3146 1333 3218 Χριστὸν,
1363 3149 1518 3212 Υἱὸν,
1547 3151 1753 3220 Κύριον
1789 3150 2080 3226 μονογενῆ,

2188 3144 2448 3212 synodus,
2484 3139 2826 3197 Chalcedone
2854 3152 2986 3196 nutu
3043 3141 3137 3197 Dei
3185 3143 3381 3212 pioque
3407 3143 3627 3199 decreto
3658 3145 3771 3195 Au-

497 3231 562 3284 ἐν
593 3230 692 3284 δύο
718 3232 952 3303 φύσεσιν
984 3237 1339 3310 ἀσυγχύτως,
1372 3242 1703 3311 ἀτρέπτως,
1732 3246 2080 3317 ἀδιαιρέτως,

498 3324 834 3394 ἀχωρίστως
866 3329 1279 3401 γνωριζόμενον
1305 3336 1692 3405 ἐδογμάτισεν,
1717 3339 1960 3409 οὐδαμοῦ
1984 3340 2085 3411 τῆς

493 3412 612 3466 τῶν
643 3414 862 3484 φύσεων
889 3418 1159 3491 διαφορᾶς
1183 3424 1593 3497 ἀναιρουμένης
1626 3427 1717 3481 διὰ
1744 3430 1843 3500 τὴν
1865 3430 2080 3485 ἓνωσινο

496 3504 821 3579 σωζομένης
870 3509 928 3563 δὲ
964 3513 1169 3581 μᾶλλον
1197 3514 1300 3585 τῆς
1351 3516 1618 3587 ἰδιότητος
1664 3520 1937 3592 ἑκατέρας
1976 3524 2082 3592 φύ-

496 3613 663 3661 σεως,
693 3599 786 3652 καὶ
809 3601 889 3662 si;
912 3600 973 3656 ἓν
1005 3606 1302 3675 πρόσωπον
1331 3608 1427 3661 καὶ
1464 3610 1597 3678 μίαν
1629 3612 1933 3667 ὑπόστασιν
1959 3633 2083 3669 cov-

496 3690 841 3761 τρεχούσης*
884 3694 987 3748 ούιι
1037 3697 1119 3761 εἰς
1164 3697 1258 3751 δύο
1311 3702 1585 3772 πρόσωπα
1644 3705 2004 3777 μεριζόμενον
2043 3707 2077 3779 ἢ

493 3781 905 3853 διαιρούμενον,
953 3787 1093 3843 ἀλλά
1139 3790 1234 3844 ἕνα
1268 3793 1366 3846 καὶ
1419 3794 1511 3847 τὸν
1546 3797 1711 3850 αὐτὸν
1756 3798 1886 3851 Υἱδν
1924 3816 2084 3870 μονο-

492 3876 657 3946 γενῆ,
689 3876 825 3930 Θεὸν
855 3879 1051 3948 Λόγον,
1089 3882 1297 3955 Κύριον
1335 3886 1547 3959 Ἰησοῦν
1586 3890 1846 3961 Χριστόν.

577 4137 642 4193 Ὅ
681 4141 847 4197 ΚΛΘ.
890 4141 1070 4208 ὐλως
1121 4145 1183 4200 τὸ
1232 4147 1416 4216 λέγειν
1452 4150 1548 4206 δύο
1591 4152 1803 4222 φύσεις,
1839 4155 2082 4225 ἔμφασιν

491 4235 708 4302 εἰσάγει
741 4236 1062 4308 διαιρέσεως
1082 4255 1096 4271 ·
1131 4240 1226 4295 καὶ
1255 4242 1494 4309 δέδοικα,
1546 4247 1746 4318 μήπως
1784 4248 2080 4319 φεύγοντες

492 4330 561 4384 τὺ
598 4330 694 4385 τοῦ
726 4330 1006 4401 Εὐτυχοῖκ
1048 4333 1109 4387 τὸ
1144 4335 1277 4405 μίαν
1324 4336 1489 4406 φύσιν
1533 4338 1734 4407 λέγειν,
1780 4343 1863 4406 είς
1891 4342 1952 4395 τὸ
1979 4342 2078 4398 τοῦ

494 4422 796 4493 Νεστορίου
823 4422 1157 4494 ἐμπέσωμεν
1187 4426 1482 4498 βάραθρον.
1519 4429 1607 4485 διὰ
1632 4434 1732 4496 τὰς
1763 4431 1857 4486 δύο
1881 4433 2076 4504 φύσεις

491 4513 589 4567 δύο
607 4517 879 4586 πρόσωπα
902 4504 1359 4586 παρεισάγοντος.
1626 4520 1633 4523 ’

581 4607 645 4662 Ὀ
680 4609 877 4666 ΘΕΩΡ.
933 4611 1075 4665 Ἀλλ’
1107 4613 1136 4665 ό
1189 4613 1487 4684 Νεστόριος
1528 4615 1623 4669 δύο
1679 4616 1875 4687 φύσεις
1919 4618 2075 4686 ἔλεγε

489 4702 931 4771 κεχωρισμένας,
964 4703 1063 4774 οὐχ
1089 4704 1376 4774 ήνωμένας
1405 4707 1486 4769 εἰς
1516 4710 1807 4779 πρόσωπον
1851 4711 1931 4766 ἒν.
1966 4713 2077 4766 Καὶ

487 4790 647 4845 τοῦτο
667 4792 847 4863 δηλῶν
873 4794 904 4847 ό
931 4796 990 4849 ἐν
1016 4795 1195 4864 ἀγίοις
1225 4797 1503 4867 Κύριλλος
1522 4840 1538 4865 ,
1565 4803 1625 4854 ἐν
1646 4804 1712 4872 τῇ
1741 4802 1877 4872 πρὸς
1904 4803 2075 4859 Εύλό-

488 4902 607 4954 γιον
640 4886 902 4958 ἐπιστολῇ
940 4905 1138 4958 φησιν’
1172 4889 1333 4946 Οὕτω
1372 4894 1469 4946 καὶ
1501 4894 1595 4947 ἐπὶ
1622 4895 1944 4966 Νεστορίου,
1971 4899 2075 4953 κᾶν

488 4978 638 5046 λέγει
667 4978 763 5032 δύο
791 4980 1008 5049 φύσεις,
1044 4984 1327 5053 σημαίνων
1352 4986 1453 5054 τὴν
1504 4986 1772 5059 διαφορὰν
1807 4990 1909 5059 τῆς
1940 5007 2076 5061 σαρ-

490 5070 588 5135 κδς
611 5070 705 5126 καὶ
726 5073 822 5126 τοῦ
851 5072 988 5126 Θεοῦ
1012 5074 1214 5143 Λόγου,
1241 5076 1428 5147 (ἑτέρα
1449 5078 1559 5147 γὰρ
1585 5082 1616 5148 ἡ
1645 5079 1739 5133 τοῦ
1760 5079 1936 5148 Λόγου
1968 5081 2073 5150 φύ-

489 5180 599 5230 σις,
648 5164 751 5219 καὶ
787 5165 954 5235 ἑτέρα
999 5167 1033 5237 ἠ
1077 5166 1181 5237 τῆς
1247 5169 1447 5239 σαρκός
1468 5171 1508 5240 ³)
1563 5171 1681 5226 ἀλλ’
1735 5175 1923 5228 οὐκέτι
1965 5176 2066 5245 τὴν

479 5242 683 5311 horam
709 5255 969 5325 ὁμολογεῖ
998 5258 1121 5329 μεθ’
1151 5258 1329 5330 ἡμῶν.
1368 5261 1562 5332 Ἡμεῖς
1606 5264 1716 5334 γὰρ
1765 5242 2073 5331 ἑνώσαντες

479 5350 716 5414 ταύτας,
767 5351 864 5403 ἱνα
896 5350 1159 5421 Χριστὸν,
1202 5352 1300 5406 ἕνα
1333 5352 1483 5416 Υἱδν,
1511 5355 1611 5410 ἕνα
1639 5356 1843 5429 Κύριον
1874 5360 2073 5430 ὁμολο-

484 5442 718 5512 γοῦμεν,
749 5442 848 5496 καὶ
890 5443 1023 5514 μίαν
1065 5443 1230 5512 φύσιν
1272 5445 1370 5499 τοῦ
1396 5448 1572 5517 Λόγου
1615 5453 2069 5525 σεσαρκωμένην.

487 5534 598 5589 Βάδ
622 5537 685 5601 ξε
745 5530 841 5590 οὖν
878 5536 967 5601 σὺ,
1007 5537 1152 5591 κατά
1204 5538 1309 5609 τὴν
1359 5539 1455 5591 τοῦ
1502 5540 1671 5609 σοφοῦ
1726 5543 2072 5615 Σολομῶντος

483 5631 895 5703 παραγγελίαν,
930 5633 1070 5703 μήτε
1098 5634 1178 5696 εἰς
1207 5633 1275 5686 τὰ
1308 5633 1483 5701 δεξιὰ,
1514 5637 1654 5707 μήτε
1708 5638 1790 5701 εἰς
1828 5638 1899 5692 τά
1946 5641 2073 5711 ἀρι-

483 5724 676 5794 στερὰ,
696 5723 835 5779 ἀλλά
855 5724 957 5794 τὴν
978 5723 1153 5794 μέσην
1183 5725 1281 5779 καὶ
1311 5726 1604 5799 βασιλικὴν
1627 5731 1768 5786 ὁδόν.
1785 5732 2069 5804 Τέσσαρες

482 5833 592 5875 γαρ
626 5820 765 5872 εἰσιν
810 5819 1055 5885 αἱρέσεις
1087 5821 1149 5873 ἐκ
1184 5821 1483 5888 διαμέτρου
1528 5823 1789 5893 ἀλλήλαις
1824 5828 2065 5898 μαχόμε-

2187 3242 2465 3297 gusmrnm
2493 3240 2842 3301 congregata,
2886 3234 3078 3288 statuit
3104 3248 3265 3284 unum
3289 3240 3343 3287 et
3375 3234 3623 3287 eumdem
3651 3248 3772 3287 esse

2186 3322 2484 3385 Christum,
2512 3320 2732 3389 Filium,
2768 3320 3078 3387 Dominum,
3113 3321 3437 3394 Unigenam,
3470 3323 3522 3377 in
3559 3324 3771 3379 naturis

2187 3413 2397 3467 duabus
2421 3414 2557 3468 citra
2590 3413 2988 3479 confusionem,
3013 3415 3386 3478 mutationem,
3418 3414 3765 3479 divisionem,

2187 3506 2586 3573 separationem
2622 3508 2935 3579 adagnitum
2988 3524 3004 3563 :
3055 3520 3767 3578 nequaquam.naturarum

2186 3598 2499 3652 discrimine
2549 3599 2760 3655 sublato
2814 3610 3036 3671 propter
3091 3601 3411 3666 unitionem,
3476 3602 3570 3657 sed
3620 3601 3768 3657 salva

2186 3688 2364 3755 potius
2415 3690 2746 3758 proprietate
2797 3691 3079 3760 utriusque
3123 3702 3351 3757 naturae,
3400 3706 3465 3749 ac
3500 3693 3553 3747 in
3604 3709 3765 3747 uuam

2186 3795 2469 3849 personam
2523 3791 2579 3837 et
2623 3798 2786 3838 unam
2835 3783 3150 3855 hypostasin
3207 3796 3438 3841 coeunte
3482 3802 3499 3839 :
3544 3804 3648 3841 non
3712 3788 3767 3841 in

2185 3872 2321 3926 duas
2352 3888 2612 3940 personas
2646 3875 2906 3942 partitum
2944 3875 3027 3931 vel
3078 3877 3331 3939 divisum.
3380 3880 3473 3933 sed
3510 3895 3675 3935 unum
3711 3892 3767 3935 et

2183 3963 2432 4021 eumdem
2462 3964 2658 4020 Filium
2690 3969 3004 4038 unigenam,
3055 3968 3223 4024 Deum
3268 3970 3607 4038 Sermonem,
3660 3973 3764 4029 Do-

2184 4058 2391 4113 minum
2421 4057 2605 4114 .It-sum
2637 4060 2942 4118 Christum.

2255 4163 2415 4221 CEN.
2477 4165 2908 4233 Omnino;duas
2973 4168 3156 4226 dicere
3205 4178 3467 4238 naturas,
3526 4175 3765 4243 speciem

2181 4259 2471 4329 quamdam
2496 4259 2780 4314 divisionis
2808 4260 3103 4317 introducit
3134 4277 3149 4315 :
3187 4277 3251 4319 ac
3280 4279 3467 4318 vereor
3490 4267 3767 4336 equidem,

2183 4369 2251 4409 ne
2286 4353 2524 4409 devitato
2556 4353 2921 4424 Entychetisis
2949 4354 3234 4424 barathro,
3281 4360 3426 4429 quod
3466 4370 3552 4416 est
3597 4377 3760 4418 unam

2182 4456 2435 4501 naturam
2468 4447 2673 4516 dicere,
2726 4448 2777 4501 in
2827 4446 3060 4504 Nestorii
3091 4450 3402 4506 barathrum
3436 4452 3761 4525 incidamus,
3806 4460 3809 4463 ’

2101 4537 2156 4598 D
2186 4555 2281 4610 per
2307 4539 2442 4593 duas
2475 4550 2719 4606 naturas,
2743 4539 2880 4596 duas
2904 4557 3166 4612 personas
3197 4544 3623 4602 introdueentes.

2251 4631 2508 4686 'l‘llEOR.
2554 4632 2841 4689 Nestorius
2872 4649 3001 4689 vero
3034 4636 3171 4691 duas
3209 4649 3434 4693 naturas
3484 4652 3764 4708 separatas

2177 4723 2377 4788 aiebat,
2429 4739 2533 4779 non
2585 4725 2766 4780 unitas
2810 4726 2862 4780 in
2911 4742 3071 4781 unam
3103 4742 3411 4796 personam.
3443 4730 3619 4801 Atque
3657 4731 3762 4788 hoc

2178 4831 2313 4872 sane
2368 4817 2635 4874 denotaus
2689 4819 3054 4876 sanctus‘ille
3109 4819 3368 4892 Cyl-illus,
3399 4825 3452 4876 tu
3503 4824 3761 4890 epistola,

2177 4925 2338 4979 quam
2374 4910 2439 4963 ad
2472 4910 2752 4981 Eulogium
2804 4914 3046 4983 scripsit,
3096 4917 3218 4969 ait:
3261 4913 3355 4969 Sic
3403 4926 3455 4969 et
3488 4915 3542 4969 in
3596 4932 3758 4973 causa

2176 4997 2434 5054 Nestorii.
2467 5001 2731 5067 Quamvis
2761 5002 2899 5058 duas
2931 5015 3179 5068 naturas,
3232 5005 3527 5061 discrimen
3577 5012 3760 5063 carnis

2176 5100 2232 5144 et
2265 5084 2548 5147 Sermonis
2586 5094 2926 5163 signiﬁcans,
2953 5096 3098 5151 dicat
3129 5097 3254 5169 (alia
3284 5114 3514 5168 namque
3559 5104 3756 5157 natura

2176 5182 2460 5238 Sermonis
2480 5196 2584 5249 est,
2612 5187 2715 5241 alia
2739 5187 2964 5260 carnis),
2990 5188 3242 5245 unionem
3268 5199 3447 5246 tamen
3471 5193 3756 5249 nobiscum

2177 5290 2281 5327 non
2315 5277 2624 5331 continetur.
2672 5277 2781 5334 Nos
2808 5281 2954 5333 enim
2988 5279 3072 5334 his
3115 5280 3312 5343 unitis,
3377 5274 3543 5337 unum
3596 5282 3757 5339 Chri-

2175 5373 2346 5435 stum,
2396 5382 2561 5421 unum
2588 5365 2810 5434 Filium,
2845 5385 3010 5424 unum
3059 5369 3347 5424 Dominum
3392 5365 3754 5440 conﬁtemur;

2171 5473 2337 5513 uuam
2387 5461 2620 5531 denique
2666 5471 2916 5516 naturam
2955 5461 3237 5517 Sermonis
3282 5460 3755 5543 incarn’atam'.'_'l'u

2173 5551 2357 5622 igitur,
2388 5552 2542 5622 juxta
2591 5555 2852 5625 sapientis
2881 5554 3024 5611 illius
3073 5556 3379 5613 Salomonis
3431 5540 3765 5617 admonit-im

2172 5659 2316 5711 nem,
2349 5659 2449 5699 nec
2482 5642 2549 5698 ad
2577 5645 2854 5700 sinistram
2884 5644 3175 5703 incesseris
3195 5644 3548 5712 ,sed'media
3578 5651 3757 5720 regia-

2169 5750 2276 5804 que
2306 5737 2415 5789 via.
2457 5735 2599 5790 Sunt
2628 5738 2776 5793 enim
2808 5749 3044 5809 quatuor
3074 5740 3313 5796 haereses
3365 5756 3433 5798 ex
3489 5742 3759 5799 diametro

2169 5829 2312 5882 inter
2341 5843 2401 5882 se
2465 5840 2768 5898 pugnantes
2811 5848 2824 5883 :
2858 5830 2976 5886 dure
3007 5833 3072 5888 de
3099 5833 3401 5892 divinitate.
3450 5849 3515 5889 ac
3548 5834 3665 5890 dua:
3691 5836 3759 5890 de
