4140 6408
420 336 523 402 MT
1835 343 2009 403 ΤΗΕ(

2113 340 2270 401 lANI
3587 335 3690 403 148

416 451 655 507 humana
681 458 894 504 natura.
912 448 971 505 In
990 450 1550 509 divinitateb‘abellius
1578 452 1797 523 quidem
1825 455 2003 508 aiebat

2113 476 2202 511 ναι
2223 475 2237 489 ·
2262 456 2355 510 δύο
2393 456 2488 509 ἐπὶ
2528 455 2627 525 τῆς
2657 453 2913 524 θεότητος
2934 495 2949 519 ,
2981 453 3079 508 καὶ
3108 452 3204 507 δύο
3228 451 3319 505 ἐπὶ
3354 451 3452 521 τῆς
3480 449 3695 521 ἀνθρω-

412 558 534 596 esse
557 549 805 598 naturam
829 556 1014 606 uuam,
1046 553 1099 597 ct
1126 559 1286 598 unam
1312 544 1625 616 hypostasiu
1651 561 1667 611 ;
1694 545 1856 600 Arius
1876 560 2007 597 vero

2113 552 2365 620 πότητος.
2402 551 2527 605 Ἐπὶ
2585 550 2685 621 μὲν
2708 550 2808 619 τῆς
2835 549 3112 618 θεότητος,
3171 549 3201 601 6
3266 546 3365 617 μὶν
3397 545 3691 608 Σαϐἐλλιος

415 644 526 689 tres
549 641 897 705 tiypostases,
924 650 989 691 ac
1012 646 1126 692 tres
1147 647 1373 692 naturas
1393 638 1637 692 diversas
1670 644 1727 691 et
1752 636 2004 690 alienasa

2113 644 2264 712 ἔλεγε
2297 644 2426 713 μίαν
2455 643 2639 713 φύσιν,
2666 641 2762 695 καὶ
2788 642 2920 712 μίαν
2944 641 3246 694 ὑπόστασιν
3266 655 3280 669 ο
3315 641 3343 692 6
3363 638 3420 692 δὲ
3448 638 3513 691 Ἀ
3525 653 3689 706 ρειος,

413 743 474 784 se
510 729 766 784 invicem.
800 727 911 785 Nos
949 745 1079 785 vero
1116 744 1214 785 nec
1245 731 1299 786 in
1341 745 1511 785 unum
1544 731 1648 785 tria
1684 731 2008 786 commisce-

2113 739 2258 808 τρεῖς
2282 736 2641 800 ὑποστάσεις,
2657 735 2753 789 καὶ
2776 734 2928 804 τρεῖς
2952 732 3145 801 φύσεις
3172 730 3465 800 ὲκφύλους.
3497 730 3691 799 Ἡμεῖς

414 835 536 875 mus
590 836 661 877 ue
710 821 932 878 Sabellii
1002 825 1190 878 morbo
1249 823 1577 889 laboremus,
1635 840 1733 880 nec
1781 826 1834 878 in
1902 825 2003 878 tria

2113 832 2163 885 δὲ
2211 830 2337 883 οὔτε
2384 830 2467 892 είς
2518 828 2577 883 ἓν
2611 831 2679 885 τὰ
2729 830 2860 897 τρία
2903 826 3341 895 συναλείφομεν,
3375 824 3459 877 ἵνα
3492 824 3566 894 μὴ
3595 821 3692 875 τοῦ

412 914 699 982 peregrina
761 924 817 969 et
885 915 1059 971 aliena
1137 917 1282 970 inter
1353 931 1411 972 se
1473 917 1765 973 dividimus
1818 934 1885 970 ne
1954 920 2005 970 in

415 1004 529 1057 Arii
585 1005 825 1061 furorem
885 1008 1225 1074 incidamus;
1283 1008 1376 1063 sed
1418 1019 1666 1062 naturam
1726 1023 1885 1061 unam
1952 1010 2003 1062 in

415 1098 589 1152 tribus
675 1101 1060 1170 hypostasibus
1144 1104 1519 1170 praadicamus.
1608 1103 1842 1156 Rursum
1939 1103 2006 1157 de

416 1192 794 1247 incarnatione
861 1194 952 1248 Dei
1033 1193 1313 1250 Sermonis
1378 1196 1529 1249 velut
1605 1210 1673 1249 ex
1740 1194 2007 1248 diametro

414 1285 560 1340 inter
587 1302 644 1340 se
676 1286 986 1355 pugnabant
1040 1285 1323 1342 Nestorius
1349 1297 1403 1341 et
1469 1287 1757 1358 Eutyches.
1799 1286 2009 1354 Quippe

418 1376 699 1433 Nestorius
750 1378 933 1433 aiebat
975 1379 1112 1435 duas
1159 1390 1381 1434 naturas
1434 1390 1713 1449 separatas
1763 1389 1820 1432 et
1875 1378 2008 1433 duas

417 1486 704 1537 personas,
761 1483 817 1526 et
870 1473 1004 1526 duos
1034 1472 1304 1537 Christos,
1351 1481 1407 1527 et
1439 1471 1576 1527 duos
1601 1470 1807 1526 Filios:
1840 1472 2007 1541 Euty-

419 1561 551 1616 rhes
576 1578 704 1618 vero
739 1574 991 1619 naturam
1034 1582 1195 1620 unam
1230 1575 1283 1619 et
1328 1581 1489 1618 unam
1522 1565 1860 1636 hypostasin.
1899 1562 2009 1619 Nos

419 1664 599 1707 autem
630 1653 862 1708 dicimus
907 1671 1074 1709 unam
1114 1656 1454 1726 hypusmsin,
1501 1670 1668 1709 unum
1705 1653 2005 1718 Christum,

419 1760 585 1800 unum
618 1744 839 1809 Filium,
897 1748 952 1801 in
986 1747 1198 1802 duabus
1222 1746 1477 1818 perfectis
1511 1748 1750 1812 naturis,
1803 1747 2006 1800 divini-

2107 924 2400 978 Σαϐελλίου
2449 924 2608 976 νόσον
2665 923 3018 991 νοσήσωμεν,
3072 919 3196 973 οὔτε
3249 917 3570 988 διαιροῦμεν
3609 919 3691 979 είς

2103 1019 2234 1089 τρία
2265 1017 2476 1086 ἔκφυλα
2510 1019 2605 1069 καὶ
2650 1015 2928 1085 ἀλλότρια,
2978 1014 3067 1066 ἵνα
3110 1012 3185 1082 μὴ
3223 1012 3292 1064 τὰ
3334 1009 3547 1079 ’Λρείον
3584 1024 3694 1074 μα·

2106 1110 2323 1179 νῶμεν·
2359 1108 2497 1162 ἀλλὰ
2533 1107 2661 1178 μίαν
2707 1106 2870 1177 φύσιν
2904 1109 2965 1158 ὲν
2994 1106 3144 1175 τρισὶ
3183 1104 3533 1175 κηρύττομεν
3555 1099 3694 1152 ὑποο

2106 1204 2353 1258 στάσεσι.
2404 1202 2573 1256 Πάλιν
2622 1201 2717 1255 ἐπὶ
2772 1201 2872 1268 τῆς
2928 1199 3401 1268 ἒνανορωπήσεως
3430 1194 3526 1248 τοῦ
3554 1188 3694 1245 Θεοῦ

2107 1295 2285 1362 Λόγου
2307 1292 2499 1363 ὥσπερ
2528 1293 2593 1345 ὲκ
2616 1293 2914 1363 διαμέτρου
2952 1288 3224 1359 ὶμάχοντο
3254 1286 3394 1357 πρὸς
3423 1284 3696 1357 ἀλλήλους

2106 1388 2208 1441 ὅτε
2234 1386 2532 1456 Νεστόριος
2563 1386 2657 1440 καὶ
2694 1386 2723 1438 6
2756 1381 3106 1453 Εὑτυχή;.⁹0
3140 1379 3239 1451 μὲν
3262 1381 3372 1451 γὰρ
3397 1378 3695 1446 Νεστόριος

2107 1480 2263 1549 ἔλεγε
2287 1479 2384 1532 δύο
2411 1477 2604 1546 φύσεις
2640 1476 3083 1545 κεχωρισμένας,
3130 1471 3226 1526 καὶ
3274 1470 3369 1523 δύο
3397 1469 3691 1539 πρόσωπα,

2109 1572 2336 1628 καὶδύο
2368 1571 2665 1643 Χριστοὺς,
2715 1571 2811 1622 καὶ
2869 1568 2963 1621 δύο
2994 1566 3180 1631 υἱούς·
3238 1567 3266 1619 6
3311 1564 3370 1619 δὲ
3424 1561 3693 1633 Εὐτυχῂς,

2113 1669 2242 1738 μίαν
2274 1666 2460 1738 φύσιν,
2526 1664 2623 1719 καὶ
2671 1664 2802 1733 μίαν
2860 1662 3185 1716 ὑπόστασιν.
3232 1660 3426 1728 Ἦμεῐς
3464 1657 3522 1711 δὲ
3564 1656 3695 1725 μίαν

2111 1763 2435 1820 ὑπόστασιν.
2466 1760 2563 1813 ἕνα
2591 1758 2851 1828 Χριστὸν,
2889 1757 2986 1810 ἕνα
3012 1756 3140 1809 Υἱὸν
3173 1756 3231 1807 ὲν
3259 1752 3353 1807 δύο
3384 1750 3581 1820 φύσεσι
3611 1767 3693 1802 τε·

422 1846 552 1903 tate,
587 1837 835 1906 inquam,
867 1848 921 1892 et
943 1840 1301 1903 humanitate,
1328 1838 1765 1907 inseparabiliter
1785 1850 1840 1893 et
1868 1838 2004 1891 ritra

2113 1856 2306 1919 λείαις,
2331 1853 2550 1922 θεότητι
2576 1821 2723 1919 λέγω
2785 1849 2881 1901 καὶ
2936 1844 3344 1917 ἀνθρωπότητι,
3372 1842 3696 1912 ἁχωρίστως

421 1928 796 1983 confusionem
832 1930 1016 1983 uuitis.
1043 1929 1231 2000 Itaque
1271 1930 1464 1985 semita
1508 1929 1682 1984 media
1726 1928 2002 1999 regiaque,

420 2021 579 2075 sicuti
610 2021 868 2084 diximus,
911 2022 1151 2078 incedito
1200 2024 1674 2094 (quemadmodum
1711 2024 2006 2092 Gregorius

420 2112 511 2167 ille
545 2113 854 2184 Theologus
904 2116 976 2168 ait
1011 2132 1026 2170 :
1056 2116 1288 2171 Medium
1338 2133 1463 2170 cum
1512 2117 1657 2183 dico,
1719 2120 2004 2172 veritatem

419 2204 685 2275 intelligo,
709 2208 775 2261 ntl
804 2225 966 2276 quam
992 2210 1160 2263 solam
1195 2212 1238 2263 si
1270 2211 1644 2276 respiciemus,
1669 2221 1815 2265 recte.
1840 2210 2010 2265 facie-

426 2300 597 2363 mus),
629 2315 726 2354 nec
762 2310 846 2355 εει
882 2302 1024 2371 quod
1066 2319 1348 2356 numerum
1380 2303 1614 2358 duorum
1659 2303 2001 2358 reformides.

420 2388 885 2456 Quemadmodum
928 2395 1095 2459 enim,
1133 2410 1255 2447 cum
1292 2396 1343 2448 in
1373 2396 1656 2450 divinitate
1692 2406 1801 2449 tres
1837 2398 2008 2467 hypo-

421 2489 597 2533 stases
632 2480 885 2543 dicimus,
910 2482 1109 2535 nullam
1144 2494 1351 2539 natura!
1380 2486 1699 2542 divisionem
1728 2487 1959 2541 facimus
1990 2504 2005 2542 :

422 2572 501 2625 sic
529 2574 663 2627 etin
701 2573 803 2628 hac
837 2575 1261 2644 dispensatione,
1290 2594 1411 2631 cmn
1449 2580 1586 2632 duas
1621 2585 1844 2632 naturas
1874 2582 2010 2631 dici-

425 2682 565 2730 mus,
623 2666 826 2721 nullam
857 2668 1027 2735 ipsius
1061 2670 1366 2740 ltypostasis
1400 2670 1724 2726 divisionem
1757 2671 2006 2726 facimus.

421 2761 599 2826 Aulne
660 2761 761 2815 Ιιιὶο
810 2761 939 2813 illud
996 2774 1101 2829 est,
1152 2766 1294 2833 quod
1354 2764 1649 2831 Gregorius
1707 2766 2009 2833 Tltcologus

423 2849 478 2905 in
513 2865 549 2904 ll
603 2853 670 2906 ad
720 2852 1041 2908 Cledouintn
1073 2856 1212 2909 libro
1241 2856 1373 2910 dicit
1408 2875 1422 2909 :
1472 2857 1600 2910 liico
1646 2869 1825 2911 autem
1861 2859 2007 2912 aliud

422 2954 589 3014 atque
609 2946 776 3007 aliud.
815 2963 968 3004 versa
997 2950 1116 3005 vice
1142 2958 1303 3020 atque
1326 2950 1385 3005 in
1414 2949 1679 3005 Trinitate
1708 2967 1795 3005 res
1825 2952 2005 3005 habet.

422 3038 534 3093 lllic
564 3042 708 3094 enim
739 3040 879 3096 alius
906 3053 1069 3111 atque
1100 3042 1264 3103 alius.
1306 3057 1376 3096 ne
1416 3042 1736 3113 hypostases
1779 3041 2011 3093 conluu-

2110 1950 2202 2003 καὶ
2264 1947 2591 2017 ἀσυγχύτως
2643 1943 2976 2013 ήνωμέναις.
3042 1937 3235 2003 Βάδιζε
3269 1937 3361 1991 οὖν
3388 1937 3486 2007 τὴν
3518 1933 3695 2005 μέσην

2111 2042 2210 2096 καὶ
2271 2038 2587 2111 βασιλικὴν,
2633 2037 2710 2099 ὡς
2770 2035 3024 2102 εἴπομεν,
3080 2030 3272 2099 τρίϐον
3325 2027 3422 2095 (ὥς
3466 2043 3629 2097 φησιν
3670 2026 3699 2075 ό

2110 2132 2375 2199 Θεολόγος
2416 2130 2757 2201 Γρηγόριος·
2800 2126 3093 2193 Μεσότητα
3145 2122 3199 2175 δὲ
3233 2123 3363 2174 ὅταν
3393 2121 3554 2176 εἴπω.
3596 2117 3699 2188 τὴν

2111 2227 2370 2296 ἀλήθειαν
2403 2223 2570 2291 λέγω,
2603 2221 2741 2290 πρός
2768 2221 2835 2290 ἢν
2866 2216 3087 2286 βλέπειν
3140 2212 3321 2274 καλῶς
3364 2210 3565 2280 ἔχομεν
3598 2209 3699 2276 μό-

2112 2319 2257 2389 νην),
2316 2317 2393 2386 μὴ
2450 2314 2711 2383 φοὸηθεὶς
2759 2312 2851 2364 τὸν
2895 2308 3130 2379 ἀριθμὸν
3179 2306 3290 2358 τῶν
3332 2304 3447 2356 δύο.
3484 2303 3696 2369 ’Ὠσπερ

2111 2412 2223 2478 γὰρ
2254 2410 2350 2461 hri
2380 2406 2483 2477 τῆς
2542 2404 2815 2473 Θεότητος
2857 2404 3007 2472 τρεῖς
3059 2397 3391 2459 ὑποστάσεις
3422 2394 3697 2462 λέγοντες,

2110 2504 2173 2556 οὺ
2227 2501 2491 2571 ποιοῦμεν
2543 2497 2809 2567 διαίρεσιν
2843 2493 3059 2561 φύσεως
3082 2508 3097 2523 ⁸
3131 2490 3273 2545 οὕτω
3336 2489 3429 2543 καὶ
3464 2488 3557 2540 ἐπὶ
3597 2486 3700 2555 τῆς

2112 2595 2427 2663 οἰκονομίας
2459 2592 2553 2645 δύο
2599 2591 2792 2658 φύσεις
2824 2587 3099 2654 λέγοντες,
3138 2584 3199 2637 οὐ
3244 2579 3510 2651 ποιοῦμεν
3557 2579 3700 2632 διαί-

2115 2706 2266 2758 ρεσιν
2294 2685 2671 2745 ὑποστάσεως.
2703 2682 2815 2736 Καὶ
2835 2679 2996 2733 τοῦτό
3024 2681 3195 2742 ἐστιν,
3214 2677 3351 2743 ὅπερ
3374 2679 3403 2728 ό
3434 2674 3701 2741 Θεολόγος

2114 2781 2416 2850 Γρηγόριος
2468 2780 2528 2830 ὲν
2583 2775 2659 2845 τῷ
2707 2774 2846 2845 πρὸς
2910 2771 3207 2840 Κληδόνων
3259 2767 3500 2837 δευτέρῳ
3556 2764 3701 2833 λόγῳ

2113 2873 2284 2942 φησί·
2332 2872 2493 2937 Λέγω
2525 2868 2581 2921 δὲ
2612 2868 2765 2930 ἄλλο,
2817 2864 3059 2935 ἔμπαλιν
3104 2861 3137 2932 ἢ
3176 2859 3270 2913 ἐπὶ
3315 2858 3411 2928 τῆς
3465 2856 3701 2929 Τριὰδος

2114 2964 2253 3032 ἔχει.
2298 2961 2445 3014 Ἐκεῖ
2478 2962 2578 3027 μὲν
2612 2960 2722 3028 γὰρ
2777 2956 2939 3018 ἄλλος
2975 2956 3069 3007 καὶ
3120 2952 3302 3013 ἄλλος,
3361 2950 3448 3003 ἵνα
3486 2951 3559 3018 μὴ
3600 2947 3701 3008 τὰς
3808 2978 3815 2983 ς

2115 3055 2446 3117 ὑποστάσεις
2488 3052 2830 3121 συγχέωμεν,
2868 3050 2972 3101 οὐκ
3010 3047 3141 3101 ἄλλο
3187 3044 3246 3098 δὲ
3282 3043 3377 3097 καὶ
3432 3042 3597 3096 ἄλλο·
3642 3040 3702 3091 ἓν

422 3132 653 3199 damus;
715 3147 821 3185 non
870 3144 1048 3186 autem
1093 3133 1240 3188 aliud
1280 3142 1449 3202 atque
1498 3133 1683 3196 aliud;
1740 3132 1864 3202 quia
1906 3133 2005 3185 tria

2113 3147 2220 3218 γὰρ
2268 3146 2340 3200 τὰ
2383 3144 2532 3216 τρία,
2597 3143 2690 3196 καὶ
2723 3140 2918 3195 ταυτὸν
2948 3142 3015 3210 τῇ
3051 3139 3290 3208 θεότητι.
3343 3134 3455 3187 Καὶ
3501 3131 3701 3187 σκόπει

420 3232 550 3277 aunt
588 3238 751 3277 unum
780 3234 833 3278 et
872 3225 1012 3278 idem
1065 3225 1245 3294 quoad
1289 3224 1650 3279 divinitatem.
1679 3224 1848 3280 Recte
1884 3240 2011 3278 vero

422 3317 707 3386 quamlibet
798 3316 984 3371 seriem
1027 3319 1316 3373 verborum
1369 3318 1609 3388 religiosi
1649 3317 1811 3385 hujus
1863 3317 2012 3371 theo-

421 3411 527 3480 logi
560 3410 883 3465 considera:
916 3410 1077 3475 υἰιοο,
1099 3411 1295 3478 inquit,
1323 3411 1375 3464 in
1403 3409 1648 3472 Christo,
1682 3410 1825 3463 aliud
1848 3420 2012 3477 atque

426 3500 593 3554 aliud.
640 3499 775 3553 Nam
828 3500 972 3552 aliud
1008 3510 1200 3551 neutro
1231 3514 1429 3569 genere
1464 3502 1726 3569 positum,
1758 3506 2009 3551 naturam

424 3592 732 3659 significat;
795 3592 1039 3660 adeoque
1079 3591 1242 3643 aliam
1277 3600 1435 3659 atque
1462 3593 1625 3643 aliam
1673 3599 1921 3643 naturam
1958 3591 2009 3641 in

422 3683 643 3738 Christo
671 3683 825 3737 dicit.
851 3683 1005 3737 Alius
1031 3698 1158 3737 vero
1197 3683 1468 3753 signiﬁcat
1498 3684 1834 3753 hypostasiu.
1886 3683 2013 3735 ldeo

424 3775 660 3842 subjecit
708 3793 722 3827 :
774 3774 890 3829 Non
925 3776 1063 3828 alius
1111 3785 1272 3842 atque
1336 3775 1494 3828 alius.
1548 3773 1889 3827 Etianriilud
1927 3774 2014 3827 in-

424 3871 625 3935 spice:
673 3867 836 3923 Versa
865 3869 985 3922 vice
1039 3880 1203 3935 atque
1261 3869 1313 3921 in
1365 3867 1635 3921 Trinitate
1692 3883 1778 3922 res
1831 3867 2012 3922 habet.

427 3963 563 4014 Nam
598 3960 651 4014 in
700 3959 970 4015 Trinitate
1009 3975 1114 4013 una
1156 3971 1346 4013 natura
1396 3970 1499 4024 est,
1540 3961 1634 4015 sed
1667 3976 1770 4013 non
1826 3960 2011 4014 itidem

429 4073 533 4112 una
590 4058 917 4129 hypostasis.
978 4057 1038 4110 in
1067 4056 1287 4110 Christo
1323 4066 1502 4110 autem
1556 4070 1663 4109 una
1708 4054 2015 4124 hypustasis

425 4160 534 4213 est,
566 4160 621 4202 at
648 4165 756 4203 non
798 4149 985 4203 itidem
1020 4164 1128 4203 una
1166 4158 1380 4202 natura.
1428 4147 1539 4201 lloc
1563 4147 1770 4201 scilicet
1795 4148 2012 4200 deu0tal

423 4242 588 4296 illud:
620 4238 752 4295 Vice
770 4256 947 4295 versa.
971 4239 1105 4295 Nam
1128 4241 1197 4295 ibi
1230 4250 1421 4295 natura
1450 4256 1557 4295 una
1580 4250 1764 4302 est,ac
1788 4250 1899 4294 tres
1917 4239 2016 4307 hy-

425 4342 674 4401 postases
704 4349 716 4385 :
746 4333 833 4386 hic
859 4341 1040 4386 autem
1066 4348 1171 4386 una
1199 4334 1533 4403 hypostasis,
1553 4341 1608 4386 et
1638 4331 1758 4385 duae
1779 4340 2011 4384 naturai.

2115 3241 2299 3304 καλῶς
2337 3239 2577 3307 ἑκάστην
2608 3235 2762 3301 τάξιν
2790 3233 2889 3288 τοῦ
2917 3231 3069 3304 ἱεροῦ
3120 3230 3396 3296 θεολόγον.
3431 3228 3593 3292 Λέγω
3618 3225 3698 3287 δὲ,

2116 3335 2305 3405 φησὶν,
2338 3334 2434 3385 ἐπὶ
2462 3330 2557 3384 τοῦ
2596 3326 2839 3399 Χριστοῦ
2870 3326 3000 3382 ἄλλο
3033 3323 3127 3378 καὶ
3152 3321 3301 3376 ἄλλο.
3327 3320 3403 3373 Τδ
3428 3320 3537 3387 γὰρ
3569 3317 3705 3372 ἄλλο

2115 3420 2415 3491 οὐδετέρως
2448 3419 2754 3489 τιθέμενον,
2781 3416 2882 3486 τὴν
2911 3413 3076 3483 φύσιν
3109 3412 3281 3483 δηλοῖ,
3337 3412 3459 3478 ἦτοι
3504 3408 3704 3478 ἑτέραν

2115 3517 2212 3568 καὶ
2265 3513 2462 3583 ἑτέραν
2512 3512 2678 3581 φύσιν
2732 3509 2828 3563 ἐπὶ
2870 3507 2965 3561 τοῦ
3008 3504 3250 3577 Χριστοῦ
3298 3503 3482 3572 λέγει’
3537 3501 3601 3555 το
3642 3500 3703 3553 δὲ

2115 3605 2299 3670 ἄλλος,
2328 3603 2587 3676 σημαίνει
2613 3604 2713 3672 τὴν
2743 3603 3065 3656 ὑπόστασιν.
3114 3599 3205 3652 Διὸ
3254 3598 3554 3669 ἑπήγαγεψ
3585 3595 3703 3648 Οὐκ

2116 3698 2275 3763 ἄλλος
2304 3700 2402 3752 καὶ
2425 3698 2608 3761 ἄλλος.
2639 3697 2784 3768 Ὅρα
2844 3695 2902 3749 δὲ
2945 3695 3042 3749 καὶ
3092 3694 3175 3759 τὸ,
3216 3691 3495 3763 Ἐμπαλιν
3533 3689 3567 3759 ἦ
3609 3688 3704 3741 ἐπὶ

2116 3792 2218 3854 τῆς
2246 3791 2481 3863 Τριάδος
2513 3791 2649 3860 ἔχει.
2696 3790 2823 3844 Ἐπὶ
2873 3789 2975 3859 μὲν
3007 3787 3120 3857 γὰρ
3176 3785 3277 3856 τῆς
3333 3783 3567 3855 Τριάδος
3604 3784 3704 3852 μία

2119 3882 2281 3950 φύσις
2326 3882 2476 3934 ἐστὶν
2498 3921 2513 3942 ,
2547 3881 2662 3934 ἀλλ’
2700 3880 2822 3951 οὐχὶ
2877 3881 2972 3933 καὶ
3011 3878 3109 3948 μία
3140 3877 3482 3936 ὑπόστασις
3516 3873 3610 3925 ἐπὶ
3646 3871 3704 3925 δὲ

2118 3975 2212 4031 τοῦ
2252 3977 2516 4047 Χριστοῦ,
2581 3976 2676 4046 μία
2737 3974 3059 4035 ὑπόστασις,
3121 3971 3238 4024 ἀλλ’
3282 3971 3405 4039 οὑχὶ
3457 3967 3554 4020 καὶ
3606 3968 3703 4035 μία

2119 4072 2306 4143 φύσις.
2342 4072 2452 4124 Καὶ
2475 4069 2635 4124 τοῦτό
2662 4071 2780 4122 ἐστι
2812 4068 2900 4131 τδ,
2954 4064 3218 4137 ἔμπαλιν.
3269 4065 3424 4116 Ἑκεί
3457 4060 3558 4131 μὲν
3596 4060 3703 4128 γὰρ

2122 4164 2225 4235 μία
2256 4163 2440 4234 φύσις,
2481 4162 2579 4217 καὶ
2614 4162 2768 4231 τρεῖς
2806 4160 3175 4220 ὑποστάσειςο
3227 4153 3465 4208 ἐνταῦθα
3503 4153 3559 4205 δὲ
3604 4151 3705 4221 μία

2120 4257 2425 4319 ὑπόστασις
2465 4256 2561 4308 καὶ
2599 4254 2695 4308 δύο
2733 4252 2948 4324 φύσεις.

501 4516 595 4572 llis
634 4516 814 4581 dictis,
866 4514 1315 4583 religiosissimus
1360 4516 1648 4585 episcopus
1690 4512 2007 4584 Gregorius.

2187 4504 2410 4558 Τούτων
2474 4501 2790 4575 ῥηθέντων,
2852 4503 2881 4555 ό
2939 4498 3340 4559 εὑλαϐέστατος
3404 4492 3705 4555 ἐπίσκοπος

425 4609 754 4669 sanctissimi
799 4610 1086 4666 Generalis
1119 4609 1499 4671 consobrinus,
1530 4623 1663 4664 voce
1691 4622 1882 4676 magna
1911 4620 2011 4658 ex-

424 4702 695 4756 clamabat
727 4719 741 4755 :
780 4699 892 4772 Ego
920 4699 1197 4754 Romanus
1230 4716 1376 4754 sum.
1444 4699 1750 4753 Auathema
1792 4712 1895 4751 non
1923 4696 2008 4750 di-

424 4795 723 4850 centiduas
757 4794 813 4848 in
835 4793 1050 4850 Christo
1073 4794 1332 4847 naturas!
1427 4807 1431 4811 ’

502 4974 767 5029 Postridie
821 4974 1262 5043 religiOsissimus
1300 4972 1535 5043 Sappirii
1597 4974 1883 5039 episcopus
1912 4972 2011 5023 ad-

422 5069 575 5123 venit
604 5083 619 5121 :
663 5068 845 5135 itaque
878 5081 1006 5121 cum
1039 5064 1131 5119 illo
1162 5063 1446 5120 Generalis
1477 5078 1725 5119 seorsum
1768 5076 1831 5115 ea
1864 5075 2014 5115 com—

426 5161 783 5222 municabat,
837 5174 959 5229 quae
1024 5158 1091 5213 de
1145 5156 1423 5226 proposita
1496 5154 1797 5226 qttzestiotte
1870 5154 2010 5206 dicta

424 5250 674 5306 fuissent.
705 5250 880 5306 Etiam
928 5250 1168 5305 ostendit
1215 5251 1263 5303 ei
1293 5262 1651 5318 quascunque
1697 5255 2008 5299 sanctorum

426 5345 705 5399 hominum
760 5346 1113 5401 auctoritates
1172 5342 1424 5406 habebat,
1471 5341 1605 5395 duas
1663 5339 1720 5394 in
1796 5338 2013 5394 Christo

427 5446 652 5490 naturas
701 5438 1017 5492 dicentium.
1052 5437 1124 5491 At
1154 5437 1219 5501 is,
1248 5434 1393 5505 quod
1432 5433 1672 5488 disertus
1722 5441 1888 5497 esset,
1944 5432 2010 5487 ad

426 5527 635 5581 libitum
687 5544 841 5585 suum
897 5545 990 5584 eas
1045 5530 1406 5596 pervertebat.
1444 5527 1631 5596 itaque
1673 5542 1796 5581 cum
1831 5522 2012 5580 Gene-

426 5620 561 5673 ralis
593 5637 717 5674 eum
765 5623 917 5676 valde
957 5624 1326 5684 resistentem,
1370 5637 1434 5677 ac
1470 5630 1859 5688 repugnantem
1914 5620 2012 5674 de-

426 5713 792 5781 prehendc:et
815 5753 830 5777 ,
886 5730 986 5769 nos
1036 5716 1373 5776 arcessebat,
1406 5724 1461 5767 et
1495 5716 1577 5768 his
1609 5713 1789 5767 verbis
1824 5711 2012 5766 uteba-

427 5803 517 5855 tur
551 5820 563 5856 :
589 5802 779 5859 Petrus
809 5805 895 5859 hic
926 5805 1233 5871 episcopus,
1265 5806 1354 5872 qui
1381 5820 1621 5870 prwscus
1644 5814 1749 5869 cst,
1773 5803 2008 5868 colloqui

2117 4598 2444 4669 Γρηγόριος,
2501 4598 2531 4651 6
2585 4595 2682 4649 τοῦ
2737 4593 3046 4663 ἁγιωτάτον
3115 4588 3408 4645 καθολικοῦ
3461 4586 3702 4655 ἀνεψιὸς,

2114 4692 2312 4762 ἐϐόησε
2363 4691 2520 4761 φωνῇ
2566 4688 2779 4761 μεγάλῃ
2803 4706 2817 4719 ·
2863 4686 3007 4753 Ἐγὼ
3043 4684 3321 4755 Ῥωμαῖός
3365 4684 3486 4751 εἰμι
3511 4698 3526 4713 ·
3564 4681 3699 4734 ἀνά-

2115 4784 2261 4854 θεμα
2289 4781 2367 4852 τῷ
2399 4781 2476 4853 μὴ
2504 4780 2720 4849 λέγοντι
2773 4777 2868 4832 δύο
2891 4778 3086 4845 φύσεις
3116 4777 3176 4829 ἐν
3206 4773 3288 4844 τῷ
3310 4770 3554 4843 Χριστῷ.

2186 4966 2268 5037 Τῇ
2321 4963 2587 5034 ἐπαύριον
2638 4956 2805 5035 ἦλθεν
2860 4961 2890 5014 ὁ
2942 4957 3345 5019 εὑλαὸέστατος
3394 4950 3703 5015 ἐπίσκοπος

2117 5057 2447 5127 Σαππιρίου.
2512 5054 2941 5109 Ἀνεκοινώσατο
2998 5050 3093 5106 οὖν
3133 5049 3286 5119 αὑτῷ
3328 5048 3359 5099 6
3413 5045 3700 5107 καθολικὺς

2115 5154 2281 5223 χωρὶς
2312 5151 2470 5219 ἡμῶν
2492 5151 2557 5203 τὰ
2587 5147 2891 5217 λαληθέντα
2922 5147 3047 5213 περὶ
3075 5144 3170 5197 τοῦ
3196 5141 3561 5212 προκειμένου
3599 5137 3701 5208 ζηο

2115 5252 2377 5311 τήματος.
2432 5242 2642 5305 Ἐδειξε
2693 5241 2751 5294 δὲ
2797 5237 2948 5305 αὐτῷ
2989 5238 3085 5291 καὶ
3141 5237 3274 5297 ὅσας
3316 5228 3432 5303 εἶχε
3475 5234 3703 5303 χρήσεις

2116 5338 2310 5404 ἁγίων,
2357 5336 2452 5389 δύο
2497 5335 2765 5404 λεγούσας
2806 5332 3000 5402 φύσεις
3045 5333 3101 5384 ὲν
3132 5330 3211 5399 τῷ
3263 5326 3507 5399 Χριστῷ.
3553 5326 3613 5379 '0
3644 5326 3705 5379 δὲ

2113 5433 2436 5500 διέστρεφεν
2464 5430 2658 5493 αὑτὰς,
2699 5428 2880 5495 λόγιος
2913 5425 3012 5487 ὣν,
3042 5428 3120 5484 εἰς
3149 5424 3211 5477 τὸ
3232 5423 3432 5478 ἑαυτοῦ
3465 5422 3699 5491 θέλημα.

2127 5524 2215 5587 Ὠς
2247 5523 2339 5577 οὖν
2366 5514 2524 5592 εὗρεν
2555 5521 2719 5575 αὑτὸν
2747 5522 2776 5573 6
2807 5519 3097 5581 καθολικὸς
3128 5516 3377 5587 σφοδρῶς
3410 5516 3702 5585 ἐνιστάμεο

2115 5635 2206 5671 νον
2260 5617 2356 5669 καὶ
2405 5614 2855 5675 ἀντιπαλαίοντα,
2909 5610 3320 5679 μετεκαλέσατο
3378 5610 3552 5677 ἡμᾶς.
3606 5609 3703 5661 καί

2116 5726 2252 5779 φησι
2286 5707 2423 5777 πρὸς
2459 5708 2643 5775 ἡμᾶς’
2691 5705 2750 5757 Ὀ
2796 5702 2995 5773 παρὼν
3038 5702 3340 5764 ἐπίσκοπος
3372 5701 3581 5768 Πέτρος
3612 5700 3703 5750 θέο

2115 5800 2196 5854 let
2245 5801 2385 5865 μετᾶ
2436 5797 2530 5852 σοῦ
2580 5795 2939 5865 διαῖοεχοῆναι
2986 5796 3113 5864 περὶ
3171 5793 3338 5864 μέσον
3394 5791 3553 5864 ἡμῶν
3605 5791 3701 5845 καὶ
