4140 6420
466 347 570 414 ιιθ

1821 328 2286 394 DiSl‘UTATlO
2329 327 2368 389 ί.

3642 314 3739 376 150

460 461 622 533 ὑμῶν
669 456 1004 517 ὑποθέσεως.
1044 453 1240 523 Ἔλεγε
1284 464 1398 522 γαρ
1448 448 1530 503 ὅτι
1556 449 1583 503 ὁ
1611 448 1668 500 ὲν
1711 446 1888 517 άγίοις
1932 444 2049 499 K6-

2160 449 2333 496 tecum
2394 452 2459 493 ac
2514 450 2854 505 argumento,
2888 432 3030 507 quod
3075 430 3220 487 inter
3262 445 3361 486 nos
3416 420 3741 492 tractamus,

462 551 647 623 ριλλος
679 549 812 619 μίαν
843 547 1007 616 φύσιν
1028 544 1180 613 λέγει
1202 543 1342 615 μετά
1358 540 1457 614 τὴν
1481 540 1698 595 ἕνωσιν.

547 729 606 785 Ὅ
630 728 828 787 ΘΕΩΡ.
876 726 988 782 Πού
1019 725 1168 794 λέγει
1197 724 1377 790 τοῦτο,
1410 722 1652 777 δέσποτα
1692 720 1985 783 ἐπίσκοπε,
2028 721 2054 772 ὁ

461 822 619 891 ἅγιος
652 821 924 892 Κύριὶ.λο;
945 838 961 885 ;

544 917 606 967 Ὀ
645 916 896 969 ἘΠΙΣξμ
953 915 1043 970 Ἑν
1072 917 1137 984 τῇ
1168 915 1400 986 δευτέρα
1424 915 1563 982 πρὸς
1597 910 1895 967 Σούκενσον
1925 912 2052 964 ὲπι-

464 1010 652 1078 στολῇ,
698 1008 843 1063 κατά
879 1008 992 1061 τῶν
1032 1007 1307 1076 λεγόντων
1332 1025 1347 1040 σ
1383 1008 1446 1062 Ei
1505 1006 1605 1077 μία
1655 1005 1820 1075 φύσις
1853 1005 2053 1075 γέγονε

465 1100 607 1169 μετὰ
640 1098 740 1168 τὴν
770 1098 988 1162 ἕνωσιν,
1029 1100 1243 1170 ἀνάγκη
1276 1097 1468 1152 παθεῖν
1488 1097 1655 1153 αὐτὸν
1682 1099 1760 1155 είς
1785 1096 1883 1167 τὴν
1916 1095 2055 1150 ίδίαν

464 1190 632 1260 φύσιν
664 1208 679 1224 ·
710 1188 854 1244 οὕτω
894 1190 1034 1244 κατά
1083 1190 1235 1263 ῥῆμά
1286 1207 1443 1261 φησι.
1485 1190 1623 1243 Ποῖα
1646 1188 1828 1243 τοίνυν
1857 1187 2053 1240 παθεῖν

464 1283 632 1338 αὐτὸν
679 1283 896 1356 ἀνάγκη
937 1286 1018 1349 είς
1075 1285 1213 1339 ἰδίαν
1246 1286 1411 1357 φύσιν
1447 1286 1497 1339 εί
1525 1284 1740 1353 λέγοιτο
1783 1285 1923 1353 μετὰ
1955 1283 2053 1354 τὴν

462 1377 661 1430 ἕνωσιν
714 1376 813 1446 μία
863 1379 1028 1444 φύσις
1072 1375 1201 1431 Υἱοῦ
1252 1377 1695 1449 σεσαρκωμένη;
1746 1376 1911 1447 Ὁρᾷς
1970 1377 2053 1429 ὅτι

465 1468 608 1539 μετά
635 1467 734 1542 τὴν
754 1469 953 1523 ἕνωσιν
992 1468 1122 1539 μίαν
1158 1467 1327 1538 φύσιν
1362 1468 1538 1539 λέγει.

552 1645 613 1699 ’0
644 1645 840 1702 ΘΕΩΡ.
876 1648 988 1702 Καὶ
1014 1648 1146 1703 ποία
1180 1650 1329 1704 ἐστὶν
1362 1652 1396 1723 ἠ
1432 1650 1538 1704 ίδὶα
1568 1651 1731 1720 φύσις
1762 1652 1856 1706 τοῦ
1894 1653 2048 1720 Υίοῦ,

463 1742 546 1801 si;
577 1738 644 1810 ἥν
669 1740 767 1792 οὐκ
791 1740 940 1794 ἔστιν
972 1741 1187 1812 ἀνάγκη
1218 1743 1413 1797 παθεῖν
1441 1744 1607 1799 αὐτόν
1632 1762 1646 1812 ;

552 1831 611 1885 ’0
651 1831 904 1886 ἘΠΙΣΚ.
942 1834 1010 1887 Ἡ
1032 1833 1226 1905 θεότης
1263 1835 1359 1889 τοῦ
1397 1835 1552 1890 Υίοῦ.

550 1922 609 1978 ’0
636 1924 834 1978 ΘΕΩΡ.
919 1926 1035 1979 Ούκ
1088 1925 1293 1979 ἔπαθεν
1358 1927 1453 1981 οὖν
1516 1931 1544 1982 ὁ
1598 1929 1726 1993 Υἱὸς
1788 1932 1868 1995 είς
1917 1932 2057 1987 ἰδίαν

462 2016 657 2085 φύσινς

465 2196 608 2248 qua
643 2180 894 2247 πάσχειν.

558 2271 621 2323 Ὀ
649 2271 847 2326 ΘΕΩΡ.
884 2274 1099 2329 Ἔπαθε
1133 2275 1189 2330 δὲ
1228 2277 1381 2347 ὅμως
1413 2279 1534 2331 κατ’
1576 2279 1839 2353 ἀλήθειαν
1864 2282 1891 2334 ὀ
1919 2282 2056 2353 Χρι-

467 2363 594 2424 στός
616 2382 632 2429 ;

554 2455 613 2510 ’0
658 2458 910 2515 ἘΠῙΣΚ.
947 2461 1077 2528 Ναὶ,
1123 2463 1241 2517 ἀλλ’
1270 2467 1348 2530 είς
1397 2468 1499 2538 τὴν
1552 2468 1829 2540 ἡμετέραν
1869 2469 2050 2539 φύσιν·

466 2548 606 2619 αὕτη
642 2551 751 2623 γάρ
773 2553 986 2622 πέφυκε
1018 2556 1278 2627 πάσχειν.

555 2645 616 2696 Ὀ
650 2644 848 2702 ΘΕΩΡ.
879 2647 985 2703 Δύο
1009 2646 1103 2701 οὖν
1139 2649 1297 2721 ἔσχεν
1327 2652 1355 2705 ὁ
1388 2653 1624 2723 Χριστὸς
1665 2653 1876 2723 φύσεις,
1926 2658 2057 2728 μίαν

471 2740 785 2807 πεφυκυῖαν
830 2740 1083 2811 πάσχειν.
1134 2745 1231 2796 καὶ
1290 2745 1422 2811 μίαν
1461 2746 1536 2817 μὴ
1583 2749 1896 2817 πεφυκυῖαν
1948 2749 2057 2802 πάρ

471 2845 645 2899 σχειν.

552 2923 644 2978 Ἐν
671 2925 885 2991 τούτοις
922 2928 1018 2981 τοῦ
1068 2929 1474 2987 εύλαϐεστάτου
1514 2933 1726 3004 Πέτρου
1773 2936 2055 3006 φιμωθένο

466 3032 582 3078 τος.
606 3018 853 3085 ἀναστὰς
889 3021 920 3073 ὁ
948 3021 1154 3079 ἀνωθεν
1185 3024 1376 3095 ῥηθεὶς
1410 3025 1805 3090 εὐλαϐέστατος
1832 3030 2056 3082 ἐπίσκο-

548 2086 610 2140 '0
660 2087 908 2142 'EUIZK.
936 2088 1027 2160 Μὴ
1058 2091 1303 2156 γένοιτοί
1332 2094 1365 2162 ἡ
1396 2095 1506 2164 γὰρ
1526 2093 1645 2147 θεία
1678 2096 1840 2164 φύσις
1868 2095 1926 2149 οὐ
1963 2096 2061 2149 πέ-
2098 2118 2105 2123 ·

2157 534 2325 604 cupit.
2350 534 2441 589 Ait
2477 532 2663 598 enim,
2718 538 2967 591 sanctum
3019 528 3196 581 virum
3249 524 3512 596 Cyrillum
3570 538 3734 575 unam

2156 628 2342 684 dicere
2380 638 2631 681 naturam
2672 634 2793 693 post
2817 623 3136 679 unitionem.

2227 717 2485 775 TllEOR.
2527 715 2756 773 Ubinam
2791 717 2914 783 hoc,
2944 715 3162 771 domine
3192 712 3469 786 episcope.
3517 718 3740 766 sanctus

2154 806 2391 879 (Iyrillus
2419 804 2591 863 dicit?
3542 786 3549 793 “

2230 899 2451 957 EPISC.
2500 901 2554 956 In
2608 900 2848 957 secunda
2880 900 2947 955 ad
2984 899 3312 956 Successum
3347 897 3598 968 epistola,
3640 894 3740 948 ad-

2155 1008 2345 1050 versus
2399 1009 2496 1050 eos
2554 995 2646 1065 qui
2689 993 2919 1053 dicunt:
2953 992 3011 1049 Si
3071 1006 3176 1046 una
3222 997 3415 1045 natura
3468 990 3606 1043 facta
3653 995 3739 1043 83'.

2155 1097 2278 1160 post
2333 1089 2659 1155 unitionem,
2717 1101 2939 1147 necesse
2990 1096 3076 1145 est
3112 1101 3237 1142 eum
3298 1086 3353 1139 in
3400 1094 3589 1139 natura
3638 1075 3735 1138 Sua

2155 1199 2407 1255 passnm;
2459 1184 2537 1240 sic
2588 1183 2657 1252 ad
2710 1182 2933 1240 verbum
2986 1180 3061 1236 ait
3116 1177 3358 1246 :Qualia
3416 1190 3545 1231 vero
3616 1190 3741 1243 pas-

2155 1294 2273 1335 sum
2334 1278 2508 1346 ipsum
2564 1277 2642 1333 in'
2684 1287 2879 1332 natura
2933 1272 3150 1344 propria
3209 1284 3430 1325 necesse
3500 1277 3621 1330 est,
3693 1267 3736 1317 si

2156 1382 2275 1439 post
2308 1373 2629 1438 unitiouem,
2663 1388 2765 1424 una
2799 1369 2916 1425 Filii
2949 1375 3139 1422 natura
3175 1365 3386 1420 dicatur
3414 1358 3739 1416 iilt'al'll'liii?

2157 1462 2428 1527 Videsne,
2497 1464 2638 1529 quod
2690 1472 2814 1531 post
2864 1461 3197 1522 unitionem,
3262 1470 3423 1511 uuam
3489 1461 3738 1507 naturun

2156 1555 2348 1610 dicat?

2229 1645 2482 1702 THEOii.
2514 1647 2579 1701 Et
2601 1662 2848 1717 numnam
2878 1656 2962 1700 est
2992 1645 3082 1699 illa
3114 1642 3333 1713 propria
3371 1639 3492 1699 Filii
3518 1648 3738 1704 natura,

2160 1740 2211 1794 in
2239 1758 2339 1806 qua
2377 1756 2598 1795 necesse
2625 1757 2730 1795 non
2768 1751 2868 1805 est,
2905 1754 3027 1796 eum
3069 1753 3186 1793 esse
3213 1734 3472 1807 possunt?

2085 1802 2124 1857 Β
2232 1802 2447 1885 EPISC.
2487 1831 2755 1905 Divinitas
2788 1802 2930 1885 Filii.

2232 1922 2489 1978 TIIEOR.
2522 1922 2664 1994 Ergo
2714 1923 2883 1977 Filius
2916 1922 2969 1976 in
3016 1929 3208 1975 natura
3260 1916 3475 1988 propria
3524 1921 3744 1971 nonest

2160 2030 2356 2086 passus
2379 2016 2403 2069 ’ἒ

2234 2106 2450 2165 EPISC.
2509 2108 2664 2164 Absit
2708 2107 2843 2163 hoc!
2906 2105 3117 2177 Quippe
3157 2112 3349 2158 natura
3412 2101 3592 2159 divina
3664 2099 3744 2155 sic

2160 2212 2472 2271 comparata
2507 2217 2611 2257 non
2644 2212 2747 2269 est,
2784 2212 2842 2256 ut
2867 2201 2974 2271 pati
3009 2200 3203 2271 possit.

2233 2292 2489 2351 TllEOR.
2526 2293 2733 2349 Tamen
2762 2306 2953 2363 reapse
2982 2291 3234 2349 Christus
3269 2304 3462 2361 passus
3491 2296 3597 2345 est.

2232 2473 2447 2529 EPISC.
2484 2474 2640 2538 Vere,
2669 2474 2765 2528 sed
2793 2472 2847 2528 in
2874 2480 3066 2529 natura
3098 2478 3305 2533 nostra,
3339 2484 3459 2539 qua:
3480 2469 3559 2525 sic
3586 2483 3738 2526 com-

2158 2578 2339 2641 parata
2367 2579 2472 2632 est,
2501 2575 2562 2623 ut
2597 2567 2862 2634 patiatur._

2230 2661 2488 2720 THEOR.
2544 2662 2684 2732 Ergo
2732 2660 2983 2717 Christus
3038 2670 3263 2716 naturas
3321 2657 3455 2713 duas
3486 2656 3738 2721 habebat,

2159 2773 2320 2812 unam
2367 2758 2443 2811 sic
2483 2764 2873 2824 comparatam,
2924 2762 2979 2808 ut
3034 2760 3311 2823 pateretur
3342 2768 3358 2807 :
3387 2750 3647 2815 alteram,
3683 2755 3744 2804 ut

2159 2862 2265 2903 non
2300 2856 2597 2918 pateretur.

2230 2942 2325 2997 liis
2345 2957 2468 2995 cum
2502 2934 2818 2995 clituratum
2850 2947 2997 2995 esset
3025 2952 3087 2993 os
3113 2935 3523 3009 religiosissimo
3554 2934 3743 2999 Petro,

2159 3033 2511 3103 supradicms
2584 3031 3027 3102 religiosissimus
3101 3030 3392 3099 cpiscopus
3447 3026 3745 3091 Gregorius

467 3124 571 3206 ξος
596 3109 1054 3206 Γρηγύριοςῖἔςρη
1087 3132 1101 3147 ·
1133 3113 1278 3184 Ἐγὼ
1306 3118 1579 3187 Ῥωμαῖός
1615 3119 1751 3189 εἰμι,
1784 3120 1879 3172 καὶ
1898 3121 1976 3185 ὡς
2005 3121 2055 3174 oi

2160 3141 2388 3191 surgens
2423 3144 2436 3180 :
2480 3125 2589 3196 Ego
2619 3125 2896 3180 Romanus
2919 3138 3064 3189 sum,
3095 3123 3292 3192 inquit,
3314 3132 3509 3176 etcum
3542 3118 3746 3174 Roma-

472 3196 740 3273 ⁹Ρωμαῖοι
768 3223 805 3276 φ
812 3204 975 3275 ρονῶ,

540 3296 652 3349 Καὶ
684 3296 805 3367 μεθ’
835 3299 1052 3371 ἡμέρας
1100 3300 1197 3356 δύο
1230 3304 1394 3358 πάλιν
1430 3305 1864 3378 μετακληθέντες
1887 3309 2054 3378 ἀνήλ-

466 3387 638 3458 θομεν
666 3393 748 3455 είς
777 3392 842 3445 τὸ
871 3393 1125 3466 ὑπερῷον
1158 3398 1297 3467 πρὸς
1342 3397 1435 3451 τδν
1476 3397 1782 3467 ἁγιώτατον
1814 3400 2055 3455 Καθολι-

465 3479 587 3545 nov,
633 3482 731 3535 καὶ
764 3483 1145 3541 καθεσθέντων
1191 3487 1370 3559 ἡμῶν,
1426 3482 1549 3541 εἷπε
1604 3491 1741 3561 πρὸς
1800 3490 2009 3557 πάντας
2037 3509 2053 3523 ο

466 3574 586 3627 οὐκ
624 3573 777 3629 ἐστιν
809 3576 1038 3646 οὐδεμία
1065 3579 1390 3650 ἀμφιϐολία,
1423 3580 1519 3635 δύο
1558 3581 1753 3651 φύσεις
1791 3582 1973 3652 λέγειν
1998 3587 2055 3639 ἐν

464 3665 548 3737 τῷ
574 3666 822 3739 Χριστῷ,
849 3668 947 3722 ἐὰν
976 3671 1266 3742 ἠνωμένας
1295 3670 1500 3736 ταύτας
1520 3673 1876 3743 ὁμολογῶμεν
1905 3675 2057 3728 ἀδια-

467 3759 730 3823 σπάστως
782 3764 865 3825 si;
919 3764 1048 3833 μίαν
1096 3763 1421 3825 ὑπόστασιν.
1468 3764 1612 3820 καθά
1641 3768 1862 3835 φησινὸ
1900 3767 2056 3836 ἅγιος

464 3850 760 3925 Κύριλλος,
786 3853 844 3907 ιν
881 3857 950 3929 τῇ
1004 3856 1194 3929 πρώτῃ
1228 3857 1364 3928 πρὸς
1405 3858 1707 3912 Σούκενσον
1770 3860 2051 3931 ἐπιστολῇ.

465 3949 682 4003 Οὐκοῦν
708 3951 832 4004 ὅσον
870 3950 969 4021 μὲν
995 3946 1131 4023 ἧκεν
1164 3953 1246 4016 είς
1282 3951 1496 4006 ἔννοιαν
1531 3952 1626 4006 καὶ
1664 3954 1747 4018 εἰς
1797 3955 1963 4023 μόνον
1995 3958 2055 4008 τὸ

463 4043 603 4113 ὀρᾷν
632 4044 745 4103 τοῖς
770 4045 869 4112 τῆς
893 4042 1073 4113 ψυχῆς
1102 4044 1317 4115 ὄμμασι
1366 4044 1490 4098 τίνα
1542 4045 1744 4117 τρόπον
1774 4047 2052 4119 ὲνηνθρὼο

465 4149 647 4202 πηοεν
682 4135 713 4187 ὁ
757 4135 1092 4206 Μονογενὴς,
1146 4136 1246 4200 τὰς
1298 4137 1391 4190 δύο
1436 4136 1630 4207 φύσεις
1677 4134 1821 4192 εἷναί
1872 4157 2054 4210 φαμεν

465 4225 767 4291 ινωθεέσας
792 4240 807 4255 ·
835 4226 931 4279 ἕνα
959 4227 1017 4280 δὲ
1056 4228 1314 4298 Χριστὸν,
1358 4229 1451 4282 καὶ
1495 4229 1643 4294 Υἱὸν,
1689 4232 1783 4285 καὶ
1826 4231 2052 4304 Κύριον,

466 4319 563 4371 τὸν
592 4318 686 4373 τοῦ
720 4318 859 4372 Θεοῦ
887 4320 1066 4387 Λόγον
1099 4320 1611 4392 ὲνανθρωπήσαντα
1643 4323 1739 4377 καὶ
1770 4340 2056 4395 σεσαρκω-

468 4413 656 4480 μένον.
710 4412 873 4467 Ἀλλά
897 4413 962 4483 δὴ
999 4414 1096 4467 καὶ
1126 4414 1327 4479 πάντες
1354 4416 1402 4468 οἱ
1432 4415 1532 4484 τῆς
1575 4416 1907 4485 Ἐκκλησῑας
1933 4436 2050 4487 φω-

467 4504 692 4575 στῆρες,
740 4500 817 4559 ὧν
850 4506 965 4559 ἄνω
999 4509 1027 4561 ὁ
1072 4507 1365 4578 φιλόσοφος
1410 4507 1510 4564 τὰς
1570 4509 1799 4581 χρήσεις
1847 4500 2048 4581 ἠγαγε,
2086 4500 2130 4559 D

462 4598 626 4653 τοῦτο
655 4599 960 4672 διαρρήδην
992 4601 1178 4671 βοῶσι.
1212 4603 1323 4657 Καὶ
1355 4601 1543 4656 λοιπὸν
1574 4605 1689 4666 τοῖς
1744 4606 2049 4674 προφανέσι

466 4695 563 4747 καὶ
600 4696 863 4765 φανεροῖς
894 4695 1320 4768 ἀντιμάχεσθαι,
1368 4696 1463 4750 καὶ
1490 4696 1773 4766 ἀληθέσιν,
1803 4699 1907 4752 οὐκ
1935 4690 2063 4752 ἐστι’

463 4785 823 4856 Χριστιανοῦ.
874 4787 985 4841 Καὶ
1017 4789 1147 4858 περὶ
1177 4788 1279 4860 μὲν
1308 4788 1520 4842 τούτων
1555 4789 1665 4843 ἀπὸ
1706 4788 1801 4842 τοῦ
1829 4789 1925 4843 νῦν
1956 4810 2049 4846 κο-

462 4878 596 4949 may
629 4876 692 4930 ού
721 4876 880 4946 θέμις
900 4892 915 4906 ·
944 4878 1082 4932 ἀλλὰ
1110 4879 1162 4931 τί
1193 4879 1395 4932 κωλύει
1417 4882 1511 4933 καὶ⁵
1531 4879 1624 4933 δύο
1641 4880 1831 4947 φύσεις
1856 4882 2049 4951 ὁμολο-

462 4972 606 5039 γεῖν,
637 4970 733 5023 ἐπὶ
764 4969 859 5023 τοῦ
894 4969 1017 5034 ἐνὸς
1056 4971 1320 5039 Χριστοῦ,
1366 4974 1461 5026 καὶ
1500 4974 1628 5044 μίαν
1663 4974 1846 5043 φύσιν,
1869 4975 1957 5029 διὰ
1990 4977 2051 5029 τὸ

461 5064 774 5132 ἀδιαίρετον
828 5063 923 5117 καὶ
989 5062 1299 5134 ἀχώριστον
1343 5066 1441 5134 τῆς
1491 5066 1601 5119 τῶν
1647 5066 1869 5134 φύσεων
1913 5069 2038 5122 ἑνώ-

464 5175 645 5222 σεωςς
694 5157 1028 5229 εὑρίσκομεν
1070 5159 1179 5230 γὰρ
1230 5158 1324 5213 τὸν
1353 5158 1510 5226 ἅγιον
1566 5159 1837 5228 Κύριλλον
1877 5163 1936 5215 ὲν
1982 5164 2047 5233 τῇ

459 5251 698 5322 δευτέρᾳ
737 5250 877 5322 πρὸς
902 5250 1205 5304 Σούκενσον
1236 5252 1516 5323 ’ἐπιστολῇ
1549 5251 1694 5305 οὕτω
1742 5253 1931 5323 σαφῶς
1964 5254 2051 5307 λέ-

461 5361 673 5418 γονταο
719 5345 797 5401 Οὐ
837 5345 950 5415 γὰρ
983 5344 1077 5398 ἐπὶ
1114 5343 1297 5417 μόνων
1340 5345 1450 5398 τῶν
1481 5344 1669 5399 άπλῶν
1711 5345 1857 5401 κατά
1888 5346 2052 5416 φύσιν

457 5443 523 5497 τὸ
549 5438 610 5496 ἓν
637 5438 861 5510 άληθῶς
890 5438 1133 5509 λέγεται,
1179 5437 1318 5492 ἀλλά
1357 5438 1448 5491 καὶ
1482 5438 1576 5491 ἐπὶ
1610 5437 1719 5492 τῶν
1751 5438 1893 5494 κατά
1923 5438 2051 5493 σύν-

459 5536 612 5590 θεσιν
655 5532 1036 5605 συνηγμένων.
1097 5530 1318 5586 Ὀτυοϊόν
1360 5548 1412 5584 τι
1456 5530 1651 5602 χρῆμά
1698 5531 1851 5584 ἐστιν
1898 5532 1928 5585 ὁ
1959 5530 2055 5586 ἄν-

458 5629 680 5699 θρωπος
709 5630 775 5681 ἐκ
799 5627 981 5697 ψυχῆς
1006 5625 1101 5679 καὶ
1132 5624 1409 5693 σώματος.
1455 5623 1764 5693 Ἔτεροειδῆ
1817 5623 1914 5693 μὲν
1942 5623 2052 5695 γὰρ

458 5721 527 5768 τὰ
575 5715 823 5772 τοιαῦτα.
868 5714 965 5766 καὶ
1000 5713 1259 5784 ἀλλήλοις
1307 5714 1406 5781 οὐχ
1438 5713 1705 5782 ἐμοούσια
1730 5731 1742 5744 ·
1779 5713 2053 5767 ἑνωθέντα

461 5826 523 5878 τε
558 5810 691 5883 μὴν,
717 5808 853 5880 μίαν
878 5805 1176 5879 ἀνθρώπου
1219 5804 1386 5877 φύσιν
1430 5806 1784 5861 ἀπετέλεσαν.
1834 5805 2059 5878 Ἐπειδὴ

2162 3220 2245 3276 nis
2267 3222 2459 3275 sentio.

2231 3314 2359 3368 Post
2415 3314 2637 3368 biduum
2703 3326 2892 3367 rursus
2948 3307 3238 3371 arcessiti,
3287 3303 3629 3359 ascendimus
3689 3300 3751 3355 iu-

2158 3405 2526 3471 cmuaculum,
2556 3404 2622 3459 ad
2647 3400 3052 3458 sanctissimum
3074 3395 3438 3473 _Genera|em.
3498 3391 3746 3462 Cumque

2160 3495 2621 3559 consedissemus,
2640 3506 2832 3549 omnes
2869 3492 2950 3547 sic
2977 3479 3246 3545 allocutus
3280 3495 3401 3543 est:
3438 3483 3584 3539 Nihil
3625 3499 3746 3538 am-

2160 3589 2306 3655 higui
2338 3598 2441 3649 est.
2494 3589 2629 3642 duas
2669 3588 2722 3641 iu
2767 3585 2988 3645 Christo
3034 3590 3260 3639 naturas
3308 3580 3508 3643 dicere,
3540 3577 3584 3633 si
3615 3591 3746 3633 con-

2164 3684 2416 3736 titeamur
2442 3694 2539 3734 eas
2570 3682 2749 3740 unitas
2790 3674 3234 3746 inseparabiliter
3281 3674 3335 3727 in
3368 3686 3532 3726 unam
3571 3670 3745 3741 hypo-

2158 3776 2353 3838 sntsin,
2439 3772 2902 3842 quemadmodum
2970 3776 3196 3825 sanctus
3250 3767 3340 3823 ille
3381 3765 3619 3838 Cyrillus
3690 3766 3743 3818 iu

2160 3866 2333 3935 prima
2364 3866 2430 3919 ad
2482 3864 2809 3921 Successum
2857 3862 3087 3933 epistola
3135 3860 3413 3929 loquitur:
3443 3857 3741 3925 Quantum,

2162 3961 2436 4030 inquiens.
2472 3972 2650 4015 mente
2673 3968 2835 4029 atque
2867 3956 3039 4012 oculis
3063 3953 3231 4009 animi
3263 3953 3529 4008 duntaxat
3557 3948 3747 4005 videre

2158 4068 2470 4120 possumus.
2505 4066 2612 4121 quo
2626 4062 2785 4122 pacto
2803 4048 3128 4120 Unigeuitus
3146 4047 3236 4101 ille
3256 4046 3429 4101 factus
3449 4045 3521 4098 sit
3543 4044 3704 4099 homo
3726 4058 3740 4094 :

2160 4146 2296 4198 duas
2317 4159 2439 4199 esse
2473 4154 2703 4199 naturas
2748 4142 2983 4196 dicimus
3020 4141 3222 4201 unitas,
3273 4148 3332 4193 at
3381 4152 3545 4191 unum
3581 4134 3746 4191 Chri-

2159 4248 2303 4291 stum
2341 4246 2391 4290 et
2427 4235 2648 4298 Filium,
2689 4242 2745 4288 et
2786 4232 3096 4294 Dominum,
3148 4230 3237 4285 Dei
3280 4230 3621 4293 Sermonem,
3653 4228 3743 4297 Qui

2162 4329 2324 4384 homo
2380 4329 2556 4382 factus
2599 4337 2653 4382 et
2712 4328 3025 4380 incarnatus
3059 4335 3161 4379 est.
3201 4322 3506 4389 Quinetiam
3562 4321 3744 4375 omnia

2161 4421 2250 4476 illa
2310 4421 2519 4476 lumina
2571 4418 2847 4483 Ecclesiae,
2901 4432 3128 4486 quorum
3176 4416 3533 4471 auctoritates
3581 4424 3744 4468 antea

2162 4513 2517 4584 philosophus
2565 4512 2812 4578 adduxit,
2851 4511 2954 4566 hoc
2986 4510 3160 4579 ipsum
3182 4522 3444 4576 expresse
3480 4508 3745 4563 clamant.

2160 4605 2351 4676 Itaque
2376 4603 2684 4660 manifestis
2742 4612 2798 4657 et
2850 4603 3056 4672 apertis
3127 4610 3182 4661 et
3245 4601 3392 4657 veris
3441 4602 3744 4664 adversari,

2163 4713 2268 4753 non
2302 4704 2389 4754 est
2428 4696 2662 4751 hominis
2693 4695 3003 4751 christiani.
3035 4695 3114 4748 Ac
3144 4695 3208 4753 de
3240 4695 3322 4748 his
3353 4695 3568 4763 quidem
3598 4703 3748 4761 post-

2162 4788 2263 4843 hac
2313 4786 2538 4841 minime
2589 4784 2967 4841 laborandum.
3036 4782 3179 4852 Quid
3238 4793 3419 4839 autem
3474 4783 3742 4852 prohibet,

2161 4881 2453 4943 quominus
2487 4887 2541 4934 et
2569 4881 2703 4935 duas
2747 4891 2974 4936 naturas
3003 4879 3055 4933 in
3085 4894 3192 4933 uno
3236 4877 3476 4938 Christo,
3500 4885 3553 4931 et
3582 4893 3745 4930 unam

2161 4981 2438 5037 naturam,
2481 4983 2702 5041 propter
2742 4981 3018 5041 expertem
3057 4969 3340 5024 divisionis
3366 4976 3420 5021 et
3445 4966 3747 5033 separatio-

2162 5065 2249 5119 nis
2283 5074 2600 5118 naturarum
2632 5064 2912 5126 unionem,
2957 5059 3355 5118 conliteamur?
3383 5061 3590 5127 Quippe
3622 5074 3748 5112 san-

2160 5169 2307 5215 ctum
2364 5159 2515 5213 illum
2554 5156 2816 5229 Cyrillum
2845 5157 2899 5211 in
2934 5155 3103 5211 altera
3141 5156 3207 5209 ad
3247 5153 3575 5210 Successum
3632 5152 3749 5220 cpi-

2159 5254 2326 5318 stola,
2360 5253 2440 5308 sic
2471 5252 2676 5308 diserte
2718 5251 3011 5315 dicentem,
3036 5250 3336 5318 reperimus
3366 5265 3379 5302 :
3417 5245 3528 5300 Non
3574 5245 3640 5300 de
3681 5246 3748 5299 iis

2161 5348 2468 5411 duntaxat,
2515 5360 2636 5414 quae
2689 5353 2880 5398 natura
2912 5342 3182 5412 simplicia
3219 5347 3369 5401 sinit,
3414 5352 3578 5392 unum
3622 5351 3750 5393 tere

2163 5437 2362 5492 dicitur
2394 5455 2408 5491 :
2449 5435 2543 5492 sed
2576 5435 2742 5490 etiam
2767 5436 2834 5489 de
2860 5433 2964 5487 illis
2993 5448 3114 5503 qua:
3145 5428 3541 5499 compositione
3578 5442 3750 5498 copu-

2164 5531 2272 5586 lata
2301 5541 2449 5587 sunt.
2507 5529 2679 5596 Quale
2723 5527 2980 5598 quiddam
3009 5527 3298 5589 esthomo,
3346 5539 3410 5577 cx
3458 5522 3641 5577 animo
3691 5529 3751 5577 et

2163 5637 2393 5691 corpore
2424 5632 2702 5675 constans.
2733 5618 2864 5670 Nam
2890 5631 2948 5669 ea
2978 5616 3204 5669 diversae
3236 5626 3364 5667 sunt
3399 5612 3611 5676 iurante,
3643 5625 3747 5669 nec

2164 5713 2407 5783 ejusdem
2460 5715 2602 5765 inter
2642 5724 2702 5764 se
2738 5707 3060 5762 substantia:
3092 5723 3105 5758 :
3137 5722 3321 5760 verum
3376 5706 3549 5767 unita.
3586 5710 3748 5757 natu-

2169 5804 2281 5860 rain
2314 5803 2570 5860 hominis
2603 5819 2762 5857 unam
2821 5800 3127 5855 absolvunt.
3171 5799 3434 5867 Quoniam
3468 5798 3751 5867 igitur.“
