4140 6410
375 342 480 411 1³3

1738 362 2200 426 DISPUTATIO
2244 366 2295 427 Ι.

3560 373 3660 437 ιιι
3722 320 3749 337 ’

453 463 513 516 Ὀ
541 464 742 519 ΘΕΩΡ.
777 468 906 521 Ὅτι
941 471 1042 524 οὐκ
1069 471 1213 525 ἔστιν
1246 472 1278 544 ἡ
1316 471 1455 545 σὰρξ
1480 474 1574 527 καὶ
1609 474 1637 526 6
1665 475 1835 542 Λόγος
1872 475 1970 547 μία

2144 475 2400 533 TllEOB.
2435 479 2668 535 Carnem
2702 488 2759 535 et
2803 482 3122 538 Sermonem
3171 499 3277 538 non
3336 500 3497 540 unam
3544 503 3666 544 esse

372 572 560 623 φυσις.

462 649 523 703 '0
558 650 720 705 ΚΑΘ.
766 652 910 719 Ἐγὼ
940 654 1043 709 οὐκ
1088 655 1437 728 ἐπεὶαόόμην
1476 656 1589 710 τῶν
1618 657 1731 712 ἄνω
1777 659 1974 729 ρηθέν-

377 759 492 795 ¹των
538 744 688 814 παρὰ
742 746 838 798 τοῦ
886 748 1044 815 ἁγίου
1093 750 1386 822 Κυρὲλλου,
1448 752 1691 818 ὁπηνίκα
1747 752 1974 820 ἔλεγεν*

390 834 612 891 ὀποῖὸν
648 855 701 891 τι
729 842 924 911 χρῆμά
973 844 1122 896 ἑστιν
1150 848 1176 897 6
1208 844 1496 915 ἄνθρωπος
1546 848 1611 900 ἐκ
1654 847 1832 916 ψυχῆς
1878 847 1975 901 καὶ

381 928 661 996 σώματος.
697 930 1014 1005 Ἐτεροειδῆ
1049 935 1150 1006 μὲν
1183 937 1292 1011 γαρ
1314 937 1383 991 τὰ
1406 937 1661 1003 τοιαῦτα,
1686 940 1783 991 καὶ
1809 938 1977 1009 ἀλλή-

378 1020 498 1082 lat;
530 1024 627 1092 οὐχ
655 1024 945 1094 ὁμοοῦτια,
977 1028 1316 1096 ὲνωθένταγε
1367 1029 1475 1102 μὴν
1510 1030 1640 1096 μίαν
1680 1030 1973 1101 ἀνθρώπου

382 1111 554 1180 φύσιν
606 1115 966 1170 ἀπετέλεσαν.
1015 1117 1149 1173 Ἰδοὺ
1198 1119 1295 1171 δύο
1336 1120 1530 1186 φύσεις
1577 1121 1674 1173 καὶ
1713 1121 1971 1184 ἐνταῦθα,

380 1206 538 1277 ψυχὴ
563 1210 654 1261 καὶ
684 1210 866 1279 σῶμα.
905 1213 1012 1264 Καὶ
1042 1212 1166 1266 οὔτε
1199 1215 1231 1282 ἡ
1256 1214 1408 1284 ψυχὴ
1445 1216 1527 1276 εἰς
1552 1215 1807 1285 σώματος
1845 1232 1978 1284 μετ-

379 1303 597 1372 ετράπη
657 1302 845 1370 φύσιν,
878 1303 1004 1358 οὔτε
1036 1306 1095 1360 τδ
1121 1307 1282 1378 σῶμα
1313 1309 1395 1369 είς
1425 1307 1590 1377 φύσιν
1623 1308 1805 1378 ψυχῆς
1840 1326 1971 1377 μετ-

378 1394 666 1464 εχώρησεν
697 1409 710 1425 ³
761 1396 879 1449 ἀλλ’
920 1399 1202 1469 ἑκατέρων
1243 1402 1302 1454 ἐν
1336 1402 1449 1466 τοῖς
1504 1402 1656 1465 ἰδίοις
1703 1403 1975 1471 μενόντων

374 1484 552 1551 ὅροις.
582 1487 678 1556 μία
708 1490 772 1541 ἐκ
801 1489 1007 1545 τούτων
1056 1493 1220 1562 (pint;
1268 1495 1631 1564 ἀπετελέσθη.
1678 1497 1792 1548 υύκ
1826 1495 1975 1548 ἔστιν

376 1577 479 1632 οὖν
510 1568 620 1634 τῶν
646 1582 981 1651 ὀνεφίκτων,
1018 1585 1083 1638 ἐκ
1115 1584 1210 1639 δίιο
1256 1587 1474 1656 φύσεων
1517 1589 1647 1658 μίαν
1691 1588 1853 1656 φύσιν
1878 1605 1974 1657 γε·

375 1672 597 1727 νέσῦαι.
641 1674 775 1728 Ἰδοὺ
802 1675 933 1747 γὰρ,
966 1677 1058 1731 ἐπὶ
1082 1677 1178 1748 τῆς
1213 1677 1516 1743 συνθέσεως
1546 1678 1643 1733 τοῦ
1676 1678 1973 1750 ἀνθρώπου

374 1764 543 1817 τοῦτό
567 1766 738 1822 ἐστιν.

462 1858 527 1913 '0
561 1860 757 1915 ΘΕΩΡ.
791 1861 866 1916 Τὸ
894 1863 1249 1934 παράδειγμα
1286 1864 1389 1933 τῆς
1421 1864 1545 1919 καθ’
1587 1867 1737 1937 ἡμᾶς
1768 1866 1967 1920 συνοέ-
2002 1828 2044 1885 Β

381 1971 523 2018 σεως
553 1957 634 2020 εἰς
655 1957 816 2010 τοῦτο
845 1958 1009 2026 μόνον
1033 1958 1243 2028 ἐλήφθη
1287 1959 1363 2030 τῷ
1392 1960 1533 2028 ἁγίῳ
1565 1959 1819 2030 Rupilio:
1846 2002 1860 2024 ,
1888 1960 1969 2022 είς

374 2048 443 2100 τὸ
476 2046 672 2112 δεῖξαι,
720 2049 805 2102 ὅτι
844 2047 1073 2101 δυνατόν
1121 2052 1272 2103 ἐστιν
1328 2052 1392 2103 ὲκ
1426 2050 1520 2103 δύο
1562 2051 1659 2103 καὶ¹
1693 2050 1973 2120 διαφόρων

376 2138 601 2209 ρύσεων
626 2139 758 2209 μίαν
792 2140 1051 2208 γενέσθαι
1094 2141 1421 2202 ὑπόστασιν,
1466 2141 1660 2211 ὥσπερ
1694 2143 1760 2194 ἐκ
1792 2141 1972 2212 ψυχῆς

377 2233 480 2287 καὶ
520 2233 801 2304 σώματος,
831 2237 858 2288 6
892 2236 1123 2305 Πέτρος,
1150 2236 1390 2307 τυχὸν,ἢ
1423 2236 1452 2288 6
1490 2235 1719 2300 Παῦλος.
1741 2236 1829 2303 Τῷ
1862 2235 1973 2306 γὰρ

380 2322 666 2396 Nec-topia)
705 2325 1024 2397 μαχομένῳ,
1060 2326 1323 2381 ἀδύνατον
1353 2327 1567 2395 λέγοντι
1606 2329 1669 2380 ὲκ
1694 2326 1972 2396 διαφόρων

380 2420 602 2489 φύσεων
647 2420 781 2489 μίαν
803 2420 1065 2488 γενέσθαι
1095 2419 1422 2484 ὑπόστασιν,
1462 2421 1557 2474 καὶ
1585 2418 1674 2473 διὰ
1697 2418 1856 2471 τοῦτο
1892 2420 1972 2479 εἰς

382 2512 477 2567 δύο
510 2513 800 2582 Χριστοῦς,
849 2517 945 2566 καὶ
978 2512 1077 2567 δύο
1123 2515 1295 2576 υἱοὺς,
1329 2513 1420 2566 τὸν
1460 2512 1559 2566 ἕνα
1605 2512 1841 2582 Χριστλν
1874 2510 1973 2564 καὶ

382 2607 683 2676 ἀμέριστον
707 2606 962 2676 ἀφρόνως
992 2605 1451 2677 καταμερίζοντι,
1486 2606 1667 2675 ἤγαγε
1697 2606 1757 2661 τὸ
1786 2603 1968 2673 παρὰ-

382 2699 582 2768 ξειγμα
618 2697 713 2750 τοῦ
758 2696 1076 2768 ἀνθρώπου,
1120 2699 1202 2761 είς
1235 2697 1295 2750 τὸ
1326 2697 1531 2764 δεῖξαι,
1555 2697 1640 2749 ὅτι
1684 2695 1874 2768 ῶσπερ
1906 2697 1971 2748 ὲκ

382 2790 563 2860 ψυχῆς
588 2789 683 2844 καὶ
718 2788 969 2859 σώματος
1004 2788 1292 2860 ἄνθρωπος
1320 2784 1423 2853 εἷς,
1466 2788 1640 2851 οὕτως
1674 2789 1739 2841 ὲκ
1774 2788 1967 2858 θεότη-

384 2896 477 2943 τος
506 2881 601 2932 καὶ
632 2879 1057 2950 ἀνθρωπότητος
1080 2877 1165 2951 εἷς
1193 2879 1449 2947 Χριστός.
1486 2879 1547 2933 Et
1589 2878 1643 2931 δὲ
1672 2878 1858 2950 βούλῃ,
1893 2877 1973 2930 εί-

382 2984 582 3036 πωμεν
612 2969 706 3020 καὶ
729 2968 830 3038 τὴν
848 2954 1064 3031 αἰτίαν,
1088 2958 1171 3021 Ἦι*
1200 2969 1266 3040 ἢν
1295 2970 1390 3022 ἐπὶ
1420 2967 1520 3037 μὲν
1547 2969 1642 3021 τοῦ
1678 2967 1967 3038 ἀνθρώπου

382 3058 483 3113 τοῦ
507 3061 570 3113 ὲκ
595 3060 773 3130 ψυχῆς
817 3061 1183 3135 συγκειμένου
1227 3060 1326 3114 καὶ
1361 3059 1636 3141 σώματος,
1672 3060 1835 3131 φύσις
1867 3060 1967 3129 μία

2082 580 2352 624 naturam.

2152 661 2313 717 GEN.
2359 663 2623 732 Equidem
2675 680 2780 719 non
2823 666 3023 721 oblitus
3070 684 3189 723 smn
3238 684 3424 726 eorum
3476 686 3598 741 qua:
3632 687 3662 727 a

2077 766 2268 807 sant-tu
2319 755 2526 825 Cyriilo
2561 757 2767 826 prolata
2820 767 2946 812 sunt
3001 768 3178 823 antra,
3228 777 3350 815 cum
3404 764 3659 819 diceret:

2078 846 2247 915 Quale
2289 848 2548 916 quiddam
2595 860 2677 905 est
2729 851 2926 914 homo,
2976 867 3041 905 ex
3095 852 3278 907 animo
3328 865 3384 908 et
3430 869 3661 924 corpore

2078 949 2358 995 constans.
2415 941 2549 994 Nam
2582 957 2645 997 ea
2682 941 2911 997 diversa:
2940 952 3072 998 sunt
3106 943 3318 1008 forum,
3365 961 3467 1000 nec
3496 947 3661 1015 ejus-

2078 1030 2197 1083 dem
2252 1029 2394 1082 inter
2441 1044 2501 1083 se
2556 1030 2919 1086 substantiae:
2954 1047 3141 1087 verum
3174 1034 3361 1101 unita,
3405 1040 3656 1091 naturam

2079 1121 2319 1177 hominis
2373 1137 2535 1176 unam
2576 1124 2883 1179 absolvunt.
2934 1123 3012 1179 En
3045 1126 3134 1181 hic
3179 1142 3398 1197 quoque
3450 1137 3661 1185 natura:

2075 1213 2235 1278 dum,
2284 1214 2462 1269 anima
2506 1223 2561 1271 et
2610 1230 2830 1286 corpus.
2877 1215 3066 1287 Neque
3110 1228 3289 1273 tamen
3336 1218 3419 1274 vel
3476 1220 3659 1275 anima

2076 1307 2325 1375 corporis
2369 1307 2423 1361 in
2475 1318 2728 1362 naturam
2774 1323 3035 1365 conversa
3072 1320 3175 1373 est.
3228 1326 3328 1366 nec
3363 1327 3558 1379 corpus
3600 1312 3657 1366 in

2077 1400 2273 1454 animm
2304 1408 2555 1454 naturam
2604 1402 2864 1456 transiit:
2895 1404 2989 1457 sed
3032 1402 3296 1457 ambobus
3339 1405 3480 1458 intra
3523 1405 3661 1461 [lues

2075 1505 2201 1543 suos
2235 1489 2604 1555 manentibus,
2638 1506 2747 1545 una
2780 1492 2847 1547 de
2886 1493 2969 1547 Itis
3011 1492 3256 1547 absoluta
3311 1503 3503 1549 natura
3552 1505 3655 1550 est.

2076 1581 2261 1650 Itaque
2306 1597 2410 1634 nou
2445 1591 2621 1636 estex
2672 1597 2862 1637 eorum
2916 1598 3146 1638 numero
3211 1599 3331 1653 quae
3396 1584 3510 1638 ﬁeri
3561 1601 3661 1640 ne-

2074 1685 2299 1742 queunt,
2349 1690 2413 1728 ex
2464 1675 2673 1730 duabus
2729 1677 2941 1729 naturis
2997 1692 3159 1730 unam
3210 1676 3329 1730 ﬁeri
3383 1686 3658 1732 naturam.

2076 1765 2373 1822 Namerce
2404 1767 2504 1822 hoc
2534 1767 2587 1821 iu
2620 1766 2856 1822 hominis
2886 1779 2972 1821 est
3005 1771 3422 1838 compositione.

2148 1857 2410 1915 THEOR.‘
2458 1861 2779 1930 Exemplum
2831 1861 2960 1915 illud
3011 1874 3210 1917 nostra}
3250 1863 3659 1932 compOsitionis

2072 1955 2137 2008 ad
2168 1955 2271 2007 huc
2319 1953 2592 2029 duntaxat
2634 1970 2664 2008 a
2715 1963 2905 2008 sancto
2940 1954 3142 2027 Cyrillo
3176 1966 3259 2009 est
3311 1965 3655 2025 usurpatum.

2073 2058 2131 2099 ut
2156 2047 2489 2112 ostenderet,
2539 2061 2699 2115 posse
2727 2048 2791 2100 de
2824 2046 3035 2102 duabus
3075 2062 3139 2101 ac
3170 2047 3401 2103 diversis
3446 2047 3658 2100 naturis

2075 2153 2238 2190 unam
2286 2137 2601 2208 hypostasin
2632 2135 2749 2191 ﬁeri
2785 2155 2799 2192 :
2831 2136 2972 2192 sicut
3002 2151 3067 2191 ex
3098 2137 3282 2191 animo
3310 2146 3365 2192 et
3403 2150 3653 2206 corpore,

2072 2230 2272 2285 Ρνιιιιιε
2331 2229 2478 2285 verbi
2532 2229 2742 2301 gratia,
2802 2231 2884 2284 vel
2935 2228 3159 2285 Paulus.
3205 2229 3461 2300 Pugnans
3508 2229 3655 2285 enim

2072 2329 2264 2377 contra
2297 2319 2634 2385 Nestorium,
2667 2321 2758 2390 qui
2794 2320 2910 2375 ﬁeri
2944 2335 3101 2389 posse
3130 2330 3358 2389 negaret
3390 2336 3550 2372 unam
3587 2334 3655 2373 ex

2073 2415 2307 2470 diversis
2341 2414 2554 2469 naturis
2589 2414 2929 2485 bypostasin,
2965 2415 3195 2480 ideoque
3229 2413 3280 2466 in
3316 2412 3453 2467 duos
3494 2411 3657 2468 Chri-

2072 2522 2211 2576 stos,
2256 2519 2309 2563 et
2344 2511 2481 2563 duos
2518 2506 2709 2570 Filios,
2740 2524 2905 2561 unum
2952 2517 3006 2562 et
3058 2507 3442 2577 impartibilem
3490 2507 3659 2563 Chri-

2072 2618 2216 2661 stum
2254 2604 2417 2659 stulte
2449 2601 2753 2668 divideret;
2802 2584 3038 2655 hominis
3064 2599 3370 2669 exemplum
3411 2600 3657 2667 adduxit,

2075 2706 2135 2752 ut
2174 2696 2512 2759 ostenderet,
2543 2694 2999 2764 quemadmodum
3030 2708 3096 2747 ex
3131 2693 3310 2747 anima
3343 2701 3399 2747 et
3428 2705 3661 2762 corpore

2073 2799 2289 2845 COﬂSlcl
2319 2802 2458 2841 unus
2483 2787 2670 2850 homo,
2726 2786 2806 2840 sic
2833 2801 2895 2841 ex
2942 2785 3124 2839 divina
3172 2784 3517 2853 lmmanaque
3559 2796 3721 2838 ηαδ-*ι
3744 2812 3769 2821 -

2076 2893 2195 2935 tura
2240 2880 2519 2935 Christum
2552 2892 2719 2933 unum
2746 2878 3034 2932 exsistere.
3076 2876 3422 2943 Exponamns
3451 2885 3506 2931 et
3529 2890 3661 2930 cau-

2075 2988 2216 3039 sam,
2250 2972 2293 3026 si
2320 2971 2521 3041 placet,
2558 2971 2626 3025 ob
2669 2983 2833 3040 quam
2870 2972 2924 3021 in
2980 2968 3201 3021 homine
3242 2966 3544 3036 composito
3589 2982 3658 3021 ex

2078 3064 2257 3118 anima
2315 3071 2371 3119 et
2421 3075 2693 3131 corpore,
2758 3070 2949 3115 natura
3008 3059 3223 3113 dicatur
3277 3073 3405 3112 una.
3448 3058 3659 3127 Quippe

380 3155 630 3219 λέγεται.
676 3153 929 3222 Λέγομεν
971 3153 1102 3223 γὰρ,
1140 3154 1253 3220 Τὴν
1306 3153 1469 3221 φύσιν
1511 3154 1622 3206 τῶν
1667 3152 1971 3223 ἀνθρώπων

2080 3156 2335 3218 dicimus,
2362 3148 2618 3208 naturam
2644 3152 2935 3205 humanam
2962 3165 2991 3204 a
3018 3151 3243 3205 Christo
3272 3150 3655 3216 instauratam,

384 3243 733 3297 ἀνεκαίνισεν
779 3245 808 3297 6
851 3244 1113 3314 Χριστὸς,
1161 3246 1223 3296 οὐ
1278 3244 1539 3313 λέγομεν,
1596 3245 1695 3308 τὰς
1749 3244 1967 3312 φύσεις.

396 3335 561 3389 Ἀλλά
601 3337 692 3389 καὶ
723 3336 855 3390 ὅταν
879 3338 925 3388 oi
953 3336 1088 3389 θεῖοι
1116 3337 1359 3406 Πατέρες
1385 3336 1479 3388 δύο
1506 3334 1697 3405 φύσεις
1723 3337 1975 3405 λέγουσιν

380 3430 477 3482 ἐπὶ
503 3428 598 3482 τοῦ
628 3428 894 3498 Χριστοῦ,
919 3431 1024 3498 τὴν
1044 3428 1227 3499 ψυχὴν
1271 3431 1366 3481 καὶ
1410 3428 1473 3481 τὸ
1513 3429 1678 3500 σῶμα
1711 3430 1789 3493 ὼς
1838 3430 1970 3500 μίαν

381 3521 553 3589 φῦσιν
574 3519 972 3589 λαμϐάνουσιν.
1011 3520 1135 3574 Ἐπὶ
1162 3520 1218 3574 δὲ
1242 3521 1334 3575 τοῦ
1357 3520 1599 3593 Χριστοῦ
1651 3522 1784 3593 μίαν
1811 3522 1974 3592 φύσιν

377 3614 568 3683 λέγειν
585 3614 913 3669 κεκώλυται.

468 3706 534 3763 Ὀ
563 3706 724 3761 ΚΑΘ.
779 3706 1053 3777 Βοῦ).ομαι
1096 3708 1293 3777 μαθεῖν
1341 3706 1564 3778 πρῶτον
1609 3707 1760 3778 παρὰ
1807 3707 1975 3763 τίνων

382 3801 698 3856 κεκώλυται
736 3801 869 3870 μίαν
917 3800 1082 3867 φύσιν
1102 3801 1286 3868 λέγειν
1316 3802 1412 3855 ἐπὶ
1447 3801 1543 3855 τοῦ
1581 3801 1847 3871 Χριστοῦ,
1876 3804 1975 3856 καὶ

383 3900 509 3950 τότε
547 3896 641 3949 καὶ
670 3895 772 3965 τὴν
801 3895 985 3949 αἰτίαν
1013 3895 1082 3949 δι’
1111 3897 1180 3966 ἣν
1216 3896 1376 3950 τοῦτο
1435 3896 1774 3958 κεκώλυται,
1809 3897 1978 3949 ἀκου-

386 3988 623 4059 σόμεθα,
658 3990 706 4041 εί
736 3988 888 4042 δοκεῖ
916 4004 933 4019 ⁸
970 3989 1096 4058 ἐμοὶ
1131 3989 1245 4060 γὰρ
1268 3988 1331 4043 οὺ
1365 3990 1516 4043 δοκεῖ
1555 3989 1640 4043 ὅτι
1667 3988 1978 4043 κεκώλυται

385 4081 546 4149 παρά
570 4095 715 4143 τινος
739 4078 850 4132 τῶν
879 4078 1053 4147 ἁγίων
1088 4080 1380 4149 Πατέρων.

469 4172 533 4228 Ὀ
564 4173 761 4225 ΘΕΩΡ.
815 4172 952 4225 ’Δπδ
981 4172 1077 4225 τοῦ
1123 4172 1308 4240 λέγειν
1347 4172 1445 4227 δύο
1491 4173 1710 4243 φύσεις,
1742 4175 1977 4241 νοεῖται,

381 4265 470 4322 δτι
498 4265 563 4318 οὗ
595 4264 715 4337 μία.
743 4264 807 4318 El
837 4265 948 4334 γὰρ
984 4263 1099 4332 δύο,
1152 4265 1214 4319 οὗ
1253 4265 1389 4335 μία·
1426 4268 1478 4320 εί
1520 4266 1578 4320 δὲ
1616 4267 1737 4336 μία,
1766 4268 1832 4321 οὐ
1858 4266 1979 4323 δύο.

477 4448 539 4501 '0
564 4446 728 4502 ΚΑΘ.
769 4446 904 4500 ’Λπὺ
940 4444 1133 4501 τούτου
1184 4445 1347 4517 μόνον
1382 4422 1565 4515 λέγεις
1612 4448 1695 4501 ὅτι
1727 4447 1979 4503 κεκώλυ-

2076 3263 2181 3301 non
2236 3255 2418 3299 autem
2447 3284 2462 3307 ,
2521 3253 2748 3297 naturas
2799 3240 3154 3294 iustauralas.
3203 3237 3393 3293 itidem
3442 3237 3659 3309 qumies

2076 3334 2181 3385 divi
2208 3330 2399 3386 Patres
2424 3331 2558 3384 duas
2591 3336 2814 3383 naturas
2844 3330 2897 3382 in
2930 3328 3149 3382 Christo
3182 3328 3393 3391 dicunt.
3416 3327 3654 3381 animam

2073 3434 2127 3477 et
2152 3438 2372 3493 corpus,
2408 3436 2573 3476 unam
2607 3428 2858 3475 naturam
2890 3421 3208 3489 accipiunt;
3261 3428 3318 3472 at
3360 3420 3411 3473 in
3439 3418 3660 3474 Christo

2073 3524 2320 3570 naturam
2350 3530 2513 3570 unam
2544 3515 2733 3569 dicere
2766 3514 3099 3582 prohibitum
3132 3520 3238 3568 est.

2146 3712 2306 3771 GEN.
2334 3713 2680 3784 Cognoscere
2728 3714 2963 3782 primum
3011 3712 3214 3782 cupio,
3271 3727 3301 3766 a
3347 3713 3543 3783 quibus
3590 3713 3663 3769 sit

2080 3806 2414 3877 prohibitum
2438 3814 2690 3859 naturam
2719 3821 2881 3860 unam
2911 3807 2963 3858 in
2988 3805 3206 3860 Christo
3236 3804 3439 3872 dicere,
3466 3806 3662 3861 deinde

2073 3914 2296 3954 causam
2327 3900 2397 3953 ob
2427 3913 2590 3968 quam
2627 3897 2694 3952 sit
2740 3898 3097 3967 prohibitum,
3129 3899 3174 3952 si
3226 3898 3422 3969 placet,
3471 3898 3660 3952 audie-
3706 3884 3714 3891 ’

2076 4008 2219 4047 mus.
2269 3990 2400 4045 Nam
2433 3990 2816 4061 mihiquidem
2867 3992 2936 4044 ab
2986 3990 3171 4059 aliquo
3217 4002 3529 4047 sanctorum
3562 3988 3666 4044 Pa-

2078 4097 2219 4138 trum
2252 4083 2356 4137 hoc
2380 4098 2505 4139 esse
2532 4082 2869 4151 prohibitum
2903 4097 3009 4135 non
3038 4082 3277 4137 videtur.

2153 4173 2411 4230 THEOH.
2463 4174 2543 4229 Ex
2576 4188 2640 4229 eo
2671 4174 2816 4244 quod
2866 4173 3004 4228 duas
3054 4172 3133 4227 illi
3181 4182 3404 4227 naturas
3451 4173 3661 4238 dicunt,

2078 4284 2244 4322 unam
2292 4282 2395 4321 non
2438 4281 2560 4321 esse
2589 4266 2896 4327 dicendam,
2926 4264 3266 4334 intelligitur.
3291 4263 3426 4319 Nam
3450 4266 3495 4319 si
3519 4266 3661 4333 duae,

2078 4375 2183 4415 non
2217 4376 2365 4415 una:
2396 4360 2477 4413 sin
2519 4373 2648 4422 una,
2682 4373 2789 4412 non
2819 4359 2959 4411 dum.

2148 4450 2313 4505 GEN.
2352 4448 2425 4503 Ex
2457 4465 2525 4504 eo
2556 4451 2823 4504 duntaxat
2856 4448 3186 4520 prohibitum
3222 4448 3325 4512 ais,
3358 4448 3499 4517 quod
3530 4448 3663 4502 duas

384 4559 505 4601 ιιαι,
539 4542 603 4593 ἐκ
631 4538 724 4592 τοῦ
756 4536 959 4604 λέγειν,
980 4536 1074 4591 δύο
1095 4554 1113 4571 ο
1144 4537 1176 4608 ἦ
1212 4537 1306 4591 καὶ
1332 4537 1562 4609 χρήσεις
1591 4538 1762 4610 ἔχεις,
1793 4540 1976 4610 ῥητῶς

2084 4541 2185 4610 ipsi
2239 4541 2422 4596 dicant
2458 4540 2580 4596 :An
2631 4550 2689 4594 et
2735 4543 3091 4598 auctoritates
3145 4540 3335 4609 habes,
3389 4556 3513 4613 quae
3556 4541 3663 4598 hoc

389 4633 554 4688 τοῦτο
579 4630 896 4692 κωλυούσας
917 4646 932 4694 ς

472 4727 537 4780 '0
561 4726 759 4779 ΘΕΩΡ.
809 4723 964 4779 Ἔδει
1012 4723 1355 4794 ἀρκεσθῆναι
1406 4724 1515 4779 ἀπὸ
1570 4724 1786 4779 τούτου.
1831 4727 1979 4795 Πλὴν

392 4820 489 4874 καὶ
518 4818 751 4887 χρήσεις
791 4815 965 4883 ἁγίων
1012 4815 1268 4885 μεγάλων
1296 4814 1427 4887 ἔχω,
1459 4816 1622 4869 τοῦτο
1655 4816 1978 4879 κωλυούσας

393 4907 600 4979 ῥητῶς.
634 4905 746 4959 Καὶ
773 4903 876 4976 τὴν
904 4904 1004 4974 μὲν
1045 4904 1245 4976 χρῆσιν
1290 4905 1385 4959 τοῦ
1434 4906 1722 4974 Θεολόγου,
1756 4908 1857 4977 τὴν
1889 4907 1981 4962 λέ-

391 5012 627 5067 γουσαν·
664 4997 731 5051 Ei
762 4996 987 5068 γὰρκαὶ
1017 4997 1079 5050 τὸ
1107 4999 1526 5069 συναμφότερον
1558 4997 1640 5062 ἓν,
1667 4998 1782 5052 ἀλλ’
1817 5001 1878 5053 οὐ
1910 5003 1975 5073 τῇ

391 5091 578 5160 φύσει,
616 5089 894 5161 παρήσειν
945 5105 1035 5160 μοι
1068 5088 1233 5153 δοκῶ,
1286 5090 1374 5143 διὰ
1424 5092 1485 5144 τὸ
1540 5090 1722 5160 λέγειν
1772 5094 1854 5154 σὲ,
1904 5092 1979 5166 μὴ

389 5181 608 5237 κεῖσθαι
630 5179 810 5243 οὕτως
842 5182 903 5234 ὲν
926 5179 1007 5250 τῷ
1046 5180 1360 5251 Ἀρμενικῷ
1401 5183 1595 5254 sicut,»
1621 5201 1635 5215 ·
1670 5187 1980 5256 παραγάγω

364 5278 447 5333 ‘6)
480 5277 575 5330 τὸν
599 5275 758 5346 ἅγιον
782 5274 1114 5347 ’Ᾱμὸρὸσιον
1141 5274 1235 5328 τὸν
1262 5276 1631 5342 Μεδιολάνων,
1655 5277 1799 5332 οὕτω
1823 5280 1978 5352 6mg)-

393 5372 563 5443 ρήδην
595 5372 655 5424 ἐν
678 5368 759 5440 τῷ
788 5366 936 5440 λόγῳ
981 5368 1060 5440 τῷ
1090 5368 1214 5422 κατ’
1266 5369 1649 5442 ’Δπολιναρίου
1706 5371 1940 5439 λέγοντα
1959 5386 1976 5406 ⁴

401 5463 785 5534 ’Δνεφάνησαν
811 5461 1015 5531 ἕτεροι,
1046 5460 1146 5533 τὴν
1174 5461 1356 5531 σάρκα
1382 5461 1480 5516 τοῦ
1509 5462 1721 5534 Κυρίου
1756 5466 1851 5519 καὶ
1880 5467 1980 5535 τὴν

392 5558 627 5624 ϐιότητα
664 5556 799 5626 μιᾶς
826 5550 969 5607 εἶναι
994 5552 1211 5622 φύσεως
1234 5552 1511 5622 λέγοντες.
1544 5556 1702 5618 Ποῖος
1723 5555 1859 5628 ᾅδης
1879 5558 1980 5630 τὴν

392 5655 648 5717 τοιαύτην
672 5643 1036 5716 βλασφημίαν
1056 5635 1367 5715 ἱξήμεσενς
1398 5645 1480 5698 Τὰ
1507 5646 1647 5700 αὐτὰ
1673 5650 1812 5702 καὶό
1835 5648 1980 5715 θεῖος

394 5740 696 5811 Γρηγόριος
724 5740 756 5791 6
786 5736 1010 5808 Νύσσης
1039 5735 1161 5810 βοᾷ,
1195 5737 1255 5790 ὲν
1279 5735 1359 5808 τῷ
1393 5737 1541 5808 λόγῳ
1576 5740 1673 5794 καὶ
1708 5741 1871 5804 αὐτὸς
1900 5742 1980 5814 τῷ

386 5836 514 5895 κοτ’
557 5827 947 5898 Ἀποὶιναρ⁸ου
981 5826 1159 5895 λέγων
1180 5843 1194 5858 ·
1222 5827 1283 5881 ΕΞ
1308 5826 1400 5881 οὖν
1420 5828 1477 5881 ὲν
1500 5832 1611 5894 τοῖς
1636 5830 1983 5897 ὑπεναντίοις

2078 4635 2284 4689 diserte
2317 4634 2686 4703 prohibeant?

2154 4724 2411 4780 TIIEOR.
2460 4722 2608 4779 Satis
2649 4723 2752 4779 hoc
2781 4738 2904 4780 esse
2941 4724 3039 4780 tibi
3065 4723 3297 4780 debebat
3328 4740 3343 4777 :
3379 4739 3566 4779 verum
3607 4734 3659 4779 et

2080 4829 2393 4872 sanctorum
2449 4831 2880 4887 magnorumque
2952 4815 3233 4872 hominum
3303 4818 3664 4873 auctoritates

2085 4911 2280 4973 habeo,
2323 4911 2526 4964 diserte
2570 4910 2675 4964 hoc
2717 4908 3094 4978 prohibentes.
3131 4909 3209 4963 Ac
3239 4906 3486 4976 Gregorii
3535 4907 3662 4978 qui-

2082 5005 2206 5057 dem
2249 5001 2507 5071 Theologi
2551 4999 2756 5056 dictum
2792 5001 2920 5056 illud
2951 5018 2965 5055 :
3000 4999 3156 5057 Licet
3204 5010 3437 5071 utraque
3468 5010 3659 5055 natura

2081 5092 2333 5161 Copulata
2361 5131 2378 5156 ,
2424 5092 2495 5147 sit
2541 5108 2707 5146 unum
2748 5092 3044 5162 quiddam,
3091 5105 3199 5145 non
3246 5100 3428 5145 tamen
3481 5090 3584 5143 hoc
3626 5103 3660 5143 a

2084 5194 2275 5238 natura
2307 5194 2435 5239 est:
2463 5184 2596 5238 illud
2635 5184 2800 5254 igitur
2832 5184 3088 5240 omittere
3133 5182 3284 5249 libet,
3332 5181 3555 5251 quando
3602 5189 3658 5235 tu

2083 5278 2162 5333 sic
2199 5277 2252 5332 iu
2299 5277 2578 5334 Armeuici
2625 5276 2750 5333 libri
2803 5286 2953 5332 textu
2988 5276 3251 5345 scriptum
3292 5288 3498 5344 negas:
3529 5288 3660 5341 pro-

2082 5369 2276 5423 ducam
2307 5385 2439 5425 rero
2481 5378 2729 5427 sanctum
2775 5369 2925 5424 illum
2975 5366 3346 5430 Ambrosium,
3393 5363 3660 5420 Mediola-

2085 5476 2312 5517 neusem
2343 5463 2657 5533 episcOpum
2690 5462 2770 5517 sic
2810 5475 3071 5531 expresse
3098 5459 3414 5529 loquentem
3441 5459 3494 5513 in
3522 5458 3661 5515 lihto

2085 5557 2346 5611 adversus
2367 5554 2726 5627 Apollinarim
2768 5553 3113 5625 :Emergunt
3141 5551 3255 5620 alii,
3303 5552 3395 5631 qui
3441 5567 3661 5607 carnem
3756 5592 3769 5607 .

2087 5646 2299 5703 Domini
2331 5648 2521 5703 dicant
2567 5658 2622 5702 et
2654 5647 3021 5713 divinitatem,
3056 5644 3219 5700 unius
3266 5658 3389 5701 esse
3428 5655 3660 5701 natttra‘.

2086 5740 2217 5807 Quae
2260 5749 2469 5796 tantum
2502 5739 2847 5809 sacrilegium
2899 5737 3109 5793 inferna
3155 5738 3518 5794 vomuerunt?
3556 5736 3665 5791 En-

2086 5832 2205 5889 dcm
2256 5833 2412 5889 divus
2446 5832 2535 5887 ille
2562 5829 2860 5902 Gregorius
2887 5828 3187 5901 Nyssenus,
3222 5831 3273 5885 in
3302 5829 3442 5885 libro
3467 5838 3522 5885 et
3548 5830 3669 5897 ipso
