4140 6458
553 379 666 452 159

623 494 783 554 GEN.
813 492 1227 565 Sapientissime
1256 493 1518 566 loqueris.
1552 493 1751 551 Verum
1780 494 1856 549 ttti
1890 502 1946 546 tu
1976 493 2136 556 dicis,
2171 499 2211 552 Α

551 588 863 659 exemplum
898 587 1002 643 hoc
1038 588 1275 644 hominis
1309 604 1374 644 eo
1405 597 1615 642 tantum
1660 603 1690 642 a
1724 589 1926 643 sanctis
1957 586 2135 642 Patri-

554 686 655 740 bus
690 692 1031 753 usurpatum,
1073 691 1134 738 ιιι
1175 682 1515 745 ostendatur,
1563 681 2021 749 quemadmodum
2071 694 2138 734 ex

553 777 734 832 anima
772 785 827 831 et
861 790 1084 844 corpore
1122 790 1262 828 unus
1296 774 1458 828 homo
1491 784 1725 838 constet,
1776 774 1849 828 ita
1882 780 1937 827 et
1974 772 2138 827 Chri-

554 878 698 922 stum
752 883 917 921 unum
954 882 1018 921 ex
1052 866 1332 920 divinitate
1365 866 1810 935 humanitateque
1840 876 2091 920 constare
2120 879 2137 920 :

553 960 635 1016 sic
664 972 718 1015 et
746 960 862 1031 ipse
895 959 1074 1013 dicere
1107 973 1351 1027 possum,
1382 973 1478 1012 eos
1510 959 1575 1011 ad
1607 960 1708 1012 hoc
1742 973 1959 1012 sumere
1997 959 2140 1013 istud

555 1054 794 1109 hominis
841 1052 1172 1120 exemplum,
1226 1060 1283 1104 ut
1336 1052 1648 1114 ostendant,
1707 1051 1930 1119 perinde
1980 1060 2142 1118 atque

555 1143 737 1197 anima
774 1152 827 1195 et
855 1158 1050 1210 corpus
1087 1157 1248 1195 unam
1285 1141 1521 1196 hominis
1557 1149 1802 1195 naturam
1835 1139 2139 1205 absolvant,

558 1236 633 1291 u'i
665 1247 885 1290 sanctus
913 1235 1147 1303 cvrillus
1192 1234 1451 1303 loquitur,
1518 1235 1589 1288 ita
1637 1234 1799 1289 etiam
1830 1249 1895 1288 cx
1940 1233 2143 1289 divini-

558 1336 670 1382 tate
702 1336 862 1395 atque
910 1326 1246 1380 humanitate
1291 1336 1538 1379 naturam
1569 1341 1728 1378 unam
1760 1340 1881 1379 esse
1924 1324 2146 1379 absolu-

560 1430 693 1481 tam,
730 1433 831 1472 nec
865 1418 917 1471 itt
954 1418 1173 1471 homine
1216 1410 1569 1472 mutationem
1620 1426 1937 1472 naturarum
1987 1418 2145 1473 deiu-

557 1525 685 1580 ceps
719 1510 1143 1580 compositorum
1172 1506 1511 1576 comitatam,
1543 1523 1638 1564 nec
1667 1510 1719 1563 in
1751 1509 1986 1564 Christo.

629 1599 886 1656 THEOR.
919 1600 1031 1656 Nisi
1062 1601 1393 1671 prohibitum
1419 1609 1563 1656 esset
1589 1616 1617 1654 a
1644 1602 1846 1654 sanctis
1872 1600 2144 1665 Patribus,

558 1710 627 1750 ne
655 1710 816 1749 unam
849 1694 900 1748 in
927 1693 1149 1767 Christo
1182 1702 1453 1756 naturam,
1483 1703 1605 1763 post
1630 1693 1830 1747 factam
1863 1694 2143 1756 unionem,

560 1790 802 1844 dicamus
830 1804 845 1842 :
873 1786 1125 1841 fortassis
1162 1802 1329 1842 ausus
1376 1783 1570 1841 fuisset
1603 1785 1798 1854 aliquis
1844 1786 2050 1851 itidem,
2089 1794 2149 1838 ut

1984 374 2426 438 THEORIANI

2318 490 2376 540 Ὀ
2410 485 2570 540 ΚΑθ.
2603 483 2903 553 Σοφιῦτατα
2935 484 3141 555 λέγεις.
3159 484 3302 539 Ἀλλ’
3331 484 3525 559 ὥσπερ
3550 487 3615 540 σὺ
3630 486 3837 557 λέγεις.

2242 581 2327 634 ὅτι
2360 580 2618 650 εἴληπται
2650 580 2763 641 τοῖς
2793 577 2974 645 ἁγίοις
2997 578 3058 631 τὸ
3111 576 3209 631 τοῦ
3241 577 3533 648 ἀνθρώπου
3574 580 3845 650 παράδει-

2240 690 2361 741 γμα
2389 670 2527 742 πρὸς
2574 672 2735 736 μόνον
2765 670 2825 723 τὸ
2858 671 3055 737 δεῖξαι,
3079 671 3160 724 ὅτι
3187 670 3380 743 ῶσπερ
3411 674 3474 725 ἐκ
3534 671 3715 742 ψυχῆς
3745 675 3845 726 καί

2246 767 2501 837 σώματος
2532 765 2821 835 ἄνθρωπος
2846 760 2950 830 εἷς,
2984 765 3160 827 οὕτως
3193 765 3258 817 ἐκ
3290 766 3551 836 θεότητος
3601 767 3699 819 καὶ
3752 768 3845 819 ἀν-

2244 858 2598 927 θρωπότητος
2617 850 2699 920 εἷς
2716 856 2954 927 Χριστός
2980 871 2996 884 ·
3029 854 3174 908 οὕτω
3194 854 3426 921 δύναμαι
3455 851 3613 921 κάγὼ
3639 855 3841 918 εἰπεῖν,

2250 948 2335 1001 ὅτι
2366 949 2445 1010 είς
2476 946 2640 1002 τοῦτο
2670 946 3170 1017 παραλαμϐάνουσι
3205 947 3265 1000 τὸ
3334 946 3691 1017 παράδειγμα
3741 948 3842 1001 τοῦ

2246 1040 2563 1111 ἀνθρώπου.
2594 1041 2674 1105 είς
2703 1041 2765 1093 τὸ
2794 1040 2992 1106 δεῖξαι,
3027 1041 3110 1093 ὅτι
3137 1039 3331 1109 ὥσπερ
3358 1040 3510 1109 ψυχὴ
3546 1041 3641 1092 καὶ
3678 1041 3846 1110 σῶμα

2249 1136 2381 1204 μίαν
2410 1133 2704 1202 ἀνθρώπου
2726 1132 2890 1203 φύσιν
2915 1133 3281 1198 ἀπετέλεσαν,
3310 1132 3386 1195 ῶς
3413 1151 3578 1201 φησιν
3615 1134 3644 1187 ό
3681 1135 3845 1202 ἅγιος

2249 1227 2543 1298 Κύριλλος,
2570 1225 2719 1280 οῦτω
2750 1229 2845 1281 καὶ
2873 1228 2938 1280 ἐκ
2969 1227 3227 1297 θεότητος
3247 1227 3343 1280 καὶ
3416 1227 3847 1298 ἀνθρωπότητος

2252 1321 2352 1391 μία
2377 1320 2545 1389 φύσις
2568 1319 2933 1389 ἀπετελέσθη,
2965 1320 3061 1373 καὶ
3108 1318 3233 1372 οὔτε
3293 1321 3353 1372 ὲν
3420 1319 3499 1389 τῷ
3566 1318 3848 1388 ἀνθρώπῳ

2247 1414 2429 1485 τροπὴ
2457 1414 2567 1467 τῶν
2598 1412 2726 1481 ἑξῆς
2751 1412 3113 1466 συντεθεισῶν
3137 1414 3356 1482 φύσεων
3419 1411 3849 1482 παρηκολούθη-

2250 1524 2364 1569 σεν,
2397 1505 2523 1559 οὔτε
2553 1507 2613 1559 ἐν
2642 1506 2719 1575 τῷ
2754 1504 2999 1575 Χριστῷ.

2322 1598 2386 1654 Ὀ
2424 1600 2623 1654 ΘΕΩΡ.
2651 1600 2715 1653 Εἰ
2752 1599 2828 1669 μὴ
2852 1597 3164 1653 ἐκεκώλυτο
3192 1596 3347 1668 παρὰ
3396 1596 3508 1651 τῶν
3531 1595 3701 1666 ἁγίων
3726 1598 3847 1652 Πα-

2251 1692 2448 1762 τέρων,
2483 1692 2546 1744 τὸ
2570 1692 2753 1759 λέγειν
2783 1690 2914 1760 μίαν
2945 1691 3040 1744 ἐπὶ
3090 1689 3185 1743 τοῦ
3246 1689 3487 1760 Χριστοῦ
3546 1691 3686 1760 μετὰ
3742 1691 3849 1760 τὴν

2252 1786 2455 1840 ἕνωσιν
2486 1786 2674 1855 φύσιν,
2720 1785 2851 1849 ῐσως
2882 1785 2950 1839 ἂν
2987 1785 3259 1856 ἐτόλμησέ
3291 1801 3375 1847 τις
3401 1785 3494 1838 καὶ
3545 1784 3740 1848 οὕτως,
3767 1785 3850 1848 ὡς

564 1889 621 1935 ιιι
655 1879 812 1944 dicis,
855 1879 958 1934 hoc
990 1879 1295 1947 exemplum
1332 1879 1712 1948 interpretari;
1746 1879 1872 1933 licet
1912 1878 2026 1946 ipsa
2064 1893 2147 1932 re-

2251 1880 2315 1932 σὺ
2343 1880 2472 1951 φῂς,
2501 1878 2759 1931 ἑκλαόεῖν
2790 1879 2853 1931 τὺ
2875 1877 3241 1949 παράδειγμα
3267 1894 3282 1909 ο
3352 1875 3459 1930 κᾶν
3488 1877 3522 1947 ἠ
3552 1875 3662 1929 τῶν
3694 1893 3847 1946 πρα-

561 1988 677 2027 rum
715 1980 905 2027 natura
951 1971 1032 2028 sic
1072 1971 1202 2027 illud
1235 1971 1408 2042 accipi
1461 1988 1569 2026 non
1602 1974 1905 2039 permittat,
1939 1970 2015 2025 uti
2050 1973 2147 2024 de-

559 2065 972 2120 monstrabitur.
1006 2063 1159 2119 Nunc
1187 2079 1312 2120 cum
1347 2064 1481 2119 tales
1507 2079 1571 2119 ac
1602 2073 1679 2119 tot
1710 2065 1881 2120 sancti
1915 2065 2014 2119 viri
2045 2069 2148 2120 hoc

558 2155 936 2224 prohibuerint
1009 2162 1271 2225 tanquam
1348 2155 1673 2224 sacrilegum
1728 2155 1916 2225 (qua,
1973 2156 2149 2225 inquit

557 2247 718 2302 divus
763 2245 851 2301 ille
896 2246 1238 2313 Ambrosius,
1280 2256 1490 2301 tantum
1542 2246 1886 2315 sacrilegium
1936 2246 2147 2301 inferna

559 2337 959 2407 vomuerunt?)
1034 2353 1132 2394 ceu
1181 2339 1327 2405 pium
1367 2341 1631 2405 recipere,
1711 2340 1947 2394 hominis
2000 2337 2146 2394 nulla

560 2439 742 2483 mente
776 2430 985 2496 praediti
1028 2429 1213 2485 fuerit.
1812 2428 1820 2437 ’

632 2517 793 2574 GEN.
831 2520 1022 2574 Dixisti
1058 2536 1244 2588 supra,
1279 2535 1346 2574 ne
1378 2519 1549 2588 ipsam
1593 2520 1805 2586 quidem
1838 2535 2019 2573 reru-u
2052 2535 2153 2574 na-

560 2619 741 2665 turam
779 2611 909 2679 pati,
948 2620 1009 2663 ut
1047 2610 1125 2665 sic
1171 2612 1488 2679 accipiatur.
1539 2610 1807 2677 Quidnam
1857 2612 2020 2681 igitur
2067 2623 2151 2665 est

566 2699 989 2766 impedimento?
1033 2714 1208 2771 quove
1262 2709 1420 2770 pacto
1474 2711 1667 2755 natura
1725 2716 1905 2755 rerum
1958 2702 2009 2754 itt
2064 2701 2149 2755 his

564 2789 919 2846 adversatur?

633 2883 889 2939 THEOR.
924 2883 1127 2939 Natura
1162 2886 1227 2941 de
1255 2885 1654 2941 universalihus
1683 2896 1738 2940 et
1769 2884 2150 2940 communibus

562 2975 780 3041 dicitur,
820 2992 926 3031 non
974 2977 1041 3031 de
1076 2978 1495 3046 particularilms
1541 2988 1596 3033 et
1636 2977 1949 3033 individuis.
1977 2975 2151 3031 Ηοιιιο

561 3067 817 3137 quiddam
848 3076 931 3121 est
960 3067 1285 3122 universale.
1318 3065 1450 3121 Nam
1483 3068 1547 3121 de
1575 3067 1756 3132 Petro,
1784 3076 1837 3121 et
1866 3064 2054 3131 Paulo,
2095 3073 2151 3119 et

2253 1975 2488 2040 γμάτων
2528 1970 2693 2039 φύσις
2722 1970 2895 2031 οὕτως
2928 1969 3063 2021 αὐτὸ
3107 1967 3560 2038 ἐκλαμϐάνεσθαι
3605 1968 3705 2021 οὐκ
3756 1970 3850 2040 ἐᾷ,

2249 2061 2325 2124 ὡς
2356 2062 2715 2131 δειχθήσεται
2751 2075 2766 2090 ο
2799 2059 2921 2112 νυνὶ
2956 2058 3013 2111 δὲ
3044 2058 3323 2110 τοσούτων
3353 2058 3449 2110 καὶ
3503 2056 3851 2127 τηλικούτων

2251 2154 2445 2221 ἁγίων,
2467 2153 2543 2216 ὡς
2563 2153 2741 2223 βλόισφ
2752 2170 2777 2215 τ,
2787 2169 2908 2222 μον,
2934 2151 3067 2205 αὐτὸ
3093 2151 3458 2204 κωλυσάντων
3482 2151 3655 2221 (ποῖος
3682 2150 3781 2222 ᾇδη
3794 2170 3847 2212 ς.

2251 2247 2418 2316 φησὶν
2439 2247 2469 2297 ό
2499 2245 2640 2308 θεῖος
2658 2245 2712 2296 Ἀ
2727 2243 2988 2315 μὸρόσιος
3008 2285 3023 2308 ,
3053 2243 3315 2312 τοιαύτην
3337 2241 3694 2312 βλασφημίαν
3714 2242 3850 2312 ἐξή-

2255 2339 2469 2408 μεσεν;)
2502 2337 2578 2400 ὡς
2607 2336 2835 2401 εύσεόὲς
2892 2335 3325 2407 παραδέχεσθαι,
3367 2335 3664 2407 ἀνθρώπου
3716 2335 3852 2390 νοῦν

2252 2432 2357 2485 οὐκ
2391 2430 2632 2501 ἔχοντος,
2670 2431 2792 2484 οὐδὲ
2832 2431 3060 2500 φρένας.
3093 2431 3267 2486 ἐστίν.

2333 2523 2393 2577 '0
2437 2523 2597 2579 ΚΑΘ.
2636 2519 2812 2587 Εἶπας
2838 2525 2972 2589 ἄνω,
3004 2524 3233 2577 ὃτιοῦτε
3264 2527 3296 2593 ὴ
3328 2527 3493 2594 φύσις
3538 2524 3645 2578 τῶν
3698 2542 3851 2595 πρα-

2251 2615 2481 2685 γμάτων
2512 2615 2685 2679 οὕτως
2728 2618 2792 2687 ἑᾷ
2843 2617 3316 2688 ἐκλαμὸἁνεσθαι.
3377 2619 3444 2671 Τί
3486 2618 3580 2672 οῦν
3624 2621 3743 2672 ὲστι
3785 2618 3871 2673 τδ“

2253 2707 2466 2760 κωλὺον
2494 2724 2509 2772 ;
2546 2707 2782 2769 καὶπῶς
2814 2709 2847 2778 ή
2880 2708 3044 2777 φύσις
3072 2708 3185 2761 τῶν
3212 2710 3563 2779 πραγμάτων
3618 2710 3676 2763 ὲν
3721 2709 3853 2761 τού-

2249 2814 2364 2858 τοις
2379 2798 2688 2851 ἁντίκειται
2712 2816 2728 2866 ;

2324 2889 2384 2942 Ὀ
2412 2889 2696 2944 ΘΕΩΡ.⁹Η
2726 2891 2890 2959 φύσις
2918 2891 3013 2944 ἐπὶ
3038 2892 3148 2946 τῶν
3174 2893 3410 2946 καθόλου
3435 2893 3531 2946 καὶ
3548 2893 3743 2947 κοινῶν
3760 2892 3852 2945 λέ-

2252 3000 2434 3051 γεται,
2469 2985 2570 3038 ούκ
2594 2984 2686 3037 ἐπὶ
2714 2984 2824 3039 τῶν
2865 2985 3110 3057 μερικῶν
3134 2987 3232 3040 καῖ¹
3253 2986 3495 3055 ἀτόμων.
3546 2987 3606 3040 ’0
3636 2985 3727 3039 οῦν
3753 2987 3855 3038 ἄν·

2253 3076 2471 3147 θρωπος
2502 3078 2737 3132 καθόλου
2771 3079 2908 3134 ἐστί.
2949 3078 3105 3133 Κατὰ
3132 3079 3244 3150 γὰρ
3274 3080 3508 3149 Πέτρου,
3567 3080 3662 3133 καὶ
3689 3079 3847 3132 Παῦε

561 3160 815 3214 umnibus
848 3160 1122 3230 sigillatim
1158 3162 1468 3215 hominibus
1514 3161 1859 3230 praedicatur.
1894 3160 2147 3231 Quapro-

2251 3171 2367 3237 λου,
2400 3174 2496 3225 καὶ
2528 3171 2750 3225 πάντων
2774 3172 2884 3226 τῶν
2908 3172 3053 3226 κατὰ
3098 3173 3269 3242 μέρος
3327 3171 3639 3241 ἀνθρώπων
3670 3187 3851 3239 κατη-

561 3263 682 3322 ptcr
726 3262 783 3308 et
816 3268 919 3308 una
968 3266 1157 3308 natura
1207 3254 1428 3309 dicitur.
1475 3253 1676 3310 Omnes
1710 3254 1857 3309 enim
1904 3254 2151 3309 homines

559 3357 626 3397 cx
663 3343 841 3398 anima
874 3345 1082 3401 ratione
1114 3346 1337 3415 prmdita
1382 3355 1436 3400 et
1474 3361 1703 3416 corpore
1743 3356 2019 3411 cons'ant,
2050 3347 2152 3399 ho-

561 3436 831 3505 minisque
877 3436 1248 3493 dt-linitiouem
1302 3437 1599 3507 rccipiunt.
1650 3438 1907 3492 nimirum
1952 3436 2146 3493 hanc:

562 3528 779 3582 Animal
828 3528 1037 3584 ratione
1080 3530 1387 3599 praeditum,
1435 3530 1680 3583 mortale.
1730 3528 1977 3583 Deﬁnitio
2020 3545 2150 3583 vero

566 3630 814 3674 naturam
851 3620 925 3674 rei
958 3621 1214 3689 subjecta:
1241 3623 1596 3675 demonstrat.
1626 3622 1797 3687 Quam
1827 3621 1896 3676 ob
1928 3637 2147 3675 causam

566 3710 841 3766 individua
877 3712 1150 3781 propriam
1183 3711 1551 3767 deﬁnitionem
1597 3729 1702 3767 non
1734 3713 1955 3768 habent.
1988 3713 2147 3767 Chri-

567 3816 684 3861 stus
715 3814 894 3861 autem
947 3820 1046 3861 nec
1090 3806 1418 3870 universale,
1452 3823 1549 3861 nec
1576 3824 1865 3863 commune
1894 3810 2147 3879 quiddam

566 3907 671 3953 est.
703 3897 818 3955 Una
846 3900 1100 3955 nimirum
1127 3910 1208 3954 est
1243 3902 1569 3973 hypostasis,
1598 3919 1701 3955 una
1734 3918 1984 3971 persona,
2017 3918 2151 3973 qua-

564 3992 720 4062 sique
761 3982 1114 4048 individuum.
1153 3993 1268 4049 Non
1316 3994 1458 4049 enim
1508 3996 1597 4048 alii
1638 3996 1841 4050 Christi
1893 4007 2040 4058 sunt,
2081 4013 2149 4050 ex

562 4086 848 4142 divinitate
881 4096 1048 4153 atque
1092 4087 1427 4143 humanitate
1472 4098 1818 4151 constantes,
1859 4091 1925 4144 de
1972 4089 2038 4142 iis
2090 4098 2150 4143 ut

562 4180 908 4251 prwdicetur.
940 4181 1245 4251 Eapropter
1275 4195 1379 4236 una
1412 4182 1597 4248 nequit
1622 4196 1743 4237 esse
1770 4190 1980 4235 natura.
2011 4179 2145 4234 Nam

564 4273 911 4342 particularis
952 4282 1009 4328 et
1055 4274 1332 4329 individua
1385 4282 1579 4328 natura
1631 4272 1859 4342 reperiri
1911 4274 2144 4341 nequit:

561 4372 657 4427 sed
695 4375 874 4428 omnis
927 4381 1122 4427 natura
1170 4372 1495 4428 universalis
1529 4379 1634 4437 est,
1679 4371 1855 4440 deque
1902 4369 2149 4439 pluribus

561 4464 777 4519 dicitur.
818 4463 933 4518 Non
966 4464 1121 4534 longe
1165 4465 1447 4521 abeamus.
1489 4463 1688 4519 Natura
1724 4465 1904 4517 divina
1953 4463 2146 4532 praedi-

560 4564 715 4611 catur
761 4556 828 4612 de
882 4555 1065 4619 Patre,
1120 4558 1187 4612 de
1240 4555 1400 4622 Filio,
1434 4567 1489 4610 et
1524 4555 1730 4623 Spiritu
1778 4544 1967 4609 sancto
2001 4570 2016 4609 :
2054 4555 2145 4609 iti-

561 4649 793 4717 demque
833 4647 1145 4717 angelorum
1175 4659 1366 4703 natura
1403 4650 1467 4703 de
1496 4645 1783 4711 Michaelo,
1809 4646 2070 4713 Gabrieli,
2091 4655 2146 4701 et

561 4742 630 4797 de
652 4742 903 4797 (veteris:
936 4741 1214 4796 hominum
1256 4742 1509 4811 denique,
1528 4743 1595 4796 de
1619 4740 1864 4806 Socrate,
1900 4739 2144 4801 Platone,

562 4836 631 4891 de
655 4834 877 4905 reliquis
903 4834 1269 4904 particulatim
1296 4835 1629 4890 hominibus.
1658 4836 1922 4889 Similiter
1942 4847 1995 4890 et
2025 4834 2142 4897 bos,

562 4934 619 4980 et
662 4941 834 4994 equus
868 4925 1081 4995 aliaque
1118 4925 1267 4992 talia,
1311 4927 1378 4980 de
1424 4927 1677 4981 omnibus
1709 4927 1809 4979 sub
1853 4940 1912 4979 se
1948 4924 2146 4977 indivi-

562 5018 706 5073 duis.
740 5018 1007 5085 Quoniam
1041 5033 1171 5089 ergo
1200 5018 1665 5088 naturafquiddam
1698 5027 1781 5072 est
1811 5015 2139 5083 universale,

559 5110 812 5169 Christus
853 5121 1033 5166 autem
1075 5110 1332 5181 quiddam
1372 5111 1679 5166 universale
1712 5125 1818 5163 non
1865 5118 1979 5169 est,
2037 5123 2149 5161 ma-

559 5203 761 5260 nifesto
806 5213 975 5275 patet,
1025 5203 1274 5259 homines
1320 5214 1467 5259 recte
1521 5203 1818 5257 sentientes
1872 5215 2145 5271 nunquam

563 5298 807 5353 dicturos
841 5312 1001 5352 unam
1030 5305 1301 5352 naturam.
1331 5296 1518 5366 Itaque
1556 5310 1678 5350 cum
1710 5304 1763 5348 et
1791 5293 1860 5349 ab
1898 5294 2010 5359 ipsa
2055 5308 2149 5345 na-

566 5401 685 5445 tura
721 5406 924 5454 rerum,
948 5397 1002 5446 et
1036 5406 1065 5443 a
1102 5390 1306 5445 sanctis
1344 5389 1475 5443 viris
1511 5387 1855 5442 interdictum
1887 5386 1955 5441 sit
1989 5403 2006 5445 :
2040 5401 2147 5439 non

568 5483 727 5537 modo
746 5498 1229 5551 supervacaneum,
1255 5481 1350 5537 sed
1375 5482 1535 5535 nimis
1560 5481 1735 5534 audax
1776 5494 1992 5549 quoque
2028 5492 2148 5533 mea

571 5573 730 5628 fuerit
803 5575 1077 5643 opinione,
1142 5591 1304 5630 unam
1366 5573 1419 5630 in
1491 5573 1710 5629 Christo
1755 5582 2002 5627 naturam
2065 5570 2148 5625 dio

575 5681 718 5720 cere.

650 5753 806 5809 GEN.
842 5753 1018 5810 Meum
1048 5773 1178 5814 vero
1206 5758 1444 5814 animum
1471 5758 1657 5831 Cyrilli
1685 5759 1932 5815 verberat
1965 5767 2152 5813 aucto-

586 5848 741 5913 ritas,
785 5864 906 5903 cum
955 5849 1076 5905 ait:
1118 5850 1232 5908 Una
1283 5864 1477 5907 natura
1527 5849 1808 5909 Sermonis
1860 5852 2149 5908 iucarnati.

2253 3266 2523 3334 γορείται.
2557 3265 2651 3316 Διὸ
2688 3264 2783 3317 καὶ
2813 3265 2912 3332 μία
2945 3265 3109 3332 φύσις
3135 3263 3380 3331 λέγεται.
3416 3265 3626 3325 Πάντες
3652 3262 3759 3333 γὰρ
3794 3264 3849 3317 οῖ

2252 3356 2533 3424 ἄνθρωποι
2559 3355 2623 3409 ἐκ
2648 3355 2829 3425 ψυχῆς
2866 3355 3094 3426 λογικῆς
3131 3356 3241 3408 εἰσι
3289 3355 3386 3408 καὶ
3435 3353 3708 3423 σώματος,
3745 3355 3852 3408 καὶ

2250 3449 2343 3501 τὸν
2376 3449 2502 3516 ὅρον
2535 3447 2630 3501 τοῦ
2666 3446 2959 3517 ἀνθρώπου
2988 3447 3355 3516 ἐπιδέχονται,
3414 3446 3474 3509 ὃς
3505 3448 3642 3514 ἐστι,
3689 3447 3848 3501 Ζῶον

2252 3539 2490 3607 λογικὸν.
2517 3540 2733 3608 θνητόν.
2774 3540 2842 3591 'O
2866 3539 2923 3592 δὲ
2952 3540 3079 3609 ὄρος
3100 3542 3199 3608 τὴν
3227 3539 3393 3608 φύσιν
3416 3537 3513 3592 τοῦ
3543 3538 3849 3609 ὑποκειμὲ-

2251 3650 2346 3686 vos
2377 3635 2707 3702 πράγματος
2737 3631 2910 3703 δηλοῖ.
2944 3633 3045 3686 Διὰ
3073 3632 3233 3686 τοῦτο
3263 3632 3330 3685 τὰ
3352 3633 3529 3703 ἄτομα
3551 3633 3683 3687 [διον
3714 3633 3849 3704 ὅρον

2252 3726 2352 3778 οὐκ
2376 3726 2613 3794 ἔχουσιν.
2656 3726 2716 3779 Ὀ
2756 3726 2811 3780 δὲ
2840 3727 3073 3795 Χριστὸς
3121 3726 3221 3779 οὐκ
3254 3726 3371 3779 ἔστι
3426 3725 3681 3790 καθόλου,
3721 3724 3848 3781 ούδδ

2251 3816 2432 3868 κοινόν
2454 3834 2467 3846 ·
2506 3817 2606 3887 μία
2634 3818 2746 3888 γὰρ
2779 3817 3078 3879 ὑπόστασις
3116 3818 3254 3883 ἐστι,
3290 3819 3385 3870 καὶ
3432 3816 3492 3869 ἓν
3525 3819 3845 3889 πρόσωπον,

2252 3910 2348 3960 καὶ
2379 3908 2601 3975 ἄτομον.
2635 3910 2709 3962 Οὐ
2738 3910 2847 3980 γάρ
2880 3911 3021 3962 εἰσιν
3053 3909 3208 3963 ἄλλοι
3231 3910 3461 3979 Χριστοὶ
3492 3911 3557 3962 ἐκ
3583 3909 3849 3977 θεότητος

2253 4001 2820 4073 καὶάνθρωπότητος,
2852 4002 2942 4055 ἶνα
2998 4002 3121 4055 κατ’
3179 4004 3409 4055 ἐκείνων
3457 4005 3846 4075 κατηγορηθῇ.

2250 4092 2343 4145 Διὸ
2370 4093 2490 4146 οὐδὲ
2526 4093 2627 4161 μία
2654 4092 2819 4162 φύσις
2840 4092 3068 4148 δύναται
3102 4088 3268 4148 εἶναι.
3324 4094 3573 4165 Μερικὴν
3602 4097 3713 4164 γὰρ
3740 4097 3848 4166 φύ-

2252 4203 2362 4251 σιν,
2397 4186 2494 4239 καὶ
2514 4187 2742 4256 ἄτομον,
2777 4187 3065 4257 ἀμήχανον
3087 4188 3272 4259 εὑρεῖν
3302 4204 3316 4219 ·
3375 4187 3516 4242 ἀλλὰ
3555 4189 3708 4241 πᾶσα
3736 4187 3845 4256 φύ-

2253 4295 2337 4341 σις
2368 4276 2600 4330 καθόλου
2625 4277 2777 4340 ἐστὶ,
2802 4280 2897 4331 καὶ
2931 4279 3073 4331 κατὰ
3103 4278 3369 4332 πλειόνων
3390 4279 3634 4347 λέγεται.
3666 4279 3847 4345 Εὐθὺς

2250 4371 2360 4441 γὰρ
2388 4371 2420 4440 ἡ
2449 4369 2571 4423 θεία
2599 4370 2766 4441 φύσις
2794 4373 3193 4441 κατηγορεῖται
3245 4372 3389 4425 κατὰ
3440 4371 3538 4425 τοῦ
3600 4371 3845 4443 Πατρός,

2251 4461 2347 4515 καὶ
2379 4461 2473 4514 τοῦ
2498 4461 2652 4526 Υίοῦ,
2680 4463 2775 4517 καὶ
2806 4461 2899 4516 τοῦ
2934 4463 3092 4535 ἁγίου
3122 4462 3450 4533 Πνεύματος
3478 4479 3492 4493 ⁶
3535 4465 3633 4518 καὶ
3667 4464 3701 4535 ἠ
3728 4465 3844 4517 τῶν

2253 4556 2504 4627 ἀγγέλων
2532 4558 2720 4624 φύσις,
2759 4557 2901 4611 κατὰ
2938 4534 3187 4628 Μιχαὴλ,
3223 4558 3321 4611 καὶ
3378 4558 3649 4629 Γαϐριὴλ,
3692 4534 3699 4535 7
3739 4559 3835 4611 καὶ

2251 4650 2362 4703 τῶν
2387 4649 2632 4705 λοιπῶν
2669 4651 2767 4703 καὶ
2796 4652 2828 4717 ἠ
2867 4649 2978 4703 τῶν
3024 4648 3357 4721 ἀνθρώπων,
3416 4650 3560 4703 κατὰ
3615 4650 3844 4721 Σωκρά-

2253 4758 2402 4806 τους.
2435 4744 2532 4797 καὶ
2554 4742 2866 4808 Πλάτωνος,
2887 4744 2979 4795 καὶ
3000 4743 3111 4796 τῶν
3135 4743 3276 4795 κατὰ
3309 4742 3473 4812 μέρος
3500 4742 3599 4795 ἀνθ
3609 4742 3837 4813 ρώπων.

2263 4833 2506 4902 Ὁμοίως
2557 4835 2654 4887 καὶ
2708 4832 2858 4903 βοῦς,
2906 4834 3004 4888 καὶ
3029 4833 3222 4899 ἵππος,
3268 4836 3362 4886 καὶ
3414 4834 3660 4890 τοιαῦτα.
3701 4835 3846 4887 κατὰ

2256 4926 2478 4978 πάντων
2500 4925 2610 4979 τῶν
2640 4928 2733 4979 ὑπ’
2766 4926 2907 4980 αὐτὰ
2935 4926 3176 4994 ἀτόμων.
3238 4926 3394 4978 Ἐπεὶ
3442 4920 3536 4978 οῦν
3595 4926 3631 4994 ἡ
3680 4924 3846 4994 φύσις

2255 5017 2492 5072 καθόλου
2518 5020 2689 5079 ἐστὶν,
2713 5021 2741 5071 ὀ
2765 5017 2820 5070 δὲ
2853 5016 3095 5088 Χριστὸς
3129 5017 3230 5070 οὐκ
3257 5015 3374 5069 ἔστι
3405 5016 3641 5069 καθόλου
3666 5030 3678 5043 ο
3708 5015 3847 5084 πρός
3904 5008 3909 5013 ’

2254 5109 2437 5179 δηλον,
2461 5111 2543 5163 ὅτι
2579 5111 2679 5179 μία
2713 5109 2875 5178 φύσις
2904 5109 3049 5163 κατὰ
3117 5108 3227 5161 τῶν
3282 5106 3702 5177 εὖφρονούντων
3737 5108 3841 5161 οὐκ

2256 5210 2325 5264 ἂν
2353 5225 2484 5261 ποτε
2504 5208 2833 5279 ῥηθήσεται.
2862 5205 3024 5259 Ἐπεὶ
3047 5205 3232 5258 τοίνυν
3259 5206 3355 5257 καὶ
3395 5202 3553 5275 παρὰ
3604 5204 3709 5272 τῆς
3739 5203 3846 5270 φύ-

2258 5318 2396 5364 σεως
2425 5301 2613 5365 αὐτοῖς
2638 5300 2750 5354 τῶν
2786 5297 3157 5369 πραγμάτων,
3189 5297 3283 5349 καὶ
3315 5295 3469 5367 παρὰ
3528 5296 3638 5349 τῶν
3667 5294 3846 5362 ἁγίων

2257 5392 2591 5459 κεκώλυται,
2640 5392 2704 5444 οὐ
2739 5388 2998 5463 περιττὸν
3022 5390 3209 5459 μόνον,
3263 5389 3403 5443 ἀλλὰ
3440 5388 3535 5441 καὶ
3570 5386 3849 5457 τολμηρὸν

2256 5486 2447 5557 ἔμοιγε
2475 5486 2617 5550 τέως
2637 5486 2807 5552 δοκεῖ,
2832 5486 2964 5558 μίαν
2994 5485 3159 5555 φύσιν
3185 5486 3370 5555 λέγειν
3427 5486 3522 5540 ἐπὶ
3573 5483 3669 5538 τοῦ
3709 5483 3851 5553 Χρι-

2259 5597 2409 5633 στου.

2326 5760 2389 5812 Ὀ
2418 5756 2585 5813 ΚΑΘ.
2626 5756 2824 5811 κλονεῖ
2848 5774 2950 5828 μου
2982 5756 3075 5810 τδν
3099 5755 3227 5810 νοῦν
3249 5757 3282 5825 ἡ
3312 5755 3512 5825 χρῆσις
3537 5756 3631 5807 τοῦ
3662 5771 3845 5823 μακα-

2264 5851 2380 5921 ρίου
2414 5850 2712 5919 Κυρίλλου,
2748 5850 2779 5917 ὴ
2810 5848 3067 5915 λέγουσα,
3103 5849 3217 5902 Μία
3246 5848 3403 5909 πόσις
3455 5846 3550 5899 τοῦ
3625 5862 3849 5911 σαρκωο
