4140 6404
338 356 435 420 169

1709 344 2178 406 DISPUTATIO
2222 346 2269 404 Ι.

3530 343 3633 406 1το

332 471 504 541 Τριάς
527 471 704 532 ἐστιν,
728 468 791 521 ού
821 466 1086 538 δεχομένη
1115 463 1457 534 προσθήκην,
1481 460 1604 513 οὐδὲ
1621 459 1931 529 ἀφαίρεσιν,

2054 456 2292 512 :nelcstes
2326 465 2510 527 portas
2547 457 2739 513 evasit.
2768 456 3008 514 Trinitas
3043 458 3262 528 quidem
3317 469 3464 515 certe
3511 459 3635 514 Tri-

341 564 457 618 ἀλλ’
489 564 580 616 ἀεὶ
641 561 828 615 τελεία
863 560 1001 621 sect,
1046 558 1138 612 καὶ
1167 560 1226 610 ἐν
1265 556 1452 626 Τριάδι
1501 557 1599 624 pla
1624 553 1826 621 Θεότης
1851 565 1939 617 γι-

341 657 636 710 νώσκεται.
714 655 826 708 Καὶ
879 653 1054 715 οὕτως
1091 653 1151 704 ἐν
1200 653 1266 719 τῇ
1308 647 1609 717 Ἐκκλησία
1667 642 1747 708 είς
1809 643 1941 706 Θεὸς

345 750 679 821 κηρύττεται
710 746 856 802 ότοῦ
926 745 1103 812 Λόγου
1166 742 1379 813 Πατήρ.
1441 740 1712 809 ’Λκὴκοας
1761 735 1877 800 πῶς
1915 738 1942 787 ὀ

349 843 621 912 μακάριος
653 838 981 900 ’Λθανάσιος
1015 835 1182 901 ζήλου
1220 836 1402 888 πνέων
1445 832 1636 887 ἐνθέου
1666 831 1943 886 καθάπτε-

343 950 437 984 ται
495 933 605 983 τῶν
649 929 924 998 λεγόντων
986 927 1276 998 όμοούσιον
1314 925 1393 996 τῷ
1453 925 1613 996 Λόγῳ
1645 924 1706 978 τὸ
1743 923 1939 992 σῶμα;

355 1022 804 1092 Ἐρυθριάσουσι,
838 1020 997 1090 φησί.
1038 1020 1149 1074 Καὶ
1192 1019 1378 1074 πάλιν
1421 1017 1500 1073 Οὐ
1533 1017 1770 1080 νοοῦσιν,
1795 1017 1943 1078 ὅπως

349 1114 567 1174 ἑαυτοῖς
610 1112 1032 1181 περιπίπτουσι.
1097 1111 1208 1166 Καὶ
1231 1110 1391 1174 αὖθις
1417 1126 1430 1141 ·
1469 1109 1582 1180 Τὴν
1625 1107 1942 1179 ἀφροσύνην

347 1208 533 1259 αὶτῶν
583 1204 759 1270 ἔξεστι
801 1204 1067 1276 καθορᾷν.
1125 1205 1238 1258 Καὶ
1274 1205 1542 1276 ἀνοήτους
1573 1202 1669 1256 καί
1698 1201 1942 1273 ἄφρονας

351 1300 549 1362 αὐτοὺς
598 1298 891 1352 ἀποκαλεῖ.
957 1298 1118 1352 Ἀλλά
1172 1297 1344 1351 ταῦτα
1398 1297 1497 1367 μὲν
1528 1299 1556 1349 ό
1593 1297 1737 1367 ἱερὸς
1777 1295 1944 1348 Ἀθαοι

353 1389 558 1449 νάσιος.
603 1386 799 1458 Ἡμεῖς
821 1388 877 1440 δὲ
909 1388 1290 1457 ἀπελέγξομεν
1335 1390 1428 1442 καὶ
1466 1388 1666 1451 ἄλλως,
1698 1390 1745 1439 εἰ
1771 1387 1938 1450 δοκεῖ,

350 1479 451 1549 τήν
473 1479 695 1533 ἐκείνων
742 1479 1025 1534 ἀσέϐειαν.

436 1737 498 1792 Ὀ
526 1738 687 1794 ΚΑΘ.
725 1738 885 1811 Ἐμοὶ
941 1741 1081 1805 τέως
1127 1741 1296 1808 δοκεῖ,
1328 1741 1405 1813 μή
1452 1741 1664 1796 δεῖσθαι
1699 1740 1943 1806 πλείονος

2048 550 2185 603 nitas
2211 559 2313 614 est,
2342 549 2554 603 etiamsi
2589 549 2781 604 Sermo
2807 565 3002 618 corpus
3035 567 3100 607 ex
3124 551 3291 605 Maria
3314 556 3630 622 sumpserit,

2048 642 2246 695 nullam
2284 657 2382 696 nec
2421 643 2794 698 accessionem
2832 643 3146 710 admittens,
3181 661 3280 700 nec
3309 647 3633 703 diminutio-

2048 741 2168 781 nem
2206 743 2221 780 :
2251 730 2347 782 sed
2381 728 2621 796 perfecta
2671 744 2888 800 semper
2910 739 3016 796 est,
3051 741 3106 786 et
3133 748 3240 786 una
3273 734 3325 787 in
3363 733 3632 792 Trinitate

2045 820 2316 875 Divinitas
2340 822 2674 886 agnoscitur.
2701 823 2876 892 Atque
2906 824 3008 878 hoc
3040 826 3199 879 modo
3234 827 3373 882 Deus
3406 844 3546 882 unus
3575 829 3630 886 in

2049 906 2289 962 Ecclesia
2323 911 2664 979 praedicatur,
2697 912 2857 968 Pater
2889 913 2976 968 ille
3000 915 3302 972 Sermonis.
3333 919 3502 974 Audis
3523 937 3630 990 quo

2047 1010 2207 1070 pacto
2245 1002 2439 1057 beatus
2469 1003 2823 1069 Athanasius,
2856 1007 3098 1061 divinum
3131 1010 3419 1078 quemdam
3449 1013 3626 1069 zelum

2047 1094 2282 1163 spirans,
2305 1109 2400 1150 eos
2437 1103 2643 1167 tangat,
2680 1099 2772 1167 qui
2823 1113 3023 1168 corpus
3052 1101 3293 1167 ejusdem
3347 1119 3466 1159 esse
3497 1105 3631 1159 sub-

2047 1189 2262 1243 stantia:
2319 1203 2444 1244 cum
2476 1188 2742 1246 Sermone
2793 1193 3005 1248 dicunt.
3053 1193 3265 1250 Pudore
3307 1197 3632 1264 adicientur,

2047 1278 2156 1342 ait;
2178 1279 2343 1334 item:
2378 1279 2493 1334 Non
2515 1282 2756 1351 cogitant
2782 1298 2892 1354 quo
2925 1295 3084 1352 pacto
3115 1289 3326 1356 seipsos
3365 1298 3634 1344 evertant.

2051 1369 2112 1422 Et
2137 1385 2371 1425 rursus:
2417 1371 2778 1430 Stoliditatem
2823 1376 3064 1446 ipsorum
3123 1383 3437 1449 perspicere
3487 1381 3633 1437 licet.

2048 1458 2374 1529 Insipieutcs
2421 1471 2475 1516 et
2509 1464 2704 1518 stultos
2746 1475 2924 1520 vocat.
2961 1465 3026 1520 Et
3068 1469 3182 1524 haec
3211 1471 3429 1539 quidem
3460 1471 3638 1527 Atha-

2050 1553 2255 1608 nasius.
2304 1553 2414 1610 Nos
2460 1565 2640 1611 autem
2689 1557 2795 1612 alio
2854 1574 3071 1630 quoque
3115 1564 3296 1631 modo,
3329 1563 3374 1618 si
3434 1565 3631 1634 placet,

2050 1647 2384 1716 impietatem
2425 1665 2615 1705 eorum
2653 1653 3060 1722 redarguemus.

2119 1737 2280 1794 GEN.
2301 1740 2430 1797 Mihi
2464 1745 2854 1812 sane_videtur,
2883 1747 2950 1800 ad
2974 1745 3239 1815 ejusmodi
3259 1751 3466 1807 erroris
3486 1755 3640 1823 agni-

347 1830 587 1900 ἐλὲγχου
618 1833 698 1894 εἰς
735 1807 806 1886 τὸν
855 1833 1228 1906 γνωρισθῆναι
1260 1807 1596 1888 ’τὸ-τοιοῦτον
1635 1832 1936 1905 ὀλίσθημα.

2054 1832 2278 1898 tionem,
2314 1852 2420 1890 non
2460 1852 2582 1892 esse
2628 1853 2765 1908 Opus
2805 1840 3052 1910 ampliori
3117 1841 3463 1900 refutatione.
3502 1845 3636 1901 Nam

359 1924 420 1975 ‘0
455 1923 566 1992 γάρ
615 1923 694 1993 τῷ
751 1923 892 1993 ἁγίῳ
942 1923 1247 1987 Ἀθανασίῳ
1286 1925 1577 1996 πεισθῆναι
1630 1925 1706 1998 μὴ
1750 1924 1944 1996 βουλη-

346 2016 488 2079 θεὶς,
519 2015 634 2082 είγε
663 2016 802 2078 τέως
831 2016 935 2085 τῆς
985 2016 1094 2070 τῶν
1140 2017 1490 2087 Χριστιανῶν
1561 2018 1761 2089 μοίρας
1805 2034 1940 2086 τυγ-

347 2107 632 2177 κάνειῶν,
661 2108 902 2162 τοσαῦτα
963 2109 1368 2180 καταϐοήσαντι
1427 2109 1531 2181 τῆς
1601 2110 1789 2175 ἀνοίας
1831 2108 1942 2163 τῶν

348 2204 644 2273 ὁμοούσιον
696 2204 778 2274 τῷ
824 2205 985 2277 Λόγῳ
1023 2207 1084 2257 τὸ
1125 2205 1288 2276 σῶμα
1360 2204 1809 2274 φληναφούντων,
1848 2203 1944 2257 καὶ

349 2297 590 2367 τετράδα
621 2298 743 2351 ἀντὶ
778 2298 1012 2368 Τριάδος
1047 2299 1148 2370 τὴν
1187 2299 1435 2369 Θεότητα
1472 2299 1722 2367 γίνεσθαι
1766 2298 1946 2369 ληρω-

349 2389 610 2456 δούντων,
645 2390 748 2443 οὑκ
796 2389 916 2444 οῖδα
975 2391 1081 2444 τίνι
1119 2392 1228 2444 τῶν
1271 2391 1363 2444 ἐπὶ
1392 2391 1497 2461 γῆς
1525 2391 1618 2444 νῦν
1652 2391 1822 2443 όντων
1852 2390 1947 2442 ἀν-

353 2481 592 2548 θρώπων
617 2481 998 2554 πεισθήσεται.
1036 2483 1184 2554 Πλὴν
1223 2484 1349 2536 ἐπεὶ
1380 2482 1568 2537 πολλοὶ
1602 2482 1768 2554 ἢοὺδ’
1808 2482 1947 2547 ὅλως

353 2574 795 2642 ἀναγινώσκουσι
823 2575 922 2639 τὰς
952 2575 1104 2640 θείας
1153 2575 1401 2646 Γραφὰς,
1435 2574 1468 2644 ἢ
1500 2574 1947 2642 ἀναγινώσκουσι

360 2669 482 2739 μὲν,
499 2669 639 2742 πλήν
663 2669 802 2724 ἀλλὰ
824 2672 1144 2742 παρέργως,
1166 2674 1260 2725 καὶ
1289 2672 1389 2724 οὑκ
1413 2671 1710 2740 ἐπιμελῶς·
1741 2671 1834 2722 καὶ
1857 2669 1947 2723 διὰ

359 2760 523 2814 τοῦτο
553 2761 646 2815 τὸν
677 2763 738 2814 ἐν
769 2762 923 2832 βάθει
957 2763 1084 2817 νοῦν
1145 2764 1328 2816 αὑτῶν
1390 2763 1701 2831 ἀγνοοῦσιν
1750 2764 1802 2816 et
1863 2779 1948 2816 σοι

351 2857 506 2908 δοκεῖ
558 2855 652 2907 καὶ
691 2855 922 2909 δύνασαι
973 2865 1068 2910 καὶ
1121 2855 1297 2920 ἄλλως
1341 2857 1442 2926 τὴν
1471 2855 1698 2909 ἐκείνων
1728 2855 1948 2925 ἐλέγξαι

357 2951 596 3020 πλάνην,
622 2944 680 3002 εὖ
713 2948 814 3021 ἔσῃ
855 2949 1048 3018 ποιῶν,
1082 2949 1179 3004 καὶ
1210 2950 1366 3020 φίλον
1387 2949 1529 3020 Θεῷ,
1556 2949 1652 3004 καὶ
1685 2948 1817 3021 ήμίν
1849 2967 1951 3002 κα-

352 3042 489 3097 ταθύ
499 3059 643 3113 μιον.

2049 1925 2140 1993 qui
2173 1929 2432 1982 assentiri
2468 1941 2662 1984 sancto
2698 1931 2818 1985 viro
2845 1930 3145 1988 Athanasio
3177 1949 3282 1988 non
3317 1937 3449 2004 vult,
3477 1940 3638 1994 modo

2047 2017 2399 2076 Christianus
2431 2031 2536 2088 est,
2574 2030 2861 2092 tantopere
2893 2026 3220 2080 occlamanti
3249 2041 3438 2081 eorum
3481 2043 3633 2084 vesa-

2050 2112 2172 2174 niae,
2209 2113 2301 2181 qui
2333 2128 2534 2182 corpus
2579 2115 2823 2183 ejusdem
2872 2131 2996 2170 esse
3045 2133 3166 2170 cum
3205 2118 3469 2174 Sermone
3509 2121 3638 2176 sub-

2049 2207 2265 2261 stantiae
2311 2218 2604 2276 nugantur,
2653 2219 2706 2262 et
2761 2210 3175 2277 quaternionetn
3227 2211 3283 2266 in
3344 2211 3638 2270 Divinitate

2050 2299 2171 2353 loco
2199 2299 2507 2364 Trinitatis,
2545 2300 2662 2354 ﬁeri
2688 2302 2962 2356 somniant
2991 2319 3005 2356 :
3038 2302 3256 2358 cuinam
3298 2308 3634 2372 mortalium,

2051 2395 2274 2450 nuncin
2314 2395 2478 2450 terris
2524 2395 2834 2461 exsistenti,
2877 2397 2948 2451 sit
2999 2412 3350 2464 assensurus,
3383 2402 3638 2470 equidem

2053 2503 2158 2540 non
2193 2486 2371 2544 video.
2405 2487 2541 2554 Quia
2575 2500 2754 2541 tamen
2776 2489 3106 2557 complures,
3143 2499 3236 2544 aut
3274 2493 3498 2548 omnino
3522 2493 3640 2547 Lit-

2054 2589 2200 2634 teras
2229 2595 2412 2634 sacras
2442 2595 2546 2634 non
2580 2581 2786 2648 legunt,
2825 2591 2920 2634 aut
2951 2579 3134 2650 legunt
3162 2581 3232 2634 illi
3261 2583 3506 2651 quidem,
3538 2586 3636 2640 sed

2051 2671 2199 2728 aliud
2246 2673 2406 2744 quasi
2455 2681 2706 2744 agentes,
2753 2689 2862 2727 non
2916 2675 3196 2740 studiose;
3229 2691 3333 2743 qua
3367 2679 3436 2731 de
3473 2692 3641 2732 causa

2054 2781 2292 2825 mentem
2323 2785 2514 2825 earum
2556 2769 2802 2824 intimam
2835 2769 3128 2835 ignorant:
3156 2780 3304 2824 recte
3329 2770 3550 2841 feceris,
3584 2783 3642 2828 et

2053 2873 2335 2934 acceptum
2372 2863 2503 2928 Deo,
2539 2863 2808 2930 nobisque
2849 2873 3060 2932 gratum
3103 2863 3442 2932 prazstiteris,
3472 2867 3518 2920 si
3554 2882 3644 2921 er-

2055 2971 2234 3012 rorem
2265 2972 2454 3012 eorum
2509 2955 2916 3021 confutaveris;
2959 2957 3122 3011 modo
3171 2957 3224 3011 id
3262 2958 3358 3012 tibi
3403 2959 3642 3028 placeat,

2053 3061 2109 3106 et
2139 3049 2244 3104 alia
2275 3049 2457 3104 facere
2495 3049 2576 3103 via
2605 3050 2802 3118 possis.

438 3137 498 3190 '0
523 3136 720 3190 ΘΕΩΡ.
764 3135 958 3189 Πολλοὶ
1003 3135 1096 3190 τοῦ
1123 3135 1457 3208 χαιρεκάκου
1505 3137 1601 3190 καὶ
1637 3135 1949 3208 μισανθρώ-

2128 3140 2382 3196 THEOR.
2417 3141 2566 3196 Multi
2624 3141 2860 3207 Satanae,
2894 3142 2988 3210 qui
3025 3140 3181 3196 malis
3229 3141 3551 3209 oblectatur,
3587 3155 3645 3201 et

353 3249 461 3284 που
489 3231 668 3283 Σατὰν
699 3228 947 3300 μαθηταὶ
976 3228 1274 3298 γεγόνασιν
1294 3229 1328 3299 ἢ
1362 3228 1564 3299 μᾶλλον
1591 3229 1805 3299 ὕργανα
1863 3233 1946 3294 εἰς

351 3326 640 3380 ἀπώλειαν
690 3322 928 3389 πολλῶν,
973 3317 1088 3385 οἷος
1135 3316 1207 3392 ἦν
1254 3322 1283 3374 ὁ
1315 3321 1582 3391 θεήλατος
1614 3321 1882 3394 Σέϐηρος,
1918 3323 1947 3373 ὁ

350 3419 449 3472 τοῦ
483 3419 681 3489 Θρόνου
711 3419 812 3487 τῆς
865 3414 1202 3486 Ἀντιοχείας
1249 3418 1539 3487 κρατήσας
1578 3416 1945 3486 τυραννικῶς,

351 3513 414 3576 ὃς
447 3512 524 3583 μὴ
565 3510 828 3580 φοϐηθεὶς
855 3509 955 3582 τήν
989 3510 1313 3581 φάσκουσαν
1368 3508 1612 3580 ἐντολὴν,
1653 3510 1948 3564 Ἐπικατὰ-

355 3623 520 3673 ρατος
554 3605 583 3656 ὁ
617 3603 841 3657 πλανῶν
872 3602 1076 3670 τυφλὸν
1105 3603 1162 3654 ἐν
1190 3599 1318 3673 ὁδῷ,
1354 3601 1644 3666 πλείστους
1701 3602 1804 3671 τῆς
1858 3602 1950 3654 εύ-

355 3700 510 3762 θείας
568 3699 972 3768 ἁποπλανήσας
1018 3696 1164 3763 ὀδοῦ,
1209 3697 1292 3759 εἰς
1347 3695 1639 3767 βάραθρον,
1671 3695 1948 3758 ἀπωλείας

358 3792 615 3854 ἐλεεινῶς
654 3791 1096 3860 κατεκρήμνισε,
1126 3786 1438 3860 τοῦμπαλιν
1467 3787 1703 3856 ὀφείλων
1748 3789 1946 3852 ποιεῖν,

357 3887 426 3936 ἐκ
481 3883 582 3953 τῆς
643 3883 852 3952 πλάνης
909 3880 1264 3952 ἐπιστρέφειν
1314 3879 1454 3950 πρὸς
1514 3878 1613 3949 τὴν
1645 3878 1948 3950 εάλήθειαν.

359 3975 535 4029 Τοῦτο
565 3976 676 4046 γὰρ
705 3973 906 4045 ἀπῄτει
932 3974 1086 4044 καὶή
1126 3971 1390 4044 προεδρία
1425 3971 1617 4026 αὑτοῦ.
1670 3971 1730 4024 '0
1785 3971 1842 4024 δὲ
1883 3973 1950 4024 ἐκ

357 4069 463 4138 τῆς
495 4070 665 4139 ἀκοῆς
701 4066 892 4132 αὑτοῦ,
925 4065 1106 4136 πολλῷ
1143 4065 1203 4118 δὲ
1245 4063 1410 4118 πλέον
1450 4066 1514 4117 ὲκ
1563 4065 1663 4135 τῆς
1719 4064 1948 4134 καρδίας

355 4165 429 4216 τὰ
456 4163 774 4230 ἐντάλματα
803 4159 899 4213 τοῦ
929 4157 1066 4212 Θεοῦ
1097 4159 1487 4226 ἀπωσάμενος,
1517 4157 1589 4211 τὰ
1626 4157 1951 4220 οὑτωσίπως

356 4253 788 4324 διακελευόμενα
811 4268 824 4280 ·
856 4251 1197 4319 Πορεύεσθε
1227 4249 1327 4304 διὰ
1380 4249 1502 4303 τῶν
1547 4247 1762 4303 πυλῶν
1805 4266 1948 4318 μου,

358 4349 459 4402 καὶ
493 4345 897 4410 ὁδοποιήσατε
921 4342 1001 4408 τῷ
1022 4343 1176 4409 λαῷ,
1206 4343 1305 4397 καί
1330 4341 1476 4408 τοὺς
1502 4343 1714 4408 λίθους
1744 4341 1812 4395 ἐκ
1841 4341 1952 4408 τῆς

360 4439 510 4494 ὀδοῦ
539 4438 895 4506 διαρῤίψατε
919 4453 933 4468 ·
974 4435 1179 4503 λίθους,
1226 4437 1288 4490 ού
1334 4435 1472 4506 πρὸς
1505 4436 1800 4507 οἰκοδομὴν
1854 4435 1950 4489 τοῦ

358 4533 565 4598 ζῶντος
582 4530 735 4595 ναοῦ,
764 4530 904 4599 πρὸς
951 4529 1162 4582 πτῶσιν
1215 4528 1272 4582 δὲ
1334 4529 1561 4599 μᾶλλον,
1616 4532 1711 4585 καὶ
1774 4531 1949 4602 πρόσ-
1982 4511 2027 4567 D

359 4643 555 4696 κομμα
582 4624 817 4690 πολλῶν,
848 4623 1110 4694 ἐμϐαλεῖν
1132 4624 1190 4677 ἐν
1211 4627 1276 4695 τῇ
1301 4623 1420 4694 ,6δῷ
1441 4625 1544 4694 τῆς
1588 4625 1736 4696 ζωῆς
1778 4627 1952 4698 ἀφρό..

363 4735 470 4782 νως
513 4717 841 4780 ἐσπούδακε,
871 4715 970 4769 καὶ
1007 4715 1098 4770 διά
1126 4716 1286 4786 λόγου
1315 4717 1410 4771 καὶ
1439 4718 1529 4772 διὰ
1557 4719 1788 4788 γραφῶν
1818 4721 1952 4788 μίαν

365 4812 530 4880 φύσιν
569 4809 666 4864 τοῦ
741 4809 1098 4880 Ἐμμανουήλ
1143 4808 1504 4878 ἐδογμάτισεο
1565 4811 1821 4876 δεδοικὼς
1877 4814 1952 4882 μὴ

362 4906 563 4973 τετρὲς
596 4904 720 4956 ἀντὶ
741 4903 962 4973 τριάδος
1001 4903 1230 4974 γένηται
1259 4905 1293 4974 ή
1318 4902 1493 4973 Τριάς
1515 4919 1531 4934 ·
1569 4903 1671 4957 οὐκ
1715 4903 1949 4969 ἐννοῶν,

361 4996 439 5057 ὡς
463 4994 666 5061 ἔοικεν,
701 4994 730 5046 ό
782 4991 992 5057 ἄθλιος,
1034 4992 1118 5046 ὅτι
1162 4993 1226 5046 τὸ
1283 4995 1445 5065 τριὰς
1505 4995 1806 5065 πρόσρημα
1854 4997 1955 5050 οὐκ

364 5089 487 5142 ἐστι
528 5088 628 5157 τῆς
649 5085 868 5156 φύσεως
907 5085 1270 5156 σημαντικὸν,
1317 5085 1456 5140 ἀλλά
1492 5087 1585 5140 τοῦ
1632 5086 1802 5140 ποσοῦ
1845 5087 1955 5141 τῶν

365 5182 746 5235 ὑποστάσεων.
777 5179 904 5243 Πῶς
929 5174 1027 5238 οὖν
1053 5179 1263 5242 ἐκεῖνος
1286 5179 1492 5250 συνῆγε
1510 5181 1767 5251 τετράδα,
1796 5181 1955 5251 ήμῶν

368 5275 445 5346 μή
483 5271 897 5344 ὁμολογούντων
943 5272 1247 5325 ὑπόστασιν
1299 5271 1655 5342 ἀνειληφέναι
1708 5272 1802 5326 τὸν
1858 5271 1952 5326 τοῦ

363 5368 507 5422 Θεοῦ
539 5367 738 5435 Λόγον,
769 5364 887 5419 ἀλλ’
919 5367 980 5418 ἐν
1009 5365 1191 5436 ἐαυτῷ
1216 5365 1629 5438 ὑποστήσασθαι
1653 5365 1714 5419 τὸ
1757 5366 1958 5438 ήμέτε-

367 5478 462 5532 ρον
489 5476 507 5526 ;
538 5458 656 5514 Καὶ
683 5458 815 5528 μίαν
838 5459 1162 5524 ὑπόστασιν,
1198 5458 1294 5510 καὶ
1316 5458 1413 5510 ἐνα
1439 5457 1570 5512 Υίὸν
1593 5456 1956 5528 δογματιζόν-

363 5569 474 5606 των
512 5550 604 5604 τδν
648 5548 1004 5619 Ἐμμανουήλ
1029 5567 1044 5618 ;
1072 5550 1134 5602 El
1173 5551 1272 5619 μὲν
1298 5547 1394 5602 οῦν
1425 5552 1454 5602 ὁ
1478 5549 1664 5613 καινὸς
1703 5536 1956 5618 θεολόγος

367 5647 518 5718 τρεῖς
544 5643 743 5716 φύσεις
776 5645 869 5694 ἐπὶ
895 5642 996 5712 τῆς
1044 5643 1205 5712 ἁγίας
1250 5644 1292 5695 Τ
1299 5641 1481 5710 ριάὂος
1511 5643 1789 5714 ὁμολογεῖ,
1833 5642 1954 5699 εἶτα

439 5828 460 5860 ⁷
489 5825 693 5885 Jercm.
721 5843 774 5889 ιι,
807 5825 902 5880 26.

695 5921 971 5980 Ριτιιοῐι.
1012 5922 1129 5981 Gtt.
1178 5916 1498 5980 CXXXIII.

2049 3249 2222 3305 genus
2243 3234 2541 3288 humanum
2575 3233 2711 3295 odit,
2738 3233 3001 3288 exstitere
3021 3234 3294 3302 discipuli,
3324 3235 3408 3289 vel
3439 3236 3644 3291 instru-

2051 3336 2232 3380 menta
2263 3325 2463 3394 potius,
2513 3324 2580 3378 ad
2611 3324 2904 3378 multorum
2949 3325 3272 3391 perniciem.
3301 3325 3489 3392 Qualis
3523 3337 3644 3382 erat

2051 3417 2436 3473 abominabilis
2476 3416 2566 3472 ille
2605 3417 2864 3480 Severus,
2915 3419 3008 3485 qui
3050 3417 3352 3472 Antiochia:
3385 3419 3642 3474 thronum

2051 3524 2148 3576 per
2173 3506 2518 3580 tyrannidem
2551 3507 2873 3563 obtiuuit.ls
2902 3507 3120 3562 mininte
3151 3518 3479 3577 praeceptum
3511 3509 3642 3564 illud

2050 3603 2346 3661 reveritus.
2370 3616 2480 3672 quo
2526 3601 2723 3655 dicitur
2753 3618 2767 3654 :
2805 3598 3196 3664 Essecrabilis,
3225 3601 3319 3670 qui
3358 3601 3410 3653 in
3443 3601 3642 3657 itinere

2052 3709 2196 3749 caeco
2228 3707 2447 3748 causam
2479 3693 2686 3747 erroris
2734 3691 2959 3761 praebet,
3015 3691 3280 3760 plurimos
3311 3693 3361 3744 in
3393 3707 3638 3747 errorem

2054 3807 2081 3844 a
2116 3801 2265 3845 recta
2299 3791 2592 3846 devocatos
2628 3789 2738 3853 via,
2775 3788 2830 3842 in
2877 3773 3138 3860 perniciei
3187 3791 3503 3845 barathrum
3539 3794 3643 3845 ml-

2055 3886 2362 3941 serabiliter
2410 3884 2812 3954 praecipitavit;
2849 3899 2972 3938 cum
3007 3884 3188 3938 facere
3234 3885 3511 3939 diversum
3548 3888 3644 3940 de-

2056 3981 2224 4046 beret,
2268 3981 2525 4035 nimirum
2575 3980 2645 4032 ab
2683 3992 2872 4032 errore
2914 3979 2979 4031 ad
3025 3978 3312 4033 veritatem
3349 3979 3642 4036 divertere.

2054 4073 2208 4140 Quod
2237 4074 2457 4144 quidem
2505 4080 2558 4126 et
2601 4069 2924 4139 praesulatus
2968 4069 3138 4138 ipsius
3179 4071 3246 4122 ab
3279 4084 3345 4122 eo
3393 4070 3643 4138 require.

2055 4169 2168 4222 bat.
2199 4166 2400 4222 Verum
2433 4175 2488 4219 et
2519 4163 2586 4218 ab
2621 4162 2884 4225 auribus,
2918 4170 2970 4216 et
2999 4161 3165 4214 multo
3199 4160 3373 4231 magis
3411 4177 3440 4214 a
3477 4163 3645 4216 corde

2057 4259 2270 4328 rejectis
2316 4258 2411 4311 Dei
2465 4255 2770 4317 mandatis,
2818 4268 2938 4323 qua:
2986 4253 3058 4305 ita
3117 4252 3495 4320 praecipiunt:
3533 4251 3642 4307 Per

2054 4360 2236 4419 portas
2268 4365 2410 4403 meus
2449 4346 2806 4416 ingredimini,
2848 4355 2896 4399 et
2921 4345 3018 4397 iter
3051 4343 3245 4411 populo
3278 4344 3516 4409 sternite,
3552 4346 3646 4399 de-

2056 4461 2156 4516 que
2175 4445 2257 4498 via
2285 4443 2485 4512 lapides
2503 4439 2794 4505 amovete",
2817 4438 2870 4491 Id
2895 4451 3117 4507 operam
3148 4437 3317 4501 dedit,
3355 4447 3413 4491 nt
3447 4453 3550 4491 non
3575 4440 3645 4492 ad

2058 4548 2390 4596 structuram
2451 4535 2595 4590 illius
2634 4533 2740 4588 vivi
2798 4532 3005 4600 templi,
3061 4531 3156 4586 sed
3192 4534 3369 4602 potius
3405 4531 3474 4586 ad
3532 4534 3650 4586 rui-

2061 4648 2188 4688 nam
2242 4643 2297 4687 et
2352 4628 2710 4684 oﬂ‘ensiouem
2761 4625 3022 4695 plurium,
3074 4626 3284 4695 lapides
3311 4626 3364 4678 in
3391 4626 3475 4679 via
3520 4627 3647 4680 vitae

2059 4739 2158 4794 per
2188 4721 2468 4775 infamiam
2503 4727 2804 4788 Sparge-ret,
2839 4717 3083 4784 adeoque
3119 4715 3300 4770 verbis
3325 4726 3380 4770 et
3426 4717 3648 4786 scriptis

2062 4826 2309 4868 naturam
2356 4809 2724 4864 Eu‘tmanuelis
2781 4823 2942 4861 unam
2991 4807 3252 4873 tradidit;
3308 4809 3519 4863 veritus
3581 4824 3649 4863 ne

2063 4905 2347 4959 Trinitatis
2369 4904 2488 4958 loco
2515 4901 2801 4971 quaternio
2833 4901 3024 4965 ﬁeret;
3066 4900 3209 4953 baud
3247 4900 3497 4969 cogitans
3540 4899 3649 4953 mi-

2063 5014 2172 5064 ser,
2208 4998 2287 5052 uti
2319 4997 2539 5067 quidem
2570 4995 2808 5056 videtur,
2838 5007 3033 5046 nomen
3071 4990 3360 5047 Trinitatis
3403 5007 3511 5046 non
3544 4993 3649 5046 Ita-

2065 5094 2195 5148 bere
2223 5091 2679 5162 signiﬁcationem
2729 5096 2963 5151 naturae,
2993 5084 3088 5140 sed
3130 5084 3343 5139 numeri
3388 5099 3652 5154 persona-

2066 5202 2183 5238 rum
2213 5183 2298 5238 vel
2347 5181 2743 5254 liypostasium.
2773 5180 2890 5246 Quo
2924 5179 3092 5248 igitur
3120 5178 3282 5231 modo
3311 5175 3527 5244 collegit
3557 5177 3650 5230 ille

2063 5275 2501 5347 quaternionetn,
2555 5289 2678 5329 cum
2723 5288 2823 5326 nos
2875 5271 3099 5325 minime
3148 5271 3507 5324 contiteamur
3550 5268 3649 5324 Dei

2067 5370 2387 5425 Sermonem
2405 5365 2768 5432 assumpsisse
2787 5360 3226 5432 Itypostasin,sed
3249 5371 3492 5412 nostrum
3514 5358 3649 5413 illud

2064 5463 2117 5517 in
2141 5462 2321 5531 seipso
2350 5455 2744 5512 constituisse?
2778 5458 3021 5522 adeoque
3064 5459 3391 5515 statuamus,
3426 5449 3650 5504 Emma-

2065 5553 2279 5609 uueletn
2333 5564 2457 5606 esse
2500 5563 2663 5602 unam
2713 5543 3058 5616 ltypostasin,
3097 5552 3153 5597 et
3209 5556 3374 5595 unum
3412 5540 3650 5596 Filium?

2064 5646 2222 5714 Quod
2247 5645 2294 5701 si
2327 5657 2496 5700 novus
2529 5657 2593 5698 ac
2635 5655 2806 5696 vanus
2843 5639 2933 5694 ille
2973 5637 3258 5710 theologus
3291 5646 3403 5693 tres
3425 5633 3652 5692 nattiras

3256 5905 3292 5967 6
