4140 6408
525 335 635 399 ’171

1963 332 2397 393 TllEORlANI

3714 335 3811 399 17?.

531 455 583 504 in
614 460 804 506 eancta
849 448 1115 504 Trinitate
1161 447 1472 514 conﬁtetur,
1503 447 1701 504 deinde
1749 457 1943 502 natura
1975 448 2108 502 Em-

2220 449 2315 518 τὴν
2348 449 2482 519 πρὸς
2515 449 2673 518 ἡμῶν
2696 449 3144 522 ὁμολογουμένην
3185 449 3537 522 ἀνθρωπίνην
3567 450 3733 520 φύσιν
3755 453 3812 506 ἐν

533 549 795 601 utanuelis
837 549 1094 610 humana,
1117 558 1294 613 ,quam
1343 557 1441 598 nos
1486 541 1833 607 conﬁtemur,
1881 543 1947 596 ad
1982 556 2112 598 suas

531 640 646 692 illas
685 647 798 691 tres
847 647 1072 690 naturas
1116 634 1391 702 adjuncta,
1434 649 1530 703 pro
1579 619 1849 687 Trinitate
1893 643 2115 702 quater-

530 732 746 785 nionem
790 728 906 782 ﬁeri
963 725 1291 782 concludit:
1342 727 1547 794 Optime
1600 725 1653 779 id
1697 723 1916 794 quidem
1963 724 2114 779 facit.

530 823 738 890 Quippe
775 819 1012 888 seipsum
1043 817 1338 873 artiﬁciose
1374 817 1656 887 periteque
1683 825 1896 885 separat
1917 815 1985 870 ab
2009 831 2116 871 uno

525 915 641 968 solo
675 913 804 976 Deo,
826 918 879 964 et
913 911 979 964 ad
1014 909 1324 978 Opinionem
1354 909 1420 963 de
1446 907 1689 978 pluribus
1718 908 1820 962 diis
1852 906 2111 962 deﬂectit.

528 1005 626 1057 Sin
679 1017 843 1055 unam
897 999 1200 1054 divinitatis
1253 1008 1498 1053 naturam
1547 1007 1604 1054 et
1651 999 1766 1069 ipse
1797 999 2114 1065 coulitetur,

527 1098 772 1165 duasque
804 1102 1028 1146 naturas
1080 1093 1130 1145 in
1175 1090 1393 1146 Christo
1427 1107 1441 1145 :
1479 1091 1751 1146 undenam
1803 1092 1852 1145 ei
1889 1103 2110 1146 natura-

528 1205 647 1242 rum
672 1185 962 1256 quaternio
994 1183 1390 1251 proliciscatur,
1417 1183 1560 1238 scire
1589 1197 1822 1252 nequeo.
1848 1181 1956 1237 Nec
1983 1183 2112 1237 item

526 1278 644 1333 ﬁeri
672 1286 872 1348 potest,
899 1283 956 1329 ut
976 1273 1246 1330 Trinitate
1272 1275 1686 1343 quaternionem
1713 1275 2112 1346 hyp0stasium,

527 1373 734 1439 absque
763 1369 985 1423 alterius
1019 1368 1324 1438 hypostasis
1349 1367 1669 1422 accessione
1692 1368 2014 1438 cogitemus.

595 1461 696 1517 His
726 1462 887 1516 dictis
908 1501 923 1527 ,
951 1460 1139 1516 oculos
1168 1459 1451 1515 Generalis
1489 1461 1545 1514 in
1580 1459 1776 1531 Syrum
1804 1461 1954 1514 illum
1995 1461 2114 1530 epi-

528 1572 751 1627 scepum
785 1555 1041 1625 conjecit.
1068 1553 1314 1622 Cumque
1347 1551 1557 1608 videret
1585 1568 1708 1608 eum
1737 1553 1889 1607 vultu
1919 1553 1971 1607 in
1999 1563 2111 1607 ter-

525 1664 646 1704 ram
705 1648 914 1713 deﬁxo,
948 1639 1289 1716 nequaquam
1343 1647 1646 1718 suspicere,
1700 1660 1993 1700 conversus
2045 1645 2113 1700 ad

525 1743 924 1805 Theorianum,
965 1741 1225 1802 innuebat
1252 1741 1324 1808 ei,
1367 1740 1564 1812 Syrum
1600 1741 1679 1795 uti
1719 1739 2011 1809 aspiceret.
2042 1741 2114 1793 At

2221 539 2301 608 τῷ
2338 540 2694 610 Ἐμμανουὴλ
2720 543 2840 604 ταῖς
2880 541 3047 594 αὑτοῦ
3100 541 3360 613 προσθεὶς
3409 545 3654 612 τριτταῖς
3706 544 3776 611 φύ
3801 574 3813 583 -

2223 650 2366 694 σεσι,
2399 633 2767 702 συμπεραίνει
2797 635 2920 688 ἀντὶ
2976 635 3208 704 Τριάδος
3250 635 3489 705 τετράδα
3536 637 3810 704 γίνεσθαι,

2226 725 2430 794 ἄριστοι
2457 722 2618 776 τοῦτο
2644 727 2808 779 ποιεῖ.
2835 725 3124 794 Εύτέχνως
3153 727 3266 796 γὰρ
3305 727 3398 778 καὶ
3425 729 3808 798 ἐπιστημόνως

2219 817 2599 885 ἀποσχοινίζει
2623 817 2818 870 ἑαυτὸν
2834 816 2928 869 τοῦ
2945 818 3109 887 μόνου
3128 817 3288 882 Θεοῦ,
3310 819 3404 870 καὶ⁵
3424 821 3504 883 είς
3519 820 3811 874 πολυθεῖαν

2222 907 2704 979 ὲξοστρακίζεται.
2745 910 2807 961 Εἰ
2834 909 2891 962 δὲ
2917 911 3049 979 μίαν
3089 909 3347 980 θεότητος
3405 911 3570 980 φύσιν
3621 916 3813 982 ὁμολο-

2219 1004 2312 1069 γεῖ
2342 1001 2438 1054 καὶ
2479 1001 2665 1066 αὐτὸς,
2713 1002 2806 1055 δύο
2839 1003 2896 1054 δὲ
2934 1001 3128 1070 φύσεις
3162 1003 3254 1055 ἐπὶ
3280 1001 3374 1056 τοῦ
3402 1003 3666 1074 Χριστοῦ,
3711 1005 3812 1056 οὐκ

2217 1091 2357 1162 οἶδα,
2391 1096 2560 1149 πόθεν
2585 1096 2736 1168 αὐτῷ
2764 1098 2796 1168 ὴ
2823 1099 3023 1169 τετρὰς
3057 1099 3168 1150 τῶν
3213 1097 3436 1166 φύσεων
3487 1101 3816 1168 ἐπεισέρχε-

2219 1204 2332 1242 ται.
2377 1185 2768 1242 ’Υποστάσεων
2805 1189 2851 1242 δ’
2888 1185 2956 1243 αὗ
3003 1190 3260 1260 τετράδα,
3315 1190 3439 1261 δίχα
3491 1192 3815 1262 προσθήκης

2218 1280 2413 1350 ἑτέρας
2443 1281 2820 1348 ὑποστάσεως,
2849 1282 2949 1353 τὴν
2975 1282 3185 1353 Τριάδα
3227 1285 3735 1378 νοεῖνκάμήχανον.

2289 1462 2516 1518 Τούτων
2565 1461 2711 1517 οὕτω
2771 1462 3071 1535 ῥηθέντων,
3107 1465 3134 1516 6
3205 1463 3510 1525 Καθολικὸς
3549 1463 3628 1534 τῷ
3652 1462 3816 1532 Σύρῳ

2217 1555 2508 1625 ὲπισκόπῳ
2535 1555 2870 1625 ὲνητένισεν.
2909 1556 2999 1618 Ὠς
3024 1555 3119 1609 οὖν
3151 1555 3300 1626 ἐώρα
3345 1556 3542 1608 τοῦτον
3572 1559 3652 1618 εἰς
3707 1558 3817 1625 γῆν

2217 1647 2414 1716 ἔχοντα
2448 1647 2511 1699 τὸ
2539 1646 2698 1718 ὄμμα
2729 1647 2825 1700 καὶ
2846 1647 3117 1718 μηδαμῶς
3147 1648 3504 1710 ἀνανεύοντα,
3547 1649 3818 1719 στραφεὶς

2219 1740 2359 1809 πρὸς
2391 1738 2482 1792 τὸν
2521 1739 2856 1810 Θεωριανὺν,
2911 1741 3160 1794 ὲνένευεν
3218 1741 3370 1808 αύτῴ
3418 1738 3614 1807 βλέψαι
3675 1738 3819 1806 πρὸς

529 1837 603 1901 is,
637 1834 835 1905 Syrum
873 1833 1122 1893 intuitus,
1157 1832 1419 1899 subrisit;
1461 1841 1517 1887 et
1546 1832 1612 1886 ad
1648 1830 1966 1886 Ceneralem
1998 1831 2110 1885 ait:

2220 1831 2308 1884 τὸν
2338 1830 2530 1902 Σύρον.
2582 1831 2641 1885 '0
2689 1833 2747 1886 δὲ
2797 1832 3022 1903 βλέψας,
3079 1833 3482 1904 ὑπεμειδίασεο
3522 1834 3614 1884 καί
3675 1847 3818 1899 φησι

524 1927 640 1990 Est,
675 1925 929 1990 domine,
959 1925 1104 1992 quod
1141 1923 1408 1992 insignem
1454 1923 1797 1978 sanctitatem
1841 1932 1992 1977 tuam
2027 1923 2114 1977 itt-

527 2029 826 2089 terrogem;
877 2025 1038 2085 teque
1087 2016 1314 2070 obsecro
1371 2029 1438 2068 ne
1488 2016 1584 2069 tibi
1653 2029 1816 2084 grave
1861 2015 1933 2070 sit
1994 2014 2113 2084 ejus

524 2110 767 2164 indicare
798 2107 1149 2162 solutionem.
1413 2177 1418 2180 ι

593 2199 752 2256 GEN.
783 2201 840 2254 Si
870 2199 1012 2254 Deus
1039 2197 1369 2254 intellectum
1390 2180 1533 2270 ‘éjus
1567 2199 1700 2254 mihi
1735 2198 1972 2266 dederit,
2001 2212 2112 2253 non

523 2295 791 2367 gravabor
829 2294 974 2348 illam
1004 2294 1102 2349 tibi
1131 2308 1431 2365 exponere.

597 2386 855 2444 THEOR.
890 2387 1013 2442 Sint
1066 2387 1176 2455 hic,
1207 2387 1358 2442 velut
1387 2388 1440 2441 in
1491 2387 1806 2458 hypothesi,
1845 2386 1947 2442 tria
1990 2386 2113 2458 igne

523 2485 759 2552 petiera,
780 2495 897 2551 qua:
928 2490 1108 2536 tamen
1143 2480 1303 2536 unius
1338 2488 1548 2534 naturte
1572 2481 1702 2546 sint,
1728 2481 1846 2536 auri
1879 2479 2108 2540 scilicet.

524 2573 584 2629 Si
614 2574 805 2628 horum
835 2589 1000 2628 unum
1045 2575 1098 2628 in
1135 2574 1313 2645 ignem
1346 2572 1655 2642 conjecero,
1688 2573 1850 2644 plane
1887 2572 2113 2643 ignitum

523 2662 657 2718 illud
713 2663 938 2716 duarum
986 2671 1308 2714 naturarum
1367 2663 1514 2727 erit,
1551 2662 1712 2732 ignis,
1765 2661 2011 2730 inquam,
2059 2669 2113 2714 et

524 2756 667 2810 auri.
721 2752 925 2809 Deinde
978 2753 1083 2808 hoc
1131 2753 1283 2806 unito
1339 2752 1562 2820 reliquis
1615 2753 1826 2807 duobus
1881 2752 2110 2807 necdum

524 2846 732 2918 ignitis,
763 2847 1058 2913 interrogo,
1088 2851 1351 2915 quotnam
1375 2845 1484 2898 sint
1509 2843 1626 2898 haec
1658 2843 1866 2913 ignita?
1888 2841 2110 2908 Triane,

524 2953 627 2995 ceu
667 2936 953 3008 prius?an
1005 2945 1232 3005 propter
1291 2934 1432 3007 ignis
1484 2945 1739 2988 naturam
1787 2933 1927 2989 facta
1985 2947 2114 2988 sunt

527 3039 762 3100 quatuor
781 3028 804 3084 τ

597 3118 758 3174 GEN.
808 3117 980 3190 Hujus
1025 3117 1471 3190 interrogationis
1510 3117 1840 3174 solutionem
1871 3108 2114 3189 'expouat
2138 3157 2182 3220 ε

527 3211 764 3269 Joannes
797 3210 1246 3282 religiosissimus
1271 3211 1561 3281 episc0pus
1595 3209 1872 3265 Cessunii.

601 3303 857 3361 TIIEOR.
918 3303 1056 3370 Quid
1103 3318 1232 3358 vero
1289 3304 1592 3359 sanctitatis
1657 3315 1762 3357 tuas
1824 3303 2113 3372 prudentia

527 3404 706 3460 dicit?
757 3403 977 3476 lgnisne
1017 3411 1211 3455 natura
1247 3417 1538 3456 numerum
1585 3402 1702 3456 sive
1751 3402 2113 3471 quantitatem

528 3498 692 3552 trium
726 3495 940 3552 illorum
970 3494 1142 3558 auxit,
1172 3495 1394 3548 annon?

598 3586 758 3645 GEN.
787 3586 914 3641 Mihi
949 3587 1166 3656 quidem
1200 3601 1308 3640 non
1345 3585 1566 3642 auxisse
1597 3585 1829 3640 videtur.

600 3675 860 3732 THEOR.
893 3675 1058 3744 Atqui
1090 3675 1242 3743 prius
1291 3676 1406 3730 haec
1439 3676 1542 3729 tria
1572 3676 1735 3730 unius
1765 3685 1924 3730 erant
1960 3686 2118 3731 natu-

529 3784 625 3834 rae,
658 3783 804 3823 nunc
835 3767 889 3821 in
917 3781 1026 3822 uno
1050 3767 1167 3822 dua:
1199 3776 1405 3820 natura:
1437 3767 1876 3836 conspiciuntur.

601 3855 764 3914 GEN.
802 3855 915 3911 lloc
947 3870 1165 3926 quoque
1197 3855 1251 3909 in
1287 3853 1540 3911 confesso
1564 3867 1672 3911 est.

603 3948 860 4004 THEOR.
891 3947 1007 4004 Non
1043 3949 1208 4020 igitur
1237 3958 1322 4004 est
1348 3962 1596 4014 necesse,
1661 3949 1963 4006 trinitatem
1995 3951 2118 4006 illo-

531 4059 652 4099 rum
677 4044 817 4114 ignis
857 4045 906 4096 vi
942 4043 1234 4112 potiorum,
1272 4041 1389 4096 ﬁeri
1423 4043 1860 4111 quaternionem,
1899 4054 2121 4114 propter

531 4136 758 4192 alteram
792 4134 936 4189 illam
963 4143 1241 4200 naturam,
1277 4132 1535 4188 videlicet
1570 4131 1712 4203 ignis
1742 4132 1764 4186 ?

600 4226 758 4285 CEN.
789 4227 903 4282 Non
936 4236 1021 4282 est
1049 4241 1290 4282 necesse.

605 4317 859 4375 THEOR.
907 4315 1179 4387 lneptiunt
1219 4332 1371 4387 ergo,
1401 4316 1497 4388 qui
1541 4317 1758 4384 dicunt,
1809 4319 2120 4374 necessarie

530 4413 687 4470 nobis
722 4411 1135 4480 quaternionem
1181 4423 1280 4478 pro
1329 4407 1602 4466 Trinitate
1649 4410 2036 4476 confitendam,
2071 4413 2114 4465 si

531 4513 754 4559 naturas
783 4502 918 4556 duas
945 4501 1000 4555 in
1027 4499 1250 4556 Christo
1278 4503 1492 4557 demus.

607 4608 704 4663 His
730 4606 912 4670 dictis,
943 4620 1172 4676 surgens
1231 4606 1321 4662 ille
1381 4605 1552 4678 Syrus
1599 4609 1918 4680 episcopus,
1971 4608 2120 4664 nullo

531 4701 698 4758 verbo
758 4699 1002 4770 prolato,
1059 4700 1342 4755 coauaculo
1403 4716 1525 4754 cum
1583 4703 1961 4757 sacerdotibus
2006 4703 2122 4756 suis

529 4808 782 4864 egressus
830 4803 932 4846 est.
984 4790 1360 4859 Interrogatus
1412 4801 1590 4845 autem
1651 4806 1682 4845 a
1740 4793 2119 4848 sacerdotibus

530 4886 665 4950 suis,
701 4898 800 4936 cur
834 4881 967 4936 nihil
1001 4898 1125 4935 cum
1163 4881 1488 4952 philosOpho
1537 4883 1750 4937 locutus
1777 4893 1925 4938 esset
1965 4901 1980 4938 :
2009 4901 2114 4938 non

529 4977 631 5033 sibi
698 4975 862 5029 licere
915 4973 1068 5039 dixit,
1106 4973 1156 5026 in
1207 4973 1380 5028 aliena
1432 4977 1641 5045 synodo
1689 4977 1755 5030 de
1807 4974 2117 5044 hujusmodi

531 5069 696 5123 rebus
737 5064 904 5135 loqui,
948 5064 1064 5118 sine
1094 5065 1350 5118 mandato
1391 5065 1720 5133 patriarcha:
1751 5064 1855 5120 sui.

601 5157 753 5212 Tunc
809 5168 1110 5222 exsurgens
1165 5152 1477 5224 Stephanus
1531 5157 1721 5209 doctor
1771 5155 1846 5210 ait
1895 5173 1908 5210 :
1966 5155 2117 5228 llogo

529 5250 870 5304 sanctitatem
901 5256 1136 5302 vestram
1158 5258 1215 5300 ut
1247 5263 1538 5319 parumper
1565 5265 1650 5304 me
1677 5251 1932 5306 audiatis.
1959 5249 2114 5306 Post-

529 5355 691 5411 quam
743 5339 790 5392 ei
845 5337 999 5407 copia
1053 5337 1268 5390 dicendi
1308 5339 1431 5391 data
1484 5339 1882 5406 estan'ulam,
1918 5343 2108 5410 inquit,

532 5430 909 5499 lndtmagister
962 5429 1128 5497 ((Bpil
1182 5431 1465 5500 puerulum
1519 5438 1773 5498 educere,
1829 5437 2117 5505 aiebatque

530 5525 630 5596 ipsi
654 5543 665 5579 :
687 5523 989 5590 DicAlplia.
1024 5523 1074 5577 ls
1107 5534 1287 5577 autem
1321 5523 1539 5578 nolebat
1570 5526 1774 5582 dicere.
1802 5528 2012 5586 Rursus
2038 5531 2117 5584 ln-

536 5620 853 5689 dimagister
887 5617 1068 5673 aiebat
1096 5617 1193 5688 ipsi
1220 5635 1232 5671 :
1257 5617 1353 5673 Dic
1373 5618 1564 5687 Alplm.
1602 5618 1653 5674 ls
1689 5634 1816 5676 vero
1864 5622 2118 5678 similiter

2217 1921 2354 1992 πρὸς
2384 1921 2477 1974 τὸν
2513 1922 2819 1975 Καθολικόν
2846 1939 2858 1952 ⁸
2890 1923 3163 1987 Δέσποτα,
3197 1925 3462 1993 ἐρώτημα
3509 1921 3617 1990 ἔχω
3672 1922 3819 1991 πρὸς

2215 2013 2315 2084 τὴν
2351 2013 2599 2083 μεγάλην
2651 2014 2968 2084 ἁγιωσύνην
3005 2031 3120 2080 σου,
3192 2013 3287 2067 καὶ
3345 2013 3678 2084 παρακαλῶ,
3735 2015 3819 2084 μὴ

2215 2106 2566 2178 κατοκνήσεις
2592 2107 2772 2160 εἰπεῖν
2807 2123 2898 2175 μοι
2927 2107 3027 2174 τὴν
3055 2104 3247 2158 τούτου
3273 2104 3450 2158 λύσιν.

2300 2197 2358 2251 '0
2390 2198 2550 2252 ΚΑΘ.
2600 2197 2730 2252 Ἐὰν
2755 2201 2784 2252 6
2811 2199 2944 2261 Θεὸς
2966 2199 3128 2252 δώσει
3187 2215 3276 2268 μοι
3298 2201 3398 2268 τὴν
3438 2196 3630 2250 τούτου
3671 2196 3820 2265 γνῶ-

2217 2308 2326 2355 σιν.
2378 2291 2440 2345 οὐ
2472 2292 2803 2362 κατοκνήσω
2841 2291 3052 2362 ταύτην
3083 2292 3260 2344 εἰπεῖν
3296 2308 3399 2343 σοι.

2299 2385 2358 2439 '0
2388 2385 2591 2440 ΘΕΩΡ.
2663 2386 2951 2439 Ἔστωσαν
3010 2387 3083 2449 ὡς
3133 2388 3189 2438 ὲν
3260 2385 3523 2439 ὑποθέσει
3579 2384 3821 2440 ἐνταῦθα

2216 2478 2510 2550 ὑπέρπυρα
2543 2478 2696 2548 τρία,
2733 2481 2863 2548 μιᾶς
2901 2479 3032 2534 ὅντα
3065 2481 3306 2550 φύσεως,
3365 2479 3569 2550 χρυσοῦ
3608 2479 3812 2550 δηλον-

2215 2571 2319 2626 ότι.
2391 2571 2516 2625 Ἐὰν
2547 2569 2643 2624 οὖν
2688 2572 2897 2625 τούτων
2946 2574 3004 2624 ἓν
3052 2575 3416 2644 πυρακτήσω,
3463 2572 3618 2626 ἔσται
3668 2571 3819 2627 πάν-

2214 2680 2323 2727 τως
2351 2663 2413 2716 τὺ
2443 2665 2961 2735 πεπυρακτωμένον
2990 2663 3085 2717 δύο
3121 2665 3364 2734 φύσεων,
3406 2664 3552 2732 λέγω
3603 2662 3666 2734 δὴ
3710 2682 3818 2717 πυ-

2217 2755 2310 2825 po;
2361 2756 2456 2807 καὶ
2507 2754 2738 2825 χρυσοῦ.
2801 2752 2936 2809 Εἶτα
2998 2754 3211 2819 ἑνώσας
3251 2755 3412 2807 τοῦτο
3451 2757 3566 2817 τοῖς
3601 2754 3818 2817 λοιποῖς

2214 2846 2335 2899 δυσὶ
2394 2849 2506 2910 τοῖς
2548 2847 2624 2918 μὴ
2673 2848 3232 2918 πεπυρακτωμένοις,
3287 2847 3480 2918 ἐρωτῶ
3515 2848 3662 2901 πόσα
3716 2846 3816 2898 νῦν

2215 2940 2323 2992 εισι
2357 2939 2530 2993 ταῦτα
2561 2943 2629 2994 τὰ
2653 2940 2951 3011 ὺπέρπυρα
2985 2957 3000 3006 ;
3048 2941 3208 3009 Τρία,
3241 2941 3317 3004 ὡς
3347 2939 3578 3012 πρώην;
3633 2940 3666 3010 ῆ
3723 2939 3820 2993 διὰ

2214 3031 2313 3102 τὴν
2348 3031 2511 3101 φύσιν
2545 3033 2636 3086 τοῦ
2681 3033 2854 3104 πυρὸς
2880 3031 3136 3100 ἐγένοντο
3176 3035 3461 3104 τέσσαρας

2304 3124 2363 3178 '0
2413 3125 2573 3177 ΚΑΘ.
2615 3123 2822 3195 Τούτου
2856 3125 2948 3176 τοῦ
2987 3125 3351 3195 ἐρωτήματος
3396 3125 3424 3177 6
3473 3124 3818 3178 εύλαὸέστα-

2218 3233 2310 3279 τος
2350 3217 2649 3280 ἐπίσκοπος
2676 3185 3011 3269 Κξσσουνίου
3048 3217 3300 3288 Ἰωάννης
3327 3217 3458 3286 εἴπῃ
3490 3216 3590 3287 τὴν
3631 3217 3814 3268 λύσιν.

2304 3311 2362 3362 '0
2406 3309 2602 3364 ΘΕΩΡ.
2643 3310 2705 3362 Ἦ
2735 3309 2953 3374 σύνεσις
2985 3310 3039 3362 δὲ
3087 3310 3186 3380 τῆς
3223 3310 3539 3380 ἁγιωσύνης
3602 3327 3696 3361 σου
3753 3310 3816 3361 τί

2218 3402 2412 3470 λέγει;
2479 3403 2541 3455 'H
2600 3401 2766 3471 φύσις
2820 3402 2916 3455 τοῦ
2979 3402 3154 3473 πυρὸς
3215 3400 3424 3472 ηὔξησε
3455 3405 3548 3456 τὸν
3576 3402 3818 3472 amotio.

2219 3495 2338 3566 ἢτοι
2364 3497 2424 3548 τὸ
2453 3495 2616 3548 ποσὸν
2636 3496 2744 3548 τῶν
2771 3495 2963 3565 τριῶν,
2991 3495 3022 3566 ἢ
3049 3493 3109 3547 οὗ
3141 3513 3160 3562 ;

2303 3586 2362 3638 't)
2405 3587 2564 3639 ΚΑΘ.
2607 3587 2839 3656 Ἔμοιγε
2887 3587 3023 3649 τέως
3055 3586 3226 3654 δοκεῖ,
3269 3587 3350 3640 ὅτι
3401 3587 3502 3639 οὐκ
3547 3584 3813 3657 ηὔξησεν.

2302 3679 2362 3730 '0
2391 3676 2584 3732 ΘΕΩΡ.
2639 3680 2749 3734 Καὶ
2802 3678 2914 3750 μὴν
2958 3681 3154 3750 πρώην
3209 3682 3340 3750 μιᾶς
3400 3674 3544 3750 ἦσαν
3593 3680 3816 3750 φύσεως

2219 3772 2289 3825 τὰ
2320 3774 2470 3842 τρία,
2515 3773 2711 3826 νυνὶδὲ
2751 3776 2808 3826 ὲν
2835 3773 2912 3845 τῷ
2945 3774 3026 3826 ἐνὶ
3059 3773 3154 3826 δύο
3183 3775 3533 3845 καθορῶνται
3591 3775 3813 3844 φύσεις.

2305 3864 2362 3918 '0
2396 3865 2554 3920 ΚΛΘ.
2612 3865 2987 3935 Ὀμολογεῖται
3011 3865 3106 3919 καὶ
3135 3865 3312 3921 τοῦτο.

2303 3954 2364 4010 '0
2408 3957 2605 4012 ΘΕΩΡ.
2665 3957 2780 4012 Ούκ
2806 3959 3022 4029 ἀνάγκη
3064 3958 3252 4012 λοιπὸν
3307 3959 3406 4030 τὴν
3463 3959 3657 4030 τριάδα
3702 3976 3815 4012 των

2220 4049 2559 4121 ύπερπύρων
2589 4050 2828 4119 τετράδα
2857 4049 3113 4119 γενέσθαι
3141 4051 3232 4104 διὰ
3262 4051 3358 4122 τὴν
3393 4053 3591 4123 ἑτέραν
3621 4051 3815 4122 φύσιν,

2220 4141 2340 4212 ἦτοι
2373 4139 2468 4194 τοῦ
2505 4143 2674 4211 πυρός
2701 4158 2716 4208 ;

2302 4231 2364 4285 '0
2396 4231 2560 4287 ΚΑΘ.
2593 4234 2707 4287 υύκ
2749 4236 2986 4307 ἀνάγκη.

2301 4322 2361 4377 '0
2387 4324 2584 4379 ΘΕΩΡ.
2621 4327 3108 4396 Περιττολογοῦσιν
3129 4329 3242 4401 ἄρα.
3268 4327 3319 4381 οἱ
3373 4328 3644 4406 λέγοντες,
3706 4329 3802 4382 Ἃ.-

2222 4421 2400 4494 νάγκη
2422 4422 2656 4492 τετράδα
2676 4423 2797 4475 ἀντὶ
2824 4424 3056 4495 Τριάδος
3085 4423 3395 4494 ὁμολογεῖν,
3423 4425 3472 4475 ει
3495 4422 3589 4474 δύο
3616 4423 3815 4492 φύσεις

2145 4510 2198 4570 Ι)
2225 4515 2281 4568 ὲν
2315 4517 2392 4583 τῷ
2436 4514 2660 4586 Χριστῷ
2681 4515 2953 4587 δώσομεν.

2292 4604 2512 4659 Τούτων
2529 4605 2672 4660 οὕτω
2693 4607 2994 4678 ῥηθέντων,
3028 4608 3056 4660 6
3091 4607 3260 4680 Σύρος
3311 4608 3612 4674 ἐπίσκοπος
3675 4609 3780 4662 ἀνα
3811 4646 3815 4649 -

2223 4699 2356 4761 στὰς
2390 4697 2582 4769 ἐξῆλθε
2614 4699 2710 4752 τοῦ
2738 4701 3016 4772 ἁνωγαίου
3090 4704 3228 4772 μετὰ
3267 4703 3374 4755 τῶν
3405 4704 3597 4774 ἱερέων
3619 4703 3812 4768 αὑτοῦ,

2224 4788 2392 4860 μηδὲν
2421 4789 2685 4845 ἐπειπών.
2729 4791 3064 4863 Ἐρωτηθεὶς
3099 4793 3155 4845 δὲ
3198 4794 3353 4864 παρὰ
3386 4793 3495 4846 τῶν
3528 4795 3693 4847 αὑτοῦ
3735 4797 3813 4846 ἱε-

2229 4881 2391 4952 ρέων,
2417 4881 2505 4935 διὰ
2537 4883 2590 4936 τί
2620 4883 2720 4936 οὐκ
2752 4884 3022 4954 ὲλάλησάς
3048 4903 3100 4938 τι
3126 4887 3263 4956 πρὸς
3311 4886 3404 4939 τὸν
3473 4887 3768 4956 φιλόσοφον
3795 4905 3809 4952 ;

2227 4971 2508 5039 εἷπενότι,
2544 4976 2660 5028 Οὐκ
2727 4975 2906 5040 ἔξεστί
2944 4994 3036 5047 μοι
3059 4978 3116 5029 ἐν
3143 4978 3404 5049 ἀλλοτρίᾳ
3443 4979 3648 5050 συνόδῳ
3682 4982 3815 5050 περὶ

2223 5067 2333 5122 τῶν
2363 5067 2627 5120 τοιούτων
2660 5068 2846 5121 λαλεῖν
2878 5069 2956 5139 (1)
2989 5069 3118 5122 ἄνευ
3153 5069 3248 5122 τοῦ
3283 5071 3418 5141 ἐμοῦ
3443 5073 3814 5143 πατριάρχου.

2297 5159 2388 5212 Ἐν
2414 5158 2624 5222 τούτοις
2657 5158 2897 5223 ἀναστάς
2951 5161 3225 5230 Στέφανος
3248 5164 3275 5215 6
3303 5161 3623 5227 διδάσκαλος
3653 5160 3775 5216 εἷπε
3798 5178 3813 5192 ⁶

2226 5250 2544 5318 Παρακαλῶ
2595 5252 2692 5321 τὴν
2747 5251 3064 5322 ἁγιωσύνην
3098 5253 3255 5321 ὑμῶν
3299 5255 3534 5308 ἀκοῦσαί
3585 5272 3689 5324 μου
3721 5274 3815 5326 μι-

2226 5342 2381 5412 κρὸν.
2428 5342 2516 5405 Ὠς
2547 5342 2602 5396 δὲ
2645 5343 2932 5414 ἐπετράπη
2952 5344 3108 5414 αὐτῷ
3137 5345 3392 5416 λαλῆσαι,
3435 5343 3590 5399 εἷπε·
3657 5347 3818 5402 Διδά-

2227 5433 2424 5494 σκαλός
2445 5450 2530 5496 τις
2559 5433 2766 5505 ἤρξατο
2799 5435 3133 5506 μαθητεύειν
3163 5437 3472 5509 παιδάριον,
3504 5440 3602 5494 καὶ
3628 5439 3817 5508 ἔλεγεν

2229 5529 2403 5601 αὐτῷ,
2424 5530 2559 5583 Εἰπὲ
2582 5530 2769 5601 ἄλφα.
2795 5532 2867 5584 Τὸ
2895 5531 2952 5585 δὲ
2983 5533 3084 5586 οὐκ
3119 5535 3313 5604 ἢθελεν
3343 5537 3538 5588 εἰπεῖν.
3575 5537 3682 5588 Καὶ
3720 5539 3818 5590 πά-

2231 5624 2314 5678 λιν
2342 5629 2368 5679 6
2402 5626 2724 5692 διδάσκαλος
2772 5625 2958 5697 ἔλεγεν
2988 5627 3172 5697 αὐτῷ.
3229 5629 3364 5682 Εἰπὲ
3404 5629 3590 5698 area.
3632 5629 3706 5682 Τὸ
3755 5627 3814 5682 δὲ

609 5795 686 5867 tl)
718 5793 992 5850 Hactenus
1021 5793 1208 5850 editio.
1247 5794 1486 5864 Pergunt
1517 5795 1714 5856 deinde
1746 5798 1960 5856 codices
1997 5795 2265 5855 Vaticani.
