4140 6414
307 374 416 444 ὶῖ3

1723 383 1797 442 DI
1809 381 2184 443 SPUTATEO
2225 381 2267 440 Ι.

3511 380 3613 447 174

317 494 525 564 ὁμοίως
576 493 826 549 ἐσιώπα.
880 490 1012 548 Εἶτα
1076 496 1471 566 ἀγανακτήσας
1525 496 1552 548 6
1604 493 1926 554 διδάσκαλος

2032 491 2248 544 silebat.
2282 487 2418 543 Tum
2456 488 2835 560 ludimagisler
2873 490 3226 546 stomachans
3256 491 3334 546 ait
3366 494 3616 561 puerulo:

326 590 476 656 λέγει
504 587 585 659 τῷ
617 589 924 660 παιδαρίῳ,
960 589 1060 642 Διὰ
1105 590 1161 642 τί
1197 591 1260 643 ού
1295 591 1512 657 λέγεις;
1556 588 1630 639 Τὸ
1683 586 1739 638 δὲ
1796 587 1923 654 ἔφη,

328 681 607 751 Φοϐοῦμαι
638 682 818 735 εἰπεῖν
843 681 1034 751 ἄλφα,
1076 682 1162 736 ἴνα
1190 683 1264 754 μή
1301 701 1369 753 με
1394 681 1713 751 ἀναγκάσῃς
1751 680 1926 732 εἰπεῖν

329 780 426 832 καὶ
455 778 524 831 τὰ
561 777 711 846 ἑξῆς.
741 776 916 829 Τοῦτο
935 777 1080 844 λέγω
1115 774 1294 844 κάγὼ,
1341 775 1468 828 Ἐὰν
1495 773 1927 845 ὁμολογήσωμεν

329 871 428 924 δύο
465 869 660 938 φύσεις
714 872 774 920 ἐν
828 869 906 938 τῷ
959 867 1207 939 Χριστῷ,
1251 867 1466 938 ἀνάγκη
1515 867 1736 927 πάντως
1778 865 1928 934 ἡμᾶς

330 964 431 1015 καὶ
455 962 551 1015 δύο
574 964 882 1033 ἐνεργείας,
905 964 1000 1015 καὶ
1023 961 1117 1014 δύο
1136 961 1420 1031 θελήματα
1441 962 1640 1013 εἰπεῖν·
1663 960 1756 1012 καὶ
1773 959 1928 1011 ἔσται

332 1061 361 1110 6
399 1052 477 1119 εἷς
512 1058 750 1126 Χριστὸς
783 1056 956 1109 θέλων
1002 1055 1098 1110 καὶ
1146 1058 1222 1126 μὴ
1255 1054 1428 1108 θέλων
1468 1054 1531 1107 τὸ
1565 1053 1702 1106 αὐτὸ
1733 1053 1830 1106 καὶ
1870 1050 1929 1106 ἒν

336 1152 597 1219 πρᾶγμα,
638 1149 836 1213 καίτις
877 1149 1024 1220 μάχη
1065 1148 1189 1202 καθ’
1215 1146 1413 1200 ἑαυτοῦ
1443 1145 1599 1200 ἔσται
1657 1142 1736 1214 τῷ
1796 1143 1878 1196 ἑνί
1911 1159 1925 1172 '

331 1243 362 1295 6
392 1242 519 1295 οὐδὲ
563 1243 643 1312 τῷ
689 1242 915 1312 τυχόντι
963 1241 1240 1314 ἀνθρώπῳ
1291 1240 1575 1311 συμϐῆναι
1628 1238 1845 1309 πρέπον
1891 1237 1926 1308 ἢ

332 1336 685 1406 ἐνδεχόμενον
712 1336 858 1390 εἴποι
887 1353 972 1401 τις
1001 1337 1091 1390 ἄν.

407 1515 606 1568 ΘΕΩΡ.
636 1513 744 1568 Τοῦ
775 1515 1031 1583 λέγοντος
1054 1515 1147 1570 δύο
1177 1516 1464 1590 θελήματα
1495 1517 1751 1589 ἀλλήλοις
1777 1517 1931 1571 ὲναν-

328 1606 622 1676 τιούμενα,
664 1613 762 1660 καὶ
803 1607 899 1662 δύο
955 1609 1234 1678 ἐνεργείας
1303 1608 1628 1680 μαχομένας
1667 1609 1929 1680 ἀλλήλαις

327 1702 392 1753 ἐν
412 1699 491 1770 τῷ
525 1701 604 1753 ἐνὶ
633 1701 878 1772 Χριστῷ,
901 1697 947 1756 ὧ
973 1702 1284 1768 διδάσκαλε,
1315 1702 1438 1756 οὐδὲ
1467 1701 1708 1756 ἀκοῦσαι
1741 1702 1930 1764 ποσῶς

325 1791 668 1863 ἀνεχόμεθα.
704 1789 829 1864 Εἶχε
865 1797 1090 1866 μὲνγὰρ
1121 1795 1181 1849 τὸ
1197 1796 1504 1865 πεφυκέναι
1541 1795 1716 1850 θέλειν
1741 1798 1770 1849 6
1795 1813 1932 1867 cap-

2028 585 2140 640 Cur
2169 600 2273 640 non
2306 585 2568 656 loqueris?
2595 585 2688 654 qui
2717 587 3221 657 responditjAlpha
3245 589 3426 644 dicere
3452 603 3618 660 expa-

2029 691 2213 743 vesco,
2242 691 2310 730 ne
2337 692 2423 731 tne
2466 675 2722 744 deinceps
2749 687 2972 732 cazteras
3003 663 3220 748 quoque
3250 679 3462 735 litteras
3489 696 3617 750 pro-

2030 769 2284 823 nuntiare
2310 783 2496 838 cogas.
2530 768 2730 822 Eadem
2759 784 2862 838 ego
2895 770 3252 839 responsione
3295 783 3435 827 utor.
3481 769 3616 826 Nam

2029 863 2076 916 si
2101 862 2236 917 duas
2268 861 2321 917 in
2354 861 2571 916 Christo
2599 861 2897 919 fatebimur
2945 874 3191 929 naturas,
3225 880 3446 933 prorsus
3482 879 3617 932 opus

2030 957 2137 1010 erit
2162 957 2298 1010 duas
2322 970 2542 1026 quoque
2568 955 2754 1010 dicere
2784 955 3131 1023 operationes
3164 964 3222 1010 et
3259 957 3394 1010 duas
3421 957 3617 1012 volun-

2033 1057 2174 1103 tates
2205 1065 2218 1102 :
2245 1058 2408 1118 atque
2436 1048 2514 1102 ita
2540 1063 2680 1102 unus
2719 1047 2972 1118 idemque
2990 1046 3242 1102 Christus
3276 1063 3438 1102 unam
3469 1063 3588 1102 eam
3609 1077 3622 1087 λ»

2031 1141 2266 1211 demque
2285 1157 2398 1197 rem
2419 1142 2561 1198 volet
2576 1152 2630 1198 et
2649 1142 2813 1204 nolet.
2833 1151 2888 1196 et
2909 1158 3082 1214 pugna
3100 1144 3346 1212 quzedam
3363 1141 3623 1199 adversus

2031 1249 2091 1289 se
2123 1235 2298 1304 ipsum
2330 1236 2423 1290 uni
2452 1237 2702 1307 subjecto
2733 1237 2838 1292 erit
2868 1255 2883 1292 :
2912 1219 3056 1307 quod
3087 1238 3304 1308 quidem
3356 1252 3425 1292 ne
3461 1237 3620 1293 cuili-

2031 1325 2122 1380 bet
2154 1328 2372 1394 quidem
2402 1328 2606 1384 homini
2639 1329 2888 1383 accidere
2924 1328 3004 1383 vel
3033 1344 3334 1401 congruum
3374 1329 3457 1385 vel
3487 1344 3617 1399 pro-

2035 1417 2212 1470 babile
2235 1419 2510 1489 quispiam
2541 1419 2760 1474 dixerit.

2104 1508 2314 1565 THER.
2360 1513 2496 1568 Eum
2527 1513 2618 1583 qui
2667 1515 2811 1569 dicat
2845 1514 2981 1570 duas
3035 1515 3266 1570 invicem
3316 1518 3622 1574 contrarias

2032 1604 2362 1670 voluntates,
2392 1613 2446 1660 et
2485 1607 2618 1661 duas
2654 1606 2936 1662 discordes
2984 1608 3037 1662 in
3092 1607 3312 1665 Christo
3346 1612 3622 1680 operatio-

2033 1717 2151 1769 nes,
2182 1718 2215 1757 o
2245 1705 2455 1770 doctor,
2487 1719 2553 1760 ne
2584 1705 2850 1776 tantisper
2875 1707 3094 1776 quidem
3123 1709 3311 1764 audire
3328 1711 3618 1779 patiemur.

2034 1795 2171 1851 Nam
2194 1809 2249 1851 et
2304 1807 2576 1866 quatenus
2611 1800 2772 1854 homo
2800 1800 3009 1858 valendi
3045 1801 3306 1858 facultate
3332 1805 3622 1874 pra'ditunt

325 1886 539 1949 κωθεὶς
577 1888 750 1955 Λόγος
783 1887 858 1950 ὡς
879 1887 1190 1959 ἄνθρωπος,
1234 1889 1316 1961 τῷ
1353 1890 1505 1960 αύτῷ
1553 1889 1724 1961 θεῖκῷ
1763 1889 1927 1960 θελή-

2032 1901 2152 1946 erat
2201 1890 2544 1948 incarnatum
2583 1892 2863 1962 Verbum;
2905 1895 2996 1950 illa
3048 1907 3228 1952 tamen
3280 1913 3310 1952 a
3346 1899 3625 1956 voluntate

329 1993 466 2046 ματι
491 1979 824 2048 κινούμενόν
853 1995 912 2031 τε
953 1981 1047 2033 καὶ
1082 1979 1454 2050 τυπούμειον,
1499 1981 1600 2034 οὐκ
1648 1982 1930 2035 ἐναντιού-

329 2083 520 2136 μενον.
559 2068 634 2122 T6
669 2069 779 2140 γὰρ
813 2071 1026 2124 ἐκείνου
1060 2071 1258 2137 θέλειν,
1300 2073 1470 2144 φησὶν
1513 2073 1541 2125 6
1606 2073 1747 2136 θεῖος
1797 2073 1932 2143 Γρη-

325 2163 538 2230 γόριος,
567 2162 722 2216 οὐδὲν
768 2163 1089 2217 ὑπεναντίον
1142 2164 1282 2235 Θεῷ,
1326 2165 1530 2220 θεωθὲν
1582 2166 1725 2218 ὅλον.
1761 2166 1823 2218 Et
1869 2165 1929 2218 δὲ

327 2253 678 2326 τεθὲωτο,τῇ
713 2255 809 2309 τοῦ
840 2257 1092 2321 θεοῦντος
1123 2258 1367 2329 δηλονότι
1389 2260 1640 2329 σύμφυτα
1664 2259 1924 2312 τεθέωτσ·

325 2346 606 2412 τὸ,θεοῦν
666 2350 762 2402 καὶ
813 2349 1150 2421 θεούμενον,
1211 2351 1306 2404 δύο
1363 2351 1588 2416 πάντως
1650 2351 1768 2404 ἀλλ’
1830 2353 1930 2424 οὐχ

330 2442 414 2503 ἓν,
446 2442 606 2512 εἴπερ
625 2442 736 2496 τῶν
770 2444 908 2515 πρός
932 2461 985 2498 τι
1024 2446 1082 2498 τό
1127 2462 1188 2498 τε
1241 2444 1401 2499 θεοῦν
1437 2448 1533 2500 καὶ
1570 2446 1631 2499 τὸ
1699 2447 1930 2518 θεούμε-

333 2550 449 2586 νον.
476 2535 557 2586 Τὰ
589 2534 647 2587 δὲ
683 2536 822 2607 πρός
845 2553 922 2601 τι,
946 2537 1166 2600 πάντως
1198 2537 1455 2610 ἀλλήλοις
1499 2539 1928 2609 συνεισάγεσθαι

333 2627 568 2696 πέφυκε,
624 2630 721 2682 καὶ
774 2630 993 2703 θατέρῳ
1019 2633 1456 2686 συνεπινοεῖσθαι
1496 2633 1758 2706 θάτερον·
1811 2631 1927 2705 εἶχε

334 2722 440 2790 μὲν
461 2717 554 2774 οὖν
583 2721 799 2792 θέλημα
837 2725 1074 2794 φυσικὸν
1096 2725 1172 2789 ῶς
1194 2725 1491 2797 ἄνθρωπος
1523 2729 1550 2780 6
1577 2726 1793 2799 Σωτὴρ,
1847 2727 1929 2798 τῷ

333 2815 488 2884 αὐτῷ
527 2814 695 2886 θεῐκῷ
734 2817 1008 2887 θελήματι
1039 2819 1408 2891 τυπούμενον,
1450 2821 1552 2874 οὐκ
1575 2821 1930 2893 ἐναντιούμε-

330 2925 447 2959 νον·
481 2909 543 2960 οὒ
564 2910 674 2979 γὰρ
699 2912 1033 2978 ᾑναντίωται
1064 2913 1383 2968 παντάπασι
1409 2913 1486 2986 τῷ
1508 2914 1651 2986 Θείῳ
1677 2915 1738 2968 τὸ
1768 2931 1930 2984 (pust-

330 2999 453 3065 κέρν,
486 3001 610 3053 ἐπεὶ
643 3002 736 3055 τὸν
772 3001 1010 3074 Ποιητὴν
1044 3003 1318 3058 αἰτιατέον
1348 3005 1698 3078 πεποιηκότα
1731 3006 1792 3059 τὸ
1826 3005 1930 3076 φύ-

330 3110 419 3147 σει
446 3095 783 3166 μαχόμενον.

409 3276 684 3345 Στέφανος
707 3279 736 3330 6
762 3277 1081 3342 δίδασκαλος
1118 3275 1241 3334 εἷπε
1275 3297 1288 3310 ·
1338 3279 1451 3352 Τὴν
1485 3281 1616 3352 μίαν
1686 3281 1929 3337 ὑπόστα-

336 3384 425 3420 σιν
449 3367 544 3420 δύο
583 3368 768 3436 λέγειν
808 3369 1059 3441 θελήσεις
1114 3370 1286 3441 ἔχειν,
1319 3372 1434 3426 τῶν
1487 3373 1768 3428 ἀδυνάτων
1831 3377 1930 3429 καὶ

333 3463 640 3533 ἀμηχάνων
673 3468 770 3517 καὶ
800 3465 1084 3520 ἀπιθάνων
1113 3466 1257 3520 ἐστί.
1289 3467 1416 3532 Πῶς
1443 3467 1551 3539 γὰρ
1597 3467 1928 3540 μερισθήσε-

331 3573 428 3611 ται
465 3560 494 3610 6
541 3554 621 3622 εἷς
649 3561 771 3613 καθ’
799 3561 1025 3627 ὲαυτόν;

406 3651 603 3705 ΘΕΩΡ.
666 3652 986 3722 Ὀμολογεῖς
1013 3657 1104 3710 τὸν
1126 3656 1367 3728 Χριστὸν
1399 3654 1660 3725 πεινῆσαι
1693 3654 1790 3709 καὶ
1843 3654 1927 3708 διο

330 3745 507 3814 ψῆσαι
552 3746 646 3800 καὶ
684 3746 952 3811 νυστὰξαι
990 3749 1085 3802 καὶ
1132 3751 1422 3814 κοπιάσαι,
1472 3748 1548 3811 ὡς
1606 3751 1750 3803 κατὰ
1789 3748 1928 3819 ἀλή-

334 3835 494 3888 θειαν
520 3837 813 3906 ἄνθρωπον
843 3839 998 3904 ὄντα,
1022 3839 1055 3908 ἢ
1081 3837 1173 3906 ob;

420 3929 479 3982 '0
521 3930 972 3986 ΔΙΔΑΣΚΑΛΟΣ.
1021 3932 1146 3996 Πῶς
1190 3932 1298 4003 γὰρ
1338 3931 1445 3998 ob;
1479 3931 1800 4003 Ἀνθρωπος
1828 3930 1926 3999 ὢν,

335 4025 482 4079 κατὰ
511 4025 794 4096 ἀλήθειαν,
825 4027 888 4079 ού
923 4027 1066 4080 κατὰ
1089 4026 1420 4096 φαντασίαν,
1442 4021 1554 4097 εἶχε
1586 4026 1784 4080 ταῦτα.

419 4115 480 4169 '0
530 4115 728 4170 ΘΕΩΡ.
761 4118 986 4185 Λοιπὸν,
1021 4120 1221 4173 πεινῶν
1244 4117 1406 4190 ἡθελε
1446 4120 1666 4187 φαγεῖν,
1712 4119 1808 4172 καὶ
1849 4117 1927 4170 δι-

331 4206 454 4275 ψῶν
485 4205 646 4276 ᾕθελε
676 4208 842 4271 πιεῖν,
873 4209 970 4260 καὶ
1002 4207 1284 4272 νυστάζων
1315 4207 1589 4274 ύπνῶσαι,
1637 4208 1734 4260 xa‘t
1759 4207 1928 4262 τᾶλλα

331 4300 600 4352 ὡσαύτως
628 4317 644 4352 :

424 4319 524 4352 αυτ
581 4319 600 4329 ·
629 4319 644 4329 ·

424 4394 484 4447 ὐ
510 4319 776 4447 ᾹἘΔᾸΣΚ.
797 4393 1052 4447 Μάλιστα
1081 4392 1263 4465 ήθελε,
1300 4395 1394 4448 καὶ⁵
1422 4395 1548 4449 καθ’
1586 4395 1616 4449 6
1642 4395 1796 4462 Θεὸς,
1839 4395 1928 4449 ἵνα

332 4489 366 4558 ἠ
401 4487 536 4552 ἁγία
567 4487 734 4540 αὑτοῦ
759 4486 898 4557 σὰρξ
922 4487 1096 4558 φάγῃ.

1953 3224 2002 3286 C

2036 1982 2217 2038 divina
2261 1983 2677 2053 permovebatur
2724 1995 2779 2041 et
2831 1986 3251 2054 informabatur,
3283 2005 3392 2045 non
3434 2003 3619 2048 autem

2037 2081 2393 2149 repugnabat.
2424 2081 2671 2152 Namque
2699 2085 2936 2138 humana
2977 2084 3248 2148 voluntas.
3279 2097 3336 2141 ut
3359 2089 3438 2143 ait
3465 2089 3622 2145 divus

2033 2169 2350 2242 Gregorius,
2385 2172 2496 2228 Deo
2529 2189 2634 2228 non
2684 2175 3100 2242 adversabatur,
3135 2177 3261 2245 quia
3316 2189 3430 2234 tota
3458 2180 3616 2235 deiti-

2033 2261 2282 2318 cabatur.
2332 2263 2488 2330 Quod
2522 2265 2566 2319 si
2619 2265 3006 2333 deiﬁcabatur,
3037 2269 3105 2322 ab
3160 2270 3363 2326 unione
3412 2272 3622 2327 scilicet

2033 2368 2156 2408 cum
2200 2355 2308 2409 Deo
2342 2355 2722 2412 deiﬁcabatur.
2756 2356 3015 2414 Jamvero
3065 2359 3326 2420 deiﬁcans
3375 2372 3431 2417 et
3461 2363 3622 2418 deiti-

2033 2453 2240 2511 catum,
2268 2445 2376 2502 duo
2398 2464 2620 2518 prorsus
2643 2459 2793 2511 sunt,
2820 2465 2927 2507 non
2957 2466 3124 2506 unum
3148 2469 3162 2518 ;
3199 2455 3454 2522 quoniam
3484 2455 3624 2510 rela-

2037 2537 2130 2591 tivi
2165 2538 2382 2594 termini
2435 2549 2563 2596 sunt
2609 2541 2872 2596 dciticans
2917 2551 2974 2597 et
3016 2543 3329 2598 deiﬁcaturn
3363 2562 3378 2598 :
3413 2547 3624 2604 relativi

2033 2641 2212 2686 autem
2244 2633 2458 2687 termini
2483 2633 2706 2688 omnino
2737 2634 2968 2706 invicem
2999 2639 3427 2702 connectuntur,
3458 2649 3513 2694 et
3543 2641 3624 2694 al-

2035 2731 2208 2779 terum
2233 2741 2356 2779 cum
2381 2725 2553 2782 altero
2574 2727 2863 2798 cogitatur.
2889 2725 3090 2783 Habuit
3123 2729 3288 2800 igitur
3316 2733 3622 2789 naturalem

2031 2815 2365 2871 voluntatem
2395 2827 2454 2871 ut
2501 2817 2667 2882 homo
2706 2817 2988 2884 Servatur,
3019 2821 3219 2876 divina:
3250 2822 3352 2892 ipsi
3404 2824 3626 2880 confor-

2034 2923 2202 2974 mein,
2230 2925 2340 2964 non
2391 2907 2771 2963 adversantem
2815 2928 2830 2965 :
2867 2925 2992 2963 nam
3029 2913 3170 2980 quod
3218 2914 3466 2969 naturale
3515 2927 3623 2982 est,

2031 3014 2255 3071 prorsus
2306 2999 2418 3053 Deo
2448 3014 2556 3052 non
2591 3001 2943 3067 adversatur;
2985 3001 3224 3072 alioquin
3273 3004 3502 3058 Creator
3542 3023 3628 3062 re-

2031 3092 2451 3164 prehendendus
2498 3103 2668 3161 esset,
2724 3094 2818 3164 qui
2872 3104 3066 3149 natura
3121 3095 3224 3150 sibi
3284 3100 3625 3157 contrarium

2032 3194 2294 3242 creasset.

2107 3278 2418 3346 Stephanus
2449 3278 2642 3334 dOctor
2670 3279 2747 3333 ait
2781 3297 2794 3334 :
2824 3278 2993 3348 Atqui
3032 3279 3084 3332 in
3129 3282 3285 3336 unica
3340 3281 3623 3352 hypostasi

2032 3368 2166 3422 duas
2202 3367 2472 3423 allirmare
2525 3371 2854 3438 voluntates,
2907 3371 3268 3442 impossibile,
3321 3373 3622 3443 inexplica-

2030 3459 2160 3527 bile,
2186 3473 2238 3516 et
2272 3463 2586 3519 incredibile
2608 3475 2712 3518 est.
2742 3463 2842 3531 Qui
2871 3465 3016 3520 enim
3054 3465 3200 3520 [ierit
3227 3475 3427 3535 potest,
3454 3473 3624 3540 utqui

2033 3570 2175 3610 unus
2209 3562 2312 3620 est,
2344 3553 2396 3608 in
2427 3570 2486 3609 se
2522 3555 2836 3610 dividatur?

2105 3646 2365 3704 THEOR.
2424 3647 2707 3703 Faterisne
2766 3647 3043 3704 Christum
3096 3652 3360 3719 esurisse,
3415 3653 3623 3719 sitisse,

2032 3741 2438 3806 dortnitavissc,
2467 3753 2520 3796 et
2556 3741 2837 3808 fatigatqu
2863 3757 3005 3807 esse,
3029 3749 3086 3796 ut
3113 3746 3388 3800 hominem
3411 3762 3622 3812 verum,

2031 3832 2236 3888 necne?

2107 3925 2404 3984 DOCTOR.
2434 3925 2673 3993 Quidni?
2715 3923 2888 3982 Homo
2912 3944 3076 3996 quum
3100 3939 3271 3991 esset,
3298 3929 3411 3984 hac
3441 3932 3624 3986 omnia

2029 4033 2182 4082 vere,
2211 4033 2322 4072 non
2350 4019 2648 4073 secundum
2679 4015 3050 4088 phantasiam,
3086 4017 3294 4074 habuit.

2105 4107 2576 4165 'I‘HEOlllANUS.
2614 4107 2755 4163 Num
2808 4111 2975 4180 igitur
3024 4112 3277 4166 esuriens
3331 4116 3623 4172 comedere

2029 4206 2282 4270 volebat,
2338 4207 2528 4260 sitiens
2585 4205 2796 4260 volebat
2849 4207 3069 4268 bibere,
3120 4221 3316 4261 somno
3367 4221 3623 4278 gravatus

2031 4298 2290 4363 dormire,
2315 4309 2369 4352 et
2400 4307 2594 4351 caetera
2624 4297 2910 4352 similiter?

2110 4389 2407 4446 DOCTUR.
2439 4389 2676 4445 Maxime
2709 4389 2940 4455 volebat,
2962 4389 3122 4445 etiam
3157 4402 3428 4462 quatenus
3453 4395 3619 4462 Deus.

2032 4496 2274 4541 samnam
2304 4486 2419 4553 ejus
2442 4499 2662 4538 carnem
2690 4483 2812 4538 cibo
2845 4484 2944 4538 uti.

419 4582 480 4634 '0
512 4579 710 4633 ΘΕΩΡ.
747 4577 958 4642 ’Δλλως
984 4579 1243 4644 ὲξελὰϐου
1293 4579 1353 4632 τὸ
1392 4581 1523 4634 καθ’
1561 4579 1616 4646 6,
1675 4580 1738 4634 ού
1782 4579 1927 4634 κατὰ

2107 4575 2575 4632 TllEORlANUS.
2611 4576 2778 4630 Aliter
2810 4579 3078 4646 usurpasti
3112 4577 3409 4632 dictionem
3441 4594 3628 4649 quate-

333 4675 398 4727 τὸ
434 4672 645 4742 κυρίως
678 4670 1087 4742 σημαινόμενον
1120 4670 1311 4727 αὑτοῦ.
1372 4670 1522 4741 Πλὴν
1565 4669 1771 4740 ἕψομαί
1821 4687 1924 4724 σοι.

336 4769 563 4833 ἰιθελε,
616 4767 744 4838 φὴς,
793 4767 891 4822 καὶ
945 4766 1066 4820 καθ’
1115 4766 1145 4819 6
1211 4767 1347 4830 Θεὸς
1392 4766 1544 4836 ἴναή
1601 4765 1734 4834 ἁγία
1762 4767 1929 4821 αὑτοῦ

333 4862 476 4934 σὰρξ
506 4863 693 4932 φάγω

418 5043 479 5096 Ὀ
502 5041 771 5094 ΔΙΔΔΣΚ.
811 5037 1109 5110 Ὀρθὸτατα
1130 5037 1335 5107 λέγεις.

422 5135 480 5188 '0
508 5134 708 5186 ΘΕΩΡ.
778 5131 840 5182 Ἦ
887 5131 1026 5202 σὰρξ
1093 5131 1261 5186 αὑτοῦ
1305 5131 1426 5202 ἢτοι
1483 5132 1518 5202 ἡ
1556 5131 1921 5202 ἀνθρωπότης

331 5227 508 5283 αὑτοῦ
533 5226 728 5297 ἢθελεν
764 5225 851 5278 ἵνα
879 5225 1030 5296 φάγῃ
1057 5227 1091 5295 ἡ
1127 5225 1326 5296 θεότης
1358 5225 1566 5292 αύτοῠ;

416 5323 479 5375 Ὀ
503 5318 772 5372 ΔΙΔΑΣΚ.
803 5315 902 5370 Οὔ.
1296 5340 1300 5344 ·

420 5416 480 5469 Ὀ
510 5410 829 5482 annecti
858 5411 917 5464 δὲ
965 5409 1158 5480 θεότης
1201 5407 1370 5465 αὑτοῦ
1414 5409 1606 5481 ἢθελεν
1639 5409 1727 5463 ἵνα
1778 5409 1928 5481 φάγῃ

332 5510 478 5582 αὕτη
503 5525 521 5574 ;

422 5605 481 5658 Ὁ
507 5601 778 5658 ΔΙΔΑΣΚ.
827 5600 1069 5666 Ἀπαγε.

422 5699 483 5753 '0
511 5696 707 5750 ΘΕΩΡ.
743 5694 887 5762 "Ap:
908 5687 1004 5746 οὖν
1031 5690 1085 5744 τί
1124 5693 1189 5744 ὲκ
1207 5690 1416 5746 τούτων
1442 5692 1738 5761 συνάγεται
1762 5711 1776 5760 ;
1805 5693 1930 5747 Ὀτι

334 5789 572 5855 καὶδύο,
603 5789 699 5842 καὶ
764 5788 867 5840 οὐκ
921 5784 1342 5855 ἐναντιούμενα.
1388 5785 1455 5838 Ἦ
1494 5785 1595 5855 μὲν
1630 5785 1739 5856 γὰρ
1793 5784 1932 5857 σὰρξ

335 5884 499 5960 ﬁeri:
519 5885 718 5954 φαγεῖν
742 5882 843 5936 καὶ
865 5877 1156 5952 πληρῶσαι
1179 5880 1248 5934 τὰ
1273 5877 1579 5954 τροφοδόχα
1603 5878 1805 5951 ἀγγεῖα
1832 5879 1932 5931 αὺ-

2035 4691 2279 4743 nus,nou
2310 4682 2488 4727 autem
2517 4672 2675 4741 juxta
2715 4670 3084 4740 ipsius'magis
3113 4677 3390 4740 proprium
3417 4675 3627 4746 signitio

2032 4779 2241 4825 catum.
2290 4765 2650 4820 Nihilominus
2715 4764 2809 4816 tihi
2853 4763 3146 4832 obsequar.
3208 4762 3460 4830 Volebat,
3515 4770 3617 4831 ais,

2033 4865 2225 4929 etiam,
2276 4869 2545 4932 quatenus
2574 4858 2738 4924 Deus,
2771 4865 3018 4912 sanctam
3042 4858 3212 4926 ipsius
3241 4872 3462 4915 carnem
3501 4859 3624 4915 cibo

2035 4953 2150 5009 uti?

2115 5045 2418 5103 DOCTOR.
2452 5045 2785 5101 Rectissime
2811 5044 2975 5101 dicis.

2105 5136 2580 5195 TllEOltIANUS.
2621 5139 2733 5208 Age
2775 5153 2902 5192 vero
2937 5153 3069 5192 caro
3100 5139 3250 5207 ejus,
3287 5140 3404 5195 sive
3431 5141 3624 5194 huma-

1959 5267 1964 5273 -
2034 5235 2202 5292 nitas.
2238 5232 2523 5286 volebatne
2546 5229 2885 5285 divinitatem
2914 5230 3086 5300 ipsius
3119 5230 3242 5286 cibo
3275 5231 3398 5285 uti?

2106 5321 2408 5378 DOC'l‘OR.
2437 5320 2656 5375 Minime
2677 5321 2938 5391 gentium.

2104 5415 2364 5471 THEOR.
2433 5413 2702 5469 Diviuitas
2757 5423 2941 5468 autem
2993 5413 3111 5484 ejus
3162 5413 3447 5470 volebatne
3507 5414 3624 5485 ipsa

2033 5507 2415 5564 manducare?

2107 5601 2409 5656 DUC'I‘Olt.
2433 5601 2638 5673 Apage.

2105 5693 2364 5749 THEOR.
2396 5693 2536 5760 Quid
2565 5709 2695 5764 ergo
2721 5695 2847 5749 hinc
2877 5693 3264 5750 concluditur?
3289 5691 3492 5764 Nempe
3517 5694 3626 5750 duo

2034 5801 2180 5850 esse,
2246 5801 2346 5841 nec
2384 5785 2488 5839 sibi
2529 5784 2827 5840 contraria.
2883 5783 3027 5840 Caro
3070 5785 3217 5840 enim
3265 5783 3480 5838 volebat
3535 5801 3631 5840 co-

2041 5879 2284 5944 medere,
2332 5890 2434 5932 nec
2498 5890 2598 5932 sua
2657 5876 2872 5933 viscera
2938 5875 3096 5946 quasi
3157 5874 3302 5932 fame
3373 5875 3626 5932 exinani-
