4140 6404
520 318 525 323 ⁸
555 338 661 404 175

550 466 606 512 ta
648 451 921 510 complere
970 469 983 505 ι

625 713 924 772 DOCTOR.
963 711 1089 768 llrc
1114 710 1336 783 quidem
1363 706 1674 764 verissima.

623 806 881 863 TllEOll.
912 804 989 859 En
1040 802 1386 858 sanctissima
1426 799 1630 854 Christi
1663 812 1792 852 caro
1828 796 2037 851 volebat
2069 794 2138 849 ob

550 905 738 971 sui,ut
770 904 843 953 ita
879 897 1079 957 dicam,
1126 892 1620 957 conservationem,
1657 888 2136 958 cometlere;qnod

550 994 768 1065 quidem
806 989 1061 1045 divinitas
1086 987 1188 1043 sibi
1224 987 1323 1056 ipsi
1370 985 1606 1039 nolebat.
1643 983 1848 1036 ltnrsus
1880 981 2137 1035 divinitas

551 1084 789 1145 volebat,
830 1078 1230 1134 sanctissimam
1287 1072 1445 1129 Verbi
1497 1086 1715 1127 carnem
1758 1071 1879 1125 cibo
1928 1071 2043 1137 uti;
2082 1078 2139 1126 et

549 1191 682 1233 caro
713 1174 946 1242 ipsumet
973 1169 1185 1223 volebat
1210 1166 1521 1222 comedere.
1563 1164 1637 1218 En
1677 1163 1772 1217 tibi
1806 1172 1867 1217 ut
1898 1163 2137 1216 humana

552 1265 755 1322 Christi
785 1264 1034 1319 voluntas
1059 1262 1253 1315 divina:
1280 1269 1501 1313 suasmet
1533 1256 1960 1311 obsecundabat.

625 1355 919 1412 DOCTOR.
970 1353 1081 1408 Cur
1135 1351 1341 1415 dixisti,
1399 1364 1487 1404 me
1534 1348 1825 1402 dictionem
1875 1357 2133 1417 quatenus

553 1451 697 1507 haud
739 1461 1032 1518 usurpasse
1083 1456 1236 1516 prout
1282 1444 1397 1511 rjns
1447 1441 1742 1512 primarius
1798 1438 2139 1509 signiﬁcatus

554 1542 660 1596 fert
683 1539 706 1592 ἲ

623 1630 877 1687 TIIEOR.
913 1627 1051 1696 Quia
1081 1629 1295 1694 dixisti,
1326 1637 1597 1698 quatenus
1622 1625 1785 1689 Deus,
1811 1624 1925 1678 vult
1955 1636 2141 1679 eome-

551 1730 704 1780 dere.
738 1723 871 1777 Natu
906 1739 1096 1792 reapse
1130 1721 1243 1775 vult
1274 1720 1559 1775 comedere
1583 1761 1595 1783 ,
1628 1728 1894 1787 quatenus
1918 1716 2090 1770 esurit
2121 1730 2137 1768 :

1971 325 2407 389 THEORIANI

1045 462 1222 519 neque
1273 446 1416 503 enim
1487 445 1803 501 exinanitur
1859 444 2130 501 divinitas.

2248 440 2336 512 τῆς
2368 438 2677 493 κενωθέντα
2712 437 2781 505 τῆ
2815 435 3014 509 πείνῃ·
3053 437 3086 506 ἡ
3138 434 3331 506 θεότης
3393 433 3452 486 δὲ
3500 434 3601 488 οὐκ
3672 433 3835 507 ἤθελε

3723 323 3831 383 Πὸ

2238 533 2435 601 φαγεῖν
2460 531 2553 584 καὶ
2596 529 2887 600 πληρῶσαι
2928 527 2997 580 τὰ
3060 527 3336 598 πρὸσδοχα
3384 527 3584 596 ἀγγεῖα
3638 526 3810 597 αὐτῆς

2240 623 2545 677 κενωθέντα
2568 625 2632 691 τῇ
2667 622 2847 693 πείνῃ·
2872 620 2931 673 οὐ
2976 620 3085 692 γὰρ
3117 618 3373 673 κενοῦται
3403 618 3615 689 θεότης.

2319 714 2378 767 Ὁ
2401 713 2670 767 ΔΙΔΑΣΚ.
2718 710 3063 782 Πανάληθες.

2319 803 2383 859 Ὀ
2408 804 2606 858 ΘΕΩΡ.
2648 803 2784 857 Ἰδοὺ
2820 803 2853 873 ἡ
2886 801 3132 870 παναγία
3175 801 3313 871 σὰρξ
3340 802 3507 855 αὐτοῦ
3540 802 3736 873 ἤθελεν
3753 806 3838 868 εἰς

2239 895 2503 949 σύστασιν
2531 893 2753 964 ἑαυτῆς,
2788 894 2855 946 ἵν’
2891 892 3068 956 οὕτως
3098 893 3263 959 εἴπω,
3289 896 3509 962 φαγεῖν,
3535 893 3564 946 6
3586 896 3620 965 ἡ
3639 894 3834 964 θεότης

2236 990 2340 1043 οὐκ
2365 989 2527 1060 ἧθελε
2560 988 2691 1061 περὶ
2715 986 2887 1056 αὐτῆς
2909 1002 2922 1016 ·
2968 986 3133 1040 πάλιν
3187 985 3382 1056 ἢθελεν
3413 988 3447 1058 ἠ
3489 986 3685 1057 θεότης
3742 988 3834 1041 ἴνα

2238 1082 2274 1152 ἡ
2298 1080 2545 1150 παναγία
2566 1080 2739 1150 αὐτῆς
2764 1076 2904 1150 σὰρξ
2923 1078 3099 1150 φάγῃ,
3127 1079 3223 1131 καὶ
3251 1077 3449 1149 ἤθελεν
3471 1080 3503 1143 ἠ
3538 1080 3671 1146 ἁγία
3693 1080 3835 1150 σὰρξ

2240 1174 2476 1243 φαγεῖν·
2514 1173 2626 1227 ίδυὺ
2687 1172 2960 1242 ἑπόμενον
3010 1171 3073 1224 τὸ
3124 1170 3474 1241 ἀνθρώπινον
3528 1170 3696 1225 αὐτοῦ
3740 1173 3833 1226 θέ-

2238 1266 2393 1337 λημα
2420 1265 2497 1334 τῷ
2528 1265 2660 1337 θείῳ
2692 1265 2861 1321 αὑτοῦ
2899 1263 3188 1336 θελήματι.

2321 1357 2382 1411 '0
2408 1356 2675 1412 ΔΙΔΑΣΚ.
2712 1356 2838 1420 Πῶς
2880 1350 3044 1419 εἶπας
3078 1357 3163 1409 ὅτι
3198 1357 3300 1410 οὐκ
3326 1354 3589 1429 ἐξελόμην
3617 1356 3677 1410 τὸ
3699 1356 3831 1412 καθ’

2239 1451 2272 1505 6
2312 1451 2455 1505 κατὰ
2474 1450 2537 1505 τὸ
2566 1450 2771 1522 κύριον
2792 1448 2965 1503 αὐτοῦ
3000 1450 3451 1521 σημαινόμενον;

2322 1627 2383 1681 Ὀ
2405 1626 2599 1683 ΘΕΩΡ.
2632 1627 2760 1682 Ὅτι
2786 1624 2951 1690 εἶπας
2988 1625 3113 1681 καθ’
3141 1626 3171 1680 δ
3229 1626 3364 1690 Θεὸς
3407 1624 3552 1679 θέλει
3584 1629 3778 1695 φαγεῖν
3812 1642 3832 1658 ·

2242 1719 2365 1773 κατ’
2397 1721 2576 1773 ἐκεῖνο
2609 1720 2716 1789 γὰρ
2759 1719 2905 1772 θέλει
2938 1721 3159 1788 φαγεῖν,
3205 1718 3330 1771 καθ’
3365 1717 3394 1769 6
3432 1719 3594 1789 πεινᾷ
3618 1734 3633 1748 ·
3666 1719 3834 1789 πεινᾷ

484 1814 487 1817 ’
550 1819 723 1873 esurit
750 1827 929 1871 autem
961 1831 1068 1870 non
1092 1822 1360 1886 quatenus
1380 1814 1539 1875 Deus,
1560 1814 1656 1868 sed
1674 1823 1941 1881 quatenus
1957 1811 2139 1865 homo.

2248 1814 2301 1867 δὲ
2329 1813 2389 1866 οὐ
2416 1812 2539 1867 καθ’
2563 1813 2592 1868 δ
2611 1813 2767 1882 Θεὸς,
2794 1815 2932 1868 ἀλλὰ
2958 1815 3080 1868 καθ’
3105 1815 3134 1868 6
3160 1813 3476 1885 ἄνθρωπος.

625 1906 925 1962 υοωτοιι.
961 1904 1073 1961 Hoc
1107 1906 1321 1974 quidem
1349 1918 1540 1960 omnes
1567 1904 1766 1958 sciunt.

623 1998 877 2052 THEOR.
922 1997 1046 2053 Ain’
1094 2010 1258 2059 vero,
1326 1997 1533 2050 satisne
1585 1997 1676 2050 tibi
1729 1993 2137 2064 persuasimus,

550 2092 762 2156 doctor,
793 2099 853 2143 ut
887 2088 1022 2144 duas
1049 2086 1270 2143 fatearis
1301 2087 1355 2142 in
1398 2085 1755 2141 Emtnattttcle
1799 2085 2138 2145 voluntates,

548 2199 620 2237 an
667 2182 975 2237 divinorum
1006 2165 1225 2249 quoque
1257 2179 1606 2233 oraculorum
1674 2176 1985 2232 testimonia
2050 2189 2142 2228 re-

550 2273 762 2343 quiris?

623 2356 921 2415 DOCTOR.
958 2356 1017 2412 Si
1051 2357 1286 2412 scrutari
1342 2356 1661 2426 Scripturas
1705 2352 1980 2425 iubemur,
2017 2353 2140 2423 quia

553 2455 609 2507 in
637 2452 769 2521 ipsis
816 2451 923 2503 vita
954 2458 1158 2503 aeterna
1204 2446 1360 2510 latet,
1398 2457 1451 2502 et
1484 2448 1612 2515 ipsa:
1655 2446 1722 2500 de
1753 2460 1860 2509 me,
1892 2443 2146 2498 Christus

548 2543 652 2608 ait,
685 2547 949 2594 testantur
973 2537 1019 2603 ',
1048 2552 1273 2592 necesse
1299 2545 1384 2591 est
1409 2536 1601 2591 audire
1644 2535 1775 2604 quid
1827 2536 1893 2589 de
1929 2534 2029 2588 hoc
2053 2532 2145 2587 do-

550 2635 746 2691 ctrinas
774 2631 954 2701 capite
982 2631 1295 2700 loquantur.

629 2821 885 2880 THEOR.
919 2821 1180 2878 Scrutare
1211 2820 1378 2891 igitur
1394 2822 1553 2877 verba
1593 2821 1708 2875 lucc
1734 2839 1748 2876 :
1780 2821 2146 2878 Verumtamen

556 2932 662 2971 non
691 2917 830 2969 sicut
869 2930 962 2984 ego
1011 2913 1149 2979 volo,
1186 2913 1279 2967 sed
1320 2912 1451 2966 sicut
1500 2920 1557 2966 tu
1584 2914 1628 2967 °.
1669 2914 1870 2968 Deinde
1917 2928 1971 2969 et
2005 2917 2093 2970 illa
2128 2932 2143 2970 :

566 3003 751 3060 Voluit
799 3003 958 3059 Iesus
1006 3004 1060 3058 in
1112 3002 1397 3059 Galilwam
1450 3005 1526 3057 ire
1550 3003 1618 3059 ‘°.
1690 3005 2041 3074 Exploratum
2067 3019 2148 3062 est

557 3101 736 3171 ipsum
754 3099 993 3154 voluisse
1017 3097 1146 3153 illuc
1177 3097 1283 3163 ire,
1317 3109 1586 3166 quatenus
1618 3096 1690 3152 ibi
1726 3113 1832 3153 non
1865 3109 2001 3153 erat.
2027 3098 2144 3154 Non

554 3166 677 3245 erat
707 3200 888 3243 autern
914 3188 985 3243 ibi
1017 3195 1284 3257 quatenus
1317 3186 1513 3252 homo;
1542 3202 1663 3240 nam
1689 3195 1958 3255 quatenus
1980 3189 2141 3255 Deus,
2175 3166 2216 3224 δ

554 3296 828 3352 nusquam
862 3295 966 3337 non
1012 3288 1152 3344 erat,
1186 3293 1313 3332 nant
1347 3279 1631 3333 divinitate
1664 3294 1933 3348 nusquam
1966 3282 2141 3335 abest.

556 3374 702 3443 Ergo
737 3381 1004 3443 quatenus
1043 3370 1229 3438 homo,
1262 3386 1368 3424 non
1414 3379 1685 3440 quatenus
1732 3370 1900 3437 Deus,
1932 3372 2141 3441 ingredi

557 3463 755 3527 voluit:
783 3464 1026 3530 adeoque
1050 3460 1327 3516 voluntate
1357 3459 1623 3528 prteditns
1650 3473 1791 3523 erat,
1812 3463 1979 3515 etiam
2004 3476 2143 3531 qua-

556 3566 717 3613 tenus
763 3563 884 3609 erat
932 3556 1113 3608 homo.
1155 3552 1284 3607 Item
1333 3553 1460 3608 alibi
1492 3570 1506 3607 :
1543 3551 1697 3618 Volo,
1736 3554 1933 3623 inquit,
1970 3565 2027 3608 ut
2055 3555 2142 3609 tibi

557 3662 681 3706 sum
711 3661 834 3716 ego,
860 3655 917 3700 et
941 3645 1042 3714 ipsi
1079 3644 1209 3699 sint.
1226 3643 1285 3697 Si
1311 3658 1580 3713 quatenus
1601 3644 1855 3700 Christus
1876 3654 1960 3700 est
1980 3645 2142 3711 Deus,

559 3751 722 3812 supra
769 3739 922 3802 illud,
954 3736 1068 3805 ubi,
1120 3749 1202 3791 cst
1256 3746 1545 3807 (quatenus
1576 3738 1720 3791 enim
1771 3738 1910 3794 Deus
1951 3749 2055 3805 est,
2092 3741 2142 3794 in

558 3833 679 3888 loco
716 3845 823 3886 non
857 3830 981 3901 est)
1014 3845 1031 3896 ;
1059 3829 1174 3883 ﬁeri
1207 3830 1416 3898 nequit,
1450 3838 1508 3883 ut
1540 3840 1731 3883 natura
1757 3840 1941 3884 creata
1976 3845 2141 3901 supra

558 3924 702 3979 idem
748 3920 917 3985 illud,
980 3917 1094 3983 ubi,
1143 3918 1215 3973 sit
1258 3935 1273 3971 :
1319 3933 1474 3985 sane,
1509 3930 1778 3987 quatenus
1823 3920 1986 3975 homo
2036 3931 2139 3990 est,

557 4014 750 4070 vultut
780 4014 867 4068 ubi
894 4012 987 4079 sit,
1020 4009 1220 4067 ibidem
1252 4021 1308 4066 et
1352 4011 1452 4081 ipsi
1497 4012 1629 4066 sint.
1665 4014 1924 4084 Adeoque
1952 4014 2140 4069 volun-

558 4113 673 4159 tate
706 4104 964 4173 prteditus
992 4111 1129 4167 erat,
1150 4102 1315 4157 etiam
1341 4108 1613 4171 quatenus
1641 4112 1763 4156 erat
1793 4104 1977 4157 homo.
2001 4102 2142 4158 Rur-

558 4213 653 4254 sus
690 4197 816 4252 alibi
855 4213 869 4250 :
901 4195 1038 4251 Cum
1064 4195 1309 4250 venisset
1337 4195 1406 4249 ad
1446 4194 1647 4259 locum,
1684 4196 1838 4251 sitire
1865 4212 1925 4252 se
1964 4200 2139 4266 dixit;

559 4301 616 4348 et
643 4291 953 4346 obtulerunt
987 4289 1038 4344 ei
1092 4289 1276 4343 vinum
1307 4286 1431 4343 l'elle
1475 4289 1717 4357 mistum,
1744 4304 1857 4360 quo
1901 4298 2139 4359 gustato,

556 4397 668 4438 non
705 4382 873 4437 voluit
912 4383 1119 4438 bibere.
1152 4380 1464 4436 Secundum
1500 4395 1662 4449 quam
1711 4393 1919 4450 partem
1970 4383 2141 4453 ipsius

558 4476 762 4533 dixeris
788 4490 912 4531 eum
944 4471 1171 4529 sitiisse?
1190 4470 1248 4527 Si
1279 4474 1574 4529 secundum
1603 4475 1981 4539 divinitatem,
2005 4474 2139 4532 all‘e-

555 4568 736 4625 ctibus
764 4565 1124 4622 eritobnoxia
1164 4564 1422 4620 divinitas
1456 4564 1596 4633 ejus,
1638 4580 1759 4635 qua:
1808 4579 2004 4621 natura
2047 4583 2142 4622 sua

557 4669 745 4731 potum
807 4659 1132 4728 appetiverit
1163 4674 1178 4713 :
1212 4657 1295 4715 sin
1333 4658 1511 4726 quoad
1556 4657 1976 4725 humanitatem,
2016 4675 2148 4716 sane

556 4761 827 4822 quatenus
852 4751 1012 4817 sitiit,
1039 4760 1267 4806 eatenus
1298 4752 1441 4820 quod
1477 4758 1684 4806 natura:
1717 4766 1822 4806 non
1847 4756 2145 4809 convenie-

558 4845 672 4912 bat,
692 4844 877 4899 bibere
901 4844 1073 4898 noluit
1093 4861 1109 4897 :
1128 4854 1353 4913 eratque
1384 4845 1661 4899 voluntate
1691 4847 1948 4916 praeditus
1972 4846 2141 4915 idem,

556 4937 722 4992 etiam
773 4945 1043 5005 quatenus
1094 4944 1212 4989 erat
1247 4934 1433 4989 homo.
1471 4933 1535 4989 Et
1584 4938 1712 4991 alibi
1750 4938 1986 4993 dicitur:
2017 4938 2141 4994 Cir-

555 5028 801 5084 cumibat
830 5027 883 5082 in
914 5026 1137 5083 Galilaza
1173 5024 1352 5083 Jesus.
1383 5026 1499 5083 Non
1535 5028 1679 5083 enim
1709 5026 1955 5083 Judaeum
1987 5030 2141 5086 obire

561 5118 796 5184 volebat,
826 5120 971 5189 quod
1001 5132 1126 5173 eum
1169 5117 1342 5174 Judaei
1379 5121 1447 5175 ad
1498 5135 1684 5176 necem
1719 5132 2047 5190 quaererent.
2082 5122 2141 5179 Si

557 5209 869 5266 circumitio
891 5211 1074 5266 carnis
1108 5221 1315 5267 naturae
1341 5213 1623 5282 competit,
1648 5226 1752 5267 non
1783 5215 1830 5267 ei
1859 5213 2065 5284 juncta:
2090 5219 2142 5271 in

556 5304 747 5359 eadem
799 5302 1077 5373 hypostasi
1129 5303 1487 5359 divinitatis:
1548 5304 1804 5358 nimirum
1870 5317 2138 5374 quatenus

558 5403 677 5448 erat
721 5396 905 5462 homo,
950 5395 1092 5450 idem
1121 5395 1175 5449 in
1218 5394 1437 5450 Galiltea
1484 5396 2002 5462 circumambulans,
2053 5398 2147 5456 Ju-

562 5488 730 5542 datam
761 5488 913 5543 obire
943 5502 1046 5542 non
1079 5488 1271 5554 voluit,
1301 5498 1355 5545 et
1404 5490 1546 5543 idem
1579 5491 1855 5546 voluntate
1888 5496 2146 5561 praeditus

635 5625 657 5659 '
690 5625 848 5683 Joan.
877 5642 931 5693 v,
977 5628 1068 5684 59.
1142 5630 1163 5661 ’
1196 5628 1389 5686 Matth.
1421 5645 1572 5694 xxvr,
1601 5630 1692 5686 59.
1772 5632 1815 5662 ¹⁰
1838 5630 1995 5686 Joan.
2031 5650 2068 5698 I,
2110 5635 2198 5689 45.

2325 1900 2384 1953 '0
2402 1903 2674 1958 ΔΙΔΛΣΚ.
2712 1904 2855 1958 [Ιᾶσι
2889 1903 3051 1973 δῆλον
3079 1903 3260 1958 τοῦτο.

2326 1992 2385 2045 '0
2412 1993 2609 2050 ΘΕΩΡ.
2649 1994 2716 2048 Τί
2747 1994 2811 2066 δή
2836 2011 2850 2060 ;
2873 1996 3225 2067 πεπείκαμέν
3258 2013 3342 2061 σε,
3382 1994 3695 2059 διδάσκαλε,
3738 1996 3839 2048 δύο

2245 2082 2529 2157 θελήματα
2563 2087 2852 2159 ὁμολογεῖν
2894 2088 2990 2142 ἐπὶ
3020 2089 3117 2142 τοῦ
3148 2090 3527 2159 Ἐμμανουήλ,
3567 2089 3600 2159 ἦ
3630 2087 3711 2141 δεῖ
3750 2104 3839 2141 σοι

2244 2180 2339 2232 καὶ
2363 2179 2472 2232 τῶν
2511 2182 2576 2233 ἐκ
2624 2180 2734 2235 τῶν
2758 2180 2921 2236 θείων
2952 2181 3151 2251 λογίων
3176 2183 3505 2255 μαρτυριῶν
3533 2199 3547 2249 ;

2327 2364 2388 2418 Ὀ
2426 2364 2789 2429 ΔΙΔΑΣΚ.ξΕί
2832 2364 3065 2436 ὲρευνᾷν
3094 2365 3196 2427 τὰς
3241 2365 3466 2436 Γραφὰς
3509 2365 3843 2437 ἐκελεύσθη-

2249 2472 2373 2525 μεν,
2398 2457 2456 2509 tv
2482 2457 2677 2521 αὐταῖς
2699 2457 2807 2528 γάρ
2835 2461 2982 2513 ἐστιν
3008 2462 3040 2530 ἠ
3072 2459 3294 2523 αἰώνιος
3326 2460 3465 2531 ζωὴ,
3500 2462 3593 2515 καὶ
3625 2462 3836 2515 ἐκεῖναί

2246 2550 2386 2601 εἰσιν
2416 2551 2472 2602 αί
2492 2550 2908 2620 μαρτυροῦσαι
2959 2552 3096 2620 περὶ
3136 2552 3306 2623 ἐμοῦ,
3336 2556 3504 2622 φησὶν
3527 2557 3555 2608 6
3577 2554 3836 2620 Χριστὸς,

2247 2643 2550 2710 ἀναγκαῖόν
2612 2646 2763 2697 ἐστιν
2816 2644 3051 2698 ἀκοῦσαι
3116 2646 3170 2698 τί
3222 2647 3356 2717 περὶ
3391 2647 3487 2700 τοῦ
3539 2646 3840 2717 κεφαλαίου

2246 2734 2439 2789 τούτου
2470 2735 2910 2808 διαγορεύουσιν.
3249 2716 3257 2728 ’

2334 2827 2395 2880 '0
2422 2828 2617 2884 ΘΕΩΡ.
2671 2828 3004 2901 Ἐρεύνησον
3032 2832 3220 2886 λοιπὸν
3243 2833 3324 2900 τὸ,
3358 2833 3535 2901 Πλὴν
3596 2835 3710 2903 οὐχ
3760 2834 3844 2901 ὡς

2248 2918 2364 2989 ἐγὼ
2394 2921 2570 2985 θέλω,
2612 2922 2754 2976 ἀλλ’
2782 2923 2864 2989 ὡς
2915 2926 3034 2978 σύ·
3068 2921 3187 2978 εἶτα
3231 2926 3325 2979 καὶ
3379 2925 3462 2989 τὸ,
3508 2926 3845 2993 Ἦθέλησεν

2251 3015 2284 3067 ό
2329 3012 2571 3081 Ἰησοῦς
2619 3014 2923 3068 εἰσελθεῖν
2984 3018 3073 3083 είς
3109 3018 3226 3086 τὴν
3276 3019 3641 3073 Γαλιλαίαν.
3695 3019 3844 3087 Πρό-

2249 3105 2483 3176 δηλονδὲ
2523 3109 2604 3161 ὅτι
2632 3108 2755 3161 καθ’
2811 3108 2841 3162 6
2887 3109 2988 3163 οὐκ
3043 3106 3115 3182 ἦν
3171 3111 3311 3178 ἐκεῖ,
3360 3101 3627 3183 ἠθέλησεν
3659 3111 3842 3165 εἰσελ-
3948 3176 3957 3184 ,

2253 3198 2395 3252 θεῖν·
2424 3200 2500 3271 (1)
2530 3202 2631 3254 οὐκ
2657 3194 2809 3272 ἦν’δὲ
2840 3203 3260 3275 ἀνθρωπότητι·
3295 3206 3517 3278 θεότητι
3552 3206 3662 3276 γὰρ
3693 3205 3847 3259 οὐδε-

2251 3290 2338 3355 νὸς
2364 3293 2599 3363 ἀπέστη.
2632 3296 2776 3365 Ἀρα
2809 3291 2905 3350 οὖν
2931 3297 3070 3352 καθὸ
3103 3299 3418 3371 ἄνθρωπος,
3452 3299 3549 3355 καὶ
3587 3300 3650 3354 οὐ
3704 3288 3845 3354 καθὸ

2251 3381 2405 3444 Θεὸς,
2438 3381 2707 3453 ἠθέλησεν
2737 3385 3001 3439 εἰσελθεῖν
3020 3402 3035 3417 ·
3070 3390 3164 3442 καὶ
3187 3387 3474 3459 θελητικὸς
3495 3386 3670 3463 ἦνκαὶ
3705 3390 3844 3444 καθὸ

2250 3470 2560 3543 ἄνθρωπος.
2596 3477 2704 3529 Καὶ
2726 3476 2958 3547 ἑτέρωθι
2983 3494 2997 3510 ·
3027 3480 3180 3534 Θέλω
3206 3481 3343 3535 ὅπου
3386 3484 3505 3555 εἰμὶ
3558 3483 3692 3551 ἐγὼ,
3743 3483 3843 3537 καὶ

2251 3562 2409 3616 αὐτοὶ
2443 3558 2598 3619 ὦσιν.
2631 3567 2692 3621 Ei
2724 3569 2860 3623 καθὸ
2882 3572 3016 3635 Θεὸς
3054 3573 3082 3625 6
3119 3572 3378 3644 Χριστὸς,
3413 3576 3556 3647 ὑπὲρ
3587 3575 3647 3628 τὸ
3717 3574 3845 3630 ποῦ

2251 3651 2400 3706 ἐστιν
2451 3654 2532 3723 (οὐ
2556 3658 2668 3728 γὰρ
2700 3659 2757 3711 tv
2781 3660 2932 3730 τόπῳ
2967 3660 3105 3715 καθὸ
3125 3662 3279 3732 Θεὸς)
3302 3680 3316 3694 ·
3349 3664 3491 3737 ὑπὲρ
3528 3664 3587 3719 δὲ
3629 3666 3692 3719 τὸ
3732 3668 3846 3721 πᾶν

2254 3743 2339 3815 [τὸ
2360 3746 2489 3819 ποῦ]
2518 3748 2782 3803 ἀδύνατον
2811 3751 2909 3823 τὴν
2933 3755 3160 3827 κτιστὴν
3187 3757 3456 3827 ὑπάρχειν
3502 3757 3695 3826 φύσιν·
3730 3758 3845 3829 ἄρα

2252 3836 2388 3891 καθὸ
2418 3838 2705 3911 ἄνθρωπος
2729 3843 2893 3909 θέλει,
2933 3844 3021 3900 ῖνα
3048 3846 3183 3900 ὅπου
3226 3852 3370 3916 ἐστὶ,
3397 3853 3493 3905 καὶ
3528 3851 3685 3904 αὐτοὶ
3713 3869 3842 3907 ωσι.

2253 3928 2365 3982 Καὶ
2398 3929 2686 3999 θελητικὸς
2724 3929 2795 4005 ἦν
2826 3936 2992 4000 αὐτὸς
3016 3937 3112 3992 καὶ
3164 3939 3302 3994 καθὸ
3348 3941 3658 4010 ἄνθρωπος.
3727 3943 3843 3996 Καὶ

2250 4019 2486 4093 ἀλλαχοῦ
2517 4023 2710 4079 πάλιν·
2759 4025 2967 4084 Ἐλθὼν
3019 4032 3099 4094 είς
3133 4030 3223 4085 τὸν
3251 4032 3415 4085 τόπον
3466 4029 3612 4094 εἷπε.
3648 4034 3842 4103 Διψῶ·

2250 4115 2344 4166 καὶ
2376 4113 2584 4167 ἔδωκαν
2632 4117 2783 4190 αὐτῷ
2834 4117 2979 4174 οἶνον
3035 4121 3175 4192 μετὰ
3233 4124 3400 4195 χολῆς
3453 4128 3840 4198 μεμιγμένον·

2250 4203 2346 4256 καὶ
2372 4208 2736 4276 γευσάμενος,
2770 4211 2873 4266 οὐκ
2905 4212 3066 4285 ἤθελε
3099 4218 3263 4270 πιεῖν.
3297 4218 3456 4272 Κατὰ
3488 4221 3640 4271 ποῖον
3670 4219 3842 4273 αὑτοῦ

2253 4294 2419 4365 μέρος
2451 4296 2611 4371 εἴπῃς
2652 4301 2817 4357 αὐτὸν
2843 4303 3101 4375 διψῆσαις
3136 4307 3200 4361 Ei
3233 4308 3334 4379 μὲν
3367 4309 3513 4363 κατὰ
3570 4310 3668 4380 τὴν
3717 4310 3845 4363 0εὸ-

2248 4401 2409 4456 τητα,
2429 4388 2689 4460 ἐμπαθὴς
2723 4392 2878 4448 ἔσται
2909 4398 2943 4465 ἡ
2987 4395 3182 4468 θεότης
3208 4399 3398 4467 αὑτοῦ,
3432 4401 3648 4466 πόσεως
3692 4404 3842 4457 κατὰ

2251 4476 2419 4546 φύσιν
2452 4484 2725 4556 ὲφιεμένη
2751 4502 2767 4517 ·
2802 4488 2851 4538 εί
2880 4487 2939 4540 δὲ
2974 4490 3118 4542 κατὰ
3149 4491 3250 4559 τὴν
3277 4490 3702 4562 ἀνθρωπότητα,
3730 4493 3843 4562 ἄρα

2252 4571 2388 4625 καθὸ
2423 4572 2670 4644 ἐδίψησε,
2724 4578 2848 4631 κατ’
2877 4580 3062 4632 ἐκεῖνο
3094 4580 3191 4633 καὶ
3244 4581 3308 4634 τὸ
3360 4582 3738 4655 ἀκατάλληλον
3772 4589 3845 4657 τῇ

2251 4663 2415 4731 φύσει
2463 4664 2567 4717 οὐκ
2595 4665 2755 4736 ἦθελε
2783 4670 2965 4721 πιεῖν·
2994 4671 3089 4722 καὶ
3139 4670 3425 4743 θελητικὸς
3473 4669 3543 4745 ἦν
3597 4676 3626 4728 6
3677 4676 3842 4740 αὐτὸς

2250 4759 2342 4808 καὶ
2375 4754 2511 4809 καθὸ
2548 4756 2853 4827 ἄνθρωπος.
2888 4761 3000 4814 Καὶ
3029 4762 3266 4834 ἀλλαχοῦ
3316 4783 3450 4836 φησι
3480 4782 3496 4798 ·
3538 4767 3650 4821 Καὶ
3684 4785 3841 4839 περι-

2248 4846 2724 4916 επάτειὸῚησοῦς
2762 4853 2820 4904 ἐν
2849 4854 2918 4923 τῇ
2960 4852 3246 4926 Γαλιλαίᾳ.
3287 4857 3362 4910 Οὐ
3404 4860 3514 4929 γὰρ
3543 4858 3736 4930 ἤθελεν
3780 4862 3842 4913 tv

2246 4942 2316 5010 τῇ
2358 4940 2587 5013 Ἰουδαίᾳ
2619 4948 2970 5014 περιπατεῖν,
3007 4945 3090 4998 ὅτι
3121 4946 3349 5017 ἐζήτουν
3372 4950 3535 5003 αὑτὸν
3592 4953 3640 5006 οἱ
3704 4953 3841 5006 Ἰου-

2248 5032 2389 5085 δαῖοι
2415 5034 2757 5089 ἀποκτεῖναι.
2784 5035 2848 5089 Εἰ
2877 5036 2977 5105 τῆς
3009 5039 3212 5108 σαρκὸς
3244 5040 3410 5108 φύσει
3439 5042 3468 5093 6
3502 5042 3840 5113 περίπατος,

2246 5122 2446 5177 ἀλλὀὐ
2483 5125 2582 5195 τῆς
2618 5126 2741 5179 καθ’
2770 5128 3072 5182 ὑπόστασιν
3128 5130 3419 5202 ήνωμένης
3444 5133 3585 5205 αὐτῇ
3644 5135 3841 5203 θεότη-

2247 5232 2365 5282 τος,
2414 5216 2524 5286 ἄρα
2560 5218 2696 5272 καθὸ
2744 5220 3034 5292 ἄνθρωπος
3065 5222 3289 5287 όαύτὸς
3339 5227 3399 5277 tv
3447 5229 3512 5295 τῇ
3574 5226 3843 5298 Γαλιλαίᾳ

2249 5311 2588 5380 περιπατῶν.
2628 5311 2728 5366 οὐκ
2760 5312 2957 5384 ἤθελεν
3000 5317 3059 5369 ὲν
3088 5318 3155 5387 τῇ
3187 5316 3426 5387 Ἰουδαίᾳ
3484 5322 3843 5391 περιπατεῖν,

2249 5405 2343 5455 καὶ
2371 5402 2654 5472 θελητικὸς
2694 5399 2763 5474 ἦν
2793 5407 2822 5458 6
2853 5405 3018 5469 αὐτὸς
3070 5412 3165 5460 καὶ
3221 5409 3358 5462 καθὸ
3386 5408 3698 5480 ἅνθρωπος.
3725 5410 3845 5464 Καὶ

2250 5495 2476 5565 ἑτέρωθι
2512 5510 2527 5525 ·
2562 5493 2853 5550 Κάκεῖθεν
2898 5496 3276 5567 ἐξελθόντες,
3341 5515 3441 5571 παλ
3464 5503 3840 5571 exoptata-to

629 5764 715 5832 tl)
746 5763 1027 5826 Hactenus
1049 5766 1299 5826 Vaticani
1326 5768 1544 5857 codices
1579 5769 1830 5827 lacunam
1862 5770 2102 5842 explent.
2140 5770 2319 5853 Pergit
2351 5788 2515 5845 porro
2544 5776 2731 5835 editio.
