4140 6468
375 397 479 463 ῙἿἾ

1758 389 2229 453 DISPUTATIO
2269 388 2320 450 Ι.

3573 383 3677 446 178

370 509 471 564 διὰ
496 509 612 577 τῆς
647 510 997 574 Γαλιλαίας,
1043 506 1138 561 καὶ
1174 505 1278 561 οὐκ
1321 504 1517 578 ἤθελεν
1557 504 1646 558 ἵνα
1705 521 1791 565 τις
1837 500 1974 571 γνῷ.

2082 512 2219 563 erat,
2238 497 2401 554 etiam
2423 506 2691 569 quatenus
2716 506 2831 551 erat
2851 497 3032 553 homo.
3057 498 3122 552 Et
3144 496 3271 553 alibi
3294 514 3308 554 :
3333 496 3462 553 Indo
3478 498 3674 570 egressi

374 601 484 656 Kal.
506 601 677 656 πάλιν
706 599 975 668 ἑτέρωθι·
1036 598 1324 654 Κάκεῖθεν
1377 598 1650 663 ἀναστὰς
1697 595 1977 661 ἀπῆλθεν

372 698 461 762 εις
490 696 562 750 τὰ
590 695 725 763 ὅρια
785 694 973 763 Τύρου
1033 691 1129 747 καὶ
1196 690 1480 757 Σιδῶνος,
1536 692 1636 745 καὶ
1685 688 1979 745 εἰσελθὼν

374 791 461 854 εις
492 787 606 856 τὴν
630 789 850 850 οὶκίαν,
880 786 1103 841 οὐδένα
1158 785 1345 856 ἤθελε
1412 783 1657 855 γνῶναι,
1703 782 1804 836 καὶ
1862 783 1976 836 οὐκ

374 880 652 949 ἠδυνήθη
675 881 908 937 λαϐεῖν.
942 880 1005 934 El
1038 880 1177 933 καθὸ
1200 878 1335 941 Θεὸς
1375 880 1405 931 6
1452 876 1711 949 Χριστὸς,
1746 875 1977 945 δύναμις

376 968 446 1042 ἦν
472 972 913 1038 αὖθυπὸττατος,
952 972 1089 1025 καθὸ
1123 972 1179 1024 δὲ
1224 970 1545 1042 ἄνθρωπος.
1585 968 1841 1022 ἀσθένεια
1903 965 1979 1025 (εί

377 1066 491 1133 γὰρ
538 1063 910 1133 ἐσταιφὼθη,
971 1065 1135 1133 φησὶν
1209 1065 1238 1117 6
1292 1062 1436 1126 θεῖος
1505 1059 1856 1126 Ἀπόστολος,
1906 1059 1978 1125 ἐξ

376 1155 701 1222 ἀσθενείας
730 1171 743 1183 ·
789 1156 951 1210 ἀλλά
1012 1154 1079 1224 ζῇ
1141 1156 1210 1209 ἐκ.
1263 1154 1573 1226 δυνάμεως
1615 1152 1788 1224 θεοῦ)
1822 1170 1836 1184 ·
1867 1154 1977 1223 ἄρα

382 1247 520 1301 καθὸ
540 1248 848 1316 ἄνθρωπος,
875 1248 973 1302 καὶ
1000 1249 1062 1301 οὐ
1092 1248 1226 1302 καθὸ
1259 1248 1416 1315 Θεὸς,
1466 1244 1730 1301 εἰσελθὼν
1782 1246 1863 1310 είς
1900 1247 1979 1299 ol-

382 1340 513 1393 κίαν
536 1341 636 1392 οὐκ
663 1340 858 1412 ἤθελεν
896 1342 985 1395 ἵνα
1025 1359 1110 1404 τις
1132 1342 1270 1412 γνῷ,
1295 1341 1392 1395 καὶ
1435 1340 1538 1395 οὐκ
1585 1340 1830 1412 ἠδυνήθη
1878 1338 1976 1392 λα-

379 1434 502 1485 θεῖν
535 1449 550 1464 ·
577 1434 673 1487 καὶ
704 1434 994 1504 θελητικὸς
1018 1431 1087 1505 ἦν
1115 1435 1142 1487 6
1172 1435 1336 1497 αὐτὸς
1361 1434 1454 1487 καὶ
1490 1434 1629 1487 καθὸ
1655 1433 1972 1504 ἄνθρωπος.

381 1525 496 1580 Καὶ
532 1523 766 1593 ἀλλαχοῦ
789 1542 926 1595 φησι
950 1542 964 1556 ·
999 1526 1102 1580 Kal
1132 1524 1490 1595 προσῆλθον
1514 1525 1677 1592 αὐτῷ
1703 1528 1758 1580 οἱ
1784 1528 1978 1594 μαθη-

374 1615 476 1669 ταὶ
536 1615 745 1680 αὐτοῦ,
804 1617 1128 1686 λέγοντες·
1183 1615 1310 1671 Ποῦ
1366 1613 1562 1682 θέλεις
1608 1615 1979 1680 ἀπελθόντες

370 1708 797 1779 ἑτοιμάσωμέν
835 1724 937 1764 σοι
972 1708 1189 1781 φαγεῖν
1216 1710 1284 1765 τὸ
1316 1709 1570 1780 Πάσχα;
1604 1711 1664 1762 Εἰ
1695 1711 1729 1779 ἡ
1773 1707 1978 1780 βρῶσις

370 1802 473 1858 τοῦ
503 1803 700 1872 Πάσχα
736 1801 849 1856 τῶν
896 1803 1003 1855 ὑπὸ
1048 1802 1215 1871 νόμον
1267 1800 1417 1866 ἐστὶ,
1468 1801 1661 1870 γέγονε
1705 1800 1760 1854 δὲ
1794 1801 1822 1853 6
1866 1798 1977 1852 Κύ-

375 1912 499 1966 ριος
523 1895 665 1948 καθὸ
696 1894 1010 1964 ἄνθρωπος,
1044 1893 1161 1947 ἀλλ’
1191 1893 1254 1947 οὗ
1278 1892 1415 1948 καθὸ
1441 1892 1576 1957 Θεὸς
1618 1892 1728 1946 ὑπὸ
1772 1894 1937 1963 νόμον
1958 1909 1971 1921 ·

373 1988 489 2058 ἄρα
526 1988 664 2041 καθὸ
688 1987 999 2058 ἄνθρωπος,
1035 1987 1197 2058 ἤθελε
1254 1990 1451 2056 φαγεῖν
1504 1986 1567 2040 τὸ
1599 1986 1793 2057 Πάσχα
1819 2025 1835 2051 ,
1885 1986 1979 2040 καὶ

372 2080 667 2151 θελητικὸς
713 2076 782 2154 ἦν
812 2081 840 2134 6
870 2082 1045 2145 αὐτὸς
1069 2082 1169 2136 καὶ
1197 2079 1334 2134 καθὸ
1367 2079 1676 2152 ἄνθρωποεῖ.
1714 2079 1827 2133 Καὶ
1875 2096 1977 2148 μυ-

376 2175 473 2246 ρῐα
505 2175 642 2230 ἄλλα
674 2176 734 2229 ὲν
782 2177 896 2239 τοῖς
921 2175 1092 2245 ἱεροῖς
1138 2174 1344 2243 λογίοις
1380 2174 1640 2245 εὑρήσεις
1690 2170 1978 2226 δεικνύντα

375 2266 470 2320 τὸν
497 2265 862 2337 Ἐμμανουὴλ
895 2263 1182 2336 θελητικὸν
1213 2263 1311 2318 καὶ
1346 2260 1484 2317 καθὸ
1519 2262 1833 2335 ἄνθρωπος.

462 2441 525 2498 '0
558 2443 830 2500 ΔΙΔΑΣΚ.
866 2442 990 2505 Πῶς
1018 2443 1313 2513 ὀφείλομεν
1343 2443 1527 2512 λέγειν
1559 2443 1655 2507 τὰς
1688 2442 1974 2515 θελήσεις;

379 2533 644 2604 φυσικὰς,
687 2533 721 2604 ἡ
753 2534 1173 2599 ὑποστατικάςς

469 2626 530 2681 '0
550 2627 753 2681 ΘΕΟΡ.
790 2628 1067 2691 Φυσικάς·
1097 2628 1148 2680 ei
1188 2625 1300 2698 γὰρ
1324 2626 1702 2693 ὑποστατικας
1732 2627 1979 2698 εἴπωμεν

377 2720 485 2783 τὰς
513 2719 789 2791 θελήσεις,
816 2718 1078 2789 δώσομεν
1110 2719 1206 2771 ἐπὶ
1230 2718 1330 2789 τῆς
1362 2718 1526 2787 ἁγίας
1555 2716 1789 2792 Τριάδος
1827 2720 1977 2790 τρεῖς

372 2812 661 2883 θελήσεις,
694 2811 833 2866 διότι
863 2813 1019 2881 τρεῖς
1053 2811 1390 2874 ὑποστάσεις
1425 2814 1588 2866 εἰσίν.
1631 2812 1843 2886 Ὠσπερ
1882 2808 1976 2866 οὗν

376 2906 488 2977 μία
520 2905 751 2977 θέλησις
779 2904 875 2959 ἐπὶ
906 2905 1006 2972 τῆς
1037 2904 1205 2973 ἁγίας
1237 2903 1494 2975 Τριάδος,
1514 2904 1647 2957 διότι
1670 2904 1771 2975 μία
1789 2905 1973 2974 φύσις·

371 2996 528 3052 οὕτω
549 2996 646 3051 δύο
669 2996 920 3066 θελήσει-ς
953 2995 1048 3049 ἐπὶ
1077 2995 1173 3051 τοῦ
1206 2994 1473 3069 Χριστοῦ,
1495 2995 1634 3050 διότι
1664 2996 1757 3050 δύο
1783 2998 1978 3068 φὺσεις

369 3088 545 3155 εἰσὶν,
586 3088 665 3152 ὡς
700 3087 1027 3160 δεδήλωται.

458 3264 526 3322 '0
557 3266 831 3323 ΔΙΔΔΣΚ.
865 3265 1081 3336 Σφόδρα
1123 3282 1190 3337 με
1217 3266 1512 3339 ὠφέλησας
1546 3269 1612 3322 ὲκ
1642 3267 1738 3323 τοῦ
1791 3286 1974 3341 παρα-

368 3358 684 3429 δείγματος
716 3360 822 3430 τῆς
845 3358 1014 3428 ἁγίας
1051 3359 1287 3430 Τριὰδος
1321 3375 1335 3390 ·
1373 3361 1473 3415 καὶ⁹
1507 3361 1821 3433 πέπεισμαι
1844 3403 1858 3428 ,
1891 3354 1976 3415 ὅτι

372 3453 617 3524 φυσικὸν
645 3455 946 3544 ὀφείλομεν
976 3452 1164 3525 λέγειν
1195 3455 1256 3509 τὸ
1289 3455 1526 3526 θέλημα,
1554 3456 1654 3526 οὐχ
1675 3456 1977 3511 ὑποστατι-

372 3546 494 3601 κόν.
515 3546 676 3600 Ἐπεὶ
709 3543 808 3601 οὖν
837 3546 937 3601 δύο
970 3545 1169 3615 φύσεις
1198 3547 1421 3617 δίδομεν
1457 3549 1552 3601 ἐπὶ
1581 3547 1678 3602 τοῦ
1709 3549 1975 3621 Χριστοῦ,

375 3641 440 3708 ἐξ
488 3640 745 3710 ἀνάγκης
808 3642 905 3697 καὶ
962 3640 1060 3694 δύο
1101 3640 1389 3713 θελήματα
1434 3644 1974 3717 συνομολογήσομεν,

373 3732 528 3787 θεῖόν
557 3749 620 3786 τε
650 3735 748 3788 καὶ
781 3732 1158 3803 ἀνθρώπινον.

462 3823 525 3876 '0
555 3823 767 3879 ΘΕΟΡ.
800 3824 1181 3896 Ἀνθρὼπινον
1219 3825 1304 3879 δεῖ
1343 3823 1561 3898 θέλημα
1601 3828 1769 3893 νοεῖν,
1813 3830 1877 3883 06
1918 3830 1980 3884 τὸ

377 3917 693 3986 γνωμικὸν,
726 3916 760 3988 ἢ
795 3917 1214 3989 προαιρετικὸν,
1248 3917 1387 3973 ἀλλὰ
1411 3917 1474 3972 τὸ
1506 3919 1742 3987 φυσικὸν
1789 3920 1975 3993 μόνον.

466 4006 531 4060 Ὅ
562 4010 838 4067 ΔΙΔΛΣΚ.
874 4011 986 4065 Καί
1010 4013 1063 4064 τί
1085 4013 1204 4063 ἐστι
1233 4010 1466 4081 φυσικὸν
1491 4010 1705 4083 θέλημα
1724 4052 1740 4080 ,
1784 4015 1882 4068 καὶ
1925 4014 1979 4068 τί

378 4103 807 4172 πῳαιρετικὸη

462 4194 530 4247 '0
562 4196 765 4251 ΘΕΩΡ.
800 4198 1037 4253 Φυσικὸν
1066 4198 1279 4269 θέλημά
1301 4200 1421 4252 ἐστι
1453 4198 1687 4268 δύναμις
1711 4199 1808 4254 τοῦ
1835 4201 1979 4255 κατὰ

378 4288 553 4358 φύσιν
596 4289 756 4355 ὄντος
801 4289 1093 4362 ὁρεκτικὴ,
1124 4293 1222 4345 καὶ
1258 4292 1370 4345 τῶν
1402 4293 1683 4357 οὺσιωδῶς
1711 4296 1775 4366 τῇ
1810 4293 1978 4362 φύσει

377 4382 708 4451 προσόντων
760 4384 1061 4455 συνεκτικὴ
1108 4383 1332 4438 πάντων
1367 4384 1701 4456 ἰδιωμάτων,
1742 4385 1883 4440 καθ’
1910 4388 1978 4459 ἣν

377 4479 473 4531 ἀεὶ
511 4477 593 4548 τῷ
627 4479 793 4548 φύσει
835 4478 1109 4552 θελητικῷ
1137 4481 1200 4533 τὸ
1226 4479 1541 4548 πεφυκέναι
1573 4480 1760 4536 θέλειν
1800 4483 1978 4552 ἐμπέ-

2079 592 2357 647 σηίὶἔαναηι
2377 591 2772 656 pertransibunt
2792 592 2856 653 ιι,
2882 605 2980 645 nec
3003 592 3053 646 Id
3072 606 3399 661 quemquam
3416 592 3560 647 scire
3579 606 3681 647 vo-

2081 684 2248 741 lebat.
2271 683 2400 738 Item
2424 684 2532 739 alio
2549 683 2700 741 loco:
2728 682 2862 738 lude
2889 699 3096 738 movens
3123 683 3251 737 abiit
3275 685 3345 737 ad
3372 682 3501 754 Tyri
3521 682 3672 739 Sidus

2080 777 2263 847 nisque
2282 776 2435 845 fines,
2460 784 2510 830 et
2535 775 2748 830 domum
2768 777 3056 846 ingressus,
3082 775 3338 830 neminem
3358 775 3413 830 id
3434 776 3568 831 scire
3585 792 3677 830 ινυ-

2079 870 2250 929 lebat:
2273 886 2436 939 neque
2458 878 2633 924 tamen
2652 869 2817 924 latere
2836 881 3041 940 poterat
3064 871 3130 923 ".
3162 868 3218 923 Si
3241 868 3513 933 Christus,
3538 884 3673 939 qua-

2082 970 2239 1017 tenus
2267 971 2385 1018 erat
2429 961 2592 1024 Deus.
2622 959 2862 1033 potentia
2897 977 2994 1033 per
3023 976 3082 1018 se
3112 962 3413 1018 subsistens
3437 973 3585 1031 erat;
3617 972 3674 1018 et

2082 1053 2393 1122 inﬁrmitas,
2411 1064 2681 1125 quatenus
2702 1056 2864 1112 homo
2895 1054 3041 1125 (licet
3068 1056 3353 1125 cruciﬁxus
3373 1065 3472 1119 est,
3496 1054 3677 1125 inquit

2078 1145 2391 1215 Apostolus,
2424 1163 2489 1202 ea:
2519 1145 2863 1215 inﬁrmitate,
2893 1146 3016 1202 vivit
3049 1157 3222 1202 tamen
3252 1155 3511 1217 potestate
3540 1145 3675 1198 divi-

2079 1254 2148 1292 na
2169 1236 2236 1310 ")
2255 1255 2273 1307 ;
2295 1251 2426 1309 ergo
2444 1248 2715 1309 quatenus
2731 1242 2916 1305 homo,
2932 1253 3044 1295 non
3069 1248 3339 1310 quatenus
3369 1237 3511 1293 Deus
3530 1246 3676 1303 erat,

2081 1330 2622 1403 domumingressus,
2654 1333 2927 1389 neminem
2961 1332 3016 1387 id
3043 1333 3185 1388 scire
3212 1331 3461 1400 volebat;
3494 1345 3674 1400 neque

2080 1433 2259 1480 tamen
2278 1424 2447 1481 latere
2460 1433 2704 1495 poterat:
2725 1424 2971 1496 adeoque
2986 1425 3265 1481 voluntate
3281 1423 3543 1496 praeditus
3557 1434 3673 1478 erat

2080 1517 2244 1583 idem,
2267 1517 2432 1574 etiam
2465 1526 2737 1589 quatenus
2765 1527 2886 1573 crat
2905 1518 3091 1575 homo.
3126 1517 3267 1573 Alibi
3295 1531 3515 1587 quoque
3541 1515 3673 1571 dici.

2081 1620 2166 1663 tur
2195 1627 2210 1666 :
2240 1609 2310 1664 Et
2340 1627 2604 1668 accessere
2652 1614 2921 1683 discipuli,
2953 1614 3184 1669 dicentes
3213 1627 3233 1667 :
3261 1611 3379 1678 Quo
3403 1627 3498 1666 nos
3526 1609 3677 1665 abire

2078 1703 2174 1770 vis,
2193 1714 2239 1758 et
2257 1706 2455 1773 pascha
2475 1708 2904 1762 manducandum
2926 1723 3117 1775 parare
3142 1706 3225 1760 "‘?
3245 1706 3302 1762 Si
3328 1703 3677 1761 manducatio

2081 1795 2369 1853 Paschalis
2397 1799 2464 1853 ad
2481 1799 2760 1870 subjectos
2786 1800 2886 1869 legi
2918 1800 3173 1871 pertinet,
3207 1799 3466 1854 Dominus
3490 1808 3672 1853 autem

2084 1895 2354 1956 quatenus
2384 1888 2567 1949 homo.
2597 1906 2704 1945 non
2728 1901 2998 1961 quatenus
3021 1890 3163 1945 Deus
3192 1900 3344 1958 erat,
3373 1889 3476 1961 legi
3497 1888 3675 1959 subje-

2082 1990 2204 2035 ctus
2233 1979 2333 2035 fuit
2364 1999 2377 2037 :
2413 1996 2543 2054 ergo
2562 1993 2832 2054 quatenus
2847 1992 2967 2040 erat
3000 1984 3186 2051 homo,
3215 1984 3411 2054 pascha
3441 1983 3674 2040 mandu-

2082 2087 2209 2129 care
2238 2074 2425 2129 voluit.
2459 2074 2525 2129 Et
2554 2084 2675 2130 erat
2714 2075 2855 2132 idem
2883 2076 3163 2132 voluntate
3188 2076 3472 2147 praeditus,
3502 2076 3670 2130 etiam

2081 2173 2351 2234 quatenus
2371 2176 2490 2222 erat
2508 2167 2695 2222 homo.
2720 2166 2980 2240 Reperies
3001 2176 3056 2223 et
3078 2167 3183 2222 alia
3202 2167 3373 2223 sacris
3403 2167 3458 2223 in
3477 2181 3673 2223 oracu-

2084 2259 2149 2315 lis
2179 2260 2415 2325 intinita,
2456 2274 2578 2331 quae
2623 2260 3031 2316 limmauuelem
3062 2260 3343 2316 voluntate
3383 2260 3671 2331 praeditum

2083 2352 2250 2408 fuisse
2280 2354 2676 2421 demonstrant,
2700 2353 2870 2409 etiam
2906 2362 3175 2423 quatenus
3199 2366 3319 2410 erat
3348 2354 3535 2410 homo.

2158 2443 2456 2503 EOCTOR.
2483 2444 2715 2514 Quinam
2743 2445 3051 2502 voluntates
3078 2446 3351 2517 appellem
3375 2446 3672 2504 debemus?

2084 2535 2386 2602 naturales,
2424 2551 2491 2590 an
2532 2535 2944 2606 hypostaticas?
3285 2552 3292 2565 ο

2152 2625 2411 2682 TllEOR.
2441 2623 2766 2697 Naturales;
2793 2628 2991 2698 quippe
3017 2628 3062 2683 si
3088 2630 3393 2684 voluntates
3415 2629 3675 2701 hypostaa

2084 2720 2220 2776 ticas
2250 2720 2508 2784 dicimus,
2560 2730 2674 2777 tres
2711 2720 2764 2774 in
2807 2731 3153 2776 sacrosancta
3182 2721 3450 2778 Trinitate
3481 2724 3671 2779 volun-

2085 2823 2222 2868 tates
2273 2815 2659 2879 concedemus,
2700 2813 2957 2881 quoniam
3005 2825 3116 2870 trcs
3151 2823 3281 2871 sunt
3329 2817 3670 2886 hypostascs.

2080 2900 2250 2973 lgitur
2280 2913 2338 2959 ut
2367 2920 2472 2959 uua
2505 2903 2756 2960 voluntas
2785 2914 2870 2961 est
2901 2905 2953 2957 in
2988 2916 3338 2962 sacrosancta
3382 2904 3668 2974 Triuitate,

2079 2995 2337 3065 quoniam
2372 3009 2478 3050 una
2512 3005 2706 3053 natura
2739 3015 2754 3051 :
2786 2997 2868 3054 sic
2912 2999 3031 3052 duae
3076 2997 3388 3055 voluntates
3425 3000 3478 3054 in
3509 2999 3671 3054 Chri-

2082 3095 2167 3142 sto
2210 3096 2362 3154 sunt,
2410 3086 2673 3157 quoniam
2725 3087 2848 3144 duae
2889 3099 3121 3154 naturae,
3171 3089 3315 3145 sicut
3350 3099 3434 3145 est
3466 3090 3675 3147 indica-

1997 3219 2046 3283 C
2083 3189 2218 3283 ""1":

2148 3273 2448 3333 DOCTOR.
2484 3274 2651 3331 Valde
2700 3290 2788 3332 me
2818 3274 3009 3344 juvisti
3064 3291 3160 3346 per
3188 3276 3500 3347 exemplum
3543 3276 3672 3332 illud

2079 3378 2455 3425 sacrosanctae
2496 3367 2782 3424 Trinitatis
2837 3386 2852 3425 :
2891 3377 3083 3445 estque
3148 3368 3279 3425 mihi
3321 3384 3667 3441 persuasum,

2079 3464 2281 3518 debere
2330 3476 2430 3518 nos
2464 3461 2800 3517 voluntatem
2846 3461 3148 3517 naturalem
3180 3462 3379 3530 dicere,
3416 3479 3524 3519 non
3569 3463 3671 3535 hy-

2079 3554 2425 3626 pnstaticam.
2474 3552 2664 3624 Itaque
2712 3569 2876 3623 quum
2909 3555 3042 3609 duas
3092 3555 3143 3608 iu
3182 3554 3403 3610 Christo
3447 3568 3672 3611 naturas

2080 3647 2480 3715 concedamus,
2538 3648 2852 3703 necessario
2910 3647 3047 3702 duas
3101 3661 3316 3719 quoque
3365 3647 3675 3704 voluntates

2080 3739 2485 3808 conﬁtebimur,
2514 3739 2751 3794 divinam
2781 3751 2836 3795 et
2869 3739 3187 3795 humanam.

2154 3832 2414 3889 'IHEOR.
2459 3831 2708 3889 llumaua
2744 3833 2998 3889 voluntas
3030 3834 3382 3907 intelligenda
3423 3845 3531 3903 est,
3565 3852 3670 3892 non

2080 3926 2396 3992 arbitraria,
2426 3926 2510 3981 vel
2537 3926 2740 3994 eligens
2765 3964 2781 3992 ,
2812 3924 2906 3981 sed
2932 3936 3139 3980 tantum
3171 3927 3456 3982 naturalis.

2153 4016 2454 4075 DOCTOR.
2490 4018 2556 4073 Et
2587 4019 2715 4087 quid
2763 4025 2850 4073 est
2891 4018 3159 4076 naturalis
3207 4018 3492 4075 voluntas?
3542 4021 3671 4090 quid

2079 4108 2326 4178 eﬁgens?

2152 4201 2410 4260 TllEOR.
2434 4202 2700 4259 Voluntas
2729 4202 2995 4261 naturalis
3025 4213 3107 4262 est
3141 4205 3222 4261 vis
3247 4214 3301 4260 et
3338 4204 3569 4261 facultas
3615 4205 3673 4260 id

2081 4307 2360 4366 appetens,
2391 4296 2537 4366 quod
2569 4294 2872 4351 secundum
2903 4308 3156 4350 naturam
3196 4305 3283 4352 est
3319 4297 3674 4367 omniumque

2080 4390 2503 4462 proprietatum,
2551 4404 2673 4460 quae
2715 4397 2927 4444 naturae
2969 4389 3407 4444 substantialitcr
3446 4388 3671 4454 adsunt,

2082 4483 2504 4540 conservatrix:
2542 4480 2843 4538 secundum
2878 4496 3042 4551 quam
3090 4496 3308 4551 semper
3353 4482 3425 4546 ei,
3467 4482 3610 4551 quod
3640 4499 3671 4535 ει

375 4586 581 4638 φυκεν.
630 4569 710 4623 Οὐ
763 4571 962 4626 ταύτὸν
1022 4570 1081 4626 δὲ
1136 4572 1200 4625 τὸ
1257 4573 1572 4640 πεφυκέναι
1622 4571 1824 4641 θέλειν,
1880 4574 1975 4629 καὶ

2085 4587 2279 4632 natura
2312 4575 2590 4631 voluntate
2616 4574 2903 4647 praeditum
2933 4582 3041 4638 est,
3072 4571 3176 4629 hoc
3209 4574 3381 4644 ipsum
3419 4574 3581 4640 inest,
3614 4584 3675 4630 ut

376 4662 587 4728 θέλειν,
619 4664 794 4729 ἐστὶν,
839 4664 917 4728 ὡς
963 4664 1090 4719 οὐδὲ
1141 4665 1205 4719 τὸ
1260 4666 1576 4737 πεφυκέναι
1610 4666 1819 4733 λαλεῖν,
1876 4668 1974 4722 καὶ

374 4755 588 4810 λαλεῖν.
622 4756 848 4825 Πέφυκε
887 4757 988 4828 μὲν
1019 4758 1131 4829 γὰρ
1157 4757 1222 4811 τὸ
1250 4759 1546 4829 λαλητικὸν
1571 4758 1756 4813 λαλεῖν
1778 4774 1793 4790 ο
1818 4757 1974 4812 λαλεῖ

373 4849 434 4902 δὲ
470 4847 574 4901 οὐκ
616 4850 730 4914 ἀεὶ,
770 4850 961 4922 ἐπειδὴ
1010 4850 1073 4903 τὸ
1121 4852 1222 4922 μὲν
1277 4851 1474 4915 οὐσίας
1509 4852 1652 4918 ἐστὶ,
1708 4851 1789 4922 τῷ
1824 4851 1973 4922 λόγῳ

374 4945 481 5014 τῆς
510 4942 741 5012 φύσεως
778 4943 1163 5014 συνεχόμενοψ
1188 4943 1247 4996 τὸ
1276 4943 1334 4997 δὲ
1364 4942 1588 5014 βουλῆς,
1618 4942 1717 4996 τοῦ
1743 4942 1974 4998 λαλοῦν-

371 5055 468 5100 τος
497 5036 702 5109 γνώμῃ
756 5035 1127 5107 τυπούμενον,
1186 5035 1331 5089 ὥστε
1385 5035 1607 5104 φύσεως
1645 5036 1746 5106 μὲν
1783 5036 1844 5089 τὸ
1884 5038 1975 5091 ἀεὶ

374 5129 713 5200 πεφυκέναι
741 5128 947 5191 λαλεῖν,
999 5128 1356 5193 ὑποστάσεως
1403 5127 1461 5181 δὲ
1502 5129 1565 5182 τό
1604 5146 1724 5193 πως
1764 5129 1971 5184 λαλεῖψ

371 5223 573 5294 ὥσπερ
605 5223 703 5279 καὶ
752 5219 817 5275 τὸ
875 5221 1189 5291 πεφυκέναι
1233 5221 1440 5288 θέλειν,
1485 5221 1579 5276 καί
1606 5238 1724 5286 πως
1769 5221 1972 5279 θέλειν.

375 5317 619 5389 Γνώμην
644 5316 703 5370 δὲ
747 5316 849 5370 καὶ
886 5314 1240 5386 προαίρεσιν,
1285 5314 1381 5368 ἐπὶ
1408 5313 1506 5368 τοῦ
1541 5315 1753 5386 Κυρίου
1788 5314 1971 5384 λέγειν

374 5411 663 5473 ἀδύνατον.
698 5409 866 5481 εἴπερ
897 5407 1282 5479 κυριολεκτείν
1314 5406 1643 5478 βουλόμεθα.
1686 5407 1752 5461 Ἦ
1772 5406 1971 5479 γνώμη

374 5506 480 5577 γὰρ
508 5507 653 5579 μετὰ
706 5506 815 5576 τὴν
848 5501 986 5573 περὶ
1028 5500 1121 5554 τοῦ
1156 5498 1530 5570 ἀγνοουμένου
1580 5498 1835 5571 ζήτησιν,
1877 5503 1972 5554 καὶ

370 5598 649 5672 βούλευσιν
682 5601 816 5675 ἦτοι
842 5593 1079 5670 βουλὴν.
1111 5593 1208 5646 καὶ
1233 5593 1445 5662 κρίσιν,
1483 5592 1626 5663 πρὸς
1672 5593 1734 5645 τὸ
1776 5592 1973 5665 κριθέν

353 5699 456 5759 ἐστι
504 5699 803 5761 διάθεσις,
869 5685 1002 5760 μεθ’
1044 5685 1114 5755 ἦν
1157 5687 1190 5756 ὴ
1240 5683 1569 5757 προαίρεσις
1622 5684 1969 5755 ἆκλεγομὲνη

2083 4672 2150 4725 ad
2181 4670 2472 4726 volentium
2505 4670 2578 4725 sit
2612 4680 3006 4739 comparatum.
3043 4665 3161 4723 Non
3190 4669 3329 4724 idem
3355 4677 3440 4724 est
3463 4679 3668 4731 autem.

2079 4773 2454 4834 comparatum
2483 4778 2604 4833 esse
2638 4763 2704 4818 ad
2739 4760 3048 4829 voleudum,
3074 4770 3129 4816 et
3162 4761 3300 4817 velle
3333 4781 3348 4819 :
3380 4762 3538 4818 sicuti
3568 4777 3671 4817 nee

2079 4866 2454 4926 comparatum
2504 4870 2625 4912 esse
2673 4855 2740 4909 ad
2796 4854 3149 4925 loquendum,
3206 4865 3263 4911 et
3314 4854 3482 4925 loqui.
3536 4853 3669 4909 Nam

2079 4947 2340 5017 quidquid
2395 4945 2679 5019 prteditum
2730 4956 2814 5002 est
2867 4946 2917 5001 vi
2964 4945 3242 5015 loquendi,
3294 4957 3667 5016 comparatum

2078 5038 2296 5109 quidem
2316 5047 2401 5094 est
2423 5039 2489 5094 ad
2516 5038 2867 5108 loquendum,
2897 5040 2990 5094 sed
3011 5054 3121 5093 non
3154 5053 3367 5109 semper
3394 5039 3665 5109 loquitur;

2079 5131 2335 5200 quoniam
2366 5130 2416 5184 id
2448 5130 2666 5200 quidem
2700 5140 2785 5185 est
2817 5132 3135 5187 substantiae
3163 5132 3479 5202 rationeque
3507 5141 3671 5185 natu-

2082 5236 2156 5276 rae
2204 5221 2537 5284 continetur.
2590 5222 2698 5277 hoc
2729 5236 2862 5277 vero
2897 5222 3110 5279 consilii
3157 5233 3267 5289 est,
3307 5230 3362 5276 et
3398 5222 3670 5292 loquentis

2076 5316 2308 5372 arbitrio
2345 5316 2610 5373 formatur
2642 5334 2657 5372 :
2690 5332 2801 5389 quo
2850 5317 2907 5374 ῆι
2951 5326 3010 5373 ιιι
3059 5328 3264 5372 natura:
3317 5317 3534 5387 quidem
3569 5319 3665 5385 sit,

2076 5422 2296 5478 semper
2322 5416 2697 5478 comparatum
2720 5424 2841 5466 esse
2873 5409 2940 5464 ad
2969 5408 3325 5477 loquendum;
3359 5409 3668 5480 lt)’poslzt:~is

2079 5506 2284 5563 autem,
2307 5501 2545 5567 quodam
2575 5498 2739 5553 modo
2755 5497 2901 5568 loqui
2935 5512 2951 5551 :
2979 5496 3208 5553 sicutatt
3235 5495 3519 5561 uelandum
3543 5510 3669 5553 esse

2077 5599 2477 5660 comparatum,
2531 5601 2589 5645 et
2649 5591 2883 5659 quodam
2927 5590 3088 5644 modo
3145 5587 3306 5643 velle.
3367 5587 3667 5663 Arbitrium

2076 5698 2228 5750 vero,
2256 5692 2310 5738 et
2331 5684 2550 5752 electio,
2579 5684 2846 5754 siquidem
2880 5682 3098 5753 proprie
3131 5682 3278 5754 loqui
3309 5682 3582 5751 volumus,
3610 5683 3666 5737 in

383 5904 422 5938 tt
454 5897 647 5959 Marc.
681 5900 774 5949 ιχ,
823 5870 925 5931 ΞΩ.
1018 5866 1061 5898 ⁸³
1094 5865 1259 5924 Marc.
1289 5868 1489 5933 vtt,?..l.
1568 5868 1610 5900 ⁸³
1642 5865 1687 5923 ll
1719 5868 1847 5925 Cur,
1892 5882 1975 5923 xm

2080 5906 2104 5921 η.
2187 5868 2226 5901 ι*
2257 5866 2451 5923 Matth.
2491 5880 2638 5928 χχιιι,
2677 5866 2762 5920 l7.
