4096 6404
540 388 645 455 179

1967 367 2400 438 THEOBIANI

3720 348 3817 415 180

541 506 826 560 hominum
857 519 961 560 non
996 504 1217 559 cadunt.
1247 501 1384 585 Nam
1419 496 1704 555 arbitrium
1737 501 1858 564 post
1884 489 2126 547 habitam
2156 524 2171 550 λ

2275 485 2329 538 αὶ
2379 481 2684 553 αἱρουμένη
2724 476 2834 548 πρὸ
2885 474 2981 529 τοῦ
3033 473 3227 543 ἑτέρου
3286 473 3346 527 τὸ
3382 473 3595 543 ἕτερον.
3652 469 3713 526 Ὀ
3760 467 3818 522 δι

2275 577 2317 585 ,.
2513 575 2527 585 .
2586 572 2599 585 .
2637 573 2685 585 ..
2779 571 2803 585 ..
2845 568 2871 585 ι.
3105 564 3174 585 ην
3243 565 3367 585 ,μί
3411 565 3499 585 ωε
3531 563 3666 585 ΔΑ,
3728 559 3817 585 -.-ι

540 603 608 655 de
651 600 828 669 ignota
874 613 934 654 re
985 581 1437 671 qumstiouem,'et
1483 559 1954 651 deliberationem,
2010 581 2127 635 sive

2275 577 2444 646 ζύριος
2473 575 2535 627 οὐ
2571 572 2729 642 ψιλὸς
2772 568 3065 639 ἄνθρωπος
3099 564 3198 629 ὢν,
3232 565 3371 620 ἀλλὰ
3409 565 3505 618 καὶ
3531 563 3688 626 Θεὸς,
3728 559 3821 613 καὶ

542 696 831 750 consilium
877 703 932 748 et
968 684 1792 760 judicium,:_aﬁ'eciio,quaadam
1835 687 1920 734 est
1950 675 2018 731 ad
2054 672 2128 738 id,

542 804 650 858 quo
676 792 743 843 de
766 786 1031 855 judicium
1069 786 1427 840 factumest:
1462 788 1584 849 post
1619 792 1782 849 quam
1820 772 2015 829 electio
2044 784 2133 824 se-

543 883 753 952 quitur,
774 881 1004 935 alterum
1029 892 1138 948 pr:c
1168 876 1338 930 altero
1356 874 1623 945 deligens.
1651 868 1910 925 Dominus
1929 872 2132 919 autem.

2241 668 2422 720 πάντα
2459 665 2643 727 εἰδὼς,
2678 660 2936 731 ἀνενδεὴς
2965 658 3238 729 σκέψεως,
3278 659 3371 711 καὶ
3402 655 3710 727 ζητήσεως,
3731 651 3823 707 καὶ

2240 758 2441 831 βουλῆς
2466 758 2726 827 ὑπάρχει,
2770 754 2866 808 καὶ
2907 752 3145 823 κρίσεως
3167 766 3180 781 ·
3217 750 3316 803 καὶ
3345 748 3597 818 φυσικῶς
3633 748 3733 817 τήν
3767 762 3823 798 τε

2240 853 2378 924 πρὸς
2414 852 2475 906 τὸ
2509 851 2674 905 καλὴν
2715 849 2830 920 ἔχει
2857 846 3159 909 οἱκείωσιν,
3182 845 3284 915 τήν
3314 860 3372 897 τε
3403 842 3541 913 πρὸς
3569 839 3630 894 τὸ
3658 840 3826 893 κακὸν

547 930 1131 952 ‘1""""—""*"*
1474 930 1499 945 υ

545 978 638 1045 qui
672 975 849 1032 nudus
884 975 1049 1029 homo
1085 986 1192 1026 non
1238 978 1341 1033 est,
1389 967 1482 1023 sed
1528 965 1692 1019 etiam
1741 962 1904 1021 Deus,
1952 965 2006 1011 et
2042 953 2132 1020 qui

2278 945 2623 1016 λλοτρίωσιν.
2669 942 2768 995 Διὰ
2820 939 2982 993 τοῦτο
3027 937 3310 1007 γνωμικὸν
3357 936 3390 1005 ἢ
3439 930 3825 1003 προαιρετικὸν

2293 1041 2321 1045 --
2495 1039 2509 1045 -
2562 1038 2573 1045 .
2681 1033 2708 1045 .-
2766 1035 2809 1045 --
2899 1033 2911 1045 ι
3054 1034 3068 1045 ι
3117 1030 3135 1045 ι
3164 1030 3177 1045 ο
3418 1026 3496 1045 μς
3523 1026 3536 1045 Ὁ
3584 1043 3607 1045 γ-
3664 1023 3805 1045 _,__l-.

549 1023 638 1045 Ἰ.-.
673 1023 847 1032 ---ηπ
1273 1023 1285 1024 η
1330 1023 1340 1033 ,

544 1070 701 1126 novit
752 1069 956 1131 omnia,
998 1080 1099 1122 nec
1150 1058 1596 1119 considerationis
1638 1054 1802 1111 ullius
1844 1058 1985 1120 eget,
2038 1061 2136 1100 nec

2282 1041 2460 1111 έλημα
2492 1038 2586 1090 ἐπὶ
2616 1033 2711 1089 τοῦ
2766 1033 2977 1104 Κυρίου
3017 1034 3077 1085 οὗ
3117 1030 3378 1100 λέγομεν,
3408 1026 3549 1080 ἀλλὰ
3577 1023 3827 1091 φυσικόν.

548 1165 945 1237 inquisitionis,
1004 1175 1104 1216 nec
1162 1156 1400 1221 consilii,
1455 1167 1557 1207 nec
1612 1147 1802 1222 judicii
1852 1163 1867 1200 :
1916 1152 1973 1199 et
2028 1149 2144 1195 tum
2224 1132 2664 1204 conjunctioncm
2719 1143 2841 1183 eum
2882 1128 3040 1181 'bono
3093 1120 3417 1176 naturaliter
3484 1119 3668 1183 habet,
3720 1129 3830 1173 tum

2200 1230 2233 1237 --
2601 1225 2612 1237 ι
2699 1230 2712 1237 -
2758 1232 2769 1237 -
2940 1220 3007 1237 n,
3037 1219 3164 1237 μ’--
3225 1232 3328 1237 μ---
3383 1216 3671 1237 ._!I,__2_.----
3744 1213 3830 1237 --,I

548 1213 945 1237 ,ι--υυ--ν---η
1388 1213 1399 1221 .
1612 1213 1628 1222 ,

548 1260 889 1318 aversionem
945 1272 974 1311 a
1031 1255 1195 1310 malo.
1242 1249 1585 1320 Quapropter
1635 1240 1983 1299 arbitrariam
2036 1242 2129 1290 aut
2167 1230 2455 1303 eligentem
2527 1225 2863 1280 voluntatem
2940 1219 3173 1275 Domino
3225 1232 3332 1273 non
3383 1216 3694 1277 tribuimus,
3743 1213 3833 1267 sed

550 1354 882 1413 naturalem.

627 1450 765 1504 Tum
818 1444 1263 1514 religiosissimus
1311 1440 1602 1508 episcopus
1667 1433 1887 1489 lsaacus
1942 1427 2079 1484 dixit
2126 1441 2140 1478 :

556 1541 839 1600 Sufﬁciunt
868 1540 987 1594 haec
1016 1538 1082 1590 de
1113 1536 1324 1590 duabus
1354 1528 1724 1586 voluntatibus
1754 1519 2143 1582 Emmanuelis,

555 1637 628 1691 iis
681 1633 899 1704 quidem
951 1628 1043 1699 qui
1089 1642 1196 1682 non
1254 1625 1613 1686 contentiose,
1653 1634 1775 1691 quae
1818 1617 1962 1670 dicta
1994 1620 2143 1672 sunt,

2341 1419 2401 1472 Ὀ
2435 1414 2844 1476 εὐλαϐέστατος
2884 1409 3191 1473 ἐπίσκοπος
3227 1406 3418 1461 Ἰσαὰκ
3450 1399 3631 1458 εἶπεν
3654 1403 3841 1473 Ἀρκεῖ

2253 1514 2370 1575 τοῖς
2404 1509 2480 1581 μὴ
2507 1505 2829 1579 φιλονείκως
2856 1502 3120 1558 ἀκούουσι
3137 1500 3246 1554 τῶν
3272 1498 3550 1568 ῥηθέντων
3575 1495 3706 1566 περὶ
3730 1493 3843 1548 τῶν

2251 1606 2347 1660 δύο
2377 1602 2704 1674 θελημάτων
2739 1596 2837 1652 τοῦ
2876 1592 3252 1665 Ἐμμανουήλ.
3307 1591 3443 1645 Εἰπὲ
3481 1591 3639 1660 ἡμῖν,
3669 1591 3719 1641 εἰ
3752 1604 3845 1641 κε-

558 1726 807 1781 audiunt.
843 1718 1018 1785 Nunc,
1049 1719 1095 1772 si
1126 1717 1324 1789 placet,
1360 1715 1522 1769 etiam
1562 1713 1629 1767 de
1658 1685 1889 1782 geminis
1914 1702 2146 1760 actioni-

2275 1697 2455 1763 .εύεις,
2484 1696 2580 1750 καὶ
2614 1692 2747 1764 περὶ
2776 1689 2885 1744 τῶν
2918 1687 3015 1743 δύο
3055 1685 3378 1759 ἐνεργειῶν.

557 1819 664 1875 bus
697 1816 881 1871 dicito.

634 1907 890 1965 THEOR.
922 1905 1002 1961 Ad
1030 1901 1515 1960 demonstrandum
1552 1894 1797 1952 actiones
1824 1888 2024 1947 Christi
2051 1886 2150 1943 du-

560 2203 861 2261 cxspuere,
913 2186 1196 2256 lutumque
1245 2181 1313 2237 de
1364 2187 1526 2249 sputo
1570 2176 1867 2239 coniicere,
1919 2168 2158 2236 cmcique

560 2259 796 2353 pupulas
819 2280 1102 2346 inungere,
1133 2271 1369 2329 hominis
1389 2270 1617 2325 omnino
1639 2266 1785 2323 actio
1809 2272 1915 2320 est.
1944 2259 2158 2329 Quippe
2258 2265 2293 2318 χ

565 2372 909 2429 divinitatem
945 2380 1212 2438 exspuere
1249 2378 1360 2420 non
1410 2362 1675 2424 dicemus,
1734 2357 1779 2411 si
1831 2370 1936 2410 non
1980 2350 2156 2408 insani

567 2467 764 2523 simus.
793 2464 863 2517 At
886 2462 1058 2516 lutum
1089 2457 1218 2514 illud
1254 2456 1307 2510 in
1343 2453 1561 2509 oculum
1590 2460 1645 2506 et
1667 2450 1846 2505 lucem
1877 2454 2160 2503 converte-

567 2571 667 2627 re,
724 2555 779 2610 id
825 2552 1095 2607 divinitati
1159 2546 1383 2601 omnino
1443 2542 1826 2598 attribuemus.
1882 2537 2160 2608 Eiusmodi

572 2649 698 2720 quis
731 2646 943 2703 infinita
1000 2643 1255 2714 reperiet,
1290 2638 1337 2695 si
1384 2638 1602 2692 oracula
1647 2632 1827 2688 divina
1881 2629 2165 2699 diligenter

572 2719 897 2812 inspexerit.
932 2737 1047 2791 Erit
1087 2743 1269 2789 autem
1302 2745 1394 2786 res
1421 2736 1534 2784 tota
1578 2724 1860 2796 perspicua
1898 2725 1964 2777 de
1998 2719 2160 2789 gladii

576 2848 793 2907 quoque
823 2829 1108 2886 candentis
1130 2825 1399 2897 exemplo.
1434 2822 1567 2878 Nam
1601 2820 1648 2876 is
1681 2818 1885 2890 pariter
1929 2824 1986 2871 et
2018 2823 2167 2870 secat

576 2905 633 2984 et
659 2928 803 2991 urit;
834 2935 1023 2993 estque
1049 2920 1214 2976 dubio
1239 2914 1428 2988 procul
1461 2913 1603 2968 ustio
1627 2910 1846 2983 quidem
1882 2923 1987 2963 non
2012 2905 2164 2968 ferri,

579 3020 677 3078 sed
711 3018 890 3089 ignis:
926 3014 1096 3070 sectio
1123 3024 1275 3076 vero,
1313 3023 1418 3064 non
1455 3006 1616 3075 ignis,
1648 3004 1740 3059 sed
1776 3003 1928 3058 ferri.
1963 2998 2166 3056 Eﬂecta

580 3113 817 3179 denique
863 3107 1202 3162 diversarum
1250 3109 1570 3156 naturarum
1620 3105 1777 3161 sunt,
1828 3104 1937 3149 tam
1998 3092 2168 3148 sectio

580 3220 745 3276 quam
790 3203 1025 3260 adustio.
1066 3196 1271 3254 Verum
1305 3202 1528 3265 propter
1560 3190 1838 3249 unionem.
1879 3201 1986 3241 non
2033 3183 2171 3254 ignis

578 3309 792 3353 tantum
827 3308 952 3352 esse
978 3292 1210 3349 dicimus
1226 3290 1368 3345 hanc
1391 3287 1685 3352 ustionem,
1713 3282 1809 3338 sed
1828 3281 1994 3336 etiam
2018 3279 2166 3335 ferri.

582 3392 676 3450 Sic
698 3392 841 3447 enim
859 3387 1006 3458 loqui
1033 3385 1301 3442 solemus:
1324 3379 1437 3437 Hoc
1458 3378 1662 3436 ferrum
1685 3376 1817 3431 urit.
1844 3373 1938 3430 Sic
1958 3385 2173 3443 quoque

581 3500 701 3542 rem
728 3479 1226 3539 considerabimus:
1251 3474 1461 3530 Animae
1490 3479 1595 3538 est,
1626 3484 1827 3541 corpus
1862 3482 2020 3523 suum
2054 3466 2173 3521 ani-

582 3591 740 3633 mare
782 3589 847 3629 ac
889 3571 1189 3628 viviﬁcare.
1222 3564 1380 3633 Quod
1415 3563 1633 3634 quidem
1674 3576 1742 3616 ex
1780 3561 2061 3615 amborum
2090 3557 2173 3613 di-

586 3676 801 3737 remptu
829 3670 994 3734 patet.
1024 3659 1161 3716 Nam
1188 3658 1369 3714 anima
1395 3665 1639 3724 tempore
1666 3653 1857 3709 mortis
1881 3668 1914 3708 a
1947 3664 2177 3721 corpore

587 3774 690 3816 suo
723 3758 1013 3824 dirempta,
1044 3765 1244 3820 corpus
1294 3757 1565 3804 mortuum
1619 3754 1821 3800 manet.
1867 3744 2001 3800 Cum
2044 3758 2176 3815 ergo

591 3852 848 3910 divinitas
873 3849 994 3919 ejus
1016 3856 1294 3915 nunquam
1319 3854 1419 3896 nec
1447 3854 1478 3894 a
1507 3852 1736 3908 corpore
1763 3850 1867 3892 nec
1895 3838 1964 3893 ab
1994 3837 2175 3891 anima

591 3946 861 4014 dirempta
923 3937 1129 4001 fuerit,
1211 3949 1319 4006 quo
1369 3940 1527 4003 pacto
1577 3931 1686 3985 vim
1744 3930 1903 3985 istam
1957 3930 2175 3996 animm,

588 4036 962 4092 viviﬁcantem
1018 4030 1250 4096 scilicet,
1301 4042 1406 4082 non
1466 4025 1658 4082 habuit
1711 4022 1829 4093 ejus
1883 4023 2180 4080 divinitas?

589 4132 863 4188 Nimirum
897 4142 927 4182 a
959 4137 1187 4195 corpore
1221 4120 1568 4189 indirempta,
1603 4118 1761 4190 eique
1789 4117 2035 4188 cepulata
2075 4118 2179 4190 hy-

554 4222 882 4301 .postatice,
929 4226 1200 4273 mortuum
1247 4225 1472 4268 manere
1505 4224 1705 4281 corpus
1753 4208 1896 4265 haud
1945 4208 2177 4265 sinebat.

593 4316 806 4386 Quippe
855 4313 982 4367 dum
1034 4310 1179 4364 inest
1222 4307 1401 4361 anima
1440 4304 1681 4374 corpori,
1723 4317 1999 4373 nunquam
2046 4301 2177 4356 illud

592 4415 869 4466 mortuum
905 4413 1010 4458 est.
1055 4402 1195 4455 Nam
1238 4413 1362 4453 cum
1402 4397 1587 4452 anima
1616 4396 1687 4451 sit
1715 4394 1942 4467 spiritus
1977 4394 2179 4459 vitalis,
2214 4410 2257 4464 ι)

595 4515 795 4571 corpus
834 4498 1011 4567 ipsum
1047 4491 1305 4556 viviﬁcat,
1345 4492 1487 4545 sicut
1534 4488 1698 4544 etiam
1729 4487 1927 4543 alicubi
1958 4488 2176 4557 sapiens

596 4597 692 4652 ille
743 4590 986 4653 Salonio,
1025 4587 1091 4642 de
1139 4585 1319 4654 impiis
1360 4582 1681 4652 quibusdam
1717 4592 1771 4637 et
1808 4581 1878 4637 de
1912 4590 2182 4636 astrorum

600 4684 913 4744 editoribus
938 4681 1185 4750 loquens,
1217 4676 1356 4733 dixit
1387 4695 1400 4731 :
1435 4676 1570 4730 Luto
1595 4675 1749 4730 vilior
1788 4682 1869 4729 est
1901 4674 2009 4728 vita
2040 4673 2182 4743 ipso-

600 4797 745 4845 rum,
791 4777 1045 4849 quoniam
1096 4774 1410 4841 ignorarunt
1474 4783 1596 4823 cum
1638 4767 1729 4837 qui
1778 4766 1931 4835 ﬁnxit
1974 4781 2084 4826 eos,
2134 4774 2183 4817 et

601 4872 858 4943 efﬁcacem
903 4866 1139 4919 animum
1174 4860 1449 4931 inspiravit
1477 4860 1574 4926 eis,
1611 4872 1674 4912 ac
1700 4856 1940 4926 spiritum
1974 4852 2185 4908 vitalem

601 4968 676 5018 eis
701 4959 889 5032 amauit
916 4958 981 5011 ³⁸.

693 5139 853 5195 GEN.
913 5137 1240 5204 Quicunque
1299 5128 1691 5187 conscientiam
1751 5140 1903 5181 suam
1963 5125 2191 5193 pedibus

602 5231 906 5302 proculcat,
937 5227 1237 5298 praesertim
1271 5224 1324 5277 in
1369 5221 1615 5277 doctrina
1650 5218 1770 5273 iidci
1803 5260 1818 5284 ,
1864 5232 1968 5272 non
1999 5217 2193 5284 dignus

605 5332 692 5377 est
737 5319 995 5391 appellari
1048 5315 1414 5372 Christianus.
1451 5312 1560 5381 Ego
1605 5326 1735 5365 vero
1780 5308 1945 5362 Deum
1993 5315 2187 5361 testem

608 5413 886 5483 appellans
935 5410 1128 5471 fateor,
1179 5420 1265 5460 me
1302 5414 1358 5459 et
1405 5403 1646 5474 ejusdem
1695 5401 1971 5455 vobiscum
2025 5396 2195 5453 fuisse

608 5502 733 5557 fidei
760 5513 815 5557 et
844 5516 993 5567 esse,
1039 5514 1104 5554 ex
1133 5511 1242 5568 quo
1283 5495 1453 5550 libros
1503 5509 1689 5549 sacros
1737 5492 1944 5561 inspexi
1978 5508 1993 5544 :
2040 5489 2194 5558 cujus

608 5595 815 5649 scilicet
847 5609 905 5648 es
934 5594 1048 5663 ipse
1087 5588 1233 5650 ﬁdei,
1274 5599 1328 5641 et
1374 5587 1425 5640 in
1466 5587 1701 5644 medium
1735 5585 1832 5649 abs
1859 5592 1911 5639 te
1945 5581 2193 5652 producti

610 5689 718 5741 divi
754 5687 959 5743 Patres.

685 5847 729 5881 ³⁵
770 5846 897 5916 Sep.
941 5861 1029 5909 κν,
1070 5846 1154 5909 10,
1195 5845 1279 5899 ll.

2339 1878 2399 1932 Ὀ
2435 1871 2631 1927 ΘΕΩΡ.
2687 1868 2825 1938 Περὶ
2857 1866 2967 1920 τῶν
3010 1864 3106 1919 δύο
3136 1860 3432 1931 ἐνεργειῶν
3467 1858 3563 1913 τοῦ
3600 1856 3846 1929 Χριστοῦ

2030 1970 2154 2038 esse
2256 1972 2357 2026 οὐκ
2384 1966 2541 2040 οἶμαι
2566 1966 2712 2035 ὑμᾶς
2739 1959 2952 2015 δεῖσθαι
2980 1958 3158 2024 λόγων
3185 1953 3400 2008 πολλῶν
3437 1951 3517 2014 είς
3542 1948 3848 2015 ἀπόδειξιν,

1867 2037 1975 2131 ἰῖἰί
2015 2037 2151 2128 Nam
2257 2062 2389 2124 τοὺς
2425 2037 2548 2127 ταῖς
2581 2056 2757 2117 οείαις
2794 2045 3284 2120 ὲντεΟραμμένους
3316 2042 3587 2112 Γραφαίς,
3639 2038 3712 2091 Τὸ
3740 2037 3851 2108 γὰρ

2263 2147 2488 2213 πτῦσαι,
2523 2145 2617 2199 καὶ
2645 2143 2818 2213 πηλὸν
2852 2142 2917 2193 ὲκ
2954 2136 3053 2191 τοῦ
3083 2135 3412 2205 πτύσματος
3442 2132 3699 2200 ποιῆσαι,
3755 2127 3854 2181 καὶ

2300 2246 2451 2318 ρίσαι
2480 2240 2583 2305 τὰς
2624 2237 2798 2309 κόρας
2834 2231 2933 2288 τοῦ
2984 2229 3193 2302 τυφλοῦ
3218 2268 3234 2294 ,
3270 2223 3594 2297 ἀνθρωπίνη
3630 2223 3854 2285 πάντως

2263 2340 2412 2394 ἐστὶν
2467 2335 2747 2405 ἐνέργεια.
2810 2328 3012 2383 Πτύειν
3052 2324 3165 2394 γὰρ
3210 2322 3310 2377 οὐκ
3344 2321 3414 2376 ἂν
3451 2320 3710 2387 εἴποιμεν
3754 2318 3856 2387 τὴν

2263 2438 2521 2507 Oeric-qm,
2562 2432 2720 2501 εῐπερ
2753 2429 2818 2482 οὐ
2855 2419 3214 2497 μαινοίμεθα.
3260 2416 3337 2472 Τὸ
3364 2416 3424 2470 δὲ
3458 2416 3549 2470 τὶν
3575 2412 3752 2484 πηλὸν
3778 2412 3860 2474 εἰς

2264 2506 2423 2600 ὄμμα
2438 2526 2534 2581 καὶ
2553 2523 2671 2595 φῶς
2702 2513 3252 2593 μετασκευάσασθαι,
3283 2509 3509 2572 πάντως
3534 2510 3603 2578 τῇ
3632 2506 3858 2577 θεότητι

2266 2624 2532 2694 δώσομεν.
2584 2617 2696 2672 Καὶ
2738 2613 2911 2687 μυρία
2965 2611 3031 2667 ἄν
3076 2625 3164 2672 τις
3227 2605 3383 2677 εὖροι
3430 2601 3688 2666 τοιαῦτα,
3739 2600 3859 2659 τοῖς

2268 2684 2441 2774 θείοις
2493 2684 2776 2779 ἐπιμελῶς
2812 2699 3071 2770 ἐγκύψας
3102 2695 3334 2766 λογίοις.
3360 2690 3561 2745 Ἔσται
3591 2686 3647 2741 δὲ
3685 2684 3862 2753 σαφὲς

2267 2805 2431 2861 τοῦτο
2458 2803 2558 2856 καὶ
2590 2778 2679 2854 διὰ
2720 2792 3177 2867 παραδείγματος
3204 2786 3306 2857 τῆς
3340 2778 3863 2854 πεπυρακτωμένης

2275 2892 2573 2967 μαχαίρας.
2598 2866 2811 2959 Τέμνιι
2834 2883 2945 2953 γὰρ
2991 2879 3134 2949 αῦτη
3179 2878 3241 2931 ὲν
3286 2871 3472 2942 σεαυτῷ
3522 2868 3620 2922 καὶ
3686 2866 3862 2919 καίει.

2271 2959 2389 3043 kal:
2423 2959 2573 3039 ἔστιν
2603 2983 2637 3053 ἡ
2690 2980 2788 3045 μὲν
2828 2974 3030 3038 καῦσις
3070 2968 3357 3043 προδήλως
3385 2965 3447 3019 οὔ
3478 2959 3574 3017 τοῦ
3612 2959 3864 3029 σιδήρου,

2195 3063 2239 3122 (ἶ
2272 3078 2411 3135 ἀλλὰ
2440 3076 2537 3131 τοῦ
2578 3047 2855 3145 πυρός.Ἦ
2882 3067 2939 3121 δὲ
2969 3061 3116 3134 τομὴ
3145 3061 3208 3115 οὐ
3239 3057 3336 3113 τοῦ
3369 3055 3564 3127 πυρὸς,
3589 3052 3726 3106 ἀλλὰ
3752 3047 3859 3102 τοῦ

2280 3173 2535 3244 σιδήρου.
2589 3165 2705 3220 Καὶ
2756 3162 2929 3244 ἄλλης
2980 3158 3079 3211 καὶ
3119 3154 3285 3222 ἄλλης
3334 3149 3552 3221 φύσεως
3587 3145 3870 3215 ἐνέργειαι

2273 3269 2309 3342 ἦ
2338 3232 2574 3333 τέ’τομὴ
2634 3258 2730 3313 καὶ
2763 3257 2797 3326 ἡ
2851 3242 3074 3310 καῦσις.
3122 3247 3222 3301 Διὰ
3264 3245 3322 3298 δὲ
3373 3242 3475 3312 τὴν
3528 3240 3751 3301 ἕνωσιν,
3794 3232 3871 3305 μὴ

2279 3324 2445 3433 μόνον
2475 3324 2574 3409 τοῦ
2612 3324 2794 3433 πυρ-δς-
2830 3340 2975 3398 εἶναι
3020 3340 3259 3409 λέγομεν
3307 3334 3408 3407 τὴν
3460 3329 3681 3396 καῦσιν,
3725 3324 3874 3381 ἀλλὰ

2275 3420 2373 3507 καὶ
2402 3447 2500 3503 τοῦ
2535 3427 2783 3514 σιδήρου.
2816 3436 2981 3493 Κιίει
3001 3433 3113 3503 γὰρ
3137 3434 3165 3485 ὁ
3191 3428 3413 3500 σίδηρος
3442 3420 3619 3488 οὗτος.
3657 3422 3871 3493 φαμέν.

2277 3542 2636 3613 Σκοπήσομεν
2656 3536 2713 3591 δὲ
2743 3532 2839 3587 καὶ
2875 3528 3042 3584 οὕτω·
3072 3525 3269 3595 Ψυχῆς
3299 3524 3418 3576 ἐστι
3447 3519 3508 3572 τὸ
3533 3514 3746 3588 ψυχοῦν
3775 3513 3875 3569 καὶ

2278 3605 2571 3704 ζωοποιεῖν
2620 3629 2682 3685 τὸ
2735 3624 2940 3694 ἑαυτῆς
3001 3619 3203 3688 σῶμα·
3237 3616 3335 3670 καὶ
3387 3613 3549 3683 δῆλον
3600 3609 3712 3665 ἀπὸ
3776 3605 3875 3663 τοῦ

2277 3698 2584 3800 γωρισμοῦ.
2613 3713 3012 3788 Χωριζομὲνης
3040 3709 3151 3778 γὰρ
3169 3705 3376 3774 ταύτης
3396 3702 3540 3758 κατὰ
3562 3699 3654 3754 τὸν
3671 3698 3879 3768 καιρὸν

2278 3819 2375 3874 τοῦ
2410 3816 2645 3871 Θανάτου
2702 3808 2812 3863 ἀπὸ
2862 3804 2958 3859 τοῦ
3005 3800 3211 3856 οἰκείου
3263 3797 3554 3869 σώματος,
3609 3791 3766 3865 μένει
3815 3789 3879 3843 τὸ

2282 3912 2445 3982 σῶμα
2486 3905 2705 3977 νεκρόν.
2750 3899 2906 3954 Ἐπεὶ
2949 3894 3046 3949 οὖν
3097 3894 3133 3965 ὴ
3181 3890 3376 3961 θεότης
3406 3885 3576 3941 αὑτοῦ
3607 3883 3878 3938 οὐδέποτε

2279 3975 2407 4062 οὔτε
2433 4003 2529 4057 τοῦ
2562 3975 2839 4070 σώματος,
2870 3990 2996 4047 οὔτε
3030 3988 3132 4058 τῆς
3177 3983 3362 4057 ψυχῆς
3411 3978 3711 4053 ἐχωρίσθη,
3751 3975 3882 4037 πῶς

2280 4098 2379 4171 τὴν
2407 4094 2689 4165 ἐνέργειαν
2717 4084 2929 4153 ταύτην
2958 4081 3060 4148 τῆς
3082 4077 3284 4149 ψυχῆς,
3302 4074 3363 4126 τὸ
3385 4072 3679 4141 ζωογονεῖν
3702 4085 3883 4139 φημι,

2282 4158 2385 4245 οῦκ
2421 4158 2572 4255 elisit
2628 4182 2663 4251 ἠ
2712 4176 2908 4246 Θεότης
2964 4168 3169 4229 αὐτοῦς
3205 4165 3350 4222 Ἀλλ’
3397 4163 3705 4237 ἀχώριστος
3738 4158 3884 4216 οὖσα

2282 4279 2381 4335 τοῦ
2414 4253 2696 4346 σώματος,
2736 4267 2835 4324 καὶ
2863 4263 2987 4320 καθ’
3032 4260 3335 4316 ὑπόστασιν
3387 4257 3649 4330 ἡνωμένη
3698 4253 3881 4324 αὐτῷ,

2284 4372 2387 4427 οὐκ
2415 4368 2504 4423 sia.
2537 4365 2723 4437 μένειν
2752 4360 2887 4416 αὐτὸ
2915 4354 3135 4427 νεκρόν.
3167 4353 3366 4423 Ψυχῆς
3400 4350 3511 4422 γὰρ
3536 4347 3767 4416 ἐνούσης
3802 4345 3886 4416 τῷ

2295 4465 2534 4534 σώματι,
2563 4458 2822 4513 οὐδέποτε
2846 4450 3045 4522 νεκρὸν
3086 4449 3272 4502 ἐκεῖνο
3303 4444 3568 4515 τυγχάνει
3595 4441 3675 4496 ὃν.
3703 4439 3886 4496 Πνεῦ-

2297 4578 2374 4631 μα
2418 4558 2529 4627 γὰρ
2577 4549 2810 4619 ζωτικὸν
2850 4541 2986 4600 οὖσα
3014 4543 3048 4615 ἡ
3078 4540 3226 4613 ψυχὴ
3247 4580 3262 4605 ,
3286 4537 3572 4603 (mortem!
3600 4534 3662 4587 τὸ
3694 4534 3884 4618 σῶμα,

2393 4612 2619 4705 π.ου’καὶ
2640 4644 2669 4697 ὁ
2691 4640 2859 4712 σοφὸς
2890 4612 3303 4707 Σολομὼνπερί
3341 4645 3506 4683 τινων
3539 4612 3888 4696 παρανόμων

2295 4744 2391 4800 καὶ
2446 4730 2863 4804 εἰδωλολατρῶν
2919 4721 3044 4781 εἷπε
3095 4741 3110 4755 ⁸
3175 4720 3389 4791 Πηλοῦ
3439 4719 3789 4787 ἀτιμότερος
3856 4717 3890 4769 d

2288 4839 2430 4903 βίος
2459 4829 2682 4895 αὐτῶν,
2707 4825 2799 4879 ὅτι
2818 4824 3138 4894 ἠγνόησαν
3156 4815 3265 4871 τὸν
3280 4807 3886 4873 πλάσανταάὺτοὺς,

2294 4902 2396 4983 καί
2424 4924 2533 4979 τὸν
2555 4922 2989 4991 ἐμπνεύσαντα
3008 4909 3216 4975 αὐτοῖς
3234 4905 3452 4977 ψυχὴν
3476 4902 3888 4974 ἐνερτὋῦσαν,

2297 5022 2399 5075 καὶ
2423 5013 2880 5088 ἐμφυσήσιιντα
2906 5005 3116 5071 αὐτοῖς
3140 5001 3381 5071 πνεῦμα
3407 4997 3677 5060 ζωτικόν.

2380 5114 2442 5168 '0
2474 5110 2641 5166 ΚΛΘ.
2695 5108 2889 5168 Ὅστις
2918 5102 2979 5155 τὸ
3006 5101 3211 5155 οἰκεῖον
3258 5094 3574 5150 καταπατεί
3612 5088 3899 5152 συνειδὸς.

2297 5210 2393 5263 καὶ
2431 5204 2670 5278 μάλιστα
2697 5202 2757 5254 ὲν
2787 5198 2902 5259 τοῖς
2944 5192 3077 5266 περὶ
3104 5192 3345 5252 πίστεως
3381 5186 3551 5255 λόγῳ,
3603 5184 3705 5236 οὐκ
3736 5181 3900 5235 ἐστιν

2298 5273 2451 5367 ἄξιος
2494 5294 2785 5352 καλεῖσθαι
2820 5284 3174 5361 Χριστιανός.
3223 5277 3372 5349 Ἐγὼ
3403 5278 3461 5331 δὲ
3509 5273 3759 5347 ὁμολογῶ
3796 5274 3901 5326 ἐπὶ

2300 5363 2442 5464 Θεῷ⁷
2486 5389 2751 5459 μάρτυρι,
2811 5382 2896 5436 ὅτι
2948 5379 3050 5449 τῆς
3108 5374 3280 5444 αὐτῆς
3315 5372 3447 5442 ὑμῖν
3494 5368 3737 5427 πίστεως
3793 5363 3902 5417 xci.

2298 5459 2451 5557 ἥμην
2485 5484 2581 5537 καὶ
2611 5481 2751 5551 εἰμὶ,
2783 5476 2971 5544 seem
3000 5474 3122 5535 ταῖς
3160 5468 3337 5530 θείαις
3382 5462 3627 5532 ἐνέκυψα
3657 5459 3900 5532 βίϐλοις,

2397 5550 2491 5629 καὶ
2516 5572 2681 5635 αὐτὸς
2714 5565 2786 5637 εἷ,
2819 5567 2915 5623 καὶ
2944 5566 3011 5647 οἱ.
3025 5561 3179 5637 παρὰ
3216 5558 3314 5614 σοῦ
3354 5558 3437 5623 είς
3485 5554 3653 5627 μέσον
3682 5550 3899 5622 ἀχθὲν-

2291 5688 2387 5734 τες
2416 5668 2551 5722 θεῖοι
2585 5663 2851 5733 Πατέρες.
