4096 6400
327 327 427 395 181

1706 321 2168 390 DISPUTATlO
2208 327 2255 387 ῐ.

3493 322 3598 389 182

399 444 461 496 '0
491 439 690 497 ΘΕΩΡ.
711 439 771 494 Ei
790 437 964 503 οὓτως
990 439 1303 507 ἐπίστευες,
1329 442 1420 496 καὶ
1452 445 1752 507 πιστεύεις,
1780 441 1904 494 Eva--

2082 436 2337 493 THEOR.
2378 438 2433 493 Si
2466 437 2545 493 sic
2575 437 2856 503 credebas,
2888 445 2946 495 et
2993 452 3138 494 nunc
3179 437 3393 503 credis,
3428 452 3598 508 quare

317 551 414 588 κεν
461 534 612 597 τίνος
670 532 860 586 λοιπον
910 532 1158 602 ἔγραψας
1227 535 1286 585 ἐν
1347 537 1416 604 τῇ
1473 535 1735 606 ἐπιστολῇ
1785 551 1904 599 σου,

335 627 585 695 Λέγομεν
629 625 763 696 μίαν
799 626 963 692 φύσιν
993 624 1186 692 εἰςετὸν
1218 626 1495 696 Χριστόνς

412 717 474 770 ⁸0
505 716 668 776 ΚΑΘ.
706 715 1058 770 Ἀποϐλέπων
1087 717 1168 777 είς
1198 716 1257 768 τὸ
1281 716 1374 770 τοῦ
1404 716 1694 787 ἀνθρώπου
1730 717 1910 786 παρά-

310 811 543 878 δειγμα,
577 801 622 876 ᾧ
669 807 719 860 οἱ
761 808 906 875 ἆγιοι
937 807 1186 878 Πατέρες
1226 809 1555 879 ἐχρήσαντο,
1585 809 1679 862 τοῦ
1710 811 1774 862 ἐκ
1803 809 1910 879 ψυ-

316 903 421 971 χῆς
452 899 822 968 συγκειμένου
877 897 972 950 καὶ
1021 896 1297 968 σώματος,
1363 901 1457 952 καὶ
1492 899 1590 968 μία
1627 900 1790 968 φύσις
1820 900 1911 954 λε-

317 992 558 1061 γομένου
601 990 742 1061 μετὰ
770 989 869 1058 τὴν
899 990 1118 1056 ἕνωσιν,
1151 991 1245 1044 καὶ
1273 991 1392 1056 τὰς,
1428 991 1488 1056 ἐξ
1517 985 1593 1046 ὧν
1624 991 1907 1059 συνετέθη,

318 1083 516 1152 φύσεις
539 1082 884 1152 ἀσυγχύτους
912 1085 1007 1138 καὶ
1039 1083 1351 1154 ἀτρέπτους
1387 1083 1774 1152 φυλάττοντος,
1808 1084 1910 1136 οὐκ

315 1178 561 1241 ἐδόκουν,
598 1177 674 1240 ὡς
700 1177 968 1241 πολλάκις
999 1173 1154 1231 εἶπόν
1188 1194 1272 1230 σοι
1297 1218 1312 1242 ,
1353 1175 1712 1245 σφάλλεσθαι.
1771 1176 1908 1229 Ὑπ-

316 1271 630 1340 ελάμσανον
650 1271 709 1325 δὲ
741 1273 834 1323 καὶ
854 1270 946 1324 τὸν
976 1271 1250 1341 μακάριον
1270 1269 1562 1341 Κύριλλον,
1593 1270 1724 1339 μίαν
1746 1269 1910 1337 φύσιν

317 1364 416 1416 τοῦ
445 1363 618 1432 Λόγου
648 1364 1087 1435 σεσαρκωμένην
1129 1363 1381 1432 λέγοντα,
1420 1362 1583 1416 τοῦτο
1619 1362 1909 1426 βούλεσθαι

317 1455 537 1525 δηλοῦν.
572 1458 816 1510 ’Ἤκουον
856 1457 911 1510 δέ
950 1458 1045 1510 καὶ
1091 1457 1245 1528 παρὰ
1279 1457 1516 1521 πολλῶν,
1560 1457 1715 1511 ὄτιοί
1772 1457 1908 1511 Ῥω-

317 1549 476 1615 μαῖοι
531 1546 627 1600 δύο
666 1545 858 1615 φύσεις
909 1548 1350 1618 κεχωρισμένας,
1386 1547 1464 1611 ὡς
1512 1549 1539 1601 ὁ
1591 1547 1907 1618 Νεστόριος,

313 1641 734 1710 δογματίζουσι.
776 1641 888 1695 Καὶ
921 1642 1007 1694 διὰ
1038 1640 1203 1695 τοῦτο
1249 1641 1500 1711 σφοδρῶς
1530 1642 1910 1713 ἀντιμαχόμε-

314 1747 408 1793 νος
465 1731 565 1800 τῆς
605 1732 735 1802 μιᾶς
769 1731 988 1798 φύσεως
1016 1731 1238 1796 λέξεως,
1275 1733 1372 1785 καλ¹
1413 1731 1561 1785 κατὰ
1593 1733 1686 1786 τοῦ
1719 1749 1908 1804 κεχω-

305 1822 632 1892 ρισμένας,
670 1823 730 1877 τὸ
771 1825 924 1892 μίαν
961 1825 1347 1895 ἀνετιθέμεθα.
1393 1827 1550 1879 Κατὰ
1619 1826 1804 1894 μέντοι
1846 1843 1909 1894 γε

312 1918 412 1970 τὸν
445 1916 572 1971 νοῦν
598 1917 773 1980 οῦτως
817 1917 1102 1988 ἐφρόνουν,
1135 1920 1232 1973 καὶ
1277 1916 1426 1972 οὕτω
1455 1919 1664 1989 φρονῶ,
1710 1920 1784 1982 ὡς
1816 1921 1915 1972 αὑ-

313 2010 407 2073 τὸς
457 2011 595 2080 ήμῖν
625 2011 1020 2082 διετράνωσας,
1073 2012 1140 2066 ἐκ
1165 2010 1277 2064 τῶν
1328 2010 1491 2064 θείων
1523 2011 1760 2082 Γραφῶν
1815 2012 1916 2074 τὰς

314 2102 632 2168 ἀποδείξεις
665 2104 1015 2174 ποιούμενος.
1056 2104 1172 2159 Νῦν
1207 2100 1302 2160 οὖν
1334 2108 1384 2160 εί
1408 2105 1554 2176 ἔχεις
1588 2105 1718 2160 ἄλλο
1743 2105 1918 2175 κεφάσ

313 2195 495 2259 λαιον,
529 2196 765 2266 πρόσθες
790 2214 804 2227 ·
839 2199 933 2252 καὶ
976 2197 1106 2270 περὶ¹
1136 2197 1374 2267 ἐκείνου,
1406 2201 1454 2253 εἰ
1489 2199 1659 2267 δοκεῖ,
1696 2205 1920 2272 ποιησό-

323 2289 469 2358 μεθα
500 2291 601 2360 τὴν
638 2290 902 2355 διάλεξιν.

411 2384 475 2436 '0
511 2383 709 2438 ΘΕΩΡ.
757 2382 1172 2455 ’Δναγνὼσομεν
1210 2384 1398 2439 λοιπὸν
1426 2386 1518 2439 καὶ
1547 2385 1709 2440 πάλιν
1731 2387 1795 2439 ἐκ
1819 2385 1919 2457 τῆς

323 2475 426 2540 σῆς
454 2476 773 2547 ἐπιστολῆς.

403 2567 468 2621 '0
502 2567 668 2624 ΚΛΘ.
704 2570 840 2637 ’Λγε
858 2607 874 2624 .

404 2665 492 2728 Ὦς
521 2658 617 2716 οῦν
651 2661 1120 2733 ἁνεγινώσκομεν,
1152 2664 1398 2735 ἤλθομεν
1427 2666 1509 2730 είς
1533 2663 1626 2720 τὸν
1651 2666 1839 2732 τόπον,
1857 2658 1920 2720 οὗ

322 2753 392 2827 ἦν
444 2756 882 2826 γεγραμμένον·
933 2755 1284 2826 Ἑσκήνωσεν
1344 2758 1403 2810 ἐν
1450 2759 1518 2827 τῇ
1569 2757 1771 2828 γαστρὶ
1820 2762 1921 2829 τῆς

316 2849 606 2920 Παρθένου
655 2849 817 2903 ἐννέα
873 2849 1061 2920 μηνῶν
1115 2849 1348 2920 χρόνον,
1409 2850 1504 2904 καὶ
1565 2851 1727 2905 πέντε
1780 2852 1921 2921 ήμε-

321 2961 460 3012 ρων.

393 3029 564 3090 Εἶπεν
594 3040 624 3091 ό
649 3037 846 3092 ΘΕΩΡ.
879 3037 1051 3091 Πόθεν
1087 3035 1236 3108 ἔχεις
1282 3036 1470 3102 τοῦτο,
1502 3039 1585 3093 ὅτι
1618 3039 1776 3094 ἐννέα
1813 3039 1922 3111 μῆ-

2014 531 2296 586 scribebas
2327 531 2379 584 in
2407 529 2631 600 epistola
2665 538 2753 585 tua
2780 545 2796 584 :
2825 529 3070 587 Dicimus
3099 546 3262 586 unam
3299 530 3350 585 in
3378 529 3598 587 Christo

2013 621 2309 676 naturani?

2081 715 2242 771 GEN.
2282 716 2542 787 Equidem
2578 717 2877 787 respiciens
2910 719 2975 771 ad
3016 716 3145 771 illud
3187 719 3495 784 exemplum
3529 716 3598 770 ab

2015 812 2231 867 homine
2285 819 2601 880 sumptum,
2657 827 2767 880 quo
2816 811 2988 867 sancti
3047 810 3234 865 Patres
3286 810 3367 865 usi
3430 818 3597 872 sunt,

2015 904 2252 966 homine,
2300 903 2544 972 inquam,
2579 917 2646 957 ex
2686 902 2866 956 anima
2901 917 3239 972 corporaque
3268 903 3595 972 composito,

2016 997 2219 1066 quique
2266 1006 2388 1065 post
2439 995 2694 1050 unionem
2747 1010 2868 1050 esse
2916 1004 3108 1049 natura
3139 995 3338 1049 dicitur
3373 1010 3500 1060 una,
3544 1003 3596 1050 et

2015 1099 2261 1157 naturas,
2306 1105 2373 1145 ex
2412 1091 2610 1159 quibus
2663 1098 2747 1144 est
2780 1088 3136 1158 compositus,
3189 1087 3501 1142 inconfusas
3548 1098 3604 1142 et

2015 1182 2330 1235 mutationis
2384 1192 2634 1251 expertes
2687 1181 2938 1244 retinet,
3015 1180 3240 1234 minime
3288 1179 3443 1244 mihi,
3501 1194 3600 1233 ceu

2015 1275 2292 1329 multoties
2323 1274 2415 1327 tibi
2445 1275 2555 1342 jam
2589 1273 2721 1339 dixi,
2765 1272 2874 1326 falli
2911 1271 3154 1328 videbar.
3199 1270 3465 1327 Praeterea
3504 1286 3604 1340 pu-

2015 1367 2220 1427 tabam.
2273 1367 2490 1420 beatum
2547 1366 2696 1420 illum
2745 1366 3029 1437 Cyrillum,
3086 1381 3208 1419 cum
3258 1365 3387 1419 dicit
3440 1379 3602 1417 unam

2015 1469 2264 1513 naturam
2297 1458 2580 1515 Sermonis
2613 1459 2974 1522 incarnatam,
3005 1458 3107 1511 hoc
3141 1459 3314 1524 ipsum
3361 1455 3606 1510 indicare

2013 1550 2172 1605 velle.
2202 1551 2241 1602 A
2269 1550 2514 1619 pluribus
2538 1549 2820 1603 audiebam
2846 1549 3096 1618 denique,
3127 1548 3404 1602 Romanos
3423 1561 3607 1600 exem-

2008 1645 2099 1715 plo
2129 1643 2362 1699 Nestorii
2394 1645 2530 1700 duas
2558 1653 2781 1698 naturas
2803 1655 3081 1710 separatas
3109 1651 3366 1698 statuere.
3393 1641 3602 1709 Quam-

2013 1737 2198 1793 obrem
2257 1736 2419 1791 unius
2485 1747 2690 1790 naturae
2767 1749 2956 1789 vocem
3010 1735 3366 1789 vehementer
3408 1748 3608 1802 prepu—

2019 1838 2270 1896 gnantes,
2304 1843 2402 1897 pro
2425 1829 2681 1897 separatis
2713 1828 2942 1892 naturis,
2976 1843 3141 1879 unam
3186 1826 3605 1896 reponebamus.

2017 1923 2241 1978 Interim
2266 1932 2448 1977 mente
2472 1921 2551 1977 sic
2581 1921 2824 1976 sentieba
2848 1938 2908 1986 ιι,
2947 1929 3002 1973 et
3026 1918 3222 1983 sentio,
3251 1917 3606 1986 quemadmo-

2018 2018 2144 2073 dum
2179 2017 2296 2086 ipse
2343 2015 2499 2070 nobis
2522 2013 2807 2068 declarasti
2840 2028 2936 2082 per
2973 2025 3065 2066 eas
3095 2010 3610 2075 demonstrationes,

2019 2127 2155 2182 quas
2185 2127 2250 2165 ex
2291 2109 2490 2164 divinis
2519 2107 2741 2163 Litteris
2773 2105 3124 2161 contexebas.
3169 2104 3358 2172 Itaque
3387 2103 3431 2159 si
3469 2119 3611 2158 nunc

2016 2202 2166 2259 aliud
2201 2210 2362 2273 caput
2389 2201 2582 2266 habes,
2620 2199 2844 2270 adjicito
2874 2215 2888 2252 :
2916 2205 2974 2252 nt
3001 2195 3166 2252 etiam
3195 2195 3262 2250 de
3290 2194 3403 2262 illo,
3443 2196 3487 2251 si
3525 2194 3611 2250 vi-

2018 2298 2262 2361 debitur,
2290 2295 2688 2363 colloquamur.

2094 2387 2354 2444 TllEOR.
2390 2388 2530 2458 Ergo
2556 2401 2746 2442 rursus
2768 2401 2837 2442 ex
2870 2384 3098 2454 epistola
3146 2395 3233 2440 tua
3276 2385 3457 2457 legere
3485 2399 3610 2454 per-

2021 2496 2235 2552 gemus.

2092 2571 2252 2629 GEN.
2290 2573 2402 2643 Age
2432 2586 2582 2627 vero.

2092 2667 2228 2723 Cum
2260 2667 2422 2738 igitur
2466 2665 2788 2736 legeremus,
2836 2664 2902 2720 ad
2950 2678 3073 2719 eum
3117 2661 3296 2719 locum
3339 2662 3610 2720 venimus,

2022 2758 2113 2813 ubi
2159 2757 2440 2829 scriptum.
2477 2765 2598 2813 erat
2647 2773 2660 2810 :
2721 2755 3002 2811 Habitavit
3053 2755 3106 2809 in
3169 2765 3323 2808 utero
3381 2750 3616 2822 Virginis

2026 2866 2218 2907 novem
2248 2848 2514 2906 mensium
2545 2858 2600 2906 et
2627 2850 2870 2920 quinque
2899 2847 3112 2904 dierum
3144 2847 3346 2918 apatio.

2095 3044 2242 3101 Dixit
2276 3059 2406 3116 ergo
2433 3041 2887 3109 THEOR.Unde,
2931 3055 3138 3111 quasso,
3169 3040 3218 3093 id
3253 3038 3440 3102 habes,
3471 3040 3624 3109 quod

314 3148 418 3190 νας
446 3129 542 3184 καὶ
573 3131 734 3185 πέντε
781 3132 995 3204 ἡμέρας
1027 3132 1348 3203 ἐσκήνωσεν
1395 3133 1453 3186 ἐν
1487 3134 1554 3204 τῇ
1586 3136 1791 3205 γαστρὶ
1815 3135 1914 3206 τῆς

2025 3153 2215 3195 novem
2263 3137 2543 3192 mensibus
2575 3144 2630 3190 et
2665 3135 2907 3205 quinque
2938 3132 3130 3188 diebus
3186 3131 3512 3187 habitaverit
3557 3129 3612 3183 in

317 3225 609 3293 suviva
639 3225 924 3295 Παρθένου
948 3242 964 3292 ;

408 3317 470 3370 Ὀ
506 3317 670 3371 ΚΑΘ.
702 3319 942 3388 Ἐχομεν
968 3318 1076 3372 ἀπὸ
1094 3318 1206 3372 τῶν
1230 3319 1520 3391 ἡμετέρων
1552 3319 1915 3385 διδασκάλων,

313 3406 405 3459 ὅτι
439 3405 510 3459 τὰ
539 3406 866 3475 πρωτότοκα
899 3407 1089 3461 παιδία
1117 3407 1369 3462 ποιοῦσιν
1395 3411 1454 3461 ἐν
1485 3411 1551 3479 τῇ
1594 3410 1785 3480 μήτρᾳ
1809 3409 1918 3462 τῶν

319 3498 541 3552 έαυτῶν
599 3498 862 3570 μητέρων
919 3500 1181 3554 ἐπέκεινα
1233 3500 1344 3554 τῶν
1396 3502 1470 3571 μή
1532 3503 1918 3572 πρωτοτόκων,

322 3594 493 3646 πέντε
525 3593 764 3664 ἡμέρας.
793 3593 906 3646 Καὶ
932 3593 1088 3647 τοῦτο
1113 3594 1436 3648 πιστοῦνται
1477 3594 1586 3648 ἀπὸ
1611 3593 1706 3648 τοῦ
1750 3595 1920 3663 σοφοῦ

317 3679 713 3748 Σολομῶντος,
750 3681 1001 3750 λέγοντος
1054 3684 1184 3754 περὶ
1228 3683 1426 3737 ἑαυτοῦ
1451 3701 1465 3716 ο
1519 3685 1922 3754 Δεκαμενιαίῳ

322 3777 527 3842 χρόνῳ
543 3773 756 3843 παγείς
782 3775 1096 3845 ἐνσώματι
1114 3793 1128 3806 ·
1156 3775 1318 3830 τοῦτο
1342 3777 1674 3848 βουλομένου
1702 3777 1919 3850 δηλοῦν,

323 3867 409 3919 ὅτι
442 3867 505 3920 οὐ
533 3867 698 3936 μόνον
727 3868 886 3922 ἐννέα
925 3869 1102 3939 μῆνας
1132 3866 1200 3939 ἦν
1231 3871 1290 3924 ἐν
1321 3873 1388 3942 τῇ
1443 3872 1632 3944 μήτρᾳ
1661 3872 1758 3942 τῆς
1791 3873 1922 3924 ἐαυσ

323 3961 430 4013 τοῦ
463 3961 694 4032 μητρὸς,
722 3961 859 4015 ἀλλὰ
889 3962 985 4015 καὶ
1019 3963 1129 4016 ἀπὸ
1161 3963 1255 4018 τοῦ
1295 3964 1528 4019 δεκάτου
1563 3966 1778 4022 έλαὸεν.
1834 3968 1924 4033 Ὦς

328 4055 685 4124 πρωτότοκον
715 4054 810 4108 οῦν
837 4056 864 4107 ὁ
903 4055 1274 4128 Ἐμμανουήλ,
1305 4057 1399 4110 τὸν
1431 4054 1549 4112 ἴσον
1579 4059 1767 4124 αὐτοῖς
1791 4060 1924 4132 χρό-

326 4167 420 4202 νον
457 4150 515 4200 ἐν
549 4151 614 4219 τῇ
649 4149 834 4220 μήτρᾳ
874 4148 974 4218 τῆς
1009 4149 1210 4204 ἑαυτοῦ
1243 4152 1452 4222 μητρδς
1487 4153 1816 4224 πεποίηκεν.

411 4243 476 4294 ὐ
499 4241 696 4294 ΘΕΩΡ.
731 4241 792 4297 Ὁ
817 4241 1072 4312 Σολομῶν
1103 4243 1248 4296 κατὰ
1271 4244 1365 4297 τὸν
1394 4245 1651 4316 ἀριθμὸν,
1673 4247 1924 4317 ἀριθμῶν

326 4333 441 4386 τῶν
474 4333 769 4402 Ἐϐραίων,
812 4333 1192 4404 δεκαμηνιαίῳ
1237 4336 1418 4406 χρόνῳ
1463 4334 1584 4390 εἷπε
1631 4337 1831 4406 παγεὶς
1865 4339 1925 4392 ἐν

331 4425 556 4496 σώματι
582 4444 596 4457 ο
641 4425 874 4496 καὶγὰρ
908 4428 960 4479 οἱ
995 4429 1163 4499 μῆνες
1207 4426 1319 4481 τῶν
1367 4428 1640 4500 Ἐϐραίων
1673 4431 1926 4502 μικρότε-

327 4520 419 4591 pot
462 4520 571 4572 είσι
612 4519 724 4574 τῶν
763 4520 1056 4591 ήμετέρων
1106 4521 1318 4592 μηνῶν.
1370 4522 1604 4577 Ἐκεῖνοι
1657 4525 1769 4596 γὰρ
1827 4525 1928 4595 τὴν

332 4612 571 4683 σελήνην
601 4609 789 4681 ἔχουσι
821 4611 1020 4681 μέτρον
1044 4612 1154 4664 τῶν
1187 4614 1321 4683 παρ’
1351 4614 1536 4679 αὐτοῖς
1563 4617 1752 4686 μηνῶν
1775 4633 1791 4649 ⁸
1828 4617 1928 4689 τὴν

332 4708 446 4774 γὰρ
489 4704 666 4777 ἀρχὴν
697 4707 797 4772 τῆς
852 4705 1084 4776 σελήνης
1113 4705 1334 4777 ἔχουσιν
1362 4707 1539 4778 ἀρχὴν
1579 4707 1673 4762 τοῦ
1722 4709 1926 4780 μηνός·

334 4802 434 4853 καὶ
476 4800 539 4851 τὸ
565 4798 724 4862 τέλος
761 4798 925 4853 πάλιν
966 4798 1160 4869 αὐτῆς,
1204 4799 1359 4863 τέλος
1395 4799 1490 4854 τοῦ
1528 4801 1696 4873 μηνὸς
1724 4801 1928 4856 αὐτῶν.

338 4897 619 4950 Οὐδέποτε
646 4896 702 4949 δὲ
729 4882 928 4966 σελήνη
960 4895 1072 4966 ἔχει
1100 4895 1320 4968 ἡμέρας
1343 4894 1408 4963 λ’,
1442 4897 1475 4967 ἢ
1505 4897 1611 4961 λα’,
1643 4896 1722 4961 ὡς
1745 4896 1932 4968 έχουσι

334 4992 386 5042 οἱ
427 4989 600 5058 μῆνες
630 4986 809 5057 ἡμῶν.
857 4989 1012 5041 Κατὰ
1045 4989 1176 5058 γοῦν
1201 4989 1294 5043 τὸν
1324 4988 1562 5060 ἀριθμὸν
1592 4989 1703 5042 τῶν
1741 4992 1930 5062 μηνῶν

336 5083 452 5136 τῶν
481 5080 753 5152 Ἐὃραίων
776 5077 929 5135 εἷπεν
946 5083 974 5134 ό
991 5080 1248 5152 Σολομῶν
1269 5097 1283 5112 ·
1310 5083 1718 5153 Δεκαμηνιαίῳ
1732 5085 1931 5153 χρόνῳ

337 5174 559 5244 παγεὶς
579 5171 919 5244 ἐνσώματι.
970 5172 1033 5227 Ὀ
1076 5174 1131 5227 δὲ
1157 5173 1258 5244 τῆς
1287 5175 1616 5246 οἰκουμένης
1648 5177 1875 5248 φωστὴρ
1904 5180 1932 5231 ό

336 5268 582 5340 χρυσοῦς
616 5267 718 5340 τήν
760 5267 1012 5336 γλῶτταν
1053 5263 1311 5339 Ἰωάννης
1348 5269 1405 5324 ἐν
1454 5268 1531 5340 τῷ
1558 5269 1704 5339 λόγῳ
1740 5269 1816 5340 τῷ
1851 5273 1930 5334 εἰς

335 5359 439 5430 τὴν
471 5359 734 5429 Γέννησιν
773 5357 870 5412 τοῦ
913 5358 1124 5430 Κυρίου
1169 5359 1331 5430 ήμῶν
1378 5360 1554 5430 Ἰησοῦ
1585 5361 1846 5432 Χριστοῦ,
1875 5364 1932 5415 ἐν

333 5445 382 5521 ᾧ
422 5452 521 5506 καὶ
552 5453 683 5522 περὶ
708 5450 829 5515 τοῦ,
859 5453 993 5505 πότε
1021 5452 1104 5506 δεῖ
1131 5451 1229 5523 τὴν
1261 5453 1356 5504 τοῦ
1389 5451 1647 5523 Σωτῆρος
1676 5453 1934 5524 γέννησιν

338 5542 646 5614 ἑορτάζειν,
682 5543 874 5613 σαφῶς
905 5543 1313 5608 ἀποδείκνυσιν,
1333 5538 1394 5598 οὗ
1414 5546 1447 5615 ἡ
1466 5545 1610 5618 ἀρχή
1639 5561 1654 5576 ·
1687 5563 1705 5596 ι
1737 5545 1805 5600 "A
1835 5549 1936 5603 πά-

342 5632 433 5688 λαι
484 5635 829 5706 πατριάρχαι
894 5633 993 5704 μὲν
1030 5631 1241 5697 ὥδινον.
1271 5635 1549 5706 προφῆται
1580 5632 1638 5688 δὲ
1701 5634 1934 5705 προῦλε-

419 5813 464 5847 ⁸⁸
499 5812 630 5885 δερ.
673 5829 776 5876 vn,
822 5813 876 5875 7,
917 5811 974 5865 9..

2026 3229 2349 3284 castissima:
2379 3227 2618 3297 Virginis
2648 3227 2842 3282 utero?

2097 3319 2258 3375 GEN.
2295 3320 2625 3390 Accepimus
2659 3335 2686 3373 a
2711 3319 3028 3374 doctoribus
3049 3317 3273 3379 nostris,
3294 3313 3614 3385 primigenia

2027 3415 2266 3485 quinque
2317 3414 2510 3470 diebus
2569 3414 2620 3467 in
2683 3424 2917 3468 matrum
2973 3425 3191 3466 suarum
3245 3408 3366 3462 alvo
3415 3407 3618 3461 diutius

2029 3507 2293 3563 exsistere
2327 3521 2489 3577 quam
2541 3505 2681 3560 fetus
2729 3521 2832 3560 non
2873 3503 3244 3574 primigenios.
3288 3501 3461 3569 Atque
3492 3497 3620 3553 huic

2029 3601 2267 3670 Opinioni
2294 3601 2452 3656 iidem
2489 3599 2784 3655 conciliant
2808 3615 2872 3653 ex
2908 3597 3000 3651 illo
3027 3598 3276 3665 sapiente
3302 3593 3618 3654 Solomone,

2030 3696 2096 3749 de
2130 3709 2188 3749 se
2218 3694 2336 3764 ipso
2364 3694 2578 3750 dicente
2611 3713 2625 3749 :
2673 3693 2861 3748 Decem
2911 3692 3171 3747 mensium
3209 3689 3378 3757 spatio
3414 3685 3620 3752 deﬁxus

2028 3790 2084 3843 in
2115 3806 2333 3859 corpore
2356 3789 2434 3859 fui
2470 3789 2554 3853 “;
2605 3788 2806 3859 quibus
2848 3785 3031 3839 verbis
3073 3785 3174 3836 hoc
3205 3781 3447 3835 indicare
3483 3776 3618 3837 vult.

2030 3882 2175 3951 quod
2226 3897 2334 3937 non
2387 3881 2548 3935 modo
2598 3893 2794 3934 novem
2834 3877 3113 3932 mensibus
3143 3875 3197 3927 in
3253 3880 3407 3926 utero
3435 3868 3622 3922 matris

2033 3989 2144 4028 sum
2163 3971 2348 4038 fuerit,
2369 3976 2464 4028 sed
2488 3971 2651 4025 etiam
2676 3969 2875 4026 decimi
2904 3977 3112 4036 partem
3137 3966 3372 4034 aliquam
3391 3959 3616 4030 ceperit.

2033 4065 2228 4121 Noster
2245 4065 2409 4136 igitur
2423 4062 2766 4130 Emmanuel,
2793 4069 3048 4128 tanquam
3077 4057 3220 4112 fetus
3239 4053 3620 4126 primigenius,

2035 4175 2133 4230 par
2166 4161 2430 4228 temporis
2462 4159 2699 4226 spatium
2730 4159 2782 4210 in
2808 4165 2964 4211 utero
2990 4152 3180 4207 matris
3206 4151 3402 4219 exegit.

2107 4250 2363 4308 TllEOR.
2391 4247 3036 4314 Solomon,Hehraaorum
3057 4258 3208 4300 more
3240 4252 3482 4310 tempora
3507 4254 3618 4292 me-

2037 4344 2194 4409 tiens,
2225 4343 2412 4398 decem
2439 4339 2704 4396 mensium
2743 4338 2919 4410 spatio
2945 4351 3005 4392 se
3036 4336 3088 4389 in
3127 4347 3357 4403 corpore
3386 4331 3623 4387 deﬁxum

2037 4435 2205 4491 fuisse
2247 4435 2399 4490 dicit.
2451 4433 2664 4502 Quippe
2703 4446 2919 4487 menses
2971 4428 3320 4484 Hebraeorum
3381 4424 3623 4479 minores

1957 4499 2005 4557 Β
2033 4535 2159 4584 sunt
2185 4528 2385 4580 nostris
2409 4522 2853 4579 mensibus.Nam
2879 4520 3172 4578 secundum
3193 4519 3380 4573 lunam
3405 4529 3622 4570 menses

2035 4636 2164 4676 suos
2200 4619 2577 4683 dimetiuntur,
2600 4616 2847 4685 adeoque
2877 4615 3019 4670 lunai
3059 4611 3385 4684 principium
3417 4607 3624 4662 faciunt

2036 4702 2238 4769 mensis
2266 4711 2632 4782 principium;
2669 4725 2732 4764 ac
2754 4708 2995 4762 vicissim
3031 4706 3173 4760 lunae
3201 4703 3385 4763 finem,
3423 4699 3624 4756 mensis

2036 4807 2118 4862 sui
2147 4799 2650 4871 ﬁnem.'Nutnquam
2681 4817 2810 4854 vero
2844 4799 2968 4852 luna
3010 4798 3127 4852 dies
3150 4795 3220 4850 50
3243 4795 3324 4848 vel
3347 4792 3626 4854 5|,inslar

2037 4904 2345 4949 nostrorum
2365 4891 2627 4948 mensium
2649 4891 2830 4944 hahct.
2851 4887 3202 4958 ltaquejuxta
3219 4899 3444 4939 numeru
3459 4903 3498 4933 tn
3527 4882 3629 4934 He-

2040 4987 2311 5042 bra'orum
2340 4985 2608 5039 mensium
2650 4981 2906 5038 Solomon
2937 4981 3072 5034 dixit
3108 4979 3338 5033 :Decem
3371 4975 3628 5029 mensium

2041 5081 2220 5144 Spatia
2246 5079 2451 5148 defixus
2488 5078 2541 5132 in
2579 5093 2816 5146 corpore.
2849 5075 3119 5130 Caeterum
3155 5071 3336 5124 lumen
3370 5067 3499 5122 illud
3535 5083 3630 5121 or-

2040 5172 2143 5234 bis,
2195 5168 2435 5224 Joannes
2485 5167 2928 5237 Chrysostomus,
2979 5163 3032 5218 in
3079 5159 3326 5215 oratione
3365 5157 3430 5210 de
3471 5153 3629 5209 Nati-

2042 5261 2209 5317 vitate
2283 5258 2496 5315 Domini
2563 5257 2733 5311 nostri
2802 5253 2928 5309 Jesu
2985 5250 3229 5309 Christi,
3289 5261 3395 5317 qua
3462 5245 3626 5299 etiam

2043 5357 2188 5411 clare
2234 5355 2588 5415 demonstrat,
2642 5348 2860 5419 quando
2916 5344 3119 5400 Natalis
3175 5340 3487 5396 Servatoris
3540 5353 3631 5392 ee-

2045 5446 2333 5503 lehrandns
2391 5444 2501 5508 sit,
2561 5442 2715 5508 cujus
2773 5438 2989 5508 quidem
3054 5431 3318 5488 orationis
3377 5431 3480 5484 hoc
3547 5437 3628 5482 est

2044 5539 2366 5598 exordium:
2424 5555 2442 5586 ι
2496 5533 2629 5600 Quze
2671 5532 2798 5586 olim
2853 5525 3174 5599 patriarcha!
3231 5521 3627 5594 parturiebant,

2045 5632 2416 5708 praedicabant
2465 5636 2637 5694 vates,
2684 5624 2815 5696 justi
2864 5619 3049 5675 videre
3102 5616 3507 5679 desiderabant,
3564 5626 3624 5664 ea
