4096 6406
493 330 595 393 133

1908 329 2342 391 THEORIANI

3667 328 3766 393 ιει

484 457 631 497 nunc
676 452 996 510 evenerunt,
1042 444 1326 513 'hodieque
1359 452 1735 499 consummata
1781 454 1924 499 sunt.
1963 444 2057 498 Sui

2183 459 2298 509 γον,
2334 441 2533 494 δίκαιοι
2575 439 2632 493 δὲ
2677 437 2988 507 ἐπεθύμουν
3025 436 3175 500 ίδεῖν,
3226 435 3402 490 ταῦτα
3436 435 3625 506 ἐξέϐη,
3672 439 3769 493 καὶ

484 531 648 601 hujus
702 533 865 603 igitur
901 533 1169 590 orationis
1219 536 1459 592 medium
1499 535 1921 609 Cbrysostomus
1951 536 2021 589 ait
2055 553 2067 589 :

480 626 616 677 Cum
662 623 928 681 Joannem
986 628 1293 682 Elizabctba
1338 639 1548 684 sextum
1575 630 1690 699 jam
1725 644 1965 684 mensem
2018 629 2070 682 in

484 727 641 771 utero
664 730 898 787 gereret,
933 719 1117 774 Maria:
1147 722 1432 792 conceptio
1484 723 1812 792 principium
1860 722 2067 778 habuit.

484 806 624 864 llinc
681 811 791 879 jam
851 813 1073 882 cognito
1117 816 1495 885 conceptionis
1550 815 1731 871 Mariae
1781 816 2069 887 principio,

486 916 792 973 novemque
861 905 1142 961 mensibus
1201 922 1230 960 a
1296 909 1649 978 conceptione
1700 911 2004 964 numeratis
2054 930 2068 964 ;

482 996 703 1064 quando
760 998 988 1066 peperit,
1039 1000 1296 1055 sciemus.
1346 998 1465 1056 Non
1514 1017 1729 1057 menses
1773 1016 1967 1057 novem
2017 1012 2073 1057 et

484 1084 603 1139 dies
635 1085 874 1155 quinque
906 1088 1056 1157 dicit,
1090 1091 1162 1146 uti
1200 1099 1288 1146 tua
1321 1094 1583 1148 sanctitas
1615 1095 1855 1163 scripsit.

557 1174 717 1231 GEN.
749 1177 859 1233 Nos
890 1182 1194 1237 orationem
1228 1182 1375 1238 illam
1418 1184 1793 1256 Chrysostomi
1830 1203 1935 1242 non
1975 1188 2073 1243 ha-

479 1268 696 1324 bemus.
751 1272 822 1325 At
874 1274 1019 1327 enim
1055 1277 1157 1330 hoc
1197 1278 1485 1332 emendatu
1524 1278 1838 1333 facillimum
1884 1279 2068 1336 fuerit.

481 1359 672 1432 Itaque
731 1366 956 1421 missum
1019 1368 1066 1420 id
1126 1369 1407 1435 faciamus.
1454 1380 1509 1425 et
1558 1372 1837 1441 sequentia
1892 1374 2070 1430 videa-

481 1468 630 1508 mus.

553 1543 793 1602 Ulterius
848 1562 978 1617 ergo
1028 1548 1268 1621 legentes
1318 1552 1629 1621 epistolam,
1690 1554 1756 1608 ad
1804 1565 1960 1625 caput
2008 1558 2072 1612 de

480 1634 639 1693 festis
671 1640 1037 1707 pervenimus,
1084 1642 1137 1696 in
1170 1658 1278 1712 quo
1323 1644 1438 1700 haec
1469 1658 1630 1701 erant
1660 1648 1824 1703 verba
1865 1666 1880 1704 :
1917 1647 2070 1715 Quod

481 1726 794 1785 Nativitatis
815 1741 871 1786 et
895 1730 1156 1803 Baptismi
1182 1735 1376 1791 festum
1403 1752 1510 1793 uno
1530 1738 1833 1809 edoemque
1868 1741 1955 1796 die
1978 1757 2069 1797 ce-

2181 535 2335 597 τέλος
2372 532 2533 587 ἔλαϐε
2569 533 2834 602 σήμερον.
2877 531 3022 601 Πρὸς
3052 530 3111 584 τὸ
3146 530 3310 601 μέσον
3350 529 3444 584 οὖν
3474 531 3571 583 τοῦ
3605 530 3767 598 λόγου

2179 627 2372 681 τούτου
2434 626 2633 699 φησίν·
2674 625 2774 690 Ἓξ
2828 625 3009 695 μῆνας
3066 624 3125 676 ἐν
3154 623 3356 692 γαστρὶ
3401 622 3634 693 ἐχούσης
3676 623 3769 676 τὸν

2192 720 2452 789 Ἰωάννην
2474 722 2572 791 τῆς
2621 719 2926 783 Ἐλισαϐἐτ,
2969 719 3001 789 ἡ
3049 717 3238 785 Μαρία
3272 715 3476 785 ἦρξατο
3522 717 3770 787 συλλαμ-

2180 812 2388 868 ϐάνειν.
2425 808 2562 866 Εἶτα
2611 812 2900 883 μαθόντες,
2938 811 3071 864 πότε
3099 807 3306 879 ἤρξατο
3340 810 3371 878 ἡ
3405 809 3598 879 Μαρία
3642 810 3771 863 συλ-

2179 906 2504 975 λαμϐάνειν,
2538 904 2807 975 εἰσόμεθα
2844 906 2940 958 καὶ
2974 904 3107 955 πότε
3139 902 3346 964 ἔτεκεν,
3386 902 3545 956 ἐννέα
3590 902 3770 972 μῆνας

2179 998 2590 1070 ἀριθμήσαντες
2615 998 2680 1050 ἐκ
2707 998 2809 1060 τῆς
2834 996 3175 1067 συλλήψεως.
3209 996 3348 1065 Οὐχὶ
3376 996 3534 1049 ἐννέα
3565 997 3768 1067 μῆνας,

2181 1092 2276 1145 καὶ
2314 1090 2480 1143 πέντε
2513 1088 2753 1160 ἡμέρας,
2778 1089 2854 1153 ὡς
2882 1090 2916 1160 ή
2952 1088 3236 1158 ἀγιωσύνη
3267 1104 3361 1141 σου
3394 1087 3661 1158 ἔγραψεν.

2264 1183 2325 1236 '0
2357 1184 2522 1239 ΚΛΘ.
2569 1183 2763 1253 Ἡμεῖς
2790 1182 2883 1236 τὸν
2920 1181 3077 1251 λόγον
3105 1181 3297 1235 τοῦτον
3334 1182 3427 1234 τοῦ
3460 1181 3776 1249 Χρυσοστό-

2184 1295 2288 1349 μου
2340 1276 2443 1331 οὐκ
2496 1277 2712 1348 ἔχομεν·
2752 1276 2896 1348 πλὴν
2931 1275 3091 1329 τοῦτο
3137 1277 3339 1345 ῥᾷστον
3382 1273 3771 1345 διορθωθῆναι.

2192 1370 2479 1439 Ἐάσωμεν
2531 1368 2656 1434 οὖν,
2707 1370 2755 1423 εί
2807 1368 2977 1434 δοκεῖ,
3040 1366 3236 1434 τοῦτο,
3298 1366 3397 1420 καὶ
3454 1366 3653 1436 ἴδωμεν
3704 1364 3777 1418 τά.

2178 1460 2329 1528 ἑξῆς-

2264 1551 2760 1622 Ἀναγινώσκοντες
2794 1550 2889 1604 οὖν
2921 1550 2982 1603 τὸ
3010 1549 3140 1619 ἑξῆς
3171 1548 3271 1618 τῆς
3314 1547 3630 1616 ἐπιστολῆς,
3673 1546 3776 1618 ήλ-

2180 1643 2345 1712 θομεν
2375 1646 2454 1707 είς
2486 1646 2548 1698 τδ
2581 1644 2712 1714 περὶ
2762 1643 2966 1713 ἑορτῶν
3016 1642 3344 1712 κεφάλαιον,
3403 1644 3462 1695 ἐν
3503 1635 3548 1709 ᾧ
3576 1641 3733 1710 ἔλεγε
3760 1658 3775 1672 ι

2180 1739 2329 1808 Πλὴν
2353 1737 2442 1792 6ιά
2474 1737 2536 1790 τὸ
2568 1738 2668 1808 τὴν
2700 1737 2967 1807 Γέννησιν
3000 1738 3095 1788 καὶ
3123 1736 3184 1788 τὸ
3220 1736 3521 1803 Βάπτισμα
3553 1734 3779 1804 ἐφάπαξ

479 1818 780 1886 lebramus,
804 1826 855 1878 Id
879 1834 1023 1907 recte
1058 1826 1172 1881 lieri
1198 1827 1383 1883 multis
1417 1830 1745 1887 testimoniis
1786 1834 2061 1891 docemus.

2174 1831 2457 1902 ἑορτάσαι,
2499 1831 2701 1895 πολλάς
2756 1830 2955 1900 ἔχομεν
3017 1830 3357 1901 μαρτυρίας.
3409 1829 3636 1901 Πρῶτον
3676 1828 3779 1897 μὲν

480 1911 723 1970 Primum
752 1931 944 1972 Omnes
969 1918 1223 1975 Ecclesia:
1261 1921 1339 1976 sic
1367 1921 1712 1989 factitabant,
1749 1927 1872 1981 inde
1895 1943 2066 1997 usque

478 2007 549 2062 ab
574 2008 853 2077 apostolis.
888 2011 1072 2066 Altera
1118 2013 1277 2078 ratio,
1322 2018 1466 2085 quod
1511 2018 1839 2089 evangelista
1890 2019 2066 2076 Lucas

476 2096 533 2152 id
588 2109 845 2158 testatur.
895 2104 1106 2175 Quippe
1150 2118 1566 2177 commemorat,
1619 2113 1671 2166 in
1708 2112 1848 2167 festo
1880 2116 2066 2183 propi-

478 2193 745 2259 tiationis,
780 2200 923 2265 quod
953 2206 1037 2253 est
1071 2200 1277 2255 mensis
1312 2200 1561 2259 Tisronis
1609 2204 1695 2259 die
1730 2204 1820 2268 l0,
1859 2206 1958 2259 hoc
1986 2215 2071 2261 est

472 2283 544 2337 27
584 2284 973 2357 Septembris:
1022 2305 1133 2361 quo
1180 2291 1474 2349 Zacharias
1522 2296 1758 2364 pontitex
1808 2299 2067 2367 templum

474 2378 756 2446 ingressus
822 2378 965 2444 fuit,
1028 2390 1085 2438 et
1153 2382 1390 2439 sumtum
1442 2385 1626 2453 -fecit,
1695 2399 1750 2442 et
1820 2389 2066 2456 angelum

476 2471 705 2538 aspexit.

548 2561 631 2615 Ad
682 2564 796 2618 [nec
843 2564 1098 2622 THEOR.
1149 2566 1306 2623 Unde
1359 2580 1594 2635 constat,
1644 2574 1741 2636 ait,
1803 2573 1941 2629 diem
2004 2577 2071 2630 lO

475 2656 684 2710 mensis
713 2653 966 2715 Tisronis
996 2675 1115 2716 esse
1146 2661 1217 2715 27
1249 2661 1630 2734 Septembris?

547 2747 705 2804 GEN.
740 2748 820 2806 Ex
857 2752 1148 2811 Hebraico.

551 2840 812 2898 TllEOR.
864 2845 1096 2911 Quinam
1155 2863 1221 2903 ex
1277 2847 1584 2907 Hebraico?
1638 2854 1802 2923 Atqui
1853 2869 2068 2911 menses

472 2929 827 2990 Hebraeorum
870 2940 1071 2993 nostris
1107 2941 1382 2996 mensibus
1415 2959 1521 2998 non
1552 2946 1920 3015 respondent;
1966 2964 2066 3003 nec

472 3024 712 3095 ipsorum
770 3029 1047 3085 mensibus
1093 3032 1286 3087 nostri.
1329 3033 1485 3099 Quod
1541 3050 1674 3091 sane
1715 3038 2063 3094 manifestum

2178 1926 2352 1978 πᾶσαι
2398 1925 2453 1977 al
2496 1922 2822 1993 Ἑκκλησίαι
2878 1920 3052 1986 οὕτως
3108 1921 3431 1993 ἑώρταζον,
3469 1919 3780 1992 ἀρξάμεναι

2179 2017 2287 2071 ἀπὸ
2315 2016 2426 2071 τῶν
2458 2016 2801 2071 ἀποστόλων.
2830 2015 3096 2086 Δεύτερον
3131 2014 3190 2069 δὲ
3225 2015 3407 2084 λόγον,
3448 2016 3532 2068 ὅτι
3552 2015 3581 2066 ό
3611 2013 3781 2082 εὐαγ-

2179 2108 2438 2178 γελιστὴς
2465 2108 2681 2170 Λουκᾶς
2722 2107 2886 2162 τοῦτο
2923 2108 3222 2178 μαρτυρεῖ.
3255 2108 3541 2176 Διηγεῖται
3574 2104 3686 2175 γὰρ
3717 2106 3779 2156 ἑν

2176 2202 2245 2271 τῇ
2280 2201 2442 2270 ἑορτῇ
2466 2197 2562 2251 τοῦ
2585 2197 2842 2267 ίλασμοῦ,
2883 2197 3011 2268 ἥτις
3041 2197 3161 2250 ἐστὶ
3190 2194 3271 2265 τῷ
3305 2196 3440 2265 μηνὶ
3478 2195 3677 2265 Τισρὺν
3706 2197 3777 2267 τῇ

2179 2293 2410 2363 δεκάτῃ,
2444 2292 2571 2363 ἥτις
2602 2291 2720 2344 ἐστὶ
2760 2289 3141 2361 Σεπτεμϐρίου
3170 2287 3272 2352 κζ’,
3308 2289 3369 2342 ἑν
3465 2287 3716 2356 εἰσῆλθεν
3746 2289 3783 2340 δ

2181 2384 2479 2456 ἀρχιερεὺς
2516 2384 2800 2455 Ζαχαρίας
2832 2384 2890 2436 ἐν
2926 2381 3005 2452 τῷ
3046 2380 3180 2452 ναῷ,
3218 2380 3315 2434 καὶ
3358 2378 3645 2449 ἐθυμίασε,
3681 2378 3782 2433 καὶ

2179 2474 2289 2532 εἶδε
2320 2480 2421 2550 τὴν
2452 2479 2645 2549 ὅρασιν
2669 2477 2763 2530 τοῦ
2800 2477 3059 2545 ἀγγέλου.

2251 2568 2422 2625 Εἶπεν
2472 2575 2500 2625 ὁ
2543 2572 2739 2625 ΘΕΩΡ.
2786 2571 2958 2623 Πόθεν
3001 2570 3184 2641 δῆλον,
3223 2570 3307 2623 ὅτι
3352 2570 3387 2640 ἡ
3430 2567 3637 2639 δεκάτη
3677 2566 3780 2621 τοῦ

2180 2666 2379 2737 Τισρόν
2418 2667 2567 2719 ἐστιν
2601 2665 2633 2733 ἠ
2663 2665 2743 2729 κζ’
2764 2663 2859 2717 τοῦ
2887 2663 3310 2734 Σεμπτεμϐρίου
3347 2663 3558 2736 μηνός;

2271 2760 2329 2815 Ὀ
2351 2758 2513 2815 ΚΑΘ.
2554 2759 2650 2812 Ἐκ
2680 2756 2773 2811 τοῦ
2807 2757 3121 2830 Ἐϐραῖκοῦ.

2267 2852 2328 2906 Ὀ
2357 2852 2555 2907 ΘΕΩΡ.
2587 2852 2709 2914 Πῶς
2743 2852 2810 2905 ἐκ
2828 2848 2924 2903 τοῦ
2955 2847 3282 2921 Ἐϐρατκοῦς
3307 2848 3420 2904 Καὶ
3453 2848 3560 2921 μὴν
3585 2849 3636 2901 οί
3661 2847 3778 2902 τῶν

2189 2944 2462 3015 Ἐϐραίων
2488 2947 2659 3016 μῆνες
2687 2944 2790 2998 οὐκ
2820 2942 3178 2998 ἀκολουθοῦσι
3198 2944 3313 3005 τοῖς
3337 2942 3631 3013 ἡμετέροις
3658 2958 3773 3012 μη-

2185 3038 2291 3101 σὶν,
2329 3035 2454 3090 οὕτε
2489 3035 2597 3105 μὴν
2632 3038 2680 3089 οἱ
2732 3033 2996 3106 ἡμέτεροι
3040 3036 3154 3099 τοῖς
3190 3034 3441 3088 ἐκείνων⁶
3477 3034 3574 3087 καὶ
3609 3034 3773 3104 δῆλον

471 3128 559 3175 est
600 3134 666 3175 ex
717 3120 1006 3179 Paschale.
1056 3123 1287 3192 Pronter
1321 3127 1464 3181 illam
1504 3128 1649 3182 enim
1691 3145 1915 3185 causam
1967 3132 2061 3185 ali-

2174 3131 2239 3183 ἐκ
2273 3128 2368 3184 τοῦ
2396 3129 2611 3200 Πάσχα.
2646 3129 2747 3183 Διά
2778 3127 2890 3200 γάρ
2923 3127 3105 3193 τοῦτο,
3138 3129 3269 3183 ποτὲ
3309 3129 3409 3199 μὲν
3442 3130 3577 3201 μηνὶ
3612 3130 3771 3201 Μαρ-

470 3211 691 3280 quando
746 3212 940 3271 Martio
993 3232 1211 3277 mense.
1268 3218 1561 3289 aliquando
1621 3220 1789 3290 Aprili
1851 3222 2062 3279 Pascha

467 3302 809 3361 celebramus
859 3324 874 3361 :
917 3324 1043 3364 cum
1104 3310 1236 3364 illud
1286 3309 1614 3366 llebraicum
1672 3312 1881 3368 Pascha
1957 3332 2061 3368 non

467 3409 781 3465 sequamur.
807 3398 970 3454 Atilli
1002 3416 1280 3469 nunquam
1313 3418 1342 3456 a
1367 3402 1526 3473 primi
1553 3405 1692 3474 apud
1714 3420 1807 3461 eos
1834 3409 2059 3472 mensis,

464 3488 716 3543 videlicet
757 3488 990 3559 Nisanis,
1035 3492 1123 3547 die
1162 3493 1226 3547 14
1270 3498 1557 3561 recedunt,
1600 3501 2055 3568 quemadmodum

464 3578 556 3634 lex
589 3580 823 3636 Mosaica
868 3586 1139 3653 praecepit.
1188 3586 1305 3654 Quo
1334 3588 1392 3642 lit
1447 3599 1504 3643 ut
1534 3592 1624 3659 qui
1674 3594 1880 3659 primus
1915 3596 2056 3663 apud

464 3684 563 3726 eos
596 3675 801 3730 mensis
833 3685 938 3740 est,
968 3694 1354 3748 nonnunquam
1389 3680 1441 3733 in
1469 3697 1615 3748 eum,
1659 3684 1750 3752 qui
1782 3686 1923 3754 apud
1960 3701 2058 3740 nos

466 3761 698 3819 Martius
729 3767 963 3833 dicitur,
1010 3784 1397 3840 nonnunquam
1446 3774 1499 3827 in
1543 3776 1782 3845 Aprilem
1834 3778 2059 3834 incidat.

464 3852 703 3926 Ideoque
732 3873 945 3914 menses
976 3861 1167 3916 ordine
1198 3863 1380 3917 caeteri
1407 3865 1720 3919 necessario
1754 3881 2058 3935 sequuntur

464 3961 592 4002 eum
624 3950 714 4019 qui
738 3952 879 4020 apud
914 3952 1060 4021 ipsos
1095 3956 1303 4034 primus
1334 3964 1457 4010 est:
1500 3971 1565 4010 ac
1598 3959 1864 4027 scptimus
1899 3961 2015 4029 ipso
2044 3995 2053 4000 -

464 4055 588 4095 rum
640 4044 864 4108 mensis,
918 4061 1025 4114 quo
1075 4044 1273 4100 festum
1329 4047 1734 4117 Propittationis
1783 4052 1924 4119 apud
1960 4069 2055 4109 eos

461 4135 793 4198 celebratur,
839 4152 946 4191 non
1001 4152 1216 4208 semper
1271 4140 1325 4193 in
1382 4139 1757 4209 Septembrem
1806 4154 2050 4197 nostrum

460 4227 689 4293 incidit;
718 4228 814 4283 sed
847 4240 931 4284 est
960 4244 1203 4297 necesse,
1241 4247 1633 4301 nonnunquam
1664 4244 1724 4289 ut
1764 4234 2050 4305 anticipet,

462 4334 855 4388 nonnunquam
907 4321 1132 4375 accedat
1166 4321 1395 4377 tardius.
1427 4323 1708 4379 Undenam
1749 4339 1879 4393 ergo
1927 4342 2051 4380 cer-

461 4420 550 4467 tus
584 4426 667 4477 es,
697 4413 840 4467 diem
866 4413 937 4466 27
970 4412 1304 4484 Septembris
1334 4432 1456 4472 esse
1497 4417 1741 4473 Tisrouis
1770 4418 1878 4473 10?

530 4503 691 4560 GEN.
778 4505 871 4559 Sic
950 4521 980 4559 a
1060 4505 1358 4574 majoribus
1435 4511 1636 4566 nostris
1717 4513 2127 4581 accepimus.D

530 4683 787 4739 THEOH.
823 4686 924 4753 Qui
953 4687 1274 4757 accepistis?
1298 4704 1393 4758 per
1419 4691 1789 4761 scripturam?
1816 4709 1882 4747 an
1908 4696 2043 4749 citra

458 4778 790 4848 scripturam
810 4780 833 4833 ’ί
1428 4804 1431 4807 -

527 4870 689 4927 GEN.
722 4871 872 4928 Citra
912 4873 1260 4944 scripturam.

526 4964 785 5021 THEOR.
820 4965 898 5021 Ex
926 4968 992 5021 iis
1018 4982 1138 5038 quae
1190 4969 1334 5024 dicta
1381 4979 1508 5023 sunt
1560 4971 1626 5026 de
1681 4972 2051 5042 iumqnalitate

457 5065 766 5112 nostrorum
793 5065 847 5111 et
870 5055 1218 5111 Hebraeorum
1248 5060 1541 5124 mensium,
1570 5062 1916 5116 manifestum
1943 5074 2045 5131 est,

456 5163 565 5202 non
602 5157 652 5202 te
685 5147 829 5204 scire
855 5157 1042 5213 certo,
1091 5164 1163 5202 an
1200 5149 1317 5205 dies
1361 5149 1429 5205 lO
1459 5151 1705 5209 Tisronis
1738 5157 1807 5209 sit
1850 5157 1920 5211 27
1951 5156 2049 5212 Sc-

456 5238 740 5312 ptembris.
774 5241 927 5308 Quod
944 5256 1066 5296 cum
1088 5243 1325 5313 ignores,
1355 5260 1456 5301 nec
1483 5244 1712 5303 Joannis
1735 5254 2048 5321 coaccptioo

458 5346 580 5385 nem
622 5333 793 5398 nosti,
830 5333 905 5387 uti
945 5334 1153 5390 scilicet
1200 5335 1319 5404 ejus
1360 5351 1547 5392 mense
1590 5351 1766 5405 sexto,
1806 5343 2047 5411 reperire

455 5419 668 5478 Domini
693 5422 1115 5493 Conceptionem
1149 5429 1343 5495 possis.

530 5614 691 5672 GEN.
724 5618 987 5688 Equidem
1034 5621 1193 5675 aliam
1235 5623 1616 5680 certitndinem
1672 5641 1777 5679 non
1835 5626 2033 5683 habeo.

461 5708 775 5779 Corrigetur
812 5720 988 5767 tamen
1024 5714 1125 5768 hoc
1152 5730 1386 5784 quoque,
1430 5716 1537 5770 Deo
1568 5717 1820 5786 propitio,
1850 5716 1894 5772 si
1921 5734 2040 5787 quae

460 5802 680 5872 majoris
708 5808 969 5877 momenti
994 5817 1139 5873 sunt,
1166 5810 1449 5864 emendata
1486 5809 1707 5865 fuerint.
1746 5809 1882 5866 Nam
1942 5828 2044 5883 ego

2173 3221 2297 3292 τίῳ,
2338 3210 2471 3274 ποτὲ
2506 3220 2564 3276 δὲ
2597 3221 2732 3291 μηνὶ
2770 3219 3066 3291 Ἀπριλλίῳ
3089 3220 3151 3274 τὺ
3182 3219 3376 3290 Πάσχα
3405 3220 3768 3293 ἑορτάζομεν,

2167 3310 2361 3381 ἐπειδὴ
2376 3310 2454 3381 τῷ
2467 3309 2562 3363 Ἐϐ
2570 3309 2746 3382 ραῖκῷ
2762 3309 2864 3363 οὐκ
2880 3308 3286 3381 ἀκολουθοῦμεν
3304 3310 3513 3382 Πάσχα.
3537 3311 3592 3364 Ἐ
3599 3312 3767 3364 κεῖνοι

2165 3404 2224 3459 δὲ
2267 3404 2391 3457 οὖδὲ
2425 3421 2560 3457 ποτε
2595 3402 2690 3457 τοῦ
2747 3403 2881 3472 παρ’
2916 3403 3102 3467 αὐτοῖς
3140 3402 3362 3475 πρώτου
3410 3405 3602 3474 μηνὸς,
3642 3403 3767 3474 ἦτοι

2167 3496 2262 3549 τοῦ
2282 3496 2331 3551 Ν
2339 3495 2482 3562 ισάν,
2508 3496 2607 3565 τῆς
2630 3494 3246 3567 τεσσαρεσκαιδεκάτης
3268 3496 3610 3562 ἐξίστανται,
3634 3496 3765 3549 καθ-

2164 3590 2237 3653 ὼς
2268 3592 2301 3659 ὴ
2343 3589 2437 3643 τοῦ
2479 3587 2723 3652 Μωσέως
2768 3586 3024 3658 νομοθεία
3070 3587 3537 3658 παρακελεύεται.
3592 3588 3760 3640 Ὥστε

2164 3681 2193 3732 ὁ
2246 3680 2382 3750 παρ’
2425 3679 2611 3742 αὐτοῖς
2662 3678 2883 3748 πρῶτος
2927 3678 3055 3749 μὴν,
3097 3679 3229 3733 ποτὲ
3275 3678 3375 3749 μὲν
3420 3680 3480 3731 ἐν
3507 3678 3586 3747 τῷ
3628 3678 3760 3748 παρ’

2162 3775 2300 3844 ἡμῖν
2334 3771 2566 3845 Μαρτίῳ
2595 3772 2878 3844 λεγομένῳ
2908 3771 3063 3843 μηνὶ,
3085 3771 3218 3825 ποτὲ
3241 3772 3299 3826 δὲ
3340 3773 3399 3824 ἐν
3425 3773 3506 3842 τῷ
3541 3772 3760 3843 ’Δπριλο

2165 3864 2266 3935 λίῳ
2319 3865 2613 3934 ἐμπίπτει.
2676 3864 2787 3917 Καὶ
2837 3863 3026 3917 λοιπὸν
3064 3862 3125 3928 ἐξ
3156 3864 3407 3934 ἀνάγκης
3433 3864 3482 3916 οἱ
3520 3863 3757 3936 καθεξῆς

2164 3958 2335 4029 μῆνες
2364 3963 2441 4029 τῷ
2477 3957 2680 4029 πρώτῳ
2712 3957 2897 4012 αὐτῶν
2927 3957 3329 4012 ἀκολουθοῦσι·
3369 3958 3467 4012 καὶ
3494 3962 3524 4012 ό
3561 3956 3608 4025 ζ’
3647 3958 3757 4030 μὴν

2160 4050 2366 4118 αὐτῶν,
2400 4051 2524 4104 καθ’
2564 4050 2623 4104 ὃν
2671 4052 2704 4122 ἡ
2753 4050 2919 4123 ἑορτὴ
2951 4051 3048 4105 τοῦ
3088 4051 3345 4121 Ἱλασμοῦ
3388 4052 3520 4124 παρ’
3571 4053 3756 4116 αὐτοῖς

2155 4143 2418 4207 τελεῖται,
2453 4144 2555 4197 οὐκ
2596 4145 2861 4213 ἐμπίπτει
2907 4146 2997 4199 ἀεὶ
3047 4144 3127 4215 τῷ
3161 4144 3294 4217 παρ’
3340 4147 3472 4217 ἡμῖν
3505 4147 3754 4216 Σεπτεμ-

2159 4236 2318 4307 ϐρίῳ,
2356 4236 2474 4292 ἀλλ’
2507 4237 2724 4309 ἀνάγκη
2762 4238 2895 4292 ποτὲ
2951 4238 3052 4309 μὲν
3084 4238 3503 4310 προλαμϐάνειν
3559 4240 3749 4304 αὐτὸν,

2158 4330 2293 4383 ποτὲ
2333 4328 2391 4382 δὲ
2428 4329 2764 4400 ὑστερίζειν.
2793 4330 2965 4384 Πόθεν
3007 4325 3102 4384 οὖν
3128 4330 3277 4399 ἔχεις
3313 4330 3574 4400 βεϐαίως,
3601 4331 3683 4385 ὅτι
3717 4332 3752 4401 ἠ

2156 4422 2239 4487 κζ’
2269 4422 2649 4493 Σεπτεμϐρίου
2679 4423 2882 4493 δεκάτη
2915 4423 3035 4477 ἐστὶ
3063 4421 3161 4477 τοῦ
3180 4423 3417 4495 Τισρόν;

2235 4515 2297 4567 '0
2346 4514 2508 4574 ΚΑΘ,
2547 4512 2708 4568 Οὕτω
2766 4513 3156 4586 παρελάϐομεν
3233 4515 3391 4588 παρά
3458 4517 3567 4571 τῶν
3642 4518 3751 4588 πρὸ

2154 4608 2187 4679 ἠ
2196 4607 2339 4677 μῶν.

2236 4700 2297 4757 ’0
2326 4702 2526 4757 ΘΕΩΡ.
2564 4701 2690 4768 Πῶς
2724 4702 3108 4775 παρελάϐετε;
3151 4701 3470 4772 ἐγγράφοις,
3512 4703 3545 4774 ἢ
3580 4704 3753 4773 ἀγρά-

2153 4811 2306 4865 φωςς

2234 4888 2296 4942 '0
2334 4888 2497 4943 ΚΑΘ.
2538 4889 2859 4959 ’Δγράφωςκ

2240 4982 2301 5035 '0
2349 4979 2547 5037 ΘΕΩΡ.
2594 4984 2691 5036 Ἐκ
2728 4982 2839 5037 τῶν
2875 4982 3153 5053 ῥηθέντων
3189 4985 3322 5054 περὶ
3356 4983 3457 5053 τῆς
3486 4983 3747 5052 ἀνισότη-

2149 5091 2241 5137 τος
2264 5072 2377 5126 τῶν
2410 5076 2540 5145 παρ’
2561 5076 2719 5145 ἡμῖν,
2742 5076 2839 5130 καὶ
2874 5076 2986 5128 τῶν
3023 5077 3156 5147 παρ’
3199 5076 3483 5148 Ἑϐραίοις
3523 5078 3739 5149 μηνῶν,

2150 5166 2309 5236 δῆλόν
2339 5169 2511 5229 ἐστιν,
2551 5168 2767 5221 ὅτιούκ
2815 5167 2966 5231 οἶδας
2999 5168 3259 5239 βεϐαίως,
3306 5172 3356 5223 εί
3401 5169 3552 5224 ἐστιν
3592 5174 3626 5242 ἠ
3660 5171 3741 5225 δεν

2150 5256 2293 5327 κάτη
2322 5255 2416 5309 τοῦ
2443 5256 2643 5327 Τισρὸν
2671 5257 2756 5320 κζ’
2784 5255 2882 5309 τοῦ
2923 5256 3334 5328 Σεπτεμϐρίου.
3364 5258 3477 5312 Καὶ
3510 5259 3560 5310 εί
3583 5256 3746 5311 τοῦτο

2148 5351 2389 5418 ἀγνοεῖς,
2449 5350 2575 5404 οὐδὲ
2633 5349 2732 5420 τὴν
2788 5349 3057 5421 σύλληψιν
3101 5352 3358 5407 Ἰωάννου
3413 5347 3564 5414 οἶδας
3590 5367 3606 5382 ⁸
3651 5352 3743 5406 ἵνα

2149 5443 2293 5497 κατά
2314 5441 2407 5495 τὸν
2444 5442 2496 5507 ς’
2528 5443 2671 5514 μῆνα
2706 5443 2914 5514 ταύτης
2945 5444 3042 5514 τὴν
3080 5444 3347 5516 σύλληψιν
3374 5445 3617 5517 εὑρήσῃς
3640 5446 3740 5499 τοῦ

2151 5537 2385 5606 Κυρίου.

2233 5629 2295 5683 '0
2324 5629 2486 5684 ΚΛΘ.
2513 5629 2715 5702 Ἄλλην
2734 5632 3039 5701 ἀσφάλειαν
3066 5636 3169 5689 οὐκ
3199 5635 3329 5707 ἑχω.
3350 5636 3499 5707 Πλὴν
3531 5639 3563 5707 ἡ
3587 5637 3737 5707 διόρι

2150 5723 2320 5784 θωσις
2347 5721 2541 5776 τούτου
2579 5726 2893 5795 γενήσεται,
2929 5728 3030 5782 σὺν
3076 5728 3219 5800 Θεῷ,
3251 5729 3369 5798 εἴγε
3408 5730 3735 5802 διορθωθείη

2151 5815 2219 5868 τά
2251 5815 2616 5886 καιριώτερα.
2656 5817 2798 5886 Ἐγὼ
2825 5821 2938 5892 γὰρ
2977 5821 3069 5876 τὸν
3096 5821 3254 5891 λόγον
3283 5822 3377 5878 τοῦ
3415 5823 3563 5878 θείου
3585 5825 3731 5896 Χρυ-
