4096 6404
394 332 504 399 185

1784 327 2242 390 DlSPUTATiO
2278 329 2329 390 Ι.

3579 327 3681 395 186

395 455 694 523 σοστόμου,
740 449 870 517 τὸν,
906 449 1035 504 πότε
1084 450 1167 505 δεῖ
1210 451 1312 522 τὴν
1355 452 1552 526 ἑορτὴν
1593 453 1689 508 τοῦ
1739 451 1981 525 Χριστοῦ

2110 446 2193 499 livi
2225 444 2604 517 Chrysostomi
2670 443 2998 509 oralionem,
3054 458 3160 512 qua
3211 443 3396 509 docet,
3459 448 3678 513 quando

396 546 715 615 Γεννήσεως
745 544 1052 616 ἑορτάζειν,
1084 544 1477 615 διαγορεύοντα
1539 541 1625 615 (οὕ
1663 548 1856 618 μνείαν
1886 548 1986 602 αῦ-

395 640 490 701 τδς
523 638 787 709 ἀνωτέρω
812 638 1173 708 πεποίηκας),
1198 640 1365 710 μέχρι
1384 640 1478 694 τοῦ
1506 639 1604 694 νῦν
1621 643 1720 709 οὐχ
1742 641 1986 712 ἑώρακα.

2092 540 2297 596 Natalis
2327 538 2532 594 Christi
2565 537 2922 595 celebraudus
2971 537 3043 592 sit
3090 539 3267 609 (cujus
3333 539 3448 609 ipse
3514 557 3681 611 supra

2093 633 2423 688 mentionem
2488 630 2716 701 fecisti),
2778 630 3042 686 hactenus
3087 645 3194 685 non
3256 632 3384 688 vidi.
3455 633 3571 688 [tuo
3611 649 3682 692 ne

408 730 554 784 Ἀλλ’
587 731 707 783 οὐδὲ
741 731 975 800 Ιἤκουσα,
998 731 1084 784 ὅτι
1120 731 1240 786 ἔστι
1276 732 1437 801 λόγος
1465 736 1561 789 τοῦ
1591 734 1989 805 Χρυσοστὸμου

2110 725 2309 794 |uidem
2356 722 2561 790 audivi,
2617 723 2851 792 aliquam
2921 720 3298 794 Chrysostomi
3372 724 3676 781 orationem

400 824 530 893 περὶ
565 822 799 876 τούτου*
836 823 1043 893 μᾶλλον
1079 824 1137 878 δὲ
1190 826 1286 879 τοῦ
1327 825 1487 895 ἀγίου
1525 827 1851 895 Ἑπιφανίου
1888 830 1992 895 τῆς

400 913 637 986 Κύπρου
671 915 871 985 ἢκουον
916 912 1057 970 εἶναι
1092 917 1252 988 λόγον
1294 920 1423 990 περὶ
1456 920 1650 974 τούτου
1671 938 1685 952 υ
1719 921 1835 973 ἀλλ’
1867 921 1993 975 οὐδὲ

400 1004 615 1057 ἐκεῖνον
645 1000 807 1075 εἶδον.
852 1005 1094 1074 Λέγουσι
1139 1008 1249 1079 γὰρ
1280 1009 1363 1062 ὅτι
1395 1012 1424 1063 ὁ
1456 1009 1601 1073 θεῖος
1646 1012 1990 1081 Ἐπιφάνιος,

402 1095 489 1149 ὅτε
529 1095 590 1161 ἐξ
630 1096 904 1167 Ἐϐραίων
935 1098 1034 1165 ὢν,
1067 1103 1132 1153 ὲκ
1167 1101 1265 1171 τῆς
1319 1102 1429 1155 τῶν
1467 1102 1738 1174 Ἐϐραίων
1770 1107 1993 1177 γραφῆς

404 1191 500 1242 καὶ
533 1190 806 1261 Ἰωσήπου
840 1193 938 1245 τοῦ
967 1196 1355 1265 χρονσιγράφου
1398 1196 1730 1262 ἐϐεϐαίωσε,
1781 1200 1993 1269 Δεκεμ-

405 1281 545 1352 ϐρίῳ
592 1290 673 1337 κε’
718 1284 820 1357 τὴν
870 1287 1136 1357 Γέννησιν
1164 1288 1526 1360 ἐορτάζεσθαι
1571 1291 1666 1344 τοῦ
1716 1293 1993 1365 Σωτῆρος.

407 1376 593 1449 Τούτῳ
640 1379 777 1447 φασὶ
812 1383 1132 1448 συμφωνεῖν
1162 1382 1258 1435 καὶ
1291 1383 1392 1446 τὰς
1426 1384 1534 1438 ὑπὸ
1562 1384 1659 1439 τοῦ
1694 1386 1858 1439 Τίτου
1887 1387 1996 1442 ἀπὸ

420 1471 783 1542 Ἰερουσαλὴμ
844 1476 927 1537 είς
977 1474 1203 1547 Ῥώμην
1272 1476 1543 1548 ἀχθείσας
1606 1479 1851 1549 γραφὰς,
1903 1482 1994 1535 ὅτε

407 1564 612 1630 ταύτην
644 1565 809 1628 αὐτὸς
856 1565 1316 1637 ᾐχμαλώτευσεν.
1362 1569 1505 1623 Ἀλλ’
1554 1571 1615 1624 οὐ
1655 1571 1822 1634 πολὺς
1872 1574 1998 1643 ἐμοὶ

400 1655 562 1724 λόγος
595 1658 721 1729 περὶ
754 1659 863 1713 τῶν
886 1660 1114 1729 ἑορτῶν,
1148 1663 1242 1715 καὶ
1271 1662 1383 1716 τῶν
1413 1663 1591 1718 ἄλλων
1618 1665 1720 1736 τῆς
1755 1665 1994 1736 Ἐκκλη-

401 1750 529 1814 σίας
591 1750 763 1820 ἡυῶν,
814 1754 865 1806 εἰ
912 1753 1075 1822 μόνον
1123 1754 1256 1828 περὶ
1310 1757 1413 1827 τὴν
1458 1757 1645 1813 πίστιν
1688 1758 1997 1831 ὁμοφρονή-
2028 1809 2073 1865 Β

400 1858 616 1909 σωςιεν.

494 1936 554 1985 ὐ
594 1934 793 1995 ΘίίζΩΡ.
836 1939 902 1991 Τί
932 1939 987 1992 δὲ
1020 1941 1149 2010 περὶ
1194 1943 1295 2011 τῆς
1339 1941 1435 1995 τοῦ
1474 1943 1777 2013 Τρισαγίου
1822 1942 1996 2015 ὕμνου

403 2028 762 2099 προσθήκςηςς
809 2030 1079 2101 Ἐασομεν
1126 2035 1296 2105 αὐτὴν
1337 2036 1764 2106 ἁνεξέλεγκτον;
1809 2037 1997 2108 ἐπειδὴ

403 2124 469 2176 ἐν
526 2126 641 2186 τοῖς
695 2130 1027 2195 πρακτικοῖς
1078 2129 1180 2192 τῆς
1238 2130 1403 2199 ἁγίας
1451 2132 1549 2185 καὶ
1607 2133 2000 2204 οίκουμενικῆς

404 2215 680 2288 τετάρτης
711 2218 939 2271 συνόδου
970 2222 1301 2292 ἐμφέρεται,
1365 2226 1516 2288 ὅπως
1552 2226 1743 2279 τοῦτον
1783 2229 1907 2281 τότε
1947 2229 1999 2281 οἱ

408 2306 665 2377 θεοςρόροι
705 2310 956 2380 Πατέρες
989 2314 1084 2368 τὸν
1114 2313 1283 2383 ὕμνον
1312 2317 1651 2387 ὲξύμνησαν,
1672 2323 1739 2390 τῇ
1772 2322 2001 2374 ἐκείνων

411 2401 713 2474 ὕμνολογίᾳ
745 2404 1116 2473 ἀρκιιὺμενοις
1177 2409 1206 2478 ἦ
1239 2408 1321 2463 δεῖ
1352 2410 1446 2464 καὶ
1483 2414 1614 2482 περὶ
1642 2413 1847 2477 ταύτας
1872 2417 2004 2468 ἀνα-

415 2494 613 2556 σκευὰς
643 2496 843 2562 εἰπεῖν,
879 2499 975 2551 καὶ
998 2498 1193 2564 δεῖξαι,
1219 2503 1301 2554 ὅτι
1342 2504 1374 2572 ή
1419 2504 1514 2556 τοῦ
1552 2508 1805 2572 κναφέως
1834 2525 2005 2577 προσ.

414 2585 556 2659 θήκη
598 2592 665 2660 τῇ
704 2590 1008 2662 Ἐκκλησία
1057 2591 1323 2666 βδελυκτή
1363 2598 1481 2650 ἐστι
1526 2601 1622 2651 καὶ
1656 2600 2001 2670 ἀπόὸλητος;

494 2875 554 2929 '0
594 2877 757 2932 ΚΑΘ.
779 2876 854 2932 Εὖ
895 2879 1201 2949 πεποίηκας
1224 2881 1549 2953 ἀναμνήσας
1576 2886 1725 2956 ἡμᾶς
1753 2887 1883 2958 περὶ
1908 2887 2004 2941 τοῦ

410 2970 753 3041 Τρισαγίου·
803 2970 1084 3040 εὑρίσκεις
1129 2974 1239 3045 γὰρ
1306 2977 1535 3045 χρήσεις
1585 2978 1702 3031 τῶν
1749 2981 2007 3049 μεγάλων

408 3062 755 3117 διδασκάλων
800 3065 900 3135 τῆς
932 3065 1289 3138 Ἐκκλησίας,
1333 3071 1481 3140 μόνῳ
1538 3072 1805 3136 δοκούσας
1837 3091 2010 3145 προσ-

2091 820 2211 889 ejus
2242 819 2550 889 argumenti
2585 827 2835 882 exstare;
2864 817 3045 886 potius
3099 817 3494 885 intellexeram,
3551 835 3676 875 esse

2093 915 2385 985 quamdam
2416 914 2485 968 de
2516 915 2619 969 hoc
2652 912 2951 968 orationem
2984 911 3155 966 sancti
3210 911 3521 982 Epiphauii,
3573 913 3680 986 Cy-

2094 1004 2176 1073 pri
2202 1003 2477 1074 episcopi;
2514 1019 2678 1074 quam
2711 1003 2884 1072 ipsam
2917 1017 3135 1073 quoque
3166 1017 3271 1056 non
3326 1001 3456 1057 vidi.
3516 1005 3681 1057 Aiunt

2092 1096 2263 1164 enim,
2294 1097 2478 1152 divum
2511 1095 2895 1165 Epipltanium,
2935 1095 3026 1164 qui
3076 1104 3217 1151 esset
3268 1093 3528 1150 Hebraeus
3579 1111 3679 1150 ua-

2098 1188 2264 1252 tione,
2294 1190 2362 1243 de
2384 1187 2580 1244 litteris
2608 1186 2982 1252 Hebraeorum,
3010 1196 3063 1240 et
3093 1186 3371 1241 annalium
3411 1188 3680 1256 scriptore

2099 1279 2338 1351 Josepho
2389 1279 2728 1339 amrmasse.
2762 1275 3011 1332 Natalem
3079 1276 3387 1332 Servatoris
3464 1277 3552 1331 die
3606 1276 3679 1330 2’5

2096 1372 2412 1429 Decembris
2448 1370 2857 1427 celebrandum.
2884 1369 3019 1425 Cum
3052 1384 3120 1424 eo
3162 1368 3473 1424 consentire
3496 1369 3684 1423 dicunt

2098 1476 2154 1521 et
2186 1481 2247 1521 ea
2278 1465 2480 1535 scripta
2511 1481 2633 1534 quae
2672 1465 2829 1520 Titus
2881 1461 3275 1534 Hierosolymis
3328 1462 3552 1516 llomam
3588 1461 3683 1515 de-

2098 1560 2421 1631 portaverit,
2454 1575 2581 1615 cum
2627 1575 2747 1615 eam
2779 1558 2991 1621 urbem,
3019 1564 3261 1625 caperet.
3310 1552 3512 1608 Verum
3574 1568 3679 1606 non

2102 1667 2435 1723 magnopere
2462 1653 2733 1707 sollicitus
2774 1652 3025 1722 equidem
3052 1649 3206 1704 fuero
3238 1650 3306 1702 de
3338 1646 3493 1703 festis
3532 1647 3684 1702 aliis-

2099 1760 2205 1813 que
2230 1744 2717 1801 consuetudinibus
2744 1743 3028 1808 Ecclesite,
3054 1742 3215 1796 modo
3273 1739 3561 1796 sententiis
3619 1739 3688 1793 de

2105 1834 2208 1889 ﬁde
2239 1836 2651 1891 convcuiamus.

2174 1925 2434 1984 THEOR.
2457 1926 2596 1994 Quid
2623 1936 2803 1982 autem
2836 1928 2902 1981 de
2926 1925 3069 1981 illius
3090 1926 3302 1998 hymni,
3323 1940 3484 1996 quem
3504 1922 3694 1979 'l‘risa-

2102 2021 2248 2088 gium
2281 2022 2517 2076 dicimus
2540 2019 2728 2091 “quod
2761 2030 2845 2074 ter
2875 2019 2928 2072 in
2963 2034 3029 2074 eo
3057 2017 3244 2074 Sancti
3288 2031 3482 2072 nomen
3536 2029 3695 2081 repe-

2105 2112 2272 2184 tatur)
2313 2112 2644 2182 appcndice?
2675 2112 2816 2167 Num
2859 2111 3004 2166 illam
3037 2111 3463 2167 inexaminatam
3529 2107 3695 2163 relin-

2104 2206 2377 2275 quemus?
2404 2214 2482 2272 ut,
2515 2204 2773 2274 quoniam
2805 2206 2858 2257 itt
2894 2203 3031 2260 actis
3051 2212 3258 2258 sanctae
3287 2218 3353 2257 ac
3401 2200 3688 2256 universa-

2105 2298 2174 2353 lis
2208 2309 2419 2369 quarta:
2451 2298 2643 2370 synodi
2680 2297 2937 2360 traditur,
2976 2311 3083 2367 qua
3119 2296 3289 2351 forma
3322 2295 3375 2349 id
3430 2291 3694 2363 temporis

2105 2406 2230 2448 eum
2257 2394 2343 2450 isti
2376 2392 2541 2447 divini
2585 2391 2778 2446 Patres
2805 2388 3317 2460 pronuntiaverint,
3347 2401 3447 2441 nos
3502 2398 3694 2441 eorum

2107 2485 2161 2538 in
2194 2484 2282 2539 illo
2305 2485 2504 2555 hymno
2533 2481 2937 2553 pronuntiando
2963 2480 3136 2535 forma
3183 2478 3429 2535 contenti
3474 2473 3692 2531 simus?

2108 2593 2176 2632 an
2218 2586 2271 2632 et
2320 2576 2408 2631 hic
2468 2584 2791 2647 argumenta
2843 2573 3166 2643 promenda,
3222 2570 3692 2641 probaudmnque.

2109 2668 2353 2724 Fullonis
2377 2668 2535 2724 istius
2552 2668 2907 2739 appendicem
2938 2665 3007 2722 ab
3025 2662 3270 2720 Ecclesia
3297 2677 3395 2734 pro
3414 2660 3698 2718 abomina-

2110 2762 2201 2819 bili
2232 2771 2288 2818 et
2322 2760 2565 2833 rejiicula
2595 2760 2764 2815 duci?

2180 2878 2341 2933 GEN.
2370 2877 2451 2933 Ttt
2475 2890 2605 2931 vero
2631 2884 2802 2941 recte,
2830 2874 2922 2945 qui
2948 2872 3015 2929 de
3046 2869 3297 2940 Trisagio
3358 2881 3459 2922 nos
3503 2866 3694 2921 admo-

2113 2972 2317 3025 nueris.
2361 2967 2573 3037 Quippe
2608 2979 2931 3037 magnorum
2960 2960 3222 3017 Ecclesiae
3266 2959 3552 3015 doctorum
3601 2969 3698 3008 au-

2114 3064 2398 3119 ctoritates
2428 3060 2801 3121 inveniuntur,
2829 3070 2952 3127 quae
2983 3054 3081 3110 soli
3104 3052 3240 3108 Filio
3264 3053 3526 3123 hymnum
3550 3047 3702 3101 illum

411 3155 614 3209 ἅπτειν
646 3156 726 3224 τῷ
758 3156 876 3226 Υίῷ
907 3158 1000 3209 τὸν
1032 3159 1338 3229 Τρισάγιον
1362 3160 1553 3231 ὕμνον.
1595 3163 1707 3216 Καὶ
1743 3139 2007 3227 πολλάκις

2113 3155 2347 3226 'l‘risagii
2379 3154 2680 3209 attribuere
2702 3150 2979 3206 videntur.
3016 3151 3092 3201 Ac
3139 3159 3283 3215 saepe
3338 3156 3547 3197 mecum
3584 3139 3705 3193 illas

411 3250 624 3314 ταύτας
663 3255 949 3323 σκοπήσας
992 3254 1117 3306 κατ’
1164 3255 1431 3323 ἐμαυτὸν,
1460 3257 1519 3308 ἐν
1555 3257 1843 3330 ἀμηχανίᾳ
1872 3276 2009 3313 κατ⁸

414 3342 588 3411 ἔστην
635 3341 808 3413 πολλῇ
831 3360 847 3374 ·
884 3345 981 3396 καί
1026 3360 1118 3414 μοι
1148 3345 1300 3398 δοκεῖ
1320 3348 1384 3399 ὲκ
1407 3347 1617 3401 τούτων
1651 3349 2013 3419 ὁρμωμένους

412 3433 523 3487 τῶν
551 3437 806 3506 χρήσεων
854 3439 982 3501 τοὺς
1046 3439 1146 3508 τὴν
1183 3438 1510 3511 προσθήκην
1540 3441 1747 3512 ταύτην
1779 3460 2015 3513 πεποιη-

414 3530 582 3593 κότας
614 3531 1019 3601 πεποιηκέναι·
1053 3534 1150 3584 καὶ
1184 3532 1399 3598 διδάξαι
1441 3534 1612 3604 ἡμᾶς,
1639 3517 1767 3587 ὅταν
1792 3537 1892 3590 ἐπὶ
1913 3538 2014 3608 τῆς

414 3621 584 3688 ἁγίας
645 3623 884 3693 Τριάδος
931 3625 1024 3677 τὸν
1071 3624 1216 3677 θεῖον
1245 3625 1447 3696 ᾄῖομεν
1492 3624 1685 3696 ὕμνον,
1735 3629 2013 3699 μηδεμίαν

415 3715 748 3787 προσθήκην
779 3720 962 3771 ποιεῖν
983 3733 997 3747 ’
1030 3719 1162 3774 ὅταν
1190 3718 1247 3772 δὲ
1284 3720 1380 3773 ἐπὶ
1418 3719 1583 3782 μόνου
1622 3721 1861 3792 λέγομεν
1892 3722 2017 3776 τοῦ·

402 3823 511 3861 κτον
539 3808 635 3861 τοῦ
671 3808 1227 3891 Υίοῦηπροστιθέναι
1292 3812 1425 3865 ποτὲ
1464 3812 1564 3883 μὲν
1593 3813 1673 3879 τὺ,
1720 3812 1787 3867 Ὀ
1822 3829 2013 3868 σταυ-

414 3902 631 3969 ρωθείς
673 3902 750 3956 δι’
782 3902 945 3973 ’ἡμᾶς
965 3922 978 3936 ·
1023 3906 1153 3959 ποτὲ
1195 3905 1240 3957 δ’
1285 3904 1352 3959 αὖ
1380 3906 1462 3971 τὸ,
1498 3906 1800 3973 Ἀναστάς
1827 3923 1841 3940 ο
1866 3907 1900 3977 ἣ
1931 3906 2016 3972 τὸ,

438 3995 847 4066 ’Λναληξοθείς
870 4015 884 4029 ο
916 3997 1055 4068 πρὸς
1084 3998 1180 4050 τὸν
1204 3999 1395 4069 καιρὸν
1429 3998 1526 4051 τοῦ
1573 3998 1877 4071 μυστηρίου
1913 3998 2018 4071 ἀρ’

422 4091 623 4161 μοδίως
669 4064 762 4144 καὶ
806 4091 909 4157 τὴν
956 4064 1672 4164 προσθήκην-ποιούμενοι·
1701 4064 1784 4157 c3,
1833 4064 2015 4157 Θεόξο

418 4185 521 4238 καὶ
552 4184 632 4248 τὸ,
680 4186 983 4255 ’1σχι-ρόςο
1036 4186 1132 4239 καὶ
1163 4182 1245 4250 τὸ,
1294 4185 1657 4250 Ἀθάνατοςο
1707 4185 1800 4237 ἐπὶ
1849 4184 2018 4254 μόνου

417 4277 520 4331 τοῦ
562 4277 633 4330 δι’
692 4279 841 4351 ἡμᾶς
886 4278 1321 4349 σταυρωθέντος,
1361 4279 1460 4331 καὶ
1520 4277 1878 4342 ἀναστάντος,
1925 4277 2023 4331 καὶ

418 4370 835 4440 ἀναληφθέντος
890 4369 1135 4440 Χριστοῦ
1187 4371 1283 4425 τοῦ
1331 4369 1471 4424 Θεοῦ
1521 4369 1680 4441 ἡμῶν
1734 4368 2022 4440 ἐκλαμϐά-

418 4481 633 4527 νοντες.

2115 3252 2368 3321 equidem
2401 3248 2783 3313 considerans,
2815 3243 3107 3299 admodum
3136 3240 3333 3296 anxius
3389 3236 3523 3291 haesi
3559 3251 3573 3288 :
3603 3232 3704 3288 ad-

2110 3357 2289 3412 eoque
2312 3342 2573 3404 arbitror,
2601 3336 2718 3406 ejus
2750 3333 3065 3406 appendicis
3099 3339 3377 3396 auctores,
3423 3327 3528 3383 illis
3576 3339 3703 3395 pcr-

2115 3442 2294 3488 motos
2324 3427 2760 3491 auctoritatibus,
2779 3440 2901 3481 eam
2925 3424 3124 3480 fecisse
3152 3439 3168 3488 ;
3193 3434 3400 3491 nosque
3424 3419 3701 3480 docuisse,

2117 3525 2332 3595 quoties
2362 3522 2430 3577 de
2462 3530 2649 3576 sancta
2679 3518 2952 3574 Trinitate
2976 3516 3218 3573 divinum
3251 3512 3400 3567 illum
3442 3511 3704 3581 hymnum

2118 3617 2386 3679 canimus,
2424 3612 2629 3669 nullam
2670 3610 2979 3666 faciundam
3004 3605 3357 3678 appendicem
3394 3619 3410 3657 :
3456 3610 3514 3657 at
3565 3613 3706 3668 quo-

2118 3708 2222 3764 ties
2253 3722 2375 3762 eum
2405 3705 2473 3760 de
2519 3703 2656 3760 Filio
2714 3701 2982 3757 duntaxat
3041 3696 3483 3769 pronuntiamus,
3536 3693 3709 3746 inter-

2119 3804 2247 3858 dum
2279 3800 2496 3870 quidem
2538 3797 2843 3853 addendum
2883 3808 2898 3848 :
2934 3792 3040 3860 Qui
3065 3790 3356 3859 crucifixus
3390 3804 3442 3842 es
3492 3796 3709 3857 propter

2119 3910 2244 3960 nos;
2267 3892 2537 3949 interdum
2564 3904 2693 3945 vero
2723 3906 2738 3943 :
2774 3886 2879 3954 Qui
2906 3885 3249 3940 resuscitatus
3277 3897 3366 3947 es;
3394 3880 3477 3934 vel
3521 3878 3651 3932 illud
3686 3892 3702 3931 :

2120 3983 2226 4051 Qui
2254 3992 2556 4051 assumptus
2587 3997 2640 4035 es
2664 3994 2898 4041 sursum,
2945 3975 3206 4031 nimirum
3250 3979 3307 4027 ut
3332 3986 3432 4041 pro
3466 3979 3711 4038 tempore

2121 4077 2388 4150 mysterii,
2412 4084 2534 4146 apta
2570 4086 2789 4143 quoque
2816 4070 3137 4141 subjiciatur
3164 4065 3437 4137 appendix
3467 4082 3481 4117 :
3546 4075 3599 4119 et
3647 4062 3708 4117 ilo

2119 4169 2229 4223 lam
2280 4181 2472 4222 vocem
2530 4163 2693 4227 Deus,
2757 4171 2813 4217 et
2856 4161 3085 4215 alteram
3127 4155 3333 4215 Fortis.
3373 4164 3429 4209 et
3466 4153 3709 4218 tertiam,

2121 4257 2455 4313 Immortalis
2504 4255 2572 4309 de
2630 4254 2747 4311 solo
2794 4262 3017 4322 propter
3069 4264 3169 4305 nos
3216 4247 3501 4311 crucillso,
3568 4261 3711 4314 eque

2124 4350 2355 4407 mortuis
2408 4348 2690 4412 suscitato,
2758 4354 2813 4403 et
2864 4358 3081 4400 sursum
3133 4349 3414 4410 assumpto
3483 4339 3702 4395 Christo

2128 4443 2237 4499 Deo
2256 4446 2445 4497 ucstro
2476 4438 2865 4509 intelligamus.

504 4577 570 4631 Ὀ
600 4576 798 4632 ΘΕΩΡ.
827 4577 1053 4644 Λοιπὸν,
1080 4578 1210 4632 ὅταν
1246 4577 1514 4649 μετὰςτῆς
1545 4578 1870 4650 προσθήκης
1898 4579 2007 4634 τοῦ·

2195 4554 2456 4612 THEOR.
2494 4554 2690 4610 Restat
2727 4567 2879 4626 ergo,
2930 4559 2990 4608 ut
3030 4566 3152 4607 cum
3177 4550 3544 4622 pronuntiatis
3562 4550 3708 4605 hunc

421 4687 517 4724 τον
547 4670 749 4742 λέγητε
779 4671 874 4726 τὸν
901 4671 1093 4743 ὕμνον,
1135 4672 1423 4744 τρισὰγιον
1469 4670 1691 4727 καλεῖτε
1724 4674 1821 4728 τὸν
1862 4674 2016 4730 Υίόν.

512 4880 577 4933 ’0
607 4880 767 4934 ΚΑΘ.
803 4881 934 4935 Ναί.
960 4879 1073 4934 Καὶ
1105 4879 1216 4951 γὰρ
1244 4880 1306 4934 οὐ
1341 4880 1504 4950 μόνον
1547 4881 1856 4949 τρισάγιον,
1888 4879 2025 4933 ἀλλὰ

424 4971 524 5024 καὶ
560 4972 854 5043 μυριάγιον
882 4971 980 5025 ὲάν
1001 4970 1263 5043 καλῶμεν
1293 4971 1483 5035 αὐτὸν,
1516 4970 1702 5035 καλῶς
1731 4970 2018 5039 ποιοῦμεν·

424 5061 613 5125 καθὼς
641 5064 669 5115 ὁ
700 5063 878 5133 μέγας
911 5061 1241 5125 Ἀθανάσιος
1291 5063 1350 5115 ὲν
1380 5061 1459 5132 τῷ
1503 5061 1633 5133 περὶ
1685 5059 2022 5129 σαρκώσεως

425 5155 523 5209 καὶ
557 5154 791 5225 Τριάδος
814 5153 962 5225 λόγῳ
990 5152 1157 5224 φησίν
1181 5170 1196 5185 ο
1223 5154 1297 5207 Οὐ
1322 5154 1442 5223 τρὶς
1490 5152 1651 5223 μόνον
1684 5150 1868 5220 ἆγιος,
1901 5150 2021 5206 ἀλλ’

426 5248 700 5320 ἀορίστως
726 5246 824 5300 καὶ
854 5247 1155 5318 ἀπειράκις
1184 5244 1365 5315 ἅγιος,
1398 5247 1494 5299 καὶ
1522 5243 1848 5317 ὑπεράγιος.

513 5452 576 5507 '0
609 5452 805 5509 ΘΕΩΡ.
850 5450 958 5506 Τὸν
982 5450 1040 5505 δὲ
1065 5450 1313 5521 Πατέρα,
1340 5449 1375 5520 ἢ
1408 5448 1470 5502 τὸ
1499 5447 1806 5519 Ιινεῦμα⁶τὸ
1846 5446 2027 5515 ἅγιον,

431 5546 494 5603 οὕ
526 5546 717 5616 λέγετε
741 5544 1067 5618 τρισαγίους
1085 5561 1103 5612 ;

514 5637 575 5693 '0
602 5638 766 5694 ΚΑΘ.
791 5634 891 5692 OG.

507 5731 582 5785 Ὀ
605 5728 804 5784 ΘΕΩΡ.
849 5727 961 5783 Καὶ
990 5726 1155 5780 πόθεν
1184 5728 1220 5797 ἡ
1244 5722 1635 5794 ἀποκλήρωσις
1670 5720 1764 5774 τοῦ
1800 5720 1878 5792 τῷ
1913 5720 2030 5789 Υίῷ

435 5824 601 5898 μόνον
639 5821 1061 5895 προσαρμόζειν
1108 5817 1201 5873 τὸν
1246 5816 1394 5871 θεῖον
1443 5814 1635 5869 τοῦτον
1669 5811 1863 5884 ὕμνον,
1892 5812 1926 5885 ἦ
1956 5814 2021 5884 τῇ

2124 4651 2387 4723 hymnum
2424 4663 2546 4704 cum
2602 4646 2922 4717 appendice,
2956 4642 3153 4700 Filium
3204 4654 3287 4698 ter
3327 4652 3576 4699 sanctum
3618 4657 3717 4712 ap-

2124 4743 2358 4812 polletis.

2200 4855 2359 4913 GEN.
2384 4854 2640 4911 Proiecto
2659 4871 2675 4922 ;
2697 4868 2821 4909 nam
2842 4862 2989 4910 recte
3006 4850 3259 4919 facimus,
3281 4866 3402 4908 eum
3425 4866 3531 4907 non
3556 4848 3718 4905 modo

2132 4963 2213 5006 ter
2254 4961 2550 5014 sanctum,
2600 4948 2695 5004 sed
2747 4946 2944 5003 millies
3000 4954 3251 5002 sanctum
3305 4944 3642 5016 appellantes
3698 4959 3715 4998 :

2134 5043 2591 5115 quemadmodum
2634 5056 2860 5112 magnus
2885 5040 2977 5095 ille
3005 5036 3339 5095 Athanasius
3378 5037 3429 5090 in
3472 5034 3720 5090 oratione

2136 5139 2204 5194 de
2242 5138 2426 5193 carnis
2473 5136 2845 5205 assumptione
2866 5133 3238 5202 Triuitateque
3275 5129 3512 5199 loquitur
3544 5144 3559 5182 :
3598 5126 3719 5182 Non

2132 5241 2216 5285 ter
2249 5232 2409 5287 modo
2432 5239 2677 5296 sanctus,
2722 5227 2997 5297 inquiens,
3056 5226 3152 5281 sed
3208 5221 3419 5278 inﬁnite
3472 5227 3719 5284 sanctus,

2130 5331 2185 5378 et
2208 5337 2422 5377 omnem
2459 5336 2624 5391 supra
2657 5320 3008 5374 sanctitatem
3041 5316 3275 5386 positus.

2208 5435 2469 5493 TllEOB.
2506 5435 2721 5490 Patrem
2751 5447 2905 5497 vero,
2935 5442 3258 5487 sanctumve
3300 5427 3585 5497 Spiritum,
3639 5432 3721 5481 ter

2135 5539 2356 5586 sanctos
2387 5544 2492 5583 non
2515 5524 2729 5583 dicitis?

2208 5619 2581 5769 ξῗιέὸὲῗηίέι
2641 5710 2782 5766 unde
2831 5707 3069 5778 proiecta
3103 5714 3187 5762 est
3234 5706 3347 5759 hanc
3389 5700 3718 5762 distributio.

2141 5819 2200 5865 ut
2252 5806 2333 5862 vel
2396 5805 2495 5862 soli
2548 5804 2685 5859 Filio
2743 5805 2976 5874 hymnus
3033 5801 3121 5858 hic
3158 5798 3449 5862 tribuatur,
3488 5793 3572 5849 vel
3618 5791 3716 5848 toti
