4096 6426
479 360 582 423 137

1892 341 2329 405 THEORIANI

3645 336 3749 403 188

478 474 737 531 Trinitati
770 489 782 524 :
813 484 917 525 non
948 478 1125 524 autem
1167 465 1252 523 vel
1279 462 1430 521 Patri
1472 464 1601 534 soli,
1635 463 1719 520 vel
1746 462 1846 519 soli
1884 462 2091 533 Spiri-.

2195 459 2260 529 λῃ
2285 456 2520 528 Τριάδι·
2558 454 2638 528 τῷ
2677 454 2858 528 Πατρὶ
2891 453 2949 510 δὲ
2979 454 3148 526 μόνῳ,
3195 454 3229 527 ἦ
3279 454 3358 527 τῷ
3406 455 3549 528 ἁγίῳ
3580 456 3753 513 Ilvati-

477 569 559 620 tui
601 564 827 620 sancto?

553 657 712 713 GEN.
740 657 834 712 Sic
860 670 890 709 a
931 654 1135 710 sanctis
1164 638 1479 707 hominibus
1508 650 1681 706 edocti
1709 662 1918 704 ειιπιιιε.
1953 647 2065 702 Nec

480 748 638 816 longe
665 744 1012 801 abiverimus.
1047 742 1271 810 Magnus
1308 741 1399 796 ille
1422 739 1754 794 Athanasius
1809 739 1862 793 in
1934 752 2060 792 ora-

480 841 630 893 tione
683 839 748 892 de
796 837 979 891 carnis
1028 834 1408 903 assumptione
1459 849 1524 887 ac
1583 830 1874 894 Trinitate,
1912 831 2067 899 cujus

483 947 647 999 supra
673 931 875 984 mentio
906 928 1051 984 facta
1082 937 1186 992 est,
1237 928 1547 998 huiusmodi
1592 924 1801 996 profert
1835 942 1850 978 :
1917 923 2068 977 Vidi-

484 1041 604 1078 mus
638 1040 792 1085 eum,
831 1040 922 1077 nec
954 1024 1197 1090 speciem,
1254 1038 1345 1076 nec
1410 1021 1860 1090 pulchritudinem
1906 1016 2067 1071 Imbe-

485 1118 579 1168 bat
616 1100 679 1168 ιθ.
722 1114 853 1170 Nam
882 1125 1040 1168 antea
1064 1115 1275 1168 viderat
1302 1129 1423 1169 eum
1472 1114 1523 1167 in
1580 1112 1760 1166 divina
1806 1111 2072 1181 gloriosa-

487 1220 599 1274 que
621 1205 821 1269 forma,
846 1207 1126 1260 sedentem
1151 1204 1204 1259 in
1239 1205 1348 1259 alto
1388 1203 1719 1272 sublimique
1752 1202 1923 1265 solio;
1948 1214 2070 1253 cum

489 1297 782 1368 Seraphim
806 1298 1151 1366 maiestatem
1182 1297 1300 1367 ejus
1321 1295 1502 1349 verbis
1528 1295 1680 1349 hisce
1716 1292 2072 1346 concelebra-

493 1392 656 1445 bant:
690 1389 942 1454 Sanctus,
967 1399 1437 1454 sanctus,sanctus
1461 1387 1720 1441 Dominus
1755 1386 1988 1441 Sabaoth
2008 1384 2073 1439 η.

493 1482 688 1539 Postea
714 1499 844 1539 vero
874 1482 1017 1537 videt
1048 1496 1170 1537 eum
1198 1491 1476 1551 assumpta
1529 1482 1669 1535 servi
1743 1480 1938 1544 forma,
2002 1478 2077 1532 si-

498 1574 685 1628 milem
716 1574 1029 1629 hominibus
1055 1574 1277 1629 facttun.
1344 1573 1581 1628 Videsne
1633 1573 1878 1627 divinum
1936 1573 2079 1626 hunc

498 1665 671 1719 virum
707 1666 807 1719 soli
846 1665 983 1720 Filio
1018 1667 1188 1720 videri
1226 1676 1309 1720 ter
1342 1673 1594 1721 sanctqu
1617 1667 1780 1719 istum
1813 1664 2076 1736 hymnum

2169 568 2303 622 ματι
2341 551 2488 622 μόνῳ
2510 548 2572 603 οὖ
2593 566 2610 617 ;

2251 643 2310 697 Ὀ
2337 642 2499 697 ΚΛΘ.
2526 642 2622 696 Ἐκ
2648 643 2760 698 τῶν
2788 644 2960 714 ἁγίων
2994 645 3356 718 ἐδιδάχθημεν
3380 647 3559 702 τοῦτο.
3580 647 3752 714 Εὐθὺς

2165 739 2194 791 6
2225 739 2397 807 μέγας
2439 737 2762 801 Ἀθανάσιος
2790 739 2849 793 ἐν
2883 738 2963 810 τῷ
3002 740 3115 794 ἄνω
3146 741 3580 813 μνημονευθέντι
3610 746 3746 814 περὶ

2166 834 2266 900 τῆς
2312 832 2649 903 σαρκώσεως
2696 834 2790 886 καὶ
2828 833 3065 904 Τριάδος
3110 834 3293 904 λόγῳ,
3332 833 3511 887 τοιάδε
3549 833 3751 905 φησίν·

2168 926 2432 995 Εῖδομεν
2464 925 2678 990 αὐτὸν,
2715 925 2815 979 καὶ
2855 928 2969 981 οὐκ
3016 921 3183 996 εἶχεν
3209 924 3371 992 εἶδος
3391 969 3405 989 ,
3438 927 3577 981 οὔτε
3605 925 3755 981 κάλ-

2170 1015 2442 1086 λος.Ἧν
2475 1018 2587 1088 γὰρ
2637 1018 2802 1071 αὐτὸν
2853 1017 2961 1087 πρὸ
3003 1018 3200 1072 τούτου
3247 1018 3537 1089 θεωρήσας
3586 1020 3643 1070 ἔν
3691 1021 3757 1088 τῇ

2173 1111 2328 1182 θεῖκῇ
2367 1111 2464 1163 καὶ
2516 1106 2715 1180 ἐνδόξῳ
2764 1112 2985 1179 μορφῇ,
3049 1108 3364 1180 καθήμενον
3417 1109 3512 1162 ἐπὶ
3565 1109 3760 1179 θρόνου

2175 1202 2383 1272 ὑψηλοῦ
2414 1202 2511 1255 καὶ
2538 1203 2884 1272 ἐπηρμένου,
2913 1201 3001 1253 ὅτε
3026 1201 3096 1254 τὰ
3126 1201 3384 1271 Σεραφῖμ
3414 1200 3762 1268 ἐδοξολόγουν

2172 1294 2361 1356 αὐτὸν,
2391 1294 2620 1362 λέγοντα
2643 1309 2657 1325 °
2690 1292 2921 1363 Ἀγιος,
2955 1291 3146 1361 ἅγιος,
3172 1292 3342 1362 ἅγιος
3392 1282 3609 1362 Κύριος
3650 1297 3764 1347 Σα-

2178 1386 2357 1441 ϐαὼθ.
2394 1386 2503 1438 Kal.
2539 1384 2680 1455 μετά
2728 1383 2906 1437 ταῦτα
2955 1385 3061 1456 ὁρᾷ
3100 1384 3265 1437 αὐτὸν
3317 1384 3534 1454 μορφὴν
3575 1383 3765 1437 δούλου

2180 1476 2440 1540 λαὸόντα,
2484 1476 2586 1547 καὶ
2627 1477 2687 1528 ὲν
2722 1474 3033 1546 ὁμοιώματι
3082 1475 3390 1546 ἀνθρώπιον
3446 1475 3763 1545 γενόμενον.

2190 1570 2356 1640 Ὀρᾷς
2404 1569 2521 1633 πῶς
2572 1570 2723 1641 μόνῳ
2767 1568 2847 1642 τῷ
2908 1569 3023 1640 Υἱῷ
3072 1568 3223 1623 δοκεὶ⁸
3271 1570 3612 1639 προσάπτειν
3674 1570 3769 1623 τὸν

2181 1662 2469 1733 τρισάγιον
2499 1661 2671 1732 ὓμνων
2696 1664 2724 1717 6
2750 1662 2895 1726 θεῖος
2919 1656 3076 1726 οὗτος
3105 1663 3284 1732 ἀνήρ;
3316 1663 3468 1726 Ὅτε,
3513 1664 3670 1734 φησὶ,
3702 1664 3771 1717 τὰ

499 1756 841 1810 attribuere?
881 1772 1032 1821 cum,
1057 1757 1254 1825 inquit.
1282 1754 1571 1827 Seraphim
1600 1757 1940 1825 maiestatem
1962 1756 2080 1825 ejus

2195 1756 2443 1827 Σεραφὶμ
2518 1755 2872 1823 ὲδοξολόγουν
2951 1755 3156 1820 αὐτὸν,
3213 1754 3445 1823 λέγοντα
3480 1771 3494 1785 ’
3540 1756 3771 1821 Ἄγιος,

507 1846 688 1900 verbis
728 1847 879 1902 hisce
933 1847 1395 1902 concelebrabant
1444 1865 1460 1903 :
1521 1846 1777 1910 Sanctus,
1839 1856 2078 1911 sanctus,

497 1952 714 1993 sanctus
754 1940 1012 1994 Dominus
1033 1939 1286 1996 Sabaoth.
1325 1939 1520 1995 Postea
1585 1955 1715 1994 vero
1763 1938 1913 1993 videt
1956 1952 2080 1993 eum

500 2042 779 2101 assumpta
805 2033 946 2088 servi
978 2032 1177 2097 forma,
1210 2032 1443 2087 similem
1482 2033 1800 2088 hominibus
1850 2033 2078 2087 factum.

495 2124 643 2189 Quin
684 2136 741 2179 et
770 2133 994 2180 sanctus
1023 2123 1359 2196 Epiphanius
1387 2125 1437 2180 in
1464 2126 1715 2181 oratione
1767 2125 1837 2180 de
1892 2133 2082 2180 sancta

499 2211 752 2285 Deipara,
788 2216 988 2271 similia
1040 2217 1476 2286 dicens:Beata,
1533 2220 1731 2288 inquit,
1776 2219 1918 2273 inter
1970 2232 2088 2270 mu-

500 2303 687 2374 lieres,
719 2324 841 2378 quae
874 2308 1195 2365 Sermonem
1229 2325 1297 2365 ex
1322 2320 1374 2366 te
1401 2312 1740 2364 incarnatum
1790 2307 2084 2379 peperisti;

502 2396 823 2453 Sermonem
851 2399 1020 2460 illum,
1044 2401 1138 2470 qui
1180 2399 1359 2455 Patris
1395 2410 1481 2455 est
1512 2399 2086 2465 Filius;Sermoncm,

502 2490 705 2558 quiest
723 2492 861 2547 Deus
873 2492 1089 2547 saeculis
1113 2494 1295 2563 prior;
1317 2494 1661 2558 Sermonem,
1684 2493 1773 2561 qui
1790 2507 1984 2561 expers
2008 2500 2092 2546 est

507 2581 787 2650 principii,
822 2592 877 2637 et
910 2591 1185 2649 aeternus;
1222 2583 1570 2651 Sermonem,
1607 2586 1699 2653 qui
1728 2584 1974 2652 ejusdem
2003 2593 2091 2638 est

504 2675 830 2729 substantia:
851 2690 972 2730 cum
1007 2676 1356 2745 inseparabili
1391 2676 1694 2743 Trinitale;
1743 2677 2089 2740 Sermonem,

509 2763 602 2833 qui
633 2780 754 2819 cum
788 2765 953 2821 Patre
985 2782 1046 2822 ac
1078 2767 1283 2837 Spiritu
1312 2778 1503 2823 sancto
1545 2770 1841 2831 adoratur;
1872 2767 2092 2821 Sermo-

511 2875 664 2924 nem,
689 2861 779 2930 qui
811 2877 1037 2918 consors
1069 2873 1154 2919 est
1188 2864 1307 2919 salii
1352 2866 1596 2932 paterni;
1623 2865 1966 2925 Sermonem,
2002 2862 2090 2932 qui

511 2951 780 3007 Cherubis
823 2951 1056 3021 insidet;
1114 2954 1454 3020 Sermonem,
1512 2972 1672 3024 quem
1715 2954 1819 3008 illa:
1874 2954 2093 3022 quadri-

510 3040 717 3097 fornnzs
752 3042 938 3098 bestia:
979 3043 1157 3099 verbis
1192 3045 1340 3100 hisce
1373 3046 1799 3101 conCelebraut:
1839 3043 2092 3111 Sanctus,

2187 1849 2379 1918 ἅγιος,
2413 1847 2584 1917 ἅγιος
2621 1848 2837 1915 Κύριος
2861 1844 3125 1901 Σαϐαὼθ.
3169 1846 3280 1900 Καὶ
3310 1845 3451 1916 μετὰ
3474 1845 3651 1901 ταῦτα
3676 1847 3777 1917 ὁρᾷ

2186 1940 2351 1994 αὐτὸν
2407 1938 2625 2010 μορφὴν
2667 1938 2857 1992 δούλου
2901 1938 3171 2005 λαϐόντα,
3214 1938 3311 1992 καὶ
3362 1940 3421 1991 ὲν
3463 1938 3775 2010 ὁμοιώματι

2186 2031 2493 2104 ἀνθρώπων
2524 2033 2833 2101 γενόμενον.
2876 2031 3038 2085 Ἀλλὰ
3068 2030 3132 2091 δὴ
3161 2033 3256 2086 καὶ
3293 2031 3321 2084 6
3353 2032 3509 2101 ἆγιος
3541 2031 3775 2103 Ἐπιφά-

2186 2143 2301 2189 νιος
2340 2126 2397 2179 ἐν
2426 2124 2504 2195 τῷ
2543 2125 2627 2188 είς
2658 2124 2758 2195 τὴν
2791 2124 2956 2193 ἁγίαν
3006 2123 3273 2178 Θεοτόκον
3319 2122 3464 2194 λόγῳ
3505 2125 3575 2178 τὰ
3612 2125 3779 2195 ὅμοια

2189 2220 2437 2287 φάσκων,
2459 2219 2645 2288 φησὶν,
2713 2218 2776 2271 Ἠ
2803 2216 3053 2288 μακαρία
3070 2218 3129 2269 ὲν
3151 2216 3423 2284 γυναιξὶν,
3440 2219 3474 2287 ἠ
3491 2218 3582 2272 τὸν
3605 2218 3781 2287 Λόγον

2188 2310 2254 2362 ὲκ
2284 2308 2379 2362 σοῦ
2416 2308 2771 2377 σαρκωθὲντα
2800 2306 3056 2368 τεκοῦσα,
3090 2308 3264 2377 Λόγον
3303 2307 3398 2362 τὸν
3429 2307 3526 2362 τοῦ
3563 2307 3782 2379 Πατρδς

2192 2401 2347 2465 Υἱὸν,
2380 2400 2554 2469 Λόγον
2585 2401 2676 2453 τὸν
2695 2399 3024 2471 προαιώνιον
3039 2398 3195 2465 Θεὸν,
3232 2399 3408 2468 Λόγον
3433 2400 3527 2453 τὸν
3546 2399 3784 2471 ἄναρχον

2193 2491 2287 2545 καὶ
2344 2491 2538 2551 ἀΐδιον,
2594 2491 2767 2558 Λόγον
2824 2490 2917 2544 τὸν
2976 2490 3268 2560 όμοούσιον
3317 2490 3417 2559 τῆς
3465 2490 3779 2562 ἀχωρίστου

2199 2582 2456 2654 Τριὰδος,
2484 2583 2659 2651 Λόγον
2685 2582 2779 2634 τὸν
2821 2581 2920 2635 σὺν
2956 2581 3133 2651 Πατρὶ
3181 2580 3275 2635 καὶ
3319 2579 3461 2650 ἁγίῳ
3502 2581 3785 2652 Πνεῦματι

2199 2674 2682 2744 προσκυνούμενον
2703 2714 2718 2739 ,
2746 2674 2923 2741 Λόγον
2968 2672 3060 2726 τὸν
3085 2672 3377 2744 σύνθρονον
3406 2671 3502 2727 τοῦ
3547 2674 3785 2745 Πατρὸς,

2197 2768 2370 2835 Λόγον
2411 2768 2503 2820 τὸν
2534 2768 2627 2818 ἐπὶ
2662 2766 2951 2836 Χερουϐὶμ
3001 2765 3335 2836 καθήμενον,
3376 2764 3550 2834 Λόγον
3606 2764 3671 2818 δν
3717 2767 3786 2819 τὰ

2195 2860 2556 2931 τετράμορφα
2608 2859 2723 2923 ζῶα
2794 2856 3183 2926 δοξολογοῦσι,
3242 2858 3509 2927 λέγονται
3563 2858 3786 2927 Ἄγιος,

2198 2954 2384 3025 ἅγιος,
2422 2952 2589 3023 ἅγιος
2616 2953 2833 3019 Κύριος
2853 2949 3118 3016 Σαϐαὼθ,
3180 2950 3422 3019 πλήρης
3460 2953 3494 3005 ό
3526 2951 3787 3019 οὐρανὸς

2200 3048 2298 3102 καὶ
2327 3048 2364 3115 ἡ
2398 3045 2472 3115 γὴ
2496 3044 2605 3113 τῆς
2628 3045 2816 3113 δόξης
2842 3043 3058 3099 αὐτοῦ.
3103 3044 3293 3116 Ὁρᾷς.
3320 3045 3470 3108 ὅπως
3505 3044 3599 3097 καὶ
3628 3037 3788 3106 οὗτος

512 3147 748 3202 sanctus,
777 3153 992 3192 sanctus
1032 3137 1281 3192 Dominus
1317 3138 1572 3201 Sabaoth,
1607 3138 1824 3208 plenum
1874 3149 1950 3192 est
1995 3154 2091 3191 coa-

2199 3139 2349 3192 δοκεῖ
2390 3137 2533 3206 μόνῳ
2570 3135 2644 3206 τῷ
2671 3134 2788 3206 Υἱῷ
2819 3134 2912 3189 τὸν
2944 3134 3232 3206 τρισάγιον
3259 3134 3431 3205 ὕμνον
3462 3135 3789 3206 προσαρμό·

513 3226 621 3281 lum
673 3238 722 3282 et
752 3240 894 3283 terra
921 3231 1201 3296 majestate
1240 3233 1429 3300 ipsius.
1455 3231 1650 3287 Videu’
1678 3240 1734 3283 ut
1772 3242 1825 3286 et
1866 3231 1952 3285 ille
1992 3230 2093 3284 soli

513 3318 656 3375 Filio
689 3331 769 3375 ter
804 3334 1050 3378 sanctum
1087 3325 1345 3395 hymnum
1376 3325 1678 3379 attribuere
1707 3324 1992 3379 videatur?
2023 3326 2096 3393 ait

514 3414 659 3468 enim
697 3416 906 3483 :Quem
946 3419 1049 3473 illm
1073 3420 1473 3487 quadriformes
1504 3401 1689 3475 bestiae
1737 3420 1915 3475 verbis
1947 3419 2099 3474 hisce

519 3507 938 3563 concelebrant:
973 3509 1222 3575 Sanctus,
1241 3519 1477 3574 sanctas,
1498 3520 1853 3575 sanctus,etc.
1876 3509 2017 3577 Quin
2047 3518 2099 3563 ct

518 3596 676 3651 divus
699 3597 813 3667 ipse
842 3598 1289 3670 Chrysostomus,
1330 3600 1382 3653 in
1428 3599 1674 3655 oratione
1698 3602 1762 3655 de
1794 3587 2098 3663 benedicta,

520 3689 677 3757 cujus
714 3690 926 3744 initium
962 3708 977 3745 :
1014 3692 1086 3746 De
1123 3691 1404 3746 miraculis
1432 3693 1486 3745 in
1557 3690 1817 3746 miracula
1850 3709 1865 3748 :
1920 3690 2103 3746 verbis

519 3782 611 3837 his
663 3784 853 3839 eadem
904 3784 1032 3838 dicit
1088 3801 1102 3837 :
1144 3781 1315 3838 Hodie
1360 3799 1452 3839 rex
1502 3784 1801 3855 maiestatis
1851 3784 1903 3838 iu
1956 3793 2102 3839 terra

522 3872 606 3928 sic
628 3873 1066 3938 concelebratur,
1100 3875 1178 3928 uti
1221 3882 1373 3929 vates
1422 3876 1747 3947 descripsit:
1797 3886 1852 3931 et
1884 3874 2104 3930 'lzetitite

521 3965 763 4021 caelestis
807 3967 1102 4038 participes
1149 3968 1455 4041 terrigenas
1511 3968 1686 4025 facit:
1752 3979 1808 4025 ut
1853 3969 2107 4035 ostendat

522 4059 808 4113 amborum
862 4071 923 4113 se
976 4059 1309 4126 Dominum,
1392 4060 1484 4131 qui
1530 4060 1807 4131 utrimque
1863 4074 2102 4117 consona

521 4166 656 4205 voce
690 4151 1120 4208 concelebretur.
1155 4151 1453 4224 Propterea
1495 4154 1682 4225 superi
1757 4155 1977 4224 quidem
2029 4155 2105 4209 illi

518 4247 753 4305 sabtem
796 4247 953 4302 istam
983 4247 1035 4301 in
1070 4248 1232 4304 terris
1265 4247 1572 4305 indicantes
1606 4249 1918 4305 canebant:
1963 4246 2107 4304 San-

517 4347 658 4401 ctus,
712 4348 947 4400 sanctus,
1006 4348 1221 4391 sanctus
1270 4337 1529 4392 Dominus
1558 4336 1816 4404 Sabaoth,
1856 4338 2009 4406 plena
2029 4347 2107 4393 est

2200 3231 2351 3294 ζεινς
2381 3228 2589 3296 λέγων’
2629 3229 2727 3282 Ὃν
2758 3225 2829 3279 τὰ
2862 3226 3224 3298 τετράμορφα
3252 3226 3370 3293 ζῶα
3412 3225 3782 3295 δοξολογοῦσι,

2198 3323 2446 3390 λέγοντα,
2482 3321 2701 3391 Ἄγιος,
2740 3319 2930 3389 ἅγιος,
2977 3319 3181 3390 ἅγιοςο
3220 3319 3410 3376 καὶτὰ
3446 3319 3596 3391 ἑξῆς.
3627 3320 3790 3375 Ἀλλὰ

2200 3420 2296 3471 καλ⁵
2320 3419 2348 3469 ὁ
2376 3416 2520 3478 θεῖος
2554 3414 2949 3487 Χρυσόστομος
2994 3416 3077 3478 είς
3116 3414 3210 3469 τὸν
3237 3414 3633 3487 εὐλογημένον,
3658 3411 3724 3470 οὗ
3759 3417 3792 3487 ή

2200 3510 2379 3578 ἀρχήο
2424 3509 2520 3562 Ἐκ
2560 3507 2861 3576 θαυμάτων
2889 3508 2969 3569 εἰς
2994 3506 3253 3577 θαύματα
3275 3523 3290 3538 ·
3340 3506 3409 3560 τὰ
3436 3507 3579 3562 αὐτά
3618 3525 3789 3581 φησι·

2200 3600 2479 3668 Σήμερον,
2503 3598 2705 3667 λέγων,
2735 3598 2764 3651 6
2801 3597 3059 3668 βασιλεὺς
3089 3598 3189 3669 τῆς
3221 3597 3381 3669 δόξης
3407 3599 3502 3653 ἐπὶ
3525 3599 3630 3669 γῆς
3658 3617 3796 3672 προσ

2204 3691 2458 3759 φητικῶς
2499 3689 2808 3755 δοξάζεται,
2854 3689 2949 3744 καὶ
2995 3691 3292 3755 κοινωνοὺς
3320 3691 3420 3762 τῆς
3459 3693 3794 3763 ἐπουρανίου

2206 3781 2443 3852 εὐωχίας
2485 3783 2613 3845 τοὺς
2661 3783 2918 3853 γηγενεῖς
2949 3782 3351 3847 ἀναδείκνυσιν,
3383 3784 3471 3838 ἵνα
3501 3783 3676 3857 δείξῃ,
3715 3786 3797 3840 ὅτι

2206 3872 2371 3935 αὐτός
2435 3873 2554 3925 ἐστι
2612 3873 2818 3944 Κύριος
2887 3873 3255 3944 ἀμφοτέρων,
3319 3870 3396 3938 ὦς
3447 3874 3797 3945 ἑκατέρωθεν

2209 3964 2520 4036 συμφώνως
2544 3966 2981 4038 ἀνυμνούμενος.
3022 3966 3123 4020 Διὰ
3141 3965 3307 4020 τοῦτο
3339 3968 3389 4020 oi
3426 3967 3524 4037 μὲν
3551 3968 3664 4024 ἄνω
3699 3969 3798 4041 τὴν

2202 4060 2302 4111 επὶ
2328 4058 2433 4129 γῆς
2476 4058 2752 4125 σωτηρίαν
2789 4057 3250 4129 καταμηνύοντες⁸
3284 4058 3537 4129 ἔψαλλον,
3577 4060 3796 4131 Ἄγιος,

2209 4151 2401 4221 ἅγιος,
2428 4150 2601 4219 ἅγιος
2627 4151 2848 4219 Κύριος
2879 4153 3147 4217 Σαϐαὼθ,
3184 4152 3424 4222 πλήρης
3447 4151 3620 4208 πᾶσα
3649 4155 3693 4223 ή
3722 4153 3797 4224 γῆ

2207 4244 2321 4314 τῆς
2345 4243 2532 4313 δόξης
2572 4244 2784 4299 αὐτοῦ.
2836 4246 2898 4299 Oi
2928 4244 2986 4298 δὲ
3032 4244 3187 4299 κάτω
3223 4248 3289 4316 τῇ
3341 4244 3655 4318 ἐπουρανίῳ
3710 4247 3798 4300 εὐ-

2210 4337 2456 4409 φροσύνῃ
2493 4336 3097 4408 συμπανηγυρίζοντες,
3134 4335 3391 4407 ἔκραζον*
3433 4338 3702 4395 Ὡσαννὰ
3719 4336 3797 4403 τῷ

523 4427 768 4480 universa
829 4437 974 4481 terra
1028 4428 1306 4498 majestate
1332 4429 1496 4497 ipsius
1538 4442 1558 4482 :
1600 4428 1761 4483 inferi
1801 4444 1949 4493 vero,
1979 4445 2091 4486 cum

2208 4425 2320 4493 υίῷ
2352 4424 2553 4481 Δαϐίδ.
2593 4426 2780 4498 Ὁρᾷς,
2833 4426 2918 4481 ὅτι
2965 4426 3060 4480 καὶ
3089 4428 3140 4480 oi
3174 4427 3322 4497 τρεῖς
3363 4420 3511 4482 οὗτοι
3567 4428 3797 4499 μεγάλοι

522 4513 712 4569 lmtitia
748 4516 1410 4581 cmlestiﬁelebratiouem
1472 4534 1626 4574 suam
1684 4519 2091 4592 coniungentes,

2212 4518 2310 4586 τῆς
2365 4515 2699 4588 Ἐκκλησίας
2748 4517 3038 4589 φωστῆρες
3086 4517 3166 4590 τῷ
3214 4516 3331 4589 Υἱῷ
3379 4518 3527 4589 μόνω
3578 4519 3802 4574 δοκοῦσι

525 4607 833 4660 clamabant
866 4625 881 4662 :
912 4608 1167 4663 Hosanaa
1202 4609 1315 4677 ﬁlio
1350 4608 1590 4666 Davidis.
1626 4612 1789 4667 Vides
1849 4613 1964 4668 lucc
2002 4615 2103 4668 tria

525 4713 719 4769 magna
774 4700 1032 4754 Ecclesiae
1055 4700 1257 4757 lumina
1295 4701 1466 4756 videri
1504 4701 1641 4757 Filio
1688 4702 1791 4759 soli
1862 4712 1946 4758 ter
1979 4719 2105 4760 san—

527 4800 671 4844 ctmu
698 4791 850 4846 illum
882 4795 1141 4863 hymnum
1176 4795 1513 4850 attribuere?

599 4882 861 4937 'l‘llEOR.
897 4883 1041 4939 Bene
1066 4886 1266 4939 dictum
1296 4886 1394 4941 abs
1430 4896 1503 4947 te,
1539 4886 1732 4942 videri.
1788 4886 1903 4942 Non
1956 4889 2102 4945 enim

527 4979 857 5045 attribuunt,
888 4979 983 5033 sed
1014 4979 1315 5033 attribuere
1362 4980 1640 5034 videntur.
1685 4980 1953 5037 Videntur
2006 4999 2106 5037 au-

525 5082 661 5132 tem.
695 5074 789 5126 sed
835 5070 1059 5141 quibus,
1097 5071 1367 5126 obsecro?
1416 5070 1520 5137 Qui
1557 5084 1842 5142 penetrare
1870 5072 1936 5129 ad
1991 5091 2110 5145 pro.

526 5162 855 5218 {nuditatem
888 5163 1176 5218 sententiae
1227 5178 1549 5233 magnorum
1611 5165 1840 5222 istorum
1891 5168 2109 5223 divino-

526 5268 760 5325 rumque
800 5253 1082 5309 hominum
1131 5266 1426 5324 nequeunt.
1461 5254 1596 5309 Cum
1627 5252 1916 5326 Seraphin:
1946 5260 2114 5329 maje-

531 5355 726 5400 statem
781 5346 899 5416 eius
953 5347 1432 5413 concelebrabant,
1509 5348 1687 5417 inquit
1741 5350 1978 5406 eximius
2023 5352 2113 5410 ille

528 5435 861 5493 Athanasius
903 5456 917 5493 :
948 5440 1042 5494 sed
1101 5452 1209 5494 non
1257 5439 1373 5493 ait:
1409 5439 1596 5494 Solum
1630 5440 2113 5507 concelebrabant,

533 5526 734 5593 absque
765 5527 925 5582 Patre
962 5544 1028 5584 ac
1080 5527 1286 5600 Spiritu
1333 5523 1555 5586 sancto:
1596 5530 1806 5602 Quippe
1844 5532 1889 5587 si
1946 5542 2113 5588 totam

535 5613 857 5671 Trinitatem
883 5620 1357 5686 concelebrabant,
1395 5624 1706 5679 necessario
1727 5622 1938 5680 scilicet
1972 5637 2108 5681 con-

610 5792 653 5826 "
685 5792 791 5848 lsa.
824 5809 944 5860 Lm,
984 5795 1040 5850 2.
1119 5798 1161 5829 ¹⁸
1193 5797 1298 5854 lsa.
1338 5815 1415 5863 νι,
1449 5802 1502 5856 3.

2215 4607 2561 4681 προσάπτειν
2588 4607 2682 4663 τὸν
2708 4608 3000 4680 τρισάγιον
3027 4607 3199 4681 ὕμνον
3222 4625 3237 4676 ;

2303 4884 2362 4937 Ὀ
2398 4881 2594 4937 ΘΕΩΡ.
2625 4881 2837 4954 Ὀρθῶς
2869 4881 3119 4955 εἴρηκας,
3152 4884 3235 4938 ὅτι
3264 4883 3546 4939 δοκοῦσινο
3587 4884 3650 4939 οὐ
3689 4884 3799 4954 γὰρ

2215 4975 2648 5044 προσάπτουσιν,
2701 4976 2838 5029 ἀλλὰ
2896 4976 3119 5030 δοκοῦσι
3154 4976 3517 5048 προσάπτειν.
3568 4977 3801 5032 Δοκοῢσι

2213 5068 2294 5133 δὲ,
2321 5068 2471 5133 τίσις
2509 5070 2633 5133 Τοῖς
2678 5069 2753 5141 μὴ
2789 5072 2870 5133 είς
2902 5071 2966 5125 τὺ
2995 5070 3160 5141 βάθος
3213 5072 3453 5126 εἰσδῦναι
3482 5073 3803 5143 δυναμένοις

2217 5160 2314 5214 τοῦ
2365 5162 2484 5225 νοδς
2510 5162 2623 5215 τῶν
2685 5162 2942 5233 μεγάλων
2969 5163 3177 5217 τούτων
3220 5166 3316 5219 xui.
3362 5164 3525 5218 θείων
3565 5164 3798 5235 ἀνδρῶν.

2219 5256 2350 5309 Ὅτε
2381 5256 2449 5311 τὰ
2481 5257 2738 5330 Σεραφὶμ
2771 5259 3128 5328 ἐδοξολόγουν
3162 5261 3352 5325 αὐτὸν,
3384 5261 3551 5333 φησὶν
3570 5261 3599 5313 6
3626 5259 3801 5330 μέγας

2227 5350 2584 5414 ’Λθανάσιος·
2641 5350 2757 5404 ἀλλ’
2818 5353 2920 5407 οὐκ
2980 5349 3100 5406 εἶπε
3152 5370 3169 5387 ο
3212 5353 3395 5408 Μόνον
3459 5352 3802 5421 ὲδοξολόγουν

2216 5442 2383 5515 χωρὶς
2441 5441 2536 5495 τοῦ
2582 5443 2819 5514 Πατρδς,
2857 5448 2952 5498 καὶ
3008 5444 3103 5501 τοῦ
3156 5446 3316 5515 ἁγίου
3362 5446 3700 5516 Πνεύματος.
3735 5444 3798 5497 El

2217 5536 2327 5604 γὰρ
2372 5535 2470 5604 τὴν
2499 5535 2630 5606 ὃλην
2660 5536 3005 5604 ἐδοξολόγουν
3045 5539 3275 5610 Τριάδα,
3311 5539 3372 5605 ἐξ
3412 5539 3661 5609 ἀνάγκης
3709 5537 3803 5605 δη-

2217 5627 2395 5681 λονότι
2422 5627 2520 5683 καὶ
2544 5627 2638 5682 τὸν
2663 5627 2792 5683 Υἱδν
2823 5629 3196 5699 ὲδοξολόγουν.
3227 5629 3428 5695 Καλῶς
3467 5624 3563 5684 οὖν
3589 5624 3745 5684 εἶπεν
3774 5626 3802 5678 6
