4096 6428
419 341 526 409 13⁸]
1786 351 2036 413 ΠΙΞΡΠἿ

2079 354 2253 418 ATIO
2294 361 2344 423 Ι.
3593 367 3696 437 ιθο

420 459 633 528 Πατὴρ.
661 458 792 511 Ὅτε
833 457 901 513 τὰ
948 459 1204 532 Σεραφὶμ
1240 458 1587 529 ἑδοξολόγουν
1631 460 1819 517 αὐτόν,
1850 458 2010 514 Οὕτω

2081 509 2083 518 ,
2116 468 2465 526 celebrabant
2497 484 2549 527 et
2572 473 2792 531 Filium.
2816 478 3155 549 Quapropter
3184 489 3330 545 recte
3359 480 3494 539 dixit
3528 482 3698 538 Atha-

416 554 636 622 νοήσεις
693 552 792 605 καὶ
848 551 940 605 τὸν
973 553 1130 620 ἅγιον
1173 553 1520 622 Ἐπιφάνιον,
1569 557 1666 607 καὶ
1718 553 1811 607 τὸν
1864 553 2010 608 θεῖον

2112 562 2295 615 uasius
2330 562 2502 618 :Cmn
2531 566 2820 636 Seraphim
2853 585 2975 623 eum
3012 572 3484 628 concelebrabant.
3510 573 3601 629 Sic
3641 581 3696 627 et

416 643 835 713 Χρυσόστομον,
867 642 965 697 καὶ
1008 643 1207 708 ἄλλους
1235 644 1346 698 τῶν
1384 645 1562 713 ἁγίων
1583 685 1597 707 ,
1629 647 1788 709 ὅσους
1817 645 1885 701 ἂν
1929 644 2013 699 εὕ-

2110 662 2362 709 sauctnm
2392 656 2790 727 Ephiphanium
2817 672 2872 715 et
2933 662 3117 716 divum
3163 663 3313 717 illum
3370 663 3696 736 Chrysosto-

420 752 528 809 ρῃς
562 734 794 789 τοιαῦτα
827 736 1163 805 γράφοντας.
1194 736 1372 806 Σαφὲς
1403 737 1451 790 δ’
1482 736 1550 790 ἂν
1595 738 1708 809 εῐη,
1758 737 1786 791 ὃ
1834 737 2009 805 λέγει,

2112 762 2278 810 mttm,
2352 761 2407 804 et
2460 762 2689 808 caeteros
2760 764 2978 811 sanctos
3032 756 3304 822 homines,
3342 734 3697 827 quoscunque

419 831 518 883 aut
544 830 639 883 ἐπὶ
662 829 1100 901 παραδείγματι,
1136 829 1328 884 τοῦτον
1356 831 1450 885 τὸν
1480 833 1715 902 τρόπον’
1733 831 1877 901 Γυνή
1901 848 2009 895 τις,

2115 841 2241 896 talia
2279 844 2586 901 scribentes
2621 848 2916 917 repereris,
2950 849 3239 918 intelliges.
3278 848 3466 905 Fuerit
3514 860 3692 905 autem

421 922 486 976 οὕ
528 922 639 976 τῶν
690 924 757 975 ὲκ
815 923 1013 993 γένους
1070 923 1465 994 καταγομένων
1516 922 1824 995 βασιλικοῦ,
1891 922 2013 977 ἀλλ’

2112 949 2203 990 res
2227 945 2331 989 tota
2371 938 2657 1007 perspicua
2690 953 2788 1008 per
2819 941 3150 1008 exemplum,
3181 941 3285 995 hoc
3324 941 3522 996 modo:
3574 939 3692 996 Mu-

420 1015 542 1068 οὕδὲ
572 1014 682 1067 τῶν
705 1016 844 1083 ἄγαν
877 1016 1185 1086 ἐπιφανῶν.
1232 1016 1360 1087 ἔσχε
1405 1014 1690 1088 θυγατέρα
1741 1015 2015 1087 ὡραιοτά-

2112 1025 2214 1081 licr
2243 1030 2510 1097 quadam,
2540 1044 2645 1085 non
2675 1031 2824 1099 regio
2851 1041 3110 1099 prognata
3143 1044 3363 1102 genere,
3433 1030 3543 1085 imo
3594 1042 3695 1084 nec

420 1124 544 1178 την,
578 1107 786 1171 κάλλει,
823 1109 920 1162 καὶ
950 1108 1303 1180 σωφροσύνη,
1356 1109 1455 1163 καὶ
1496 1109 1763 1180 φρονήσει
1826 1108 2012 1173 πάσας

2112 1119 2307 1175 illustri
2362 1121 2579 1190 quidem
2639 1121 2952 1184 admodum,
3022 1122 3187 1175 tiliam
3246 1121 3693 1175 venustissimam

424 1200 526 1265 τὰς
586 1201 709 1254 κατ’
765 1203 948 1255 έκεῖνο
1008 1200 1204 1271 καιροῦ
1263 1203 1532 1268 γυναῖκας
1599 1198 2009 1272 ὕπερνικῶσαν.

2115 1210 2338 1275 habuit,
2371 1212 2568 1277 forma,
2598 1212 2883 1283 pudicitia,
2930 1214 3213 1284 prudentia
3269 1213 3526 1268 mulieres
3579 1212 3696 1279 ejus

421 1295 643 1367 Ταύτην
680 1295 937 1367 βασιλεὺς
975 1294 1100 1349 ἰδὼν
1152 1295 1334 1358 πάσας
1374 1293 1609 1366 ἔχουσαν
1637 1292 1738 1356 τὰς
1761 1292 1872 1347 τῶν
1907 1309 2010 1361 γυ-

2116 1306 2375 1373 temporis
2405 1305 2687 1361 universas
2716 1314 3089 1375 superantem.
3129 1305 3260 1359 Eam
3292 1304 3480 1358 videns
3518 1303 3695 1372 impe-

423 1390 630 1445 ναικῶν
690 1389 901 1461 ἀρετὰς
951 1388 1286 1459 ἁκιϐδήλους
1341 1386 1439 1441 καὶ
1486 1385 1761 1456 καθαρὰς,
1818 1383 2012 1439 ἔλασεν

2113 1406 2265 1452 rator
2290 1397 2544 1453 omnibus
2598 1397 2881 1467 praeditam
2937 1394 3561 1461 femineis-virtutibus,
3629 1406 3693 1447 ac

422 1484 595 1553 αὐτὴν
622 1482 803 1553 ἑαυτῷ
832 1484 912 1545 είς
937 1484 1195 1552 γυναῖκα,
1242 1479 1340 1534 καὶ
1379 1480 1569 1547 στέφει
1612 1478 1902 1548 βασιλικῷ,
1935 1477 2012 1540 ὡς

2114 1490 2346 1546 sinceris
2413 1490 2673 1560 quidem,
2762 1491 3095 1561 minimeque
3155 1489 3387 1554 fucatis,
3464 1500 3691 1542 uxorem

420 1576 598 1639 εἰκὸς.
632 1575 975 1630 ἐταινίωσεν.
1024 1574 1368 1637 Ἐνιστάντος
1398 1572 1456 1626 δὲ
1489 1571 1583 1626 τοῦ
1624 1569 1845 1643 καιροῦ,
1887 1569 2011 1623 καθ’

2113 1584 2216 1639 sibi
2267 1584 2496 1652 accepit,
2526 1591 2581 1636 et
2611 1582 2986 1654 imperatoria,
3016 1596 3118 1653 pro
3148 1595 3321 1648 more,
3350 1593 3551 1633 corona
3610 1592 3697 1631 re-

418 1670 482 1724 ὃν
512 1672 660 1725 πᾶσα
682 1672 716 1742 ἡ
745 1671 902 1735 πόλις
923 1671 1017 1724 τὸν
1048 1671 1401 1743 εὐφημισμὸν
1427 1668 1749 1740 ἀναπέμπει
1773 1669 1884 1727 τοῖς
1909 1667 2009 1739 βα-

2112 1675 2344 1731 dimivit.
2396 1674 2702 1746 Appetente
2760 1690 2890 1730 vero
2941 1684 3183 1744 tempore
3228 1687 3336 1743 quo
3374 1671 3504 1725 urbs
3564 1669 3692 1723 uni-

421 1764 689 1827 σιλεῦσιν,
718 1761 839 1820 εἶπέ
874 1783 960 1830 τις
1002 1770 1071 1837 τῇ
1108 1767 1280 1837 μητρὶ
1303 1766 1403 1835 τῆς
1424 1762 1787 1833 βασιλίσσης,
1833 1760 2007 1827 Ἐλυὲ,

2113 1784 2269 1824 versa
2313 1768 2505 1823 faustis
2537 1769 2761 1823 vocibus
2801 1767 3060 1839 Augustis
3106 1766 3412 1822 acclamare
3465 1776 3699 1818 consue-

419 1859 513 1913 ἴνα
549 1858 793 1933 ἀκούσῃς
833 1829 950 1913 ὕπο
972 1829 1627 1929 πάσης-εὕφημουμένην
1656 1829 1760 1924 της
1800 1854 2009 1915 tte-imo;

2076 1834 2213 1929 tvit,
2256 1861 2477 1931 quidam
2515 1859 2673 1914 matri
2704 1829 3004 1930 Augusia,
3043 1856 3204 1924 Veni,
3250 1857 3351 1922 ait,
3421 1866 3483 1911 ut
3531 1853 3693 1908 titiam

416 1951 523 2025 τὴν
552 1952 851 2024 θυγατέρα.

2118 1965 2265 2009 tuam
2295 1955 2363 2010 ab
2398 1953 2533 2010 urbe
2566 1962 2675 2009 tota
2716 1953 2915 2009 faustis
2972 1951 3153 2024 excipi
3210 1947 3695 2006 acclamationibus

2109 2051 2322 2106 audias.

503 2130 564 2185 Ὀ
593 2131 757 2186 ΚΑΘ.
795 2132 1081 2205 Ἀρπάσας
1110 2131 1203 2187 τὸν
1239 2133 1423 2203 λόγον,
1454 2126 1610 2188 εἶπεν
1638 2150 1653 2164 ⁶
1690 2133 1926 2201 Ἔγνων,
1986 2131 2015 2185 ὃ

2185 2142 2322 2199 Tum
2348 2140 2509 2198 GEN.
2544 2141 2854 2209 interrupto
2888 2137 3182 2195 Theoriani
3238 2148 3491 2191 sermone
3525 2150 3541 2189 :
3606 2129 3697 2186 ln-

419 2220 588 2295 βοῦλῃ
647 2224 845 2279 εἰπεῖν.
904 2222 1060 2278 Ἐπεὶ
1088 2223 1117 2277 ό
1145 2222 1500 2295 εὕφημισμὸς
1552 2224 1734 2286 κοινός
1774 2225 1893 2277 ἐστι
1916 2222 2012 2277 τοῦ

2117 2229 2322 2301 telligo,
2346 2230 2543 2296 inquit,
2568 2229 2695 2299 quid
2730 2229 2916 2284 dicere
2943 2227 3103 2282 velis.
3135 2224 3362 2291 Quando
3409 2220 3547 2277 illaec
3602 2234 3700 2275 ac-

419 2316 693 2386 βασιλέως
719 2315 819 2370 καὶ
871 2317 973 2387 τῆς
1023 2316 1371 2388 βασιλίσσης,
1429 2316 1612 2381 καλῶς
1667 2316 1894 2371 δύναταί
1929 2334 2014 2380 τις

2115 2322 2370 2377 clamatio
2411 2320 2615 2388 fausta,
2649 2320 2957 2376 communis
2987 2329 3072 2375 est
3117 2320 3365 2387 Augusto
3422 2330 3546 2370 cum
3581 2313 3697 2368 Au-

416 2408 717 2467 είπεῖν,ὃτι
745 2408 840 2462 τὸν
880 2408 1103 2479 Πατέρα
1149 2409 1550 2478 δοξολογοῦσιν,
1612 2410 1662 2463 οἳ
1713 2410 1805 2464 τὸν
1861 2411 2010 2479 Υίδν,

2114 2423 2270 2485 gusta
2294 2454 2312 2481 ,
2340 2422 2488 2469 recte
2522 2413 2643 2481 quis
2677 2411 2859 2467 dicere
2898 2421 3099 2481 potest,
3157 2409 3303 2479 quod
3334 2408 3428 2478 qui
3475 2406 3697 2471 Filium,

416 2496 517 2551 καὶ
547 2498 608 2551 τὸ
640 2497 866 2568 Πνεῦμα
886 2497 950 2551 τὸ
974 2497 1155 2566 ἆγιον.
1178 2496 1368 2551 Ταῦτα
1396 2496 1506 2569 γὰρ
1537 2497 1714 2551 πάντα
1741 2497 1838 2551 καὶ
1868 2496 2009 2568 ἅμα,

2114 2504 2331 2561 Patrem
2358 2520 2575 2575 quoque
2604 2503 2996 2559 concelebrent
3048 2516 3104 2557 et
3135 2501 3396 2573 Spiritum
3424 2509 3695 2555 sanctum.

419 2589 518 2642 καὶ
564 2587 733 2658 χωρὶς
790 2586 1189 2658 ὲκφωνοὺμενα
1247 2585 1527 2655 ἀληθεύει,
1577 2588 1709 2642 ἄνευ
1774 2589 1874 2661 τῆς
1914 2585 2013 2643 τοῦ

2115 2596 2243 2651 Hmc
2272 2596 2417 2651 enim
2451 2596 2630 2650 omnia
2668 2604 2779 2650 tam
2826 2593 2989 2660 simul
3032 2610 3195 2664 quam
3247 2592 3476 2649 seorsim
3528 2606 3702 2646 enun-

423 2681 589 2750 μόνου
623 2680 955 2752 προσθήκης
984 2680 1281 2750 λεγόμενα.

2116 2692 2275 2756 tiata,
2298 2705 2429 2746 vera
2455 2698 2583 2745 sunt
2626 2706 2641 2744 :
2674 2687 2835 2743 modo
2865 2687 3036 2744 solius
3075 2702 3180 2742 vox
3222 2702 3330 2743 non
3386 2683 3700 2754 adjiciatur,

503 2775 565 2829 ὐ
595 2775 791 2830 ΘΕΩΡ.
844 2772 1190 2846 Ἀπήλλαξας
1221 2773 1569 2845 πραγμάτων
1615 2776 1788 2846 ἡμᾶς,
1837 2772 2012 2843 ἁγιώ-

2187 2783 2446 2840 THEOR.
2479 2781 2745 2838 Liberasti
2784 2796 2881 2837 nos
2909 2781 3154 2837 molestia
3177 2821 3192 2844 ,
3224 2777 3571 2835 sanctissime
3606 2775 3702 2829 do-

419 2882 550 2920 τατε
583 2864 843 2919 δέσποτα.
893 2865 1008 2918 Οὐκ
1038 2864 1147 2936 ἄρα
1186 2864 1347 2935 μόνον
1369 2864 1448 2934 τῷ
1483 2863 1599 2933 Υἱῷ
1626 2859 1721 2939 ᾖδε
1752 2865 1820 2918 τὰ
1842 2864 2015 2934 Σερα-

2117 2876 2288 2931 mine.
2318 2874 2585 2929 Nimirum
2612 2874 2877 2944 sequitur,
2914 2871 3194 2943 Seraphos
3230 2886 3333 2925 non
3364 2867 3503 2924 Filio
3559 2866 3703 2921 dun-

421 2959 530 3030 φὶμ
558 2959 651 3012 τὸν
679 2958 967 3030 τρισάγιον
993 2956 1185 3029 ὕμνον,
1225 2957 1363 3011 ἀλλὰ
1392 2960 1459 3028 τῇ
1512 2957 1611 3029 ὅλῃ
1632 2956 1847 3029 Τριάδι.
1904 2956 2015 3010 Καὶ

2119 2977 2270 3023 taxat
2290 2968 2548 3039 hymnum
2575 2964 2723 3019 illum
2757 2974 2839 3019 ter
2862 2972 3110 3035 sanctum
3140 2961 3429 3024 cecinisse,
3454 2958 3548 3014 sed
3580 2957 3707 3012 uni-

418 3052 511 3105 διὰ
533 3050 694 3105 τοῦτο
720 3051 783 3103 οὐ
832 3051 915 3104 δεῖ
949 3049 1266 3121 προσθεῖναι
1334 3049 1418 3113 τὸ,
1462 3048 1528 3103 '0
1556 3048 1945 3118 σταυρωθεὶς,
1978 3048 2012 3118 ἢ

2117 3074 2290 3118 versae
2317 3057 2596 3122 Trinitati,
2616 3063 2902 3126 propterea
2931 3070 3037 3110 non
3071 3052 3378 3108 addendum
3416 3058 3501 3105 est
3530 3047 3659 3104 illud
3683 3063 3698 3101 :

418 3145 592 3217 ἄλλην
622 3144 745 3199 τινὰ
771 3143 1115 3215 προσθήκην.
1148 3142 1304 3196 Ἔστι
1345 3141 1403 3196 δὲ
1429 3141 1523 3195 καὶ
1561 3141 1738 3207 ἄλλως
1798 3142 2016 3196 ἀποδεῖ-

2083 3154 2228 3243 Ιριιί
2271 3152 2563 3221 cruciﬁxus
2612 3158 2711 3216 est,
2772 3164 2873 3204 nec
2932 3148 3034 3202 alia
3093 3145 3359 3217 quaepiam
3407 3141 3700 3214 appendix.

421 3239 537 3305 εαι,
591 3239 675 3292 ὅτι
738 3237 841 3291 οὐκ
898 3236 995 3290 ἐπὶ
1040 3236 1204 3307 μόνου
1248 3232 1347 3289 τοῦ
1404 3233 1540 3288 Υἱοῦ
1587 3233 1680 3287 τὸν
1730 3232 2014 3303 τρισάγιον

2084 3233 2086 3242 ’
2119 3246 2444 3315 Quanquam
2473 3253 2525 3301 et
2552 3243 2774 3298 aliunde
2800 3240 3019 3312 probari
3067 3246 3262 3309 potest,
3320 3250 3576 3307 magnum
3631 3231 3701 3287 il-

422 3332 594 3403 ὕμνον
627 3330 658 3383 ό
693 3329 869 3402 μέγας
905 3327 1228 3399 Ἐπιφὰνιος
1279 3326 1590 3395 ἑξελάόετο,
1616 3327 1677 3392 ἐξ
1707 3325 1881 3395 αὐτῆς
1914 3325 2015 3394 τῆς

2118 3336 2228 3392 lum
2256 3338 2615 3408 Epiphanium
2635 3352 2744 3390 non
2765 3324 2830 3391 de
2861 3334 2976 3391 solo
2994 3333 3131 3389 Filio
3164 3340 3244 3386 ter
3274 3339 3517 3385 sanctum
3547 3326 3705 3397 hym-

422 3421 787 3494 προτεθείσης
813 3419 982 3475 αὐτοῦ
1030 3421 1303 3491 χρήσεως.
1360 3417 1502 3488 Φησὶ
1560 3418 1692 3489 γάρ’
1723 3418 1897 3487 Λόγον
1923 3416 2016 3470 τδν

2119 3447 2247 3486 num
2280 3430 2647 3497 intellexisse;
2685 3427 2849 3496 idque
2882 3427 2948 3482 de
2981 3423 3166 3481 verbis
3198 3421 3329 3478 dicti
3359 3420 3503 3491 ejus,
3537 3425 3702 3471 antea

424 3513 719 3584 σύνθρονον
771 3511 868 3565 τοῦ
912 3511 1146 3583 Πατρός,
1203 3510 1376 3581 Λόγον
1411 3510 1506 3564 τὸν
1538 3510 1770 3563 ἐπὶτῶν
1804 3509 2015 3580 Χερου-

2118 3524 2331 3594 positis.
2366 3524 2455 3579 Ait
2478 3523 2625 3579 enim
2659 3539 2674 3576 :
2709 3539 2730 3574 ι
2769 3520 3109 3583 Sermonem,
3132 3516 3222 3586 qui
3244 3519 3566 3569 consorsest
3582 3508 3705 3566 solii

421 3607 526 3677 σιμ
547 3606 882 3679 καθήμενον.
938 3605 1053 3658 Οὐκ
1098 3604 1341 3676 ὲσήμανε
1396 3603 1561 3675 μόνον
1609 3602 1703 3657 τὸν
1755 3601 1886 3655 Υἰὸν
1923 3600 2017 3654 ἐπὶ

2120 3617 2371 3687 paterni;
2404 3615 2748 3680 Sermonem,
2801 3611 2892 3682 qui
2922 3609 3188 3667 Cherubis
3252 3606 3468 3663 insidet.
3501 3623 3520 3656 ι
3546 3602 3709 3658 Certo

421 3698 535 3752 τῶν
589 3696 883 3771 Χερουωμ
909 3694 1210 3765 καθῆσθαι,
1235 3695 1364 3750 ἄνευ
1392 3693 1488 3748 τοῦ
1530 3695 1745 3777 Πατρδς
1774 3696 1871 3747 καὶ
1918 3691 2015 3747 τοῦ

2122 3726 2228 3767 non
2256 3711 2359 3765 hoc
2381 3708 2516 3772 vult,
2549 3705 2725 3763 solum
2761 3703 2959 3759 Filium
2995 3697 3263 3758 Cherubis
3308 3696 3566 3761 insidere,
3591 3694 3709 3750 sine

427 3791 788 3862 Πνεύματος·
849 3788 1145 3860 σῦνθρονον
1189 3787 1301 3859 γὰρ
1342 3785 1437 3841 τοῦ
1493 3787 1712 3858 Πατρος
1752 3789 2017 3857 προεῖπεν

2121 3803 2285 3860 Patre
2315 3817 2377 3857 ac
2405 3799 2609 3872 Spiritu
2641 3804 2856 3854 sancto.
2916 3795 3050 3850 Nam
3107 3801 3265 3849 antea
3319 3789 3442 3846 solii
3495 3784 3708 3859 paterni

423 3885 611 3941 αὐτόν.
668 3883 829 3937 Οὕτω
858 3883 951 3937 καὶ
981 3882 1077 3938 ἐπὶ
1113 3884 1212 3954 τῆς
1249 3879 1560 3949 δοξολογίας
1589 3879 1672 3933 δεῖ
1696 3881 1859 3934 νοεῖν.
1889 3879 2021 3932 Κοι-

2124 3901 2432 3952 consortem
2495 3890 2653 3947 dixit.
2698 3886 2841 3943 Idem
2888 3884 2958 3941 de
3012 3880 3486 3940 concelettratioue
3537 3875 3710 3947 maje-

423 3979 519 4034 νὸν
551 3979 612 4032 τὸ
642 3977 939 4048 καθῆσθαι,
994 3975 1149 4046 κοινὴ
1175 3973 1523 4046 ἡδοξολογία.
1552 3972 1929 4044 Συμϐἀλλεται
1959 3971 2018 4025 δὲ

2124 3988 2286 4046 statis
2315 3984 2747 4055 intelligendum.
2772 3977 3094 4037 Communis
3130 3985 3215 4032 est
3235 3972 3432 4036 sessio,
3466 3984 3709 4027 commu-

429 4076 563 4145 ἡμῖν
596 4074 659 4126 οὐ
700 4071 917 4144 μικρῶς
969 4069 1107 4142 πρὸς
1156 4068 1250 4124 τὸν
1288 4068 1655 4139 προκείμενον
1689 4066 1836 4134 νοῦν,
1864 4067 1962 4122 καὶ
1990 4064 2020 4119 ὃ

2125 4084 2211 4140 nis
2244 4078 2560 4138 celebratio.
2589 4073 2700 4131 Nec
2721 4086 2913 4145 parum
2936 4070 3094 4125 nobis
3145 4067 3213 4122 ad
3273 4066 3417 4121 hunc
3486 4075 3708 4118 sensum

426 4167 568 4239 προς
621 4166 700 4237 τῷ
739 4166 886 4219 τέλει
948 4165 1059 4218 τῶν
1087 4163 1352 4236 Πράξεων
1375 4164 1403 4217 ὁ
1458 4159 1851 4234 εὐαγγελιστὴς
1886 4161 2020 4215 ἀνα-

2124 4185 2179 4231 et
2205 4171 2333 4229 illud
2360 4168 2597 4233 confert,
2640 4164 2783 4236 quod
2830 4163 2883 4217 in
2944 4161 3095 4216 Actis
3147 4157 3476 4228 evangelista
3533 4153 3711 4208 Lucas

424 4259 632 4332 γράφει
665 4259 904 4321 Λουκᾶς.
957 4255 1098 4319 Φησὶ
1168 4256 1299 4325 γὰρ,
1350 4253 1599 4317 εἰπόντος
1645 4255 1741 4306 τοῦ
1802 4250 2019 4306 Παύλου

2129 4268 2181 4321 in
2209 4273 2454 4321 extremo
2485 4258 2699 4316 scribit.
2730 4255 2822 4310 Ait
2844 4253 3014 4317 enim,
3042 4250 3271 4305 Paulum
3323 4249 3427 4302 hoc
3482 4244 3708 4301 verbum

429 4351 587 4423 ῥῆμα
611 4352 672 4405 ἒν
696 4368 711 4384 ο
740 4351 824 4404 ὅτι
854 4346 1067 4415 Καλῶς
1092 4348 1159 4403 τὸ
1180 4346 1426 4416 Πνεῦμα
1451 4345 1517 4400 τὸ
1547 4346 1721 4416 ἅγιον
1746 4344 2022 4412 ἐλάλησε

2127 4356 2416 4431 protulisse
2447 4371 2462 4409 :
2490 4350 2648 4406 Recte
2681 4347 2915 4418 Spiritus
2948 4352 3165 4400 sanctus
3194 4357 3286 4412 per
3304 4339 3508 4396 Isaiam
3543 4346 3710 4392 vatem

428 4444 529 4499 διὰ
592 4442 846 4498 Ἡσαΐου
875 4440 982 4495 τοῦ
1040 4438 1356 4510 προφήτου
1388 4438 1542 4507 πρὸς
1584 4439 1731 4505 τοὺς
1759 4437 2024 4506 πατέρας

2130 4453 2339 4507 locutus
2366 4456 2441 4503 est
2473 4446 2541 4500 ad
2570 4452 2749 4513 patres
2784 4449 2995 4496 nostros
3024 4438 3166 4492 hisce
3195 4434 3362 4491 verbis
3394 4448 3414 4489 :
3462 4431 3601 4488 Vade
3644 4430 3711 4485 ad

429 4535 623 4607 ἡμῶν,
651 4535 869 4606 λέγων,
913 4535 1241 4604 Πορεύθητι
1263 4534 1416 4603 πρὸς
1452 4533 1562 4588 τὸν
1598 4533 1755 4589 λαὸν
1782 4531 2021 4597 τοῦτον,

2095 4542 2102 4581 ⁵
2127 4546 2380 4614 populum
2405 4541 2565 4601 hunc,
2589 4545 2638 4591 et
2659 4535 2826 4589 dicito
2855 4547 2875 4587 :
2905 4531 3140 4586 Auribus
3191 4528 3449 4590 audietis,
3506 4535 3557 4581 et
3609 4542 3712 4580 non

429 4631 531 4684 καὶ
557 4630 754 4693 εἰπὸν,
786 4626 974 4696 Ἀκοῇ
999 4627 1329 4691 ἀκούσατε,
1364 4625 1463 4681 καὶ
1492 4627 1565 4680 οὐ
1583 4625 1671 4696 μὴ
1731 4625 1987 4695 συνιῆτε
2013 4641 2028 4656 ⁸

2124 4629 2433 4701 intelligetis
2463 4641 2482 4681 :
2510 4625 2741 4682 videntes
2776 4621 3040 4686 videbitis,
3080 4626 3131 4673 et
3164 4634 3267 4672 non
3293 4615 3616 4687 perspiciatis
3647 4615 3711 4677 ”,

430 4722 533 4777 καὶ
561 4721 910 4788 βλέποντες
963 4718 1253 4789 βλέψετε,
1305 4719 1408 4774 καὶ
1443 4721 1518 4775 οὐ
1542 4718 1629 4788 μὴ
1675 4717 1878 4789 ὶδῆτε,
1935 4720 2031 4772 καὶ

2128 4734 2185 4780 et
2214 4730 2439 4779 caetera.
2490 4717 2629 4786 Quid
2674 4714 2839 4787 ergo?
2879 4714 3131 4770 solumne
3162 4712 3428 4782 Spiritum
3463 4716 3713 4764 sanctum

431 4814 503 4867 τὰ
542 4814 694 4883 ἑξῆς.
745 4810 962 4880 Τίοῦν;
995 4812 1178 4867 Μόνον
1206 4811 1267 4864 τὸ
1298 4810 1526 4882 Πνεῦμα
1549 4810 1612 4865 τὸ
1661 4810 1819 4879 ἅγιον
1863 4810 2035 4865 εἴπω-

2128 4818 2372 4873 dicemns
2398 4814 2452 4868 in
2483 4812 2600 4867 alto
2614 4810 2947 4879 sublimique
2975 4806 3113 4863 solio
3140 4803 3537 4868 considentem,
3562 4799 3716 4855 Isaiae

436 4926 538 4983 μεν
562 4906 836 4977 καθῆσθαι
866 4904 961 4959 ἐπὶ
988 4903 1082 4959 τοῦ
1113 4903 1309 4976 θρόνου
1364 4902 1462 4957 τοῦ
1490 4902 1698 4973 ὑψηλοῦ
1724 4903 1821 4956 καὶ
1847 4904 2028 4976 ἐπῃρ-

2128 4910 2239 4965 vati
2283 4907 2621 4981 praecipere:
2661 4901 2808 4957 Vade
2851 4901 2921 4955 ad
2967 4899 3219 4971 populum
3252 4897 3392 4951 hunc
3414 4896 3482 4961 ὀ,
3520 4905 3575 4949 et
3607 4908 3714 4947 caa-

436 5004 625 5075 μένου,
648 5001 729 5070 τῷ
756 4999 1018 5072 προφήτῃ
1059 4997 1261 5070 Ἡσαΐᾳ
1288 4997 1768 5065 διακελευόμενον·
1800 4999 2027 5069 Πορεύ-

2129 5012 2270 5067 tera,
2306 5000 2563 5070 quoniam
2596 4996 2754 5053 divus
2783 4993 2983 5050 Paulus
3012 4991 3190 5049 sancti
3236 4991 3502 5047 duntaxat
3539 4985 3716 5058 Spiri-

434 5100 570 5164 θητι
602 5096 751 5163 πρὸς
775 5093 884 5148 τὸν
922 5091 1081 5146 λαόν
1107 5105 1122 5120 ⁸
1152 5090 1250 5144 καὶ
1290 5090 1360 5144 τὰ
1403 5089 1568 5160 ὲξῆς;
1603 5089 1795 5160 ἐπειδὴ
1831 5091 1860 5143 ό
1884 5088 2028 5154 θεῖος

1918 5091 2028 5154 εἷος
2139 5106 2226 5154 tus
2261 5091 2542 5151 meminit?
2574 5106 2643 5146 an
2679 5087 2897 5145 Patrem
2928 5100 3164 5157 quoque,
3199 5099 3323 5139 cum
3353 5079 3535 5136 Επιίοῖ

434 5186 651 5250 Παῦλος
677 5184 772 5239 τοῦ
832 5183 995 5251 ἁγίου
1054 5182 1375 5254 Πνεύματος
1433 5183 1711 5254 μέμνηται
1755 5182 1955 5253 μόνου;
1988 5182 2024 5255 ἦ

437 5278 533 5333 καὶ
576 5278 668 5333 τὸν
706 5275 951 5345 Πατέρα,
977 5276 1075 5329 καὶ
1106 5274 1200 5328 τὸν
1226 5274 1355 5328 Υιόν
1382 5290 1397 5341 ;

519 5371 585 5425 Ὃ
610 5371 774 5425 ΚΑΘ.
815 5368 1053 5424 Λέλυται
1076 5368 1260 5436 τοῦτο,
1285 5371 1382 5424 καὶ
1407 5369 1570 5425 πλέον
1596 5370 1727 5443 περὶ
1742 5368 1936 5426 τούτου
1960 5373 2023 5427 οὐ

2206 5366 2366 5427 GEN.
2410 5367 2520 5422 Hoc
2545 5363 2659 5433 jam
2708 5361 2942 5421 solutum
2983 5367 3104 5426 est,
3160 5370 3258 5411 nec
3292 5353 3583 5427 quidquam
3632 5355 3718 5413 di.

435 5464 548 5539 χρὴ
586 5464 790 5533 λέγειν.

2136 5466 2371 5522 cendum
2403 5461 2651 5529 amplius.

518 5557 584 5612 Ὀ
615 5557 814 5612 ΘΕΩΡ.
850 5557 1083 5629 ’Ἱδωμεν
1103 5556 1316 5624 λοιπὸν,
1355 5556 1410 5610 τί
1443 5556 1691 5630 ἔγραψας
1715 5558 1775 5613 ἐν
1806 5563 1870 5631 τῇ
1912 5561 2026 5616 ἐπι.

2209 5552 2466 5611 THEOR.
2503 5552 2767 5622 Deinceps
2799 5549 3104 5615 videamus,
3126 5547 3257 5618 quid
3285 5547 3339 5602 in
3367 5544 3593 5618 epistola
3625 5551 3714 5600 tua

436 5652 600 5725 στολῇ
632 5667 728 5706 σου
754 5653 884 5720 περὶ
916 5650 1014 5705 τοῦ
1045 5651 1240 5724 μύρου.

2144 5654 2203 5709 le
2237 5658 2512 5722 unguento
2553 5644 2957 5720 perscripseris.

512 5831 557 5863 "
594 5827 720 5886 Aet.
742 5844 940 5897 xxvttt,
963 5829 1058 5898 24,
1085 5829 1178 5886 25.
1256 5830 1302 5862 ὀ
1333 5828 1439 5887 lsa.
1468 5846 1540 5897 vt,
1572 5830 1625 5899 9,
1666 5830 1749 5886 ιο.
