4096 6400
475 360 574 427 191

542 472 703 531 GEN.
734 471 898 527 Recte
927 472 1063 527 dicis
1097 492 1113 533 :
1150 471 1260 526 fiat.

545 566 731 637 Itaque
758 576 924 635 caput
950 565 1019 621 de
1054 571 1332 634 unguento
1364 564 1632 635 legentes,
1687 564 1803 620 haec
1852 565 2049 633 scripta

470 658 795 726 reperimus.
839 654 1077 712 Rursum
1112 656 1366 725 praecepit
1405 656 1518 724 ipsa
1557 654 1864 725 Scriptura,
1902 666 1958 709 ut
1986 670 2048 709 ex

471 749 540 804 iis
566 748 701 804 oleis
741 748 979 811 olerum,
1011 762 1131 817 quae
1160 762 1432 802 sesamum
1468 756 1685 808 vocant.
1719 758 2051 819 unguentum

468 850 719 893 nostrum
771 838 1116 904 conficiatur,
1145 854 1253 892 non
1312 854 1377 893 ex
1426 838 1691 893 olivarum
1745 839 2049 894 arboribus.

469 934 649 1002 Atque
701 932 805 986 hoc
857 946 1044 1001 reapse
1098 944 1285 984 verum
1321 939 1427 984 est.
1460 930 1635 985 Causa
1684 932 1759 984 rei
1795 940 1879 984 est
1916 931 2051 995 haec,

466 1025 615 1094 quod
648 1026 701 1078 in
731 1025 1117 1077 Armeniorum
1153 1023 1373 1089 regione
1411 1037 1517 1077 non
1546 1031 1673 1077 sunt
1699 1023 1893 1078 oliveta
1927 1038 2053 1093 pro-

468 1128 591 1185 pter
621 1115 766 1169 aeris
818 1115 968 1170 inea
1012 1116 1232 1186 regione
1279 1114 1470 1185 frigus.
1518 1117 1708 1184 Itaque
1760 1115 2052 1170 necessitas

468 1207 587 1277 ipsa
634 1206 843 1276 ﬂagitat
889 1218 943 1261 ut
1008 1207 1183 1261 oleum
1229 1207 1379 1273 illud,
1426 1206 1571 1277 quod
1606 1208 1656 1260 in
1688 1208 1799 1277 ipsa
1834 1211 2055 1276 regione

470 1300 763 1366 reperitur,
796 1300 862 1352 ad
899 1316 1053 1353 usum
1088 1299 1347 1369 unguenti
1376 1299 1727 1355 adhibeatur.
1761 1300 1878 1367 Qua
1912 1300 1965 1354 in
1995 1315 2053 1355 rc

471 1393 680 1448 nullum
712 1409 812 1462 ego
840 1393 1122 1463 spirituale
1151 1394 1409 1448 delictum
1440 1393 1618 1449 video.

545 1484 800 1539 TIIEOR.
836 1485 1025 1552 Miror,
1051 1485 1293 1551 domine,
1319 1499 1416 1539 cur
1442 1487 1507 1539 ad
1541 1485 1925 1555 imperatorem
1950 1485 2054 1541 hoc

465 1577 877 1649 perscripseris.
932 1578 1064 1632 Nam
1108 1577 1347 1649 plurima
1397 1578 1487 1634 hic
1536 1577 1734 1634 oliveta
1768 1578 1949 1643 video,
1997 1587 2055 1634 et

467 1668 685 1737 quidem
723 1668 827 1724 olei
863 1668 1016 1724 satis.
1130 1660 1135 1665 ’
1541 1651 1557 1662 ’

541 1758 700 1815 GEN.
729 1758 929 1815 Verum
982 1760 1086 1816 ista
1117 1761 1375 1831 unguenti
1408 1760 1674 1817 confectio
1726 1763 2050 1833 principium

467 1850 657 1907 habuit
720 1853 787 1906 ad
846 1851 1086 1907 Orientis
1146 1854 1358 1923 pingant
1402 1853 1691 1919 intimam,
1752 1856 1845 1910 ubi
1902 1856 2047 1910 nulla

464 1952 594 1998 sunt
646 1945 846 1998 oliveta
898 1961 912 1998 :
975 1945 1209 2014 indeque
1274 1959 1373 2000 nos
1437 1954 1714 2014 acceptam
1769 1960 2050 2001 servamus

464 2033 747 2089 hactenus.

540 2126 748 2182 Deinde
778 2127 974 2197 capitis
1015 2127 1257 2197 ejusdem
1301 2135 1460 2197 parte
1509 2128 1756 2198 proxima
1790 2130 2044 2199 perlecta,

463 2218 545 2274 sic
601 2218 863 2288 scriptum
917 2220 1225 2274 invenimus
1269 2237 1283 2275 :
1330 2217 1483 2275 Sicut
1530 2220 1719 2275 viuum
1771 2223 2048 2292 sanguinis

463 2310 669 2365 Christi
718 2310 976 2366 materies
1009 2320 1115 2376 est,
1166 2322 1219 2366 et
1271 2312 1649 2381 cujuscunque
1694 2313 1765 2367 sit
1810 2315 2044 2379 coloris,

463 2403 632 2473 recipi
667 2402 860 2469 debet;
895 2403 1008 2458 sive
1042 2404 1279 2472 nigrum,
1306 2405 1421 2458 sive
1448 2409 1691 2469 rubrum,
1724 2407 1838 2463 sive
1866 2407 2044 2461 album

462 2493 652 2546 vinum
692 2493 857 2546 fuerit
894 2510 908 2546 :
943 2496 1203 2564 quoniam
1257 2510 1352 2563 per
1398 2497 1761 2553 ministerium
1808 2501 2048 2555 sanctifi-

462 2596 641 2647 catur,
674 2597 728 2640 et
754 2586 960 2642 Christi
999 2588 1052 2640 lit
1096 2588 1347 2657 sanguis.

538 2678 792 2734 'l'lll‘ZOR.
826 2678 1145 2749 Exemplum
1190 2685 1291 2736 hoc
1323 2688 1475 2736 tuum
1526 2698 1717 2753 parum
1765 2685 1831 2739 ad
1872 2685 2042 2754 ipsam

462 2786 578 2825 rem
610 2771 858 2840 quadrat.
887 2769 1002 2824 Non
1033 2771 1176 2826 enim
1209 2773 1275 2826 de
1306 2774 1579 2829 coloribus
1612 2776 1766 2831 nobis
1789 2784 1872 2831 est
1902 2794 2047 2849 qua:-

462 2864 593 2929 stio,
650 2865 743 2918 sed
791 2865 857 2918 de
894 2862 1164 2932 suljecto,
1218 2866 1334 2919 sive
1384 2870 1634 2922 materie.
1688 2868 1835 2923 Nosti
1878 2872 2042 2939 enim,

461 2956 694 3011 diversis
733 2973 799 3012 ex
826 2959 1113 3013 arboribus
1148 2958 1331 3013 vinum
1380 2958 1535 3013 fieri»
1572 2959 1706 3013 Nam
1749 2975 1813 3015 ex
1847 2962 2043 3030 pomis,

461 3057 519 3102 et
552 3051 779 3115 cerasis,
808 3060 864 3105 et
887 3051 1010 3105 aliis
1053 3050 1343 3116 fructibus,
1376 3062 1429 3106 et
1462 3051 1643 3107 herbis
1673 3068 1886 3123 quoque
1913 3069 2043 3109 con-

1893 356 2330 420 THEORIANI

2080 473 2134 531 Δ

3644 357 3745 425 19?.

2244 474 2305 529 Ὀ
2337 474 2497 531 ΚΑΘ.
2537 472 2609 527 Εὕ
2631 474 2829 543 λέγεις’
2865 473 3126 541 γενέσθω.

2225 569 2336 622 Kal
2358 568 2686 636 ἀναγνόντες
2724 566 2785 619 τὸ
2813 567 3057 638 περὶτοῦ
3085 566 3261 639 μῦρου
3290 566 3607 636 κεφάλαιον,
3644 567 3744 621 εὕ-

2157 678 2323 731 ρομεν
2376 659 2550 722 οὕτως
2580 676 2595 691 ο
2633 660 2803 713 Πάλιν
2852 660 3174 731 διηγόρευεν
3208 660 3241 728 ἡ
3273 658 3467 731 Γραφὴ
3501 660 3609 713 άπὸ
3634 660 3741 713 τῶν

2154 749 2350 804 ἐλαιῶν
2402 750 2511 803 τῶν
2554 748 2827 820 λαχάνων,
2882 751 3021 821 ὅπερ
3088 751 3334 820 σήσαμον
3381 750 3734 819 ὀνομάζουσι,
3813 788 3823 803 .

2154 841 2490 909 γίνεσθαιτδ
2536 840 2708 910 μύρον
2760 840 2957 911 ἡμῶν·
3018 840 3113 894 καὶ
3173 840 3298 909 οὐχὶ
3346 839 3456 892 ἀπὸ
3508 839 3742 907 δένδρων

2154 933 2374 987 ἐλαιῶν.
2409 933 2521 987 Καὶ
2548 932 2712 987 τοῦτο
2738 932 2796 985 ὲν
2819 930 3047 1002 ἀληθείᾳ
3073 931 3243 984 ἐστίν.
3278 932 3434 984 Ἐστι
3453 930 3509 983 δὲ
3537 932 3570 1001 ἡ
3592 932 3742 983 αίτῖα

2153 1023 2401 1094 τοιαύτη,
2436 1023 2517 1076 ὅτι
2553 1023 2632 1084 είς
2660 1021 2759 1093 τὴν
2788 1020 2972 1092 χώραν
3007 1020 3115 1075 τῶν
3141 1021 3451 1093 Ἀρμενίων
3482 1021 3583 1074 οὐκ
3608 1022 3745 1074 είστν

2158 1116 2440 1182 ὲλαιῶνες,
2470 1115 2559 1169 διὰ
2582 1115 2642 1169 τὸ
2672 1115 2880 1185 ψυχρὸν
2919 1117 3018 1186 τῆς
3057 1113 3239 1185 χώρας
3293 1113 3388 1166 τοῦ
3418 1114 3603 1181 ἀέρος·
3648 1114 3745 1166 καὶ

2152 1208 2367 1278 ἀνάγκη
2399 1207 2710 1277 πρόκειται,
2740 1206 2803 1259 τὸ
2830 1206 3010 1261 ἔλαιον
3033 1207 3231 1267 ἐκεῖνο.
3253 1206 3392 1277 ὅπερ
3424 1206 3746 1275 εὑρίσκεται

2154 1300 2236 1361 είς
2256 1297 2354 1369 τὴν
2403 1298 2611 1369 χώραν,
2648 1298 2728 1361 είς
2789 1299 2986 1369 χρῆσιν
3019 1298 3112 1351 τοῦ
3169 1297 3343 1367 μύρου
3418 1296 3744 1366 λαμϐάνειν,

2158 1389 2257 1444 καὶ
2307 1390 2368 1444 οὐ
2407 1390 2651 1443 συνεῖδον
2688 1389 2915 1459 σφάλμα
2956 1387 3333 1458 πνευματικὸν
3350 1389 3407 1441 ἐν
3439 1386 3635 1458 τούτῳ.

2236 1482 2297 1538 Ὀ
2318 1481 2515 1535 ΘΕΩΡ.
2551 1481 2850 1552 Θαυμάζω,
2879 1481 3136 1541 δέσποτα.
3153 1479 3441 1545 πῶςτοῦτο
3456 1481 3747 1550 γέγραφας

2154 1575 2292 1649 πρὸς
2324 1574 2567 1646 βασιλέα.
2612 1573 2756 1645 ’0ρῶ
2801 1573 2911 1643 γὰρ
2963 1574 3252 1639 πλείστους
3297 1573 3565 1638 ὲλαιῶνας
3615 1566 3744 1638 ὧδε,

2154 1671 2242 1724 καὶ
2264 1668 2443 1723 ἔλαιον
2473 1668 2677 1721 ἱκανόν.

2235 1762 2297 1814 ’0
2325 1761 2484 1814 ΚΑΘ.
2522 1757 2770 1821 Ἀλλέίς
2819 1756 2919 1828 τὴν
2943 1756 3234 1826 ὲνδοτάτην
3282 1755 3579 1827 ’Δνατολὴν
3625 1755 3747 1825 ὲγέ-

2153 1856 2324 1923 νετοὴ
2362 1853 2501 1922 ἀρχὴ
2528 1853 2628 1923 τῆς
2653 1852 3001 1919 κατασκευῆς
3029 1848 3124 1903 τοῦ
3153 1849 3349 1921 μύρου,
3382 1850 3516 1903 ὅπου
3546 1849 3748 1902 ἐλαιῶ-

2152 1962 2240 2008 νες
2271 1946 2373 1998 οὐκ
2417 1944 2545 1997 εἰσί’
2589 1944 2843 1997 κάκεῖθεν
2876 1942 3292 2012 παραλαϐόντες
3319 1943 3484 2014 ἡμεῖς
3537 1943 3747 2013 φυλάτ-

2148 2053 2316 2108 τομεν
2347 2036 2376 2090 6
2410 2035 2802 2106 παρελάϐομεν
2834 2037 2998 2111 μέχρι
3036 2034 3131 2087 τοῦ
3159 2036 3276 2089 νῦν.

2222 2126 2355 2183 Εἶτα
2387 2130 2716 2198 ἀναγνόντες
2744 2128 2805 2181 τὸ
2863 2127 2993 2198 ἑξῆς
3045 2127 3139 2180 τοῦ
3186 2126 3489 2194 κεφαλαίου
3523 2126 3743 2190 τούτου,

2149 2222 2386 2293 εὕρομεν
2443 2223 2658 2285 οὕτως·
2736 2221 2950 2289 Ὠσπερ
3019 2220 3127 2290 γὰρ
3188 2218 3284 2271 τοῦ
3347 2219 3582 2287 αἵματος
3643 2217 3744 2272 τοῦ

2148 2314 2388 2386 Χριστοῦ
2418 2316 2445 2367 6
2496 2309 2640 2378 οἶνός
2681 2314 2831 2366 ἔστιν
2887 2311 3011 2381 ὕλη,
3078 2312 3174 2365 καὶ
3228 2312 3348 2377 οἵας
3380 2313 3497 2366 ἐστὶ
3520 2314 3743 2383 χροιᾶς,

2149 2408 2471 2471 ἀποδεκτέος
2488 2408 2623 2470 ἐστὶ,
2661 2406 2766 2461 κᾶν
2828 2406 3017 2475 μέλας,
3052 2406 3145 2461 καὶ
3177 2405 3407 2478 ἐρυθρός
3444 2407 3583 2470 ἐστι,
3636 2406 3747 2459 κᾶν

2151 2500 2365 2563 λευκός
2401 2500 2589 2569 ἐπειδὴ
2624 2501 2656 2571 ὴ
2698 2499 3015 2569 λειτουργία
3041 2498 3259 2568 ἁγιάζει
3292 2498 3479 2552 αὐτὸν.
3512 2498 3608 2552 xal
3643 2498 3735 2566 γί-

2149 2610 2299 2647 νεται
2330 2587 2470 2660 αἷμα
2517 2591 2781 2663 Χριστοῦ.

2230 2687 2292 2740 '0
2323 2685 2519 2739 ΘΕΩΡ.
2552 2686 2625 2738 Τὸ
2649 2683 3001 2755 παράδειγμά
3043 2698 3137 2735 σου
3165 2682 3265 2736 οὐκ
3287 2685 3402 2734 ἐστι
3434 2681 3741 2753 προσφυές·

2154 2778 2213 2830 οὐ
2252 2777 2360 2847 γὰρ
2388 2776 2516 2846 περὶ
2541 2775 2853 2846 χρωμάτων
2880 2776 3011 2845 ἡμῖν
3035 2775 3062 2827 6
3096 2772 3273 2841 λόγος,
3311 2772 3450 2826 ἁλλὰ
3484 2773 3614 2845 περὶ
3642 2772 3741 2826 τοῦ

2150 2869 2541 2940 ὑποκειμένου,
2574 2870 2694 2940 ἦτοι
2727 2868 2829 2938 τῆς
2883 2867 3039 2937 ὕλης.
3069 2863 3233 2930 Οἶδας
3276 2865 3381 2939 γὰρ
3406 2866 3489 2920 ὅτι
3528 2867 3593 2919 ἐκ
3618 2864 3740 2919 δια-

2149 2962 2331 3033 φόρων
2354 2960 2592 3031 δένδρων
2643 2959 2854 3027 γίνεται
2911 2956 3073 3021 οἴνοςο
3125 2956 3339 3026 γίνεται
3380 2956 3493 3027 γὰρ
3524 2957 3589 3008 ὲκ
3624 2955 3739 3027 μή-

2148 3055 2277 3120 λων,
2309 3055 2402 3107 καὶ
2428 3052 2721 3121 κερασίων,
2753 3050 2848 3106 καὶ
2876 3050 3058 3105 ἄλλων
3093 3048 3304 3117 φυτῶν,
3338 3047 3433 3103 καὶ
3457 3047 3523 3118 δὴ
3574 3047 3739 3118 βοτά-

462 3140 648 3196 fieitur
677 3161 688 3196 :
725 3143 817 3197 sed
849 3144 915 3197 ad
949 3143 1048 3199 hoc
1079 3144 1407 3200 sacrificium
1444 3160 1548 3199 non
1595 3146 1905 3214 adhibetur,
1938 3148 2041 3203 nisi

2148 3162 2279 3197 νων’
2307 3145 2421 3198 ἀλλ’
2443 3144 2503 3196 οὕ
2539 3142 2877 3216 προσάγεται
2923 3141 3002 3203 είς
3049 3141 3264 3207 θυσίαν,
3292 3138 3409 3194 ἁλλ’
3448 3138 3481 3209 ἢ
3518 3136 3681 3209 μόνον
3708 3136 3740 3188 6

458 3235 724 3289 duntaxat
780 3250 845 3289 ex
900 3236 1008 3289 vite
1056 3235 1282 3293 factum.
1338 3236 1428 3293 Sic
1468 3247 1521 3292 ct
1571 3238 1640 3293 de
1686 3238 1854 3294 oleo:
1895 3241 2040 3295 filex

457 3326 636 3393 lauro,
664 3328 832 3398 juneo
867 3329 1116 3393 odorato,
1165 3338 1221 3383 et
1249 3330 1371 3384 aliis
1417 3329 1602 3385 multis
1632 3331 1808 3385 oleum
1842 3351 1855 3387 :
1887 3333 1981 3388 sed
2010 3349 2040 3388 a

458 3421 667 3476 sanctis
696 3419 954 3475 Patribus
988 3421 1163 3475 oleum
1193 3421 1352 3475 olivae
1384 3422 1598 3477 caeteris
1627 3433 1710 3479 est
1736 3424 2038 3494 praelatum.

454 3514 634 3582 Atque
664 3513 766 3567 hoc
797 3513 1019 3568 cuilibet
1052 3528 1380 3583 eOgnoscere
1411 3513 1560 3579 licet,
1608 3525 1716 3569 tam
1760 3530 1823 3570 ex
1854 3526 2043 3572 sancto

456 3602 553 3658 illo
581 3601 842 3673 Dionysio
879 3604 1226 3673 Areopagita,
1262 3619 1422 3674 quam
1464 3604 1586 3661 aliis
1611 3608 1816 3661 sanctis
1863 3608 2042 3663 homi-

456 3695 619 3750 nibus
657 3710 762 3749 non
795 3697 1006 3765 paucis.
1037 3696 1147 3751 Nec
1183 3698 1411 3751 minoris
1444 3707 1528 3752 est
1565 3702 1828 3754 momenti
1880 3717 2042 3771 argu-

457 3798 731 3853 mentum,
758 3791 900 3858 quod
946 3805 1011 3844 ex
1061 3790 1178 3859 ipso
1221 3790 1438 3847 nomine
1469 3792 1801 3847 contexitur.
1838 3793 2045 3862 Quippe

455 3882 505 3937 si
539 3883 861 3954 simpliciter
904 3882 1085 3938 oleum
1134 3883 1366 3945 dicatur,
1415 3899 1482 3938 ex
1535 3884 1676 3939 oliva
1731 3884 1931 3941 factum
1963 3888 2046 3942 in-

455 3974 741 4044 telligitur.
770 3974 840 4027 At
866 3987 989 4028 cum
1024 3973 1323 4038 laurinum,
1350 3974 1437 4029 vel
1464 3975 1746 4047 junceum,
1777 3978 1862 4033 vel
1890 3993 2042 4035 sesa-

456 4067 687 4134 tniuum,
718 4076 773 4123 et
808 4065 1112 4135 hujusmodi
1147 4065 1248 4120 alia
1280 4105 1294 4119 .
1326 4104 1342 4122 .
1381 4105 1397 4121 .
1437 4107 1452 4123 .
1488 4108 1502 4123 .
1535 4108 1553 4125 .
1592 4108 1608 4123 .
1638 4110 1653 4125 .
1678 4070 2042 4136 Quemadmo-

459 4161 589 4215 dum
624 4160 793 4225 enim,
826 4161 873 4214 si
904 4160 1086 4214 navim
1120 4158 1325 4226 dicam,
1355 4158 1503 4216 facta
1533 4161 1599 4216 de
1626 4161 1812 4233 lignis,
1849 4164 2038 4231 clavis,

458 4262 516 4307 et
544 4251 663 4321 pice
691 4252 847 4307 navis
875 4251 1221 4321 intelligitur,
1249 4267 1352 4321 qua
1379 4252 1722 4320 navigamus,
1752 4271 1862 4309 non
1890 4259 2043 4312 navis

455 4345 703 4415 lapidea;
735 4346 829 4400 sed
857 4346 902 4400 si
936 4346 1116 4400 navim
1147 4345 1415 4415 lapideam
1446 4346 1757 4417 significare
1784 4349 2038 4415 velimus,

454 4438 723 4508 lapideam
772 4437 1096 4507 adjiciinus;
1148 4440 1353 4508 absque
1401 4454 1506 4510 qua
1551 4442 1853 4510 appendice
1898 4458 2039 4498 nun-

453 4549 617 4603 quam
653 4546 721 4587 ex
748 4531 860 4588 sola
894 4532 1047 4587 navis
1076 4532 1438 4602 appellatione
1459 4575 1474 4601 ,
1505 4533 1714 4604 lapidea
1750 4538 1904 4592 navis
1938 4539 2036 4592 in—

454 4625 730 4695 telligetur
757 4646 772 4683 :
806 4629 996 4684 eodem
1024 4630 1182 4683 modo
1211 4630 1554 4684 statuendum
1578 4631 1643 4687 de
1664 4631 1802 4698 oleo,
1837 4642 1892 4689 et
1917 4634 2037 4690 oleo

453 4720 749 4774 Sesamino.
796 4721 1136 4791 Quapropter
1173 4720 1350 4775 oleum
1382 4723 1588 4793 absque
1619 4725 1919 4795 appendice
1951 4726 2036 4781 di-

453 4819 659 4879 centes,
701 4826 767 4867 ex
797 4813 939 4868 oliva
990 4811 1191 4868 factum
1235 4813 1564 4883 significant.

518 5005 681 5062 CEN.
720 5006 829 5063 Hoc
860 5022 1077 5078 quoque
1104 5018 1353 5062 correctu
1388 5006 1707 5062 facillimum
1741 5006 1924 5061 fuerit.

523 5100 617 5156 llis
648 5103 720 5155 ita
751 5100 932 5166 dictis,
968 5101 1280 5155 sacerdotes
1312 5099 1427 5170 ejus
1457 5099 1694 5169 psallere
1747 5106 2033 5168 cmpcrunt

316 5247 336 5257 ,
451 5194 636 5265 hymni
669 5194 964 5264 vespertini
1018 5194 1214 5248 seriem
1248 5203 1401 5249 extra
1433 5193 1747 5260 ecclesiam,
1783 5196 1850 5251 de
1881 5209 2031 5250 more

452 5298 714 5340 IDSOI‘ﬂm.

510 5300 714 5340 serum.

474 5298 506 5353 Ρ
527 5377 595 5430 Ει
625 5375 855 5433 TilEOR
909 5377 1020 5434 Cur
1051 5387 1205 5433 extra
1235 5376 1522 5432 ecclesiam
1566 5377 1879 5434 sacerdotes
1956 5379 2032 5432 tui

456 5481 622 5537 stant,
657 5472 751 5537 ait,
796 5487 918 5528 eum
949 5472 1222 5540 psallunt?

527 5558 685 5614 GEN.
714 5560 988 5631 Scriptum
1009 5571 1088 5618 est
1120 5581 1133 5617 :
1170 5561 1239 5617 In
1261 5564 1401 5618 omni
1428 5562 1544 5618 loco
1569 5561 1792 5618 dominii
1819 5562 1934 5633 ejus
1961 5563 2030 5617 ’⁷.

525 5825 567 5855 ⁸⁸
597 5822 741 5879 Psal.
771 5839 864 5888 cn,
889 5821 978 5875 22.

2144 3237 2211 3290 ὲκ
2230 3237 2333 3306 τῆς
2364 3235 2635 3306 ἀμπέλου.
2673 3233 2833 3288 Οὕτω
2868 3232 2962 3287 καὶ
3000 3233 3093 3287 ἐπὶ
3131 3231 3227 3285 τοῦ
3280 3230 3489 3284 ἐλαίουο
3520 3229 3740 3299 γίνεται

2142 3331 2253 3403 γὰρ
2275 3331 2455 3387 ἔλαιον
2471 3330 2534 3384 ἔκ
2560 3348 2621 3385 τε
2648 3329 2877 3400 δάφνης,
2925 3329 3019 3383 καὶ
3046 3328 3253 3399 σχίνου,
3275 3326 3370 3381 καὶ
3395 3324 3571 3379 ἄλλων
3608 3325 3741 3379 πολ-

2142 3424 2269 3477 λῶνσ
2311 3424 2446 3478 άλλὰ
2470 3422 2532 3476 τὸ
2567 3423 2665 3491 τῆς
2691 3421 2877 3487 ἐλαίας
2906 3420 3215 3493 προεκρίθη
3231 3419 3386 3491 παρὰ
3422 3418 3533 3471 τῶν
3558 3418 3738 3486 ἁγίων

2143 3515 2422 3585 Πατέρων.
2462 3514 2568 3568 Kal.
2610 3513 2791 3581 ἔξεστι
2830 3513 3007 3568 ’τοῦτο
3054 3512 3245 3583 μαθεῖν
3302 3511 3381 3583 τῷ
3410 3509 3729 3583 βουλομένῳ

2145 3612 2329 3673 παντὶ,
2352 3610 2463 3664 άτιό
2484 3627 2543 3664 τε
2575 3608 2668 3663 τοῦ
2700 3609 2861 3679 ἁγίου
2884 3609 3166 3663 Διονυσίου
3195 3606 3288 3664 τοῦ
3309 3605 3729 3679 Ἀρεοπαγίτου.

2145 3700 2239 3754 καὶ
2262 3701 2439 3755 ἄλλων
2504 3700 2676 3769 ἁγίων
2714 3701 2815 3754 οὐκ
2866 3700 3085 3768 ὀλίγων.
3119 3701 3195 3754 Οὐ
3250 3701 3432 3770 χεῖρον
3458 3697 3514 3751 δὲ
3548 3696 3642 3749 καὶ
3671 3695 3737 3762 ἐξ

2143 3792 2310 3846 αὑτοῦ
2344 3793 2439 3846 τοῦ
2493 3792 2760 3863 ὀνόματος
2824 3791 3257 3855 κατασκευάσαι,
3335 3791 3415 3845 ὃτι
3448 3789 3508 3843 τὸ
3551 3789 3739 3844 ἔλαιον

2142 3884 2329 3946 ἁπλῶς
2375 3883 2691 3955 λεγόμενον,
2728 3884 2789 3937 τὸ
2829 3883 2888 3949 ἐξ
2943 3883 3131 3945 ἐλαίας
3173 3883 3343 3955 δηλοῖ.
3410 3881 3607 3936 Ἥνίκα
3670 3882 3734 3936 δὲ

2141 3974 2482 4044 δαφνέλαιον,
2536 3974 2570 4045 ἦ
2627 3973 2950 4047 σχινέλαιον,
2985 3973 3019 4044 ἦ
3058 3972 3448 4044 σησαμὲλαιον,
3507 3974 3603 4026 καὶ
3660 3973 3738 4024 τὰ

2141 4069 2416 4121 τοιαῦτα.
2498 4109 2509 4122 .
2590 4103 2606 4119 .
2684 4108 2699 4122 .
2779 4103 2793 4122 .
2875 4105 2892 4120 .
2972 4105 2987 4120 .
3068 4105 3081 4119 .
3163 4104 3179 4120 .
3225 4066 3441 4136 Ὠσπερ
3472 4061 3737 4134 γὰρὸταν

2144 4162 2283 4214 εῖπω
2311 4160 2464 4224 ναῦς,
2514 4160 2717 4213 νοεῖται
2753 4160 2786 4231 ἠ
2819 4160 2884 4212 ὲκ
2911 4157 3110 4223 ξύλων,
3151 4158 3249 4212 καὶ
3278 4158 3453 4229 ἥλων,
3485 4158 3581 4211 καὶ
3609 4156 3736 4210 πίσ-

2144 4271 2243 4323 σης
2277 4251 2428 4315 ναῦς,
2452 4251 2520 4305 δι’
2584 4244 2653 4322 ἦς
2710 4250 2970 4323 πλέομεν,
2998 4250 3059 4304 οὐ
3104 4252 3214 4322 μὴν
3249 4253 3453 4304 νοεῖται
3491 4251 3522 4321 ἠ
3554 4249 3619 4302 ὲκ
3641 4248 3737 4301 λί-

2144 4345 2251 4399 θων
2284 4345 2413 4409 ναῦς
2440 4363 2455 4377 ·
2491 4344 2558 4399 ἂν
2586 4345 2642 4400 δὲ
2673 4344 2772 4415 τὴν
2810 4345 2877 4398 ὲκ
2910 4342 3077 4398 λίθων
3134 4343 3265 4397 ναῦν
3294 4341 3542 4414 σημῆναι
3574 4341 3738 4408 θελή-

2146 4457 2350 4513 σωμεν,
2390 4437 2793 4508 προστιθέαμεν
2818 4436 2901 4502 τὸ,
2931 4434 3162 4507 λιθίνην*
3198 4434 3327 4491 ἄνευ
3350 4435 3407 4489 δὲ
3434 4436 3532 4506 τῆς
3561 4451 3737 4505 προσ-

2146 4534 2321 4603 θήκης
2376 4529 2584 4599 ταύτης
2633 4529 2736 4582 οὐκ
2761 4527 2828 4583 ἄν
2870 4544 3003 4581 ποτε
3060 4526 3282 4597 νοηθείη
3314 4528 3381 4580 ὲκ
3413 4527 3580 4597 μόνου
3630 4526 3734 4579 τοῦ

2148 4624 2281 4689 ναῦς
2310 4623 2598 4693 ὀνόματος,
2625 4622 2658 4693 ἡ
2686 4620 2864 4691 λιθίνη
2929 4618 3061 4683 ναῦς
3089 4635 3105 4651 ⁸
3160 4619 3255 4673 τὸν
3313 4618 3478 4672 αὑτὸν
3527 4623 3735 4689 τρόπον

2145 4718 2241 4771 καὶ
2264 4716 2358 4767 ἐπὶ
2386 4715 2481 4767 τοῦ
2539 4713 2744 4778 ἐλαίου,
2777 4709 2872 4764 καὶ
2917 4708 3315 4783 σησαμελαίου.
3336 4707 3594 4777 ζἜλαιον
3624 4706 3736 4762 ὀὕν

2147 4808 2319 4881 χωρὶς
2369 4805 2690 4877 προσθήκης
2745 4802 3024 4871 λέγοντες,
3053 4800 3114 4854 τὸ
3142 4798 3204 4866 ἐξ
3239 4797 3428 4863 ἐλαίας
3480 4797 3736 4869 δηλονότι

2145 4902 2304 4973 διαση
2314 4900 2583 4971 μαίνουσι.

2233 4994 2293 5047 '0
2323 4991 2488 5046 ΚΑΘ.
2521 4991 2631 5043 Καὶ
2660 4988 2821 5043 τοῦτο
2857 4989 3056 5061 ῥᾷστόν
3096 4993 3213 5043 ιστι
3235 4985 3623 5058 διορθωθῆναι.

2214 5089 2435 5143 Τούτων
2463 5085 2608 5141 οὕτω
2647 5087 2947 5159 ῥηθέντων,
2982 5084 3220 5155 ἤρξαντο
3252 5083 3303 5137 οί
3342 5084 3510 5153 ἱερεῖς
3560 5081 3731 5136 αὑτοῦ

2141 5180 2367 5252 ψάλλειν
2386 5178 2482 5233 τοῦ
2518 5176 2812 5248 ὲσπερινοῦ
2869 5177 2967 5246 τὴν
3010 5172 3341 5229 ἀκολουθίαν
3372 5172 3477 5239 ἔξω
3509 5172 3608 5241 τῆς
3646 5175 3734 5225 ὲκ-

2142 5276 2394 5343 κλησίας,
2426 5272 2567 5326 κατὰ
2605 5270 2704 5341 τὴν
2727 5270 2911 5324 αὐτῶν
2948 5268 3265 5339 συνήθειαν.

2209 5367 2319 5420 Καί
2398 5363 2846 5435 φησινόΘΕΩΡ.
2897 5362 3017 5415 Ἶνα
3066 5361 3120 5414 τί
3185 5361 3433 5414 ἵστανται
3484 5358 3589 5424 ἔξω
3629 5358 3731 5428 τῆς

2139 5458 2458 5530 ἐκκλησίας,
2488 5460 2620 5511 ὃταν
2649 5456 2925 5526 ψάλλωσιν
2951 5455 3002 5507 οί
3038 5455 3205 5524 ἱερεῖς
3236 5470 3331 5506 σου
3358 5471 3373 5518 ;

2223 5550 2285 5604 Ὀ
2310 5549 2475 5603 ΚΑΘ.
2505 5549 2849 5620 Γέγραπται,
2865 5549 2972 5603 Ἐν
2993 5544 3173 5600 παντί
3197 5544 3361 5611 τόπῳ
3381 5541 3490 5614 τῆς
3508 5540 3723 5598 δεσπο-

2139 5645 2303 5710 τείας
2331 5641 2542 5699 αὐτοῦ.
