4096 6404
471 375 570 436 195

1893 360 2324 425 TllEOlllANI

3635 355 3735 422 1’6

533 489 692 546 GEN.
737 489 812 544 Ita
844 489 956 543 ﬁat.
991 487 1161 543 Lubet
1185 488 1328 542 cnim
1354 487 1422 542 de
1445 485 1668 540 vocibus
1695 483 2042 553 quibusdam,

2217 479 2258 530 0
2296 474 2458 529 ΚΑΘ.
2499 474 2658 528 Οὕτω
2691 473 2951 540 γενέσθω.
2990 474 3263 544 Βούλομαι
3316 473 3424 545 γάρ
3459 474 3736 546 ἐρωτῆσαι

464 584 515 655 in
586 596 649 634 ea
715 581 924 647 positis,
988 581 1343 649 interrogare.
1403 577 1508 632 Sed
1547 577 1698 643 prius
1757 585 2045 640 utrumque

465 671 659 724 librum
708 671 848 724 inter
905 686 965 725 se
1009 669 1377 734 conferamus,
1423 679 1478 723 et
1507 667 1804 729 videmnus,
1835 681 1902 718 an
1941 663 2043 719 sibi

467 763 834 832 respondeant
869 781 883 818 :
917 763 1114 818 deinde
1167 777 1475 831 quaeramus
1525 759 1593 815 de
1654 759 1718 813 iis
1755 759 1807 811 in
1849 758 2046 826 quibus

465 853 544 906 ha:
555 869 753 906 remus.

828 946 1012 1002 Saneti
1046 946 1128 1000 IV
1178 947 1388 1000 concilii
1433 945 1690 1013 deﬁnitio.

538 1037 823 1091 Sulliceret
855 1039 1071 1106 quidem
1100 1039 1164 1092 ad
1196 1039 1492 1108 perfectam
1526 1038 1743 1107 pictatis
1781 1037 2046 1104 (agnitio-

466 1147 588 1183 nem
622 1139 676 1182 ct
709 1129 1202 1192 confirmationem,
1238 1130 1338 1183 hoc
1379 1129 1647 1182 eruditum
1703 1146 1764 1180 ac
1826 1127 2046 1182 salubre

467 1223 662 1276 divina:
718 1223 908 1290 gratia:
959 1223 1286 1291 symbolum,
1337 1222 1479 1290 quod
1547 1232 1600 1276 et
1640 1220 1933 1289 perfectam
1981 1222 2046 1274 de

467 1312 648 1378 Patre,
669 1326 723 1368 et
757 1315 912 1380 Filio,
933 1323 989 1368 et
1020 1314 1222 1384 Spiritu
1269 1326 1456 1368 sancto
1503 1316 1807 1369 doctrinam
1860 1316 2044 1378 tradit,

466 1416 520 1458 et
547 1405 974 1460 incarnationem
1005 1405 1215 1460 Domini
1245 1407 1478 1461 ﬁdeliter
1521 1406 1918 1476 excipientibus
1951 1422 2047 1460 ex-

467 1495 636 1549 hibet.
671 1493 776 1549 Sed
812 1496 1027 1565 quando
1054 1496 1150 1561 illi,
1187 1497 1278 1566 qui
1307 1497 1747 1566 praedicationem
1800 1496 2045 1551 veritatis

468 1588 688 1641 abolere
720 1599 1006 1653 conantur,
1039 1604 1135 1658 per
1163 1605 1287 1643 snas
1313 1591 1552 1645 haereses
1578 1603 1745 1644 novas
1774 1589 2043 1658 quasdam

469 1679 746 1734 doctrinas
792 1690 1140 1749 pepererunt,
1197 1681 1318 1736 aliis
1375 1691 1641 1750 susceptae
1689 1691 1912 1752 propter
1946 1695 2044 1734 nos

467 1773 956 1826 administrationis
988 1771 1286 1828 Dominica:
1329 1775 1644 1844 mysterium
1693 1788 2044 1839 corrumpere

2154 569 2284 640 περί
2338 586 2499 620 τινων
2556 567 2757 633 λέξεων
2797 569 2916 620 ἐκεῖ
2969 567 3262 636 κειμένων.
3295 565 3458 619 Ἀλλά
3519 568 3738 638 πρῶτον

2150 657 2532 726 ἀντιϐάλωμεν
2588 658 2877 727 ἀμφότερα
2928 657 2996 708 τὰ
3025 656 3233 724 βιϐλία,
3288 657 3384 709 καὶ
3443 657 3734 727 ίδωμεν,ε“

2150 745 2393 811 ἐξισάζει
2419 764 2432 777 ·
2468 747 2563 798 καί
2598 748 2720 799 τότε
2751 749 2880 818 περὶ
2924 741 2998 800 ὧν
3021 746 3467 817 ἀμφιϐάλλομεν,
3521 749 3733 818 ἐρωτή-

2151 857 2337 910 σομεν.

2463 931 2634 999 Ὅρος
2677 927 2784 997 τῆς
2837 931 3008 998 ἁγίας
3041 930 3089 983 δ’
3130 931 3422 986 συνόδου.

2217 1023 2419 1093 Ἤρκει
2444 1022 2546 1092 μὲν
2575 1019 2669 1075 οὖν
2693 1024 2769 1084 εἰς
2789 1024 2977 1094 ἐντελῆ
2997 1027 3100 1094 τῆς
3125 1026 3412 1088 εὐσεϐείας
3437 1025 3736 1093 ἑπίγνωσίν

2149 1131 2207 1166 τε
2233 1115 2328 1166 καὶ
2360 1114 2677 1184 βεϐαίωσιν,
2700 1115 2760 1166 τὸ
2801 1115 2966 1184 σοφὸν
3001 1118 3097 1169 καὶ
3135 1118 3412 1188 σωτήριον
3446 1119 3608 1171 τοῦτο
3641 1123 3738 1189 τῆς

2152 1205 2302 1270 θείας
2323 1210 2547 1278 χάριτος
2569 1207 2861 1277 σύμϐολον⁸
2887 1211 3016 1281 περί
3037 1229 3096 1263 τε
3122 1212 3230 1282 γὰρ
3253 1211 3349 1264 τοῦ
3380 1213 3614 1282 [1ατρὸς,
3642 1215 3738 1266 καὶ

2148 1300 2241 1352 τοῦ
2279 1300 2433 1365 Υἱοῦ,
2464 1301 2557 1352 καὶ
2582 1302 2676 1355 τοῦ
2701 1303 2855 1369 ἁγίου
2873 1303 3190 1374 Πνεύματος
3225 1304 3530 1360 ἐκδιδάσκει
3561 1306 3619 1358 τὸ
3642 1309 3738 1358 τέ-

2149 1391 2312 1456 λειον,
2334 1392 2430 1444 καὶ
2457 1391 2549 1444 τοῦ
2582 1392 2788 1463 Κυρίου
2811 1395 2912 1464 τὴν
2943 1395 3365 1466 ἐνανθρώπησιν
3387 1399 3499 1460 τοῖς
3527 1397 3739 1461 πιστῶς

2148 1481 2460 1552 δεχομένοις
2491 1484 2846 1556 παρίστησιν.
2875 1485 3015 1539 Ἀλλ’
3045 1486 3345 1556 ἐπειδήπερ
3381 1488 3431 1540 οἰ
3455 1488 3555 1557 τῆς
3602 1488 3740 1557 ἀλη-

2149 1573 2306 1636 θείας
2333 1574 2546 1628 ἀθετεῖν
2578 1574 2985 1646 ἐπιχειροῦντες
3009 1577 3069 1629 τὸ
3097 1576 3484 1646 κήρυγμα,διά
3514 1577 3620 1629 τῶν
3651 1579 3733 1630 ol-

2149 1666 2597 1738 κείωνιαὶρέσεων
2625 1670 2721 1732 τάς
2755 1668 3119 1735 καινοςωνίας
3153 1670 3440 1734 ἀπέτεκον,
3459 1672 3508 1723 οἰ
3545 1673 3643 1739 μὲν
3670 1670 3734 1722 τὸ

2147 1757 2249 1826 τῆς
2276 1757 2342 1811 δι’
2373 1761 2520 1828 ἡμᾶς
2545 1758 2641 1812 τοῦ
2675 1760 2879 1830 Κυρίου
2907 1761 3217 1832 οἰκονομίας
3238 1767 3538 1833 μυστήριον
3569 1779 3744 1835 παρα-

467 1862 816 1928 audentibus,
848 1873 902 1919 et
932 1863 1174 1934 Deiparm
1197 1841 1400 1918 vocent
1443 1863 1646 1934 Virgini
1702 1863 2042 1916 tribuendam

2153 1849 2398 1918 φθείρειν
2421 1851 2750 1920 τολμῶντες,
2785 1852 2880 1906 καὶ
2909 1854 3008 1924 τὴν
3037 1854 3298 1917 Θεοτόκος
3321 1857 3414 1908 ἐπὶ
3447 1855 3549 1925 τῆς
3581 1858 3744 1926 Παρ-

465 1955 826 2026 negantibus;
887 1955 1008 2011 aliis
1066 1957 1443 2012 confusionem
1497 1968 1554 2011 et
1614 1957 2046 2011 comntistinnem

465 2047 958 2115 introducentibns,
983 2060 1038 2103 et
1062 2066 1223 2103 unam
1256 2065 1378 2104 esse
1404 2049 1586 2104 carnis
1641 2049 2048 2116 divinitatisque

465 2152 714 2196 naturam
784 2143 950 2196 stulte
1023 2144 1593 2206 comminiscentibus,
1652 2142 1898 2210 adeoque
1954 2155 2048 2209 per

465 2239 610 2290 hanc
637 2235 1014 2291 confusionem
1043 2249 1349 2292 monstrose
1377 2235 1761 2300 statuentibus,
1809 2234 2046 2288 divinam

466 2329 740 2400 Unigeniti
777 2340 1028 2386 naturam
1061 2346 1181 2386 esse
1214 2331 1524 2400 passibilem
1556 2349 1569 2384 :
1609 2338 1896 2399 eapropter
1935 2329 2048 2380 ha-c

467 2437 680 2491 sancta,
719 2441 912 2493 magna
946 2435 1000 2479 ct
1031 2425 1361 2480 universalis
1378 2424 1642 2495 synodus,
1667 2437 1763 2476 eos
1793 2419 1862 2473 ab
1898 2418 2046 2472 omni

467 2532 655 2572 contra
693 2519 978 2572 veritatem
1010 2517 1415 2570 machinatione
1476 2515 1669 2570 volens
1731 2511 2047 2573 excludere,

469 2606 1482 2676 doctrinamquetraditamantiquitus
1545 2605 1826 2658 immotam
1894 2616 2048 2656 asse-

472 2714 617 2764 rens,
650 2710 775 2752 ante
799 2699 980 2753 omnia
1017 2699 1232 2764 statuit,
1266 2707 1323 2752 ut
1353 2709 1664 2752 sanctorum
1686 2696 1791 2750 518
1827 2693 2047 2748 l'atrum

466 2791 603 2847 fides
635 2791 947 2846 iuconvulsa
983 2803 1323 2861 permaneat.
1366 2792 1445 2845 Ac
1491 2801 1712 2861 propter
1776 2803 1872 2844 eos
1923 2790 2050 2860 qui-

469 2884 590 2936 dem
621 2883 712 2951 qui
742 2880 1003 2950 Spiritum
1036 2893 1289 2937 sanctutn
1350 2892 1690 2952 oppugnant,
1740 2881 2046 2936 doctrinam

466 2977 532 3028 de
563 2975 868 3029 substantia
894 2973 1133 3044 Spiritus
1162 2989 1192 3028 a
1228 2976 1435 3030 sanctis
1472 2973 1578 3028 illis
1613 2973 1714 3029 150
1766 2973 2046 3040 Patribus,

466 3065 672 3135 aliquot
725 3074 849 3135 post
893 3067 1052 3121 annis
1108 3067 1162 3120 in
1229 3065 1475 3137 Augusta
1525 3067 1660 3122 urbe
1711 3069 2045 3136 congressis,

2155 1941 2311 1994 θένου
2349 1943 2536 2012 φωνὴν
2567 1944 2998 2014 ἀπαρνούμενοι,
3029 1945 3079 1996 οἰ
3110 1943 3166 1998 δὲ
3193 1947 3454 2014 σύγχυσιν
3479 1947 3574 2000 xui.
3597 1948 3742 2014 κρᾶ-

2154 2049 2238 2086 σιν
2262 2034 2597 2103 εἰσάγοντες,
2663 2037 2761 2091 καὶ
2811 2037 2942 2106 μίαν
2983 2033 3126 2091 εἶναι
3185 2038 3348 2106 φύσιν
3381 2039 3482 2107 τῆς
3533 2038 3742 2107 σαρκὸς

2151 2127 2246 2179 καί
2273 2128 2374 2197 τῆς
2405 2126 2662 2198 θεότητος
2728 2128 3167 2192 ἀναπλάττοντες
3213 2131 3479 2199 ἀνοήτως,
3511 2129 3606 2182 καὶ
3630 2147 3743 2182 πα-

2153 2216 2322 2287 θητὴν
2353 2216 2450 2271 τοῦ
2483 2218 2824 2286 Μονογενοῦς
2858 2220 2958 2290 τὴν
2989 2221 3139 2274 θείαν
3167 2221 3329 2290 φύσιν
3370 2225 3436 2292 τῇ
3472 2222 3742 2290 συγχύσει

2149 2315 2578 2389 τερατευόμενοι
2609 2329 2624 2345 ·
2659 2313 2748 2366 διὰ
2779 2314 2940 2367 τοῦτο
2983 2315 3167 2368 πᾶσαν
3197 2316 3384 2378 αὐτοῖς
3412 2313 3742 2368 ἀποκλεῖσαι

2153 2403 2292 2457 κατά
2325 2405 2422 2475 τῆς
2478 2405 2740 2476 ἀληθείας
2799 2408 3054 2479 μηχανὴν
3081 2406 3385 2480 βουλομένη
3420 2410 3452 2480 ἡ
3481 2409 3742 2479 παροῦσα

2151 2495 2247 2548 νῦν
2275 2495 2474 2568 αὓτηή
2514 2499 2668 2566 ἁγία,
2700 2499 2910 2571 μεγάλη
2963 2501 3060 2554 καὶ
3103 2499 3458 2570 οἰκουμενικὴ
3497 2500 3745 2564 σύνοδος,

2153 2585 2212 2638 τὺ
2239 2586 2334 2639 τοῦ
2365 2587 2724 2658 κηρύγματος
2762 2589 2970 2644 ἀνωθεν
2995 2590 3294 2644 ἀσάλευτον
3317 2590 3739 2654 ἐκδιδάσκουσα,

2151 2677 2320 2750 ὥρισε
2353 2678 2820 2750 προηγουμένως,
2889 2688 2997 2750 τιη’
3028 2681 3198 2749 ἁγίων
3231 2684 3489 2752 Πατέρων
3519 2684 3619 2753 τὴν
3651 2683 3743 2735 πί-

2153 2787 2272 2824 στιν
2301 2771 2488 2840 μένειν
2545 2773 3044 2844 ἀπαρεγχείρητον.
3104 2776 3216 2829 Καὶ
3245 2774 3334 2828 δια
3371 2777 3472 2846 μὲν
3505 2777 3629 2840 τοὺς
3658 2777 3742 2847 τῷ

2155 2865 2434 2936 Πνεύματι
2469 2865 2548 2936 τῷ
2577 2867 2719 2936 ἁγίῳ
2751 2869 3117 2938 μαχομένους,
3140 2869 3240 2939 τὴν
3262 2872 3473 2940 χρόνοις
3507 2870 3741 2942 ὕστερον

2152 2959 2304 3029 παρὰ
2337 2959 2444 3012 τῶν
2487 2959 2583 3030 τῆς
2649 2959 3042 3031 βασιλευούσης
3095 2961 3302 3023 πόλεως
3359 2962 3728 3016 συνελθόντων

2153 3051 2324 3120 ἁγίων
2355 3050 2430 3122 ρν⁹
2459 3053 2723 3123 Πατέρων
2748 3053 2879 3123 περὶ
2908 3056 3005 3124 τῆς
3046 3053 3140 3106 τοῦ
3184 3053 3506 3124 Πνεύματος
3545 3057 3740 3117 οὐσίας

469 3157 718 3211 traditam
757 3159 1270 3228 conllrmat;quam
1301 3159 1374 3212 tlli
1402 3159 1675 3215 universis
1720 3169 1907 3213 notam
1963 3157 2042 3213 fe-

2156 3142 2565 3212 παραδοθεῑσαν
2587 3141 2936 3195 διδασκαλίαν
2966 3145 3142 3214 κυροῖ,
3167 3145 3230 3215 ἢν
3261 3146 3460 3198 ἐκεῖνοι
3483 3151 3592 3210 τοῖς
3629 3150 3741 3202 πᾶ-

465 3257 676 3312 cerunt,
707 3263 813 3303 non
845 3249 998 3318 quasi
1035 3249 1290 3320 quiddam
1321 3249 1634 3317 afferentes,
1662 3252 1806 3319 quod
1849 3249 2046 3319 priori-

463 3339 566 3396 hus
595 3341 845 3405 deesset,
875 3342 969 3397 sed
1001 3358 1154 3396 suam
1198 3341 1268 3396 de
1323 3339 1528 3412 Spiritu
1584 3353 1774 3396 sancto
1839 3350 2050 3396 senten-

468 3430 598 3484 tiam
635 3433 900 3488 adversus
938 3433 1079 3496 illos,
1106 3433 1198 3503 qui
1247 3443 1568 3502 potestatem
1647 3431 1764 3500 ejus
1828 3431 2047 3485 abolere

461 3522 844 3591 conabantur,
893 3539 1168 3579 sacrarum
1228 3523 1550 3580 Litterarum
1600 3524 1928 3579 testimoniis
1981 3523 2047 3576 il-

463 3615 800 3670 lustrantes:
869 3627 1091 3686 propter
1142 3633 1236 3672 eos
1291 3633 1440 3681 vero,
1493 3618 1583 3686 qui
1641 3627 2043 3671 sacramentum

465 3707 766 3762 Dominicte
821 3707 1247 3776 dispensationis
1318 3706 1664 3762 falsariorum
1725 3723 1876 3762 more
1921 3722 2046 3761 cor-

465 3815 721 3869 rumpere
743 3807 979 3864 tentant,
1007 3798 1453 3869 etimprudenter
1513 3815 1706 3869 purqu
1768 3799 2044 3855 hominem

461 3906 585 3947 esse
619 3901 890 3961 nugantur
941 3905 1066 3945 cum
1107 3891 1197 3959 qui
1253 3892 1320 3946 de
1365 3902 1551 3946 saneta
1617 3888 1838 3962 Virgine
1876 3890 2044 3946 Maria

463 3993 778 4052 procreatus
813 3982 948 4050 fuit;
985 3982 1125 4037 beati
1159 3980 1367 4053 Cyrilli,
1398 3982 1488 4051 qui
1512 3981 1896 4037 Alexandrina:
1945 3998 2042 4052 pa-

463 4086 580 4130 stor
602 4075 850 4129 ecclesia:
881 4072 1004 4139 fuit,
1027 4073 1315 4145 synodales
1337 4071 1403 4126 ad
1425 4071 1737 4127 Nestorium
1763 4080 1816 4127 et
1845 4069 2042 4126 Orien-

464 4167 599 4222 tales
631 4168 918 4237 episcopos
954 4167 1164 4222 litteras
1216 4166 1320 4222 sibi
1352 4166 1760 4221 consentientes
1793 4165 2042 4235 amplexa

459 4270 586 4314 est:
627 4269 737 4314 tum
770 4260 836 4315 ad
866 4259 1204 4314 Nestoriana:
1253 4258 1540 4313 dementia:
1587 4256 2040 4321 confutationem,

461 4361 576 4404 tum
612 4352 677 4405 ad
716 4351 1218 4420 interpretationem
1283 4366 1384 4420 pro
1438 4351 1504 4404 iis
1555 4350 1885 4416 institutam,
1943 4348 2040 4417 qui

457 4444 549 4514 pio
571 4442 688 4498 zelo
711 4442 940 4514 symboli
960 4441 1195 4496 salubris
1213 4441 1544 4496 intellectum
1572 4441 1905 4496 desiderant.
1935 4440 2029 4493 At-

2153 3250 2237 3287 σιν
2261 3232 2594 3305 ἐγνώρισαν·
2626 3235 2723 3304 οὐχ
2751 3233 2828 3298 ὥς
2865 3251 2919 3288 τι
2953 3234 3141 3288 λοιπὸν
3189 3239 3302 3300 τοῖς
3365 3238 3739 3308 προλαϐοῦσιν

2149 3327 2559 3396 ἐπεισάγοντες,
2593 3327 2731 3381 ἀλλὰ
2758 3329 2858 3398 τὴν
2894 3329 3024 3400 περὶ
3049 3327 3146 3382 τοῦ
3197 3331 3356 3399 ἁγίου
3413 3334 3739 3404 Πνεύματος

2150 3419 2332 3473 αὐτῶν
2387 3421 2620 3487 ἔννοιαν,
2681 3424 2828 3476 κατά
2872 3423 2981 3476 τῶν
3031 3426 3133 3495 τὴν
3191 3425 3361 3480 αὑτοῦ
3411 3427 3739 3482 δεσποτείαν

2151 3514 2367 3566 ἀθετεῖν
2405 3515 2786 3586 πειρωμένων,
2825 3517 3134 3586 Γραφικαῖς
3164 3519 3493 3591 μαρτυρίαις
3519 3521 3740 3593 τρανώ-

2152 3621 2368 3667 σαντες·
2408 3606 2494 3660 διὰ
2518 3606 2574 3659 δὲ
2595 3607 2724 3670 τοὺς
2754 3607 2815 3660 τὸ
2833 3610 2931 3677 τῆς
2957 3609 3278 3678 οἰκονομίας
3330 3607 3741 3681 παραφθείρείν

2149 3697 2564 3769 ἐπιχειροῦντας
2594 3702 2917 3771 μυστήριον,
2943 3702 3039 3754 καὶ
3068 3701 3227 3771 ψιλὸν
3257 3703 3557 3773 ἄνθρωπον
3578 3701 3737 3774 ξεῖναι

2147 3790 2240 3844 τὸν
2290 3792 2493 3861 ἐκτῆς
2529 3792 2692 3860 ἀγίας
2754 3794 3036 3864 Παρθένου
3073 3794 3338 3864 τεχθέντα
3362 3797 3609 3867 Μαρίας,
3635 3800 3739 3852 ἀν-

2147 3881 2312 3944 αιδῶς
2378 3880 2780 3952 ληρωδοῦντας,
2821 3883 2921 3945 τάς
2981 3882 3074 3936 τοῦ
3117 3885 3392 3955 μακαρίου
3433 3885 3733 3955 Κυρίλλου,

2145 3972 2241 4025 τοῦ
2300 3975 2398 4042 τῆς
2438 3973 2831 4044 Ἀλεξανδρέων
2879 3975 3212 4045 Ἐκκλησίας
3261 3977 3559 4046 γενομένου
3609 3995 3736 4030 ποι·

2149 4066 2311 4136 μένος
2343 4067 2625 4130 συνοδικάς
2670 4068 2963 4130 ἐπιστολάς
3025 4069 3162 4139 πρός
3192 4086 3253 4122 τε
3281 4070 3598 4142 Νεστόριον,
3638 4073 3736 4126 καὶ

2143 4158 2269 4222 τοὺς
2301 4159 2403 4230 τῆς
2435 4160 2730 4230 Ἀνατολῆς
2782 4161 3079 4232 ἀρμοδίους
3138 4160 3308 4226 οὔσας
3357 4163 3596 4230 ἐδέξατο·
3649 4167 3736 4228 εἰς

2143 4250 2365 4321 ἔλεγχον
2391 4253 2491 4323 μὲν
2520 4252 2618 4323 τῆς
2641 4253 2936 4325 Νεστορίου
2962 4254 3407 4325 φρενοϐλαϐείας,
3434 4259 3736 4330 ἑρμηνείαν

2143 4343 2201 4397 δὲ
2244 4345 2356 4397 τῶν
2429 4345 2648 4398 εὐσεϐεῖ
2697 4346 2848 4416 ζήλῳ
2887 4347 2981 4400 τοῦ
3011 4350 3284 4420 σωτηρίου
3325 4353 3604 4422 συμϐόλού
3634 4372 3734 4406 πο-

2145 4435 2385 4490 Θούντων
2418 4437 2516 4508 τὴν
2541 4437 2786 4493 ἔννοιαν·
2830 4433 2918 4502 αἷς
2972 4443 3068 4494 καὶ
3125 4441 3226 4512 τὴν
3289 4443 3580 4515 ἐπιστολὴν
3635 4445 3733 4498 τοῦ

460 4552 566 4606 que
598 4536 681 4592 his
707 4535 995 4604 epistolam
1023 4551 1238 4604 quoque
1267 4533 1563 4590 beatissimi
1599 4534 2040 4603 sanctissimique

2147 4529 2240 4597 τῆς
2272 4530 2538 4601 μεγίστης
2576 4529 2799 4601 Ῥώμης
2833 4532 3124 4603 προέδρου,
3175 4533 3272 4587 τοῦ
3303 4539 3732 4608 μακαριωτάτου

461 4626 856 4696 archiepiscopi
879 4625 1098 4691 Leonis,
1133 4625 1278 4681 illius
1306 4626 1558 4679 maximae
1606 4626 1792 4680 horna:
1851 4623 2040 4694 pra-si-

461 4718 568 4782 dis,
624 4718 691 4772 ad
729 4727 931 4772 sancta:
963 4718 1238 4772 memoriae
1291 4717 1611 4772 Flavianum
1673 4717 2042 4786 archiepisco—

458 4826 610 4881 pum,
654 4810 960 4865 evertendte
1013 4811 1432 4879 depravatiouis
1462 4809 1817 4879 Eutycbiaua:
1874 4824 2039 4863 causa

457 4905 739 4974 scriptam,
773 4903 936 4958 veluti
963 4904 1142 4971 magni
1173 4903 1316 4957 illius
1345 4903 1490 4956 Petri
1523 4901 1855 4957 confessioni
1901 4917 2037 4957 cou-

455 4996 791 5059 venieutem,
824 5007 876 5048 et
910 4996 1218 5049 columnam
1243 4994 1532 5063 quamdam
1560 5003 1720 5048 recta:
1756 4994 2040 5048 sententia:

459 5089 756 5160 publicam,
785 5089 1048 5142 adversus
1083 5087 1345 5140 tnalarum
1392 5087 1707 5156 opinionum
1758 5095 2036 5151 auctores,

458 5179 526 5234 ad
572 5181 872 5234 orthodoxa
937 5179 1186 5247 dogmata
1240 5178 1588 5242 stabilienda,
1651 5178 1848 5233 merito
1909 5193 2039 5233 con-

449 5272 651 5340 junxit.
673 5272 808 5325 Nam
835 5282 890 5326 et
917 5272 982 5325 iis
1005 5273 1117 5325 haec
1149 5271 1373 5340 opponit
1415 5285 1558 5336 sese,
1594 5270 1686 5338 qui
1714 5285 2034 5325 sacramen-

459 5376 570 5418 tum
605 5364 1030 5432 dispensationis
1058 5363 1111 5415 iu
1149 5365 1284 5417 duos
1317 5362 1453 5416 lilios
1490 5363 1799 5417 distrahere
1851 5363 2038 5416 nitun-

461 5466 583 5519 tur;
626 5465 680 5508 et
709 5471 802 5510 eos
829 5465 972 5509 cwtu
1011 5465 1326 5510 sanctorum
1361 5454 1605 5524 expellit,
1643 5453 1736 5523 qui
1797 5452 2029 5522 passibiv

459 5548 565 5600 lem
626 5549 808 5602 dicere
865 5547 1202 5603 divinitatem
1263 5547 1537 5616 Unigcniti
1605 5548 1846 5612 audent;
1880 5546 2036 5601 etiis

458 5639 686 5704 resistit,
715 5639 803 5707 qni
838 5639 889 5692 in
915 5639 1127 5694 duabus
1176 5639 1376 5694 Christi
1427 5640 1638 5693 naturis
1700 5638 2035 5693 commistio-

455 5745 580 5784 nem
619 5730 700 5782 vel
727 5729 1100 5784 confusionem
1127 5730 1510 5799 excogitautet
1548 5743 1642 5784 eos
1675 5727 2029 5794 exterminat,

455 5822 547 5890 qui
583 5831 854 5886 sumptam
883 5825 947 5879 de
984 5821 1137 5879 nobis
1161 5822 1414 5879 servilem
1447 5820 1702 5886 formant,
1751 5821 2030 5878 cwlcstem

2147 4620 2242 4673 καὶ
2275 4621 2582 4688 ἀγιωτάτου
2632 4623 3073 4694 ἀρχιεπισκόπου
3097 4625 3351 4693 Λέοντος,
3379 4631 3479 4700 τὴν
3503 4633 3736 4700 γραφεῖ-

2148 4729 2247 4765 σαν
2280 4714 2414 4784 πρὸς
2445 4715 2536 4768 τὸν
2591 4715 2650 4767 ἐν
2677 4715 2856 4784 ἁγίοις
2909 4717 3345 4788 ἀρχιεπίσκοπον
3405 4721 3731 4792 Φλαϐιανδν,

2143 4803 2230 4856 ἐπ’
2257 4805 2540 4875 ἀναιρέσει
2588 4805 2690 4876 τῆς
2743 4807 3006 4880 εὐτυχοῦς
3069 4813 3384 4876 κακονοίας,
3441 4814 3536 4868 ἆτε
3568 4815 3632 4886 δὴ
3663 4821 3731 4888 τῇ

2141 4892 2237 4946 τοῦ
2292 4895 2529 4964 μεγάλου
2573 4896 2782 4967 Πέτρου
2839 4899 3103 4972 ὁμολογίᾳ
3154 4902 3593 4969 συμϐαίνουσαν’
3634 4907 3732 4958 καὶ

2143 4987 2332 5056 κοινήν
2389 5005 2512 5040 τινα
2550 4988 2754 5060 στήλην
2811 4990 3123 5058 όρθοδοξίας
3187 4995 3330 5047 κατὰ
3364 4995 3474 5048 τῶν
3503 4996 3733 5050 κακοδο-

2144 5076 2400 5142 ξούντων,
2432 5080 2660 5144 εἰκότως
2693 5083 3033 5153 συνήρμοσε,
3071 5084 3211 5154 πρὸς
3244 5085 3343 5157 τὴν
3372 5087 3480 5141 τῶν
3511 5088 3735 5160 ὀρθοδό-

2145 5170 2250 5234 ξων
2272 5172 2563 5240 δογμάτων
2608 5174 2925 5240 βεϐαίωσιν.
2975 5177 3102 5240 Τοῖς
3132 5195 3192 5230 τε
3225 5180 3334 5249 γὰρ
3365 5180 3446 5242 εἰς
3477 5179 3604 5233 Υἰὸν
3627 5181 3730 5251 τὴν

2139 5265 2326 5333 δυάδα,
2363 5267 2423 5319 τὸ
2450 5270 2552 5336 τῆς
2603 5266 2918 5336 οἰκονομίας
2960 5269 3196 5341 διασπᾷν
3247 5273 3587 5343 ἐπιχειροῦσι
3623 5292 3732 5343 μυ-

2141 5360 2383 5426 στήριον,
2446 5359 2888 5429 παρατάττεται·
2921 5362 3174 5424 καὶτοὺς
3236 5363 3489 5434 παθητὴν
3544 5363 3728 5432 λέγειν

2139 5452 2454 5522 τολμῶντας
2487 5452 2583 5506 τοῦ
2637 5453 2979 5520 Μονογενοῦς
3045 5456 3144 5525 τὴν
3180 5455 3432 5525 θεότητα,
3464 5457 3559 5510 τοῦ
3612 5459 3724 5512 τῶν

2141 5543 2303 5612 ἱερῶν
2335 5543 2639 5597 ἀπωθεῖται
2670 5544 2956 5614 συλλόγου’
2987 5547 3214 5608 καὶτοῖς
3244 5548 3337 5600 ἐπὶ
3368 5547 3462 5600 δύο
3503 5547 3723 5617 φύσεων

2138 5634 2231 5688 τοῦ
2289 5635 2534 5703 Χριστοῦ
2587 5637 2847 5708 κρᾶσινῆ
2910 5638 3178 5708 σύγχυσιν
3221 5639 3532 5693 ἐπινοοῦσιν
3569 5641 3724 5694 ἀνθί-

2138 5727 2484 5780 σταταιοκαὶ
2540 5730 2668 5792 τοὺς
2715 5728 2992 5798 οὐράνιον,
3045 5729 3306 5801 ἢέτέρας
3357 5731 3502 5793 τινὸς
3548 5732 3726 5801 ὑπάρ-

2138 5839 2256 5892 χειν
2285 5821 2473 5890 ούσίας
2526 5822 2625 5893 τὴν
2658 5821 2716 5888 ἐξ
2749 5823 2908 5894 ἡμῶν
2966 5822 3269 5894 ληφθεῖσαν
3299 5824 3450 5896 αὐτῷ
3480 5825 3579 5896 την
3608 5823 3726 5877 δού-
