2048 3200
14 2 120 9 -ν--τ

158 172 210 205 19'!

851 171 1081 201 DlSPUTATIO
1103 170 1125 200 Ι.

1747 173 1798 206 193

153 231 204 258 λου
218 228 330 266 μορφὴν
346 227 571 264 παραπταίοντας
586 227 737 262 ὶξιλαύνεν
762 227 810 255 καὶ
824 227 887 259 τοὺς
902 227 948 254 δύο

1012 233 1076 256 355e,
1095 226 1136 253 vel
1153 225 1264 253 alterius
1280 226 1418 259 cujusdam
1437 228 1598 257 substantiae
1620 230 1751 265 delirant;
1770 239 1801 262 et

157 275 208 311 μὶν
223 275 280 311 πρὸ
291 273 344 305 τῆς
362 273 489 303 tacitum;
513 272 610 308 φύσεις
635 273 682 300 τοῦ
699 273 806 308 Κυρίου
819 272 951 308 μυθεύον-

155 329 215 353 τας,
232 320 300 356 μίαν
314 318 345 346 δὲ
359 317 430 354 μετὰ
444 317 496 353 τὴν
510 317 610 349 ἕνωσιν
634 318 869 351 ἀναπλάττοντας,
884 319 951 345 ἀνα-

134 380 139 386 -
156 366 311 403 θεματίζιι.

197 433 347 468 Ἐτοόμενοι
365 433 458 460 τοίνυν
473 434 531 466 τοῖς
551 433 640 468 ἁγίοις
664 434 822 469 Πατράσιν,
838 433 885 459 ἕνα
906 434 954 460 καὶ

158 480 204 506 τὸν
225 478 309 506 αὐτὸν
319 479 466 515 ὁμολογεῖν
477 480 551 513 Υἱον,
569 479 615 507 τον
629 480 733 515 Κύριον
748 479 828 515 ἡμῶν
849 479 954 515 Ἰησοῦν

159 523 296 560 Χριστὸν,
312 523 472 559 συμφώνως
487 525 607 556 ἅπαντας
622 525 819 560 ὲκδιδάσκομεν
830 534 837 540 ·
852 526 954 552 τέλειον

161 571 208 598 τδν
220 571 301 598 αὐτὸν
324 571 355 598 ἂν
373 570 493 606 θεότητι,
517 571 565 598 καὶ
584 571 690 598 ¹ι-έλειον
706 571 752 597 τὸν
765 571 846 598 αὑτὸν
860 573 889 598 ἐν
909 573 956 598 ἀν-

163 616 334 653 θρωπότητι·
359 616 428 643 Θεὸν
455 616 578 651 ἀληθῶς,
603 617 651 644 καὶ
673 617 820 652 ἄνθρωπον
845 617 955 652 ἀληθῶς

163 663 212 690 τὸν
223 662 316 696 αὐτον,
341 662 374 689 ἐκ
388 661 480 698 ψυχῆς
496 661 611 696 λογικῆς
626 662 676 689 καί⁸
693 660 820 698 σώματος
833 671 839 677 ·
859 663 954 698 ὸμοού.

166 717 225 737 σιον
249 708 288 744 τῷ
315 708 405 744 Πατρὶ
429 708 503 736 κατὰ
520 708 652 744 θεὰτητα,
683 709 730 735 καὶ
747 708 891 744 ὁμοούσιον
911 709 956 735 τὸν

164 755 249 782 αὑτὸν
275 756 343 791 ἡμῖν
365 754 440 782 κατὰ
469 754 519 790 τὴν
542 754 761 790 ἀνθρωπότητα·
777 756 849 782 κατὰ
866 756 956 782 πάντα

162 803 255 837 ὅμοιον
271 802 349 838 ἡμῖν,
366 802 453 837 χωρὶς
477 801 635 837 ἁμαρτία;’
652 801 706 837 πρὸ
720 801 829 829 αἰώνων
853 802 904 836 μὲν
924 803 955 828 ὲκ

161 848 210 876 τοῦ
246 847 355 884 Πατρδς
386 847 555 884 γεννηθέντα
581 848 651 875 κατὰ
673 849 723 884 τὴν
751 848 884 883 θεότητα·
912 848 956 874 ἐπ’

161 895 287 931 ἐσχάτων
301 894 331 921 δὶ
345 894 402 921 τῶν
413 894 527 930 ἡμερῶν
541 894 588 922 τὺν
603 894 687 922 αὐτὸν
700 895 734 921 δι’
747 895 834 930 ἡμᾶς,
854 895 902 921 καὶ
914 895 956 921 διὰ
974 899 993 925 ιι

161 940 221 977 τὴν-
231 940 373 976 ἡμετέραν
390 940 529 975 σωτηρίαν
549 942 582 967 ὲκ
607 940 720 975 Μαρίας
737 941 789 976 τῆς
815 941 955 976 Παρθένου

161 987 213 1021 τῆς
228 986 374 1018 Θεοτόκου,
395 985 469 1013 κατὰ
482 986 532 1022 τὴν
547 985 764 1022 ὰνθρωπότητα,
783 987 832 1014 ἕνα
845 988 893 1014 καὶ
909 987 956 1013 αὺ-

163 1033 212 1060 τὸν
234 1033 365 1069 Χριστὸν,
387 1032 464 1065 Υιδν,
483 1032 597 1068 Κύριον,
612 1033 766 1068 Μονογενῆ,
789 1034 820 1060 ὲκ
838 1033 886 1060 δύο
905 1033 957 1067 φύ-

164 1087 236 1106 σεων
262 1079 437 1114 ἀσυγχύτως,
467 1079 624 1115 ἀτρέπτως,
652 1080 825 1114 ἁδιαιρέτως,
855 1081 957 1115 ἀχωρί-

166 1134 239 1158 στως
252 1125 473 1162 γνωριζόμενον·
499 1125 618 1162 οὐδαμοῦ
635 1126 687 1161 τῆς
699 1126 753 1153 τῶν
771 1127 880 1162 φύσεων
897 1127 957 1153 61a-

165 1172 254 1207 φορας
272 1171 456 1208 ἀνῃρημένης
479 1171 525 1199 διὰ
539 1172 590 1207 τὴν
612 1172 728 1204 ἕνωσιν,
752 1172 910 1208 σωζομένης
930 1173 958 1198 δὲ

167 1217 270 1253 μᾶλλον
287 1217 337 1252 τῆς
358 1217 491 1252 ἰδιότητος
506 1217 642 1252 ἑκατέρας
662 1217 772 1252 φύσεως
784 1238 791 1250 ,
808 1219 856 1244 καὶ
871 1219 911 1250 είς
929 1218 958 1244 ἓν

167 1263 315 1299 πρόσωπον
338 1263 387 1290 καὶ
409 1263 475 1299 μίαν
502 1264 654 1290 ὑπόστασιν
670 1264 892 1299 συντρεχούσης·
908 1264 959 1290 οὐκ

167 1311 208 1342 εἰς
220 1309 268 1338 δύο
283 1309 420 1346 πρόσωπα
437 1309 621 1345 μεριζόμενον
636 1310 652 1345 ῆ
671 1309 877 1345 διαιρούμενον,
900 1309 958 1336 ἀλλ’

168 1355 216 1383 ἱνα
230 1355 278 1383 καὶ
291 1356 340 1382 τὸν
354 1354 437 1382 αὑτὸν
454 1355 519 1382 Υίόν
533 1357 683 1390 μονογενῆ,
700 1355 768 1383 Θεὸν
780 1356 878 1390 Δὸγον,
900 1356 958 1382 Κύ-

168 1410 228 1438 ριον
244 1401 350 1437 Ἰησοῦν
364 1401 503 1436 Χριστόν·
519 1401 649 1437 καθάπερ
663 1401 770 1429 ἄνωθεν
783 1403 807 1428 οί
820 1403 959 1437 προφῆται

169 1448 234 1484 περὶ
253 1447 349 1480 αὑτοῦ,
373 1447 420 1474 καὶ
432 1447 516 1478 αὐτὸς
530 1447 605 1482 ἡμᾶς
622 1448 636 1474 ὁ
649 1447 754 1482 Κύριος
774 1446 877 1482 Ἰησοῦς
892 1448 960 1482 Χρι-

170 1494 235 1526 στὸς
253 1493 444 1527 ὲξεπαίδευσε,
457 1494 504 1521 καὶ
515 1493 546 1520 τὸ
559 1494 614 1520 τῶν
630 1494 763 1529 Πατὲρων
777 1493 858 1528 ἡμῶν
870 1502 961 1529 παρα-

167 1541 270 1568 δέδωκε
305 1540 453 1576 σύμϐολον,
495 1540 606 1566 Τούτων
639 1540 731 1566 τοίνυν
764 1540 834 1574 μετὰ
867 1541 959 1575 πάσης

168 1586 341 1622 πανταχόθεν
353 1586 500 1622 ἀκριδείας
518 1594 548 1613 τε
573 1586 620 1613 καὶ
632 1585 784 1620 ἐμμελείας
801 1585 866 1620 παρ’
882 1586 961 1621 ἡμῶν

167 1633 418 1665 διατυπωθὲντων,
446 1633 549 1668 ὥρισεν
574 1633 591 1667 ἡ
619 1632 686 1666 ἁγία
711 1634 759 1658 καὶ
781 1632 961 1666 οίκουμενικὴ

169 1681 293 1713 αὑνοδος,
309 1680 408 1716 ἑτέραν
424 1679 517 1706 πίστιν
537 1679 634 1714 μηδενὶ
653 1679 755 1711 ἐξεῖναι
769 1679 930 1714 προφέρειν.
945 1679 960 1714 ἢ

169 1726 354 1762 συγγράφειν,
370 1725 387 1761 ἢ
405 1725 572 1758 συντιθέναι,
597 1725 614 1760 ἢ
640 1727 762 1761 φρονεῖν,
785 1726 801 1760 ἢ
823 1726 962 1752 διδάσκειν

169 1775 296 1810 ἑτέρους.
323 1774 396 1805 Τοὺς
417 1773 446 1800 δὲ
468 1772 630 1809 τολμῶντας
657 1773 673 1807 ἢ
693 1773 848 1799 συντιθέναι
868 1774 962 1800 πίστιν

170 1822 279 1856 ἑτέραν.
298 1821 386 1856 ἤγουν
405 1819 597 1855 προκομίζειν,
625 1819 642 1854 ἢ
659 1819 805 1851 διδάσκειν,
831 1819 848 1854 ἢ
873 1828 963 1853 παρα-

169 1867 270 1895 διδόναι
282 1867 379 1902 ἒτιρον
394 1865 532 1901 σύμϐολον
548 1866 606 1897 τοῖς
623 1865 764 1892 ἐθέλουσιν
781 1865 961 1900 ἐπιστρέφειν

172 1916 214 1947 et;
230 1913 381 1948 ἐπίγνωσιν
400 1912 532 1948 ἀληθείας
547 1911 578 1944 ὲξ
595 1910 786 1946 Ἑλληνισμοῦ,
809 1911 826 1946 ἢ
851 1911 963 1937 Ἰουδαῖ-

172 1960 254 1997 σμοῦ,
270 1960 356 1995 ἤγουν
369 1959 543 1995 ἐξαιρέσεως
556 1959 607 1994 τῆς
615 1958 823 1993 οίασδηποτοῦν,
837 1958 962 1991 τούτους,

169 2009 196 2035 εἰ
214 2007 266 2043 μὲν
278 2005 334 2034 εἷεν
347 2006 496 2034 ιπίσκοποι
510 2005 527 2041 ἢ
553 2005 683 2040 Ληρικοὶ
692 2025 702 2038 ,
717 2004 879 2040 ἀλλοτρίους
892 2002 963 2031 εἶναι

169 2054 236 2086 τοὺς
255 2053 423 2084 ἑπισκάπους
446 2051 498 2086 τῆς
521 2050 677 2083 ἐπισκοπῆς
689 2058 698 2065 ι
722 2051 769 2077 καὶ
786 2050 850 2082 τοὺς
866 2050 964 2085 κληρι-

171 2101 250 2133 ιοίις,
265 2099 314 2127 τοῦ
330 2099 454 2135 κλήρου·
470 2098 495 2124 εί
509 2097 539 2125 δὲ
557 2097 721 2133 μονάζοντες
746 2097 764 2132 ἢ
784 2096 875 2123 λαῖκοὶ
895 2094 962 2130 εῐενι,

170 2145 426 2182 ἁναθεματίζεσθαι
439 2143 552 2175 αὐτούς.

213 2209 292 2237 Ἐπεὶ
304 2208 334 2236 δδ
349 2206 512 2243 ἀνεγνώσθη
530 2207 545 2234 ὁ
557 2207 638 2242 ὅρος,
661 2206 708 2233 καὶ
722 2206 756 2232 τὰ
772 2205 863 2240 βιϐλία
886 2205 964 2240 εὐρέ-

1007 280 1065 304 eos,
1081 272 1125 306 qui
1139 272 1206 299 duas
1224 273 1331 306 quidem
1351 274 1454 300 Domini
1466 280 1576 302 naturas
1588 282 1650 304 ante
1667 279 1798 307 unionem

1007 317 1175 350 fabulantur,
1191 326 1272 345 unam
1286 326 1349 347 vero
1365 327 1426 354 post
1449 323 1575 351 unionem
1598 325 1715 360 ﬁngunt,
1733 333 1800 353 arra-

1009 364 1179 391 thematizat.

1045 427 1197 463 Sequentes
1211 437 1276 464 ergo
1290 436 1399 458 sanctos
1411 432 1471 460 illos
1486 433 1594 467 Patres,
1609 437 1726 465 universi
1736 446 1801 466 cou-

1008 481 1075 500 soua
1084 482 1149 501 voce
1158 483 1239 502 unmn
1247 482 1274 503 et
1284 477 1409 504 eumdem
1418 478 1515 506 Filium
1526 480 1668 509 Dominum
1677 490 1798 512 nostrum

1006 519 1098 546 Jesum
1112 521 1262 553 Christum,
1281 523 1462 551 conﬁtendum
1476 534 1537 553 esse
1554 528 1683 556 docemus
1698 538 1704 556 :
1721 538 1800 557 euru-

1008 566 1068 592 dern
1084 566 1110 594 in
1121 567 1264 594 divinitate
1276 569 1427 602 perfectum
1439 573 1599 600 eterundem
1613 575 1762 608 perfectum
1772 578 1802 604 in

1010 611 1198 640 humanitate:
1216 622 1278 642 vere
1290 615 1386 648 Deum,
1399 622 1425 643 et
1441 619 1567 646 eunrdem
1587 628 1649 648 vere
1665 622 1799 649 hominem

1008 665 1039 684 ex
1052 658 1184 692 participe
1197 660 1311 688 rationis
1324 662 1413 688 anima
1424 671 1592 698 corporeque
1601 673 1774 695 constantem
1792 679 1800 697 :

1008 702 1129 737 ejusdem
1146 712 1208 730 eum
1225 705 1305 732 Patre
1318 707 1488 740 substantiae,
1506 712 1655 737 secundum
1675 713 1804 740 divinita-

1011 751 1076 779 rem,
1092 752 1119 774 et
1144 749 1270 776 eumdem
1302 752 1442 778 ttobiscurn
1476 754 1596 788 ejusdem
1629 757 1802 793 substantiae,

1010 794 1157 821 secundum
1175 795 1371 825 humanitatem
1388 807 1394 825 :
1409 799 1525 827 similem
1543 802 1619 829 nobis
1635 812 1683 837 per
1698 807 1803 838 omnia,

1009 845 1124 873 excepto
1142 846 1254 874 peccato
1270 851 1276 868 :
1292 848 1353 870 ante
1367 846 1464 872 swcula
1482 847 1591 880 quidem
1606 856 1639 875 ex
1660 849 1740 878 Patre
1754 860 1803 886 ge-

1010 885 1106 916 nilum,
1136 887 1224 920 quoad
1254 888 1435 924 divinitatem,
1465 894 1595 921 extremis
1619 903 1683 922 vero
1707 885 1803 926 diebus

1008 933 1135 959 cunzdem
1150 941 1261 969 propter
1273 944 1332 969 nos,
1348 943 1375 963 et
1403 939 1520 966 salutem
1546 947 1677 975 nostram,
1709 948 1802 970 nattttn

1009 985 1042 1003 ex
1073 977 1156 1005 Maria
1182 980 1288 1014 Virgine
1315 981 1444 1017 Deipara,
1469 986 1620 1013 secundum
1647 988 1803 1015 humanita-

1010 1028 1063 1049 tetn
1080 1032 1086 1049 :
1103 1032 1184 1051 unum
1200 1031 1228 1052 et
1245 1028 1370 1055 eumdem
1404 1029 1543 1058 Christum
1571 1031 1682 1067 Filium,
1711 1035 1802 1062 Domi-

1010 1077 1084 1100 num,
1103 1069 1290 1105 Uuigeuitum,
1306 1073 1352 1107 qui
1365 1073 1471 1102 duabus
1484 1084 1516 1103 ex
1534 1078 1639 1105 naturis
1650 1080 1716 1106 citra
1735 1088 1802 1107 cort-

1011 1114 1156 1147 fusionem,
1176 1118 1365 1151 mutationem,
1387 1120 1560 1154 divisionem,
1589 1125 1802 1158 scpararionern,

1011 1161 1190 1195 agnosdtur;
1234 1171 1403 1197 nequaquam
1444 1171 1601 1194 naturarum
1644 1170 1803 1198 discrimine

1010 1212 1122 1240 propter
1150 1208 1276 1235 unionem
1303 1211 1421 1242 sublato,
1459 1215 1505 1239 sed
1530 1214 1671 1249 utriusque
1698 1221 1804 1244 natura:

1012 1253 1178 1286 proprietate
1203 1255 1276 1281 Salva
1306 1257 1406 1290 potius,
1435 1262 1461 1283 et
1492 1258 1518 1284 in
1544 1267 1624 1286 uuam
1658 1269 1804 1295 personam

1012 1306 1147 1334 unamque
1160 1302 1318 1336 hypoglasiu
1330 1308 1464 1330 coeunte:
1483 1312 1535 1331 non
1552 1306 1577 1331 in
1593 1306 1660 1334 duas
1672 1315 1804 1341 personas

1011 1344 1176 1380 discerptum
1194 1347 1235 1374 vel
1251 1348 1381 1381 divisum,
1397 1350 1444 1376 sed
1464 1358 1547 1377 unum
1570 1357 1596 1378 et
1613 1354 1737 1380 eumdem
1757 1354 1802 1381 Fi-

1012 1390 1078 1416 lium
1092 1392 1246 1426 unigenam,
1262 1393 1346 1420 Deum
1361 1394 1531 1428 Sermonem,
1548 1396 1692 1424 Dorninunt
1711 1398 1804 1426 Jesum

1012 1436 1150 1464 Christum
1167 1447 1173 1465 :
1205 1438 1277 1465 sicut
1304 1439 1369 1467 olim
1388 1446 1463 1468 vates
1477 1442 1510 1469 de
1531 1442 1600 1476 ipso,
1619 1447 1646 1470 et
1670 1444 1727 1479 ipse
1754 1453 1805 1473 nos

1014 1481 1144 1510 Dominus
1155 1483 1235 1511 Jesus
1247 1485 1374 1513 Christus
1388 1487 1499 1520 erudiit,
1512 1493 1540 1514 et
1565 1490 1719 1524 symbolum
1735 1490 1801 1518 illud

1012 1527 1122 1556 Patrum
1141 1536 1296 1557 nostrorum
1313 1533 1434 1560 tradidit.
1451 1533 1498 1560 llis
1513 1542 1577 1569 ergo
1589 1543 1652 1562 cum
1667 1537 1740 1564 omni
1754 1545 1806 1565 un-

1013 1576 1094 1610 dique
1109 1577 1285 1604 aecuratioue
1308 1578 1504 1615 diligentiaque
1532 1589 1546 1608 a
1568 1582 1647 1610 nobis
1677 1584 1805 1617 saneitis,

1014 1630 1090 1649 sacra
1104 1627 1131 1650 et
1146 1623 1308 1651 universalis
1326 1626 1444 1659 synodus
1473 1626 1604 1661 decrevit,
1631 1629 1733 1656 nemini
1763 1629 1805 1657 fas

1013 1676 1074 1695 esse
1091 1669 1171 1696 ﬁdem
1197 1670 1277 1697 aliam
1294 1671 1427 1705 proferre,
1446 1673 1487 1700 vel
1503 1673 1528 1700 in
1561 1673 1666 1701 litteras
1691 1674 1806 1708 referre,

1015 1715 1055 1741 vel
1073 1723 1247 1749 componere,
1264 1717 1306 1743 vel
1322 1718 1460 1752 amplecti,
1477 1719 1519 1746 vel
1545 1720 1614 1747 alios
1634 1721 1742 1748 docere.
1775 1722 1805 1748 Si

1014 1762 1058 1795 qui
1073 1769 1136 1788 vero
1148 1762 1250 1789 fuerint
1265 1763 1323 1790 ausi
1339 1765 1420 1791 iidem
1453 1765 1534 1792 aliam
1564 1766 1604 1793 vel
1629 1774 1807 1802 courponere,

1014 1808 1071 1834 sive
1087 1807 1221 1841 proferre,
1236 1810 1278 1836 vel
1289 1810 1398 1843 docere,
1416 1811 1457 1837 vel
1486 1811 1559 1838 aliud
1592 1812 1625 1839 iis
1652 1813 1805 1848 symbolum

1016 1853 1133 1885 tradere,
1163 1854 1208 1888 qtti
1238 1855 1271 1881 de
1300 1856 1471 1890 paganismo,
1492 1856 1550 1883 sive
1573 1856 1725 1889 Judaismo,
1747 1858 1806 1885 sive

1014 1905 1089 1926 secta
1103 1907 1275 1935 quacmnqrre
1293 1902 1417 1930 veritatis
1440 1903 1473 1929 ad
1500 1903 1664 1937 agnitionem
1687 1911 1716 1931 se
1741 1911 1807 1931 eon-

1016 1950 1122 1973 vertere
1137 1946 1229 1973 voluut
1246 1957 1251 1974 :
1269 1955 1326 1980 eos,
1340 1948 1361 1975 si
1380 1948 1481 1975 fuerint
1496 1949 1617 1983 episcopi
1635 1950 1675 1976 vel
1699 1950 1807 1982 clerici,

1015 1995 1070 2018 tam
1086 1992 1119 2018 ab
1134 1993 1322 2027 episcoporum
1353 2001 1435 2028 quam
1451 1994 1616 2021 clericorum
1643 1995 1738 2022 ordine
1763 2003 1807 2022 re-

1015 2044 1123 2072 movet;
1146 2039 1188 2065 sin
1205 2040 1343 2072 monachi,
1358 2040 1400 2067 vel
1420 2040 1482 2068 laici
1499 2040 1611 2074 fuerint,
1635 2042 1808 2069 anathemati

1015 2085 1110 2112 statuit
1125 2093 1184 2111 esse
1196 2085 1346 2120 subjectos.

1054 2194 1235 2229 Posteaquam
1255 2194 1362 2222 concilii
1378 2194 1520 2222 decretum
1534 2196 1677 2222 recitatum
1699 2196 1806 2229 luisset,

171 2255 261 2292 θησαν
273 2240 450 2288 ἑξισάζοντα,
474 2240 550 2279 ’τό-τε
570 2240 756 2286 ίΔρμηνικδν,
779 2252 827 2277 καὶ
845 2250 875 2277 τὺ
898 2250 960 2277 Ῥω-

1016 2248 1098 2276 atque
1112 2241 1181 2268 liber
1194 2241 1356 2268 Armenicus
1373 2241 1496 2269 Romano
1513 2244 1679 2277 respondere
1709 2242 1808 2276 depre-

172 2301 285 2338 μαῑκδν,
297 2299 347 2328 καὶ
361 2299 390 2326 αι
407 2298 448 2334 τῷ
460 2296 608 2333 Καθολικῷ
630 2296 761 2324 δοκοῦσαι
783 2297 899 2330 ἀσαφεῖς
915 2296 964 2322 αὑ-

171 2346 220 2374 τοῦ
235 2345 324 2379 λέξεις
340 2344 452 2381 μετρίαι
469 2343 549 2371 οὖσαι
568 2343 666 2377 ικανῆς
688 2343 858 2378 τετυχήκασι
876 2350 964 2376 σαφη-

172 2389 534 2426 νιίας.εῐτινδθεωριανδς
548 2388 618 2424 πρὸς
634 2388 681 2415 τὸν
696 2386 963 2422 ΚαθολικήνσὉρᾷς,

173 2438 310 2474 ἀγιιίηατε
324 2436 454 2471 δέσποτα,
478 2435 521 2472 δτι
535 2435 591 2462 τῶν
604 2434 643 2471 χλ¹
664 2434 803 2470 θεοφόρων
832 2434 964 2468 Πατέρων

173 2479 246 2518 θεῖος
264 2484 358 2521 χορὸς,
388 2482 444 2510 τῶν
473 2482 503 2509 ιν
515 2481 714 2517 Χαλκηδονέων
743 2480 822 2507 πόλει
845 2488 965 2514 συναγη-

171 2531 326 2568 γερμινων,
354 2529 388 2557 οὐ
405 2529 486 2564 μόνον
507 2528 584 2556 οὺδὶν
610 2528 664 2561 ἔξω
680 2527 732 2563 τῆς
746 2527 801 2553 τῶν
819 2526 964 2561 δογμάτων

172 2578 322 2615 ὀρθότητος
343 2576 496 2612 λελάληκεν
518 2575 540 2612 η
554 2574 746 2610 πεφρόντικεν,
761 2573 820 2601 ἀλλ’
838 2572 898 2599 οὐδὲ
913 2571 965 2598 κᾶν

174 2625 226 2661 μιᾷ
237 2624 312 2658 λέξαι
329 2622 399 2660 ξένῃ,
417 2623 460 2655 εις
488 2621 539 2658 τὴν
563 2620 674 2648 ἔκθεσιν
694 2619 741 2647 τοῦ
767 2619 841 2646 θείου
866 2618 964 2645 τούτου

171 2673 237 2709 δρου
261 2672 411 2708 ιχρήσατο.
437 2670 581 2706 Τετήρηκε
598 2669 654 2704 γὰρ
678 2669 728 2704 τήν
741 2676 771 2694 τε
793 2666 885 2694 πίστιν
909 2665 964 2692 τῶν

173 2718 228 2754 πρὸ
242 2717 328 2746 αὐτοῦ
342 2717 430 2752 ἁγίων
442 2715 588 2752 Πατέρων,
598 2715 647 2742 καὶ
662 2714 734 2742 αὐτὰ
743 2713 776 2749 δὴ
788 2712 822 2740 τὰ
840 2714 963 2749 ῥήματα.

173 2765 240 2798 Καὶ,
249 2765 275 2792 ει
283 2763 420 2797 κελεύεις,
431 2762 514 2797 δείξω
527 2771 580 2796 σοι,
593 2762 626 2789 ὲκ
641 2761 728 2788 ποιων
739 2759 965 2796 προγενεστέρων

173 2810 253 2838 θείων
265 2810 399 2845 Πατέρων
423 2809 481 2842 τοις
504 2808 653 2845 μακαρίοις
673 2807 783 2838 τούτοις
805 2805 889 2837 θείοις
909 2805 966 2831 Πα-

173 2857 271 2894 τράσιν
284 2856 391 2892 ἑκάστη
405 2855 478 2890 λέξις
500 2855 548 2883 τοῦ
564 2855 630 2892 ὂρου
644 2855 741 2882 τούτου
767 2852 964 2888 παρείληπται.

174 2905 208 2931 Δὶ
223 2903 409 2939 πλείουςῄ
425 2901 522 2930 ﬁt?"
542 2901 598 2930 ἆπδ
620 2900 676 2929 τῶν
693 2899 734 2935 τῷ
758 2898 887 2935 μακαρίῳ
910 2898 966 2924 Κυ-

1017 2291 1135 2317 hensus:
1162 2289 1229 2315 satis
1256 2294 1347 2316 essent
1375 2290 1493 2324 denique
1528 2289 1673 2316 declarata:
1698 2290 1808 2317 concilii

1016 2343 1107 2368 voces,
1124 2342 1188 2362 sane
1204 2335 1371 2367 tolerabiles,
1388 2343 1448 2369 quae
1462 2335 1586 2363 Geuerali
1607 2336 1668 2362 visre
1698 2336 1809 2363 fuerant

1015 2382 1147 2414 obscurte,
1186 2382 1358 2409 Theorianus
1398 2383 1472 2409 hisce
1514 2381 1675 2409 Generalem
1718 2382 1809 2409 verbis

1016 2427 1195 2462 compellabat
1211 2435 1218 2453 :
1234 2427 1325 2459 Vides,
1348 2428 1523 2455 sanctiSsirne
1552 2428 1671 2461 domine,
1698 2435 1810 2455 sacrum

1017 2475 1091 2502 illum
1118 2483 1218 2504 costum
1244 2476 1296 2503 G50
1323 2475 1478 2502 divinorum
1508 2474 1633 2507 Patrum,
1658 2475 1685 2501 in
1709 2475 1813 2509 oppidi}

1017 2521 1232 2550 Chalcedonensi
1257 2525 1497 2557 congregatorum,
1530 2528 1584 2547 nort
1624 2521 1704 2547 modo
1740 2520 1808 2547 nihil

1017 2574 1095 2597 extra
1113 2570 1267 2603 dogmatum
1283 2568 1474 2595 reetitudinem
1488 2567 1530 2593 vel
1546 2566 1666 2594 locutum
1680 2574 1751 2597 esse,
1765 2566 1810 2592 vel

1017 2616 1148 2648 sensisse,
1175 2616 1222 2642 sed
1250 2623 1283 2642 ne
1306 2622 1358 2642 una
1386 2614 1497 2649 quidem
1523 2613 1666 2648 peregrina
1693 2611 1807 2638 vocead

1019 2662 1098 2697 hujus
1121 2661 1204 2688 divini
1227 2661 1330 2688 decreti
1357 2660 1555 2694 expositionem
1572 2666 1664 2685 usum.
1692 2656 1758 2684 Nam
1780 2662 1808 2683 et

1018 2710 1096 2736 Iidem
1111 2707 1220 2735 Patrum
1239 2715 1269 2734 se
1286 2707 1420 2742 majorum
1433 2710 1513 2733 atate
1535 2704 1657 2736 retinuit,
1690 2709 1717 2731 et
1750 2703 1811 2738 ὶρ›ι›

1017 2762 1125 2791 quoque
1143 2754 1235 2781 verba.
1259 2753 1408 2781 Ostendam
1434 2759 1498 2779 vero
1510 2751 1570 2782 tibi.
1599 2751 1621 2778 si
1649 2750 1749 2785 placet,
1775 2758 1809 2776 es

1017 2801 1116 2836 quibus
1137 2799 1338 2834 antiquioribus
1351 2798 1557 2826 divisPatribus
1574 2797 1600 2824 hi
1619 2797 1689 2825 beati
1714 2795 1812 2823 Patres

1017 2843 1111 2875 vocem
1129 2847 1278 2882 quamlibet
1294 2846 1375 2881 hujus
1391 2845 1493 2873 decreti
1515 2844 1694 2879 sumpserint.
1728 2843 1809 2870 Com-

1018 2894 1109 2930 plures
1119 2894 1230 2929 quidem
1246 2897 1322 2921 certe
1341 2892 1374 2921 de
1389 2891 1483 2927 Cyrilli
1501 2890 1706 2919 commentariis
1731 2897 1810 2917 usur-
