4096 6400
494 338 598 411 ί99
1088 404 1113 417 ι
1914 330 2355 393 ΤΠΕΟΒΙΛΝΙ
3666 340 3774 405 ροο

481 472 621 536 pata:
649 466 796 522 sunt,
838 468 1003 524 quem
1038 464 1138 507 vos
1172 448 1370 518 magis,
1395 462 1561 521 quam
1605 448 1767 513 alios,
1792 445 1949 515 sequi
1981 447 2072 499 de-

2181 444 2350 516 ρίλλῳ
2403 446 2747 516 πονηοεισῶν
2808 445 3148 517 συγγραφῶν
3200 446 3676 520 παρελήφθησαν,
3728 444 3774 520 ᾧ

480 552 757 613 crevistis.
2176 542 2333 610 ὑμεῖς
2366 541 2571 609 μᾶλλον
2597 541 2705 593 τῶν
2730 539 2910 595 ἄλλων
2940 539 3264 594 ἀκολουθεῖν
3290 540 3652 608 διεγνώκατε.

550 643 711 704 GEN.
743 640 1091 696 Perlihenter
1121 637 1174 691 id
1200 635 1420 705 quidem
1447 634 1759 698 audiemus,
1809 631 1853 685 si
1891 629 2070 684 dicere

2260 635 2317 688 Ὀ
2349 635 2513 689 ΚΑΘ.
2549 636 2749 699 Ἡδέως
2770 635 3104 704 ἁκούσομεν,
3131 636 3247 704 εἴγε
3283 638 3536 707 θελήσας
3568 638 3766 694 εἰπεῖν.

484 740 579 795 libi
606 737 847 792 libuerit.
3799 742 3825 763 '

551 828 808 885 TllEOR.
837 826 893 881 Si
916 826 1097 879 dicere
1110 839 1217 878 non
1233 822 1505 888 libuisset,
1538 837 1647 875 non
1670 819 2039 889 pretiiisissem
2054 855 2067 867 .

2256 814 2313 866 Ὀ
2343 815 2541 867 ΘΕΩΡ.
2564 816 2624 868 Εἰ
2657 815 2731 885 μὴ
2755 814 2948 884 ἤθελον
2972 814 3172 879 εἰπεῖν,
3200 815 3302 866 οὐκ
3324 814 3393 868 ἂν
3416 814 3766 885 ὑπεσχόμην.

482 923 682 979 Verum
706 937 802 990 per
826 917 996 974 incisa
1025 915 1238 983 singula
1275 913 1496 967 concilii
1532 913 1814 967 decretum
1876 911 2070 963 recite-

2187 907 2349 959 Ἀλλὰ
2377 907 2841 975 ὁναγινωσκέσθω
2864 909 2892 960 ὁ
2920 909 3047 978 ὄρος
3081 906 3469 977 κομματικῶς,
3505 908 3599 959 καὶ
3628 907 3767 978 πρὸς

483 1028 593 1081 tur,
628 1023 683 1068 ct
712 1013 782 1067 ad
803 1008 1088 1082 quodlibet
1116 1006 1348 1061 incisum
1379 1004 1610 1070 decreti,
1649 1003 1855 1056 dictum
1900 1000 2068 1065 illius,

2172 999 2408 1052 ἕκαστον
2461 1003 2654 1069 κόμμα
2700 999 2796 1053 τοῦ
2846 1000 2974 1071 ὅρου
3023 999 3480 1071 ήχρῆσις,ὃθεν
3529 998 3767 1068 ἐλήφθη,

481 1126 510 1164 a
542 1122 652 1179 quo
686 1116 963 1173 sumptum
997 1110 1105 1167 est,
1141 1097 1457 1167 adjiciatur.

1441 1136 1457 1151 .
2176 1091 2590 1163 παρατιθέσθω.
3043 1109 3052 1121 ·

1102 1192 1188 1246 Ea:
1232 1190 1463 1245 decreto.

2723 1182 2827 1239 Ἐκ
2858 1184 2967 1239 τοῦ
3003 1186 3208 1253 Ὀρου.

551 1293 853 1362 Sequentes
918 1300 1047 1357 ergo
1093 1290 1314 1340 sanctos
1371 1280 1492 1335 illos
1543 1278 1771 1344 Patres,
1829 1276 2066 1332 universi

2256 1276 2551 1347 Ἐπὸμενοι
2596 1278 2780 1331 τοίνυν
2815 1282 2931 1342 τοῖς
2974 1278 3151 1347 ἁγίοις
3182 1280 3489 1350 Πατράσιν,
3523 1279 3623 1333 ἕνα
3662 1280 3761 1334 καὶ

480 1400 718 1443 consona
765 1396 900 1435 voce
956 1391 1121 1432 unum
1153 1383 1207 1428 et
1246 1374 1497 1426 eumdem
1530 1368 1748 1432 Filium,
1782 1366 2067 1421 Dominum

2170 1371 2263 1423 τὸν
2290 1370 2455 1424 αὑτὸν
2484 1371 2776 1442 ὁμολογεῖν
2806 1372 2957 1440 Υίδν,
2988 1371 3080 1425 τὸν
3113 1372 3326 1445 Κύριον
3350 1374 3509 1444 ήμῶν
3540 1373 3758 1445 Ἰησοῦν

481 1489 724 1533 nostrum
770 1473 954 1530 Jesum
1008 1469 1282 1526 Christum
1331 1463 1696 1521 conﬁtendum
1740 1475 1860 1515 esse
1904 1461 2066 1513 doce-

1904 1461 2066 1513 doce-
2171 1464 2410 1535 Χριστὸν
2447 1464 2762 1535 συμφώνως
2796 1464 3039 1529 ἅπαντες
3068 1466 3488 1539 ὲκδιδάσκομεν.

479 1584 620 1624 IDUS.

657 1658 867 1729 Cyrilli,
902 1672 966 1711 ea:
996 1654 1168 1723 prima
1189 1654 1257 1706 ad
1280 1651 1600 1708 Succensum
1648 1647 1887 1717 eptslola.
2169 1652 2274 1717 va

2169 1649 2503 1717 Κυρὶλλου,
2523 1648 2593 1703 ἐκ
2614 1647 2727 1717 τῆς
2758 1647 2909 1717 πρὸς
2939 1649 3294 1703 Σοὺκενσον
3322 1646 3373 1701 α’
3401 1645 3760 1712 ἐπιστολῆς.

549 1753 740 1808 Edocti
799 1765 989 1806 smnus
1055 1765 1085 1801 a
1159 1745 1444 1817 Scriptura
1530 1757 1685 1798 saera
1756 1741 2066 1810 sanctisque

2252 1740 2647 1812 Ἐδιδάχθημεν
2681 1740 2835 1812 παρὰ
2876 1740 2974 1810 τῆς
3023 1739 3175 1804 θείας
3209 1739 3248 1792 Γ
3254 1739 3431 1809 ραφῆς
3456 1781 3472 1803 ,
3513 1737 3610 1791 καὶ
3646 1736 3758 1789 τῶν

473 1844 749 1911 Patribus,
815 1852 875 1897 ut
923 1856 1088 1897 unum
1146 1837 1341 1893 Filium
1402 1845 1459 1891 et
1500 1833 1774 1890 Christum
1800 1831 2061 1887 conﬁtea-

2092 1824 2139 1884 B
2171 1834 2344 1902 ἁγίων
2370 1834 2659 1905 Πατέρων,
2692 1835 2790 1888 ἕνα
2826 1834 2956 1887 Υίὸν
2988 1837 3081 1888 καὶ
3111 1832 3350 1905 Χριστὸν
3370 1832 3680 1904 ὁμολογεῖν.

473 1953 615 1993 mur.

723 2026 1005 2097 Ejusdem,
1043 2040 1108 2079 ex
1133 2022 1358 2093 epistola
1400 2020 1470 2075 ad
1502 2015 1809 2087 Eulogium.
2214 2012 2324 2068 Τοῦ

2214 2012 2324 2068 Τοῦ
2352 2013 2561 2081 αὐτοῦ,
2591 2014 2660 2068 ἐκ
2692 2013 2805 2084 τῆς
2835 2013 2987 2082 πρὸς
3019 2015 3321 2083 Εὐλόγιον
3342 2009 3695 2079 ἐπιστολῆς.

543 2123 653 2178 Nos
679 2123 842 2176 unitis
871 2120 1041 2182 hisce,
1071 2117 1350 2172 Christum
1386 2128 1576 2178 unum,
1601 2112 1863 2182 “eumdem
1890 2123 2059 2165 unum

2245 2104 2441 2175 Ἡμεῖς
2475 2106 2586 2177 γὰρ
2618 2105 2927 2170 ἑνώσαντες
2975 2105 3170 2169 ταῦτα,
3220 2104 3317 2158 ἕνα
3365 2105 3625 2175 Χριστὸν,
3660 2103 3758 2157 ἕνα

469 2216 690 2285 Filium,
722 2230 887 2269 unum
916 2212 1205 2269 Dominum
1235 2207 1617 2263 conﬁteamur.

2166 2197 2295 2251 Υίὸν
2316 2198 2410 2251 τὸν
2433 2198 2623 2265 αὑτὸν,
2651 2198 2747 2251 ἕνα
2780 2199 2989 2270 Κύριον
3015 2199 3411 2269 ὁμολογοῦμεν.

1058 2317 1143 2371 Ea:
1194 2317 1422 2370 decreto.

2713 2306 2818 2362 Ἔιι
2845 2308 2952 2362 τοῦ
2989 2307 3185 2376 Ὅρου.

543 2418 806 2474 Eutndem
836 2416 890 2471 in
922 2412 1203 2468 divinitate
1228 2407 1550 2481 perfectura,
1580 2415 1634 2461 et
1659 2407 1911 2461 eumdem
1939 2418 2063 2474 per-

2237 2400 2460 2454 Τέλειον
2523 2403 2616 2455 τὸν
2671 2403 2840 2455 αὐτὸν
2876 2405 2935 2456 ὲν
2967 2403 3214 2470 θεότητι,
3271 2402 3365 2457 καὶ
3421 2402 3633 2457 τέλειον
3663 2402 3757 2457 τὸν

471 2512 672 2568 fectum
698 2525 752 2565 tn
775 2506 1135 2565 humanitate.

2165 2493 2331 2548 αὑτὸν
2367 2497 2426 2549 ὲν
2464 2494 2562 2548 ἀνθ
2572 2496 2878 2566 ρωπὸτητι.

784 2618 997 2690 Cyrilli,
1027 2631 1092 2669 ex
1107 2614 1330 2683 epistola
1372 2614 1441 2667 ad
1463 2597 1752 2668 Joan'nem.
2238 2610 2401 2677 Kvpl.

2238 2610 2574 2677 Κυρίλλου,
2598 2610 2667 2663 ἐκ
2698 2608 2810 2677 τῆς
2834 2610 2985 2678 πρὸς
3011 2609 3294 2679 Ἰωάννην
3322 2610 3679 2681 ἐπιστολῆς.

544 2715 690 2772 Idem
755 2714 1029 2785 perfectus
1062 2711 1116 2765 in
1149 2707 1453 2771 divinitate,
1507 2719 1572 2760 ac
1605 2702 1878 2775 perfectus
1917 2702 2058 2758 idem

2237 2701 2462 2766 Τέλειος
2488 2702 2517 2754 ὁ
2542 2702 2707 2766 αὐτὸς
2753 2704 2812 2755 ἐν
2862 2702 3083 2773 θεότητι
3107 2740 3123 2767 ,
3166 2704 3262 2757 καὶ
3293 2703 3500 2768 τέλειος
3532 2706 3562 2757 ὀ
3592 2702 3756 2768 αὐτὸς

471 2814 526 2869 in
558 2809 919 2867 humanitate.

2165 2798 2224 2850 ὲν
2262 2795 2676 2869 ἀνθρωπότητι.

726 2921 1000 2992 Ejusdem,
1032 2934 1097 2973 ea:
1147 2918 1369 2989 epistola
1400 2917 1469 2972 ad
1523 2919 1809 2988 Augustas.
2207 2913 2321 2967 Τοῦ

2207 2913 2321 2967 Τοῦ
2347 2913 2559 2977 αὑτοῦ,
2577 2914 2645 2967 ἐκ
2676 2913 2786 2983 τῆς
2818 2914 2971 2984 πρὸς
2996 2914 3332 2981 βασιλίδας
3357 2915 3709 2982 ἐπιστολῆς.

540 3016 810 3072 Praeterea
851 3015 895 3068 si
957 3014 1058 3067 hoc
1093 3027 1306 3081 quoque
1331 3011 1483 3081 prius
1516 3021 1772 3077 attester,
1796 3020 1944 3065 recte
1976 3024 2063 3065 me

2241 3008 2842 3081 Προδιαμαρτύρασθαι
2920 3009 2978 3063 δὲ
3051 3009 3279 3063 κάκεῖνο
3333 3004 3489 3080 οἶμαι
3560 3010 3751 3067 καλόν.

469 3110 742 3166 facturum
796 3109 1053 3162 arbitror.
1088 3105 1560 3171 Quemadmodum
1607 3105 1753 3160 enim
1784 3104 2060 3174 perfectus

2167 3101 2382 3173 Ὥσπερ
2427 3104 2537 3173 γάρ
2568 3104 2719 3155 ἐστιν
2752 3105 2811 3155 ὲν
2869 3102 3086 3174 θεότητι
3148 3103 3355 3166 τέλειος
3415 3104 3444 3155 ό
3496 3105 3562 3156 ὲκ
3612 3102 3754 3158 Θεοῦ

469 3213 554 3258 est
588 3202 643 3257 in
683 3200 967 3256 divinitate
1018 3198 1232 3267 genitus
1285 3197 1455 3251 iltede
1479 3197 1641 3251 Patre
1662 3196 1879 3260 Sermo,
1903 3194 1982 3250 sic
2007 3206 2056 3250 et
2085 3220 2086 3223 η

2167 3192 2381 3261 Πατρὸς
2441 3194 2637 3263 Λόγος,
2676 3193 2823 3247 οὕτω
2878 3194 2975 3247 καὶ
3016 3195 3072 3246 ἐν
3126 3195 3516 3267 ἀνθρωπὸτητι
3546 3195 3754 3260 τέλειος

469 3298 523 3352 in
547 3296 882 3350 humanitate
905 3291 1178 3363 perfectus
1212 3300 1337 3353 est,
1396 3289 1695 3344 secundum
1748 3288 1919 3356 ipsius
1956 3288 2059 3342 hu-

2167 3282 2312 3336 κατά
2347 3299 2411 3352 γε
2455 3283 2549 3337 τὸν
2580 3284 2680 3353 τῆς
2718 3285 3140 3357 ἀνορωπὸτητος
3172 3285 3332 3353 λόγον
3355 3300 3370 3316 ⁸
3405 3289 3507 3341 οὐκ
3546 3288 3755 3359 ἄψυχον

470 3387 744 3442 inanitatis
811 3388 1256 3441 rationem:nec
1311 3396 1510 3451 expers
1598 3381 1797 3437 animae
1861 3392 2060 3447 corpus

2166 3374 2326 3444 σῶμα
2359 3374 2564 3439 λαϐὼν,
2582 3375 3002 3448 ὲνεψυχωμένον
3027 3377 3083 3431 δὲ
3114 3379 3317 3446 μᾶλλον
3350 3379 3543 3451 λογικῇ
3568 3380 3739 3453 ψυχῇ.

468 3475 788 3544 assumpsit,
819 3476 912 3529 sed
939 3476 1236 3528 animatum
1268 3472 1449 3541 potius
1472 3485 1568 3538 per
1614 3470 1854 3525 animam
1886 3469 2059 3524 ratio-

470 3570 555 3626 nis
585 3567 928 3639 participem.

1098 3660 1185 3716 Ea:
1213 3664 1442 3718 decreto.

2731 3645 2834 3699 Ἐκ
2866 3645 2971 3699 τοῦ
3001 3644 3210 3709 Ὥρου.

541 3752 682 3808 Vere
705 3751 897 3817 Deum,
927 3761 982 3808 et
1008 3756 1259 3808 eumdem
1291 3769 1417 3809 vere
1451 3750 1747 3813 hominem,
1784 3762 1847 3802 ex
1891 3747 2062 3817 parti-

2236 3734 2370 3788 Θεὸν
2407 3735 2650 3807 ἀληθῶς,
2687 3741 2782 3791 καί
2834 3738 3128 3809 ἄνθρωπον
3171 3740 3391 3808 ἀληθῶς
3438 3738 3530 3792 τὸν
3561 3738 3748 3806 αὐτὸν,

472 3845 842 3915 cipe;rationis
861 3845 1041 3900 anima
1064 3860 1403 3917 corporeque
1423 3851 1793 3900 constantem:
1816 3839 2058 3911 ejusdem

2162 3829 2228 3880 ὲκ
2263 3826 2442 3899 ψυχῆς
2471 3827 2701 3899 λογικῆς
2731 3830 2826 3882 καὶ
2856 3830 3114 3899 σώματος
3138 3846 3153 3862 ·
3187 3829 3476 3917 ὁμοούσιον
3502 3830 3583 3900 τῷ
3632 3829 3752 3883 Παι-

471 3952 598 3993 cum
654 3936 815 3991 Patre
863 3938 1203 4003 substantim,
1250 3936 1550 3994 secundum
1600 3932 1964 3994 divinitatem,
2007 3939 2064 3984 et

2160 3921 2252 3991 τρὶ
2280 3921 2424 3972 κατὰ
2450 3920 2548 3990 τὴν
2573 3920 2828 3993 θεότητα,
2854 3923 2948 3977 καὶ
2967 3922 3262 3992 ὁμοούσιον
3285 3908 3428 3994 ἡμῖᾶ
3443 3922 3538 3976 τόν
3562 3923 3748 3987 αὑτὸν,

469 4031 718 4083 eumdem
761 4029 1042 4085 nobiscum
1089 4030 1333 4099 ejusdem
1379 4026 1718 4089 substantiae,
1764 4021 2059 4078 secundum

2163 4013 2307 4069 κατὰ
2327 4013 2426 4085 τὴν
2445 4015 2868 4086 ἁνθρωπὸτητα,
2891 4018 3062 4086 χωρὶς
3089 4017 3388 4088 ἁμαρτίας
3412 4016 3518 4093 τερδ
3537 4015 3749 4069 αἰώνων

467 4121 892 4189 ltmnanitalet’n,
949 4123 1184 4177 similem
1234 4120 1393 4176 nobis
1442 4134 1539 4190 per
1582 4115 1790 4179 omnia,
1830 4122 2061 4182 excepto

2166 4108 2267 4179 μὲν
2297 4110 2361 4162 ὲκ
2400 4108 2494 4162 τοῦ
2530 4106 2744 4179 Harpe;
2799 4109 3132 4181 γεννηθέντα
3177 4110 3323 4163 κατὰ
3355 4110 3457 4180 τὴν
3494 4110 3747 4179 θεότητα,

468 4222 729 4281 peccato;
790 4226 919 4270 ante
979 4215 1177 4271 saecula
1230 4212 1450 4285 quidem
1495 4226 1560 4266 ex
1601 4207 1758 4263 Patre
1796 4207 2058 4276 genitum,

2162 4202 2250 4254 ἐπ’
2274 4201 2518 4272 ἐσχάτων
2543 4202 2598 4255 δὲ
2630 4201 2739 4256 τῶν
2761 4203 2986 4275 ἡμερῶν
3017 4203 3110 4256 τὸν
3140 4204 3306 4257 αὐτὸν
3342 4203 3412 4257 δι’
3453 4204 3623 4275 ἡμᾶς,
3655 4206 3752 4256 καὶ

468 4307 648 4372 quoa-1
707 4306 1083 4375 divinitatem;
1128 4305 1389 4362 extremis
1437 4317 1568 4359 vero
1592 4301 1785 4358 diebus
1809 4297 2058 4354 eumdem

2160 4295 2250 4349 διὰ
2278 4294 2377 4365 τὴν
2411 4296 2690 4365 ἡμετέραν
2724 4295 3024 4366 σωτηρίαν,
3064 4297 3130 4350 ἐκ
3162 4295 3383 4366 Μαρίας
3409 4297 3509 4364 τῆς
3540 4296 3751 4367 Παρθέ-

470 4406 689 4467 propter
732 4414 833 4454 nos
876 4410 931 4455 et
975 4400 1204 4455 salutem
1250 4406 1493 4454 nostram
1553 4402 1762 4458 natum,
1792 4406 1860 4448 es
1892 4388 2059 4445 Maria

1841 4406 1860 4446 ι
1892 4388 2059 4445 Maria
2163 4405 2255 4441 νου
2281 4388 2381 4458 τῆς
2412 4388 2702 4455 Θεοτόκου,
2732 4391 2874 4442 κατὰ
2901 4388 3003 4458 τὴν
3032 4388 3458 4460 ἀνθρωπὸτητα.

469 4478 694 4557 Virgine
724 4486 972 4558 Deipara,
1003 4488 1303 4544 secundum
1332 4485 1750 4542 humanitatem.
2082 4542 2137 4602 Β

780 4600 989 4672 Cyrillt’,
1025 4618 1090 4657 ea:
1118 4602 1342 4672 epistola
1370 4602 1437 4656 ad
1463 4600 1747 4656 Joannem.
2082 4590 2132 4602 ”
2165 4590 2394 4660 ΧυΡί-λλ

2165 4590 2493 4660 Κυρίλλου,
2548 4592 2617 4646 ἐκ
2676 4591 2788 4661 τῆς
2846 4592 2997 4661 πρὸς
3040 4592 3334 4661 Ἰωάννην
3389 4590 3748 4659 ἐπιστολῆς.

544 4690 712 4746 Deum
737 4692 1127 4764 perfectutn,et
1146 4696 1445 4766 perfectum
1463 4695 1758 4759 hominem,
1783 4706 1850 4749 ex
1880 4690 2059 4746 anima

2238 4685 2372 4739 Θεὸν
2405 4685 2613 4739 τέλειον
2655 4688 2752 4739 καὶ
2782 4685 3075 4758 ἄνθρωπον
3106 4687 3338 4754 τέλειον,
3366 4689 3429 4742 ἑκ
3451 4688 3633 4757 ψυχῆς
3660 4688 3749 4740 λο-

471 4784 737 4854 participe
764 4786 992 4843 rationis
1023 4797 1078 4843 et
1109 4802 1338 4860 corpore
1375 4797 1712 4842 constantem
1750 4806 1766 4843 :
1797 4796 1923 4839 ante
1960 4799 2062 4839 sa:-

2163 4776 2326 4845 γικῆς
2359 4776 2454 4829 καὶ
2480 4776 2735 4847 σώματος
2754 4794 2769 4808 ·
2807 4778 2918 4847 πρὸ
2949 4777 3165 4831 αἰώνων
3196 4779 3296 4848 μὲν
3317 4779 3381 4830 ἐκ
3403 4778 3501 4831 τοῦ
3535 4778 3749 4847 Πατρὸς

473 4875 593 4930 cula
630 4876 847 4945 quidem
882 4895 947 4932 ex
977 4876 1141 4935 Patre
1171 4880 1432 4950 genitum,
1465 4878 1641 4948 quoad
1663 4877 2001 4933 divinitatem
2042 4896 2057 4933 :

2162 4868 2518 4939 γεννηθέντα,
2544 4868 2687 4923 κατὰ
2715 4870 2816 4942 τὴν
2848 4870 3106 4942 θεότητα,
3142 4872 3229 4924 ἐπ’
3260 4872 3511 4942 ἐσχάτων
3540 4872 3596 4925 δὲ
3638 4872 3748 4926 τῶν

470 4971 732 5024 extremis
750 4985 878 5025 vero
896 4972 1082 5027 diebus
1106 4972 1355 5028 eumdem
1382 4981 1600 5040 propter
1623 4984 1721 5025 nos
1744 4979 1798 5024 et
1829 4968 2056 5024 salutem

2161 4962 2389 5033 ἡμερῶν
2421 4962 2514 5015 τὸν
2543 4964 2706 5015 αὑτὸν
2741 4963 2811 5017 δι’
2842 4964 3012 5034 ἡμᾶς,
3063 4964 3162 5017 καὶ
3190 4964 3279 5020 διὰ
3328 4968 3428 5035 τὴν
3466 4966 3748 5036 ἡμετέραν

473 5070 716 5116 nostram
766 5072 951 5117 natum
980 5080 1046 5118 ex
1076 5063 1242 5117 Maria
1275 5064 1515 5135 Virgine,
1544 5061 1839 5116 secundum
1866 5060 2059 5113 huma-

2163 5054 2458 5126 σωτηρίαν,
2488 5056 2552 5108 ὲκ
2575 5054 2797 5126 Μαρίας
2820 5059 2917 5127 τῆς
2941 5057 3223 5126 Παρθένου
3245 5056 3389 5111 κατὰ
3413 5059 3511 5128 τὴν
3534 5057 3750 5127 ἀνθρω-

471 5153 696 5209 nitatem
736 5171 750 5208 :
780 5155 1018 5225 ejusdem
1064 5172 1186 5212 cum
1222 5155 1384 5210 Patre
1412 5155 1729 5211 substantiae
1759 5152 2055 5209 secundum

2160 5143 2415 5214 πότηταο
2459 5146 2748 5218 ὀμοούσιον
2799 5148 2880 5220 τῷ
2928 5150 3109 5220 Πατρὶ
3166 5151 3311 5203 κατὰ
3341 5149 3441 5222 τὴν
3489 5151 3744 5220 θεότητα,

471 5245 838 5314 divinitatem;
865 5259 919 5302 et
943 5249 1190 5303 eumdem
1223 5248 1509 5303 nobiscum
1532 5246 1774 5318 ejusdem
1800 5248 2057 5300 substan-

2160 5237 2258 5291 καὶ
2300 5240 2590 5311 ὁμοούσιον
2624 5242 2758 5312 ἡμῖν
2801 5243 2893 5297 τὸν
2923 5243 3112 5310 αὑτὸν,
3147 5243 3292 5299 κατὰ
3333 5245 3434 5316 τὴν
3462 5244 3748 5317 ἀνθρωπό-

472 5341 580 5408 tite,
618 5342 915 5397 secundum
953 5341 1407 5396 ltumanitatemn

701 5342 915 5396 rundum
953 5341 1375 5396 humanitatem.
1398 5362 1407 5387 ι
2157 5349 2318 5404 τητα.

1089 5460 1169 5515 Ea;
1211 5460 1437 5514 decreto.
2703 5456 2706 5466 ⁴

2703 5456 2805 5510 Ἐκ
2832 5455 2939 5510 τοῦ
2970 5455 3174 5527 Ὅρου.

542 5549 719 5606 Unum
745 5564 799 5607 et
832 5554 1083 5611 eumdem
1133 5554 1436 5619 Chiistum,
1469 5551 1688 5618 Filium,
1743 5552 2052 5615 Dominum,

2230 5544 2364 5598 Ἕνα
2399 5547 2494 5598 καὶ
2517 5548 2609 5599 τὸν
2641 5547 2806 5600 αὑτὸν
2834 5549 3094 5620 Χριστὸν,
3135 5549 3287 5616 Υίδν,
3318 5549 3546 5621 Κύριον,
3576 5550 3752 5604 Μονο-

470 5635 865 5706 Unigcnitnm,
918 5644 1011 5712 qui
1060 5643 1269 5699 duabns
1317 5643 1368 5697 itt
1402 5646 1610 5698 naturis
1663 5644 1799 5698 citra
1857 5642 2054 5698 coafn-

2157 5640 2317 5710 γενῆ,
2345 5642 2402 5694 ἐν
2429 5640 2523 5693 δύο
2559 5640 2791 5711 φύσεσιν
2821 5642 3175 5713 ἀσυγχύτως,
3224 5644 3534 5717 ἀτρέπτως,
3574 5644 3754 5701 ἀδιαι-

470 5729 713 5795 sioncm,
760 5735 1147 5802 mutatiOnem,
1209 5736 1567 5801 divisionem,
1627 5736 2051 5806 scparationem,

1559 5780 1567 5801 ,
1627 5736 2051 5806 separationcm,
2160 5736 2351 5806 ρέτως,
2387 5736 2711 5808 ἀχωρίστως
2746 5736 3176 5811 γνωριζόμενον.

469 5833 807 5888 agttoscuur.
