4096 6402
495 392 605 456 203

1921 367 2355 448 THEORIANI

3658 372 3766 438 904

495 512 590 566 sed
623 523 788 564 unum
823 516 870 562 et
900 505 1149 563 eumdem
1183 503 1376 559 Filium
1402 503 1717 574 nnigenam,
1753 503 1918 560 Deum
1949 504 2078 559 Scr-

2187 489 2294 567 νον,
2325 499 2440 556 ἀλλ’
2470 502 2561 555 ἕνα
2585 499 2794 555 καὶτὸν
2819 499 2983 555 αὐτὸν
3017 497 3146 552 Ti?»
3181 493 3470 568 μονογενῆ,
3501 494 3636 550 Θεὸν
3663 496 3766 552 Λό-

496 616 734 665 tuouem,
767 600 1052 653 Dominum
1092 597 1273 652 Jcsutn
1303 597 1600 652 Christum.

749 674 1067 762 Cyrilli,lex
1107 691 1333 758 epistola
1379 689 1448 743 ad
1483 689 1813 746 Successum.

569 784 689 839 Non
733 788 784 839 in
822 785 958 839 duas
1002 799 1263 855 personas
1303 792 1358 838 et
1399 783 1538 838 ﬁlios
1571 783 1905 856 diseerpetur
1937 802 1948 839 :
1981 783 2076 839 sed

494 881 694 936 mansit
721 895 858 934 unus
887 888 941 932 et
969 877 1112 932 idem
1149 877 1406 930 Dominus
1432 876 1594 932 Jesus
1612 876 1885 935 Christus.

1111 1060 1198 1113 Ea:
1229 1056 1458 1112 decreto.

567 1156 724 1210 Sicut
771 1153 900 1207 olim
948 1161 1100 1206 vates
1153 1151 1219 1205 de
1263 1151 1400 1219 ipso,
1431 1158 1485 1204 et
1518 1150 1634 1220 ipse
1679 1165 1778 1205 nos
1816 1149 2079 1207 Dominus

497 1246 655 1302 Jesus
682 1244 939 1300 Christus
968 1243 1186 1307 erudiit,
1233 1250 1287 1297 et
1329 1242 1630 1314 symbolum
1681 1243 1809 1297 illud
1858 1244 2077 1298 Patrum

499 1348 810 1396 nostrorum
849 1337 1093 1392 tradidit.

742 1430 953 1502 Cyrilli,
998 1445 1064 1484 ex
1108 1429 1333 1499 epistola
1376 1428 1444 1484 ad
1493 1426 1824 1484 Nestorium.

569 1522 660 1579 Sic
689 1533 909 1578 sanctos
935 1523 1174 1578 sensisse
1210 1521 1400 1579 Patres
1435 1521 1794 1576 inveniemus.

1116 1700 1201 1756 Ea:
1245 1702 1474 1758 decreto.

571 1796 669 1854 llis
702 1812 831 1870 ergo
859 1811 982 1852 cum
1022 1797 1170 1852 omni
1201 1796 1440 1868 undique
1468 1795 1815 1852 accuratione
1853 1797 2084 1870 diligen-

2185 613 2304 665 γον,
2339 596 2434 648 καὶ
2462 595 2667 666 Κύριον
2701 593 2908 666 Ἰησοῦν
2929 593 3189 663 Χριστόν.

2184 686 2512 754 Κυρίλλου,
2544 686 2612 739 ἐκ
2649 684 2759 754 τῆς
2809 685 2959 754 πρὸς
3005 682 3358 736 ΣούκειὊ-ον
3407 679 3765 751 ἐπιστολῆς.

2257 778 2367 832 Καὶ
2394 779 2495 831 οὐκ
2522 779 2602 840 εἰς
2626 777 2718 830 δύο
2745 776 3140 848 μερισοήσεται
3173 774 3446 845 πρόσωπα
3467 772 3566 826 καὶ
3595 774 3768 839 υἱοὺς,

2185 872 2323 928 ἀλλὰ
2355 871 2671 944 μεμένηκεν
2695 866 2778 935 εἷς
2805 871 2901 924 καὶ
2924 871 2952 924 δ
2981 869 3144 933 αὐτὸς
3175 867 3384 940 Κύριος
3399 867 3609 938 Ἰησοῦς
3629 867 3765 938 Χριο

2188 963 2332 1027 στός.

2763 1053 2861 1108 Ἐκ
2889 1051 2998 1107 τοῦ
3020 1051 3188 1120 ὅρου.

2261 1148 2533 1220 Καθάπερ
2581 1147 2791 1202 ἄνωθεν
2845 1147 2896 1200 οἱ
2949 1145 3232 1218 προφῆται
3285 1145 3417 1217 περὶ
3451 1143 3641 1209 αὑτοῦ,
3671 1144 3771 1198 καὶ⁸

2187 1243 2353 1306 αὐτὸς
2392 1243 2540 1312 ἡμᾶς
2571 1240 2950 1309 ὲξεπαίδευσε,
2979 1239 3076 1294 καὶ
3109 1239 3171 1293 τδ
3199 1239 3308 1292 τῶν
3328 1238 3589 1310 Πατέρων
3611 1239 3772 1310 ήμῶν

2187 1337 2541 1409 παραδέδωκε
2568 1335 2862 1407 σύμϐολον.

2257 1431 2591 1500 Κυρίλλου,
2620 1431 2690 1484 ἐκ
2733 1428 2844 1499 τῆς
2878 1426 3029 1498 πρὸς
3051 1429 3384 1499 Νεστόριον
3407 1425 3772 1496 ἐπιστολῆς.

2259 1520 2452 1586 Οὕτως
2475 1520 2786 1594 εὑρήσομεν
2815 1522 2944 1584 τοὺς
2977 1519 3171 1592 ἁγίους
3206 1523 3624 1593 πεφροντικότας
3659 1519 3774 1572 Πα-

2187 1612 2376 1685 τέρας.

2769 1701 2873 1761 Ἐκ
2901 1707 3010 1762 τοῦ
3043 1706 3207 1775 ὅρου.
3681 1755 3686 1760 .

2263 1797 2483 1853 Τούτων
2521 1798 2704 1853 τοίνυν
2727 1800 2870 1870 μετὰ
2901 1799 3086 1870 πάσης
3111 1797 3454 1869 πανταχόθεν
3483 1795 3776 1870 ἀκριϐείας

503 1892 685 1961 tiaque
733 1862 962 1944 avnobis
1009 1887 1256 1954 saneitis,
1321 1887 1566 1944 decrevit
1619 1902 1776 1944 sacra
1821 1862 2084 1961 synodus,

2189 1907 2252 1946 τι
2284 1893 2378 1946 καὶ
2412 1862 2892 1964 ὲμμελείαςνπαμ
2931 1862 3088 1963 ήμῶν
3121 1862 3600 1953 διατυπωθέντων,
3635 1889 3776 1961 ῶριει

499 1986 700 2044 nemini
731 1984 815 2041 fas
837 2000 979 2050 esse,
1018 1984 1179 2039 tidem
1212 1983 1375 2040 aliam
1416 1983 1686 2056 proferre,
1719 1983 1802 2040 vel
1848 1985 1902 2042 in
1939 1986 2090 2046 litte-

496 2095 590 2136 ras
615 2078 821 2135 referre
849 2096 862 2133 :
894 2089 950 2133 et
979 2086 1200 2133 αιτιοι-α.

833 2166 1046 2239 Cyriili,
1096 2183 1162 2223 ea:
1207 2165 1477 2237 Ephesina
1517 2174 1744 2241 synodo.

573 2259 666 2316 llis
691 2275 822 2330 ergo
845 2259 1112 2328 recitatis,
1150 2260 1392 2315 decrevit
1418 2275 1574 2317 sacra
1608 2265 1851 2335 synodus
1885 2264 2087 2320 nemini

496 2351 582 2410 fas
614 2369 754 2419 esse,
789 2353 948 2408 [idem
973 2352 1135 2408 aliam
1170 2351 1454 2424 proferre:
1491 2363 1548 2410 et
1585 2364 1802 2413 caetera.

572 2527 829 2586 'HIEOR.
888 2527 1087 2594 Vides,
1156 2528 1505 2585 sanctissime
1555 2529 1812 2599 domine,
1875 2545 2084 2589 sacram

501 2624 642 2677 hanc
662 2621 928 2693 synodum
947 2619 1296 2675 Chalcedone
1321 2619 1564 2676 habitam
1623 2636 1664 2676 a
1685 2633 1834 2678 recta
1864 2620 2086 2679 Patrum

499 2715 769 2772 sententia
819 2729 886 2768 ne
925 2712 1148 2783 paulum
1195 2711 1413 2782 quidem
1460 2713 1801 2770 recessisse:
1839 2715 1936 2770 sed
1970 2715 2088 2786 ipsa

503 2809 663 2862 verba
699 2823 823 2862 cum
855 2817 1035 2860 mente
1065 2806 1357 2861 verborum
1392 2806 1728 2863 retinuisse?

569 2898 729 2954 GEN.
788 2899 1050 2967 Equidem
1105 2897 1157 2952 in
1215 2896 1321 2953 hoc
1366 2896 1582 2954 decreto
1643 2899 1781 2954 nihil
1840 2899 2084 2968 invenio,

502 2993 647 3062 quod
697 2991 1014 3047 orthodoxae
1071 2989 1197 3045 ﬁdei
1237 2991 1604 3046 adversetur:
1641 2992 1889 3064 adeoque
1919 2995 2090 3049 miror

502 3086 594 3155 qui
631 3085 833 3138 factum
864 3085 935 3136 sit
965 3093 1026 3136 ut
1056 3082 1228 3137 nostri
1257 3080 1494 3150 majores
1525 3082 1870 3155 impudenter
1915 3089 1982 3143 ad
2035 3088 2085 3143 id

500 3175 941 3233 calumniandum
990 3174 1466 3244 progrederemur.

575 3267 832 3324 'l‘llEOR.
873 3268 1255 3337 Apponamus,
1310 3267 1355 3322 si
1390 3266 1588 3338 placet,
1638 3283 1828 3326 eorum
1873 3285 2089 3342 quoque

502 3363 724 3430 Patrum
776 3360 1173 3426 auctoritates,
1212 3359 1306 3430 qui
1371 3363 1566 3430 partim
1620 3375 1748 3418 ante
1795 3363 2084 3434 Cyrillum,

500 3455 696 3526 partim
751 3457 872 3521 post
911 3464 1034 3503 eum
1076 3450 1316 3506 illustres
1377 3454 1745 3519 exstiterunt,
1801 3464 1911 3508 tam
1965 3471 2088 3510 ver-

503 3550 586 3603 bis
625 3559 788 3616 quant
820 3541 1110 3598 sententiis
1157 3552 1362 3598 sanctae
1397 3544 1831 3602 Chalcedonensi
1878 3548 2088 3619 synodo

502 3639 920 3708 respOndentes.
1853 3681 1858 3686 _

574 3728 733 3795 GEN,
804 3726 863 3782 ld
914 3740 1047 3782 vero
1090 3738 1553 3795 supervacaneum
1609 3723 1819 3793 fuerit;
1885 3729 2086 3802 quippe

501 3823 689 3893 Cyrilli
739 3835 904 3888 supra
961 3818 1200 3874 recitato:
1253 3817 1608 3874 auctoritates
1658 3817 1954 3876 sufﬁciunt.

572 4022 829 4082 THEOR.
891 4020 1184 4078 Videamus
1234 4033 1407 4090 ergo,
1451 4019 1497 4075 si
1570 4019 1791 4091 placet,
1842 4033 1978 4094 quot
2033 4033 2087 4082 et

503 4117 755 4188 qualibus
811 4113 979 4200 sectis
1037 4111 1276 4168 divinum
1332 4111 1435 4167 hoc
1475 4111 1755 4168 decretum
1802 4128 1926 4170 sese
1970 4117 2086 4173 ob-

499 4210 675 4284 jiciat.

573 4299 737 4358 GEN.
789 4298 843 4353 Id
906 4305 1035 4353 vero
1099 4295 1423 4366 prazclarum
1485 4295 1651 4352 fuerit
1725 4295 1962 4367 intuerif,
2017 4314 2086 4356 ne

503 4392 632 4462 quid
674 4403 861 4444 eorum
904 4386 1061 4442 nobis
1105 4386 1265 4451 desit,
1301 4400 1421 4456 qua)
1460 4386 1714 4457 deinceps
1743 4387 1861 4457 ejus
1913 4389 2084 4445 stabi-

502 4484 670 4540 liendi
702 4497 862 4538 causa
894 4478 1123 4551 proferri
1163 4479 1385 4535 debent.

1103 4557 1114 4593 '
1132 4567 1216 4627 Ea:
1254 4574 1491 4628 decreto.

581 4667 754 4723 Unum
812 4676 868 4722 et
925 4664 1174 4723 eumdem
1247 4663 1464 4734 Filium,
1498 4667 1782 4723 Dominum
1825 4671 2080 4726 'nostrum

499 4760 685 4816 Jesum
749 4759 1049 4822 Christum,
1100 4771 1218 4812 esse
1257 4756 1622 4837 conﬁtendum
1669 4761 1910 4816 universi
1955 4744 2082 4818 con-

501 4869 631 4909 Sena
665 4867 796 4906 voce
828 4852 1102 4905 docemus.

573 4943 830 4999 ΤιιΕΟιι.
886 4941 940 4997 lu
977 4944 1064 4998 his
1113 4945 1331 4998 obturat
1387 4959 1448 4998 os
1499 4941 1668 4997 Paulo
1726 4945 2082 5001 Samosateno

496 5048 554 5094 et
584 5035 858 5100 Nestorio,
895 5035 986 5106 qui
1031 5035 1305 5091 hominem
1363 5037 1696 5103 adorabant,
1745 5048 1800 5092 et
1846 5039 1903 5092 in
1943 5041 2082 5094 duos

500 5127 640 5183 ﬁlios
707 5127 826 5182 ausi
891 5135 1018 5182 sunt
1073 5141 1197 5180 eum
1261 5127 1526 5194 dividere,
1587 5127 1878 5200 aliumque
1935 5131 2082 5185 dice-

499 5235 560 5275 re
626 5217 822 5274 Filium
884 5228 1079 5273 natura
1140 5216 1499 5284 Sermonem,
1553 5229 1608 5275 et
1666 5220 1832 5275 alium
1891 5237 2082 5276 rursus

502 5309 700 5365 Filium
747 5324 844 5379 per
876 5307 1107 5379 gratiam
1147 5306 1424 5362 Christum
1480 5307 1686 5378 Jesum,
1739 5310 1832 5379 qui
1886 5326 2080 5366 nomen

501 5402 624 5456 Filii
669 5416 766 5473 per
795 5401 1048 5456 unionem
1093 5407 1146 5453 et
1175 5399 1612 5469 conjunctionem
1663 5415 1788 5456 cum
1845 5401 2082 5456 naturali

500 5491 639 5548 Filio
673 5495 744 5548 sit
775 5493 1038 5563 adeptus:
1075 5491 1168 5560 qui
1232 5492 1464 5562 denique
1519 5509 1626 5548 non
1682 5493 2084 5548 conﬁtebantur

503 5599 667 5637 unum
698 5593 753 5637 et
784 5583 1033 5638 eumdem
1070 5580 1285 5646 Filium,
1316 5582 1500 5637 carnis
1543 5582 1764 5651 quidem
1805 5593 2082 5651 espertem

506 5685 635 5726 ante
664 5673 984 5728 descensum
1029 5682 1084 5726 et
1129 5672 1366 5728 hominis
1410 5676 1873 5744 assumptionem:
1907 5677 2085 5729 iurar-

505 5775 690 5817 natum
721 5779 849 5818 vero
895 5761 1147 5817 eumdem
1196 5772 1318 5834 post
1369 5764 1690 5821 descensum
1737 5776 1792 5822 et
1848 5767 2083 5824 hominis

507 5857 936 5926 assumptioneiu
971 5855 1144 5910 nostri
1184 5870 1348 5911 causa
1381 5854 1598 5913 factam.

2112 3230 2159 3292 C

2114 4583 2162 4639 D

2193 2001 2287 2038 σεν
2340 1985 2374 2056 ή
2408 1982 2540 2054 ἁγία
2571 1983 2815 2049 σύνοδος,
2867 1984 3064 2057 ἑτέραν
3097 1973 3285 2038 πίστιν
3333 1981 3530 2054 μηδενὶ
3567 1983 3776 2049 ἐξεῖναι

2189 2077 2515 2150 προφέρειν,
2545 2077 2581 2149 ἢ
2613 2077 2960 2150 συγγράφειν
2980 2093 2994 2107 ’
3021 2079 3116 2132 καὶ
3148 2077 3214 2131 τὰ
3239 2076 3424 2133 λοιπά.

2295 2171 2625 2239 Κυρίλλου,
2655 2171 2725 2225 ἐκ
2756 2170 2866 2238 τῆς
2896 2171 3023 2225 κατ’
3057 2171 3328 2240 Ἔφεσον
3353 2168 3645 2226 συνόδου.

2260 2262 2486 2315 Τούτων
2525 2261 2711 2315 τοίνυν
2760 2261 3245 2332 ἀναγνωσθέντων,
3299 2260 3499 2333 ὥρισεν
3551 2263 3583 2333 ή
3643 2261 3781 2329 ἁγία

2191 2352 2434 2420 σύνοδος,
2474 2355 2668 2427 ἑτέραν
2699 2355 2893 2410 πίστιν
2937 2356 3129 2427 μηδενὶ
3171 2355 3375 2421 ἐξεῖναι
3433 2356 3732 2426 προφέρειν
3763 2371 3776 2382 ·

2190 2448 2286 2502 καὶ
2309 2449 2379 2523 τὰ
2410 2447 2598 2503 λοιπά.
2653 2498 2661 2503 .

2275 2539 2336 2596 '0
2368 2541 2562 2596 ΘΕΩΡ.
2604 2541 2790 2614 Ὀρᾷςι
2821 2540 3092 2611 ἁγιώτατε
3118 2539 3376 2608 δέσποτα,
3411 2541 3495 2595 ὅτι
3523 2539 3644 2594 οὐδὲ
3673 2539 3786 2595 κᾶν

2194 2634 2392 2707 μικρὸν
2423 2635 2694 2707 ἐκϐέϐηκε
2742 2636 2843 2706 τῆς
2889 2636 3058 2707 ὀρθῆς
3115 2635 3225 2688 τῶν
3255 2635 3522 2706 Πατέρων
3552 2635 3710 2705 δόξης
3740 2637 3776 2706 ἢ

2190 2725 2248 2778 ἑν
2272 2726 2579 2797 Χαλκηδόνι
2603 2728 2736 2796 ἁγία
2762 2728 2980 2794 σύνοδος
3015 2729 3308 2801 γενομένη,
3335 2729 3470 2783 ἀλλὰ
3509 2730 3653 2800 μετὰ
3675 2729 3780 2799 τῆς

2189 2814 2430 2879 διανοίας
2465 2817 2560 2869 καὶ
2587 2815 2730 2870 αὐτὰ
2759 2815 2828 2869 τὰ
2856 2817 3080 2888 ῥήματα
3115 2817 3422 2888 ὲφύλαξεν;

2276 2906 2334 2960 '0
2372 2905 2534 2959 ΚΑΘ.
2585 2904 2726 2974 Ἐγὼ
2753 2905 2902 2959 οὐδὲν
2934 2905 3175 2960 ἐναντίον
3201 2908 3268 2977 τῇ
3299 2904 3568 2978 ὀρθοδόξῳ
3592 2904 3782 2960 πίστει

2190 2998 2433 3071 εὑρίσκω
2482 2999 2542 3053 έν
2588 2999 2765 3069 τούτῳ
2814 2999 2892 3069 τῷ
2923 2999 3034 3070 ὅρῳ
3058 3014 3072 3028 ⁸
3111 2999 3206 3052 καὶ
3256 2999 3544 3070 θαυμάζω,
3577 3000 3693 3062 πῶς
3723 3000 3779 3052 oi

2189 3091 2298 3162 πρὸ
2331 3089 2488 3162 ήμῶν
2522 3090 2754 3156 ἀναιδῶς
2782 3093 2862 3156 είς
2902 3091 3271 3163 συκοφαντίαν
3318 3091 3609 3164 ἐχώρησαν
3651 3091 3782 3145 κατ’

2191 3183 2384 3240 αὑτοῦ.

2273 3277 2336 3332 '0
2367 3277 2565 3333 ΘΕΩΡ.
2595 3277 2966 3351 Παραθῶμεν,
3007 3279 3056 3334 si
3081 3279 3250 3347 δοκεῖ,
3283 3280 3380 3335 καὶ
3408 3279 3518 3335 τῶν
3545 3279 3651 3352 πρὸ
3677 3279 3778 3334 τοῦ

2191 3370 2348 3440 ἁγίου
2388 3371 2683 3444 Κυρίλλου,
2710 3376 2804 3428 καὶ
2834 3375 2944 3428 τῶν
2993 3375 3115 3444 μετ’
3144 3375 3312 3429 αὐτὸν
3353 3375 3780 3446 διαλαμψάντων

2192 3466 2363 3534 ἁγίων
2398 3467 2659 3538 Πατέρων
2687 3469 2933 3540 χρήσεις,
2961 3470 3152 3532 αὑταῖς
3181 3470 3360 3536 λέξεσι
3408 3468 3504 3522 καὶ
3535 3468 3776 3540 νοήμασι

2188 3561 2256 3629 τῇ
2285 3559 2343 3614 ὲν
2370 3558 2682 3632 Χαλκηδόνι
2714 3560 2848 3633 ἁγίᾳ
2879 3561 3088 3633 συνόδῳ
3121 3560 3466 3634 στοιχούσας.

2271 3736 2332 3791 '0
2389 3738 2552 3794 ΚΑΘ.
2595 3738 2858 3811 Περιττόν
2893 3739 3011 3794 ἐστι
3034 3739 3193 3794 τοῦτο
3219 3756 3233 3772 ο
3273 3740 3506 3812 ἀρκοῦσι
3555 3738 3664 3811 γάρ
3710 3741 3775 3796 αἱ

2188 3826 2284 3882 τοῦ
2317 3829 2474 3897 ἁγίου
2503 3831 2774 3903 Κυρίλλου
2811 3833 3165 3902 προτεθεῖσαι
3196 3837 3445 3906 χρήσεις.

2273 4009 2334 4066 '0
2371 4012 2572 4068 ΘΕΩΡ.
2609 4015 2841 4084 Ἴδωμεν
2883 4014 3094 4082 λοιπὸν,
3139 4017 3190 4070 εί
3229 4016 3398 4082 δοκεῖ,
3451 4015 3648 4078 πόσαις
3675 4013 3776 4068 καὶ

2188 4106 2333 4170 οἵαις
2381 4106 2659 4178 αίρέσεσιν
2705 4109 2734 4162 6
2774 4108 2917 4172 θεῖος
2969 4104 3126 4174 οὗτος
3177 4109 3306 4182 δρος
3359 4111 3776 4181 ἀντιπαρατάτ-

2187 4211 2361 4252 τιται.

2272 4288 2331 4342 Ὅ
2360 4289 2521 4344 ΚΑΘ.
2563 4290 2746 4345 Καλόν
2776 4293 2895 4346 ἐστι
2936 4291 3096 4346 τοῦτο
3132 4291 3283 4358 ίδεϊν,
3320 4293 3406 4348 ίνα
3442 4292 3611 4364 μηδὲν
3635 4295 3774 4365 ήμτν

2188 4382 2414 4456 ἐλλείπῃ
2433 4385 2512 4447 εἰς
2543 4383 2805 4439 σύστασιν
2845 4385 3014 4440 αὐτοῦ
3058 4385 3319 4457 λεχθῆναι
3357 4386 3681 4454 ὀφειλόντων
3708 4389 3773 4453 ἐς

2189 4473 2437 4545 ὕστερον.

2779 4567 2880 4621 Ἐκ
2907 4565 3015 4621 τοῦ
3049 4543 3213 4635 δίου.

2260 4660 2396 4714 Ἕνα
2443 4660 2535 4714 καὶ
2587 4659 2680 4714 τὸν
2725 4660 2889 4714 αὐτὸν
2935 4661 3220 4731 ὁμολογεῖν
3275 4660 3404 4716 Υίδν
3440 4661 3535 4716 τὸν
3565 4663 3772 4735 Κύριον

2186 4751 2344 4823 ήμῶν
2399 4751 2609 4822 Ἰησοῦν
2658 4754 2897 4824 Χριστὸν
2928 4753 3238 4822 συμφώνως
3279 4756 3522 4818 ἅπαντες
3550 4755 3771 4811 ἐκδιδά-

2185 4861 2410 4915 σκομεν.

2265 4935 2325 4989 '0
2369 4935 2564 4989 ΘΕΩΡ.
2607 4937 2697 4992 Ἐν
2740 4935 2948 5000 τούτοις
3006 4937 3098 4990 τὸν
3161 4938 3489 5009 Σαμοσατέα
3535 4939 3771 5009 Παῦλον,

2185 5027 2280 5082 καὶ
2326 5027 2642 5101 Νεστόριον,
2673 5028 2825 5102 ,τοὺς
2875 5028 3344 5102 ἀνθρωπολάτρας
3399 5033 3767 5104 ἐπιστομίζει,

2184 5121 2311 5184 τοὺς
2334 5121 2414 5185 είς
2445 5121 2576 5174 υἱῶν
2598 5121 2766 5175 δυάδα
2795 5121 3117 5190 τολμῶντας
3155 5124 3322 5178 αὑτὸν
3370 5125 3603 5198 διαιρεῖν
3624 5141 3638 5157 ⁶
3673 5132 3774 5184 καὶ

2184 5213 2342 5268 ἄλλον
2377 5211 2479 5283 μὲν
2505 5212 2765 5282 λέγοντας
2792 5214 2922 5270 Υίὺν
2953 5214 3116 5285 φύσει
3158 5215 3252 5271 τὸν
3286 5218 3488 5287 Λόγον,
3523 5219 3682 5274 ἄλλον
3713 5222 3772 5277 δὲ

2187 5309 2355 5362 πάλιν
2389 5308 2520 5362 Υίδν
2540 5311 2752 5381 ξχάριτι
2782 5310 2875 5363 τὸν
2923 5308 3160 5378 Χριστὸν
3195 5313 3422 5381 Ἰησοῦν,
3452 5315 3646 5368 ένὼσει
3674 5313 3770 5370 καὶ

2186 5401 2454 5473 συναφεία
2487 5404 2554 5474 τῇ
2593 5404 2730 5472 πρὸς
2759 5403 2854 5456 τὸν
2886 5403 3029 5457 κατὰ
3061 5403 3228 5473 φύσιν
3260 5404 3389 5460 Υἱὸν
3411 5407 3513 5475 τὴν
3546 5407 3772 5477 υἱᾶτητα

2186 5495 2562 5564 κεκτημένον·
2607 5497 2701 5550 καὶ
2733 5497 2830 5569 οὐχ
2864 5497 3266 5568 ὁμολογοῦντας
3293 5499 3388 5553 ἕνα
3433 5503 3525 5552 καὶ
3558 5501 3649 5552 τὸν
3674 5501 3774 5553 αὺ-

2185 5589 2278 5641 τὸν
2332 5587 2480 5650 Υίὸν,
2518 5587 2762 5658 άσαρκον
2808 5591 2908 5659 μὲν
2959 5589 3066 5660 πρὸ
3112 5591 3213 5661 τῆς
3258 5591 3614 5656 καταϐάσεως
3675 5592 3772 5646 καὶ

2186 5680 2658 5752 ὲνανθρωπήσεως
2692 5700 2706 5715 ⁶
2741 5683 3162 5756 σεσαρκωμένον
3192 5684 3250 5737 δὲ
3291 5684 3382 5737 τὸν
3430 5684 3597 5738 αὐτὸν
3631 5683 3800 5753 μετὰ..

2185 5773 2284 5845 τὴν
2319 5773 2386 5828 δι’
2416 5776 2564 5847 ἡμᾶς
2589 5777 2892 5833 κατάϐασίν
2922 5795 2979 5830 τε
3005 5777 3101 5832 καὶ
3129 5776 3565 5849 ὲνανθρὼπησιν.
