4096 6438
403 427 523 494 ἓθὸ

1002 547 1104 600 ‘Eia
1138 545 1243 600 τοῦ
1268 542 1432 614 ὅρου.

479 641 702 695 Τέλειον
733 645 828 692 τόν
869 637 1035 692 αὐτὸν
1066 637 1125 690 ὲν
1150 635 1388 712 θεότητι,
1415 635 1510 690 καὶ
1549 634 1760 689 τέλειον
1786 634 1877 688 τὸν
1910 634 2008 688 αὐ-

404 734 504 788 τὸν
530 735 588 788 ἐν
613 729 1024 804 ἀνθρωπότητι.
1067 729 1291 785 Τέλειον
1331 731 1389 782 ὲν
1417 728 1631 798 θεότητι
1680 728 1872 794 εἰπὼν,
1908 727 2006 798 τὴν

423 825 727 899 Ἀρεεανῶν
759 823 1062 878 ἀπωθεῖται
1114 821 1486 894 βλασφημίαν.
1523 815 1685 875 Οὗτοι
1730 821 1839 892 γὰρ
1874 823 2009 875 Θεὸν

413 923 518 994 μὲν
549 915 690 974 εἶναι
720 919 944 988 λέγουσι
978 918 1072 972 τὸν
1122 917 1382 988 Χριστὸν,
1432 915 1598 986 ἀτελῆ
1625 915 1682 970 δὲ
1717 916 1816 970 καὶ
1853 917 2010 971 ἐλάτ-

407 1033 544 1072 τονα
577 1015 670 1068 τοῦ
708 1013 923 1085 [ἰατρὸς
952 1011 1088 1064 θεὸν
1125 1009 1290 1064 αὐτὸν
1323 1008 1775 1078 δογματίζουσιν.
1836 1007 1922 1061 Ἐν
1954 1009 2010 1062 δὲ

409 1111 492 1182 τῷ
519 1109 694 1162 εἰπεῖν
722 1121 738 1137 ·
773 1105 884 1159 Καὶ
914 1101 1124 1158 τέλειον
1153 1102 1246 1156 τὸν
1293 1101 1458 1155 αὐτόν
1501 1101 1560 1154 ἐν
1601 1100 2006 1172 ἀνθρωπότητι,

405 1202 475 1256 οὔ
512 1199 673 1269 μόνον
717 1196 819 1257 τὴν
857 1192 1173 1266 ’Λρειανῶν,
1200 1189 1337 1245 ἀλλά
1365 1189 1462 1244 καὶ
1495 1190 1594 1259 τὴν
1628 1187 2012 1259 Ἀπολιναρια-

410 1295 524 1347 νῶν
565 1289 832 1360 διελέγχει
883 1288 1088 1343 ἄνοιαν.
1130 1285 1192 1340 Ὀ
1230 1284 1328 1356 μὲν
1375 1283 1486 1354 γὰρ
1536 1282 1752 1370 ῗΑρειος
1804 1279 2012 1350 ἄψυχον

409 1385 692 1446 παντελῶς
722 1384 904 1453 σάρκα
927 1380 1273 1451 ἀνειληφέναι
1298 1379 1390 1431 τὸν
1409 1378 1580 1445 Λόγον
1606 1375 1840 1446 ληρωδεῖ
1865 1391 1878 1404 ·
1905 1377 1932 1428 ὁ
1955 1373 2012 1427 δὲ

422 1478 804 1548 ’Λπολινόιριος
852 1474 1098 1546 ἔμψυχον
1143 1475 1264 1546 μὲν.
1304 1473 1468 1527 ἄνουν
1501 1470 1596 1523 δέτ
1639 1467 1712 1532 ὡς
1769 1467 2011 1538 ἀμφοτέο

411 1589 546 1643 ρους
595 1569 761 1641 ἀτελῆ
817 1568 915 1639 τὴν
967 1567 1364 1636 ἀνθρωπότητα
1397 1561 1492 1618 τοῦ
1545 1561 1761 1632 Κυρίου
1789 1559 2014 1634 ἀμαθῶς

402 1664 782 1736 δογματίζειν.

999 1756 1096 1809 Ἐκ
1126 1754 1235 1809 τοῦ
1272 1753 1438 1824 ὅρου.

481 1851 618 1907 Θεὸν
645 1848 888 1922 ἀληθῶς,
942 1849 1040 1904 καὶ
1082 1848 1370 1919 ἄνθρωπον
1419 1846 1642 1916 ἀληθῶς
1691 1845 1784 1901 τόν
1830 1844 2013 1901 αὐτόν.

1781 430 2248 492 DlSI‘UTATlO
2291 431 2338 490 Ι.

3589 432 3693 494 205

2735 537 2820 598 Ex
2858 550 3085 603 decreto.

2183 637 2447 692 Eumdem
2473 636 2529 692 in
2555 635 2840 694 divinitate
2868 639 3192 708 perfectum,
3219 651 3273 698 et
3301 643 3548 700 eumdem
3575 661 3704 718 pcr-

2110 729 2312 786 fectum
2340 731 2392 784 in
2426 731 2781 786 humanitate.
2809 731 2944 788 Cum
2979 735 3032 788 in
3075 734 3359 792 divinitate
3402 738 3703 808 perfectum

2110 824 2260 889 dicit,
2292 822 2614 878 Arianorum
2642 823 3031 896 blasphemiam
3056 828 3233 900 rejicit
3255 846 3270 895 ;
3289 845 3413 887 nam
3433 833 3506 888 illi
3533 834 3702 892 Deum

2110 917 2329 984 quidem
2376 931 2501 973 esse
2540 916 2818 973 Christum
2856 919 3065 987 dicunt,
3097 922 3192 978 sed
3232 923 3612 994 imperfectum
3649 939 3705 985 et
3795 969 3798 972 ~

2109 1007 2275 1064 Patre
2305 1009 2572 1066 minorem
2615 1009 2783 1066 Deum
2819 1012 3062 1069 tradunt.
3112 1014 3250 1070 Cum
3279 1025 3460 1073 autem
3491 1020 3702 1091 inquit:

2114 1101 2180 1156 Et
2203 1103 2450 1157 eumdem
2492 1103 2792 1174 perlectum
2837 1105 2889 1160 in
2919 1104 3259 1163 humanitate
3283 1150 3300 1176 ,
3332 1125 3440 1164 non
3470 1113 3707 1168 Ariano-

2107 1211 2232 1249 rum
2260 1195 2442 1260 modo,
2470 1195 2564 1251 sed
2594 1195 3102 1267 Apollinaristarum
3127 1215 3348 1272 quoque
3376 1204 3702 1261 dementiam

2113 1290 2334 1342 refutat.
2391 1289 2553 1362 Arius
2609 1289 2756 1346 enim
2808 1301 3066 1362 nugatur,
3113 1292 3435 1351 Sermonem
3493 1313 3709 1354 assum-

2114 1381 2289 1452 psisse
2333 1397 2559 1437 carnem
2593 1384 2815 1440 omnino
2855 1386 3157 1442 iuanimam
3187 1405 3201 1442 :
3231 1390 3560 1460 Apollinaris
3613 1409 3708 1448 au-

2117 1483 2258 1539 tem,
2297 1475 2596 1530 animatam
2643 1478 2864 1547 quidem
2902 1495 3147 1547 carnem,
3196 1484 3292 1538 sed
3353 1487 3556 1541 mentis
3606 1502 3707 1543 ex-

2115 1576 2319 1636 pertetn
2352 1584 2368 1624 :
2407 1583 2518 1638 quo
2574 1567 2654 1634 fit,
2699 1586 2752 1626 ut
2804 1572 3088 1642 imperite
3121 1575 3281 1632 ambo
3333 1577 3706 1647 imperfectam

2116 1656 2330 1715 Domini
2382 1660 2776 1718 humanitatem
2824 1661 3076 1720 tradant.

2634 1803 2636 1805 ,
2741 1754 2827 1811 Ea:
2859 1758 3091 1814 decreto.

2197 1844 2335 1903 Vere
2390 1845 2583 1914 Deum,
2634 1857 2689 1904 et
2741 1851 2992 1905 eumdem
3050 1866 3176 1908 vere
3229 1853 3526 1912 hominem.
3580 1859 3709 1914 Haec

406 1943 598 2000 Ταῦτα
631 1907 1042 2006 arma“,
1072 1940 1132 2006 ὃς
1169 1907 1304 1995 es.
1337 1907 1709 2012 ψιλόν-αὐτὸν
1741 1939 2014 2011 ὁμολογεῖ,

2122 1950 2345 2009 propter
2384 1937 2597 1996 Manem
2635 1943 2810 2010 posita
2858 1952 3005 2007 sunt,
3033 1948 3124 2014 qui
3153 1960 3278 2001 eum
3326 1963 3520 2017 purum
3565 1950 3706 2006 fate-

408 2038 511 2091 καὶ
534 2036 634 2091 οὐκ
661 2035 952 2106 ἄνθρωπον
984 2049 1001 2067 ·
1030 2033 1125 2088 καὶ
1162 2034 1253 2088 διὰ
1293 2033 1508 2088 Παῦλον
1535 2034 1629 2088 τὸν
1661 2024 2016 2104 Σαμοσατέα,

418 2135 516 2185 καὶ
552 2131 824 2201 Ἀρτεμᾶν
845 2169 860 2193 ,
892 2127 1090 2192 οἵτινες
1115 2126 1408 2198 ἀρνοῦνται
1430 2125 1598 2180 αὐτοῦ
1630 2124 1731 2198 τὴν
1753 2124 2008 2198 θεότητα.

418 2223 578 2291 ψιλὸν
629 2201 788 2277 αὐτὸν
834 2221 1125 2293 ἄνθρωπον
1171 2219 1584 2292 ὁμολογοῦντες.
1629 2249 1702 2260 —
1763 2219 1866 2274 Ἐκ
1911 2217 2021 2274 τοῦ

423 2315 591 2384 ὅρου.
665 2315 758 2369 Ἐκ
800 2313 980 2386 ψυχῆς
1007 2313 1274 2384 ιλογικῆς,
1307 2314 1405 2366 καὶ
1438 2311 1712 2382 σώματος.
1754 2311 2021 2366 Ἐνταῦθα

428 2409 597 2464 πάλιν
647 2409 1004 2480 ’Δπολιναρίῳ
1047 2408 1296 2478 πολεμεῖ,
1340 2406 1558 2475 λέγοντι
1604 2407 1679 2478 μὴ
1725 2406 2019 2478 ἐσχηκέναι

424 2501 619 2570 περάν
673 2500 852 2572 ψυχὴν
907 2505 1002 2554 τὸν
1049 2500 1260 2572 Κύριον
1304 2501 1466 2570 ἡμῶν
1496 2499 1708 2572 Ἰησοῦν
1760 2501 2017 2572 Χριστὸν,

419 2593 562 2647 and:
591 2592 834 2665 ζωτικὴν
873 2593 1037 2664 μόνον
1064 2608 1080 2625 ο
1117 2593 1213 2648 καὶ
1239 2593 1328 2648 διὰ
1366 2596 1626 2650 Μάνεντα
1659 2594 1752 2650 καὶ
1782 2593 2016 2649 Οὐαλεν-

415 2689 584 2751 τίνον,
611 2688 740 2751 τοὺς
768 2686 1136 2758 ἀρνουμένους
1160 2685 1328 2740 αὐτοῦ
1355 2687 1454 2760 τὴν
1480 2687 1778 2760 σάρκωσιν.
1804 2716 1874 2726 -
1909 2688 2016 2742 Ἐκ

416 2780 529 2834 τοῦ
559 2779 726 2848 ὅρου.
815 2778 1136 2850 Ὀμοούσιον
1166 2780 1242 2852 τῷ
1272 2781 1452 2854 Ila-cpt
1479 2781 1622 2836 κατὰ
1645 2779 1743 2851 τὴν
1766 2778 2017 2851 θεότητα,

416 2872 488 2926 δι’
525 2871 792 2943 Εὐνόμιον
826 2873 924 2926 καὶ
950 2872 1191 2944 Ἀρειον,
1237 2872 1366 2938 τοὺς
1396 2873 1489 2928 τὸν
1526 2873 1790 2945 μονογενῆ
1839 2873 2017 2942 Λόγον

417 2969 507 3022 ετξ
518 2967 764 3040 ροούσιον
781 2966 878 3022 τοῦ
906 2967 1141 3040 Πατρὸς,
1166 2968 1263 3021 καὶ
1282 2968 1512 3040 κτίσμα,
1547 2968 1641 3022 καὶ
1666 2966 1853 3021 δοῦλον
1883 2969 2018 3023 ἀσε-

417 3059 533 3121 δὼς
582 3059 750 3113 αὐτὸν
803 3057 1293 3130 καταγγέλλοντας.
1323 3089 1394 3099 --
1437 3061 1540 3113 Ἐκ
1576 3057 1684 3114 τοῦ
1714 3058 1877 3128 ὅρου.
1909 3060 2017 3114 Καὶ

426 3155 720 3225 όμιούσιον
753 3158 887 3227 ἡμῖν
924 3157 1018 3210 τὸν
1049 3156 1236 3222 αὐτὸν,
1268 3156 1412 3211 κατά
1438 3156 1538 3228 τὴν
1570 3155 1964 3227 ἀνθρωπότητα
1995 3172 2012 3188 θ

2124 2040 2214 2086 tur
2245 2031 2438 2098 Deum,
2470 2049 2574 2088 non
2607 2029 3082 2091 etiam‘hominetu
3105 2054 3121 2095 :
3145 2047 3200 2094 et
3222 2051 3443 2110 propter
3483 2041 3704 2098 Paulum

2123 2124 2559 2193 Samosatenum,
2599 2134 2652 2181 et
2701 2127 3004 2196 Artemam,
3050 2131 3141 2201 qui
3196 2133 3536 2191 divinitatem
3589 2137 3710 2207 ejus

2123 2227 2441 2288 pernegant,
2473 2235 2668 2290 purum
2705 2220 2981 2277 hominem
3016 2224 3360 2282 conﬁtentes.
3395 2257 3466 2269 -—
3491 2227 3579 2284 Ex
3612 2233 3709 2286 de-

2122 2321 2286 2366 creto.
2355 2311 2436 2365 Ex
2491 2311 2755 2382 participe
2808 2313 3042 2371 rationis
3094 2320 3314 2386 anima,
3369 2334 3710 2393 corporeque

2123 2411 2480 2458 constantem.
2510 2402 2608 2458 llic
2633 2420 2830 2462 rursus
2855 2405 3217 2476 Apollinaritn
3263 2423 3562 2484 Oppugnat,
3612 2417 3708 2485 qui

2123 2491 2411 2550 Dominum
2467 2507 2715 2553 nostrum
2764 2495 2955 2555 Jesum
3006 2500 3284 2559 Christum
3336 2520 3444 2561 non
3492 2507 3711 2566 dicebat

2123 2586 2359 2642 animam
2395 2587 2655 2646 habuisse
2700 2601 2895 2648 mente
2924 2593 3247 2663 praeditam,
3291 2598 3388 2654 sed
3444 2591 3709 2660 duntaxat

2123 2679 2346 2736 vitalem
2377 2697 2391 2735 :
2428 2681 2672 2753 itemque
2701 2683 2915 2741 Manem
2945 2695 3000 2743 et
3037 2685 3406 2759 Valentinum,
3449 2693 3709 2752 incarna-

2126 2772 2328 2827 tionem
2355 2773 2472 2844 ejus
2501 2785 2780 2846 negantes.
2811 2807 2884 2819 —
2913 2777 3000 2834 Es
3027 2778 3260 2838 decreto.
3286 2781 3542 2855 Ejusdem
3583 2803 3707 2843 cum

2120 2858 2285 2917 Patre
2315 2863 2656 2932 substantiae,
2702 2869 2998 2936 secundum
3032 2871 3399 2930 divinitatem.
3427 2873 3544 2932 Hoc
3582 2893 3711 2948 pro-

2121 2966 2245 3026 pter
2275 2954 2595 3014 Eunomium
2620 2967 2677 3014 et
2716 2960 2906 3016 Arium
2945 2963 3036 3034 qui
3069 2965 3356 3038 unigenam
3390 2968 3542 3026 illum
3575 2969 3711 3028 Ser-

2122 3064 2335 3105 lllOlletll
2367 3049 2594 3106 diversa:
2619 3068 2647 3107 a
2671 3063 2895 3124 paterna
2931 3056 3278 3126 substantiae,
3305 3073 3360 3118 et
3394 3071 3706 3122 creaturam

2122 3153 2174 3196 et
2216 3143 2576 3214 mancipium,
2612 3145 2779 3216 impie
2807 3149 3358 3218 praedicabant—Ea:
3373 3156 3600 3213 decreto.
3639 3159 3711 3216 Et

425 3249 515 3302 διὰ
548 3249 871 3319 Μαρκίωνα,
908 3249 1001 3302 καὶ
1028 3249 1305 3313 Μάνεντα,
1343 3251 1438 3302 καὶ
1472 3248 1851 3314 οὐαλεντῖνον,
1884 3247 2012 3312 τοὺς

2120 3235 2371 3288 eumdem
2409 3235 2689 3291 nobiseum
2722 3238 2966 3308 ejusdem
3001 3241 3360 3311 substantiae,
3400 3251 3704 3307 secundum

426 3339 647 3410 δοκήσει
681 3340 775 3393 καὶ
805 3337 1082 3412 φίντασίᾳ
1128 3340 1258 3412 ψιλῇ
1298 3339 1561 3408 λέγοντας
1594 3338 1759 3392 αὐτὸν
1801 3337 2014 3408 ἀνθρωο

387 3431 535 3484 “nov
563 3430 821 3502 ὀφθῆναι,
851 3432 912 3485 οὐ
946 3432 1055 3502 μὴν
1091 3431 1343 3504 ἀληθείᾳ,
1386 3431 1481 3486 καὶ
1528 3431 1671 3486 κατά
1709 3429 1874 3501 φύσιν
1915 3431 2012 3486 ἀν-

424 3518 650 3589 θρωπον
686 3520 1088 3590 ὁμολογοῦντας
1135 3520 1300 3574 αὐτὸν
1329 3519 1634 3589 γεγονέναι.
1661 3549 1732 3560 ——
1771 3519 1877 3574 Ἐκ
1907 3517 2014 3572 τοῦ

424 3613 596 3683 ὅρου.
663 3614 775 3684 Πρὸ
825 3612 1041 3668 αἰώνων
1077 3612 1176 3684 μὲν
1204 3615 1269 3668 ἐκ
1295 3613 1390 3666 τοῦ
1422 3613 1636 3684 Πατρὸς
1662 3612 2014 3684 γεννηθέντα,

425 3708 570 3761 κατά
597 3706 696 3778 τὴν
725 3707 962 3778 θεότητα
984 3723 997 3737 ·
1030 3705 1122 3760 διὰ
1170 3707 1418 3778 Σίμωνα,
1464 3707 1560 3760 καὶ
1596 3706 1886 3777 Εὐνόμιον,
1919 3706 2016 3762 καὶ

430 3802 674 3869 Ἄρειον,
733 3801 860 3865 τοῦς
910 3801 1278 3871 ἀρνουμένους
1315 3795 1482 3854 αὐτοῦ
1528 3798 1626 3870 τὴν
1678 3801 1742 3853 ὲκ
1799 3799 2016 3870 Πατρὸς

427 3893 538 3962 πρὸ
565 3891 776 3946 αἰώνων
807 3891 1160 3964 γέννησιν.-
1188 3892 1287 3945 Ἐκ
1317 3891 1426 3946 τοῦ
1479 3891 1642 3962 ὅρου.
1703 3892 1822 3946 Ἐπ’
1849 3893 2013 3962 ὲσχόιο

427 4001 542 4038 των
577 3985 633 4039 δὲ
660 3985 769 4038 τῶν
801 3985 1027 4057 ἡμερῶν
1050 3984 1144 4038 τὸν
1171 3984 1337 4038 αὐτὸν
1359 3984 1428 4037 δι’
1471 3984 1622 4055 ἡμᾶς
1661 3984 1758 4038 καὶ
1795 3983 1885 4037 διά
1913 3983 2016 4053 τὴν

428 4077 706 4146 ἡμετέραν
746 4075 1047 4147 σωτηρίαν,
1088 4077 1154 4129 ὲκ
1200 4075 1424 4147 Μαρίας
1466 4075 1568 4146 τῆς
1613 4075 1892 4148 Παρθένου
1921 4075 2017 4128 καὶ

426 4169 718 4235 Θεοτόκου,
747 4169 892 4223 κατά
915 4169 1016 4238 τὴν
1039 4169 1438 4247 ἀνθρωπότητα
1463 4186 1477 4201 ο
1511 4168 1600 4223 διὰ
1626 4168 1892 4222 Φωτεινὺν
1922 4169 2018 4222 καὶ

424 4263 724 4332 Θεόδωρον,
755 4265 848 4316 καὶ
872 4263 1162 4332 Διόδωρον,
1194 4262 1289 4338 καὶ
1318 4259 1637 4331 Νεστόριον,
1681 4263 1808 4325 τοὺς
1840 4260 2016 4314 διδόν-

426 4372 528 4419 τας
554 4355 700 4426 αὐτῷ
723 4357 825 4426 τὴν
855 4356 1032 4427 ἀρχὴν
1061 4355 1160 4426 τῆς
1187 4354 1474 4426 ὑπάρξεως
1497 4357 1561 4407 ὲκ
1585 4355 1684 4425 τῆς
1713 4354 2014 4426 Παρθένου,

427 4449 525 4500 καὶ
565 4447 824 4515 λέγοντας
854 4447 1020 4501 αὐτὸν
1051 4446 1346 4518 ἄνθρωπον
1373 4447 1436 4512 ἐξ
1465 4447 1670 4518 ἀρετῆς
1705 4447 1846 4501 κατὰ
1877 4463 2016 4524 προ·-

427 4538 610 4610 κοπὴν
653 4537 1067 4608 θεοποιηθέντα,
1109 4538 1206 4592 καὶ
1245 4538 1369 4609 οὐχὶ
1415 4537 1554 4591 Θεὸν
1591 4539 1656 4590 ὲκ
1691 4536 1830 4591 Θεοῦ
1865 4537 2013 4605 ὅντα,

2116 3324 2534 3382 humanitatem.
2563 3325 2676 3384 Hoc
2694 3343 2914 3401 propter
2931 3325 3287 3405 Nomionem,
3315 3347 3371 3394 et
3390 3338 3626 3410 Martem,
3651 3355 3712 3400 et.

2119 3413 2486 3483 Valentinum,
2518 3419 2612 3489 qui
2649 3433 2773 3476 eum
2808 3437 2904 3492 per
2924 3425 3237 3494 opinionem
3268 3443 3335 3485 ac
3357 3431 3705 3500 phantasiam

2118 3507 2380 3563 duntaxat
2405 3510 2623 3568 aiebant
2657 3513 2936 3572 hominem
2979 3520 3338 3590 apparuisse;
3361 3539 3470 3581 non
3503 3528 3708 3598 reipsa,

2117 3611 2171 3657 et
2199 3603 2521 3661 naturaliter
2543 3604 2819 3663 hominem
2855 3607 3056 3668 factum
3083 3615 3598 3674 conﬁtebantur.—
3621 3620 3710 3678 Ea:

2117 3694 2345 3751 decreto.
2366 3697 2508 3753 Ante
2526 3699 2725 3755 saecula
2741 3701 2956 3771 quidem
2975 3719 3044 3760 ex
3067 3704 3227 3763 Patre
3244 3710 3506 3779 genitum,
3529 3718 3708 3782 quoad

2118 3787 2482 3846 divinitatem.
2514 3789 2631 3847 Hoc
2679 3805 2902 3864 propter
2931 3795 3236 3868 Simonem,
3269 3810 3327 3858 et
3356 3801 3709 3879 Eunomiunt,

2119 3887 2173 3935 et
2189 3879 2401 3948 Arium,
2431 3882 2526 3951 qui
2571 3888 2978 3954 generationem
3008 3888 3179 3960 ipsius
3196 3907 3262 3947 ex
3294 3893 3478 3963 Patre,
3508 3896 3708 3954 factam

2119 3983 2248 4030 ante
2303 3976 2528 4042 sarcula,
2579 3981 2877 4047 negabant.
2906 4009 2976 4020 —-
3007 3978 3096 4038 Em
3145 3984 3376 4042 decreto.
3432 3986 3708 4045 Extremis

2119 4081 2247 4121 vero
2263 4067 2454 4124 diebus
2468 4070 2716 4126 eumdem
2730 4081 2948 4143 prapter
2969 4087 3091 4141 nos,
3110 4083 3167 4129 et
3183 4076 3412 4132 salutem
3435 4089 3704 4149 nostram,

2120 4170 2306 4213 natum
2357 4174 2422 4215 ex
2467 4160 2633 4217 Maria
2691 4161 2917 4233 Virgine
2967 4165 3224 4236 Deipara,
3269 4172 3568 4226 secundmn
3610 4173 3712 4230 hu-

2120 4249 2459 4307 manitatem.
2480 4249 2595 4306 Hoc
2637 4262 2863 4323 propter
2906 4251 3214 4310 Photinum.
3240 4265 3294 4311 et
3338 4255 3708 4330 Theodorum,

2118 4349 2172 4396 et
2223 4340 2539 4410 Diodorum,
2591 4351 2647 4399 et
2700 4342 3035 4413 Nestorium,
3066 4347 3159 4416 qui
3216 4349 3514 4407 exsistendi
3558 4354 3710 4424 priu-

2118 4433 2318 4504 cipium
2345 4435 2396 4490 ei
2421 4434 2553 4489 dant
2581 4451 2649 4491 ex
2676 4433 2918 4508 Virgine,
2937 4454 3005 4506 at;
3033 4441 3250 4496 tradunt
3271 4459 3395 4499 eum
3424 4446 3704 4504 hominem
3796 4483 3799 4487 ι

2120 4544 2263 4596 esse,
2292 4529 2385 4600 qui
2429 4529 2499 4584 ob
2531 4531 2790 4586 virtutem
2841 4531 3091 4602 profectu
3135 4536 3370 4605 quodam
3420 4548 3476 4594 et
3525 4541 3713 4599 incre-

429 4631 529 4682 καὶ
563 4628 655 4682 διὰ
695 4628 1110 4698 φιλανθρωπίαν
1133 4627 1420 4700 ἀτρέπτως
1445 4628 1734 4700 ἄνθρωπον
1777 4645 2012 4699 γεγενη-

2124 4635 2307 4680 mento
2336 4627 2407 4682 sit
2440 4625 2727 4682 deiﬁcatus
2753 4643 2770 4694 ;
2802 4643 2908 4683 non
2941 4627 3110 4684 Deum
3138 4630 3208 4687 de
3233 4631 3366 4698 Deo,
3390 4633 3484 4705 qui
3523 4651 3712 4693 amore

427 4721 709 4792 μένον.-
739 4723 839 4774 Ἐκ
865 4720 974 4776 τοῦ
1013 4720 1178 4790 ὅρου.
1249 4721 1341 4774 Ἐν
1380 4721 1474 4774 δύο
1512 4721 1742 4790 φύσεσιν
1779 4721 2024 4791 ἀσυγχύ-

424 4831 560 4880 τως,
587 4799 900 4887 ἀτρέπτως,
939 4814 1291 4885 ἀδιαιρέτως,
1327 4813 1648 4885 ἀχωρίστως
1683 4814 2023 4884 γνωριζόμεο

426 4924 543 4973 νον,
575 4906 812 4977 οὐδαμοῦ
843 4908 943 4976 τῆς
971 4907 1076 4959 τῶν
1111 4907 1331 4977 φύσεων
1359 4905 1629 4978 διαφορᾶς
1665 4905 2022 4977 ἀνῃρημένης

425 4999 517 5052 διὰ
547 5002 646 5069 τὴν
671 5000 888 5064 ἕνωσιν,
923 4998 1242 5070 σωζομένης
1281 4999 1337 5053 δὲ
1371 4999 1576 5070 μᾶλλον
1616 4999 1716 5070 τῆς
1753 4999 2021 5070 ἰδιότητος

424 5092 700 5164 ἑκατέρας
759 5091 999 5162 φύσεως,
1053 5093 1143 5146 καὶ
1175 5095 1256 5156 είς
1311 5092 1370 5146 ἓν
1412 5092 1705 5164 πρόσωπον
1756 5091 1852 5144 καὶ
1891 5091 2022 5163 μίαν

424 5186 733 5239 ὑπόστασιν
765 5186 1194 5258 συντρεχούσης.
1225 5185 1413 5241 Ταῦτα
1443 5186 1532 5240 διὰ
1575 5185 1893 5258 Νεστόριον,
1927 5186 2022 5239 καὶ

425 5277 835 5350 ’Δπολινάριον,
868 5281 963 5333 καὶ
993 5279 1231 5351 Εὐτυχῆ,
1275 5279 1326 5332 οἳ
1353 5280 1453 5343 τάς
1486 5278 1780 5351 διαφόρους
1804 5275 2019 5348 φύσεις,

423 5370 526 5424 τοῦ
565 5372 742 5440 Λόγου
771 5373 913 5442 λέγω
953 5373 1048 5429 καὶ
1075 5373 1175 5444 τῆς
1215 5373 1421 5446 σαρκὸς
1464 5370 1656 5436 αὐτοῦ,
1687 5371 1818 5442 μίαν
1853 5370 2022 5441 φύσιν

427 5463 888 5517 ἀποτετελεχέναι
935 5468 1126 5534 φασὶν,
1169 5464 1444 5527 ἐκστάσας
1474 5461 1717 5534 δηλονότι
1761 5461 1862 5530 τῆς
1887 5462 2021 5513 ἐαυ-

429 5556 543 5608 τών
578 5555 840 5627 ἰδιότητος
877 5572 893 5587 ο
929 5557 1007 5620 ὠς
1031 5559 1176 5611 κατά
1207 5556 1301 5610 τὸν
1329 5556 1558 5610 ἐκείνων
1611 5553 1787 5624 λόγον·
1818 5552 2018 5624 μηκέτι

427 5644 696 5702 δύνασθαι
727 5647 1003 5713 σώζεσθαι
1049 5648 1147 5702 τοῦ
1192 5647 1434 5718 Χριστοῦ
1477 5648 1639 5729 μήτελ
1664 5647 1726 5698 τὸ
1755 5645 2020 5715 παθητὸν,

429 5739 518 5795 διὰ
545 5742 606 5794 τὺ
629 5743 839 5804 ἀπαθὲς
870 5742 1043 5796 αὐτοῦ
1079 5746 1178 5814 τῆς
1217 5742 1492 5812 θεότητος,
1521 5741 1660 5812 μήτε
1694 5738 1757 5791 τὺ
1786 5736 2018 5801 ἀπαθὲς,

428 5833 521 5890 διὰ
558 5834 619 5888 τὸ
652 5835 898 5906 παθητὸν
921 5835 1088 5889 αὑτοῦ
1120 5838 1219 5907 τῆς
1243 5834 1693 5906 ἀνθρωπότητος.

2121 4716 2342 4788 generis
2371 4716 2592 4772 humani
2627 4717 2768 4772 citra
2806 4720 3168 4776 mutationem
3200 4721 3366 4779 homo
3407 4726 3586 4782 factus
3614 4728 3708 4785 sit.

2121 4840 2193 4850 —
2221 4808 2308 4864 Ex
2332 4811 2563 4866 decreto.
2596 4809 2701 4877 Qui
2736 4812 2948 4868 duabus
2989 4813 3044 4868 in
3090 4815 3302 4872 naturis
3346 4817 3481 4875 citra
3513 4821 3711 4876 conlu-

2122 4905 2356 4970 siouem,
2421 4905 2822 4972 mutationem,
2875 4906 3239 4975 divisionem,
3303 4915 3709 4982 separationem

2124 4998 2483 5070 agnoscitur;
2553 5012 2896 5068 nequaquam
2984 5010 3305 5056 naturarum
3389 5001 3711 5062 discrimine

2126 5101 2348 5163 propter
2405 5093 2661 5147 unionem
2717 5091 2955 5162 sublato,
3004 5093 3099 5150 sed
3154 5096 3438 5166 utriusque
3497 5107 3711 5156 natura:

2125 5184 2460 5255 proprietate
2527 5183 2709 5254 potius
2783 5185 2976 5251 salva,
3032 5197 3089 5242 et
3161 5187 3214 5242 in
3275 5204 3438 5243 unam
3495 5205 3711 5260 perso-

2126 5292 2253 5331 nam
2307 5292 2583 5347 unamque
2642 5279 2958 5348 hypostasin
2996 5289 3252 5337 coeunte.
3311 5281 3419 5336 lsta
3488 5293 3710 5352 propter

2123 5366 2454 5437 Nestorium,
2481 5379 2536 5424 et
2567 5370 2948 5440 Apollinarim,
2990 5380 3046 5427 et
3071 5371 3448 5444 Eutychetem,
3484 5375 3575 5445 qui
3610 5390 3710 5430 na-

2124 5472 2276 5518 turas
2309 5463 2576 5530 diversas,
2611 5463 2915 5529 Sermonis,
2970 5465 3218 5534 inquam,
3264 5476 3319 5521 et
3351 5470 3540 5524 carnis
3567 5469 3709 5540 ejus,

2122 5571 2284 5611 unam
2351 5567 2605 5610 naturam
2656 5555 2955 5611 absolvisse
3001 5556 3212 5624 dicunt,
3245 5559 3446 5615 amissa
3505 5560 3709 5618 scilicet

2120 5647 2457 5718 singularqu
2494 5649 2827 5718 proprietate
2858 5662 3006 5718 :quo
3044 5648 3105 5702 lit
3141 5660 3202 5728 ut
3228 5652 3525 5708 secundum
3560 5653 3709 5724 ipso-

2121 5757 2242 5797 rum
2270 5742 2599 5805 doctrinam,
2633 5757 2742 5796 non
2766 5741 2998 5809 amplius
3017 5740 3070 5795 in
3089 5740 3310 5797 Christo
3329 5742 3416 5798 vel
3437 5756 3558 5801 esse
3585 5760 3710 5814 pas-

2121 5833 2278 5889 sibile
2299 5831 2594 5902 quidquam
2622 5841 2862 5886 statuere
2887 5833 3183 5900 possimus,
3211 5845 3433 5906 prepter
3453 5835 3714 5893 divinita-

427 5942 542 5987 tem
573 5931 766 6003 ipsius,
785 5931 1062 6002 passionis
1104 5938 1384 6002 expertem
1425 5929 1508 5985 vel
1533 5928 1824 6000 quidquam
1850 5926 2205 6000 impassibile,
2229 5937 2450 5999 propter
2484 5925 2656 5999 ipsius
2681 5920 3102 5997 humanitatem,
3134 5930 3378 6002 passioni
3397 5930 3711 5991 obnoxiam.
