4096 6398
465 400 569 463 207

1894 389 2288 452 ΤΗΕΟΗΙΑΝ
2300 391 2326 452 Ι

3646 391 3755 461 208

535 516 630 569 llis
659 518 733 566 ita
762 514 1006 565 recitatis
1031 518 1087 563 et
1118 506 1428 572 declaratis,
1475 501 1748 575 generalis
1787 503 1851 557 ad
1877 501 2053 556 Theu-

2236 502 2455 557 Τούτων
2502 502 2677 565 οὓτως
2720 498 3185 571 ἀναγνωσθέντων
3238 504 3334 557 καὶ
3390 503 3758 577 ἐρμηνευθέν-

461 602 677 657 rianum
708 596 914 666 inquit:
947 593 1214 663 Equidem
1243 602 1363 658 post
1381 590 1759 646 recitationem
1787 588 1946 657 hujus
1965 588 2058 642 de-

462 691 595 747 creti
627 687 759 744 nihil
793 688 845 742 in
864 701 928 741 eo
948 683 1306 756 deprehendi,
1327 684 1472 753 quod
1491 681 1808 736 orthodoxa:
1827 679 1945 734 fidei
1972 694 2060 735 re-

463 790 688 856 pllgtlel,
718 781 862 837 sicut
882 788 935 834 et
960 778 1167 849 pridem
1199 775 1376 830 fassus
1401 790 1542 830 sum.
1565 773 1730 828 Miror
1752 773 1941 837 etiam,
1969 772 2058 840 qui

463 880 667 934 factum
693 876 757 932 sit
786 871 1032 930 utnostri
1066 868 1661 942 majoresimpndentcr
1699 867 1765 920 ad
1815 866 1866 920 id
1907 865 2058 921 calu-

464 971 780 1024 ιιιιιὶιιιιιιιιιιι
818 965 1297 1038 progrederemur.
1323 959 1430 1016 Sed
1456 960 1691 1015 arbitror
1732 970 2019 1028 propterea
2040 994 2057 1023 ,

461 1060 605 1127 quod
632 1058 745 1111 hmc
782 1049 1346 1117 saneta,‘universalls
1378 1062 1677 1118 magnaque
1712 1047 1950 1119 synodus
1970 1045 2060 1100 αο-

462 1165 654 1204 versus
699 1152 882 1218 p‘ures
919 1160 977 1200 se
1027 1153 1205 1198 sectas
1234 1140 1477 1211 objiciat,
1519 1148 1578 1195 ut
1620 1139 1918 1193 iudicattnn
1950 1148 2058 1202 est,

460 1242 661 1298 multos
682 1241 943 1296 adversus
960 1252 1080 1291 eam
1104 1236 1173 1290 ab
1192 1239 1348 1290 hoste
1369 1234 1556 1288 salutis
1583 1234 1836 1287 humana:
1857 1233 2059 1287 calum-

459 1337 698 1389 ttiaturcs
717 1332 884 1388 fuisse.
912 1329 1340 1398 suscitatos,pro
1374 1325 1557 1380 multis
1581 1324 1687 1378 illis
1713 1323 2054 1392 vulneribus,

460 1444 582 1498 qua:
622 1425 689 1481 ad
721 1440 817 1481 cor
844 1425 1021 1494 ipsum
1052 1423 1101 1476 ei
1142 1430 1271 1476 sunt
1296 1434 1327 1473 a
1360 1417 1569 1489 synodo
1593 1415 1818 1470 inﬂicta.
1847 1414 2061 1470 Rectis-

458 1521 657 1576 simum
705 1533 840 1574 sane
861 1516 1146 1571 decretum
1179 1522 1286 1579 est,
1322 1511 1399 1566 uti
1425 1510 1569 1581 quod
1602 1524 1632 1564 a
1666 1508 1873 1578 Spiritu
1924 1522 2051 1562 san-

454 1624 550 1667 cto
588 1628 682 1680 per
708 1620 784 1665 tot
827 1610 1074 1679 talesque
1097 1616 1317 1663 sanctos
1341 1603 1535 1661 Patres
1568 1603 1832 1659 dictatum
1866 1599 2056 1657 fuerit.

458 1705 668 1774 Quippe
701 1702 842 1757 nulla
895 1699 1138 1774 synodus
1178 1708 1287 1753 tam
1334 1695 1682 1769 frequentem
1741 1705 2057 1750 sanctorqu

460 1796 686 1851 Patrum
752 1796 1104 1850 culleo-Orum
1165 1804 1454 1846 nurnerqu
1522 1788 1736 1845 habuit.
1787 1786 2056 1843 Cat-terum

2165 613 2300 659 των,
2329 589 2485 649 εἶπεν
2516 596 2544 648 6
2580 592 2888 657 Καθολικδς
2920 594 3060 663 πρὸς
3088 593 3182 649 τὸν
3223 594 3536 666 Θεωριανὸν
3557 612 3575 629 ⁸
3616 598 3759 669 Ἐγὼ

2162 684 2356 739 τοῦτον
2390 685 2664 754 ἀναγνοὺς
2694 683 2786 738 τὸν
2815 685 2961 755 ὅρον,
2982 676 2991 687 ’
3016 684 3169 738 οὐδὲν
3213 686 3461 742 ἐναντίον
3489 689 3553 759 τῇ
3598 688 3759 760 ὀρθο-

2160 776 2299 848 δὸξῳ
2350 778 2533 831 πίστει
2581 781 2638 831 ἐν
2687 777 2839 849 αὐτῷ
2889 778 3140 846 διέγνων,
3199 776 3275 841 ὥς
3303 796 3387 832 σοι
3435 778 3533 834 καὶ
3568 778 3760 851 πρώην

2161 869 2378 933 ἐξεῖπον
2410 885 2425 900 ο
2461 871 2556 924 καὶ
2591 869 2887 939 θαυμάζω,
2940 870 3061 934 πῶς
3106 871 3157 923 οἱ
3205 870 3311 941 πρὸ
3340 872 3498 943 ήμῶν
3524 873 3759 937 ἀναιδῶς

2161 962 2285 1015 κατ’
2313 962 2482 1017 αὐτοῦ
2514 966 2595 1026 είς
2641 964 3018 1033 συκοφαντίαν
3057 963 3375 1037 ἐχώρησαν.
3397 966 3543 1020 Ἀλλ’
3579 964 3760 1038 οἶμαι,

2161 1054 2285 1107 ἐπεὶ
2321 1054 2466 1108 κατὰ
2520 1054 2735 1109 πολλῶν
2785 1056 3055 1128 αἱρέσεων
3099 1059 3579 1131 παρατάττεταιή
3626 1061 3759 1130 ἁγία

2161 1145 2303 1217 αὕτη
2333 1147 2599 1218 καθολικὴ
2624 1148 2840 1218 μεγάλη
2877 1148 3122 1216 σύνοδος,
3152 1151 3228 1215 ὼς
3255 1152 3574 1221 δεδήλωται,
3624 1155 3756 1207 πολ-

2160 1240 2291 1306 λοὺς
2328 1243 2452 1296 κατ’
2502 1243 2674 1313 αὐτῆς
2726 1245 2755 1296 6
2804 1244 2904 1315 τῆς
2955 1247 3236 1316 σωτηρίας
3294 1246 3405 1298 τῶν
3453 1247 3762 1319 ἀνθρώπων

2163 1334 2435 1407 πολέμιος
2469 1337 2598 1400 τοὺς
2631 1338 2981 1406 συκοφάντας
3019 1338 3306 1411 ἐξήγειρεν
3353 1341 3476 1395 ἀντὶ
3522 1341 3761 1409 πολλῶν,

2162 1422 2239 1482 ὧν
2270 1429 2416 1483 κατὰ
2457 1429 2692 1500 καρδίας
2726 1430 2948 1496 ἐδέξατο
2979 1430 3210 1502 πληγῶν
3246 1434 3381 1503 παρ’
3413 1433 3611 1504 αὐτῆς.
3644 1434 3765 1505 Ὀρ-

2163 1520 2388 1585 θὸτατός
2419 1522 2570 1576 ἐστιν
2609 1525 2636 1577 6
2664 1524 2812 1593 ὄρος,
2848 1524 2924 1588 ὡς
2957 1524 3067 1578 ὑπὸ
3116 1524 3213 1578 τοῦ
3266 1526 3540 1595 παναγίου
3589 1527 3763 1580 ιινεύ-

2165 1631 2333 1684 ματος
2364 1613 2452 1668 διά
2481 1615 2756 1670 τοσούτων
2790 1616 2883 1671 καὶ
2908 1617 3248 1687 τηλικούτων
3279 1619 3454 1686 ἁγίων
3482 1618 3763 1690 θεοφόρων

2162 1708 2433 1778 Πατέρων
2467 1709 2874 1781 ὑπαγορευθείς
2899 1725 2917 1742 ⁸
2960 1710 3190 1782 οὐδεμία
3225 1711 3338 1782 γάρ
3368 1714 3502 1783 ἁγία
3544 1698 3765 1780 σύνοδος

2162 1801 2463 1868 τοσούτους
2534 1802 2663 1875 εσχε
2710 1803 3170 1874 συνειλεγμένους
3235 1806 3427 1874 ἁγίους
3480 1806 3761 1877 Πατέρας.

458 1892 619 1948 modo
670 1890 766 1944 tibi
804 1889 1061 1959 quiddam
1103 1882 1542 1956 aper;atn,'quod
1591 1882 1857 1937 hactenus
1903 1880 2053 1950 vulgc

2169 1895 2309 1950 Novi.
2342 1895 2401 1949 δέ
2442 1912 2525 1951 σοι
2564 1898 2657 1951 καί
2698 1913 2753 1953 τι
2790 1897 2902 1951 τῶν
2948 1899 3110 1970 μέχρι
3149 1897 3245 1953 τοῦ
3275 1898 3372 1953 νῦν
3429 1901 3766 1972 ἀπορρήτων

455 1986 732 2057 proditum
768 1997 873 2037 non
924 1980 1047 2034 fuit.
1080 1979 1223 2034 Ante
1255 1976 1362 2032 200
1396 1991 1575 2032 annos
1621 1974 1842 2044 quidam
1890 1988 2054 2045 gene-

454 2077 589 2133 ralis
639 2074 1023 2130 Armeniorum
1074 2070 1199 2137 fuit,
1235 2071 1322 2126 cui
1384 2083 1582 2125 nomen
1617 2066 1879 2133 Joannes,
1941 2065 2053 2122 vita

454 2169 813 2238 doctrinaque
867 2167 1081 2235 magnis
1129 2163 1446 2233 sanctisque
1511 2161 1765 2217 Patrtbns
1817 2176 1916 2232 par
1946 2200 1960 2225 ,
2001 2168 2055 2215 et

453 2264 547 2333 qui
579 2260 893 2330 disciplinas
918 2268 1136 2312 exteras
1173 2256 1477 2319 universas,
1513 2256 1757 2326 adeoque
1806 2254 2051 2325 philoso-

455 2351 640 2423 phiam
669 2351 845 2419 ipsam
879 2363 985 2401 non
1017 2345 1327 2401 summatim
1358 2343 1667 2414 attigisset;
1699 2344 1805 2398 vita
1833 2343 2051 2413 quidem

456 2445 640 2499 divina
665 2441 805 2495 haud
835 2440 949 2494 scio
974 2452 1041 2491 an
1069 2436 1347 2503 omnibus,
1370 2435 1624 2504 plurimis
1649 2447 1796 2489 certe
1821 2435 2051 2504 prseivit;

457 2538 653 2608 dignus
687 2534 928 2597 habitus,
957 2539 1067 2585 tam
1099 2531 1221 2585 vita:
1251 2544 1415 2599 quam
1445 2528 1703 2584 doctrinae
1735 2529 1934 2599 gratia,
1962 2530 2053 2598 qui

456 2632 565 2686 hoc
589 2644 749 2683 sacro
782 2628 950 2698 gradu
980 2626 1229 2695 solioque
1263 2624 1599 2692 generalium
1632 2625 1920 2694 potiretur.
1958 2623 2054 2679 llic

455 2724 639 2777 divino
688 2720 926 2791 repletus
969 2717 1108 2785 zelo,
1145 2725 1332 2773 contra
1369 2714 1781 2786 Munatihysitas
1836 2718 2051 2782 ruebat,

455 2828 512 2870 et
542 2825 656 2870 toto
689 2818 768 2868 eis
826 2811 1218 2885 propemodum
1273 2809 1623 2881 cpismpatus
1675 2809 1759 2864 sui
1811 2820 2056 2880 tempore

457 2918 567 2963 tam
623 2907 843 2975 scriptis
892 2919 1055 2975 quam
1112 2901 1294 2973 lingua
1354 2900 1602 2973 inﬂigere
1652 2902 1881 2957 vulnera
1946 2917 2053 2957 non

455 3000 661 3056 desiit:
698 2997 855 3069 cujus
893 3011 947 3052 et
973 3010 1189 3052 sacram
1226 2997 1549 3049 memoriam
1596 2993 1898 3050 honoriﬁce
1935 2993 2054 3064 pie-

454 3104 563 3161 que
595 3090 961 3145 celebramus.
1016 3085 1189 3157 llujns
1242 3085 1414 3141 divini
1468 3084 1724 3154 beatique
1764 3085 1865 3139 viri
1905 3099 2055 3139 com-

457 3182 762 3239 mentarius
791 3192 876 3235 est
905 3180 1045 3249 apud
1073 3192 1181 3247 me,
1214 3191 1375 3247 quem
1409 3186 1600 3233 contra
1636 3174 2051 3248 Monopbysitas

454 3276 697 3346 scripsit,
732 3275 975 3345 pluribus
1026 3271 1438 3349 Scripturarum
1484 3271 1838 3337 testimOniis,
1869 3280 1926 3324 et
1951 3285 2049 3331 en,-
2078 3239 2126 3305 ο

455 3370 827 3443 thymematis,
853 3378 909 3425 et
936 3367 1243 3423 valentibus
1267 3365 1621 3438 syllogismis,
1652 3372 1707 3417 et
1735 3363 2050 3419 nationibus

459 3465 846 3521 communibus
870 3501 886 3528 ,
918 3470 975 3516 et
1019 3457 1578 3514 demonstrationibus
1618 3455 1872 3512 refertus.
1914 3455 2048 3510 Eum

454 3562 633 3613 beatae
655 3552 931 3609 memoria:
956 3548 1240 3607 Gene‘ralis
1259 3546 1578 3617 Gregorius,
1602 3547 1694 3616 qui
1739 3561 1846 3600 non
1882 3544 2052 3600 multo

455 3659 586 3706 ante
609 3662 696 3703 me
721 3645 951 3702 illustris
982 3643 1036 3699 iu
1074 3643 1176 3697 hoc
1202 3640 1340 3696 solio
1373 3639 1498 3706 fuit,
1524 3639 1596 3694 ita
1623 3637 1968 3693 conﬁrmavit
1988 3647 2051 3695 ut

453 3742 574 3814 ejus
598 3743 651 3796 in
681 3750 930 3796 extremo
960 3738 1075 3792 haec
1100 3735 1264 3791 verba
1302 3732 1669 3804 perscriberet
1696 3748 1711 3786 :
1744 3731 1839 3788 Sic
1867 3739 1922 3789 et
1950 3746 2052 3802 ego

453 3834 639 3898 credo,
669 3829 1127 3903 quemadmodum
1160 3825 1546 3882 sanctissimus
1591 3825 1862 3895 generalis
1886 3822 2053 3880 Joan-

453 3942 552 3981 nes
578 3926 666 3980 hic
690 3923 949 3994 scripsit;
981 3930 1036 3976 et
1061 3920 1134 3975 ita
1162 3932 1273 3973 non
1302 3917 1590 3972 credentes
1608 3918 2045 3972 'anathematizo.

456 4020 537 4073 Ac
606 4018 853 4087 legamus
918 4026 1051 4068 sane
1099 4009 1317 4081 paulum
1373 4022 1442 4063 ex
1495 4022 1584 4075 eo,
1620 4009 1666 4063 si
1729 4008 1928 4079 placet,
1991 4018 2051 4064 ut

452 4111 600 4168 hunc
651 4110 831 4164 virum
903 4116 1191 4177 agnoscas,
1229 4100 1397 4158 veluti
1460 4098 1675 4158 leonem
1722 4117 1789 4157 ex
1850 4101 2047 4174 ungui-

453 4207 577 4261 bus.
694 4194 701 4201 ﬁ
1646 4266 1649 4269 λ

525 4293 783 4352 THEOR.’
849 4294 1115 4367 Equidem
1177 4293 1286 4348 hoc
1345 4291 1611 4363 scriptum
1680 4288 2049 4347 libentissime

453 4392 695 4444 audiam.

522 4482 660 4538 Cum
692 4495 821 4553 ergo
851 4479 1137 4535 recitatum
1184 4477 1371 4535 fuisset
1402 4476 1749 4548 prooemium,
1782 4473 2049 4532 Theoria-

2159 1986 2524 2058 ἀποκαλύψω.
2558 1988 2675 2060 Πρὸ
2700 1988 2998 2044 διακοσίων
3039 1989 3178 2044 ὲτῶν
3207 1991 3430 2060 ἐγένετό
3461 2009 3547 2055 τις
3575 1993 3764 2046 Καθο-

2160 2078 2317 2143 λικὸς
2352 2080 2465 2135 τῶν
2504 2080 2838 2159 Ἀρμενίων,
2882 2076 2928 2151 ᾧ
2974 2083 3150 2153 ὄνομα
3198 2086 3481 2156 Ἰωάννης,
3532 2086 3633 2158 βίῳ
3664 2088 3765 2142 καὶ

2156 2175 2303 2247 λόγῳ
2349 2178 2465 2241 τοῖς
2498 2178 2765 2248 μεγάλοις
2805 2179 2984 2247 ἁγίοις
3019 2181 3307 2252 Πατράσιν
3362 2182 3763 2254 ήμιλλημένος,

2158 2268 2414 2332 παιδείας
2442 2285 2503 2323 τε
2535 2269 2636 2340 τῆς
2662 2268 2772 2337 ἔξω
2806 2272 3013 2341 πάσης,
3051 2273 3148 2326 καὶ
3169 2273 3235 2345 δὴ
3274 2275 3370 2327 καὶ
3406 2275 3578 2346 αὐτῆς
3603 2276 3763 2345 φιλο-

2158 2360 2357 2430 σοφίας
2404 2362 2505 2415 οὐκ
2551 2362 2861 2434 άκροθινῶς
2907 2364 3088 2435 ἥψατο
3119 2380 3137 2400 ο
3177 2365 3277 2437 βίῳ
3328 2366 3390 2420 δὲ
3439 2367 3611 2437 ὲνθέῳ
3657 2369 3765 2423 οὐκ

2156 2448 2273 2506 οἴδα
2322 2455 2371 2506 εί
2438 2455 2650 2521 πάντας
2693 2457 2824 2521 τοὺς
2868 2457 3163 2524 πλείστους
3212 2460 3356 2524 τέως
3382 2460 3765 2531 ὑπερηκόντι-
3836 2474 3840 2477 ‘

2158 2560 2252 2597 σεν
2282 2560 2294 2574 ’
2327 2544 2384 2611 ὃς
2410 2546 2495 2600 διὰ
2534 2564 2590 2602 τε
2620 2548 2713 2603 τὸν
2741 2549 2879 2621 βίον,
2903 2550 2994 2607 διά
3032 2568 3092 2605 τε
3136 2552 3229 2607 τδν
3260 2552 3443 2621 λόγον,
3475 2552 3571 2607 τοῦ
3610 2553 3763 2609 θείου

2155 2637 2349 2692 τούτου
2379 2638 2594 2712 βαθμοῦ
2626 2643 2839 2697 καὶτοῦ
2862 2645 3078 2715 θρόνου,
3111 2647 3222 2700 τῶν
3257 2647 3571 2702 καθολικῶν
3590 2647 3763 2717 λέγω,

2155 2728 2377 2801 ήξίωτο.
2408 2727 2580 2797 Οὗτος
2635 2732 2806 2805 ζήλου
2838 2736 2986 2791 θείου
3022 2738 3310 2810 πλησθεὶς,
3341 2740 3485 2794 κατὰ
3511 2741 3619 2794 τῶν
3647 2743 3766 2796 Μο-

2155 2824 2461 2893 νοφυσιτῶν
2492 2825 2721 2898 ὥρμητο
2747 2844 2762 2859 ⁸
2788 2830 2885 2883 καὶ
2914 2828 2978 2902 δὴ
3011 2833 3105 2885 καὶ
3125 2836 3393 2902 γραφαῖς,
3414 2833 3513 2887 καὶ
3542 2832 3761 2906 γλώττῃ

2155 2917 2385 2982 τούτους
2418 2922 2991 2992 κατατραυματίζειν,
3031 2926 3123 2979 τὸν
3154 2925 3277 2979 ὅλον
3304 2927 3407 2996 τῆς
3441 2928 3764 2995 ἐπισκοπῆς

2155 3009 2324 3064 αὑτοῦ
2371 3012 2565 3083 χρόνον
2590 3013 2780 3085 σχεδὸν
2820 3015 2921 3069 οὐκ
2971 3015 3274 3072 ἐπαύσατο.
3335 3012 3415 3075 Οὔ
3456 3018 3557 3093 τὴν
3600 3019 3758 3074 θείαν

2159 3102 2387 3173 μνήμην
2423 3105 2667 3175 ἐντίμως
2696 3106 2794 3160 καὶ
2835 3106 3108 3173 θεοσεϐῶς
3145 3110 3505 3182 ἑορτάζομεν.
3546 3112 3760 3166 Τούτου

2154 3192 2252 3247 τοῦ
2289 3194 2437 3250 θείου
2473 3197 2570 3250 καὶ
2602 3198 2884 3270 μακαρίου
2921 3199 3118 3272 ἀνδρὸς
3156 3203 3277 3256 ἐστὶ
3306 3207 3443 3276 παρ’
3475 3204 3601 3277 ἐμοὶ
3623 3221 3765 3273 συγ-

2156 3288 2370 3361 γραφὴ,
2422 3289 2492 3361 ἦν
2531 3292 2677 3346 κατὰ
2724 3292 2835 3346 τῶν
2902 3295 3329 3366 Μονοφυσιτῶνσ
3350 3300 3763 3378 συνεγράψατο,

2154 3381 2387 3445 πολλαῖς
2450 3386 2755 3454 γραφικαῖς
2807 3388 3161 3458 μαρτυρίαις,
3222 3393 3321 3446 καί¹
3379 3392 3756 3467 ὲνθυμήμασ-,

2154 3472 2252 3526 καὶ
2285 3472 2675 3545 συλλογισμοῖς
2715 3477 2985 3549 ίσγυροίς,
3020 3481 3113 3534 καὶ
3147 3484 3358 3547 κοιναῖς
3387 3485 3625 3551 ἐννοίαις
3658 3488 3762 3543 καὶ

2154 3566 2502 3632 ἀποδείξεσιν
2535 3569 3050 3642 ὲμπεπυκνωμένη.
3088 3571 3310 3646 Ταύτην
3353 3578 3382 3631 6
3410 3579 3471 3633 ὲν
3502 3582 3761 3655 μακαρίᾳ.

2153 3661 2220 3733 τῇ
2253 3662 2446 3734 μνήμῃ
2472 3661 2659 3732 ὀλίγον
2694 3664 2803 3734 πρὸ
2827 3664 2965 3737 ἐμοῦ
2998 3665 3079 3738 τῷ
3111 3666 3291 3739 θρόνῳ
3334 3670 3513 3744 τούτῳ
3536 3671 3761 3744 διατρέ-

2153 3750 2263 3823 ψας
2320 3753 2630 3827 Γρηγόριος
2683 3758 2712 3811 6
2766 3758 3074 3824 Καθολικδς
3130 3762 3479 3834 ἐπεκύρωσε,
3535 3767 3761 3838 γράψας

2154 3851 2291 3919 πρὸς
2324 3848 2403 3919 τῷ
2442 3848 2589 3903 τέλει
2621 3850 2817 3920 αὐτῆς,
2846 3852 2929 3906 ὅτι
2958 3852 3121 3908 Οὕτω
3166 3855 3411 3909 πιστεύω
3461 3858 3641 3927 κάγὼ,
3675 3860 3759 3925 ὡς

2153 3940 2183 3994 6
2213 3939 2521 4009 ἁγιώτατος
2553 3943 2862 4007 Καθολικδς
2891 3944 3151 4019 Ἰωάννης
3195 3949 3450 4004 ἐνταυθοῖ
3479 3954 3757 4025 γέγραφε,

2151 4033 2405 4096 καὶτοὺς
2443 4032 2520 4105 μὴ
2563 4032 2708 4090 οὕτω
2760 4036 3126 4102 πιστεύοντας
3180 4040 3604 4113 ἀναθεματίζει.
3641 4046 3757 4098 Καὶ

2153 4125 2204 4178 εί
2263 4122 2534 4191 κελεύεις,
2584 4127 2984 4197 ἁναγνώσομεν
3037 4129 3103 4182 ὲκ
3144 4130 3352 4204 ταύτης
3407 4134 3612 4205 ὀλίγον,
3664 4137 3756 4191 ἵνα

2153 4218 2297 4290 γνῷς
2337 4219 2428 4272 τὸν
2467 4219 2660 4291 ἄνδρα,
2691 4222 2768 4285 ὼς
2800 4222 2862 4286 ἐξ
2886 4222 3099 4293 ὀνύχων
3139 4223 3230 4277 τὸν
3255 4207 3464 4282 λέοντα.

2233 4308 2297 4365 ’0
2327 4309 2521 4365 ΘΕΩΡ.
2562 4310 2796 4366 Ἥδιστα
2825 4311 3123 4385 ἀκούσαιμι
3146 4316 3246 4386 τῆς
3286 4317 3531 4389 γραφῆς.

2232 4497 2321 4560 Ὠς
2346 4495 2439 4550 οὖν
2467 4495 2791 4570 ἀνέγνωμεν
2820 4498 2882 4552 τὸ
2911 4502 3226 4573 προοίμιον,
3254 4498 3412 4558 εἶπεν
3441 4505 3472 4557 6
3505 4504 3751 4577 Θεωριαο

451 4593 557 4633 nus
582 4578 647 4630 ad
683 4574 1045 4631 Generaletn:
1080 4573 1345 4641 Obsecro,
1381 4573 1577 4642 inquit,
1622 4570 1879 4625 eximiam
1912 4585 2041 4623 san—

2156 4591 2245 4655 νὺς
2279 4590 2415 4662 πρὸς
2462 4591 2559 4645 τὸν
2608 4591 2918 4647 Καθολικόν
2942 4570 2966 4625 ο*
2993 4570 3313 4666 Παρακαλῶ
3347 4606 3449 4667 τήν
3504 4570 3753 4669 μεγάλην

446 4673 693 4727 ctitatem
737 4680 907 4733 tuam,
943 4677 1001 4722 ut
1050 4667 1141 4722 hic
1191 4667 1327 4721 liber
1376 4666 1742 4728 describatur,
1791 4677 1854 4716 ac
1909 4661 2043 4716 mihi

452 4766 737 4818 tradatur:
772 4777 881 4831 quo
916 4759 1165 4816 Graecum
1204 4758 1414 4830 factum
1443 4757 1645 4811 habere
1680 4755 1731 4809 in
1760 4754 2041 4822 iRoruania

449 4857 746 4927 possimus,
778 4856 843 4908 ad
873 4856 1132 4909 honorem
1167 4852 1348 4906 Patris
1379 4852 1567 4919 ipsius,
1600 4858 1765 4919 utque
1793 4861 1889 4918 per
1916 4860 2042 4902 eum

448 4961 644 5003 auctor
683 4963 713 5003 a
742 4949 899 5002 nobis
928 4948 1044 5016 ipse
1075 4943 1403 5001 celebretur.

526 5049 684 5106 GEN.
720 5048 1021 5120 Perplacet.

526 5145 711 5212 Itaque
741 5142 1049 5211 descriptus
1087 5150 1141 5194 et
1178 5139 1335 5195 nobis
1379 5137 1616 5193 traditus
1654 5146 1759 5206 est,
1790 5136 1880 5206 qui
1917 5151 2040 5192 eum

452 5237 520 5293 ad
566 5240 754 5291 urbem
791 5237 1090 5306 Augustam
1127 5235 1553 5304 deportavimus.

528 5331 837 5386 Secundum
893 5331 1009 5384 haec
1060 5328 1332 5399 generalis
1381 5327 1454 5382 ita
1507 5343 1605 5381 uos
1647 5326 2042 5396 compellabat:

451 5420 649 5476 Beatus
679 5422 877 5477 Paulus
910 5422 1089 5490 inquit
1118 5438 1132 5474 ε
1168 5419 1415 5484 Optarent
1445 5419 1658 5487 ipsemet
1691 5433 1797 5471 esse
1832 5434 1863 5469 a
1893 5415 2047 5472 Citri-

456 5524 537 5567 διο
594 5520 898 5580 anathema,
960 5530 1054 5584 pro
1096 5512 1352 5585 fratribus
1405 5513 1555 5575 meis,
1602 5510 1838 5580 cognoris
1890 5510 2043 5573 mihi,

455 5605 592 5675 quod
634 5623 844 5660 carnem
884 5608 1096 5671 attinet,
1132 5606 1400 5660 duntath
1432 5617 1483 5658 ut
1514 5604 1615 5667 ipsi
1652 5608 1879 5657 safuem
1921 5604 2046 5655 adi-

448 5699 866 5757 visceren'ur“.
887 5703 1029 5757 idem
1055 5717 1155 5772 ego
1180 5706 1243 5756 tle
1275 5714 1391 5756 mea
1422 5710 1579 5771 gente
1610 5698 1755 5757 dico.
1785 5696 1844 5749 Et
1874 5713 2046 5766 quau-

528 5881 574 5914 ’⁸
601 5882 756 5937 Rom.
791 5896 866 5945 ιιι,
899 5880 955 5939 3.

2149 4684 2471 4755 ἁγιωσύνην
2510 4702 2603 4738 σου
2639 4686 3071 4756 μεταγραφῆναι
3108 4691 3207 4759 τὴν
3245 4692 3578 4763 συγγραφὴν
3616 4693 3749 4747 ταύ-

2148 4792 2271 4847 την,
2306 4778 2400 4829 καὶ
2446 4775 2672 4848 δοθῆναί
2710 4795 2824 4847 μοι,
2874 4778 2963 4832 ἴνα
2997 4781 3476 4852 ἐξελληνισθείσαν
3506 4788 3566 4840 ὲν
3613 4785 3747 4839 Ῥω›

2153 4867 2323 4938 μανίᾳ
2357 4868 2579 4938 ἔχοιμεν
2610 4870 2804 4941 αὐτὴν,
2862 4872 2941 4933 είς
2986 4872 3159 4942 τιμὴν
3188 4874 3280 4927 τοῦ
3311 4875 3525 4947 Πατρὸς
3556 4876 3748 4946 αὑτοῦ,

2150 4960 2245 5013 καὶ
2264 4958 2519 5029 τιμῶμεν
2543 4960 2612 5013 δι’
2644 4962 2816 5030 αὐτῆς
2843 4961 2938 5016 τὸν
2978 4968 3308 5035 γεννήτορα.

2231 5053 2291 5105 ’0
2327 5053 2488 5108 ΚΑΘ.
2516 5052 2877 5127 Ἀποδέχομαι
2906 5055 3066 5110 τοῦτο
3090 5058 3319 5130 σφόδρα.

2227 5144 2337 5198 Καὶ
2367 5144 2431 5214 δή
2472 5149 2898 5216 μεταγραφείσα
2936 5147 3094 5217 ὲδόδη
3131 5149 3289 5217 ήμίν,
3322 5149 3389 5221 ήν
3413 5150 3509 5203 καὶ
3540 5151 3748 5204 ἀποκο-

2156 5235 2440 5305 μισάμεθα
2468 5235 2605 5306 πρὸς
2632 5238 2733 5307 τὴν
2764 5236 3188 5307 βασιλεύουσαν.

2228 5327 2452 5382 Τούτων
2478 5326 2624 5382 οὕτω
2658 5330 2994 5399 γενομένων,
3026 5327 3183 5384 εἶπεν
3222 5332 3249 5384 6
3280 5331 3591 5395 KaOo‘ztxbc
3615 5333 3748 5404 πρὸς

2148 5420 2294 5491 ἡμᾶς
2319 5436 2333 5451 ·
2371 5420 2429 5473 '0
2453 5420 2724 5491 μακάριος
2754 5422 2966 5487 ﬂatile;
2993 5423 3120 5493 ἔφη’
3157 5424 3539 5493 Ἐὔουλόμην
3566 5426 3745 5491 αὐτὸς

2146 5511 2263 5581 ἐγὼ
2297 5512 2565 5582 ἀνάθεμα
2596 5509 2748 5568 εἶναι
2780 5515 2898 5569 ἀπὸ
2931 5517 3037 5569 τοῦ
3086 5517 3375 5582 Χριστοῦ,
3424 5516 3578 5583 ὑπὲρ
3630 5514 3745 5569 τῶν

2147 5603 2429 5672 ἀδελφῶν
2479 5623 2623 5674 μου,
2682 5607 2805 5660 τῶν
2860 5606 3178 5677 συγγενῶν
3219 5626 3362 5677 μου,
3425 5607 3544 5661 τῶν
3598 5609 3748 5661 κατὰ

2148 5695 2369 5766 σίίρκα,
2392 5698 2586 5766 μόνον
2618 5699 2717 5751 ἵνα
2748 5700 3011 5752 σωθῶσι.
3043 5699 3215 5752 Τοῦτὸ
3242 5718 3387 5770 φημι
3419 5699 3574 5768 κάγὼ
3603 5698 3746 5769 ὑπὲρ
