4096 6390
441 303 541 369 ΞΗ

1845 303 2280 366 Tl-IEORIANI

3605 300 3758 363 212-

442 419 650 489 expulit
699 420 1003 484 universos,
1057 428 1111 476 et
1161 420 1344 475 animo
1400 420 1639 476 dolerem
1689 433 1799 490 pne
1837 434 1897 475 se
1948 420 2025 472 fe-

2136 434 2231 481 τας
2263 413 2358 470 τοῦ
2400 415 2682 498 ὑπερῴου,ι
2723 413 2818 468 καὶ
2871 409 3013 484 μετά
3056 408 3463 481 παθαινομένης
3514 407 3714 480 ψυχῆς,

445 523 597 569 rente
620 555 637 583 ,
672 515 954 588 plenisque
998 515 1358 586 lacrymarum
1389 514 1582 579 oculis,
1614 515 1688 568 ita
1741 528 1836 568 nos
1868 511 2022 567 aﬂ‘ari

442 606 608 674 capit
636 624 652 662 :

516 699 758 758 Obsecro
799 699 1092 771 benignum
1121 710 1178 757 et
1207 709 1460 758 sanctum
1507 701 1892 772 imperatorem
1932 713 2028 753 no-

440 800 639 860 strum,
665 802 745 860 ut,
783 801 1140 865 posteaquam
1172 795 1277 850 mei
1320 794 1606 864 pontiﬁces
1638 793 2025 850 Constantino-

444 883 607 952 polim
645 885 874 954 ingressi
906 891 961 940 et
994 884 1132 954 haec,
1163 899 1284 955 qua:
1320 884 1578 950 diximus,
1609 885 1791 940 omnia
1824 885 2026 938 contir-

443 985 590 1030 mata
624 975 829 1030 fuerint
855 1018 870 1044 ,
900 975 1090 1044 jubeat
1132 979 1538 1034 sanctissimum
1577 987 1632 1033 et
1668 975 2026 1048 universalem

442 1067 834 1135 patriarcham,
863 1079 1115 1125 ornatum
1152 1071 1555 1140 pontiﬁcalibus
1588 1071 1726 1134 suis,
1763 1085 1884 1141 quae
1933 1083 2028 1138 ge-

446 1166 596 1213 stare
615 1161 898 1215 consuevit
919 1163 1132 1231 quiuties
1179 1178 1393 1217 sacrum
1416 1163 1776 1218 ministerium
1797 1163 2027 1230 peragit,

443 1249 500 1304 in
532 1251 818 1306 ambonem
844 1256 1234 1321 conscendere,
1253 1255 1339 1310 vel
1369 1255 1420 1310 in
1452 1271 1668 1311 sacrum
1700 1263 1754 1310 et
1779 1263 2028 1310 sanctum

444 1338 579 1397 illud
623 1343 816 1398 solium
845 1354 969 1416 post
998 1361 1208 1402 sacram
1248 1360 1488 1402 mensam
1527 1346 1873 1410 collocatum,
1902 1361 2030 1400 cru-

448 1448 568 1488 cem
596 1445 840 1492 sanctam
869 1440 1122 1494 manibus
1147 1438 1263 1495 suis
1293 1448 1588 1502 tenentem,
1617 1448 1674 1494 et
1701 1437 2032 1495 venerabilia

449 1525 617 1597 ligna,
665 1529 1029 1601 audienteque
1059 1521 1443 1588 t0to‘ecclesiae
1464 1547 1695 1603 corpore
1725 1546 1789 1588 ac
1811 1531 2030 1603 populo,

450 1619 595 1684 genti
624 1620 1007 1676 Armeniorum
1041 1621 1180 1678 bene
1215 1623 1457 1692 precari,
1488 1639 1608 1693 qum
1651 1630 1822 1678 totum
1865 1636 2033 1692 prope

447 1712 705 1766 saeculum
752 1715 1115 1770 exsecrationi
1168 1715 1405 1788 subjecta
1466 1716 1598 1782 fuit;
1649 1714 1846 1771 deinde
1878 1723 2033 1770 curet

447 1804 620 1861 serias
653 1806 864 1878 concipi
919 1822 1106 1879 preces
1147 1809 1312 1865 etiam
1358 1825 1457 1880 pro
1489 1811 1554 1866 iis
1597 1808 1892 1875 Armeniis,
1937 1807 2030 1878 qui
2065 1788 2106 1841 Β

447 1897 883 1966 obdormierunt,
919 1909 978 1956 ut
1024 1901 1188 1966 Deus,
1225 1901 1315 1972 qui
1353 1902 1596 1957 omnium
1633 1901 1749 1956 vult
1776 1900 2031 1967 salutem,

447 1988 750 2060 profectum
781 1993 885 2049 hoc
909 2008 974 2049 ex
1005 1993 1366 2066 ignoratione,
1389 2010 1494 2050 non
1530 1991 2034 2060 malitia,delictum

446 2085 526 2140 eis
569 2087 830 2142 remittat.
861 2085 996 2142 Cum
1039 2101 1171 2159 ergo
1205 2087 1514 2142 videremus
1542 2100 1690 2152 eum,
1723 2087 1838 2140 haec
1871 2087 2070 2165 corde.

445 2178 682 2234 contrito
711 2187 768 2234 et
814 2193 936 2234 cum
965 2178 1253 2248 gemitibus
1276 2179 1342 2234 ad
1371 2193 1475 2235 nos
1498 2175 1866 2250 proferentem
1895 2195 1908 2232 :
1938 2191 2038 2233 nos

447 2285 672 2343 quoque
705 2271 837 2328 moti
891 2287 1078 2328 sumus
1116 2272 1184 2327 ad
1231 2272 1797 2338 commiserationem,
1831 2271 2040 2340 t0tique

449 2377 632 2419 meras
669 2363 723 2419 in
759 2362 1032 2436 lacrymas
1059 2371 1114 2419 et
1147 2365 1568 2421 lamentationes
1613 2363 1797 2420 soluti.
1832 2362 2040 2419 Deinde

450 2469 574 2507 cum
612 2453 835 2523 paulum
873 2452 1132 2524 temporis
1164 2452 1591 2520 intercessisset,
1623 2453 1892 2526 quasique
1923 2454 2040 2526 plo-

450 2555 604 2602 ratus
631 2545 1060 2614 conquievisset,
1083 2544 1426 2602 Tlieorianus
1455 2546 1632 2602 dixit:

526 2637 638 2692 llas
675 2651 867 2708 preces
916 2645 1059 2703 tuas,
1092 2637 1337 2704 domine,
1370 2637 1692 2709 praepotenti
1747 2646 1802 2694 et
1851 2648 2042 2696 sancto

452 2727 774 2798 imperatori
823 2733 1011 2782 nostro
1045 2741 1404 2799 exponemus.
1451 2725 1581 2785 inde
1627 2729 1828 2785 tradita
1883 2729 2042 2787 nobis

453 2821 685 2893 epistola
719 2820 786 2875 ad
828 2820 1155 2891 piissimum,
1188 2831 1243 2877 et
1271 2831 1545 2890 sanctum,
1587 2831 1641 2879 et
1671 2821 2040 2878 Christianum

455 2915 837 2984 imperatorem
869 2921 1140 2976 nostrum,
1173 2927 1277 2983 qua
1301 2921 1356 2968 et
1388 2911 1522 2968 illud
1554 2913 1871 2985 complexus
1899 2924 2040 2980 erat,

454 3020 516 3065 so
549 3020 800 3076 magnam
830 3003 997 3075 illam,
1027 3012 1082 3060 et
1124 3004 1526 3072 universalem,
1560 3014 1913 3074 sanctamque
1946 3020 2039 3078 sy-

2129 510 2271 580 έκων
2301 508 2397 563 καὶ
2425 510 2553 572 τοὺς
2577 507 2894 578 ὀφθαλμοὺς
2930 503 3186 577 δακρύων
3218 501 3480 574 μεστοὺς,
3512 501 3717 572 ἤρξατο

2128 602 2308 670 λέγειν
2340 601 2476 672 πρὸς
2515 601 2665 672 ἡμᾶς
2679 616 2692 630 ·

2201 693 2516 765 Παρακαλῶ
2544 694 2635 748 τὸν
2663 691 3020 762 φιλόστοργον
3053 691 3152 744 καὶ
3175 688 3334 757 ἅγιον
3362 686 3524 759 ἡμῶν
3557 684 3715 758 βασι-

2129 787 2250 853 λέα,
2292 787 2380 840 ἵνα
2411 786 2552 858 μετὰ
2585 785 2648 838 τὸ
2679 783 2943 838 εἰσελθεῖν
2967 783 3094 847 τοὺς
3125 782 3292 852 ἐμοὺς
3331 781 3611 852 ἀρχιερεῖς
3636 781 3718 842 είς

2128 881 2228 950 τὴν
2254 877 2850 944 Κωνσταντινούπολιν,
2874 878 2970 932 κοιλ⁵
2997 875 3296 946 βεϐαιῶσαι
3316 874 3492 928 ταῦτα
3517 875 3717 938 πάντα,

2130 974 2167 1029 ἃ
2200 974 2453 1044 εἴπομεν,
2495 973 2714 1045 πορήσῃ
2747 971 2839 1045 τὸν
2867 969 3176 1038 ἁγιώτατον
3209 967 3304 1023 καὶ
3333 968 3718 1038 οἱκουμενικδν

2132 1066 2480 1139 πατριάρχην
2507 1043 2746 1137 φορέσαι
2777 1043 2863 1118 ὶτὰ
2891 1063 3150 1135 ἱερατικά
3184 1061 3375 1126 αὑτοῦ,
3407 1063 3511 1116 ὅσα
3531 1062 3720 1131 φορεῖν

2131 1161 2312 1220 εἴωθε,
2338 1159 2438 1231 τὴν
2469 1160 2622 1213 Θείαν
2653 1157 2893 1212 ἐκτελῶν
2917 1154 3292 1228 λειτουργίαν,
3327 1155 3424 1209 καὶ
3452 1154 3721 1223 ἀναϐῆναι

2130 1255 2226 1307 ἐπὶ
2253 1251 2349 1306 τοῦ
2387 1252 2664 1323 ἄμϐωνας,
2698 1251 2732 1322 ἢ
2767 1253 2864 1306 ἐπὶ
2889 1249 2984 1306 τοῦ
3021 1249 3167 1303 θείου
3197 1249 3292 1303 καὶ
3321 1245 3472 1319 ἱεροῦ
3503 1245 3721 1318 θρόνου,

2131 1345 2226 1400 τοῦ
2258 1345 2484 1400 ὄπισθεν
2530 1344 2634 1415 τῆς
2688 1344 2849 1414 ἁγίας
2899 1342 3206 1415 τραπέζης,
3259 1338 3572 1411 κρατοῦντα
3598 1339 3723 1402 ταῖς

2131 1441 2292 1514 χερσὶ
2320 1440 2413 1494 τὸν
2444 1440 2597 1510 ἀγιον
2629 1439 2892 1510 σταυρὸν,
2923 1437 3118 1508 έχοντα
3144 1435 3216 1489 τὰ
3251 1433 3409 1505 τίμια
3437 1431 3592 1499 ξύλα,
3626 1432 3726 1485 καὶ

2133 1538 2193 1589 ὲν
2219 1534 2484 1604 ἀκροάσει
2513 1531 2716 1596 παντδς
2746 1531 2843 1585 τοῦ
2874 1547 2933 1584 τε
2953 1527 3327 1601 πληρώματος
3356 1526 3452 1596 τῆς
3479 1524 3725 1594 Ἐκκλη-

2135 1630 2258 1693 σίας
2303 1626 2526 1683 καὶτοῦ
2555 1625 2708 1691 λαοῦ,
2763 1625 3060 1695 εὐλογῆσαι
3097 1622 3160 1676 τὸ
3183 1620 3336 1692 γένος
3376 1617 3485 1673 τῶν
3519 1618 3727 1689 Ἀρμε-

2135 1723 2285 1789 νίων,
2322 1722 2352 1776 δ
2398 1719 2586 1791 σχεδὸν
2632 1719 2755 1773 ὅλον
2805 1717 2982 1772 αἰῶνα
3037 1714 3143 1770 ὑπὸ
3189 1714 3436 1786 κατάραν
3466 1706 3572 1798 ἦν’
3605 1707 3726 1764 εἶτα

2139 1814 2367 1886 ποιῆται
2396 1812 2564 1885 εὐχὴν
2594 1810 2787 1880 ἐκτενῆ
2818 1809 2918 1864 καλ⁸
2947 1807 3091 1880 ὑπὲρ
3137 1807 3250 1861 τῶν
3295 1801 3727 1874 κεκοιμημένων

2139 1903 2467 1976 Ἀρμενίων,
2502 1903 2587 1956 ἵνα
2617 1902 2646 1956 ό
2675 1901 2849 1956 θέλων
2880 1899 3104 1955 πάντων
3149 1894 3457 1970 ἀνθρώπων
3485 1894 3584 1966 τὴν
3617 1911 3728 1946 σω-

2137 1998 2338 2071 τηρίαν
2365 1996 2521 2063 Θεὸς,
2551 1995 2753 2068 ἀφήσει
2789 1994 2978 2057 αὐτοῖς
3010 1991 3173 2047 τοῦτο
3196 1990 3260 2045 τὸ
3290 1989 3351 2055 ἐξ
3377 1988 3626 2058 ἀγνοίας,
3664 1987 3726 2041 οὔ

2139 2090 2476 2163 κακουργίας
2504 2089 2833 2162 ἁμάρτημα.
2867 2087 2959 2152 Ὠς
2984 2085 3076 2140 οὖν
3101 2085 3366 2157 ἑωρῶμεν
3393 2083 3556 2138 αὐτὸν
3591 2084 3731 2154 μετά

2141 2183 2620 2255 συντετριμμένης
2685 2180 2918 2252 καρδίας
2976 2179 3072 2233 καὶ
3129 2176 3499 2248 στεναγμῶν,
3553 2176 3731 2228 ταῦτα

2141 2279 2277 2349 πρὸς
2328 2279 2477 2348 ἡμᾶς
2532 2271 3174 2346 λέγονταοκεκινήμεθα
3224 2271 3320 2325 καὶ
3378 2269 3541 2342 ἡμεῖς
3594 2267 3734 2338 πρὸς

2140 2369 2345 2430 οἶκτον,
2381 2369 2474 2423 καὶ
2525 2368 2639 2422 ὅλοι
2689 2366 2946 2439 δακρύων
2990 2365 3087 2420 καὶ
3134 2365 3352 2435 θρήνων
3400 2362 3732 2432 γεγόναμεν.

2141 2465 2313 2536 Ὥρας
2344 2462 2401 2516 δὲ
2426 2460 2612 2532 ὀλίγης
2667 2457 3075 2530 παρελθούσης,
3123 2458 3221 2512 καὶ
3248 2450 3362 2512 οἷον
3391 2452 3487 2509 τοῦ
3529 2453 3732 2526 θρήνου

2142 2557 2654 2627 κατηρεμήσαντος,
2686 2549 2842 2607 εἶπεν
2878 2554 2906 2605 ό
2934 2549 3243 2622 Θεωριανός
3273 2565 3289 2582 ο

2212 2649 2431 2720 Ταύτην
2478 2665 2572 2701 σου
2613 2646 2716 2718 τὴν
2767 2643 3141 2717 παράκλησιν,
3191 2642 3450 2705 δέσποτα,
3500 2641 3733 2708 εἴπομεν

2143 2741 2223 2814 τῷ
2251 2738 2504 2812 κραταιῷ
2534 2736 2631 2794 καὶ
2675 2737 2819 2809 ἁγίῳ
2847 2736 3008 2808 ἡμῶν
3041 2735 3272 2806 βασιλεῖ.
3313 2733 3422 2791 Καὶ
3451 2733 3577 2796 δοὺς
3596 2733 3734 2803 ἡμῖν

2142 2831 2362 2904 γραφὴν
2406 2829 2574 2884 αὐτοῦ
2623 2827 2762 2900 πρὸς
2807 2827 2900 2882 τὸν
2930 2825 3350 2888 εὐσεϐέστατον,
3401 2822 3495 2875 καὶ
3539 2819 3724 2888 ἂγιον,

2144 2926 2240 2980 καὶ
2287 2923 2639 2994 φιλόχριστον
2689 2919 2847 2991 ἡμῶν
2897 2917 3301 2989 αὐτοκράτορα,
3363 2914 3736 2983 περιέχουσαν

2143 3017 2206 3071 τό
2233 3033 2247 3047 ο
2279 3017 2362 3070 ὅτι
2391 3016 2626 3085 Δέχομαι
2657 3013 2756 3084 τὴν
2786 3010 3057 3082 τετάρτην
3094 3008 3339 3079 μεγάλην
3360 3006 3456 3061 καὶ
3482 3008 3730 3071 οἰκούμε-

453 3102 656 3157 nodum
703 3107 976 3171 quartam,
1026 3097 1370 3156 Chalcedone
1422 3101 1700 3168 habitam,
1755 3101 2038 3170 recipere:

2145 3110 2303 3180 νικὴν
2352 3109 2516 3177 ἁγίαν
2563 3105 2785 3162 σύνοδον
2833 3105 2934 3176 τὴν
2977 3105 3035 3159 ἐν
3086 3101 3416 3173 Χαλκηδόνι,
3463 3097 3737 3198 ἀπέλυσεν

453 3193 682 3265 paciﬁca
723 3208 830 3250 nos
865 3194 1098 3261 dimisit,
1123 3194 1397 3264 [tactaque
1432 3195 1611 3266 capite
1651 3206 1862 3260 nostro,
1898 3195 2036 3250 bene

2147 3203 2297 3273 ἡμᾶς
2324 3204 2382 3256 ὲν
2409 3201 2603 3272 εἰρήνῃ
2631 3215 2644 3230 °
2675 3200 2770 3253 καὶ
2804 3197 3091 3268 ἁψάμενος
3124 3194 3226 3265 τῆς
3275 3191 3521 3263 κεφαλῆς
3547 3188 3735 3259 ἡμῶν,

455 3285 614 3341 nobis
649 3293 734 3340 est
767 3295 1042 3356 precatus.
1076 3281 1186 3339 Nos
1216 3294 1400 3339 autem
1449 3285 1588 3342 actis
1635 3283 1750 3341 Deo
1800 3299 1898 3356 pro
1955 3285 2042 3341 his

455 3376 712 3432 omnibus
743 3376 958 3446 gratiis,
987 3375 1516 3446 Constantinopolim
1563 3378 1835 3434 continuis
1877 3378 2042 3434 itine-

455 3469 1154 3539 ribusproliciscebamur,
1189 3468 1358 3524 Deum
1399 3468 1616 3525 interim
1645 3478 1698 3526 et
1726 3470 2041 3526 collaudan-

456 3567 541 3621 tes
596 3567 652 3614 et
687 3559 1090 3628 praedicantes:
1139 3561 1226 3615 cni
1276 3561 1495 3630 quidem
1544 3564 1722 3619 omnis
1765 3564 2039 3631 majestas,

458 3651 654 3718 honos,
692 3653 960 3721 adoratio,
989 3663 1044 3710 et
1077 3655 1479 3725 magnificentia
1503 3697 1519 3723 ,
1565 3657 1779 3715 sazculis
1814 3657 2042 3715 inﬁniti

457 3748 736 3817 competit.
765 3749 962 3804 Amen.

461 3939 2187 3972 m._______________________

1679 3949 2362 3961 _——-—-—.——__

1606 4105 2584 4247 ΘΕΩΡΙΑΝΟΥ

2143 3295 2443 3363 εὐλόγησεν
2469 3294 2640 3363 ἡμᾶς.
2681 3291 2873 3362 Ἡμεῖς
2907 3290 2966 3343 δὲ
2996 3288 3090 3342 ἐπὶ
3120 3289 3254 3342 πᾶσι
3275 3287 3488 3349 τούτοις
3516 3285 3734 3356 εὐχαρισ

2148 3389 2448 3458 στήσαντες
2489 3385 2568 3456 τῷ
2625 3383 2767 3455 Θεῷ,
2802 3383 2904 3452 τῆς
2961 3382 3099 3452 πρὸς
3151 3378 3741 3434 Κωνσταντινούπολιν

2151 3476 2427 3548 φερούσης
2462 3475 2750 3546 οἰχόμεθα,
2792 3471 3070 3536 αἰνοῦντες
3119 3471 3217 3526 καὶ
3263 3469 3615 3539 εὐλογοῦντες
3641 3468 3741 3524 τὸν

2117 3605 2120 3608 -
2151 3569 2286 3622 Θεόν
2312 3586 2322 3598 '
2355 3561 2399 3636 ᾧ
2429 3569 2634 3638 πρέπει
2663 3569 2814 3622 πᾶσα
2837 3565 2988 3632 δόξα,
3016 3563 3177 3637 τιμὴ,
3217 3565 3312 3618 καὶ
3336 3561 3736 3635 προσκύνησις,

2150 3660 2247 3714 καὶ
2283 3660 2738 3733 μεγαλοπρέπεια
2791 3661 2871 3724 είς
2902 3658 3031 3723 τοὺς
3077 3658 3283 3721 αἰῶνας
3335 3654 3447 3710 τῶν
3498 3654 3742 3712 αἰώνων.

2164 3755 2362 3826 Ἀμήν.

2372 3940 3733 3982 w

1033 4345 1556 4440 ΔΙΑΛΕΞΙΣ
1633 4347 2136 4441 ΔΕΥΤΕΡΑ
2209 4352 2519 4442 ΜΕΤΑ
2594 4341 3174 4442 ΝΟΣΕΡΣΟΥ

1595 4535 2007 4592 ΚΛΘΟΛΙΚΟΥ
2047 4536 2185 4591 ΤΩΝ
2223 4533 2609 4592 ΑΡΜΕΝΙΩΝ.

1560 4725 2634 4991 THEORIANI

927 5119 1664 5213 DISPUTATIO
1753 5119 2293 5210 SECUNDA
2382 5120 2625 5210 CUM
2726 5047 3278 5211 NERSETE

1428 5293 1878 5352 PATRIARCHA
1907 5291 2257 5350 GENERALI
2287 5289 2776 5350 ARMENIORUM.

449 5565 693 5632 Epistula
711 5565 944 5621 Nersetis
962 5568 1218 5638 generalis
1262 5568 1522 5622 Armenia:
1547 5567 1616 5620 ad
1661 5568 2032 5634 imperatorem

2140 5568 2452 5619 Πιττὰκιον
2489 5565 2564 5637 (1)
2600 5564 2708 5620 τοῦ
2749 5562 3084 5621 Καθολικοῦ
3118 5561 3230 5632 τῆς
3265 5561 3573 5631 Ἀρμενίας
3612 5562 3725 5614 Νο-

525 5657 796 5712 dominum
821 5659 1136 5722 Hanuelem,
1190 5661 1351 5715 missa
1373 5677 1465 5729 per
1493 5661 1690 5732 legatos
1717 5677 1864 5727 suos,
1893 5670 1941 5714 et
1978 5662 2031 5713 in

2212 5659 2441 5728 σέδίσου
2498 5658 2648 5728 πρὸς
2696 5659 2800 5715 τὸν
2842 5657 3112 5726 βασιλέα
3168 5656 3354 5727 κῦρον
3404 5652 3728 5723 Μανουὴλ,

529 5796 606 5868 (l)
646 5796 902 5856 Manuelis
939 5799 1202 5871 epistolae,
1258 5800 1616 5871 Disputationi
1651 5799 1667 5854 1
1719 5797 2034 5870 {immissa},
2072 5800 2366 5871 respondet
2399 5797 2616 5856 Nerses.
