  <div class='ocr_page' id='page_1' title='image "/cluster/home/n/w/nwhite01/storage/ocr_20150623/133/coo.31924054870385/115.png"; bbox 0 0 4096 6418; ppageno 0'>
   <div class='ocr_carea' id='block_1_1' title="bbox 368 314 475 379">
    <p class='ocr_par' dir='ltr' id='par_1_1' title="bbox 368 314 475 379">
     <span class='ocr_line' id='line_1_1' title="bbox 368 314 475 379; baseline 0.028 -4"><span class='ocrx_word' id='word_1_1' title='bbox 368 314 475 379; x_wconf 71' lang='lat'><strong>225</strong></span> 
     </span>
    </p>
   </div>
   <div class='ocr_carea' id='block_1_2' title="bbox 1770 308 2214 373">
    <p class='ocr_par' dir='ltr' id='par_1_2' title="bbox 1770 308 2214 373">
     <span class='ocr_line' id='line_1_2' title="bbox 1770 308 2214 373; baseline 0.002 -3"><span class='ocrx_word' id='word_1_2' title='bbox 1770 308 2214 373; x_wconf 71' lang='lat' dir='ltr'><strong>Tl-IEOBIANI</strong></span> 
     </span>
    </p>
   </div>
   <div class='ocr_carea' id='block_1_3' title="bbox 3537 303 3647 367">
    <p class='ocr_par' dir='ltr' id='par_1_3' title="bbox 3537 303 3647 367">
     <span class='ocr_line' id='line_1_3' title="bbox 3537 303 3647 367; baseline 0 -1"><span class='ocrx_word' id='word_1_3' title='bbox 3537 303 3647 367; x_wconf 66' lang='lat' dir='ltr'><strong>2H3</strong></span> 
     </span>
    </p>
   </div>
   <div class='ocr_carea' id='block_1_4' title="bbox 363 422 1982 499">
    <p class='ocr_par' dir='ltr' id='par_1_4' title="bbox 363 426 1958 499">
     <span class='ocr_line' id='line_1_4' title="bbox 363 426 1958 499; baseline -0.004 -10"><span class='ocrx_word' id='word_1_4' title='bbox 363 439 576 489; x_wconf 89' lang='lat' dir='ltr'><strong>rantes.</strong></span> <span class='ocrx_word' id='word_1_5' title='bbox 631 429 811 496; x_wconf 80' lang='lat' dir='ltr'><strong>Quare</strong></span> <span class='ocrx_word' id='word_1_6' title='bbox 854 435 910 483; x_wconf 88' lang='lat' dir='ltr'><strong>et</strong></span> <span class='ocrx_word' id='word_1_7' title='bbox 956 426 1127 483; x_wconf 82' lang='lat' dir='ltr'><strong>animi</strong></span> <span class='ocrx_word' id='word_1_8' title='bbox 1188 428 1355 484; x_wconf 87' lang='lat' dir='ltr'><strong>vestri</strong></span> <span class='ocrx_word' id='word_1_9' title='bbox 1400 427 1659 485; x_wconf 85' lang='lat' dir='ltr'><strong>seandalo</strong></span> <span class='ocrx_word' id='word_1_10' title='bbox 1706 428 1958 499; x_wconf 87' lang='lat' dir='ltr'><strong>percussi</strong></span> 
     </span>
    </p>
   </div>
   <div class='ocr_carea' id='block_1_5' title="bbox 2086 422 3652 499">
    <p class='ocr_par' dir='ltr' id='par_1_5' title="bbox 2086 422 3652 494">
     <span class='ocr_line' id='line_1_5' title="bbox 2086 422 3652 494; baseline -0.001 -16"><span class='ocrx_word' id='word_1_11' title='bbox 2086 429 2344 492; x_wconf 75' lang='grc' dir='ltr'><strong>ῖάνοντες.</strong></span> <span class='ocrx_word' id='word_1_12' title='bbox 2391 428 2485 483; x_wconf 76' lang='grc' dir='ltr'><strong>Διὸ</strong></span> <span class='ocrx_word' id='word_1_13' title='bbox 2530 427 3118 493; x_wconf 53' lang='grc' dir='ltr'><strong>ἐςκανδαὶίζεσθεῃτδν</strong></span> <span class='ocrx_word' id='word_1_14' title='bbox 3162 424 3290 480; x_wconf 88' lang='grc' dir='ltr'><strong>νοῦν</strong></span> <span class='ocrx_word' id='word_1_15' title='bbox 3331 423 3427 479; x_wconf 75' lang='grc' dir='ltr'><strong>καὶ</strong></span> <span class='ocrx_word' id='word_1_16' title='bbox 3471 422 3652 494; x_wconf 79' lang='grc' dir='ltr'><strong>ὑμεῖς,</strong></span> 
     </span>
    </p>
   </div>
   <div class='ocr_carea' id='block_1_6' title="bbox 365 520 1957 595">
    <p class='ocr_par' dir='ltr' id='par_1_6' title="bbox 365 520 1957 595">
     <span class='ocr_line' id='line_1_6' title="bbox 365 520 1957 595; baseline -0.004 -13"><span class='ocrx_word' id='word_1_17' title='bbox 365 534 519 591; x_wconf 88' lang='lat' dir='ltr'><strong>sunt,</strong></span> <span class='ocrx_word' id='word_1_18' title='bbox 551 524 677 579; x_wconf 92' lang='lat' dir='ltr'><strong>dum</strong></span> <span class='ocrx_word' id='word_1_19' title='bbox 695 537 795 579; x_wconf 89' lang='lat' dir='ltr'><strong>nos</strong></span> <span class='ocrx_word' id='word_1_20' title='bbox 821 520 1112 595; x_wconf 84' lang='lat' dir='ltr'><strong>Eutycheti</strong></span> <span class='ocrx_word' id='word_1_21' title='bbox 1146 520 1374 592; x_wconf 78' lang='lat' dir='ltr'><strong>ejusque</strong></span> <span class='ocrx_word' id='word_1_22' title='bbox 1401 520 1731 577; x_wconf 85' lang='lat' dir='ltr'><strong>asseclarum</strong></span> <span class='ocrx_word' id='word_1_23' title='bbox 1757 520 1957 592; x_wconf 87' lang='lat' dir='ltr'><strong>dogma</strong></span> 
     </span>
    </p>
   </div>
   <div class='ocr_carea' id='block_1_7' title="bbox 368 617 1955 688">
    <p class='ocr_par' dir='ltr' id='par_1_7' title="bbox 368 617 1955 688">
     <span class='ocr_line' id='line_1_7' title="bbox 368 617 1955 688; baseline -0.003 -13"><span class='ocrx_word' id='word_1_24' title='bbox 368 631 559 677; x_wconf 89' lang='lat' dir='ltr'><strong>tenere</strong></span> <span class='ocrx_word' id='word_1_25' title='bbox 620 618 912 688; x_wconf 88' lang='lat' dir='ltr'><strong>putaretis,</strong></span> <span class='ocrx_word' id='word_1_26' title='bbox 970 617 1065 687; x_wconf 87' lang='lat' dir='ltr'><strong>qui</strong></span> <span class='ocrx_word' id='word_1_27' title='bbox 1105 631 1268 671; x_wconf 87' lang='lat' dir='ltr'><strong>unam</strong></span> <span class='ocrx_word' id='word_1_28' title='bbox 1314 624 1568 671; x_wconf 85' lang='lat' dir='ltr'><strong>naturam</strong></span> <span class='ocrx_word' id='word_1_29' title='bbox 1596 630 1764 687; x_wconf 89' lang='lat' dir='ltr'><strong>pravo</strong></span> <span class='ocrx_word' id='word_1_30' title='bbox 1791 631 1955 673; x_wconf 87' lang='lat' dir='ltr'><strong>sensu</strong></span> 
     </span>
    </p>
   </div>
   <div class='ocr_carea' id='block_1_8' title="bbox 369 709 1961 779">
    <p class='ocr_par' dir='ltr' id='par_1_8' title="bbox 369 709 1961 779">
     <span class='ocr_line' id='line_1_8' title="bbox 369 709 1961 779; baseline -0.002 -12"><span class='ocrx_word' id='word_1_31' title='bbox 369 720 645 767; x_wconf 84' lang='lat' dir='ltr'><strong>asserunt.</strong></span> <span class='ocrx_word' id='word_1_32' title='bbox 671 709 1060 767; x_wconf 72' lang='lat' dir='ltr'><strong>Verumtamen</strong></span> <span class='ocrx_word' id='word_1_33' title='bbox 1095 725 1161 766; x_wconf 83' lang='lat' dir='ltr'><strong>ex</strong></span> <span class='ocrx_word' id='word_1_34' title='bbox 1188 709 1292 765; x_wconf 76' lang='lat' dir='ltr'><strong>liae</strong></span> <span class='ocrx_word' id='word_1_35' title='bbox 1314 709 1568 779; x_wconf 82' lang='lat' dir='ltr'><strong>colloquii</strong></span> <span class='ocrx_word' id='word_1_36' title='bbox 1612 709 1961 765; x_wconf 86' lang='lat' dir='ltr'><strong>ventilatioue</strong></span> 
     </span>
    </p>
   </div>
   <div class='ocr_carea' id='block_1_9' title="bbox 372 801 1959 874">
    <p class='ocr_par' dir='ltr' id='par_1_9' title="bbox 372 801 1959 874">
     <span class='ocr_line' id='line_1_9' title="bbox 372 801 1959 874; baseline -0.002 -16"><span class='ocrx_word' id='word_1_37' title='bbox 372 804 577 860; x_wconf 82' lang='lat' dir='ltr'><strong>nudata</strong></span> <span class='ocrx_word' id='word_1_38' title='bbox 616 810 702 860; x_wconf 90' lang='lat' dir='ltr'><strong>est</strong></span> <span class='ocrx_word' id='word_1_39' title='bbox 755 803 1045 874; x_wconf 78' lang='lat' dir='ltr'><strong>palamque</strong></span> <span class='ocrx_word' id='word_1_40' title='bbox 1103 801 1351 859; x_wconf 85' lang='lat' dir='ltr'><strong>convicta</strong></span> <span class='ocrx_word' id='word_1_41' title='bbox 1384 802 1656 873; x_wconf 89' lang='lat' dir='ltr'><strong>utrimque</strong></span> <span class='ocrx_word' id='word_1_42' title='bbox 1686 802 1959 858; x_wconf 89' lang='lat' dir='ltr'><strong>mentien-</strong></span> 
     </span>
    </p>
   </div>
   <div class='ocr_carea' id='block_1_10' title="bbox 367 894 1963 967">
    <p class='ocr_par' dir='ltr' id='par_1_10' title="bbox 367 894 1963 967">
     <span class='ocr_line' id='line_1_10' title="bbox 367 894 1963 967; baseline -0.001 -15"><span class='ocrx_word' id='word_1_43' title='bbox 367 899 503 953; x_wconf 93' lang='lat' dir='ltr'><strong>tium</strong></span> <span class='ocrx_word' id='word_1_44' title='bbox 554 896 783 962; x_wconf 78' lang='lat' dir='ltr'><strong>falsitas,</strong></span> <span class='ocrx_word' id='word_1_45' title='bbox 833 895 1037 967; x_wconf 87' lang='lat' dir='ltr'><strong>prodiit</strong></span> <span class='ocrx_word' id='word_1_46' title='bbox 1086 895 1141 950; x_wconf 91' lang='lat' dir='ltr'><strong>in</strong></span> <span class='ocrx_word' id='word_1_47' title='bbox 1193 895 1373 951; x_wconf 88' lang='lat' dir='ltr'><strong>lucem</strong></span> <span class='ocrx_word' id='word_1_48' title='bbox 1419 895 1646 963; x_wconf 87' lang='lat' dir='ltr'><strong>veritas,</strong></span> <span class='ocrx_word' id='word_1_49' title='bbox 1697 894 1963 964; x_wconf 82' lang='lat' dir='ltr'><strong>planeque</strong></span> 
     </span>
    </p>
   </div>
   <div class='ocr_carea' id='block_1_11' title="bbox 368 986 1962 1055">
    <p class='ocr_par' dir='ltr' id='par_1_11' title="bbox 368 986 1962 1055">
     <span class='ocr_line' id='line_1_11' title="bbox 368 986 1962 1055; baseline 0.001 -12"><span class='ocrx_word' id='word_1_50' title='bbox 368 989 615 1045; x_wconf 80' lang='lat' dir='ltr'><strong>constitit</strong></span> <span class='ocrx_word' id='word_1_51' title='bbox 669 997 784 1044; x_wconf 90' lang='lat' dir='ltr'><strong>tum</strong></span> <span class='ocrx_word' id='word_1_52' title='bbox 834 1003 933 1044; x_wconf 87' lang='lat' dir='ltr'><strong>vos</strong></span> <span class='ocrx_word' id='word_1_53' title='bbox 981 1001 1011 1041; x_wconf 89' lang='lat' dir='ltr'><strong>a</strong></span> <span class='ocrx_word' id='word_1_54' title='bbox 1044 986 1364 1044; x_wconf 83' lang='lat' dir='ltr'><strong>Nestoriana</strong></span> <span class='ocrx_word' id='word_1_55' title='bbox 1407 988 1692 1055; x_wconf 86' lang='lat' dir='ltr'><strong>divisione,</strong></span> <span class='ocrx_word' id='word_1_56' title='bbox 1721 997 1832 1044; x_wconf 93' lang='lat' dir='ltr'><strong>tum</strong></span> <span class='ocrx_word' id='word_1_57' title='bbox 1862 1004 1962 1044; x_wconf 85' lang='lat' dir='ltr'><strong>nos</strong></span> 
     </span>
    </p>
   </div>
   <div class='ocr_carea' id='block_1_12' title="bbox 370 1079 1959 1152">
    <p class='ocr_par' dir='ltr' id='par_1_12' title="bbox 370 1079 1959 1152">
     <span class='ocr_line' id='line_1_12' title="bbox 370 1079 1959 1152; baseline -0.003 -15"><span class='ocrx_word' id='word_1_58' title='bbox 370 1081 442 1137; x_wconf 90' lang='lat' dir='ltr'><strong>ab</strong></span> <span class='ocrx_word' id='word_1_59' title='bbox 498 1080 842 1152; x_wconf 84' lang='lat' dir='ltr'><strong>Eutycbiana</strong></span> <span class='ocrx_word' id='word_1_60' title='bbox 904 1079 1225 1136; x_wconf 73' lang='lat' dir='ltr'><strong>confusione</strong></span> <span class='ocrx_word' id='word_1_61' title='bbox 1275 1080 1436 1149; x_wconf 86' lang='lat' dir='ltr'><strong>longe</strong></span> <span class='ocrx_word' id='word_1_62' title='bbox 1464 1079 1959 1136; x_wconf 81' lang='lat' dir='ltr'><strong>abessezinvicem</strong></span> 
     </span>
    </p>
   </div>
   <div class='ocr_carea' id='block_1_13' title="bbox 369 1171 1960 1244">
    <p class='ocr_par' dir='ltr' id='par_1_13' title="bbox 369 1171 1960 1244">
     <span class='ocr_line' id='line_1_13' title="bbox 369 1171 1960 1244; baseline -0.003 -14"><span class='ocrx_word' id='word_1_63' title='bbox 369 1184 572 1241; x_wconf 91' lang='lat' dir='ltr'><strong>autem,</strong></span> <span class='ocrx_word' id='word_1_64' title='bbox 603 1187 704 1244; x_wconf 92' lang='lat' dir='ltr'><strong>per</strong></span> <span class='ocrx_word' id='word_1_65' title='bbox 758 1171 851 1228; x_wconf 84' lang='lat' dir='ltr'><strong>Dei</strong></span> <span class='ocrx_word' id='word_1_66' title='bbox 882 1172 1137 1244; x_wconf 77' lang='lat' dir='ltr'><strong>gratiam,</strong></span> <span class='ocrx_word' id='word_1_67' title='bbox 1174 1171 1404 1242; x_wconf 77' lang='lat' dir='ltr'><strong>proximi</strong></span> <span class='ocrx_word' id='word_1_68' title='bbox 1447 1171 1546 1228; x_wconf 82' lang='lat' dir='ltr'><strong>visi</strong></span> <span class='ocrx_word' id='word_1_69' title='bbox 1581 1187 1787 1237; x_wconf 85' lang='lat' dir='ltr'><strong>sumus,</strong></span> <span class='ocrx_word' id='word_1_70' title='bbox 1818 1171 1960 1241; x_wconf 91' lang='lat' dir='ltr'><strong>quod</strong></span> 
     </span>
    </p>
   </div>
   <div class='ocr_carea' id='block_1_14' title="bbox 373 1262 1959 1337">
    <p class='ocr_par' dir='ltr' id='par_1_14' title="bbox 373 1262 1959 1337">
     <span class='ocr_line' id='line_1_14' title="bbox 373 1262 1959 1337; baseline -0.002 -15"><span class='ocrx_word' id='word_1_71' title='bbox 373 1267 574 1323; x_wconf 85' lang='lat' dir='ltr'><strong>attinet</strong></span> <span class='ocrx_word' id='word_1_72' title='bbox 626 1266 694 1322; x_wconf 91' lang='lat' dir='ltr'><strong>ad</strong></span> <span class='ocrx_word' id='word_1_73' title='bbox 742 1266 1059 1337; x_wconf 86' lang='lat' dir='ltr'><strong>dogmatum</strong></span> <span class='ocrx_word' id='word_1_74' title='bbox 1109 1264 1513 1321; x_wconf 86' lang='lat' dir='ltr'><strong>rectitudinem.</strong></span> <span class='ocrx_word' id='word_1_75' title='bbox 1572 1262 1678 1320; x_wconf 87' lang='lat' dir='ltr'><strong>Sed</strong></span> <span class='ocrx_word' id='word_1_76' title='bbox 1703 1265 1959 1334; x_wconf 90' lang='lat' dir='ltr'><strong>quoniam</strong></span> 
     </span>
    </p>
   </div>
   <div class='ocr_carea' id='block_1_15' title="bbox 370 1355 1963 1430">
    <p class='ocr_par' dir='ltr' id='par_1_15' title="bbox 370 1355 1963 1430">
     <span class='ocr_line' id='line_1_15' title="bbox 370 1355 1963 1430; baseline -0.003 -14"><span class='ocrx_word' id='word_1_77' title='bbox 370 1358 544 1416; x_wconf 89' lang='lat' dir='ltr'><strong>vestri</strong></span> <span class='ocrx_word' id='word_1_78' title='bbox 592 1358 804 1429; x_wconf 88' lang='lat' dir='ltr'><strong>imperii</strong></span> <span class='ocrx_word' id='word_1_79' title='bbox 846 1365 1108 1430; x_wconf 79' lang='lat' dir='ltr'><strong>potestas,</strong></span> <span class='ocrx_word' id='word_1_80' title='bbox 1151 1371 1274 1428; x_wconf 65' lang='lat' dir='ltr'><strong>qua:</strong></span> <span class='ocrx_word' id='word_1_81' title='bbox 1316 1355 1604 1414; x_wconf 86' lang='lat' dir='ltr'><strong>sacerdotii</strong></span> <span class='ocrx_word' id='word_1_82' title='bbox 1651 1356 1963 1413; x_wconf 88' lang='lat' dir='ltr'><strong>libertatem</strong></span> 
     </span>
    </p>
   </div>
   <div class='ocr_carea' id='block_1_16' title="bbox 372 1449 1966 1524">
    <p class='ocr_par' dir='ltr' id='par_1_16' title="bbox 372 1449 1966 1524">
     <span class='ocr_line' id='line_1_16' title="bbox 372 1449 1966 1524; baseline 0 -19"><span class='ocrx_word' id='word_1_83' title='bbox 372 1452 631 1524; x_wconf 74' lang='lat' dir='ltr'><strong>protegit,</strong></span> <span class='ocrx_word' id='word_1_84' title='bbox 686 1449 831 1523; x_wconf 88' lang='lat' dir='ltr'><strong>genti</strong></span> <span class='ocrx_word' id='word_1_85' title='bbox 887 1459 1087 1507; x_wconf 60' lang='lat' dir='ltr'><strong>nostra</strong></span> <span class='ocrx_word' id='word_1_86' title='bbox 1156 1450 1226 1507; x_wconf 90' lang='lat' dir='ltr'><strong>ab</strong></span> <span class='ocrx_word' id='word_1_87' title='bbox 1307 1450 1607 1506; x_wconf 91' lang='lat' dir='ltr'><strong>inﬁdelium</strong></span> <span class='ocrx_word' id='word_1_88' title='bbox 1677 1449 1966 1520; x_wconf 82' lang='lat' dir='ltr'><strong>tyrannide</strong></span> 
     </span>
    </p>
   </div>
   <div class='ocr_carea' id='block_1_17' title="bbox 372 1542 1969 1615">
    <p class='ocr_par' dir='ltr' id='par_1_17' title="bbox 372 1542 1969 1615">
     <span class='ocr_line' id='line_1_17' title="bbox 372 1542 1969 1615; baseline -0.001 -15"><span class='ocrx_word' id='word_1_89' title='bbox 372 1555 558 1615; x_wconf 89' lang='lat' dir='ltr'><strong>erepta</strong></span> <span class='ocrx_word' id='word_1_90' title='bbox 589 1553 697 1611; x_wconf 91' lang='lat' dir='ltr'><strong>est,</strong></span> <span class='ocrx_word' id='word_1_91' title='bbox 727 1544 932 1600; x_wconf 89' lang='lat' dir='ltr'><strong>idcirco</strong></span> <span class='ocrx_word' id='word_1_92' title='bbox 965 1558 1119 1600; x_wconf 90' lang='lat' dir='ltr'><strong>meus</strong></span> <span class='ocrx_word' id='word_1_93' title='bbox 1163 1558 1382 1615; x_wconf 92' lang='lat' dir='ltr'><strong>quoque</strong></span> <span class='ocrx_word' id='word_1_94' title='bbox 1414 1542 1761 1615; x_wconf 89' lang='lat' dir='ltr'><strong>pontiﬁcatus</strong></span> <span class='ocrx_word' id='word_1_95' title='bbox 1792 1542 1969 1611; x_wconf 81' lang='lat' dir='ltr'><strong>patrio</strong></span> 
     </span>
    </p>
   </div>
   <div class='ocr_carea' id='block_1_18' title="bbox 374 1638 1966 1712">
    <p class='ocr_par' dir='ltr' id='par_1_18' title="bbox 374 1638 1966 1712">
     <span class='ocr_line' id='line_1_18' title="bbox 374 1638 1966 1712; baseline 0 -15"><span class='ocrx_word' id='word_1_96' title='bbox 374 1640 493 1697; x_wconf 85' lang='lat' dir='ltr'><strong>solo</strong></span> <span class='ocrx_word' id='word_1_97' title='bbox 523 1656 587 1697; x_wconf 87' lang='lat' dir='ltr'><strong>ac</strong></span> <span class='ocrx_word' id='word_1_98' title='bbox 614 1642 741 1696; x_wconf 86' lang='lat' dir='ltr'><strong>sede</strong></span> <span class='ocrx_word' id='word_1_99' title='bbox 769 1640 1049 1712; x_wconf 88' lang='lat' dir='ltr'><strong>depulsus,</strong></span> <span class='ocrx_word' id='word_1_100' title='bbox 1078 1640 1133 1696; x_wconf 84' lang='lat' dir='ltr'><strong>in</strong></span> <span class='ocrx_word' id='word_1_101' title='bbox 1159 1639 1335 1696; x_wconf 86' lang='lat' dir='ltr'><strong>aliena</strong></span> <span class='ocrx_word' id='word_1_102' title='bbox 1354 1640 1574 1711; x_wconf 84' lang='lat' dir='ltr'><strong>regione</strong></span> <span class='ocrx_word' id='word_1_103' title='bbox 1601 1638 1966 1712; x_wconf 85' lang='lat' dir='ltr'><strong>periclitatur.</strong></span> 
     </span>
    </p>
   </div>
   <div class='ocr_carea' id='block_1_19' title="bbox 377 1731 1967 1805">
    <p class='ocr_par' dir='ltr' id='par_1_19' title="bbox 377 1731 1967 1805">
     <span class='ocr_line' id='line_1_19' title="bbox 377 1731 1967 1805; baseline 0.001 -17"><span class='ocrx_word' id='word_1_104' title='bbox 377 1732 741 1800; x_wconf 84' lang='lat' dir='ltr'><strong>Quamobrem</strong></span> <span class='ocrx_word' id='word_1_105' title='bbox 789 1746 966 1805; x_wconf 83' lang='lat' dir='ltr'><strong>neque</strong></span> <span class='ocrx_word' id='word_1_106' title='bbox 1020 1732 1075 1789; x_wconf 87' lang='lat' dir='ltr'><strong>in</strong></span> <span class='ocrx_word' id='word_1_107' title='bbox 1119 1732 1375 1805; x_wconf 73' lang='lat' dir='ltr'><strong>praesenti</strong></span> <span class='ocrx_word' id='word_1_108' title='bbox 1416 1731 1804 1790; x_wconf 82' lang='lat' dir='ltr'><strong>Armeniorum</strong></span> <span class='ocrx_word' id='word_1_109' title='bbox 1852 1734 1967 1804; x_wconf 62' lang='lat' dir='ltr'><strong>epio</strong></span> 
     </span>
    </p>
   </div>
   <div class='ocr_carea' id='block_1_20' title="bbox 376 1825 1969 1898">
    <p class='ocr_par' dir='ltr' id='par_1_20' title="bbox 376 1825 1969 1898">
     <span class='ocr_line' id='line_1_20' title="bbox 376 1825 1969 1898; baseline 0.001 -15"><span class='ocrx_word' id='word_1_110' title='bbox 376 1827 528 1896; x_wconf 89' lang='lat' dir='ltr'><strong>scopi</strong></span> <span class='ocrx_word' id='word_1_111' title='bbox 581 1835 639 1881; x_wconf 89' lang='lat' dir='ltr'><strong>et</strong></span> <span class='ocrx_word' id='word_1_112' title='bbox 672 1825 925 1883; x_wconf 90' lang='lat' dir='ltr'><strong>doctores</strong></span> <span class='ocrx_word' id='word_1_113' title='bbox 953 1840 1139 1894; x_wconf 75' lang='lat' dir='ltr'><strong>coram</strong></span> <span class='ocrx_word' id='word_1_114' title='bbox 1197 1826 1416 1892; x_wconf 83' lang='lat' dir='ltr'><strong>adsunt,</strong></span> <span class='ocrx_word' id='word_1_115' title='bbox 1458 1840 1636 1898; x_wconf 91' lang='lat' dir='ltr'><strong>neque</strong></span> <span class='ocrx_word' id='word_1_116' title='bbox 1675 1827 1802 1884; x_wconf 89' lang='lat' dir='ltr'><strong>licet</strong></span> <span class='ocrx_word' id='word_1_117' title='bbox 1850 1827 1969 1884; x_wconf 88' lang='lat' dir='ltr'><strong>sine</strong></span> 
     </span>
    </p>
   </div>
   <div class='ocr_carea' id='block_1_21' title="bbox 376 1919 2043 1993">
    <p class='ocr_par' dir='ltr' id='par_1_21' title="bbox 376 1919 2043 1993">
     <span class='ocr_line' id='line_1_21' title="bbox 376 1919 2043 1993; baseline 0.002 -18"><span class='ocrx_word' id='word_1_118' title='bbox 376 1919 571 1977; x_wconf 84' lang='lat' dir='ltr'><strong>horum</strong></span> <span class='ocrx_word' id='word_1_119' title='bbox 625 1921 863 1993; x_wconf 79' lang='lat' dir='ltr'><strong>generali</strong></span> <span class='ocrx_word' id='word_1_120' title='bbox 894 1919 1129 1977; x_wconf 87' lang='lat' dir='ltr'><strong>concilio</strong></span> <span class='ocrx_word' id='word_1_121' title='bbox 1165 1920 1416 1992; x_wconf 69' lang='lat' dir='ltr'><strong>quaesitui</strong></span> <span class='ocrx_word' id='word_1_122' title='bbox 1461 1930 1648 1978; x_wconf 80' lang='lat' dir='ltr'><strong>vestro</strong></span> <span class='ocrx_word' id='word_1_123' title='bbox 1704 1932 1966 1993; x_wconf 88' lang='lat' dir='ltr'><strong>quantum</strong></span> <span class='ocrx_word' id='word_1_124' title='bbox 2037 1931 2043 1935; x_wconf 86' lang='lat'><strong>&#39;</strong></span> 
     </span>
    </p>
   </div>
   <div class='ocr_carea' id='block_1_22' title="bbox 375 2014 1971 2091">
    <p class='ocr_par' dir='ltr' id='par_1_22' title="bbox 375 2014 1971 2091">
     <span class='ocr_line' id='line_1_22' title="bbox 375 2014 1971 2091; baseline 0.001 -24"><span class='ocrx_word' id='word_1_125' title='bbox 375 2029 513 2083; x_wconf 88' lang='lat' dir='ltr'><strong>opus</strong></span> <span class='ocrx_word' id='word_1_126' title='bbox 542 2020 627 2070; x_wconf 90' lang='lat' dir='ltr'><strong>est</strong></span> <span class='ocrx_word' id='word_1_127' title='bbox 661 2015 1011 2084; x_wconf 86' lang='lat' dir='ltr'><strong>respondere,</strong></span> <span class='ocrx_word' id='word_1_128' title='bbox 1040 2029 1113 2091; x_wconf 70' lang='lat' dir='ltr'><strong>ne</strong></span> <span class='ocrx_word' id='word_1_129' title='bbox 1144 2028 1243 2084; x_wconf 89' lang='lat' dir='ltr'><strong>pro</strong></span> <span class='ocrx_word' id='word_1_130' title='bbox 1287 2015 1577 2071; x_wconf 87' lang='lat' dir='ltr'><strong>concordia</strong></span> <span class='ocrx_word' id='word_1_131' title='bbox 1607 2028 1798 2071; x_wconf 84' lang='lat' dir='ltr'><strong>ansam</strong></span> <span class='ocrx_word' id='word_1_132' title='bbox 1830 2014 1971 2070; x_wconf 87' lang='lat' dir='ltr'><strong>mul-</strong></span> 
     </span>
    </p>
   </div>
   <div class='ocr_carea' id='block_1_23' title="bbox 378 2105 1968 2177">
    <p class='ocr_par' dir='ltr' id='par_1_23' title="bbox 378 2105 1968 2177">
     <span class='ocr_line' id='line_1_23' title="bbox 378 2105 1968 2177; baseline -0.002 -15"><span class='ocrx_word' id='word_1_133' title='bbox 378 2107 615 2177; x_wconf 89' lang='lat' dir='ltr'><strong>tiplicem</strong></span> <span class='ocrx_word' id='word_1_134' title='bbox 651 2106 941 2163; x_wconf 64' lang='lat' dir='ltr'><strong>discordia</strong></span> <span class='ocrx_word' id='word_1_135' title='bbox 993 2108 1205 2173; x_wconf 88' lang='lat' dir='ltr'><strong>demus,</strong></span> <span class='ocrx_word' id='word_1_136' title='bbox 1246 2120 1422 2176; x_wconf 91' lang='lat' dir='ltr'><strong>neque</strong></span> <span class='ocrx_word' id='word_1_137' title='bbox 1461 2105 1834 2162; x_wconf 81' lang='lat' dir='ltr'><strong>inconstanter</strong></span> <span class='ocrx_word' id='word_1_138' title='bbox 1866 2106 1968 2160; x_wconf 82' lang='lat' dir='ltr'><strong>ali-</strong></span> 
     </span>
    </p>
   </div>
   <div class='ocr_carea' id='block_1_24' title="bbox 377 2196 1970 2270">
    <p class='ocr_par' dir='ltr' id='par_1_24' title="bbox 377 2196 1970 2270">
     <span class='ocr_line' id='line_1_24' title="bbox 377 2196 1970 2270; baseline 0.001 -18"><span class='ocrx_word' id='word_1_139' title='bbox 377 2199 507 2268; x_wconf 83' lang='lat' dir='ltr'><strong>quid</strong></span> <span class='ocrx_word' id='word_1_140' title='bbox 561 2198 932 2256; x_wconf 86' lang='lat' dir='ltr'><strong>absurdumve</strong></span> <span class='ocrx_word' id='word_1_141' title='bbox 984 2198 1290 2270; x_wconf 87' lang='lat' dir='ltr'><strong>loquamur.</strong></span> <span class='ocrx_word' id='word_1_142' title='bbox 1344 2196 1512 2269; x_wconf 86' lang='lat' dir='ltr'><strong>Igitur</strong></span> <span class='ocrx_word' id='word_1_143' title='bbox 1551 2197 1697 2254; x_wconf 84' lang='lat' dir='ltr'><strong>haud</strong></span> <span class='ocrx_word' id='word_1_144' title='bbox 1758 2207 1970 2254; x_wconf 91' lang='lat' dir='ltr'><strong>rectum</strong></span> 
     </span>
    </p>
   </div>
   <div class='ocr_carea' id='block_1_25' title="bbox 381 2292 1974 2362">
    <p class='ocr_par' dir='ltr' id='par_1_25' title="bbox 381 2292 1974 2362">
     <span class='ocr_line' id='line_1_25' title="bbox 381 2292 1974 2362; baseline 0.002 -18"><span class='ocrx_word' id='word_1_145' title='bbox 381 2292 517 2348; x_wconf 74' lang='lat' dir='ltr'><strong>mihi</strong></span> <span class='ocrx_word' id='word_1_146' title='bbox 543 2293 719 2349; x_wconf 87' lang='lat' dir='ltr'><strong>visum</strong></span> <span class='ocrx_word' id='word_1_147' title='bbox 771 2299 878 2359; x_wconf 85' lang='lat' dir='ltr'><strong>est,</strong></span> <span class='ocrx_word' id='word_1_148' title='bbox 902 2307 1027 2353; x_wconf 86' lang='lat' dir='ltr'><strong>cum</strong></span> <span class='ocrx_word' id='word_1_149' title='bbox 1057 2292 1122 2348; x_wconf 87' lang='lat' dir='ltr'><strong>iis</strong></span> <span class='ocrx_word' id='word_1_150' title='bbox 1153 2301 1364 2353; x_wconf 86' lang='lat' dir='ltr'><strong>tantum</strong></span> <span class='ocrx_word' id='word_1_151' title='bbox 1416 2292 1509 2362; x_wconf 89' lang='lat' dir='ltr'><strong>qui</strong></span> <span class='ocrx_word' id='word_1_152' title='bbox 1540 2292 1686 2348; x_wconf 85' lang='lat' dir='ltr'><strong>circa</strong></span> <span class='ocrx_word' id='word_1_153' title='bbox 1725 2307 1811 2347; x_wconf 87' lang='lat' dir='ltr'><strong>me</strong></span> <span class='ocrx_word' id='word_1_154' title='bbox 1844 2301 1974 2347; x_wconf 86' lang='lat' dir='ltr'><strong>sunt</strong></span> 
     </span>
    </p>
   </div>
   <div class='ocr_carea' id='block_1_26' title="bbox 378 2382 1973 2456">
    <p class='ocr_par' dir='ltr' id='par_1_26' title="bbox 378 2382 1973 2456">
     <span class='ocr_line' id='line_1_26' title="bbox 378 2382 1973 2456; baseline -0.001 -15"><span class='ocrx_word' id='word_1_155' title='bbox 378 2385 715 2452; x_wconf 83' lang='lat' dir='ltr'><strong>hominibus,</strong></span> <span class='ocrx_word' id='word_1_156' title='bbox 764 2386 833 2441; x_wconf 90' lang='lat' dir='ltr'><strong>de</strong></span> <span class='ocrx_word' id='word_1_157' title='bbox 872 2386 976 2442; x_wconf 82' lang='lat' dir='ltr'><strong>hac</strong></span> <span class='ocrx_word' id='word_1_158' title='bbox 1026 2384 1345 2456; x_wconf 87' lang='lat' dir='ltr'><strong>gravissima</strong></span> <span class='ocrx_word' id='word_1_159' title='bbox 1371 2384 1744 2441; x_wconf 82' lang='lat' dir='ltr'><strong>controversia</strong></span> <span class='ocrx_word' id='word_1_160' title='bbox 1781 2382 1973 2441; x_wconf 73' lang='lat' dir='ltr'><strong>defen-</strong></span> 
     </span>
    </p>
   </div>
   <div class='ocr_carea' id='block_1_27' title="bbox 378 2478 1971 2551">
    <p class='ocr_par' dir='ltr' id='par_1_27' title="bbox 378 2478 1971 2551">
     <span class='ocr_line' id='line_1_27' title="bbox 378 2478 1971 2551; baseline -0.001 -17"><span class='ocrx_word' id='word_1_161' title='bbox 378 2479 587 2534; x_wconf 83' lang='lat' dir='ltr'><strong>sionem</strong></span> <span class='ocrx_word' id='word_1_162' title='bbox 616 2478 881 2544; x_wconf 88' lang='lat' dir='ltr'><strong>scribere.</strong></span> <span class='ocrx_word' id='word_1_163' title='bbox 912 2479 1065 2548; x_wconf 87' lang='lat' dir='ltr'><strong>prius</strong></span> <span class='ocrx_word' id='word_1_164' title='bbox 1081 2494 1244 2549; x_wconf 88' lang='lat' dir='ltr'><strong>quam</strong></span> <span class='ocrx_word' id='word_1_165' title='bbox 1275 2479 1331 2534; x_wconf 92' lang='lat' dir='ltr'><strong>in</strong></span> <span class='ocrx_word' id='word_1_166' title='bbox 1354 2478 1671 2534; x_wconf 77' lang='lat' dir='ltr'><strong>Armeniam</strong></span> <span class='ocrx_word' id='word_1_167' title='bbox 1697 2494 1971 2551; x_wconf 85' lang='lat' dir='ltr'><strong>magnam,</strong></span> 
     </span>
    </p>
   </div>
   <div class='ocr_carea' id='block_1_28' title="bbox 380 2570 1973 2644">
    <p class='ocr_par' dir='ltr' id='par_1_28' title="bbox 380 2570 1973 2644">
     <span class='ocr_line' id='line_1_28' title="bbox 380 2570 1973 2644; baseline 0.001 -19"><span class='ocrx_word' id='word_1_168' title='bbox 380 2571 494 2628; x_wconf 89' lang='lat' dir='ltr'><strong>imo</strong></span> <span class='ocrx_word' id='word_1_169' title='bbox 540 2578 597 2626; x_wconf 91' lang='lat' dir='ltr'><strong>et</strong></span> <span class='ocrx_word' id='word_1_170' title='bbox 654 2570 711 2627; x_wconf 91' lang='lat' dir='ltr'><strong>in</strong></span> <span class='ocrx_word' id='word_1_171' title='bbox 770 2570 1017 2642; x_wconf 88' lang='lat' dir='ltr'><strong>reliquas</strong></span> <span class='ocrx_word' id='word_1_172' title='bbox 1045 2572 1193 2628; x_wconf 84' lang='lat' dir='ltr'><strong>orbis</strong></span> <span class='ocrx_word' id='word_1_173' title='bbox 1250 2580 1433 2644; x_wconf 87' lang='lat' dir='ltr'><strong>partes</strong></span> <span class='ocrx_word' id='word_1_174' title='bbox 1459 2571 1680 2627; x_wconf 90' lang='lat' dir='ltr'><strong>nuntios</strong></span> <span class='ocrx_word' id='word_1_175' title='bbox 1702 2572 1973 2639; x_wconf 81' lang='lat' dir='ltr'><strong>miserim,</strong></span> 
     </span>
    </p>
   </div>
   <div class='ocr_carea' id='block_1_29' title="bbox 381 2652 1976 2737">
    <p class='ocr_par' dir='ltr' id='par_1_29' title="bbox 381 2652 1976 2737">
     <span class='ocr_line' id='line_1_29' title="bbox 381 2652 1976 2737; baseline -0.001 -17"><span class='ocrx_word' id='word_1_176' title='bbox 381 2671 720 2734; x_wconf 74' lang='lat' dir='ltr'><strong>cunctusque</strong></span> <span class='ocrx_word' id='word_1_177' title='bbox 777 2652 1161 2721; x_wconf 63' lang='lat' dir='ltr'><strong>Armeniorum</strong></span> <span class='ocrx_word' id='word_1_178' title='bbox 1201 2664 1475 2736; x_wconf 80' lang='lat' dir='ltr'><strong>sapientes</strong></span> <span class='ocrx_word' id='word_1_179' title='bbox 1507 2665 1976 2737; x_wconf 87' lang='lat' dir='ltr'><strong>congregaverim,</strong></span> 
     </span>
    </p>
   </div>
   <div class='ocr_carea' id='block_1_30' title="bbox 381 2758 1977 2830">
    <p class='ocr_par' dir='ltr' id='par_1_30' title="bbox 381 2758 1977 2830">
     <span class='ocr_line' id='line_1_30' title="bbox 381 2758 1977 2830; baseline 0.003 -21"><span class='ocrx_word' id='word_1_180' title='bbox 381 2772 681 2830; x_wconf 69' lang='lat' dir='ltr'><strong>coramque</strong></span> <span class='ocrx_word' id='word_1_181' title='bbox 724 2758 859 2828; x_wconf 87' lang='lat' dir='ltr'><strong>ipsis</strong></span> <span class='ocrx_word' id='word_1_182' title='bbox 888 2767 1127 2814; x_wconf 83' lang='lat' dir='ltr'><strong>vestram</strong></span> <span class='ocrx_word' id='word_1_183' title='bbox 1180 2758 1424 2815; x_wconf 85' lang='lat' dir='ltr'><strong>hanc-de</strong></span> <span class='ocrx_word' id='word_1_184' title='bbox 1458 2758 1564 2816; x_wconf 89' lang='lat' dir='ltr'><strong>ﬁde</strong></span> <span class='ocrx_word' id='word_1_185' title='bbox 1605 2768 1661 2815; x_wconf 92' lang='lat' dir='ltr'><strong>et</strong></span> <span class='ocrx_word' id='word_1_186' title='bbox 1689 2758 1977 2830; x_wconf 88' lang='lat' dir='ltr'><strong>disciplina</strong></span> 
     </span>
    </p>
   </div>
   <div class='ocr_carea' id='block_1_31' title="bbox 382 2848 1978 2921">
    <p class='ocr_par' dir='ltr' id='par_1_31' title="bbox 382 2848 1978 2921">
     <span class='ocr_line' id='line_1_31' title="bbox 382 2848 1978 2921; baseline 0.001 -17"><span class='ocrx_word' id='word_1_187' title='bbox 382 2848 644 2905; x_wconf 70' lang='lat' dir='ltr'><strong>Ecclesiae</strong></span> <span class='ocrx_word' id='word_1_188' title='bbox 670 2848 1026 2919; x_wconf 82' lang='lat' dir='ltr'><strong>quaestionem</strong></span> <span class='ocrx_word' id='word_1_189' title='bbox 1055 2850 1398 2920; x_wconf 80' lang='lat' dir='ltr'><strong>exposuerim</strong></span> <span class='ocrx_word' id='word_1_190' title='bbox 1434 2867 1450 2906; x_wconf 91' lang='lat'><strong>:</strong></span> <span class='ocrx_word' id='word_1_191' title='bbox 1481 2850 1625 2921; x_wconf 91' lang='lat' dir='ltr'><strong>quod</strong></span> <span class='ocrx_word' id='word_1_192' title='bbox 1673 2865 1797 2907; x_wconf 91' lang='lat' dir='ltr'><strong>cum</strong></span> <span class='ocrx_word' id='word_1_193' title='bbox 1862 2850 1978 2919; x_wconf 88' lang='lat' dir='ltr'><strong>ﬁet,</strong></span> 
     </span>
    </p>
   </div>
   <div class='ocr_carea' id='block_1_32' title="bbox 385 2941 1978 3028">
    <p class='ocr_par' dir='ltr' id='par_1_32' title="bbox 385 2941 1978 3028">
     <span class='ocr_line' id='line_1_32' title="bbox 385 2941 1978 3028; baseline 0.002 -31"><span class='ocrx_word' id='word_1_194' title='bbox 385 2941 640 3012; x_wconf 81' lang='lat' dir='ltr'><strong>equidem</strong></span> <span class='ocrx_word' id='word_1_195' title='bbox 687 2958 879 3028; x_wconf 72' lang='lat' dir='ltr'><strong>omnes</strong></span> <span class='ocrx_word' id='word_1_196' title='bbox 893 2958 1044 2999; x_wconf 91' lang='lat' dir='ltr'><strong>meos</strong></span> <span class='ocrx_word' id='word_1_197' title='bbox 1060 2953 1311 3011; x_wconf 87' lang='lat' dir='ltr'><strong>conatus,</strong></span> <span class='ocrx_word' id='word_1_198' title='bbox 1330 2944 1594 3013; x_wconf 85' lang='lat' dir='ltr'><strong>studium,</strong></span> <span class='ocrx_word' id='word_1_199' title='bbox 1617 2944 1978 3012; x_wconf 74' lang='lat' dir='ltr'><strong>voluntatem,</strong></span> 
     </span>
    </p>
   </div>
   <div class='ocr_carea' id='block_1_33' title="bbox 384 3035 1977 3111">
    <p class='ocr_par' dir='ltr' id='par_1_33' title="bbox 384 3035 1977 3111">
     <span class='ocr_line' id='line_1_33' title="bbox 384 3035 1977 3111; baseline 0.002 -21"><span class='ocrx_word' id='word_1_200' title='bbox 384 3050 631 3105; x_wconf 87' lang='lat' dir='ltr'><strong>operam,</strong></span> <span class='ocrx_word' id='word_1_201' title='bbox 670 3035 1159 3103; x_wconf 78' lang='lat' dir='ltr'><strong>‘adliortationem,</strong></span> <span class='ocrx_word' id='word_1_202' title='bbox 1218 3039 1328 3094; x_wconf 84' lang='lat' dir='ltr'><strong>vim</strong></span> <span class='ocrx_word' id='word_1_203' title='bbox 1356 3039 1590 3111; x_wconf 81' lang='lat' dir='ltr'><strong>exempli</strong></span> <span class='ocrx_word' id='word_1_204' title='bbox 1662 3039 1863 3111; x_wconf 90' lang='lat' dir='ltr'><strong>ipsam,</strong></span> <span class='ocrx_word' id='word_1_205' title='bbox 1920 3038 1977 3094; x_wconf 87' lang='lat' dir='ltr'><strong>in</strong></span> 
     </span>
    </p>
   </div>
   <div class='ocr_carea' id='block_1_34' title="bbox 2060 516 3659 595">
    <p class='ocr_par' dir='ltr' id='par_1_34' title="bbox 2060 516 3659 595">
     <span class='ocr_line' id='line_1_34' title="bbox 2060 516 3659 595; baseline -0.004 -18"><span class='ocrx_word' id='word_1_206' title='bbox 2060 523 2376 594; x_wconf 77' lang='grc' dir='ltr'><strong>νομίζοντες</strong></span> <span class='ocrx_word' id='word_1_207' title='bbox 2412 526 2560 595; x_wconf 78' lang='grc' dir='ltr'><strong>ἡμᾶς</strong></span> <span class='ocrx_word' id='word_1_208' title='bbox 2595 526 2907 595; x_wconf 73' lang='grc' dir='ltr'><strong>ὁμόφρονας</strong></span> <span class='ocrx_word' id='word_1_209' title='bbox 2939 517 3082 577; x_wconf 74' lang='grc' dir='ltr'><strong>εἶναι</strong></span> <span class='ocrx_word' id='word_1_210' title='bbox 3110 518 3208 575; x_wconf 84' lang='grc' dir='ltr'><strong>τοῦ</strong></span> <span class='ocrx_word' id='word_1_211' title='bbox 3245 516 3520 590; x_wconf 77' lang='grc' dir='ltr'><strong>Εὑτυχοῦς</strong></span> <span class='ocrx_word' id='word_1_212' title='bbox 3558 517 3659 571; x_wconf 78' lang='grc' dir='ltr'><strong>καὶ</strong></span> 
     </span>
    </p>
   </div>
   <div class='ocr_carea' id='block_1_35' title="bbox 2059 608 3653 688">
    <p class='ocr_par' dir='ltr' id='par_1_35' title="bbox 2059 608 3653 688">
     <span class='ocr_line' id='line_1_35' title="bbox 2059 608 3653 688; baseline -0.006 -18"><span class='ocrx_word' id='word_1_213' title='bbox 2059 616 2170 672; x_wconf 83' lang='grc' dir='ltr'><strong>τῶν</strong></span> <span class='ocrx_word' id='word_1_214' title='bbox 2216 612 2551 688; x_wconf 69' lang='grc' dir='ltr'><strong>μετάῦτοῦ,</strong></span> <span class='ocrx_word' id='word_1_215' title='bbox 2594 617 2706 672; x_wconf 84' lang='grc' dir='ltr'><strong>τῶν</strong></span> <span class='ocrx_word' id='word_1_216' title='bbox 2744 616 3017 685; x_wconf 81' lang='grc' dir='ltr'><strong>λεγόντων</strong></span> <span class='ocrx_word' id='word_1_217' title='bbox 3064 612 3194 683; x_wconf 87' lang='grc' dir='ltr'><strong>μίαν</strong></span> <span class='ocrx_word' id='word_1_218' title='bbox 3235 608 3399 681; x_wconf 78' lang='grc' dir='ltr'><strong>φύσιν</strong></span> <span class='ocrx_word' id='word_1_219' title='bbox 3443 609 3653 674; x_wconf 80' lang='grc' dir='ltr'><strong>κακῶς.</strong></span> 
     </span>
    </p>
   </div>
   <div class='ocr_carea' id='block_1_36' title="bbox 2062 703 3660 783">
    <p class='ocr_par' dir='ltr' id='par_1_36' title="bbox 2062 703 3660 783">
     <span class='ocr_line' id='line_1_36' title="bbox 2062 703 3660 783; baseline -0.008 -17"><span class='ocrx_word' id='word_1_220' title='bbox 2062 711 2210 782; x_wconf 70' lang='grc' dir='ltr'><strong>Πλὴν</strong></span> <span class='ocrx_word' id='word_1_221' title='bbox 2238 713 2304 766; x_wconf 68' lang='grc' dir='ltr'><strong>ἐκ</strong></span> <span class='ocrx_word' id='word_1_222' title='bbox 2330 712 2431 783; x_wconf 81' lang='grc' dir='ltr'><strong>τῆς</strong></span> <span class='ocrx_word' id='word_1_223' title='bbox 2461 711 2691 783; x_wconf 72' lang='grc' dir='ltr'><strong>ἐρεύνης</strong></span> <span class='ocrx_word' id='word_1_224' title='bbox 2720 710 2930 781; x_wconf 80' lang='grc' dir='ltr'><strong>ταύτης</strong></span> <span class='ocrx_word' id='word_1_225' title='bbox 2993 703 3292 777; x_wconf 73' lang='grc' dir='ltr'><strong>ἐγυμνώθη</strong></span> <span class='ocrx_word' id='word_1_226' title='bbox 3321 703 3421 757; x_wconf 77' lang='grc' dir='ltr'><strong>καὶ</strong></span> <span class='ocrx_word' id='word_1_227' title='bbox 3449 704 3660 755; x_wconf 80' lang='grc' dir='ltr'><strong>ἀπεκα-</strong></span> 
     </span>
    </p>
   </div>
   <div class='ocr_carea' id='block_1_37' title="bbox 2059 792 3659 877">
    <p class='ocr_par' dir='ltr' id='par_1_37' title="bbox 2059 792 3659 877">
     <span class='ocr_line' id='line_1_37' title="bbox 2059 792 3659 877; baseline -0.009 -17"><span class='ocrx_word' id='word_1_228' title='bbox 2059 804 2241 877; x_wconf 74' lang='grc' dir='ltr'><strong>λύφθη</strong></span> <span class='ocrx_word' id='word_1_229' title='bbox 2266 807 2299 873; x_wconf 83' lang='grc' dir='ltr'>ἠ</span> <span class='ocrx_word' id='word_1_230' title='bbox 2324 805 2511 874; x_wconf 79' lang='grc' dir='ltr'><strong>ἀπάτη</strong></span> <span class='ocrx_word' id='word_1_231' title='bbox 2536 804 2634 873; x_wconf 80' lang='grc' dir='ltr'><strong>τῆς</strong></span> <span class='ocrx_word' id='word_1_232' title='bbox 2661 801 3020 874; x_wconf 76' lang='grc' dir='ltr'><strong>ψευδολογίας</strong></span> <span class='ocrx_word' id='word_1_233' title='bbox 3050 798 3355 870; x_wconf 70' lang='grc' dir='ltr'><strong>ἑκατέρων,</strong></span> <span class='ocrx_word' id='word_1_234' title='bbox 3382 796 3479 849; x_wconf 73' lang='grc' dir='ltr'><strong>καὶ</strong></span> <span class='ocrx_word' id='word_1_235' title='bbox 3505 792 3659 847; x_wconf 47' lang='lat' dir='ltr'><strong>taxa.</strong></span> 
     </span>
    </p>
   </div>
   <div class='ocr_carea' id='block_1_38' title="bbox 2061 884 3659 971">
    <p class='ocr_par' dir='ltr' id='par_1_38' title="bbox 2061 884 3659 971">
     <span class='ocr_line' id='line_1_38' title="bbox 2061 884 3659 971; baseline -0.008 -20"><span class='ocrx_word' id='word_1_236' title='bbox 2061 898 2195 971; x_wconf 82' lang='grc' dir='ltr'><strong>χθη,</strong></span> <span class='ocrx_word' id='word_1_237' title='bbox 2229 899 2326 952; x_wconf 78' lang='grc' dir='ltr'><strong>καὶ</strong></span> <span class='ocrx_word' id='word_1_238' title='bbox 2358 896 2570 968; x_wconf 69' lang='grc' dir='ltr'><strong>φανερὰ</strong></span> <span class='ocrx_word' id='word_1_239' title='bbox 2601 897 2827 966; x_wconf 81' lang='grc' dir='ltr'><strong>γέγονεν</strong></span> <span class='ocrx_word' id='word_1_240' title='bbox 2857 896 2890 967; x_wconf 80' lang='grc' dir='ltr'>ἡ</span> <span class='ocrx_word' id='word_1_241' title='bbox 2922 892 3189 963; x_wconf 84' lang='grc' dir='ltr'><strong>ἀλήθεια,</strong></span> <span class='ocrx_word' id='word_1_242' title='bbox 3220 889 3318 944; x_wconf 76' lang='grc' dir='ltr'><strong>καὶ</strong></span> <span class='ocrx_word' id='word_1_243' title='bbox 3346 884 3659 957; x_wconf 82' lang='grc' dir='ltr'><strong>ὲστερεώθη</strong></span> 
     </span>
    </p>
   </div>
   <div class='ocr_carea' id='block_1_39' title="bbox 2060 978 3662 1064">
    <p class='ocr_par' dir='ltr' id='par_1_39' title="bbox 2060 978 3662 1064">
     <span class='ocr_line' id='line_1_39' title="bbox 2060 978 3662 1064; baseline -0.011 -17"><span class='ocrx_word' id='word_1_244' title='bbox 2060 994 2145 1047; x_wconf 78' lang='grc' dir='ltr'><strong>ὅτι</strong></span> <span class='ocrx_word' id='word_1_245' title='bbox 2182 992 2407 1064; x_wconf 75' lang='grc' dir='ltr'><strong>μακρὰν</strong></span> <span class='ocrx_word' id='word_1_246' title='bbox 2437 989 2530 1059; x_wconf 74' lang='grc' dir='ltr'><strong>ἀφ’</strong></span> <span class='ocrx_word' id='word_1_247' title='bbox 2554 989 2710 1059; x_wconf 79' lang='grc' dir='ltr'><strong>ὑμῶν</strong></span> <span class='ocrx_word' id='word_1_248' title='bbox 2741 989 2889 1041; x_wconf 77' lang='grc' dir='ltr'><strong>ἐστιν</strong></span> <span class='ocrx_word' id='word_1_249' title='bbox 2918 988 2952 1058; x_wconf 82' lang='grc' dir='ltr'>ὴ</span> <span class='ocrx_word' id='word_1_250' title='bbox 2984 984 3079 1039; x_wconf 88' lang='grc' dir='ltr'><strong>τοῦ</strong></span> <span class='ocrx_word' id='word_1_251' title='bbox 3114 982 3419 1053; x_wconf 82' lang='grc' dir='ltr'><strong>Νεστορίου</strong></span> <span class='ocrx_word' id='word_1_252' title='bbox 3451 978 3662 1043; x_wconf 76' lang='grc' dir='ltr'><strong>διαίρε-</strong></span> 
     </span>
    </p>
   </div>
   <div class='ocr_carea' id='block_1_40' title="bbox 2064 1068 3665 1153">
    <p class='ocr_par' dir='ltr' id='par_1_40' title="bbox 2064 1068 3665 1153">
     <span class='ocr_line' id='line_1_40' title="bbox 2064 1068 3665 1153; baseline -0.01 -14"><span class='ocrx_word' id='word_1_253' title='bbox 2064 1102 2170 1151; x_wconf 85' lang='grc' dir='ltr'><strong>σις,</strong></span> <span class='ocrx_word' id='word_1_254' title='bbox 2217 1083 2314 1139; x_wconf 71' lang='grc' dir='ltr'><strong>καὶ</strong></span> <span class='ocrx_word' id='word_1_255' title='bbox 2354 1083 2447 1152; x_wconf 82' lang='grc' dir='ltr'><strong>ἀφ’</strong></span> <span class='ocrx_word' id='word_1_256' title='bbox 2481 1080 2642 1153; x_wconf 75' lang='grc' dir='ltr'><strong>ἡμῶν</strong></span> <span class='ocrx_word' id='word_1_257' title='bbox 2687 1082 2715 1153; x_wconf 71' lang='grc' dir='ltr'>ἡ</span> <span class='ocrx_word' id='word_1_258' title='bbox 2754 1079 2858 1134; x_wconf 82' lang='grc' dir='ltr'><strong>τοῦ</strong></span> <span class='ocrx_word' id='word_1_259' title='bbox 2907 1076 3189 1149; x_wconf 77' lang='grc' dir='ltr'><strong>Εὐτυχοῦς</strong></span> <span class='ocrx_word' id='word_1_260' title='bbox 3230 1075 3522 1144; x_wconf 80' lang='grc' dir='ltr'><strong>σύγχυσις,</strong></span> <span class='ocrx_word' id='word_1_261' title='bbox 3567 1068 3665 1124; x_wconf 73' lang='grc' dir='ltr'><strong>καὶ</strong></span> 
     </span>
    </p>
   </div>
   <div class='ocr_carea' id='block_1_41' title="bbox 2065 1163 3667 1250">
    <p class='ocr_par' dir='ltr' id='par_1_41' title="bbox 2065 1163 3667 1250">
     <span class='ocr_line' id='line_1_41' title="bbox 2065 1163 3667 1250; baseline -0.01 -17"><span class='ocrx_word' id='word_1_262' title='bbox 2065 1178 2297 1250; x_wconf 72' lang='grc' dir='ltr'><strong>πλησίον</strong></span> <span class='ocrx_word' id='word_1_263' title='bbox 2324 1175 2573 1247; x_wconf 76' lang='grc' dir='ltr'><strong>ἀλλήλων</strong></span> <span class='ocrx_word' id='word_1_264' title='bbox 2597 1175 2907 1245; x_wconf 74' lang='grc' dir='ltr'><strong>γεγόναμεν</strong></span> <span class='ocrx_word' id='word_1_265' title='bbox 2933 1176 3001 1244; x_wconf 82' lang='grc' dir='ltr'><strong>τῇ</strong></span> <span class='ocrx_word' id='word_1_266' title='bbox 3035 1170 3297 1243; x_wconf 75' lang='grc' dir='ltr'><strong>ὀρθότητι</strong></span> <span class='ocrx_word' id='word_1_267' title='bbox 3320 1169 3429 1222; x_wconf 83' lang='grc' dir='ltr'><strong>τῶν</strong></span> <span class='ocrx_word' id='word_1_268' title='bbox 3453 1163 3667 1235; x_wconf 85' lang='grc' dir='ltr'><strong>δογμά-</strong></span> 
     </span>
    </p>
   </div>
   <div class='ocr_carea' id='block_1_42' title="bbox 2064 1261 3666 1344">
    <p class='ocr_par' dir='ltr' id='par_1_42' title="bbox 2064 1261 3666 1344">
     <span class='ocr_line' id='line_1_42' title="bbox 2064 1261 3666 1344; baseline -0.01 -15"><span class='ocrx_word' id='word_1_269' title='bbox 2064 1292 2173 1329; x_wconf 86' lang='grc' dir='ltr'><strong>των</strong></span> <span class='ocrx_word' id='word_1_270' title='bbox 2192 1268 2217 1339; x_wconf 63' lang='grc'><strong>,’</strong></span> <span class='ocrx_word' id='word_1_271' title='bbox 2240 1272 2427 1344; x_wconf 87' lang='grc' dir='ltr'><strong>χάριτι</strong></span> <span class='ocrx_word' id='word_1_272' title='bbox 2453 1269 2549 1325; x_wconf 90' lang='grc' dir='ltr'><strong>τοῦ</strong></span> <span class='ocrx_word' id='word_1_273' title='bbox 2581 1268 2740 1324; x_wconf 86' lang='grc' dir='ltr'><strong>Θεοῦ.</strong></span> <span class='ocrx_word' id='word_1_274' title='bbox 2773 1268 2994 1338; x_wconf 79' lang='grc' dir='ltr'><strong>Ἐπειδὴ</strong></span> <span class='ocrx_word' id='word_1_275' title='bbox 3025 1265 3083 1321; x_wconf 80' lang='grc' dir='ltr'><strong>δι</strong></span> <span class='ocrx_word' id='word_1_276' title='bbox 3113 1269 3143 1320; x_wconf 86' lang='grc' dir='ltr'><strong>ό</strong></span> <span class='ocrx_word' id='word_1_277' title='bbox 3176 1264 3367 1337; x_wconf 81' lang='grc' dir='ltr'><strong>θρόνος</strong></span> <span class='ocrx_word' id='word_1_278' title='bbox 3394 1261 3495 1334; x_wconf 85' lang='grc' dir='ltr'><strong>τῆς</strong></span> <span class='ocrx_word' id='word_1_279' title='bbox 3524 1261 3666 1330; x_wconf 81' lang='grc' dir='ltr'><strong>ὑμε-</strong></span> 
     </span>
    </p>
   </div>
   <div class='ocr_carea' id='block_1_43' title="bbox 2065 1352 3668 1439">
    <p class='ocr_par' dir='ltr' id='par_1_43' title="bbox 2065 1352 3668 1439">
     <span class='ocr_line' id='line_1_43' title="bbox 2065 1352 3668 1439; baseline -0.011 -17"><span class='ocrx_word' id='word_1_280' title='bbox 2065 1368 2232 1439; x_wconf 79' lang='grc' dir='ltr'><strong>τέρας</strong></span> <span class='ocrx_word' id='word_1_281' title='bbox 2264 1364 2579 1435; x_wconf 82' lang='grc' dir='ltr'><strong>βασιλείας,</strong></span> <span class='ocrx_word' id='word_1_282' title='bbox 2613 1363 2708 1433; x_wconf 79' lang='grc' dir='ltr'><strong>ἀφ’</strong></span> <span class='ocrx_word' id='word_1_283' title='bbox 2732 1355 2796 1417; x_wconf 69' lang='grc' dir='ltr'><strong>οὗ</strong></span> <span class='ocrx_word' id='word_1_284' title='bbox 2823 1362 2858 1434; x_wconf 76' lang='grc' dir='ltr'><strong>ἡ</strong></span> <span class='ocrx_word' id='word_1_285' title='bbox 2889 1362 2990 1433; x_wconf 86' lang='grc' dir='ltr'><strong>τῆς</strong></span> <span class='ocrx_word' id='word_1_286' title='bbox 3019 1356 3438 1432; x_wconf 71' lang='grc' dir='ltr'><strong>ἀρχιερωσύνης</strong></span> <span class='ocrx_word' id='word_1_287' title='bbox 3468 1352 3668 1408; x_wconf 81' lang='grc' dir='ltr'><strong>αὐθενο</strong></span> 
     </span>
    </p>
   </div>
   <div class='ocr_carea' id='block_1_44' title="bbox 2065 1444 3671 1533">
    <p class='ocr_par' dir='ltr' id='par_1_44' title="bbox 2065 1444 3671 1533">
     <span class='ocr_line' id='line_1_44' title="bbox 2065 1444 3671 1533; baseline -0.012 -16"><span class='ocrx_word' id='word_1_288' title='bbox 2065 1462 2156 1517; x_wconf 88' lang='grc' dir='ltr'><strong>τία</strong></span> <span class='ocrx_word' id='word_1_289' title='bbox 2186 1460 2543 1533; x_wconf 73' lang='grc' dir='ltr'><strong>κρατύνεται,</strong></span> <span class='ocrx_word' id='word_1_290' title='bbox 2571 1458 2859 1530; x_wconf 79' lang='grc' dir='ltr'><strong>ἀφῄρηται</strong></span> <span class='ocrx_word' id='word_1_291' title='bbox 2885 1455 2996 1510; x_wconf 81' lang='grc' dir='ltr'><strong>ἀπὸ</strong></span> <span class='ocrx_word' id='word_1_292' title='bbox 3021 1452 3116 1507; x_wconf 88' lang='grc' dir='ltr'><strong>τοῦ</strong></span> <span class='ocrx_word' id='word_1_293' title='bbox 3148 1452 3341 1521; x_wconf 77' lang='grc' dir='ltr'><strong>γένους</strong></span> <span class='ocrx_word' id='word_1_294' title='bbox 3372 1447 3530 1521; x_wconf 79' lang='grc' dir='ltr'><strong>ἡμῶν</strong></span> <span class='ocrx_word' id='word_1_295' title='bbox 3560 1444 3671 1500; x_wconf 75' lang='grc' dir='ltr'><strong>ἀπὸ</strong></span> 
     </span>
    </p>
   </div>
   <div class='ocr_carea' id='block_1_45' title="bbox 2068 1538 3668 1625">
    <p class='ocr_par' dir='ltr' id='par_1_45' title="bbox 2068 1538 3668 1625">
     <span class='ocr_line' id='line_1_45' title="bbox 2068 1538 3668 1625; baseline -0.013 -16"><span class='ocrx_word' id='word_1_296' title='bbox 2068 1556 2168 1625; x_wconf 81' lang='grc' dir='ltr'><strong>τῆς</strong></span> <span class='ocrx_word' id='word_1_297' title='bbox 2195 1552 2511 1625; x_wconf 79' lang='grc' dir='ltr'><strong>τυραννίδος</strong></span> <span class='ocrx_word' id='word_1_298' title='bbox 2540 1552 2653 1606; x_wconf 80' lang='grc' dir='ltr'><strong>τῶν</strong></span> <span class='ocrx_word' id='word_1_299' title='bbox 2683 1546 3002 1619; x_wconf 82' lang='grc' dir='ltr'><strong>ἀλλοφύλων</strong></span> <span class='ocrx_word' id='word_1_300' title='bbox 3020 1589 3036 1616; x_wconf 92' lang='grc'><strong>,</strong></span> <span class='ocrx_word' id='word_1_301' title='bbox 3062 1545 3156 1601; x_wconf 87' lang='grc' dir='ltr'><strong>διά</strong></span> <span class='ocrx_word' id='word_1_302' title='bbox 3180 1543 3342 1599; x_wconf 83' lang='grc' dir='ltr'><strong>τοῦτο</strong></span> <span class='ocrx_word' id='word_1_303' title='bbox 3371 1543 3467 1596; x_wconf 75' lang='grc' dir='ltr'><strong>καὶ</strong></span> <span class='ocrx_word' id='word_1_304' title='bbox 3496 1541 3530 1610; x_wconf 78' lang='grc' dir='ltr'><strong>ἡ</strong></span> <span class='ocrx_word' id='word_1_305' title='bbox 3563 1538 3668 1609; x_wconf 59' lang='grc' dir='ltr'><strong>ἀρ-</strong></span> 
     </span>
    </p>
   </div>
   <div class='ocr_carea' id='block_1_46' title="bbox 2069 1631 3669 1720">
    <p class='ocr_par' dir='ltr' id='par_1_46' title="bbox 2069 1631 3669 1720">
     <span class='ocr_line' id='line_1_46' title="bbox 2069 1631 3669 1720; baseline -0.004 -19"><span class='ocrx_word' id='word_1_306' title='bbox 2069 1646 2380 1720; x_wconf 78' lang='grc' dir='ltr'><strong>χιερωσύνη</strong></span> <span class='ocrx_word' id='word_1_307' title='bbox 2423 1645 2585 1718; x_wconf 78' lang='grc' dir='ltr'><strong>ἡμῶν</strong></span> <span class='ocrx_word' id='word_1_308' title='bbox 2629 1643 2863 1715; x_wconf 71' lang='grc' dir='ltr'><strong>ἐδιώχθη</strong></span> <span class='ocrx_word' id='word_1_309' title='bbox 2905 1641 3018 1699; x_wconf 76' lang='grc' dir='ltr'><strong>ἀπὸ</strong></span> <span class='ocrx_word' id='word_1_310' title='bbox 3058 1640 3159 1711; x_wconf 79' lang='grc' dir='ltr'><strong>τῆς</strong></span> <span class='ocrx_word' id='word_1_311' title='bbox 3200 1637 3438 1711; x_wconf 84' lang='grc' dir='ltr'><strong>πατρίου</strong></span> <span class='ocrx_word' id='word_1_312' title='bbox 3482 1631 3669 1704; x_wconf 82' lang='grc' dir='ltr'><strong>χώρας</strong></span> 
     </span>
    </p>
   </div>
   <div class='ocr_carea' id='block_1_47' title="bbox 2072 1724 3673 1812">
    <p class='ocr_par' dir='ltr' id='par_1_47' title="bbox 2072 1724 3673 1812">
     <span class='ocr_line' id='line_1_47' title="bbox 2072 1724 3673 1812; baseline -0.012 -16"><span class='ocrx_word' id='word_1_313' title='bbox 2072 1742 2167 1796; x_wconf 63' lang='grc' dir='ltr'><strong>καῖ.</strong></span> <span class='ocrx_word' id='word_1_314' title='bbox 2194 1741 2290 1794; x_wconf 86' lang='grc' dir='ltr'><strong>τοῦ</strong></span> <span class='ocrx_word' id='word_1_315' title='bbox 2321 1740 2536 1812; x_wconf 84' lang='grc' dir='ltr'><strong>θρόνου,</strong></span> <span class='ocrx_word' id='word_1_316' title='bbox 2567 1738 2663 1793; x_wconf 80' lang='grc' dir='ltr'><strong>καὶ</strong></span> <span class='ocrx_word' id='word_1_317' title='bbox 2692 1740 2774 1801; x_wconf 82' lang='grc' dir='ltr'><strong>εἱς</strong></span> <span class='ocrx_word' id='word_1_318' title='bbox 2804 1735 3099 1805; x_wconf 86' lang='grc' dir='ltr'><strong>ἀλλοτρίαν</strong></span> <span class='ocrx_word' id='word_1_319' title='bbox 3126 1730 3315 1804; x_wconf 80' lang='grc' dir='ltr'><strong>χώραν</strong></span> <span class='ocrx_word' id='word_1_320' title='bbox 3345 1724 3673 1788; x_wconf 78' lang='grc' dir='ltr'><strong>κλυδωνίζεο</strong></span> 
     </span>
    </p>
   </div>
   <div class='ocr_carea' id='block_1_48' title="bbox 2070 1819 3673 1907">
    <p class='ocr_par' dir='ltr' id='par_1_48' title="bbox 2070 1819 3673 1907">
     <span class='ocr_line' id='line_1_48' title="bbox 2070 1819 3673 1907; baseline -0.012 -16"><span class='ocrx_word' id='word_1_321' title='bbox 2070 1854 2160 1901; x_wconf 85' lang='grc' dir='ltr'><strong>ται</strong></span> <span class='ocrx_word' id='word_1_322' title='bbox 2210 1833 2573 1907; x_wconf 78' lang='grc' dir='ltr'><strong>παροικοῦσα.</strong></span> <span class='ocrx_word' id='word_1_323' title='bbox 2615 1831 2709 1898; x_wconf 79' lang='grc' dir='ltr'><strong>Ἐξ</strong></span> <span class='ocrx_word' id='word_1_324' title='bbox 2750 1825 2820 1904; x_wconf 77' lang='grc' dir='ltr'><strong>ἧς</strong></span> <span class='ocrx_word' id='word_1_325' title='bbox 2866 1830 3048 1893; x_wconf 69' lang='grc' dir='ltr'><strong>αἰτίας</strong></span> <span class='ocrx_word' id='word_1_326' title='bbox 3094 1828 3198 1881; x_wconf 82' lang='grc' dir='ltr'><strong>οὐκ</strong></span> <span class='ocrx_word' id='word_1_327' title='bbox 3249 1823 3450 1895; x_wconf 72' lang='grc' dir='ltr'><strong>ἔχομεν</strong></span> <span class='ocrx_word' id='word_1_328' title='bbox 3501 1819 3673 1888; x_wconf 63' lang='grc' dir='ltr'><strong>ἔγγὺς</strong></span> 
     </span>
    </p>
   </div>
   <div class='ocr_carea' id='block_1_49' title="bbox 2073 1911 3673 2003">
    <p class='ocr_par' dir='ltr' id='par_1_49' title="bbox 2073 1911 3673 2003">
     <span class='ocr_line' id='line_1_49' title="bbox 2073 1911 3673 2003; baseline -0.025 1"><span class='ocrx_word' id='word_1_329' title='bbox 2073 1931 2211 2003; x_wconf 71' lang='grc' dir='ltr'>πρδς</span> <span class='ocrx_word' id='word_1_330' title='bbox 2245 1929 2307 1983; x_wconf 73' lang='grc' dir='ltr'><strong>τὸ</strong></span> <span class='ocrx_word' id='word_1_331' title='bbox 2341 1928 2517 2002; x_wconf 72' lang='grc' dir='ltr'><strong>παρὸν</strong></span> <span class='ocrx_word' id='word_1_332' title='bbox 2547 1928 2676 1992; x_wconf 76' lang='grc' dir='ltr'><strong>τοὺς</strong></span> <span class='ocrx_word' id='word_1_333' title='bbox 2712 1926 2996 1998; x_wconf 76' lang='grc' dir='ltr'><strong>ἀρχιερεῖς</strong></span> <span class='ocrx_word' id='word_1_334' title='bbox 3033 1924 3133 1976; x_wconf 72' lang='grc' dir='ltr'><strong>καὶ</strong></span> <span class='ocrx_word' id='word_1_335' title='bbox 3167 1916 3529 1978; x_wconf 81' lang='grc' dir='ltr'><strong>διδασκάλους</strong></span> <span class='ocrx_word' id='word_1_336' title='bbox 3560 1911 3673 1967; x_wconf 86' lang='grc' dir='ltr'><strong>τῶν</strong></span> 
     </span>
    </p>
   </div>
   <div class='ocr_carea' id='block_1_50' title="bbox 2085 2005 3674 2094">
    <p class='ocr_par' dir='ltr' id='par_1_50' title="bbox 2085 2005 3674 2094">
     <span class='ocr_line' id='line_1_50' title="bbox 2085 2005 3674 2094; baseline -0.013 -17"><span class='ocrx_word' id='word_1_337' title='bbox 2085 2022 2391 2094; x_wconf 80' lang='grc' dir='ltr'><strong>’Δρμενίων</strong></span> <span class='ocrx_word' id='word_1_338' title='bbox 2413 2036 2427 2055; x_wconf 91' lang='grc'><strong>·</strong></span> <span class='ocrx_word' id='word_1_339' title='bbox 2469 2021 2568 2075; x_wconf 75' lang='grc' dir='ltr'><strong>καὶ</strong></span> <span class='ocrx_word' id='word_1_340' title='bbox 2608 2021 2782 2093; x_wconf 81' lang='grc' dir='ltr'><strong>χωρὶς</strong></span> <span class='ocrx_word' id='word_1_341' title='bbox 2816 2019 2918 2087; x_wconf 80' lang='grc' dir='ltr'><strong>τῆς</strong></span> <span class='ocrx_word' id='word_1_342' title='bbox 2956 2016 3069 2071; x_wconf 84' lang='grc' dir='ltr'><strong>τῶν</strong></span> <span class='ocrx_word' id='word_1_343' title='bbox 3109 2015 3332 2070; x_wconf 85' lang='grc' dir='ltr'><strong>πάντων</strong></span> <span class='ocrx_word' id='word_1_344' title='bbox 3369 2005 3674 2080; x_wconf 74' lang='grc' dir='ltr'><strong>συμϐολῆς,</strong></span> 
     </span>
    </p>
   </div>
   <div class='ocr_carea' id='block_1_51' title="bbox 2073 2098 3677 2173">
    <p class='ocr_par' dir='ltr' id='par_1_51' title="bbox 2073 2098 3677 2173">
     <span class='ocr_line' id='line_1_51' title="bbox 2073 2098 3677 2173; baseline -0.011 -4"><span class='ocrx_word' id='word_1_345' title='bbox 2073 2113 2397 2169; x_wconf 77' lang='grc' dir='ltr'><strong>ἀνένδεκτόν</strong></span> <span class='ocrx_word' id='word_1_346' title='bbox 2437 2113 2556 2166; x_wconf 69' lang='grc' dir='ltr'><strong>ἔστι</strong></span> <span class='ocrx_word' id='word_1_347' title='bbox 2589 2110 2807 2166; x_wconf 89' lang='grc' dir='ltr'><strong>τελείαν</strong></span> <span class='ocrx_word' id='word_1_348' title='bbox 2843 2106 3029 2162; x_wconf 85' lang='grc' dir='ltr'><strong>δοῦναι</strong></span> <span class='ocrx_word' id='word_1_349' title='bbox 3061 2101 3362 2173; x_wconf 87' lang='grc' dir='ltr'><strong>ἀπολογίαν</strong></span> <span class='ocrx_word' id='word_1_350' title='bbox 3393 2098 3473 2170; x_wconf 80' lang='grc' dir='ltr'><strong>τῷ</strong></span> <span class='ocrx_word' id='word_1_351' title='bbox 3505 2112 3677 2169; x_wconf 69' lang='grc' dir='ltr'><strong>προσ-ν</strong></span> 
     </span>
    </p>
   </div>
   <div class='ocr_carea' id='block_1_52' title="bbox 2072 2190 3679 2278">
    <p class='ocr_par' dir='ltr' id='par_1_52' title="bbox 2072 2190 3679 2278">
     <span class='ocr_line' id='line_1_52' title="bbox 2072 2190 3679 2278; baseline -0.014 -14"><span class='ocrx_word' id='word_1_352' title='bbox 2072 2209 2317 2278; x_wconf 81' lang='grc' dir='ltr'><strong>τάγματι</strong></span> <span class='ocrx_word' id='word_1_353' title='bbox 2354 2207 2452 2261; x_wconf 86' lang='grc' dir='ltr'><strong>τοῦ</strong></span> <span class='ocrx_word' id='word_1_354' title='bbox 2499 2205 2818 2278; x_wconf 78' lang='grc' dir='ltr'><strong>ζητήματος</strong></span> <span class='ocrx_word' id='word_1_355' title='bbox 2889 2200 3078 2272; x_wconf 85' lang='grc' dir='ltr'><strong>ὑμῶν,</strong></span> <span class='ocrx_word' id='word_1_356' title='bbox 3124 2199 3213 2253; x_wconf 79' lang='grc' dir='ltr'><strong>ἵνα</strong></span> <span class='ocrx_word' id='word_1_357' title='bbox 3259 2196 3337 2269; x_wconf 87' lang='grc' dir='ltr'><strong>μὴ</strong></span> <span class='ocrx_word' id='word_1_358' title='bbox 3380 2194 3504 2252; x_wconf 85' lang='grc' dir='ltr'><strong>ἀντὶ</strong></span> <span class='ocrx_word' id='word_1_359' title='bbox 3547 2190 3679 2245; x_wconf 81' lang='grc' dir='ltr'><strong>ἑνώ-</strong></span> 
     </span>
    </p>
   </div>
   <div class='ocr_carea' id='block_1_53' title="bbox 2076 2280 3691 2370">
    <p class='ocr_par' dir='ltr' id='par_1_53' title="bbox 2076 2280 3691 2370">
     <span class='ocr_line' id='line_1_53' title="bbox 2076 2280 3691 2370; baseline -0.014 -13"><span class='ocrx_word' id='word_1_360' title='bbox 2076 2319 2237 2367; x_wconf 86' lang='grc' dir='ltr'><strong>σεως,</strong></span> <span class='ocrx_word' id='word_1_361' title='bbox 2276 2300 2572 2370; x_wconf 74' lang='grc' dir='ltr'><strong>διαφόρους</strong></span> <span class='ocrx_word' id='word_1_362' title='bbox 2617 2299 2803 2362; x_wconf 80' lang='grc' dir='ltr'><strong>αίτίας</strong></span> <span class='ocrx_word' id='word_1_363' title='bbox 2850 2293 3182 2366; x_wconf 76' lang='grc' dir='ltr'><strong>παρέξωμεν</strong></span> <span class='ocrx_word' id='word_1_364' title='bbox 3227 2284 3537 2364; x_wconf 86' lang='grc' dir='ltr'><strong>χωρισμοῦ,</strong></span> <span class='ocrx_word' id='word_1_365' title='bbox 3580 2280 3691 2361; x_wconf 20' lang='grc' dir='ltr'><strong>καὶι</strong></span> 
     </span>
    </p>
   </div>
   <div class='ocr_carea' id='block_1_54' title="bbox 2077 2378 3676 2469">
    <p class='ocr_par' dir='ltr' id='par_1_54' title="bbox 2077 2378 3676 2469">
     <span class='ocr_line' id='line_1_54' title="bbox 2077 2378 3676 2469; baseline -0.011 -19"><span class='ocrx_word' id='word_1_366' title='bbox 2077 2397 2472 2469; x_wconf 82' lang='grc' dir='ltr'><strong>σεσαλευμένοι</strong></span> <span class='ocrx_word' id='word_1_367' title='bbox 2508 2396 2602 2449; x_wconf 71' lang='grc' dir='ltr'><strong>καὶ</strong></span> <span class='ocrx_word' id='word_1_368' title='bbox 2637 2393 2921 2448; x_wconf 85' lang='grc' dir='ltr'><strong>ἀλλόκοτοι</strong></span> <span class='ocrx_word' id='word_1_369' title='bbox 2954 2388 3191 2459; x_wconf 84' lang='grc' dir='ltr'><strong>γενῶσιν</strong></span> <span class='ocrx_word' id='word_1_370' title='bbox 3223 2386 3271 2439; x_wconf 76' lang='grc' dir='ltr'><strong>οἱ</strong></span> <span class='ocrx_word' id='word_1_371' title='bbox 3309 2384 3459 2453; x_wconf 86' lang='grc' dir='ltr'><strong>λόγοι</strong></span> <span class='ocrx_word' id='word_1_372' title='bbox 3492 2378 3676 2452; x_wconf 81' lang='grc' dir='ltr'><strong>ἡμῶν.</strong></span> 
     </span>
    </p>
   </div>
   <div class='ocr_carea' id='block_1_55' title="bbox 2079 2469 3681 2557">
    <p class='ocr_par' dir='ltr' id='par_1_55' title="bbox 2079 2469 3681 2557">
     <span class='ocr_line' id='line_1_55' title="bbox 2079 2469 3681 2557; baseline -0.014 -14"><span class='ocrx_word' id='word_1_373' title='bbox 2079 2491 2178 2543; x_wconf 63' lang='grc' dir='ltr'><strong>Διά</strong></span> <span class='ocrx_word' id='word_1_374' title='bbox 2211 2488 2371 2542; x_wconf 85' lang='grc' dir='ltr'><strong>τοῦτο</strong></span> <span class='ocrx_word' id='word_1_375' title='bbox 2404 2488 2507 2542; x_wconf 88' lang='grc' dir='ltr'><strong>οὐκ</strong></span> <span class='ocrx_word' id='word_1_376' title='bbox 2542 2484 2898 2557; x_wconf 75' lang='grc' dir='ltr'><strong>ἐνδεχόμενον</strong></span> <span class='ocrx_word' id='word_1_377' title='bbox 2931 2479 3112 2545; x_wconf 69' lang='grc' dir='ltr'><strong>ἔδοξεν</strong></span> <span class='ocrx_word' id='word_1_378' title='bbox 3144 2478 3279 2549; x_wconf 79' lang='grc' dir='ltr'><strong>ἡμῖν</strong></span> <span class='ocrx_word' id='word_1_379' title='bbox 3321 2471 3461 2544; x_wconf 77' lang='grc' dir='ltr'><strong>μετὰ</strong></span> <span class='ocrx_word' id='word_1_380' title='bbox 3502 2469 3681 2541; x_wconf 81' lang='grc' dir='ltr'><strong>μόνων</strong></span> 
     </span>
    </p>
   </div>
   <div class='ocr_carea' id='block_1_56' title="bbox 2077 2563 3680 2654">
    <p class='ocr_par' dir='ltr' id='par_1_56' title="bbox 2077 2563 3680 2654">
     <span class='ocr_line' id='line_1_56' title="bbox 2077 2563 3680 2654; baseline -0.015 -16"><span class='ocrx_word' id='word_1_381' title='bbox 2077 2582 2188 2638; x_wconf 82' lang='grc' dir='ltr'><strong>τῶν</strong></span> <span class='ocrx_word' id='word_1_382' title='bbox 2221 2583 2354 2654; x_wconf 83' lang='grc' dir='ltr'><strong>παρ’</strong></span> <span class='ocrx_word' id='word_1_383' title='bbox 2380 2582 2528 2651; x_wconf 78' lang='grc' dir='ltr'><strong>ἡμᾶς</strong></span> <span class='ocrx_word' id='word_1_384' title='bbox 2568 2578 2780 2651; x_wconf 79' lang='grc' dir='ltr'><strong>γράψαι</strong></span> <span class='ocrx_word' id='word_1_385' title='bbox 2820 2575 2920 2647; x_wconf 82' lang='grc' dir='ltr'><strong>τὴν</strong></span> <span class='ocrx_word' id='word_1_386' title='bbox 2956 2571 3263 2641; x_wconf 86' lang='grc' dir='ltr'><strong>ἀπολογίαν</strong></span> <span class='ocrx_word' id='word_1_387' title='bbox 3300 2567 3393 2623; x_wconf 85' lang='grc' dir='ltr'><strong>τοῦ</strong></span> <span class='ocrx_word' id='word_1_388' title='bbox 3428 2563 3680 2620; x_wconf 83' lang='grc' dir='ltr'><strong>τοιούτου</strong></span> 
     </span>
    </p>
   </div>
   <div class='ocr_carea' id='block_1_57' title="bbox 2083 2655 3683 2746">
    <p class='ocr_par' dir='ltr' id='par_1_57' title="bbox 2083 2655 3683 2746">
     <span class='ocr_line' id='line_1_57' title="bbox 2083 2655 3683 2746; baseline -0.026 0"><span class='ocrx_word' id='word_1_389' title='bbox 2083 2673 2325 2746; x_wconf 77' lang='grc' dir='ltr'><strong>μεγάλου</strong></span> <span class='ocrx_word' id='word_1_390' title='bbox 2354 2671 2691 2745; x_wconf 77' lang='grc' dir='ltr'><strong>ζητήματος.</strong></span> <span class='ocrx_word' id='word_1_391' title='bbox 2723 2669 2917 2741; x_wconf 77' lang='grc' dir='ltr'><strong>μέχρις</strong></span> <span class='ocrx_word' id='word_1_392' title='bbox 2941 2666 3011 2722; x_wconf 79' lang='grc' dir='ltr'><strong>ἂν</strong></span> <span class='ocrx_word' id='word_1_393' title='bbox 3036 2661 3451 2730; x_wconf 82' lang='grc' dir='ltr'><strong>ἀποστείλωμεν</strong></span> <span class='ocrx_word' id='word_1_394' title='bbox 3476 2657 3559 2719; x_wconf 87' lang='grc' dir='ltr'><strong>είς</strong></span> <span class='ocrx_word' id='word_1_395' title='bbox 3582 2655 3683 2719; x_wconf 70' lang='grc' dir='ltr'><strong>τὴν</strong></span> 
     </span>
    </p>
   </div>
   <div class='ocr_carea' id='block_1_58' title="bbox 2086 2750 3684 2840">
    <p class='ocr_par' dir='ltr' id='par_1_58' title="bbox 2086 2750 3684 2840">
     <span class='ocr_line' id='line_1_58' title="bbox 2086 2750 3684 2840; baseline -0.006 -19"><span class='ocrx_word' id='word_1_396' title='bbox 2086 2768 2333 2840; x_wconf 78' lang='grc' dir='ltr'><strong>μεγάλην</strong></span> <span class='ocrx_word' id='word_1_397' title='bbox 2361 2766 2660 2838; x_wconf 80' lang='grc' dir='ltr'><strong>Ἀρμενίαν</strong></span> <span class='ocrx_word' id='word_1_398' title='bbox 2679 2803 2695 2829; x_wconf 92' lang='grc'><strong>,</strong></span> <span class='ocrx_word' id='word_1_399' title='bbox 2727 2764 2824 2819; x_wconf 81' lang='grc' dir='ltr'><strong>καὶ</strong></span> <span class='ocrx_word' id='word_1_400' title='bbox 2852 2764 2933 2827; x_wconf 77' lang='grc' dir='ltr'><strong>είς</strong></span> <span class='ocrx_word' id='word_1_401' title='bbox 2961 2762 3071 2815; x_wconf 80' lang='grc' dir='ltr'><strong>πᾶν</strong></span> <span class='ocrx_word' id='word_1_402' title='bbox 3104 2758 3271 2831; x_wconf 78' lang='grc' dir='ltr'><strong>μέρος</strong></span> <span class='ocrx_word' id='word_1_403' title='bbox 3295 2750 3684 2837; x_wconf 30' lang='grc' dir='ltr'><strong>τῆςςοξκουμὲ·</strong></span> 
     </span>
    </p>
   </div>
   <div class='ocr_carea' id='block_1_59' title="bbox 2081 2842 3685 2932">
    <p class='ocr_par' dir='ltr' id='par_1_59' title="bbox 2081 2842 3685 2932">
     <span class='ocr_line' id='line_1_59' title="bbox 2081 2842 3685 2932; baseline -0.013 -16"><span class='ocrx_word' id='word_1_404' title='bbox 2081 2878 2211 2932; x_wconf 82' lang='grc' dir='ltr'><strong>νης,</strong></span> <span class='ocrx_word' id='word_1_405' title='bbox 2241 2862 2337 2916; x_wconf 68' lang='grc' dir='ltr'><strong>καὶ</strong></span> <span class='ocrx_word' id='word_1_406' title='bbox 2370 2856 2793 2930; x_wconf 77' lang='grc' dir='ltr'><strong>ἑπισυνάξωμεν</strong></span> <span class='ocrx_word' id='word_1_407' title='bbox 2823 2856 3073 2918; x_wconf 73' lang='grc' dir='ltr'><strong>ἅπαντας</strong></span> <span class='ocrx_word' id='word_1_408' title='bbox 3103 2853 3231 2916; x_wconf 77' lang='grc' dir='ltr'><strong>τοὺς</strong></span> <span class='ocrx_word' id='word_1_409' title='bbox 3263 2843 3347 2910; x_wconf 81' lang='grc' dir='ltr'><strong>οἷς</strong></span> <span class='ocrx_word' id='word_1_410' title='bbox 3377 2849 3495 2901; x_wconf 68' lang='grc' dir='ltr'><strong>εστι</strong></span> <span class='ocrx_word' id='word_1_411' title='bbox 3524 2842 3685 2897; x_wconf 61' lang='lat' dir='ltr'><strong>66v:-</strong></span> 
     </span>
    </p>
   </div>
   <div class='ocr_carea' id='block_1_60' title="bbox 2087 2934 3687 3027">
    <p class='ocr_par' dir='ltr' id='par_1_60' title="bbox 2087 2934 3687 3027">
     <span class='ocr_line' id='line_1_60' title="bbox 2087 2934 3687 3027; baseline -0.019 -10"><span class='ocrx_word' id='word_1_412' title='bbox 2087 2973 2181 3027; x_wconf 79' lang='grc' dir='ltr'><strong>μις</strong></span> <span class='ocrx_word' id='word_1_413' title='bbox 2216 2952 2415 3024; x_wconf 77' lang='grc' dir='ltr'><strong>σοφίας</strong></span> <span class='ocrx_word' id='word_1_414' title='bbox 2448 2952 2804 3025; x_wconf 80' lang='grc' dir='ltr'><strong>Ἀρμενίους,</strong></span> <span class='ocrx_word' id='word_1_415' title='bbox 2845 2949 2942 3004; x_wconf 74' lang='grc' dir='ltr'><strong>καὶ</strong></span> <span class='ocrx_word' id='word_1_416' title='bbox 2978 2946 3214 3002; x_wconf 74' lang='grc' dir='ltr'><strong>ἐνώπιον</strong></span> <span class='ocrx_word' id='word_1_417' title='bbox 3254 2939 3439 2997; x_wconf 77' lang='grc' dir='ltr'><strong>αὐτῶν</strong></span> <span class='ocrx_word' id='word_1_418' title='bbox 3478 2934 3687 3007; x_wconf 77' lang='grc' dir='ltr'><strong>προθή-</strong></span> 
     </span>
    </p>
   </div>
   <div class='ocr_carea' id='block_1_61' title="bbox 2086 3028 3686 3118">
    <p class='ocr_par' dir='ltr' id='par_1_61' title="bbox 2086 3028 3686 3118">
     <span class='ocr_line' id='line_1_61' title="bbox 2086 3028 3686 3118; baseline -0.014 -17"><span class='ocrx_word' id='word_1_419' title='bbox 2086 3063 2270 3118; x_wconf 86' lang='grc' dir='ltr'><strong>σωμεν</strong></span> <span class='ocrx_word' id='word_1_420' title='bbox 2297 3045 2392 3099; x_wconf 78' lang='grc' dir='ltr'><strong>τὸν</strong></span> <span class='ocrx_word' id='word_1_421' title='bbox 2425 3045 2560 3115; x_wconf 88' lang='grc' dir='ltr'><strong>παρ’</strong></span> <span class='ocrx_word' id='word_1_422' title='bbox 2586 3043 2742 3115; x_wconf 81' lang='grc' dir='ltr'><strong>ὑμῶν</strong></span> <span class='ocrx_word' id='word_1_423' title='bbox 2773 3040 3117 3113; x_wconf 79' lang='grc' dir='ltr'><strong>ζητούμενον</strong></span> <span class='ocrx_word' id='word_1_424' title='bbox 3148 3036 3281 3103; x_wconf 75' lang='grc' dir='ltr'><strong>περὶ</strong></span> <span class='ocrx_word' id='word_1_425' title='bbox 3313 3033 3415 3103; x_wconf 82' lang='grc' dir='ltr'><strong>τῆς</strong></span> <span class='ocrx_word' id='word_1_426' title='bbox 3448 3028 3686 3090; x_wconf 79' lang='grc' dir='ltr'><strong>πίστεως</strong></span> 
     </span>
    </p>
   </div>
   <div class='ocr_carea' id='block_1_62' title="bbox 384 3124 1982 3217">
    <p class='ocr_par' dir='ltr' id='par_1_62' title="bbox 384 3129 1976 3204">
     <span class='ocr_line' id='line_1_62' title="bbox 384 3129 1976 3204; baseline 0.004 -21"><span class='ocrx_word' id='word_1_427' title='bbox 384 3144 453 3183; x_wconf 85' lang='lat' dir='ltr'><strong>eo</strong></span> <span class='ocrx_word' id='word_1_428' title='bbox 503 3129 782 3187; x_wconf 85' lang='lat' dir='ltr'><strong>collocabo</strong></span> <span class='ocrx_word' id='word_1_429' title='bbox 839 3141 899 3187; x_wconf 92' lang='lat' dir='ltr'><strong>ut</strong></span> <span class='ocrx_word' id='word_1_430' title='bbox 940 3132 1145 3188; x_wconf 86' lang='lat' dir='ltr'><strong>amoris</strong></span> <span class='ocrx_word' id='word_1_431' title='bbox 1197 3132 1369 3187; x_wconf 90' lang='lat' dir='ltr'><strong>mutui</strong></span> <span class='ocrx_word' id='word_1_432' title='bbox 1408 3133 1669 3204; x_wconf 89' lang='lat' dir='ltr'><strong>pacisque</strong></span> <span class='ocrx_word' id='word_1_433' title='bbox 1696 3133 1842 3188; x_wconf 90' lang='lat' dir='ltr'><strong>inter</strong></span> <span class='ocrx_word' id='word_1_434' title='bbox 1876 3146 1976 3189; x_wconf 90' lang='lat' dir='ltr'><strong>nos</strong></span> 
     </span>
    </p>
   </div>
   <div class='ocr_carea' id='block_1_63' title="bbox 2086 3124 3690 3217">
    <p class='ocr_par' dir='ltr' id='par_1_63' title="bbox 2086 3124 3690 3217">
     <span class='ocr_line' id='line_1_63' title="bbox 2086 3124 3690 3217; baseline -0.014 -20"><span class='ocrx_word' id='word_1_435' title='bbox 2086 3142 2179 3197; x_wconf 80' lang='grc' dir='ltr'><strong>καὶ</strong></span> <span class='ocrx_word' id='word_1_436' title='bbox 2216 3140 2318 3212; x_wconf 82' lang='grc' dir='ltr'><strong>τῆς</strong></span> <span class='ocrx_word' id='word_1_437' title='bbox 2355 3139 2569 3205; x_wconf 83' lang='grc' dir='ltr'><strong>τάξεως</strong></span> <span class='ocrx_word' id='word_1_438' title='bbox 2604 3138 2706 3211; x_wconf 80' lang='grc' dir='ltr'><strong>τῆς</strong></span> <span class='ocrx_word' id='word_1_439' title='bbox 2740 3134 3077 3206; x_wconf 83' lang='grc' dir='ltr'><strong>Ἑκκλησίας</strong></span> <span class='ocrx_word' id='word_1_440' title='bbox 3115 3131 3299 3199; x_wconf 87' lang='grc' dir='ltr'><strong>λόγον,</strong></span> <span class='ocrx_word' id='word_1_441' title='bbox 3337 3124 3477 3198; x_wconf 80' lang='grc' dir='ltr'><strong>ἐμοῦ</strong></span> <span class='ocrx_word' id='word_1_442' title='bbox 3516 3139 3690 3217; x_wconf 72' lang='grc' dir='ltr'><strong>κατα-</strong></span> 
     </span>
    </p>
   </div>
   <div class='ocr_carea' id='block_1_64' title="bbox 385 3222 1975 3293">
    <p class='ocr_par' dir='ltr' id='par_1_64' title="bbox 385 3222 1975 3293">
     <span class='ocr_line' id='line_1_64' title="bbox 385 3222 1975 3293; baseline 0.001 -14"><span class='ocrx_word' id='word_1_443' title='bbox 385 3225 758 3280; x_wconf 70' lang='grc' dir='ltr'><strong>ἰιιείδυι-ειιότε</strong></span> <span class='ocrx_word' id='word_1_444' title='bbox 784 3233 975 3281; x_wconf 89' lang='lat' dir='ltr'><strong>auctor</strong></span> <span class='ocrx_word' id='word_1_445' title='bbox 1001 3222 1102 3281; x_wconf 90' lang='lat' dir='ltr'><strong>sim</strong></span> <span class='ocrx_word' id='word_1_446' title='bbox 1137 3242 1151 3281; x_wconf 93' lang='lat'>:</span> <span class='ocrx_word' id='word_1_447' title='bbox 1184 3225 1438 3282; x_wconf 84' lang='lat' dir='ltr'><strong>videlicet</strong></span> <span class='ocrx_word' id='word_1_448' title='bbox 1466 3237 1525 3282; x_wconf 94' lang='lat' dir='ltr'><strong>ut</strong></span> <span class='ocrx_word' id='word_1_449' title='bbox 1544 3241 1644 3283; x_wconf 85' lang='lat' dir='ltr'><strong>nos</strong></span> <span class='ocrx_word' id='word_1_450' title='bbox 1672 3224 1975 3293; x_wconf 86' lang='lat' dir='ltr'><strong>vobiscum,</strong></span> 
     </span>
    </p>
   </div>
   <div class='ocr_carea' id='block_1_65' title="bbox 387 3310 1987 3389">
    <p class='ocr_par' dir='ltr' id='par_1_65' title="bbox 387 3310 1987 3389">
     <span class='ocr_line' id='line_1_65' title="bbox 387 3310 1987 3389; baseline 0.003 -18"><span class='ocrx_word' id='word_1_451' title='bbox 387 3318 482 3387; x_wconf 71' lang='lat' dir='ltr'><strong>qui</strong></span> <span class='ocrx_word' id='word_1_452' title='bbox 519 3317 727 3386; x_wconf 83' lang='lat' dir='ltr'><strong>priores</strong></span> <span class='ocrx_word' id='word_1_453' title='bbox 757 3319 865 3374; x_wconf 83' lang='lat' dir='ltr'><strong>hoc</strong></span> <span class='ocrx_word' id='word_1_454' title='bbox 884 3318 1128 3389; x_wconf 86' lang='lat' dir='ltr'><strong>spiritale</strong></span> <span class='ocrx_word' id='word_1_455' title='bbox 1155 3317 1353 3376; x_wconf 88' lang='lat' dir='ltr'><strong>bonum</strong></span> <span class='ocrx_word' id='word_1_456' title='bbox 1382 3310 1500 3375; x_wconf 65' lang='lat' dir='ltr'><strong>ﬁeri</strong></span> <span class='ocrx_word' id='word_1_457' title='bbox 1523 3320 1779 3387; x_wconf 87' lang='lat' dir='ltr'><strong>curastis,</strong></span> <span class='ocrx_word' id='word_1_458' title='bbox 1811 3320 1987 3376; x_wconf 80' lang='lat' dir='ltr'><strong>beati-</strong></span> 
     </span>
    </p>
   </div>
   <div class='ocr_carea' id='block_1_66' title="bbox 388 3412 1985 3486">
    <p class='ocr_par' dir='ltr' id='par_1_66' title="bbox 388 3412 1985 3486">
     <span class='ocr_line' id='line_1_66' title="bbox 388 3412 1985 3486; baseline 0.002 -19"><span class='ocrx_word' id='word_1_459' title='bbox 388 3414 576 3468; x_wconf 85' lang='lat' dir='ltr'><strong>tudine</strong></span> <span class='ocrx_word' id='word_1_460' title='bbox 601 3412 691 3470; x_wconf 68' lang='lat' dir='ltr'><strong>iifa</strong></span> <span class='ocrx_word' id='word_1_461' title='bbox 720 3413 1068 3485; x_wconf 84' lang='lat' dir='ltr'><strong>paeiﬁcorum</strong></span> <span class='ocrx_word' id='word_1_462' title='bbox 1093 3414 1240 3486; x_wconf 90' lang='lat' dir='ltr'><strong>digni</strong></span> <span class='ocrx_word' id='word_1_463' title='bbox 1264 3414 1458 3483; x_wconf 89' lang='lat' dir='ltr'><strong>simus,</strong></span> <span class='ocrx_word' id='word_1_464' title='bbox 1494 3430 1655 3486; x_wconf 87' lang='lat' dir='ltr'><strong>quam</strong></span> <span class='ocrx_word' id='word_1_465' title='bbox 1682 3415 1738 3472; x_wconf 90' lang='lat' dir='ltr'><strong>in</strong></span> <span class='ocrx_word' id='word_1_466' title='bbox 1800 3413 1985 3471; x_wconf 86' lang='lat' dir='ltr'><strong>Evan-</strong></span> 
     </span>
    </p>
   </div>
   <div class='ocr_carea' id='block_1_67' title="bbox 388 3505 1984 3578">
    <p class='ocr_par' dir='ltr' id='par_1_67' title="bbox 388 3505 1984 3578">
     <span class='ocr_line' id='line_1_67' title="bbox 388 3505 1984 3578; baseline 0.003 -18"><span class='ocrx_word' id='word_1_467' title='bbox 388 3506 531 3574; x_wconf 69' lang='lat' dir='ltr'><strong>gelio</strong></span> <span class='ocrx_word' id='word_1_468' title='bbox 560 3505 810 3564; x_wconf 84' lang='lat' dir='ltr'><strong>Christus</strong></span> <span class='ocrx_word' id='word_1_469' title='bbox 864 3507 1141 3578; x_wconf 91' lang='lat' dir='ltr'><strong>promisit.</strong></span> <span class='ocrx_word' id='word_1_470' title='bbox 1164 3509 1432 3576; x_wconf 85' lang='lat' dir='ltr'><strong>Quoniam</strong></span> <span class='ocrx_word' id='word_1_471' title='bbox 1464 3525 1596 3567; x_wconf 88' lang='lat' dir='ltr'><strong>vero</strong></span> <span class='ocrx_word' id='word_1_472' title='bbox 1620 3508 1778 3567; x_wconf 89' lang='lat' dir='ltr'><strong>missi</strong></span> <span class='ocrx_word' id='word_1_473' title='bbox 1806 3524 1836 3565; x_wconf 88' lang='lat' dir='ltr'><strong>a</strong></span> <span class='ocrx_word' id='word_1_474' title='bbox 1863 3524 1984 3565; x_wconf 87' lang='lat' dir='ltr'><strong>ma-</strong></span> 
     </span>
    </p>
   </div>
   <div class='ocr_carea' id='block_1_68' title="bbox 391 3598 1979 3669">
    <p class='ocr_par' dir='ltr' id='par_1_68' title="bbox 391 3598 1979 3669">
     <span class='ocr_line' id='line_1_68' title="bbox 391 3598 1979 3669; baseline 0.003 -18"><span class='ocrx_word' id='word_1_475' title='bbox 391 3598 676 3667; x_wconf 62' lang='lat' dir='ltr'><strong>gnitudine</strong></span> <span class='ocrx_word' id='word_1_476' title='bbox 703 3609 793 3653; x_wconf 92' lang='lat' dir='ltr'><strong>tua</strong></span> <span class='ocrx_word' id='word_1_477' title='bbox 821 3599 924 3653; x_wconf 88' lang='lat' dir='ltr'><strong>viri</strong></span> <span class='ocrx_word' id='word_1_478' title='bbox 951 3598 1379 3669; x_wconf 83' lang='lat' dir='ltr'><strong>postulaverunt,</strong></span> <span class='ocrx_word' id='word_1_479' title='bbox 1410 3608 1632 3655; x_wconf 90' lang='lat' dir='ltr'><strong>utnunc</strong></span> <span class='ocrx_word' id='word_1_480' title='bbox 1656 3600 1820 3655; x_wconf 83' lang='lat' dir='ltr'><strong>etiam</strong></span> <span class='ocrx_word' id='word_1_481' title='bbox 1852 3600 1979 3656; x_wconf 84' lang='lat' dir='ltr'><strong>bre-</strong></span> 
     </span>
    </p>
   </div>
   <div class='ocr_carea' id='block_1_69' title="bbox 395 3689 1980 3761">
    <p class='ocr_par' dir='ltr' id='par_1_69' title="bbox 395 3689 1980 3761">
     <span class='ocr_line' id='line_1_69' title="bbox 395 3689 1980 3761; baseline 0.001 -16"><span class='ocrx_word' id='word_1_482' title='bbox 395 3706 519 3745; x_wconf 86' lang='lat' dir='ltr'><strong>vem</strong></span> <span class='ocrx_word' id='word_1_483' title='bbox 573 3690 809 3761; x_wconf 84' lang='lat' dir='ltr'><strong>aliquem</strong></span> <span class='ocrx_word' id='word_1_484' title='bbox 838 3689 1044 3760; x_wconf 88' lang='lat' dir='ltr'><strong>scripto</strong></span> <span class='ocrx_word' id='word_1_485' title='bbox 1072 3704 1380 3747; x_wconf 86' lang='lat' dir='ltr'><strong>sermonem</strong></span> <span class='ocrx_word' id='word_1_486' title='bbox 1398 3691 1474 3761; x_wconf 42' lang='lat' dir='ltr'><strong>.de</strong></span> <span class='ocrx_word' id='word_1_487' title='bbox 1504 3700 1689 3747; x_wconf 86' lang='lat' dir='ltr'><strong>nostra</strong></span> <span class='ocrx_word' id='word_1_488' title='bbox 1723 3691 1779 3746; x_wconf 90' lang='lat' dir='ltr'><strong>in</strong></span> <span class='ocrx_word' id='word_1_489' title='bbox 1814 3693 1980 3748; x_wconf 86' lang='lat' dir='ltr'><strong>rebus</strong></span> 
     </span>
    </p>
   </div>
   <div class='ocr_carea' id='block_1_70' title="bbox 392 3781 1987 3851">
    <p class='ocr_par' dir='ltr' id='par_1_70' title="bbox 392 3781 1987 3851">
     <span class='ocr_line' id='line_1_70' title="bbox 392 3781 1987 3851; baseline 0.003 -15"><span class='ocrx_word' id='word_1_490' title='bbox 392 3782 519 3847; x_wconf 82' lang='lat' dir='ltr'><strong>ﬁdei</strong></span> <span class='ocrx_word' id='word_1_491' title='bbox 547 3781 817 3838; x_wconf 86' lang='lat' dir='ltr'><strong>sententia</strong></span> <span class='ocrx_word' id='word_1_492' title='bbox 850 3782 920 3838; x_wconf 90' lang='lat' dir='ltr'><strong>ad</strong></span> <span class='ocrx_word' id='word_1_493' title='bbox 976 3790 1219 3837; x_wconf 85' lang='lat' dir='ltr'><strong>sanctam</strong></span> <span class='ocrx_word' id='word_1_494' title='bbox 1271 3781 1606 3851; x_wconf 75' lang='lat' dir='ltr'><strong>maiestatem</strong></span> <span class='ocrx_word' id='word_1_495' title='bbox 1639 3792 1785 3838; x_wconf 87' lang='lat' dir='ltr'><strong>tuam</strong></span> <span class='ocrx_word' id='word_1_496' title='bbox 1807 3784 1987 3841; x_wconf 88' lang='lat' dir='ltr'><strong>mitte-</strong></span> 
     </span>
    </p>
   </div>
   <div class='ocr_carea' id='block_1_71' title="bbox 393 3873 1989 3963">
    <p class='ocr_par' dir='ltr' id='par_1_71' title="bbox 393 3873 1989 3963">
     <span class='ocr_line' id='line_1_71' title="bbox 393 3873 1989 3963; baseline 0.001 -32"><span class='ocrx_word' id='word_1_497' title='bbox 393 3889 601 3943; x_wconf 75' lang='lat' dir='ltr'><strong>remus,</strong></span> <span class='ocrx_word' id='word_1_498' title='bbox 635 3874 688 3929; x_wconf 89' lang='lat' dir='ltr'><strong>id</strong></span> <span class='ocrx_word' id='word_1_499' title='bbox 736 3887 869 3930; x_wconf 89' lang='lat' dir='ltr'><strong>sane</strong></span> <span class='ocrx_word' id='word_1_500' title='bbox 892 3873 1143 3941; x_wconf 84' lang='lat' dir='ltr'><strong>fecimus,</strong></span> <span class='ocrx_word' id='word_1_501' title='bbox 1172 3873 1315 3963; x_wconf 82' lang='lat' dir='ltr'><strong>haud</strong></span> <span class='ocrx_word' id='word_1_502' title='bbox 1341 3874 1456 3931; x_wconf 76' lang='lat' dir='ltr'><strong>fere</strong></span> <span class='ocrx_word' id='word_1_503' title='bbox 1487 3877 1709 3940; x_wconf 86' lang='lat' dir='ltr'><strong>nostris,</strong></span> <span class='ocrx_word' id='word_1_504' title='bbox 1737 3876 1833 3931; x_wconf 90' lang='lat' dir='ltr'><strong>sed</strong></span> <span class='ocrx_word' id='word_1_505' title='bbox 1862 3890 1989 3933; x_wconf 85' lang='lat' dir='ltr'><strong>san-</strong></span> 
     </span>
    </p>
   </div>
   <div class='ocr_carea' id='block_1_72' title="bbox 395 3967 1991 4039">
    <p class='ocr_par' dir='ltr' id='par_1_72' title="bbox 395 3967 1991 4039">
     <span class='ocr_line' id='line_1_72' title="bbox 395 3967 1991 4039; baseline 0.002 -17"><span class='ocrx_word' id='word_1_506' title='bbox 395 3978 608 4024; x_wconf 80' lang='lat' dir='ltr'><strong>ctorum</strong></span> <span class='ocrx_word' id='word_1_507' title='bbox 640 3969 732 4039; x_wconf 89' lang='lat' dir='ltr'><strong>qui</strong></span> <span class='ocrx_word' id='word_1_508' title='bbox 762 3978 890 4024; x_wconf 89' lang='lat' dir='ltr'><strong>ante</strong></span> <span class='ocrx_word' id='word_1_509' title='bbox 909 3967 1316 4039; x_wconf 84' lang='lat' dir='ltr'><strong>separationem</strong></span> <span class='ocrx_word' id='word_1_510' title='bbox 1348 3969 1533 4025; x_wconf 78' lang='lat' dir='ltr'><strong>vixere</strong></span> <span class='ocrx_word' id='word_1_511' title='bbox 1556 3969 1836 4026; x_wconf 89' lang='lat' dir='ltr'><strong>doctorum</strong></span> <span class='ocrx_word' id='word_1_512' title='bbox 1863 3985 1991 4025; x_wconf 83' lang='lat' dir='ltr'><strong>ver-</strong></span> 
     </span>
    </p>
   </div>
   <div class='ocr_carea' id='block_1_73' title="bbox 390 4062 742 4121">
    <p class='ocr_par' dir='ltr' id='par_1_73' title="bbox 390 4062 742 4121">
     <span class='ocr_line' id='line_1_73' title="bbox 390 4062 742 4121; baseline 0.014 -5"><span class='ocrx_word' id='word_1_513' title='bbox 390 4062 481 4117; x_wconf 77' lang='lat' dir='ltr'><strong>his</strong></span> <span class='ocrx_word' id='word_1_514' title='bbox 505 4072 742 4121; x_wconf 82' lang='lat' dir='ltr'><strong>utentes.</strong></span> 
     </span>
    </p>
   </div>
   <div class='ocr_carea' id='block_1_74' title="bbox 2089 3214 3692 3306">
    <p class='ocr_par' dir='ltr' id='par_1_74' title="bbox 2089 3214 3692 3306">
     <span class='ocr_line' id='line_1_74' title="bbox 2089 3214 3692 3306; baseline -0.015 -16"><span class='ocrx_word' id='word_1_515' title='bbox 2089 3234 2473 3306; x_wconf 76' lang='grc' dir='ltr'><strong>ναγκάζοντος</strong></span> <span class='ocrx_word' id='word_1_516' title='bbox 2501 3232 2598 3287; x_wconf 66' lang='grc' dir='ltr'><strong>καὶ</strong></span> <span class='ocrx_word' id='word_1_517' title='bbox 2629 3230 3056 3293; x_wconf 68' lang='grc' dir='ltr'><strong>ἐπισπεύδοντος</strong></span> <span class='ocrx_word' id='word_1_518' title='bbox 3084 3224 3182 3282; x_wconf 75' lang='grc' dir='ltr'><strong>καὶ</strong></span> <span class='ocrx_word' id='word_1_519' title='bbox 3211 3221 3322 3277; x_wconf 77' lang='grc' dir='ltr'><strong>οἷον</strong></span> <span class='ocrx_word' id='word_1_520' title='bbox 3348 3214 3692 3306; x_wconf 56' lang='grc' dir='ltr'><strong>ἀγωνιζομέέ</strong></span> 
     </span>
    </p>
   </div>
   <div class='ocr_carea' id='block_1_75' title="bbox 2088 3305 3751 3398">
    <p class='ocr_par' dir='ltr' id='par_1_75' title="bbox 2088 3305 3751 3398">
     <span class='ocr_line' id='line_1_75' title="bbox 2088 3305 3751 3398; baseline -0.016 -15"><span class='ocrx_word' id='word_1_521' title='bbox 2088 3309 2183 3384; x_wconf 78' lang='grc' dir='ltr'><strong>νου</strong></span> <span class='ocrx_word' id='word_1_522' title='bbox 2214 3327 2310 3382; x_wconf 56' lang='grc' dir='ltr'><strong>καί¹</strong></span> <span class='ocrx_word' id='word_1_523' title='bbox 2343 3324 2804 3398; x_wconf 75' lang='grc' dir='ltr'><strong>προθυμουμένου</strong></span> <span class='ocrx_word' id='word_1_524' title='bbox 2838 3321 2936 3377; x_wconf 73' lang='grc' dir='ltr'><strong>καὶ</strong></span> <span class='ocrx_word' id='word_1_525' title='bbox 2964 3317 3331 3392; x_wconf 86' lang='grc' dir='ltr'><strong>ποδηγοῦντος</strong></span> <span class='ocrx_word' id='word_1_526' title='bbox 3361 3311 3561 3374; x_wconf 80' lang='grc' dir='ltr'><strong>αὐτοὺς</strong></span> <span class='ocrx_word' id='word_1_527' title='bbox 3593 3305 3691 3361; x_wconf 80' lang='grc' dir='ltr'><strong>καὶ</strong></span> <span class='ocrx_word' id='word_1_528' title='bbox 3742 3342 3751 3354; x_wconf 90' lang='grc'>.</span> 
     </span>
    </p>
   </div>
   <div class='ocr_carea' id='block_1_76' title="bbox 2080 3403 3692 3495">
    <p class='ocr_par' dir='ltr' id='par_1_76' title="bbox 2080 3403 3692 3495">
     <span class='ocr_line' id='line_1_76' title="bbox 2080 3403 3692 3495; baseline -0.014 -19"><span class='ocrx_word' id='word_1_529' title='bbox 2080 3406 2528 3495; x_wconf 70' lang='grc' dir='ltr'><strong>’παροτρύνοντος</strong></span> <span class='ocrx_word' id='word_1_530' title='bbox 2558 3421 2638 3484; x_wconf 80' lang='grc' dir='ltr'><strong>είς</strong></span> <span class='ocrx_word' id='word_1_531' title='bbox 2669 3418 2731 3473; x_wconf 79' lang='grc' dir='ltr'><strong>τὸ</strong></span> <span class='ocrx_word' id='word_1_532' title='bbox 2761 3417 2936 3471; x_wconf 85' lang='grc' dir='ltr'><strong>αίτιον</strong></span> <span class='ocrx_word' id='word_1_533' title='bbox 2965 3415 3064 3485; x_wconf 84' lang='grc' dir='ltr'><strong>τῆς</strong></span> <span class='ocrx_word' id='word_1_534' title='bbox 3096 3414 3323 3483; x_wconf 78' lang='grc' dir='ltr'><strong>ἀγάπης</strong></span> <span class='ocrx_word' id='word_1_535' title='bbox 3353 3409 3449 3463; x_wconf 74' lang='grc' dir='ltr'><strong>καὶ</strong></span> <span class='ocrx_word' id='word_1_536' title='bbox 3479 3407 3578 3475; x_wconf 76' lang='grc' dir='ltr'><strong>τῆς</strong></span> <span class='ocrx_word' id='word_1_537' title='bbox 3610 3403 3692 3455; x_wconf 82' lang='grc' dir='ltr'><strong>εί-</strong></span> 
     </span>
    </p>
   </div>
   <div class='ocr_carea' id='block_1_77' title="bbox 2091 3496 3693 3586">
    <p class='ocr_par' dir='ltr' id='par_1_77' title="bbox 2091 3496 3693 3586">
     <span class='ocr_line' id='line_1_77' title="bbox 2091 3496 3693 3586; baseline -0.024 -1"><span class='ocrx_word' id='word_1_538' title='bbox 2091 3514 2262 3586; x_wconf 78' lang='grc' dir='ltr'><strong>ρήνης</strong></span> <span class='ocrx_word' id='word_1_539' title='bbox 2280 3527 2298 3544; x_wconf 83' lang='grc'><strong><em>“</em></strong></span> <span class='ocrx_word' id='word_1_540' title='bbox 2328 3513 2403 3577; x_wconf 79' lang='grc' dir='ltr'><strong>ὡς</strong></span> <span class='ocrx_word' id='word_1_541' title='bbox 2440 3512 2508 3567; x_wconf 81' lang='grc' dir='ltr'><strong>ἂν</strong></span> <span class='ocrx_word' id='word_1_542' title='bbox 2537 3515 2633 3566; x_wconf 78' lang='grc' dir='ltr'><strong>καὶ</strong></span> <span class='ocrx_word' id='word_1_543' title='bbox 2669 3512 2833 3583; x_wconf 77' lang='grc' dir='ltr'><strong>ἡμεῖς</strong></span> <span class='ocrx_word' id='word_1_544' title='bbox 2873 3508 2993 3581; x_wconf 86' lang='grc' dir='ltr'><strong>μεθ’</strong></span> <span class='ocrx_word' id='word_1_545' title='bbox 3018 3506 3173 3577; x_wconf 79' lang='grc' dir='ltr'><strong>ὑμῶν</strong></span> <span class='ocrx_word' id='word_1_546' title='bbox 3202 3505 3312 3558; x_wconf 85' lang='grc' dir='ltr'><strong>τῶν</strong></span> <span class='ocrx_word' id='word_1_547' title='bbox 3344 3496 3693 3586; x_wconf 81' lang='grc' dir='ltr'><strong>πρωταιτίων</strong></span> 
     </span>
    </p>
   </div>
   <div class='ocr_carea' id='block_1_78' title="bbox 2088 3585 3691 3676">
    <p class='ocr_par' dir='ltr' id='par_1_78' title="bbox 2088 3585 3691 3676">
     <span class='ocr_line' id='line_1_78' title="bbox 2088 3585 3691 3676; baseline -0.013 -14"><span class='ocrx_word' id='word_1_548' title='bbox 2088 3607 2183 3662; x_wconf 87' lang='grc' dir='ltr'><strong>τοῦ</strong></span> <span class='ocrx_word' id='word_1_549' title='bbox 2230 3605 2474 3661; x_wconf 78' lang='grc' dir='ltr'><strong>τοιούτου</strong></span> <span class='ocrx_word' id='word_1_550' title='bbox 2519 3602 2897 3676; x_wconf 78' lang='grc' dir='ltr'><strong>πνευματικοῦ</strong></span> <span class='ocrx_word' id='word_1_551' title='bbox 2944 3598 3176 3670; x_wconf 86' lang='grc' dir='ltr'><strong>ἀγαθοῦ,</strong></span> <span class='ocrx_word' id='word_1_552' title='bbox 3220 3594 3546 3663; x_wconf 79' lang='grc' dir='ltr'><strong>ἀξιωθῶμεν</strong></span> <span class='ocrx_word' id='word_1_553' title='bbox 3591 3585 3691 3643; x_wconf 86' lang='grc' dir='ltr'><strong>τοῦ</strong></span> 
     </span>
    </p>
   </div>
   <div class='ocr_carea' id='block_1_79' title="bbox 2092 3678 3694 3771">
    <p class='ocr_par' dir='ltr' id='par_1_79' title="bbox 2092 3678 3694 3771">
     <span class='ocr_line' id='line_1_79' title="bbox 2092 3678 3694 3771; baseline -0.011 -17"><span class='ocrx_word' id='word_1_554' title='bbox 2092 3697 2446 3771; x_wconf 81' lang='grc' dir='ltr'><strong>μακαρισμοῦ</strong></span> <span class='ocrx_word' id='word_1_555' title='bbox 2469 3697 2582 3752; x_wconf 85' lang='grc' dir='ltr'><strong>τῶν</strong></span> <span class='ocrx_word' id='word_1_556' title='bbox 2605 3694 2963 3769; x_wconf 74' lang='grc' dir='ltr'><strong>εἰρηνοποιῶν</strong></span> <span class='ocrx_word' id='word_1_557' title='bbox 2984 3692 3076 3747; x_wconf 85' lang='grc' dir='ltr'><strong>τοῦ</strong></span> <span class='ocrx_word' id='word_1_558' title='bbox 3101 3686 3516 3763; x_wconf 75' lang='grc' dir='ltr'><strong>ὲπηγγελμένου</strong></span> <span class='ocrx_word' id='word_1_559' title='bbox 3542 3678 3694 3771; x_wconf 82' lang='grc' dir='ltr'><strong>παρά</strong></span> 
     </span>
    </p>
   </div>
   <div class='ocr_carea' id='block_1_80' title="bbox 2087 3770 3727 3862">
    <p class='ocr_par' dir='ltr' id='par_1_80' title="bbox 2087 3770 3727 3862">
     <span class='ocr_line' id='line_1_80' title="bbox 2087 3770 3727 3862; baseline -0.012 -17"><span class='ocrx_word' id='word_1_560' title='bbox 2087 3789 2186 3844; x_wconf 86' lang='grc' dir='ltr'><strong>τοῦ</strong></span> <span class='ocrx_word' id='word_1_561' title='bbox 2222 3770 2483 3862; x_wconf 79' lang='grc' dir='ltr'><strong>Χριστοῦ.</strong></span> <span class='ocrx_word' id='word_1_562' title='bbox 2520 3789 2674 3843; x_wconf 77' lang='grc' dir='ltr'><strong>Ἐπεὶ</strong></span> <span class='ocrx_word' id='word_1_563' title='bbox 2710 3789 2768 3842; x_wconf 74' lang='grc' dir='ltr'><strong>δὲ</strong></span> <span class='ocrx_word' id='word_1_564' title='bbox 2805 3789 2854 3841; x_wconf 78' lang='lat' dir='ltr'><strong>oi</strong></span> <span class='ocrx_word' id='word_1_565' title='bbox 2894 3785 3046 3857; x_wconf 81' lang='grc' dir='ltr'><strong>παρὰ</strong></span> <span class='ocrx_word' id='word_1_566' title='bbox 3076 3784 3179 3855; x_wconf 79' lang='grc' dir='ltr'><strong>τῆς</strong></span> <span class='ocrx_word' id='word_1_567' title='bbox 3217 3779 3372 3854; x_wconf 79' lang='grc' dir='ltr'><strong>ὑμῶν</strong></span> <span class='ocrx_word' id='word_1_568' title='bbox 3406 3770 3727 3848; x_wconf 50' lang='lat' dir='ltr'><strong>pavebam--</strong></span> 
     </span>
    </p>
   </div>
   <div class='ocr_carea' id='block_1_81' title="bbox 2089 3863 3696 3951">
    <p class='ocr_par' dir='ltr' id='par_1_81' title="bbox 2089 3863 3696 3951">
     <span class='ocr_line' id='line_1_81' title="bbox 2089 3863 3696 3951; baseline -0.009 -18"><span class='ocrx_word' id='word_1_569' title='bbox 2089 3898 2253 3951; x_wconf 83' lang='grc' dir='ltr'><strong>τητος</strong></span> <span class='ocrx_word' id='word_1_570' title='bbox 2288 3880 2686 3944; x_wconf 84' lang='grc' dir='ltr'><strong>ἀποσταλέντες</strong></span> <span class='ocrx_word' id='word_1_571' title='bbox 2721 3877 2995 3951; x_wconf 73' lang='grc' dir='ltr'><strong>ἐζήτησαν</strong></span> <span class='ocrx_word' id='word_1_572' title='bbox 3036 3875 3232 3949; x_wconf 88' lang='grc' dir='ltr'><strong>μικρόν</strong></span> <span class='ocrx_word' id='word_1_573' title='bbox 3267 3888 3389 3927; x_wconf 89' lang='grc' dir='ltr'><strong>τινα</strong></span> <span class='ocrx_word' id='word_1_574' title='bbox 3424 3868 3520 3922; x_wconf 75' lang='grc' dir='ltr'><strong>καὶ</strong></span> <span class='ocrx_word' id='word_1_575' title='bbox 3557 3863 3696 3935; x_wconf 74' lang='grc' dir='ltr'><strong>πρὸς</strong></span> 
     </span>
    </p>
   </div>
   <div class='ocr_carea' id='block_1_82' title="bbox 2090 3953 3695 4046">
    <p class='ocr_par' dir='ltr' id='par_1_82' title="bbox 2090 3953 3695 4046">
     <span class='ocr_line' id='line_1_82' title="bbox 2090 3953 3695 4046; baseline -0.012 -19"><span class='ocrx_word' id='word_1_576' title='bbox 2090 3975 2155 4027; x_wconf 77' lang='grc' dir='ltr'><strong>τὸ</strong></span> <span class='ocrx_word' id='word_1_577' title='bbox 2191 3975 2369 4046; x_wconf 76' lang='grc' dir='ltr'><strong>παρὸν</strong></span> <span class='ocrx_word' id='word_1_578' title='bbox 2396 3973 2554 4042; x_wconf 84' lang='grc' dir='ltr'><strong>λόγον</strong></span> <span class='ocrx_word' id='word_1_579' title='bbox 2586 3972 2868 4046; x_wconf 71' lang='grc' dir='ltr'><strong>ἔγγραφον</strong></span> <span class='ocrx_word' id='word_1_580' title='bbox 2899 3971 2996 4024; x_wconf 74' lang='grc' dir='ltr'><strong>καὶ</strong></span> <span class='ocrx_word' id='word_1_581' title='bbox 3035 3969 3164 4040; x_wconf 72' lang='grc' dir='ltr'><strong>περὶ</strong></span> <span class='ocrx_word' id='word_1_582' title='bbox 3192 3967 3292 4036; x_wconf 83' lang='grc' dir='ltr'><strong>τῆς</strong></span> <span class='ocrx_word' id='word_1_583' title='bbox 3328 3961 3569 4022; x_wconf 88' lang='grc' dir='ltr'><strong>πίστεως</strong></span> <span class='ocrx_word' id='word_1_584' title='bbox 3596 3953 3695 4009; x_wconf 81' lang='grc' dir='ltr'><strong>τοῦ</strong></span> 
     </span>
    </p>
   </div>
   <div class='ocr_carea' id='block_1_83' title="bbox 2095 4049 3695 4140">
    <p class='ocr_par' dir='ltr' id='par_1_83' title="bbox 2095 4049 3695 4140">
     <span class='ocr_line' id='line_1_83' title="bbox 2095 4049 3695 4140; baseline -0.023 -3"><span class='ocrx_word' id='word_1_585' title='bbox 2095 4068 2366 4140; x_wconf 76' lang='grc' dir='ltr'><strong>ἡμετέρου</strong></span> <span class='ocrx_word' id='word_1_586' title='bbox 2396 4069 2669 4139; x_wconf 86' lang='grc' dir='ltr'><strong>δόγματος</strong></span> <span class='ocrx_word' id='word_1_587' title='bbox 2698 4063 3073 4134; x_wconf 78' lang='grc' dir='ltr'><strong>ἀποσταλῆναι</strong></span> <span class='ocrx_word' id='word_1_588' title='bbox 3108 4060 3243 4133; x_wconf 76' lang='grc' dir='ltr'><strong>πρὸς</strong></span> <span class='ocrx_word' id='word_1_589' title='bbox 3274 4057 3373 4129; x_wconf 80' lang='grc' dir='ltr'><strong>τὴν</strong></span> <span class='ocrx_word' id='word_1_590' title='bbox 3402 4054 3567 4126; x_wconf 88' lang='grc' dir='ltr'><strong>ἀγίαν</strong></span> <span class='ocrx_word' id='word_1_591' title='bbox 3586 4049 3695 4121; x_wconf 70' lang='grc' dir='ltr'><strong>βα·</strong></span> 
     </span>
    </p>
   </div>
   <div class='ocr_carea' id='block_1_84' title="bbox 396 4135 3698 4234">
    <p class='ocr_par' dir='ltr' id='par_1_84' title="bbox 396 4135 3698 4234">
     <span class='ocr_line' id='line_1_84' title="bbox 396 4135 3698 4234; baseline 0 -21"><span class='ocrx_word' id='word_1_592' title='bbox 396 4157 603 4213; x_wconf 70' lang='grc' dir='ltr'><strong>σελεὶαν</strong></span> <span class='ocrx_word' id='word_1_593' title='bbox 637 4171 733 4211; x_wconf 91' lang='grc' dir='ltr'><strong>σου</strong></span> <span class='ocrx_word' id='word_1_594' title='bbox 753 4198 768 4222; x_wconf 85' lang='grc'><strong>,</strong></span> <span class='ocrx_word' id='word_1_595' title='bbox 803 4155 965 4211; x_wconf 88' lang='grc' dir='ltr'><strong>τοῦτο</strong></span> <span class='ocrx_word' id='word_1_596' title='bbox 1001 4135 1386 4228; x_wconf 78' lang='grc' dir='ltr'><strong>πεποιήκαμεν</strong></span> <span class='ocrx_word' id='word_1_597' title='bbox 1418 4156 1519 4211; x_wconf 79' lang='grc' dir='ltr'><strong>οὐκ</strong></span> <span class='ocrx_word' id='word_1_598' title='bbox 1555 4155 1648 4228; x_wconf 78' lang='grc' dir='ltr'><strong>ἀφ’</strong></span> <span class='ocrx_word' id='word_1_599' title='bbox 1673 4156 1835 4229; x_wconf 85' lang='grc' dir='ltr'><strong>ἡμῶν</strong></span> <span class='ocrx_word' id='word_1_600' title='bbox 1854 4195 1877 4225; x_wconf 87' lang='grc'><strong>,</strong></span> <span class='ocrx_word' id='word_1_601' title='bbox 1909 4156 2023 4211; x_wconf 81' lang='grc' dir='ltr'><strong>ἀλλ’</strong></span> <span class='ocrx_word' id='word_1_602' title='bbox 2061 4135 2171 4215; x_wconf 75' lang='grc' dir='ltr'><strong>ἀπδ</strong></span> <span class='ocrx_word' id='word_1_603' title='bbox 2195 4135 2303 4217; x_wconf 70' lang='grc' dir='ltr'><strong>τῶν</strong></span> <span class='ocrx_word' id='word_1_604' title='bbox 2329 4135 2583 4234; x_wconf 79' lang='grc' dir='ltr'><strong>χρήσεων</strong></span> <span class='ocrx_word' id='word_1_605' title='bbox 2623 4157 2731 4215; x_wconf 88' lang='grc' dir='ltr'><strong>τῶν</strong></span> <span class='ocrx_word' id='word_1_606' title='bbox 2758 4158 2948 4229; x_wconf 74' lang='grc' dir='ltr'><strong>ἀγίων</strong></span> <span class='ocrx_word' id='word_1_607' title='bbox 2971 4152 3312 4211; x_wconf 76' lang='grc' dir='ltr'><strong>διδασκάλων</strong></span> <span class='ocrx_word' id='word_1_608' title='bbox 3331 4150 3432 4220; x_wconf 76' lang='grc' dir='ltr'><strong>τῆς</strong></span> <span class='ocrx_word' id='word_1_609' title='bbox 3466 4143 3698 4216; x_wconf 82' lang='grc' dir='ltr'><strong>Ἐκκλη·</strong></span> 
     </span>
    </p>
   </div>
   <div class='ocr_carea' id='block_1_85' title="bbox 397 4250 1251 4324">
    <p class='ocr_par' dir='ltr' id='par_1_85' title="bbox 397 4250 1251 4324">
     <span class='ocr_line' id='line_1_85' title="bbox 397 4250 1251 4324; baseline -0.004 -17"><span class='ocrx_word' id='word_1_610' title='bbox 397 4252 520 4318; x_wconf 84' lang='grc' dir='ltr'><strong>σίας</strong></span> <span class='ocrx_word' id='word_1_611' title='bbox 544 4252 655 4307; x_wconf 86' lang='grc' dir='ltr'><strong>τῶν</strong></span> <span class='ocrx_word' id='word_1_612' title='bbox 686 4250 794 4324; x_wconf 79' lang='grc' dir='ltr'><strong>πρὸ</strong></span> <span class='ocrx_word' id='word_1_613' title='bbox 817 4250 912 4306; x_wconf 88' lang='grc' dir='ltr'><strong>τοῦ</strong></span> <span class='ocrx_word' id='word_1_614' title='bbox 942 4250 1251 4323; x_wconf 84' lang='grc' dir='ltr'><strong>χωρισμοῦ.</strong></span> 
     </span>
    </p>
   </div>
   <div class='ocr_carea' id='block_1_86' title="bbox 460 4342 1997 4416">
    <p class='ocr_par' dir='ltr' id='par_1_86' title="bbox 460 4342 1997 4416">
     <span class='ocr_line' id='line_1_86' title="bbox 460 4342 1997 4416; baseline -0.001 -13"><span class='ocrx_word' id='word_1_615' title='bbox 460 4345 804 4403; x_wconf 64' lang='grc' dir='ltr'><strong>εοιιθιοηιιιι·</strong></span> <span class='ocrx_word' id='word_1_616' title='bbox 839 4342 1023 4416; x_wconf 79' lang='lat' dir='ltr'><strong>itaque</strong></span> <span class='ocrx_word' id='word_1_617' title='bbox 1052 4344 1576 4402; x_wconf 77' lang='lat' dir='ltr'><strong>consubstantialem</strong></span> <span class='ocrx_word' id='word_1_618' title='bbox 1599 4353 1656 4401; x_wconf 91' lang='lat' dir='ltr'><strong>et</strong></span> <span class='ocrx_word' id='word_1_619' title='bbox 1695 4347 1997 4403; x_wconf 86' lang='lat' dir='ltr'><strong>increatam</strong></span> 
     </span>
    </p>
   </div>
   <div class='ocr_carea' id='block_1_87' title="bbox 400 4437 1995 4510">
    <p class='ocr_par' dir='ltr' id='par_1_87' title="bbox 400 4437 1995 4510">
     <span class='ocr_line' id='line_1_87' title="bbox 400 4437 1995 4510; baseline -0.001 -12"><span class='ocrx_word' id='word_1_620' title='bbox 400 4449 645 4498; x_wconf 80' lang='lat' dir='ltr'><strong>sanctam</strong></span> <span class='ocrx_word' id='word_1_621' title='bbox 693 4438 1038 4506; x_wconf 84' lang='lat' dir='ltr'><strong>Trinitatem,</strong></span> <span class='ocrx_word' id='word_1_622' title='bbox 1088 4438 1287 4494; x_wconf 86' lang='lat' dir='ltr'><strong>intres</strong></span> <span class='ocrx_word' id='word_1_623' title='bbox 1339 4437 1653 4495; x_wconf 88' lang='lat' dir='ltr'><strong>distinctam</strong></span> <span class='ocrx_word' id='word_1_624' title='bbox 1709 4453 1995 4510; x_wconf 86' lang='lat' dir='ltr'><strong>personas,</strong></span> 
     </span>
    </p>
   </div>
   <div class='ocr_carea' id='block_1_88' title="bbox 400 4530 1998 4603">
    <p class='ocr_par' dir='ltr' id='par_1_88' title="bbox 400 4530 1998 4603">
     <span class='ocr_line' id='line_1_88' title="bbox 400 4530 1998 4603; baseline -0.001 -15"><span class='ocrx_word' id='word_1_625' title='bbox 400 4545 621 4603; x_wconf 89' lang='lat' dir='ltr'><strong>unaque</strong></span> <span class='ocrx_word' id='word_1_626' title='bbox 678 4540 872 4587; x_wconf 90' lang='lat' dir='ltr'><strong>natura</strong></span> <span class='ocrx_word' id='word_1_627' title='bbox 906 4540 961 4586; x_wconf 91' lang='lat' dir='ltr'><strong>et</strong></span> <span class='ocrx_word' id='word_1_628' title='bbox 989 4530 1275 4586; x_wconf 86' lang='lat' dir='ltr'><strong>divinitate</strong></span> <span class='ocrx_word' id='word_1_629' title='bbox 1314 4532 1682 4603; x_wconf 71' lang='lat' dir='ltr'><strong>coniunctam,</strong></span> <span class='ocrx_word' id='word_1_630' title='bbox 1713 4532 1857 4588; x_wconf 80' lang='lat' dir='ltr'><strong>haud</strong></span> <span class='ocrx_word' id='word_1_631' title='bbox 1884 4533 1998 4589; x_wconf 88' lang='lat' dir='ltr'><strong>cir-</strong></span> 
     </span>
    </p>
   </div>
   <div class='ocr_carea' id='block_1_89' title="bbox 407 4625 1999 4697">
    <p class='ocr_par' dir='ltr' id='par_1_89' title="bbox 407 4625 1999 4697">
     <span class='ocr_line' id='line_1_89' title="bbox 407 4625 1999 4697; baseline 0 -18"><span class='ocrx_word' id='word_1_632' title='bbox 407 4626 801 4697; x_wconf 72' lang='lat' dir='ltr'><strong>cumscriptam</strong></span> <span class='ocrx_word' id='word_1_633' title='bbox 856 4634 1105 4694; x_wconf 89' lang='lat' dir='ltr'><strong>tempore</strong></span> <span class='ocrx_word' id='word_1_634' title='bbox 1134 4664 1149 4690; x_wconf 94' lang='lat'><strong>,</strong></span> <span class='ocrx_word' id='word_1_635' title='bbox 1174 4639 1356 4695; x_wconf 89' lang='lat' dir='ltr'><strong>neque</strong></span> <span class='ocrx_word' id='word_1_636' title='bbox 1383 4637 1749 4694; x_wconf 88' lang='lat' dir='ltr'><strong>cessaturam,</strong></span> <span class='ocrx_word' id='word_1_637' title='bbox 1774 4625 1864 4683; x_wconf 84' lang='lat' dir='ltr'><strong>vel</strong></span> <span class='ocrx_word' id='word_1_638' title='bbox 1882 4628 1999 4683; x_wconf 88' lang='lat' dir='ltr'><strong>cui-</strong></span> 
     </span>
    </p>
   </div>
   <div class='ocr_carea' id='block_1_90' title="bbox 409 4717 1997 4785">
    <p class='ocr_par' dir='ltr' id='par_1_90' title="bbox 409 4717 1997 4785">
     <span class='ocr_line' id='line_1_90' title="bbox 409 4717 1997 4785; baseline 0.003 -12"><span class='ocrx_word' id='word_1_639' title='bbox 409 4722 542 4775; x_wconf 70' lang='lat' dir='ltr'><strong>libet</strong></span> <span class='ocrx_word' id='word_1_640' title='bbox 591 4717 883 4775; x_wconf 86' lang='lat' dir='ltr'><strong>mutationi</strong></span> <span class='ocrx_word' id='word_1_641' title='bbox 906 4717 1227 4785; x_wconf 77' lang='lat' dir='ltr'><strong>obnoxiam,</strong></span> <span class='ocrx_word' id='word_1_642' title='bbox 1251 4727 1309 4773; x_wconf 93' lang='lat' dir='ltr'><strong>ut</strong></span> <span class='ocrx_word' id='word_1_643' title='bbox 1334 4728 1532 4775; x_wconf 74' lang='lat' dir='ltr'><strong>creata:</strong></span> <span class='ocrx_word' id='word_1_644' title='bbox 1554 4729 1762 4776; x_wconf 68' lang='lat' dir='ltr'><strong>naturae</strong></span> <span class='ocrx_word' id='word_1_645' title='bbox 1795 4719 1997 4777; x_wconf 88' lang='lat' dir='ltr'><strong>solent.</strong></span> 
     </span>
    </p>
   </div>
   <div class='ocr_carea' id='block_1_91' title="bbox 402 4811 1999 4882">
    <p class='ocr_par' dir='ltr' id='par_1_91' title="bbox 402 4811 1999 4882">
     <span class='ocr_line' id='line_1_91' title="bbox 402 4811 1999 4882; baseline 0 -14"><span class='ocrx_word' id='word_1_646' title='bbox 402 4817 570 4870; x_wconf 78' lang='lat' dir='ltr'><strong>Pa&#39;er</strong></span> <span class='ocrx_word' id='word_1_647' title='bbox 637 4821 722 4869; x_wconf 91' lang='lat' dir='ltr'><strong>est</strong></span> <span class='ocrx_word' id='word_1_648' title='bbox 798 4811 1093 4882; x_wconf 81' lang='lat' dir='ltr'><strong>ingenitus,</strong></span> <span class='ocrx_word' id='word_1_649' title='bbox 1154 4811 1352 4882; x_wconf 88' lang='lat' dir='ltr'><strong>quippe</strong></span> <span class='ocrx_word' id='word_1_650' title='bbox 1384 4824 1430 4866; x_wconf 76' lang='lat' dir='ltr'><strong>~a</strong></span> <span class='ocrx_word' id='word_1_651' title='bbox 1457 4812 1676 4868; x_wconf 88' lang='lat' dir='ltr'><strong>nemine</strong></span> <span class='ocrx_word' id='word_1_652' title='bbox 1718 4811 1999 4868; x_wconf 69' lang='lat' dir='ltr'><strong>inanans:</strong></span> 
     </span>
    </p>
   </div>
   <div class='ocr_carea' id='block_1_92' title="bbox 406 4902 1999 4973">
    <p class='ocr_par' dir='ltr' id='par_1_92' title="bbox 406 4902 1999 4973">
     <span class='ocr_line' id='line_1_92' title="bbox 406 4902 1999 4973; baseline -0.003 -12"><span class='ocrx_word' id='word_1_653' title='bbox 406 4907 579 4961; x_wconf 82' lang='lat' dir='ltr'><strong>Filius</strong></span> <span class='ocrx_word' id='word_1_654' title='bbox 625 4919 656 4958; x_wconf 88' lang='lat' dir='ltr'><strong>a</strong></span> <span class='ocrx_word' id='word_1_655' title='bbox 705 4902 865 4958; x_wconf 87' lang='lat' dir='ltr'><strong>Patre</strong></span> <span class='ocrx_word' id='word_1_656' title='bbox 903 4904 1119 4973; x_wconf 90' lang='lat' dir='ltr'><strong>genitus</strong></span> <span class='ocrx_word' id='word_1_657' title='bbox 1144 4902 1586 4969; x_wconf 88' lang='lat' dir='ltr'><strong>incorporaliter,</strong></span> <span class='ocrx_word' id='word_1_658' title='bbox 1620 4912 1678 4957; x_wconf 94' lang='lat' dir='ltr'><strong>ut</strong></span> <span class='ocrx_word' id='word_1_659' title='bbox 1707 4917 1775 4958; x_wconf 81' lang='lat' dir='ltr'><strong>ex</strong></span> <span class='ocrx_word' id='word_1_660' title='bbox 1812 4913 1999 4958; x_wconf 87' lang='lat' dir='ltr'><strong>mente</strong></span> 
     </span>
    </p>
   </div>
   <div class='ocr_carea' id='block_1_93' title="bbox 408 4995 2004 5065">
    <p class='ocr_par' dir='ltr' id='par_1_93' title="bbox 408 4995 2004 5065">
     <span class='ocr_line' id='line_1_93' title="bbox 408 4995 2004 5065; baseline 0.001 -16"><span class='ocrx_word' id='word_1_661' title='bbox 408 4998 629 5053; x_wconf 84' lang='lat' dir='ltr'><strong>verbum</strong></span> <span class='ocrx_word' id='word_1_662' title='bbox 677 5013 694 5052; x_wconf 89' lang='lat'><strong>:</strong></span> <span class='ocrx_word' id='word_1_663' title='bbox 747 4997 983 5065; x_wconf 77' lang='lat' dir='ltr'><strong>Spiritus</strong></span> <span class='ocrx_word' id='word_1_664' title='bbox 1059 5011 1089 5049; x_wconf 90' lang='lat' dir='ltr'><strong>a</strong></span> <span class='ocrx_word' id='word_1_665' title='bbox 1150 4995 1311 5050; x_wconf 81' lang='lat' dir='ltr'><strong>Patre</strong></span> <span class='ocrx_word' id='word_1_666' title='bbox 1382 4995 2004 5065; x_wconf 88' lang='lat' dir='ltr'><strong>iucompreheusibiliter</strong></span> 
     </span>
    </p>
   </div>
   <div class='ocr_carea' id='block_1_94' title="bbox 410 5081 1998 5159">
    <p class='ocr_par' dir='ltr' id='par_1_94' title="bbox 410 5081 1998 5159">
     <span class='ocr_line' id='line_1_94' title="bbox 410 5081 1998 5159; baseline -0.003 -15"><span class='ocrx_word' id='word_1_667' title='bbox 410 5090 949 5159; x_wconf 76' lang='lat' dir='ltr'><strong>iuscrutabiliterque</strong></span> <span class='ocrx_word' id='word_1_668' title='bbox 984 5090 1303 5158; x_wconf 87' lang='lat' dir='ltr'><strong>procedens.</strong></span> <span class='ocrx_word' id='word_1_669' title='bbox 1334 5086 1464 5143; x_wconf 91' lang='lat' dir='ltr'><strong>Sine</strong></span> <span class='ocrx_word' id='word_1_670' title='bbox 1510 5081 1776 5158; x_wconf 74' lang='lat' dir='ltr'><strong>principio</strong></span> <span class='ocrx_word' id='word_1_671' title='bbox 1796 5086 1998 5156; x_wconf 85' lang='lat' dir='ltr'><strong>Pater;</strong></span> 
     </span>
    </p>
   </div>
   <div class='ocr_carea' id='block_1_95' title="bbox 412 5181 2004 5255">
    <p class='ocr_par' dir='ltr' id='par_1_95' title="bbox 412 5181 2004 5255">
     <span class='ocr_line' id='line_1_95' title="bbox 412 5181 2004 5255; baseline 0.001 -16"><span class='ocrx_word' id='word_1_672' title='bbox 412 5204 440 5239; x_wconf 68' lang='grc' dir='ltr'><strong>τι</strong></span> <span class='ocrx_word' id='word_1_673' title='bbox 486 5186 651 5241; x_wconf 75' lang='lat' dir='ltr'><strong>Putre</strong></span> <span class='ocrx_word' id='word_1_674' title='bbox 711 5194 890 5240; x_wconf 80' lang='lat' dir='ltr'><strong>autem</strong></span> <span class='ocrx_word' id='word_1_675' title='bbox 940 5194 1166 5254; x_wconf 80' lang='lat' dir='ltr'><strong>experte</strong></span> <span class='ocrx_word' id='word_1_676' title='bbox 1203 5183 1455 5255; x_wconf 79' lang='lat' dir='ltr'><strong>principii</strong></span> <span class='ocrx_word' id='word_1_677' title='bbox 1505 5181 1718 5250; x_wconf 79' lang='lat' dir='ltr'><strong>Filius;</strong></span> <span class='ocrx_word' id='word_1_678' title='bbox 1764 5183 2004 5255; x_wconf 88' lang='lat' dir='ltr'><strong>itemque</strong></span> 
     </span>
    </p>
   </div>
   <div class='ocr_carea' id='block_1_96' title="bbox 414 5276 2004 5348">
    <p class='ocr_par' dir='ltr' id='par_1_96' title="bbox 414 5276 2004 5348">
     <span class='ocr_line' id='line_1_96' title="bbox 414 5276 2004 5348; baseline 0.004 -20"><span class='ocrx_word' id='word_1_679' title='bbox 414 5277 649 5346; x_wconf 74' lang='lat' dir='ltr'><strong>Spiritus</strong></span> <span class='ocrx_word' id='word_1_680' title='bbox 708 5278 987 5348; x_wconf 55' lang='lat' dir='ltr'><strong>ingenitus</strong></span> <span class='ocrx_word' id='word_1_681' title='bbox 1052 5278 1170 5331; x_wconf 83' lang='lat' dir='ltr'><strong>sine</strong></span> <span class='ocrx_word' id='word_1_682' title='bbox 1220 5276 1503 5346; x_wconf 81' lang='lat' dir='ltr'><strong>principio,</strong></span> <span class='ocrx_word' id='word_1_683' title='bbox 1565 5276 1720 5345; x_wconf 86' lang='lat' dir='ltr'><strong>cujus</strong></span> <span class='ocrx_word' id='word_1_684' title='bbox 1755 5277 1831 5332; x_wconf 91' lang='lat' dir='ltr'><strong>rei</strong></span> <span class='ocrx_word' id='word_1_685' title='bbox 1864 5279 2004 5334; x_wconf 89' lang='lat' dir='ltr'><strong>ratio</strong></span> 
     </span>
    </p>
   </div>
   <div class='ocr_carea' id='block_1_97' title="bbox 414 5370 2000 5441">
    <p class='ocr_par' dir='ltr' id='par_1_97' title="bbox 414 5370 2000 5441">
     <span class='ocr_line' id='line_1_97' title="bbox 414 5370 2000 5441; baseline 0.004 -20"><span class='ocrx_word' id='word_1_686' title='bbox 414 5386 589 5437; x_wconf 57' lang='lat' dir='ltr'><strong>neque</strong></span> <span class='ocrx_word' id='word_1_687' title='bbox 620 5380 800 5422; x_wconf 59' lang='grc' dir='ltr'><strong>ιιιριριυ</strong></span> <span class='ocrx_word' id='word_1_688' title='bbox 825 5370 1072 5438; x_wconf 68' lang='lat' dir='ltr'><strong>intelligi,</strong></span> <span class='ocrx_word' id='word_1_689' title='bbox 1103 5386 1277 5439; x_wconf 74' lang='lat' dir='ltr'><strong>neque</strong></span> <span class='ocrx_word' id='word_1_690' title='bbox 1298 5371 1474 5436; x_wconf 75' lang='lat' dir='ltr'><strong>lingua</strong></span> <span class='ocrx_word' id='word_1_691' title='bbox 1507 5372 1767 5441; x_wconf 79' lang='lat' dir='ltr'><strong>explicari</strong></span> <span class='ocrx_word' id='word_1_692' title='bbox 1795 5380 2000 5441; x_wconf 89' lang='lat' dir='ltr'><strong>potest:</strong></span> 
     </span>
    </p>
   </div>
   <div class='ocr_carea' id='block_1_98' title="bbox 420 5463 2000 5531">
    <p class='ocr_par' dir='ltr' id='par_1_98' title="bbox 420 5463 2000 5531">
     <span class='ocr_line' id='line_1_98' title="bbox 420 5463 2000 5531; baseline 0.002 -17"><span class='ocrx_word' id='word_1_693' title='bbox 420 5478 521 5514; x_wconf 79' lang='lat' dir='ltr'><strong>una</strong></span> <span class='ocrx_word' id='word_1_694' title='bbox 574 5463 845 5521; x_wconf 67' lang='lat' dir='ltr'><strong>minutas.</strong></span> <span class='ocrx_word' id='word_1_695' title='bbox 885 5478 989 5516; x_wconf 77' lang='lat' dir='ltr'><strong>una</strong></span> <span class='ocrx_word' id='word_1_696' title='bbox 1033 5464 1137 5523; x_wconf 79' lang='lat' dir='ltr'><strong>vis,</strong></span> <span class='ocrx_word' id='word_1_697' title='bbox 1182 5479 1285 5515; x_wconf 77' lang='lat' dir='ltr'><strong>una</strong></span> <span class='ocrx_word' id='word_1_698' title='bbox 1342 5463 1575 5531; x_wconf 85' lang='lat' dir='ltr'><strong>putentia</strong></span> <span class='ocrx_word' id='word_1_699' title='bbox 1614 5479 1795 5519; x_wconf 88' lang='lat' dir='ltr'><strong>:unus</strong></span> <span class='ocrx_word' id='word_1_700' title='bbox 1822 5478 2000 5518; x_wconf 90' lang='lat' dir='ltr'><strong>rerum</strong></span> 
     </span>
    </p>
   </div>
   <div class='ocr_carea' id='block_1_99' title="bbox 414 5555 2001 5627">
    <p class='ocr_par' dir='ltr' id='par_1_99' title="bbox 414 5555 2001 5627">
     <span class='ocr_line' id='line_1_99' title="bbox 414 5555 2001 5627; baseline 0.003 -19"><span class='ocrx_word' id='word_1_701' title='bbox 414 5557 653 5611; x_wconf 74' lang='lat' dir='ltr'><strong>amnium</strong></span> <span class='ocrx_word' id='word_1_702' title='bbox 705 5555 900 5624; x_wconf 79' lang='lat' dir='ltr'><strong>factor,</strong></span> <span class='ocrx_word' id='word_1_703' title='bbox 954 5573 1094 5611; x_wconf 89' lang='lat' dir='ltr'><strong>unus</strong></span> <span class='ocrx_word' id='word_1_704' title='bbox 1143 5557 1407 5623; x_wconf 67' lang='lat' dir='ltr'><strong>DI&#39;OViatll&#39;,</strong></span> <span class='ocrx_word' id='word_1_705' title='bbox 1438 5557 1588 5627; x_wconf 80' lang='lat' dir='ltr'><strong>cujus</strong></span> <span class='ocrx_word' id='word_1_706' title='bbox 1611 5557 1778 5623; x_wconf 84' lang='lat' dir='ltr'><strong>gloria</strong></span> <span class='ocrx_word' id='word_1_707' title='bbox 1804 5557 2001 5612; x_wconf 77' lang='lat' dir='ltr'><strong>etelnm</strong></span> 
     </span>
    </p>
   </div>
   <div class='ocr_carea' id='block_1_100' title="bbox 413 5647 2005 5719">
    <p class='ocr_par' dir='ltr' id='par_1_100' title="bbox 413 5647 2005 5719">
     <span class='ocr_line' id='line_1_100' title="bbox 413 5647 2005 5719; baseline 0.004 -19"><span class='ocrx_word' id='word_1_708' title='bbox 413 5647 684 5717; x_wconf 68' lang='lat' dir='ltr'><strong>&#39;te&#39;lusque</strong></span> <span class='ocrx_word' id='word_1_709' title='bbox 730 5649 990 5719; x_wconf 82' lang='lat' dir='ltr'><strong>repletur.</strong></span> <span class='ocrx_word' id='word_1_710' title='bbox 1048 5648 1374 5708; x_wconf 86' lang='lat' dir='ltr'><strong>Novissimis</strong></span> <span class='ocrx_word' id='word_1_711' title='bbox 1401 5658 1580 5705; x_wconf 81' lang='lat' dir='ltr'><strong>autem</strong></span> <span class='ocrx_word' id='word_1_712' title='bbox 1618 5650 1828 5717; x_wconf 85' lang='lat' dir='ltr'><strong>diebus,</strong></span> <span class='ocrx_word' id='word_1_713' title='bbox 1865 5664 2005 5707; x_wconf 85' lang='lat' dir='ltr'><strong>unus</strong></span> 
     </span>
    </p>
   </div>
   <div class='ocr_carea' id='block_1_101' title="bbox 419 5739 2005 5812">
    <p class='ocr_par' dir='ltr' id='par_1_101' title="bbox 419 5739 2005 5812">
     <span class='ocr_line' id='line_1_101' title="bbox 419 5739 2005 5812; baseline 0.005 -19"><span class='ocrx_word' id='word_1_714' title='bbox 419 5740 484 5793; x_wconf 91' lang='lat' dir='ltr'><strong>de</strong></span> <span class='ocrx_word' id='word_1_715' title='bbox 529 5749 715 5794; x_wconf 74' lang='lat' dir='ltr'><strong>sancta</strong></span> <span class='ocrx_word' id='word_1_716' title='bbox 746 5739 1038 5808; x_wconf 83' lang='lat' dir='ltr'><strong>Trinitate,</strong></span> <span class='ocrx_word' id='word_1_717' title='bbox 1073 5741 1241 5798; x_wconf 84' lang='lat' dir='ltr'><strong>Filius</strong></span> <span class='ocrx_word' id='word_1_718' title='bbox 1312 5756 1530 5811; x_wconf 89' lang='lat' dir='ltr'><strong>nempe,</strong></span> <span class='ocrx_word' id='word_1_719' title='bbox 1562 5741 1780 5799; x_wconf 88' lang='lat' dir='ltr'><strong>volente</strong></span> <span class='ocrx_word' id='word_1_720' title='bbox 1820 5740 2005 5812; x_wconf 79' lang='lat' dir='ltr'><strong>Patre,</strong></span> 
     </span>
    </p>
   </div>
   <div class='ocr_carea' id='block_1_102' title="bbox 422 5828 2004 5904">
    <p class='ocr_par' dir='ltr' id='par_1_102' title="bbox 422 5828 2004 5904">
     <span class='ocr_line' id='line_1_102' title="bbox 422 5828 2004 5904; baseline 0.006 -19"><span class='ocrx_word' id='word_1_721' title='bbox 422 5840 475 5886; x_wconf 81' lang='lat' dir='ltr'><strong>et</strong></span> <span class='ocrx_word' id='word_1_722' title='bbox 500 5839 688 5888; x_wconf 80' lang='lat' dir='ltr'><strong>sancto</strong></span> <span class='ocrx_word' id='word_1_723' title='bbox 722 5828 927 5902; x_wconf 77' lang='lat' dir='ltr'><strong>Spiritu</strong></span> <span class='ocrx_word' id='word_1_724' title='bbox 958 5844 1306 5904; x_wconf 76' lang='lat' dir='ltr'><strong>cooperante,</strong></span> <span class='ocrx_word' id='word_1_725' title='bbox 1334 5834 1400 5891; x_wconf 83' lang='lat' dir='ltr'><strong>ad</strong></span> <span class='ocrx_word' id='word_1_726' title='bbox 1434 5834 1727 5892; x_wconf 80' lang='lat' dir='ltr'><strong>humanam</strong></span> <span class='ocrx_word' id='word_1_727' title='bbox 1752 5845 2004 5894; x_wconf 78' lang='lat' dir='ltr'><strong>naturam</strong></span> 
     </span>
    </p>
   </div>
   <div class='ocr_carea' id='block_1_103' title="bbox 2182 4333 3699 4421">
    <p class='ocr_par' dir='ltr' id='par_1_103' title="bbox 2182 4333 3699 4421">
     <span class='ocr_line' id='line_1_103' title="bbox 2182 4333 3699 4421; baseline -0.011 -17"><span class='ocrx_word' id='word_1_728' title='bbox 2182 4347 2588 4421; x_wconf 84' lang='grc' dir='ltr'><strong>Ὀμολογοῦμεν</strong></span> <span class='ocrx_word' id='word_1_729' title='bbox 2616 4348 2750 4418; x_wconf 89' lang='grc' dir='ltr'><strong>γοῦν</strong></span> <span class='ocrx_word' id='word_1_730' title='bbox 2804 4343 3092 4416; x_wconf 78' lang='grc' dir='ltr'><strong>ὁμοούσιον</strong></span> <span class='ocrx_word' id='word_1_731' title='bbox 3126 4340 3227 4396; x_wconf 73' lang='grc' dir='ltr'><strong>καὶ</strong></span> <span class='ocrx_word' id='word_1_732' title='bbox 3257 4337 3557 4409; x_wconf 79' lang='grc' dir='ltr'><strong>ἀγέννητον</strong></span> <span class='ocrx_word' id='word_1_733' title='bbox 3596 4333 3699 4404; x_wconf 81' lang='grc' dir='ltr'><strong>τὴν</strong></span> 
     </span>
    </p>
   </div>
   <div class='ocr_carea' id='block_1_104' title="bbox 2105 4424 3700 4513">
    <p class='ocr_par' dir='ltr' id='par_1_104' title="bbox 2105 4424 3700 4513">
     <span class='ocr_line' id='line_1_104' title="bbox 2105 4424 3700 4513; baseline -0.011 -16"><span class='ocrx_word' id='word_1_734' title='bbox 2105 4442 2268 4512; x_wconf 88' lang='grc' dir='ltr'><strong>ἀγίαν</strong></span> <span class='ocrx_word' id='word_1_735' title='bbox 2305 4440 2516 4513; x_wconf 85' lang='grc' dir='ltr'><strong>Τριάδα</strong></span> <span class='ocrx_word' id='word_1_736' title='bbox 2561 4441 2621 4494; x_wconf 69' lang='grc' dir='ltr'><strong>ιν</strong></span> <span class='ocrx_word' id='word_1_737' title='bbox 2650 4439 2800 4511; x_wconf 76' lang='grc' dir='ltr'><strong>τρισὶ</strong></span> <span class='ocrx_word' id='word_1_738' title='bbox 2847 4433 3242 4508; x_wconf 82' lang='grc' dir='ltr'><strong>διαιρουμένην</strong></span> <span class='ocrx_word' id='word_1_739' title='bbox 3290 4432 3411 4494; x_wconf 84' lang='grc' dir='ltr'><strong>ταῖς</strong></span> <span class='ocrx_word' id='word_1_740' title='bbox 3458 4424 3700 4483; x_wconf 82' lang='grc' dir='ltr'><strong>ὑποστά-</strong></span> 
     </span>
    </p>
   </div>
   <div class='ocr_carea' id='block_1_105' title="bbox 2109 4519 3697 4602">
    <p class='ocr_par' dir='ltr' id='par_1_105' title="bbox 2109 4519 3697 4602">
     <span class='ocr_line' id='line_1_105' title="bbox 2109 4519 3697 4602; baseline -0.011 -15"><span class='ocrx_word' id='word_1_741' title='bbox 2109 4549 2250 4598; x_wconf 89' lang='grc' dir='ltr'><strong>σεσι,</strong></span> <span class='ocrx_word' id='word_1_742' title='bbox 2292 4535 2387 4586; x_wconf 72' lang='grc' dir='ltr'><strong>καὶ</strong></span> <span class='ocrx_word' id='word_1_743' title='bbox 2435 4533 2518 4595; x_wconf 84' lang='grc' dir='ltr'><strong>είς</strong></span> <span class='ocrx_word' id='word_1_744' title='bbox 2575 4530 2705 4602; x_wconf 86' lang='grc' dir='ltr'><strong>μίαν</strong></span> <span class='ocrx_word' id='word_1_745' title='bbox 2739 4528 2906 4599; x_wconf 78' lang='grc' dir='ltr'><strong>φύσιν</strong></span> <span class='ocrx_word' id='word_1_746' title='bbox 2950 4528 3047 4582; x_wconf 77' lang='grc' dir='ltr'><strong>καὶ</strong></span> <span class='ocrx_word' id='word_1_747' title='bbox 3092 4525 3328 4596; x_wconf 83' lang='grc' dir='ltr'><strong>θεότητα</strong></span> <span class='ocrx_word' id='word_1_748' title='bbox 3373 4519 3697 4589; x_wconf 74' lang='grc' dir='ltr'><strong>ἑνουμένην,</strong></span> 
     </span>
    </p>
   </div>
   <div class='ocr_carea' id='block_1_106' title="bbox 2105 4615 3701 4698">
    <p class='ocr_par' dir='ltr' id='par_1_106' title="bbox 2105 4615 3701 4698">
     <span class='ocr_line' id='line_1_106' title="bbox 2105 4615 3701 4698; baseline -0.011 -17"><span class='ocrx_word' id='word_1_749' title='bbox 2105 4627 2211 4681; x_wconf 80' lang='grc' dir='ltr'><strong>οὐκ</strong></span> <span class='ocrx_word' id='word_1_750' title='bbox 2253 4626 2554 4698; x_wconf 80' lang='grc' dir='ltr'><strong>είργμένην</strong></span> <span class='ocrx_word' id='word_1_751' title='bbox 2601 4626 2662 4679; x_wconf 81' lang='grc' dir='ltr'><strong>ὲν</strong></span> <span class='ocrx_word' id='word_1_752' title='bbox 2706 4624 2888 4695; x_wconf 85' lang='grc' dir='ltr'><strong>χρόνῳ</strong></span> <span class='ocrx_word' id='word_1_753' title='bbox 2929 4620 3053 4675; x_wconf 78' lang='grc' dir='ltr'><strong>οὐδὲ</strong></span> <span class='ocrx_word' id='word_1_754' title='bbox 3079 4618 3398 4688; x_wconf 81' lang='grc' dir='ltr'><strong>παυομένην</strong></span> <span class='ocrx_word' id='word_1_755' title='bbox 3429 4615 3464 4686; x_wconf 77' lang='grc' dir='ltr'>ἦ</span> <span class='ocrx_word' id='word_1_756' title='bbox 3502 4628 3701 4685; x_wconf 77' lang='grc' dir='ltr'><strong>τρεπο⁴</strong></span> 
     </span>
    </p>
   </div>
   <div class='ocr_carea' id='block_1_107' title="bbox 2111 4704 3698 4796">
    <p class='ocr_par' dir='ltr' id='par_1_107' title="bbox 2111 4704 3698 4796">
     <span class='ocr_line' id='line_1_107' title="bbox 2111 4704 3698 4796; baseline -0.011 -19"><span class='ocrx_word' id='word_1_757' title='bbox 2111 4722 2282 4796; x_wconf 71' lang='grc' dir='ltr'><strong>μίνην</strong></span> <span class='ocrx_word' id='word_1_758' title='bbox 2309 4722 2387 4788; x_wconf 82' lang='grc' dir='ltr'><strong>ὡς</strong></span> <span class='ocrx_word' id='word_1_759' title='bbox 2432 4719 2673 4792; x_wconf 76' lang='grc' dir='ltr'><strong>γενητὴν</strong></span> <span class='ocrx_word' id='word_1_760' title='bbox 2716 4719 2901 4788; x_wconf 82' lang='grc' dir='ltr'><strong>φύσιν.</strong></span> <span class='ocrx_word' id='word_1_761' title='bbox 2947 4716 3008 4771; x_wconf 88' lang='lat'><strong>&#39;0</strong></span> <span class='ocrx_word' id='word_1_762' title='bbox 3054 4711 3248 4782; x_wconf 81' lang='grc' dir='ltr'><strong>Πατὴρ</strong></span> <span class='ocrx_word' id='word_1_763' title='bbox 3286 4710 3610 4780; x_wconf 82' lang='grc' dir='ltr'><strong>ἀγέννητος,</strong></span> <span class='ocrx_word' id='word_1_764' title='bbox 3636 4704 3698 4760; x_wconf 78' lang='grc' dir='ltr'><strong>οὐ</strong></span> 
     </span>
    </p>
   </div>
   <div class='ocr_carea' id='block_1_108' title="bbox 2107 4800 3703 4889">
    <p class='ocr_par' dir='ltr' id='par_1_108' title="bbox 2107 4800 3703 4889">
     <span class='ocr_line' id='line_1_108' title="bbox 2107 4800 3703 4889; baseline -0.013 -17"><span class='ocrx_word' id='word_1_765' title='bbox 2107 4817 2217 4889; x_wconf 84' lang='grc' dir='ltr'><strong>γὰρ</strong></span> <span class='ocrx_word' id='word_1_766' title='bbox 2264 4816 2329 4870; x_wconf 79' lang='grc' dir='ltr'><strong>ἐκ</strong></span> <span class='ocrx_word' id='word_1_767' title='bbox 2369 4832 2537 4881; x_wconf 89' lang='grc' dir='ltr'><strong>τινος,</strong></span> <span class='ocrx_word' id='word_1_768' title='bbox 2565 4814 2650 4867; x_wconf 81' lang='grc' dir='ltr'><strong>δτι</strong></span> <span class='ocrx_word' id='word_1_769' title='bbox 2695 4812 2756 4879; x_wconf 76' lang='grc' dir='ltr'>ἐξ</span> <span class='ocrx_word' id='word_1_770' title='bbox 2799 4809 3049 4873; x_wconf 83' lang='grc' dir='ltr'><strong>οὐδενός⁴</strong></span> <span class='ocrx_word' id='word_1_771' title='bbox 3097 4810 3126 4863; x_wconf 90' lang='grc' dir='ltr'><strong>ό</strong></span> <span class='ocrx_word' id='word_1_772' title='bbox 3167 4806 3294 4870; x_wconf 82' lang='grc' dir='ltr'><strong>Υἱὸς</strong></span> <span class='ocrx_word' id='word_1_773' title='bbox 3338 4801 3598 4874; x_wconf 76' lang='grc' dir='ltr'><strong>γεννητὸς</strong></span> <span class='ocrx_word' id='word_1_774' title='bbox 3637 4800 3703 4853; x_wconf 77' lang='grc' dir='ltr'><strong>ὲκ</strong></span> 
     </span>
    </p>
   </div>
   <div class='ocr_carea' id='block_1_109' title="bbox 2104 4893 3703 4979">
    <p class='ocr_par' dir='ltr' id='par_1_109' title="bbox 2104 4893 3703 4979">
     <span class='ocr_line' id='line_1_109' title="bbox 2104 4893 3703 4979; baseline -0.011 -16"><span class='ocrx_word' id='word_1_775' title='bbox 2104 4909 2202 4964; x_wconf 83' lang='grc' dir='ltr'><strong>τοῦ</strong></span> <span class='ocrx_word' id='word_1_776' title='bbox 2256 4908 2495 4979; x_wconf 75' lang='grc' dir='ltr'><strong>Πατρδς,</strong></span> <span class='ocrx_word' id='word_1_777' title='bbox 2537 4906 2852 4976; x_wconf 87' lang='grc' dir='ltr'><strong>ἀσωμάτως</strong></span> <span class='ocrx_word' id='word_1_778' title='bbox 2890 4902 2969 4968; x_wconf 78' lang='grc' dir='ltr'><strong>ὡς</strong></span> <span class='ocrx_word' id='word_1_779' title='bbox 3017 4902 3177 4970; x_wconf 87' lang='grc' dir='ltr'><strong>λόγος</strong></span> <span class='ocrx_word' id='word_1_780' title='bbox 3228 4901 3294 4954; x_wconf 78' lang='grc' dir='ltr'><strong>ὲκ</strong></span> <span class='ocrx_word' id='word_1_781' title='bbox 3330 4895 3425 4957; x_wconf 86' lang='grc' dir='ltr'><strong>νοῦ</strong></span> <span class='ocrx_word' id='word_1_782' title='bbox 3453 4913 3468 4929; x_wconf 78' lang='grc' dir='ltr'><strong>ο</strong></span> <span class='ocrx_word' id='word_1_783' title='bbox 3511 4895 3608 4949; x_wconf 74' lang='grc' dir='ltr'><strong>καὶ</strong></span> <span class='ocrx_word' id='word_1_784' title='bbox 3640 4893 3703 4946; x_wconf 78' lang='grc' dir='ltr'><strong>τὸ</strong></span> 
     </span>
    </p>
   </div>
   <div class='ocr_carea' id='block_1_110' title="bbox 2110 4989 3704 5071">
    <p class='ocr_par' dir='ltr' id='par_1_110' title="bbox 2110 4989 3704 5071">
     <span class='ocr_line' id='line_1_110' title="bbox 2110 4989 3704 5071; baseline -0.01 -16"><span class='ocrx_word' id='word_1_785' title='bbox 2110 5000 2337 5071; x_wconf 83' lang='grc' dir='ltr'><strong>Πνεῦμα</strong></span> <span class='ocrx_word' id='word_1_786' title='bbox 2378 4999 2714 5071; x_wconf 78' lang='grc' dir='ltr'><strong>ὲκπορευτὺν</strong></span> <span class='ocrx_word' id='word_1_787' title='bbox 2754 4999 2821 5052; x_wconf 83' lang='grc' dir='ltr'><strong>ὲκ</strong></span> <span class='ocrx_word' id='word_1_788' title='bbox 2857 4996 2952 5050; x_wconf 86' lang='grc' dir='ltr'><strong>τοῦ</strong></span> <span class='ocrx_word' id='word_1_789' title='bbox 3003 4992 3221 5064; x_wconf 82' lang='grc' dir='ltr'><strong>Πατρδς</strong></span> <span class='ocrx_word' id='word_1_790' title='bbox 3262 4989 3704 5060; x_wconf 79' lang='grc' dir='ltr'><strong>ἀνεξερευνήτως</strong></span> 
     </span>
    </p>
   </div>
   <div class='ocr_carea' id='block_1_111' title="bbox 2109 5074 3701 5158">
    <p class='ocr_par' dir='ltr' id='par_1_111' title="bbox 2109 5074 3701 5158">
     <span class='ocr_line' id='line_1_111' title="bbox 2109 5074 3701 5158; baseline -0.007 -17"><span class='ocrx_word' id='word_1_791' title='bbox 2109 5088 2207 5143; x_wconf 80' lang='grc' dir='ltr'><strong>καὶ</strong></span> <span class='ocrx_word' id='word_1_792' title='bbox 2234 5090 2646 5158; x_wconf 80' lang='grc' dir='ltr'><strong>ἀκατανοήτως.</strong></span> <span class='ocrx_word' id='word_1_793' title='bbox 2685 5088 2958 5158; x_wconf 80' lang='grc' dir='ltr'><strong>Ἀναρχος</strong></span> <span class='ocrx_word' id='word_1_794' title='bbox 3014 5086 3044 5138; x_wconf 82' lang='grc' dir='ltr'>ὁ</span> <span class='ocrx_word' id='word_1_795' title='bbox 3087 5082 3301 5153; x_wconf 86' lang='grc' dir='ltr'><strong>Πατὴρ,</strong></span> <span class='ocrx_word' id='word_1_796' title='bbox 3348 5081 3447 5141; x_wconf 63' lang='grc' dir='ltr'><strong>καὶ,</strong></span> <span class='ocrx_word' id='word_1_797' title='bbox 3495 5080 3560 5133; x_wconf 72' lang='grc' dir='ltr'><strong>ἐκ</strong></span> <span class='ocrx_word' id='word_1_798' title='bbox 3604 5074 3701 5131; x_wconf 81' lang='grc' dir='ltr'><strong>τοῦ</strong></span> 
     </span>
    </p>
   </div>
   <div class='ocr_carea' id='block_1_112' title="bbox 2111 5173 3703 5255">
    <p class='ocr_par' dir='ltr' id='par_1_112' title="bbox 2111 5173 3703 5255">
     <span class='ocr_line' id='line_1_112' title="bbox 2111 5173 3703 5255; baseline -0.009 -17"><span class='ocrx_word' id='word_1_799' title='bbox 2111 5185 2356 5255; x_wconf 83' lang='grc' dir='ltr'><strong>ἀνάρχου</strong></span> <span class='ocrx_word' id='word_1_800' title='bbox 2384 5183 2599 5254; x_wconf 79' lang='grc' dir='ltr'><strong>Πατρδς</strong></span> <span class='ocrx_word' id='word_1_801' title='bbox 2627 5183 2658 5236; x_wconf 83' lang='grc' dir='ltr'><strong>ό</strong></span> <span class='ocrx_word' id='word_1_802' title='bbox 2688 5180 2813 5243; x_wconf 76' lang='grc' dir='ltr'><strong>Υἱός</strong></span> <span class='ocrx_word' id='word_1_803' title='bbox 2838 5197 2851 5210; x_wconf 87' lang='grc'><strong>·</strong></span> <span class='ocrx_word' id='word_1_804' title='bbox 2888 5182 2986 5233; x_wconf 71' lang='grc' dir='ltr'><strong>καὶ</strong></span> <span class='ocrx_word' id='word_1_805' title='bbox 3015 5178 3078 5231; x_wconf 78' lang='grc' dir='ltr'><strong>τὸ</strong></span> <span class='ocrx_word' id='word_1_806' title='bbox 3117 5175 3349 5247; x_wconf 82' lang='grc' dir='ltr'><strong>Πνεῦμα</strong></span> <span class='ocrx_word' id='word_1_807' title='bbox 3384 5173 3703 5243; x_wconf 81' lang='grc' dir='ltr'><strong>ἁγεννήτως</strong></span> 
     </span>
    </p>
   </div>
   <div class='ocr_carea' id='block_1_113' title="bbox 2113 5268 3704 5348">
    <p class='ocr_par' dir='ltr' id='par_1_113' title="bbox 2113 5268 3704 5348">
     <span class='ocr_line' id='line_1_113' title="bbox 2113 5268 3704 5348; baseline -0.008 -17"><span class='ocrx_word' id='word_1_808' title='bbox 2113 5278 2207 5331; x_wconf 73' lang='grc' dir='ltr'><strong>καὶ</strong></span> <span class='ocrx_word' id='word_1_809' title='bbox 2241 5275 2497 5348; x_wconf 84' lang='grc' dir='ltr'><strong>ἀνάρχως</strong></span> <span class='ocrx_word' id='word_1_810' title='bbox 2548 5274 2646 5330; x_wconf 79' lang='grc' dir='ltr'><strong>καὶ</strong></span> <span class='ocrx_word' id='word_1_811' title='bbox 2689 5274 3100 5343; x_wconf 83' lang='grc' dir='ltr'><strong>ἀκαταλήπτως</strong></span> <span class='ocrx_word' id='word_1_812' title='bbox 3148 5271 3249 5343; x_wconf 81' lang='grc' dir='ltr'><strong>νῷ,</strong></span> <span class='ocrx_word' id='word_1_813' title='bbox 3302 5269 3397 5325; x_wconf 80' lang='grc' dir='ltr'><strong>καὶ</strong></span> <span class='ocrx_word' id='word_1_814' title='bbox 3445 5268 3704 5341; x_wconf 78' lang='grc' dir='ltr'><strong>ἀρῤήτως</strong></span> 
     </span>
    </p>
   </div>
   <div class='ocr_carea' id='block_1_114' title="bbox 2111 5360 3703 5440">
    <p class='ocr_par' dir='ltr' id='par_1_114' title="bbox 2111 5360 3703 5440">
     <span class='ocr_line' id='line_1_114' title="bbox 2111 5360 3703 5440; baseline -0.008 -17"><span class='ocrx_word' id='word_1_815' title='bbox 2111 5369 2258 5440; x_wconf 78' lang='grc' dir='ltr'><strong>λόγῳ</strong></span> <span class='ocrx_word' id='word_1_816' title='bbox 2282 5385 2294 5398; x_wconf 76' lang='grc' dir='ltr'><strong>ο</strong></span> <span class='ocrx_word' id='word_1_817' title='bbox 2317 5368 2377 5422; x_wconf 84' lang='grc' dir='ltr'><strong>ἓν</strong></span> <span class='ocrx_word' id='word_1_818' title='bbox 2412 5367 2625 5439; x_wconf 81' lang='grc' dir='ltr'><strong>θέλημα</strong></span> <span class='ocrx_word' id='word_1_819' title='bbox 2654 5368 2748 5422; x_wconf 74' lang='grc' dir='ltr'><strong>καὶ</strong></span> <span class='ocrx_word' id='word_1_820' title='bbox 2782 5366 2884 5435; x_wconf 87' lang='grc' dir='ltr'><strong>μία</strong></span> <span class='ocrx_word' id='word_1_821' title='bbox 2917 5365 3150 5437; x_wconf 84' lang='grc' dir='ltr'><strong>δύναμις</strong></span> <span class='ocrx_word' id='word_1_822' title='bbox 3185 5364 3280 5420; x_wconf 81' lang='grc' dir='ltr'><strong>καὶ</strong></span> <span class='ocrx_word' id='word_1_823' title='bbox 3308 5362 3408 5435; x_wconf 86' lang='grc' dir='ltr'><strong>μία</strong></span> <span class='ocrx_word' id='word_1_824' title='bbox 3448 5360 3669 5427; x_wconf 81' lang='grc' dir='ltr'><strong>ἐξουσία</strong></span> <span class='ocrx_word' id='word_1_825' title='bbox 3688 5375 3703 5391; x_wconf 78' lang='grc'><strong><em>⁸</em></strong></span> 
     </span>
    </p>
   </div>
   <div class='ocr_carea' id='block_1_115' title="bbox 2115 5454 3704 5534">
    <p class='ocr_par' dir='ltr' id='par_1_115' title="bbox 2115 5454 3704 5534">
     <span class='ocr_line' id='line_1_115' title="bbox 2115 5454 3704 5534; baseline -0.008 -18"><span class='ocrx_word' id='word_1_826' title='bbox 2115 5458 2196 5526; x_wconf 77' lang='grc' dir='ltr'><strong>εἷς</strong></span> <span class='ocrx_word' id='word_1_827' title='bbox 2228 5463 2461 5534; x_wconf 82' lang='grc' dir='ltr'><strong>ποιητὴς</strong></span> <span class='ocrx_word' id='word_1_828' title='bbox 2487 5463 2597 5515; x_wconf 85' lang='grc' dir='ltr'><strong>τῶν</strong></span> <span class='ocrx_word' id='word_1_829' title='bbox 2627 5462 2822 5526; x_wconf 78' lang='grc' dir='ltr'><strong>ὄντων,</strong></span> <span class='ocrx_word' id='word_1_830' title='bbox 2848 5462 2945 5515; x_wconf 69' lang='grc' dir='ltr'><strong>καὶ</strong></span> <span class='ocrx_word' id='word_1_831' title='bbox 2986 5462 3069 5523; x_wconf 86' lang='grc' dir='ltr'><strong>είς</strong></span> <span class='ocrx_word' id='word_1_832' title='bbox 3101 5456 3411 5531; x_wconf 81' lang='grc' dir='ltr'><strong>προνοητὴς</strong></span> <span class='ocrx_word' id='word_1_833' title='bbox 3460 5454 3704 5520; x_wconf 86' lang='grc' dir='ltr'><strong>πάντων,</strong></span> 
     </span>
    </p>
   </div>
   <div class='ocr_carea' id='block_1_116' title="bbox 2113 5546 3768 5629">
    <p class='ocr_par' dir='ltr' id='par_1_116' title="bbox 2113 5546 3768 5629">
     <span class='ocr_line' id='line_1_116' title="bbox 2113 5546 3768 5629; baseline -0.008 -16"><span class='ocrx_word' id='word_1_834' title='bbox 2113 5551 2177 5613; x_wconf 69' lang='grc' dir='ltr'><strong>οὗ</strong></span> <span class='ocrx_word' id='word_1_835' title='bbox 2203 5558 2420 5629; x_wconf 75' lang='grc' dir='ltr'><strong>πλήρης</strong></span> <span class='ocrx_word' id='word_1_836' title='bbox 2449 5559 2477 5610; x_wconf 87' lang='grc' dir='ltr'><strong>ό</strong></span> <span class='ocrx_word' id='word_1_837' title='bbox 2500 5557 2729 5627; x_wconf 74' lang='grc' dir='ltr'><strong>οὐρανὸς</strong></span> <span class='ocrx_word' id='word_1_838' title='bbox 2754 5556 2850 5610; x_wconf 82' lang='grc' dir='ltr'><strong>καὶ</strong></span> <span class='ocrx_word' id='word_1_839' title='bbox 2880 5558 2914 5627; x_wconf 78' lang='grc' dir='ltr'>ἡ</span> <span class='ocrx_word' id='word_1_840' title='bbox 2943 5556 3012 5625; x_wconf 83' lang='grc' dir='ltr'><strong>γῆ</strong></span> <span class='ocrx_word' id='word_1_841' title='bbox 3038 5556 3138 5624; x_wconf 71' lang='grc' dir='ltr'><strong>τῆς</strong></span> <span class='ocrx_word' id='word_1_842' title='bbox 3173 5552 3356 5622; x_wconf 81' lang='grc' dir='ltr'><strong>δόξης.</strong></span> <span class='ocrx_word' id='word_1_843' title='bbox 3398 5551 3517 5604; x_wconf 84' lang='grc' dir='ltr'><strong>Ἐπ’</strong></span> <span class='ocrx_word' id='word_1_844' title='bbox 3540 5546 3708 5618; x_wconf 76' lang='grc' dir='ltr'><strong>ἑσχά-</strong></span> <span class='ocrx_word' id='word_1_845' title='bbox 3758 5570 3768 5581; x_wconf 77' lang='grc' dir='ltr'><strong>ο</strong></span> 
     </span>
    </p>
   </div>
   <div class='ocr_carea' id='block_1_117' title="bbox 2108 5639 3703 5720">
    <p class='ocr_par' dir='ltr' id='par_1_117' title="bbox 2108 5639 3703 5720">
     <span class='ocr_line' id='line_1_117' title="bbox 2108 5639 3703 5720; baseline -0.01 -15"><span class='ocrx_word' id='word_1_846' title='bbox 2108 5666 2222 5705; x_wconf 79' lang='grc' dir='ltr'><strong>των</strong></span> <span class='ocrx_word' id='word_1_847' title='bbox 2243 5650 2299 5704; x_wconf 76' lang='grc' dir='ltr'><strong>δὲ</strong></span> <span class='ocrx_word' id='word_1_848' title='bbox 2321 5649 2429 5703; x_wconf 84' lang='grc' dir='ltr'><strong>τῶν</strong></span> <span class='ocrx_word' id='word_1_849' title='bbox 2453 5646 2697 5720; x_wconf 75' lang='grc' dir='ltr'><strong>ἡμερῶν,</strong></span> <span class='ocrx_word' id='word_1_850' title='bbox 2730 5648 2759 5700; x_wconf 85' lang='grc' dir='ltr'><strong>ὁ</strong></span> <span class='ocrx_word' id='word_1_851' title='bbox 2791 5643 2871 5710; x_wconf 78' lang='grc' dir='ltr'><strong>εἷς</strong></span> <span class='ocrx_word' id='word_1_852' title='bbox 2902 5647 3004 5718; x_wconf 81' lang='grc' dir='ltr'><strong>τῆς</strong></span> <span class='ocrx_word' id='word_1_853' title='bbox 3039 5645 3202 5714; x_wconf 83' lang='grc' dir='ltr'><strong>ἁγίας</strong></span> <span class='ocrx_word' id='word_1_854' title='bbox 3234 5642 3467 5714; x_wconf 79' lang='grc' dir='ltr'><strong>Τριάδος</strong></span> <span class='ocrx_word' id='word_1_855' title='bbox 3495 5641 3524 5694; x_wconf 85' lang='grc' dir='ltr'><strong>ὀ</strong></span> <span class='ocrx_word' id='word_1_856' title='bbox 3550 5639 3703 5705; x_wconf 72' lang='grc' dir='ltr'><strong>Υἱὸς,</strong></span> 
     </span>
    </p>
   </div>
   <div class='ocr_carea' id='block_1_118' title="bbox 2115 5728 3706 5813">
    <p class='ocr_par' dir='ltr' id='par_1_118' title="bbox 2115 5728 3706 5813">
     <span class='ocr_line' id='line_1_118' title="bbox 2115 5728 3706 5813; baseline -0.009 -16"><span class='ocrx_word' id='word_1_857' title='bbox 2115 5741 2339 5813; x_wconf 75' lang='grc' dir='ltr'><strong>εὐδοκία</strong></span> <span class='ocrx_word' id='word_1_858' title='bbox 2368 5738 2462 5794; x_wconf 88' lang='grc' dir='ltr'><strong>τοῦ</strong></span> <span class='ocrx_word' id='word_1_859' title='bbox 2495 5739 2709 5813; x_wconf 62' lang='lat' dir='ltr'><strong>ﬂat-pb;</strong></span> <span class='ocrx_word' id='word_1_860' title='bbox 2745 5740 2839 5793; x_wconf 71' lang='lat' dir='ltr'><strong>xui.</strong></span> <span class='ocrx_word' id='word_1_861' title='bbox 2873 5736 3168 5808; x_wconf 71' lang='grc' dir='ltr'><strong>συνεργείᾳ</strong></span> <span class='ocrx_word' id='word_1_862' title='bbox 3199 5734 3295 5790; x_wconf 89' lang='grc' dir='ltr'><strong>τοῦ</strong></span> <span class='ocrx_word' id='word_1_863' title='bbox 3328 5732 3486 5803; x_wconf 87' lang='grc' dir='ltr'><strong>ἁγίου</strong></span> <span class='ocrx_word' id='word_1_864' title='bbox 3532 5728 3706 5785; x_wconf 72' lang='lat' dir='ltr'><strong>Ilvati-</strong></span> 
     </span>
    </p>
   </div>
   <div class='ocr_carea' id='block_1_119' title="bbox 2118 5824 3709 5909">
    <p class='ocr_par' dir='ltr' id='par_1_119' title="bbox 2118 5824 3709 5909">
     <span class='ocr_line' id='line_1_119' title="bbox 2118 5824 3709 5909; baseline -0.009 -17"><span class='ocrx_word' id='word_1_865' title='bbox 2118 5853 2289 5909; x_wconf 87' lang='grc' dir='ltr'><strong>ματος</strong></span> <span class='ocrx_word' id='word_1_866' title='bbox 2319 5831 2569 5890; x_wconf 79' lang='grc' dir='ltr'><strong>ἐκκλινεν</strong></span> <span class='ocrx_word' id='word_1_867' title='bbox 2590 5833 2671 5898; x_wconf 85' lang='grc' dir='ltr'><strong>είς</strong></span> <span class='ocrx_word' id='word_1_868' title='bbox 2700 5831 2801 5903; x_wconf 79' lang='grc' dir='ltr'><strong>τὴν</strong></span> <span class='ocrx_word' id='word_1_869' title='bbox 2834 5830 3111 5903; x_wconf 77' lang='grc' dir='ltr'><strong>ἡμετέραν</strong></span> <span class='ocrx_word' id='word_1_870' title='bbox 3134 5830 3299 5904; x_wconf 75' lang='grc' dir='ltr'><strong>φύσιν</strong></span> <span class='ocrx_word' id='word_1_871' title='bbox 3325 5828 3415 5885; x_wconf 82' lang='grc' dir='ltr'><strong>διὰ</strong></span> <span class='ocrx_word' id='word_1_872' title='bbox 3440 5824 3539 5901; x_wconf 75' lang='grc' dir='ltr'><strong>τὴν</strong></span> <span class='ocrx_word' id='word_1_873' title='bbox 3570 5824 3709 5899; x_wconf 69' lang='grc' dir='ltr'><strong>ἠμε-</strong></span> 
     </span>
    </p>
   </div>
  </div>
