4096 6404
357 313 473 382 an
1116 342 1128 361 ι
1771 316 2235 383 DISPUTATIO
2276 316 2361 380 II.
3530 308 3536 313 ’
3600 308 3708 374 918

376 432 558 505 πέραν
592 434 898 506 σωτηρίαν
921 449 938 466 ο
975 432 1070 488 καὶ
1124 433 1317 488 ἔλαϐεν
1370 436 1405 507 ή
1441 432 1624 489 τελεία
1671 412 1866 504 θεότης
1909 435 2011 506 τὴν

2116 441 2340 505 propter
2395 441 2640 487 nostram
2695 430 2927 485 salutem
2981 437 3156 485 semet
3204 422 3509 491 inclinavit,
3542 424 3614 481 ita
3646 428 3706 479 ut

388 526 615 583 τελείαν
644 526 1013 601 ἀνθρωπίνην
1035 528 1220 598 φύσιν,
1246 527 1429 601 ψυχὴν
1456 529 1550 584 καὶ
1574 529 1700 584 νοῦν
1726 530 1821 584 καὶ
1844 528 2007 600 σῶμα

2116 530 2353 602 perfecta
2383 527 2641 585 divinitas
2671 525 2971 598 perfectam
2998 523 3257 581 asciverit
3281 522 3702 591 humanitatem,

402 621 472 676 ιχ
501 620 602 690 τῆς
628 618 1011 690 ἀειπαρθένου
1040 619 1295 690 Μαρίας
1343 622 1438 676 καὶ
1486 621 1708 689 ἐγένετο
1747 621 1910 692 καινὴ
1940 622 2005 675 ὲκ

397 714 499 768 δύο
530 712 752 784 φύσεων
782 713 869 775 εἰς
897 712 1030 782 μίαν
1064 714 1375 768 ὑπόστασιν
1408 712 1716 769 ἑνωθεισῶν
1756 716 2008 788 ἅποῤῥήι-

401 824 517 861 τως
556 806 654 861 καὶ
696 805 1024 877 ἁχωρίστως
1052 821 1070 838 ·
1110 807 1207 863 καὶ
1256 807 1521 880 ἐγεννήθη
1568 807 1628 875 ἐξ
1670 807 1843 880 αὐτῆς
1873 809 2005 875 θεὸς

400 901 869 973 ὲνανθρωπήσας,
898 902 996 956 καὶ
1024 902 1054 953 ὁ
1081 901 1210 965 Υἱὸς
1240 901 1335 955 τοῦ
1362 901 1524 969 Θεοῦ,
1560 902 1690 968 Υἱὸς
1712 903 2005 979 ἀνθρώπου

403 998 505 1050 καὶ
531 994 827 1065 γενόμενος
860 993 958 1047 καὶ
986 993 1325 1064 καλούμενος
1360 992 1472 1049 οὔτ’
1507 995 1783 1067 ἠλλοιώθη
1814 998 1878 1052 ἐκ
1904 999 2004 1071 τῆς

402 1087 764 1159 ἀνθρωπίνης
796 1085 990 1151 οὐσίας
1021 1087 1084 1141 τὸ
1103 1087 1454 1159 προσληφθὲν
1476 1094 1541 1144 ἐκ
1561 1091 1663 1160 τῆς
1697 1090 2003 1162 Παρθένου,

402 1175 527 1231 ἀλλ’
551 1181 610 1231 ἐν
646 1178 713 1247 τῇ
740 1177 969 1250 ἀρρήτῳ
998 1176 1193 1231 ἑνώσει
1234 1177 1336 1248 τῆς
1368 1177 1624 1249 θεότητος
1658 1182 1754 1235 καὶ
1783 1181 1883 1252 τῆς
1911 1183 2008 1235 ἀν-

403 1270 788 1341 θρωπότητος,
822 1271 1046 1341 ἔμεινεν
1075 1271 1459 1344 ἀμετάσλητος
1480 1275 1576 1328 καὶ
1602 1273 1875 1346 ἄτρεπτος
1897 1274 2006 1330 τῶν

390 1364 628 1430 φύσεων
653 1367 687 1433 ή
726 1365 1064 1436 φανέρωσις,
1108 1366 1249 1438 πλὴν
1291 1368 1441 1439 μόνῳ
1488 1368 1565 1442 νῷ
1621 1369 2003 1442 θεωρουμένη,

398 1459 504 1512 καὶ
538 1460 866 1529 ἀχωρίστως
894 1460 991 1513 καὶ
1021 1459 1372 1531 ἁδιαιρέτως.
1406 1463 1518 1516 Καὶ
1538 1466 1647 1533 γὰρ
1673 1465 2006 1536 ὑπερέκεινα

398 1551 508 1621 τῆς
544 1551 747 1621 μίξεως
777 1550 888 1605 τῶν
919 1552 1137 1611 θνητῶν
1171 1553 1391 1623 φύεεων
1422 1558 1623 1611 νοεῖται
1650 1558 1682 1627 ή
1717 1558 1812 1612 τοῦ
1842 1559 2007 1630 Ποιη-

399 1643 501 1699 rei
528 1645 731 1716 κρᾶσις
757 1644 900 1716 μετὰ
923 1645 1021 1701 τοῦ
1046 1647 1378 1717 κτίσματος·
1411 1650 1622 1704 ἐκεῖναι
1643 1651 1809 1724 γὰρῆ
1839 1653 2007 1723 χωρί-

2110 624 2349 680 animam
2405 622 2635 684 scilicet.
2660 628 2898 675 mentem
2953 631 3282 690 corpusque,
3337 631 3403 673 ex
3439 628 3704 689 perpetua

2110 717 2335 790 Virgine
2392 715 2614 772 Maria:
2652 715 2903 784 factaque
2962 727 3102 769 nova
3151 710 3470 782 conjunctio
3529 717 3706 764 estex

2106 810 2319 869 duabus
2367 809 2580 865 naturis
2637 806 2739 864 sub
2790 821 3023 878 persona
3066 804 3226 861 unica
3277 800 3625 857 ineffabiliter
3650 812 3706 856 et

2111 902 2554 978 inseparabiliter
2604 901 2803 968 unitis,
2862 900 3116 970 Deosque
3142 899 3468 954 humanatus
3503 897 3571 952 de
3592 895 3705 950 Ma-

2107 1001 2189 1056 ria
2252 1010 2413 1054 natus
2438 1005 2522 1053 est
2553 1012 2570 1051 :
2607 1005 2662 1052 et
2687 994 2780 1065 qui
2825 994 2994 1051 Filius
3021 992 3118 1049 Dei
3151 1001 3256 1059 est,
3287 990 3441 1066 idem
3478 997 3533 1044 et
3561 1003 3620 1044 re
3649 998 3706 1043 et

2106 1090 2330 1148 nomine
2374 1087 2552 1145 Filius
2612 1084 2848 1141 hominis
2908 1099 3029 1140 esse
3052 1083 3219 1153 coepit
3250 1093 3480 1151 :.ueque
3522 1087 3705 1134 tamen

2110 1185 2350 1240 uthomo
2380 1184 2558 1250 fieret,
2585 1179 2824 1236 divinam
2859 1187 3111 1234 naturam
3140 1177 3450 1231 immutavit
3478 1192 3494 1242 ;
3529 1189 3707 1244 neque

2109 1275 2165 1334 id
2190 1276 2333 1347 quod
2381 1291 2412 1331 a
2440 1273 2663 1345 Virgine
2716 1271 2982 1340 sumpsit,
3016 1268 3312 1324 humanam
3338 1266 3702 1324 substantiam

2111 1369 2390 1434 deseruit;
2444 1368 2539 1424 sed
2596 1366 2650 1420 in
2682 1352 2941 1419 ineffabili
2972 1362 3270 1418 divinitatis
3291 1369 3348 1416 et
3397 1358 3708 1414 humanita-

2109 1463 2178 1519 tis
2205 1461 2425 1526 unione,
2447 1457 2799 1515 immutabilis
2830 1466 2885 1511 et
2919 1453 3352 1511 inconvertibilis
3378 1460 3702 1507 naturarum

2109 1557 2311 1613 mansit
2354 1553 2632 1620 .ostensio,
2691 1553 2853 1623 quam
2888 1558 3067 1606 tamen
3098 1556 3280 1604 mente
3327 1543 3704 1603 tantummodo

2107 1646 2468 1717 contemplari
2498 1645 2653 1710 licet;
2686 1655 2883 1712 caque,
2909 1650 2967 1695 ut
3006 1639 3139 1703 dixi,
3192 1633 3634 1706 inseparabiliter
3653 1641 3710 1687 et

399 1738 594 1804 ζονται
640 1743 708 1809 τῇ
750 1738 972 1805 ἑνώσει,
1008 1742 1042 1813 ἢ
1083 1741 1521 1813 μεταϐάλλουσιν
1567 1747 1649 1807 είς
1690 1745 1867 1800 ἄλλα·
1898 1745 2004 1799 ὁδὲ

2116 1739 2493 1799 indivisihilite
2514 1754 2541 1793 r
2574 1736 2822 1793 confecta
2883 1742 2986 1792 est.
3022 1731 3238 1789 Etenim
3267 1729 3545 1788 Creatoris
3570 1742 3708 1788 con-

403 1832 651 1906 Ποιητὴς
685 1833 853 1904 φύσει
877 1835 1089 1906 ἥνωται
1128 1836 1281 1904 ἡμῖν,
1315 1837 1597 1908 χωρισμὸν
1624 1838 1659 1908 ἢ
1699 1838 2006 1912 μεταϐολὴν

2116 1837 2281 1893 cretio
2334 1849 2456 1889 cum
2523 1840 2806 1895 creatura,
2892 1842 3057 1898 supra
3113 1826 3328 1881 solitam
3389 1822 3707 1880 mortalium

402 1927 510 1981 οὐκ
536 1926 757 1994 ἐδέξατο
788 1929 874 1991 είς
904 1925 1330 1999 ἁνθρωπότητι,
1367 1930 1400 2002 ἢ
1435 1931 1538 2000 τῆς
1581 1930 2008 2005 ἀνθρωπότητος

407 2020 491 2081 εἰς
524 2017 779 2088 θεότητα.
811 2020 907 2072 Διὸ
957 2020 1021 2073 οὐ
1062 2021 1204 2075 κατὰ
1230 2021 1323 2075 τὸν
1367 2023 1667 2096 Νεστόριον
1711 2025 2008 2097 μερίζομεν

412 2113 496 2174 εἰς
530 2112 625 2167 δύο
669 2113 935 2185 πρόιωπα
970 2115 1064 2170 τὸν
1112 2115 1210 2170 ἕνα
1246 2117 1505 2188 Χριστὸν,
1558 2119 1700 2187 οὐδὲ,
1733 2123 1876 2176 κατὰ
1915 2122 2009 2177 τὸν

423 2204 655 2275 Εὐτυχῆ
686 2207 781 2261 καὶ
804 2205 928 2271 τοὺς
964 2207 1285 2280 ὁμόφρονας
1324 2211 1518 2277 αὐτοῦ,
1566 2216 1647 2278 είς
1684 2215 1815 2284 μίαν
1844 2216 2009 2285 φύσιν

421 2298 760 2370 συγχέομεν,
790 2299 923 2354 ἀλλὰ
957 2299 1197 2371 λέγομεν
1226 2302 1335 2367 ’τὰς
1366 2304 1461 2359 δύο
1506 2304 1702 2374 φύσεις
1738 2308 1884 2363 κατὰ
1916 2311 2008 2364 τὸν

421 2392 607 2462 μέγαν
637 2391 926 2464 Γρηγόριον
955 2395 1052 2449 τὸν
1079 2394 1341 2466 Θεολόγον
1367 2399 1427 2452 ιν
1455 2401 1522 2471 τῇ
1550 2393 1686 2472 πρὸς
1713 2402 2009 2474 Κληδόνιον

417 2485 685 2555 ἑπιστολῇ
714 2486 991 2557 γράφοντα
1022 2487 1168 2541 κατὰ
1203 2490 1591 2564 ’Λπολιναρίου
1625 2495 1721 2549 καὶ
1754 2496 1874 2550 τῶν
1910 2498 2010 2553 σὺν

415 2577 593 2647 αὐτῷ,
626 2579 706 2632 ὅτι
742 2579 938 2647 φύσεις
977 2579 1073 2634 δύο
1096 2598 1112 2612 ·
1136 2578 1274 2637 εἶτα
1311 2583 1460 2652 λέγει
1514 2587 1608 2640 καὶ
1660 2586 1760 2658 τὴν
1800 2590 2006 2654 αἰτίαν,

406 2671 547 2735 Θεὸς
583 2672 679 2757 καὶ
722 2672 1039 2757 ἅνθρωπος.
1086 2676 1194 2731 Καὶ
1243 2678 1305 2730 ἐν
1354 2678 1627 2754 ἀληθείᾳ*
1674 2683 1770 2736 καὶ
1814 2685 1922 2757 γὰρ
1958 2686 2010 2740 εί

404 2765 571 2831 Θεὸςι
596 2752 760 2838 μῖόνον
788 2767 823 2837 ἢ
863 2752 1157 2842 ἄνθρωπος
1203 2770 1385 2841 μόνον,
1420 2752 1648 2843 εὔλογον
1687 2775 1756 2829 ἂν
1796 2752 2008 2848 εἴη-λέ.

402 2878 532 2931 γειν
561 2864 698 2932 μίαν
723 2861 888 2933 φύσιν
910 2862 1083 2934 ἔχειν,
1106 2863 1138 2936 ἢ
1162 2864 1314 2919 θείαν
1336 2866 1370 2938 ἢ
1404 2867 1751 2940 ἀνθρωπίνην
1774 2886 1793 2902 υ
1818 2871 2007 2943 ἐπειδὴ

402 2957 464 3010 δὲ
491 2956 633 3019 θεός
654 2957 773 3011 ἐστι
805 2955 903 3012 καὶ
930 2956 1220 3029 ἄνθρωπος
1264 2960 1490 3024 ἑνωθεὶς
1518 2962 1748 3035 ἀρρήτῳ
1792 2962 2007 3032 ἐνώσει,

406 3048 573 3119 δῆλον
600 3051 688 3105 ὅτι
747 3050 906 3104 θείαν
962 3051 1078 3122 ἔχει
1132 3051 1297 3123 φύσιν
1354 3055 1449 3107 καὶ
1482 3053 1859 3128 ἀνθρωπίνην,
1892 3056 2008 3111 ἀλλ’

2110 1938 2428 1986 naturarum
2491 1926 2798 1982 mistionem
2853 1933 2938 1979 est
2972 1939 2988 1976 :
3022 1922 3104 1978 hae
3149 1920 3348 1991 quippe
3372 1918 3459 1974 vel
3486 1918 3553 1973 ab
3586 1915 3709 1970 aliis

2114 2031 2446 2094 separantur
2472 2020 2599 2074 dum
2630 2017 2749 2073 aliis
2779 2016 3061 2078 uuiuntur,
3106 2013 3191 2068 vel
3241 2010 3389 2067 aliud
3436 2008 3567 2081 quid
3593 2005 3710 2062 elli-

2111 2117 2341 2173 ciuntur
2383 2130 2400 2170 :
2461 2111 2688 2168 Creator
2724 2096 2906 2164 autem
2956 2105 3280 2162 naturaliter
3329 2102 3487 2158 nobis
3519 2102 3709 2156 unitus

2113 2219 2220 2279 est,
2280 2208 2409 2279 quin
2473 2217 2659 2261 tamen
2709 2220 2738 2259 a
2792 2202 3086 2260 divinitate
3134 2206 3503 2268 separaretur,
3534 2192 3617 2250 vel
3650 2192 3706 2248 in

2114 2302 2513 2359 humanitatem
2569 2296 2828 2354 divinitas
2876 2303 3307 2352 converteretur.
3339 2288 3708 2358 Quamobrem

2110 2396 2256 2451 haud
2312 2408 2437 2449 cum
2462 2389 2718 2447 Nestorio
2767 2406 2933 2444 unum
2970 2387 3251 2443 Christum
3286 2385 3338 2439 in
3369 2383 3504 2440 duas
3525 2392 3711 2451 perso-

2116 2493 2541 2563 nas‘partimur,
2595 2502 2771 2558 neque
2826 2501 2949 2542 cum
2985 2483 3282 2561 Eutychete
3321 2480 3544 2552 ejusque
3567 2491 3713 2532 assc-

2113 2589 2213 2644 clis
2281 2588 2333 2640 in
2389 2583 2606 2639 unicam
2637 2590 2894 2636 naturam
2947 2575 3379 2641 confundimus;
3435 2570 3528 2627 sed
3571 2567 3711 2623 duas

2116 2692 2339 2738 naturas
2389 2693 2455 2732 ex
2490 2674 2668 2746 magni
2698 2673 2932 2741 theologi
2995 2666 3247 2739 Gregorii
3272 2664 3537 2721 sententia
3575 2660 3714 2716 dici-

2116 2778 2261 2836 mus,
2299 2769 2392 2840 qui
2418 2770 2472 2823 in
2527 2766 2761 2837 epistola
2792 2766 2860 2820 ad
2901 2762 3220 2819 Cledonium
3254 2758 3518 2814 adversus
3538 2753 3709 2824 Apol-

2115 2864 2343 2919 linarem
2366 2864 2593 2933 ejusque
2620 2869 3013 2917 consectaneus
3030 2856 3168 2912 duas
3197 2862 3419 2908 naturas
3437 2848 3666 2904 allirmat
3688 2861 3706 2901 :

2114 2958 2270 3030 cujus
2303 2959 2378 3013 rei
2403 2957 2552 3012 addit
2569 2970 2813 3021 causam,
2849 2953 2973 3023 quia
2997 2951 3246 3006 videlicet
3276 2947 3415 3002 Deus
3439 2946 3711 3013 homoque

2113 3062 2218 3109 est.
2243 3050 2414 3106 Recte
2447 3046 2499 3106 id
2522 3063 2653 3105 sane
2686 3067 2700 3105 :
2738 3062 2862 3102 nam
2896 3045 2941 3101 si
2970 3043 3112 3099 Deus
3139 3037 3510 3096 tantummodo
3538 3044 3710 3103 esset,

412 3142 738 3211 ἡνωμένους,
768 3143 1119 3215 ἀχωρίστως,
1156 3145 1347 3219 ὥσπερ
1389 3145 1538 3220 ψυχὴ
1569 3149 1664 3203 καὶ
1699 3149 1878 3222 σῶμαο
1913 3150 2009 3205 καὶ

2118 3145 2205 3200 vel
2231 3146 2393 3201 homo
2434 3140 2833 3209 tantummodo,
2859 3148 3008 3195 recte
3050 3137 3324 3193 diceretur
3355 3147 3515 3187 unam
3552 3137 3712 3184 natu-

412 3235 495 3289 ετι
536 3235 862 3307 ὑπερϐαίνει
900 3240 934 3308 ἠ
977 3238 1206 3309 ἀλήθεια
1255 3239 1357 3310 τῆς
1406 3241 1656 3307 ἑνὼσεως
1708 3243 1770 3298 τὸ
1825 3245 2009 3316 παρά-

413 3326 638 3396 δειγμα,
670 3328 750 3415 ὡς
787 3331 884 3382 καὶ
922 3330 1088 3394 αὐτὸς
1118 3332 1146 3384 ὁ
1172 3330 1493 3397 διδάσκαλος
1521 3333 1649 3404 ἑξῆς
1681 3333 1865 3404 λέγει’
1893 3336 2011 3391 Οὐκ

410 3422 579 3486 ἄλλος
628 3424 728 3478 καὶ
776 3423 963 3489 ἄλλος,
998 3424 1074 3495 μὴ
1104 3424 1346 3494 γένοιτο·
1377 3426 1446 3481 τὰ
1482 3427 1594 3500 γὰρ
1629 3429 1917 3499 ἀμφότερα
1948 3430 2008 3483 ὲν

407 3520 481 3587 τῇ
519 3519 847 3586 συγκράσει,
886 3516 1025 3571 θεοῦ
1061 3517 1160 3588 μὲν
1201 3519 1754 3593 ὲνανθρωπήσαντος,
1794 3521 2009 3593 ἀνθρώο

414 3625 521 3661 που
557 3609 615 3662 δὲ
657 3607 976 3670 θεωθὲντος.
1008 3608 1122 3661 Καὶ
1173 3606 1410 3678 ἀλλαχοῦ
1450 3625 1609 3680 φησι,
1639 3608 1871 3673 Διπλοῦς
1897 3608 2008 3682 γὰρ

413 3695 485 3772 ἦν
508 3699 756 3772 δηλονότι
784 3701 850 3771 τῇ
879 3698 1043 3769 φύσει
1072 3699 1133 3753 οὑ
1161 3703 1227 3771 τῇ
1260 3701 1582 3757 ὑποστάσει.

2119 3255 2236 3295 ram
2296 3237 2521 3301 habere,
2552 3237 2638 3290 vel
2691 3235 2930 3292 divinam
2966 3231 3175 3287 scilicet
3225 3228 3309 3283 vel
3361 3227 3704 3281 humanam:
3748 3248 3758 3257 -

2120 3347 2267 3386 nunc
2328 3346 2450 3386 cum
2510 3329 2653 3384 Deus
2706 3337 2761 3384 et
2816 3326 2979 3382 homo
3019 3325 3091 3379 sit
3132 3318 3389 3377 ineffabili
3425 3314 3710 3386 copulatus

2120 3426 2341 3492 unione,
2366 3432 2581 3481 constat
2608 3436 2733 3477 eum
2786 3429 2895 3475 tum
2924 3418 3166 3474 divinam
3216 3415 3420 3471 habere
3454 3418 3708 3466 naturam

2122 3524 2234 3570 tum
2259 3516 2424 3569 etiam
2457 3514 2772 3576 humanam,
2803 3507 3094 3578 coniuncte
3126 3515 3309 3561 tamen
3341 3511 3396 3557 et
3423 3501 3710 3566 insepara-

2119 3609 2305 3665 biliter
2327 3623 2427 3663 ceu
2461 3607 2644 3661 anima
2679 3616 2985 3675 corpusque
3010 3607 3137 3657 sunt
3170 3617 3184 3655 :
3213 3599 3322 3654 imo
3359 3590 3711 3666 hypostaticaa

2120 3702 2338 3759 unionis
2373 3701 2575 3757 veritas
2605 3698 2920 3771 praedictum
2950 3693 3258 3765 exemplum
3302 3695 3544 3762 supcrat,
3565 3683 3713 3740 velut

414 3805 535 3867 ipse
590 3802 781 3854 doctor
824 3798 879 3852 in
937 3797 1314 3867 sequentibus-
1348 3797 1463 3853 ait:
1496 3796 1612 3853 Non
1657 3796 1817 3852 alius'
1843 3804 2008 3869 atque
2047 3797 2186 3854 alius
2224 3805 2347 3864 est;
2377 3796 2564 3852 absit:
2631 3803 2861 3864 utraque
2905 3790 3052 3848 enim
3119 3802 3209 3845 res
3259 3786 3312 3842 in
3360 3778 3712 3840 concretione

412 3892 596 3958 adest,
631 3891 771 3947 Deus
821 3892 1074 3949 videlicet
1107 3893 1447 3959 incarnatus,
1502 3892 1666 3949 homo
1696 3892 2005 3952 deiﬁcatus.
2052 3895 2194 3950 Tum
2225 3903 2281 3951 et
2311 3892 2440 3948 alibi
2506 3892 2625 3948 ait:
2661 3888 2869 3961 Duplici
2903 3885 3047 3943 enim
3100 3895 3296 3942 natura
3333 3885 3567 3945 constat,
3604 3889 3713 3955 non

414 4000 674 4060 persona.

428 4086 441 4097 ‘
491 4080 571 4135 Τδ
595 4081 651 4134 δὲ
676 4080 859 4151 λέγειν
892 4083 1043 4153 ἡμᾶς
1081 4082 1210 4154 μίαν
1236 4084 1422 4155 φύσιν,
1463 4084 1537 4157 μή
1578 4100 1662 4149 τις
1698 4082 1767 4139 δι’
1799 4082 1929 4137 ἄλλο
1962 4095 2016 4136 τι

412 4175 693 4249 ὕωλάὄῃ,
724 4174 841 4229 ἀλλ’
865 4176 899 4249 ἥ
927 4177 1017 4232 διὰ
1044 4177 1145 4248 τὴν
1184 4179 1297 4232 τῶν
1336 4177 1433 4231 δύο
1463 4178 1682 4248 φύσεων
1706 4172 2016 4249 ἀχώριστον

415 4270 658 4323 ἕνωσιν*
708 4269 737 4323 ὃ
779 4271 1185 4342 μεμαθήκαμεν
1224 4274 1377 4346 παρὰ
1424 4274 1535 4326 τῶν
1586 4270 1889 4340 όρθοδόξων
1933 4269 2016 4325 δι-

416 4360 712 4416 δασκάλων
762 4363 863 4433 τῆς
900 4362 1272 4434 Ἑκκλησίας,
1325 4363 1566 4435 μάλιστα
1605 4363 1665 4419 δὲ
1714 4363 1867 4435 παρὰ
1920 4360 2016 4417 τοῦ

2195 4078 2349 4148 Quod
2378 4086 2561 4133 autem
2595 4090 2694 4131 nos
2718 4088 2881 4129 unam
2910 4079 3164 4127 naturam
3189 4068 3443 4132 dicimus,
3468 4064 3521 4121 id
3553 4076 3715 4118 nemo

2122 4172 2194 4230 ob
2225 4171 2387 4227 aliam
2414 4181 2638 4226 causam
2687 4165 2805 4222 fieri
2845 4164 3144 4229 existimet,
3175 4161 3280 4217 nisi
3312 4160 3438 4232 quia
3480 4159 3713 4212 duarum

2122 4275 2446 4321 naturarum
2469 4259 2850 4330 inseparabilis
2877 4258 3003 4312 unio
3021 4264 3104 4312 est
3136 4273 3150 4311 :
3188 4268 3350 4325 quam
3381 4265 3497 4307 rem
3524 4248 3594 4306 ab
3623 4264 3715 4303 or-

2122 4359 2376 4416 thodoxis
2390 4355 2641 4412 Ecclesia
2656 4352 2971 4411 doctoribus
2982 4346 3570 4418 didicimus,preecipue
3581 4357 3715 4400 vero

419 4454 587 4523 ἁγίου
623 4455 896 4526 Κυρίλλου
951 4455 1048 4509 τοῦ
1095 4456 1530 4528 ’Δλεξανδρείας,
1578 4456 1764 4522 καθὼς
1814 4456 2011 4529 γράφει

2125 4466 2155 4507 a
2176 4460 2368 4507 sancto
2401 4447 2605 4520 Cyrillo
2629 4445 3023 4511 Alexandrino,
3050 4443 3141 4513 qui
3168 4448 3359 4497 contra
3395 4437 3713 4494 Nestorium

416 4521 583 4612 οὗτος
611 4521 753 4604 κατ-ὰ
789 4548 1090 4620 Νεστορίου
1119 4552 1179 4605 ὲν
1212 4521 1281 4622 τῇ
1323 4521 1521 4623 πρώτη
1554 4551 1691 4623 πρὸς
1721 4521 2011 4604 Setia-evecti

2128 4548 2181 4603 in
2206 4546 2379 4617 prima
2403 4544 2471 4599 ad
2503 4536 2844 4598 Successum
2899 4536 3131 4608 epistola
3182 4535 3256 4590 ita
3306 4531 3537 4590 scribit:
3567 4529 3714 4586 Cou-

416 4644 710 4715 δτιστολῇ,
755 4642 1177 4714 Ὀμολογοῦμεν
1209 4643 1342 4716 μίαν
1379 4644 1476 4700 τοῦ
1516 4645 1696 4715 Λόγου
1733 4643 1897 4714 φύσιν
1932 4658 2023 4696 σε·

419 4736 816 4809 σαρκωμένην.
844 4735 921 4800 ὡς
972 4736 1024 4790 oi
1071 4736 1316 4808 Πατέρες
1362 4738 1674 4809 εἰρήκασιν.
1725 4736 1891 4790 Ἀλλὰ
1923 4735 2022 4791 καὶ

417 4830 485 4881 ἐν
510 4829 578 4898 τῇ
609 4827 844 4898 δευτέρᾳ
869 4826 1009 4897 πρὸς
1037 4825 1202 4882 αὐτὸν
1231 4826 1495 4899 επιστολῇ
1527 4826 1608 4881 ἔτι
1637 4825 2022 4899 ἀριδηλότερον

416 4919 597 4987 λέγει,
630 4917 804 4982 τιθεὶς
849 4917 1076 4989 πρῶτον
1106 4917 1201 4972 τὸν
1240 4917 1400 4986 λόγον
1442 4917 1554 4983 τῶν
1590 4915 2023 4987 ἐναντιουμένων

417 5010 575 5081 αὐτῷ
603 5010 836 5081 λέγοντι.
855 5012 990 5083 μίαν
1017 5011 1186 5082 φύσιν
1212 5012 1310 5066 τοῦ
1341 5009 1982 5081 Δόγουῖσεσαρκωμὲνην
2000 5022 2018 5038 ·

418 5107 489 5160 ΕΞ
520 5110 587 5159 ἐκ
616 5105 712 5158 δύο
740 5106 961 5174 φύσεων
989 5103 1321 5177 συνηνέχθη.
1354 5105 1540 5176 φησὶν,
1571 5105 1601 5158 ὁ
1643 5100 2020 5175 Ἐμμανουήλ,

422 5197 571 5269 μετᾶ
617 5197 677 5251 δὲ
722 5197 825 5269 τὴν
873 5196 1074 5251 ἕνωσιν
1125 5197 1224 5266 μία
1258 5195 1424 5267 φύσις
1461 5198 1666 5251 νοεῖται
1709 5194 1804 5249 τοῦ
1840 5194 2020 5265 Λόγου

418 5293 847 5365 σεσαρκωμένη,
871 5291 1067 5364 ἕψεται
1093 5292 1312 5355 πάντως
1338 5292 1399 5346 τὸ
1423 5291 1624 5363 χρῆναι
1647 5289 1830 5359 λέγειν
1855 5288 2023 5344 αὐτὸν

419 5383 623 5437 παθεῖν
647 5385 729 5447 εἰς
773 5383 916 5437 ἰδίαν
948 5380 1138 5451 φύσιν.
1171 5380 1319 5453 Πρὸς
1350 5380 1448 5445 οὓς
1488 5380 1845 5449 ἀπολογεῖται
1880 5381 2022 5450 μετά

419 5492 581 5539 τινας
612 5476 807 5545 λόγους
836 5474 935 5529 καὶ
978 5471 1140 5528 τοῦτο
1164 5488 1179 5504 ο
1216 5473 1354 5529 Ποία
1402 5471 1586 5527 τοίνυν
1623 5472 1818 5527 παθεῖν
1854 5471 2022 5526 αὑτὸν

420 5569 640 5641 ἀνάγκη
673 5572 755 5633 είς
786 5569 929 5624 ίδίαν
955 5565 1146 5637 φύσιν,
1183 5569 1233 5620 εἰ
1262 5566 1479 5636 λέγοιτο
1518 5564 1660 5635 μετά
1692 5563 1795 5637 τὴν
1820 5562 2019 5620 ἕνωσιν

426 5661 528 5732 μία
556 5663 720 5733 φύσις
762 5662 900 5716 Ποῦ
939 5660 1377 5732 σεσαρκωμένη;
1434 5659 1498 5714 Ei
1530 5657 1631 5731 μὲν
1668 5658 1779 5729 γὰρ
1825 5657 1927 5712 οὐκ
1949 5652 2020 5729 ἦν

421 5755 486 5807 ὲν
510 5757 621 5820 τοις
651 5754 843 5826 λόγοις
877 5754 979 5825 τῆς
1016 5751 1333 5824 οἰκονομίας
1359 5750 1424 5805 τὸ
1449 5750 1697 5823 πεφυκός
1719 5749 2021 5823 ὑπομένειν

420 5848 481 5905 τὸ
504 5848 691 5922 πάθος,
720 5848 909 5924 ὀρθῶς
933 5847 1005 5905 ἂν
1037 5844 1248 5920 ἔφησαν
1279 5845 1362 5904 ὅτι
1387 5843 1542 5913 ὄντος
1564 5840 1662 5901 τοῦ
1681 5853 1684 5857 ’
1706 5842 2017 5915 πεφυκότος

2126 4640 2347 4695 ﬁtemur
2413 4650 2577 4692 unam
2627 4632 2809 4692 Verbi
2856 4641 3111 4688 naturam
3171 4630 3553 4694 incarnatam,
3631 4624 3713 4679 uti

2124 4733 2319 4790 Patres
2352 4731 2623 4786 dixerunt.
2684 4725 2790 4783 Sed
2853 4733 2909 4782 et
2957 4725 3012 4780 iu
3071 4720 3312 4779 secunda
3349 4720 3414 4775 ad
3463 4717 3716 4773 eumdem

2125 4823 2383 4897 epistola,
2417 4823 2598 4878 adhuc
2634 4819 2978 4876 enucleatius
3034 4815 3134 4880 ait,
3166 4822 3471 4881 postquam
3515 4809 3716 4865 adver-

2125 4918 2365 4977 santium
2391 4917 2517 4981 sibi,
2558 4913 2652 4985 qui
2685 4928 2848 4968 unam
2885 4908 3039 4967 Verbi
3072 4908 3417 4964 incarnatam
3457 4904 3713 4959 naturam

2123 5007 2403 5073 dicebant,
2466 5006 2585 5062 hac
2618 5002 2784 5060 verba
2825 5001 3055 5059 retulit:
3099 5016 3119 5053 ι
3157 4999 3216 5055 Si
3246 4992 3318 5053 ex
3360 4996 3568 5052 duabus
3617 5005 3718 5048 na-

2127 5100 2267 5157 turis
2329 5107 2691 5156 coacervatos
2747 5104 2835 5152 est
2872 5092 3212 5157 Emmanuel,
3268 5098 3395 5161 post
3454 5089 3713 5143 unionem

2125 5188 2312 5250 autem
2370 5207 2477 5249 una
2524 5198 2726 5248 natura
2787 5188 3117 5259 intelligitur
3167 5183 3332 5241 Verbi
3392 5184 3716 5247 incarnata,

2128 5286 2377 5358 profecto
2408 5286 2588 5359 ipsum
2622 5285 2678 5340 in
2730 5281 2955 5354 propria
3003 5289 3197 5335 natura
3252 5290 3473 5348 passum
3531 5275 3723 5330 dicere

2126 5389 2364 5450 oportet.
2394 5399 2416 5434 ι
2451 5380 2498 5433 Α
2536 5378 2738 5450 quibus
2768 5378 2844 5433 ita
2892 5389 2954 5432 se
2990 5372 3235 5431 defendit
3275 5378 3399 5442 post
3431 5367 3538 5424 alia
3568 5367 3717 5423 dicta

2125 5473 2207 5529 sic
2238 5471 2392 5527 :Cur
2418 5486 2552 5527 vero
2582 5485 2721 5542 opus
2749 5470 2859 5535 sit,
2915 5469 3095 5539 ipsum
3135 5465 3194 5522 in
3250 5463 3468 5538 propria
3518 5469 3714 5517 natura

2126 5565 2260 5634 pati,
2312 5564 2357 5620 si
2419 5562 2632 5639 dicatur
2677 5570 2803 5632 post
2845 5558 3100 5615 unionem
3156 5571 3266 5612 una
3314 5565 3514 5611 natura
3543 5551 3716 5610 Verbi

2126 5654 2452 5712 inearnata?
2490 5653 2549 5709 Si
2574 5654 2719 5711 enim
2744 5652 2888 5709 forte
2916 5666 3024 5707 non
3053 5650 3282 5707 essetin
3314 5645 3712 5704 incarnationis

2124 5749 2341 5804 ratione
2389 5747 2698 5819 subjectum
2731 5743 3028 5816 passionis,
3087 5750 3237 5800 recte
3285 5740 3534 5799 dicerent
3564 5739 3712 5810 quod

2082 5929 2089 5933 γ
2125 5840 2437 5902 desiderato
2471 5837 2744 5913 passionis
2775 5837 3046 5916 subjecto,
3085 5851 3317 5899 necesse
3343 5833 3486 5896 foret
3535 5833 3714 5908 ipsam
