4096 6428
465 314 575 378 219

1881 312 2306 375 I‘ilEORIANl

3654 323 3763 390 2‘20

466 427 631 483 νιετὶιί
673 437 921 481 naturam
954 425 1140 483 suhirc
1171 425 1508 495 passionem.
1538 423 1860 494 Rursusque
1887 427 2053 482 dicit:

2170 428 2416 498 πάσχειν,
2447 427 2596 481 πᾶσά
2623 443 2738 490 πως
2762 426 2977 497 ἀνάγκη
3001 431 3068 499 τῇ
3095 428 3190 482 τοῦ
3214 429 3389 499 Λόγου
3420 433 3579 500 φύσει
3613 455 3754 508 συμ-

469 521 621 588 Quod
656 521 807 574 aiunt
863 517 1192 582 adversarii,
1254 519 1301 574 si
1357 534 1462 574 una
1526 527 1610 573 est
1661 529 1856 573 natura
1896 517 2059 573 Verbi

471 615 783 680 incuruata,
803 613 962 682 plane
985 627 1210 668 necesse
1232 621 1316 667 est
1337 612 1776 666 commistioncm
1798 611 2065 667 accidisse

468 715 526 760 et
587 704 1000 767 confusionem,
1070 705 1351 759 deminuta
1441 704 1606 758 veluti
1662 719 1726 758 ac
1784 704 2064 759 subtracta

472 800 710 855 hominis
765 801 819 854 in
876 797 1098 855 Christo
1138 809 1368 863 natura;
1427 799 1482 853 hi
1552 800 1731 854 denuo
1789 787 2064 868 ignorant,

473 895 600 946 dum
654 900 804 948 recta
861 893 1227 961 distorquent,
1279 908 1440 946 uuam
1497 907 1684 946 revera
1741 907 1863 946 esse
1899 889 2063 948 Verbi

472 989 816 1044 incarnatam
853 997 1125 1042 naturam.
1147 986 1286 1040 Tum
1313 987 1502 1055 paucis
1523 985 1830 1057 interiectis
1857 985 2063 1041 dietum

477 1100 638 1139 sumn
695 1082 962 1150 exemplis
1005 1081 1300 1138 declarat:
1345 1082 1460 1136 {\on
1519 1081 1690 1140 enim,
1745 1081 1944 1151 inquit,
2012 1078 2068 1134 id

477 1177 853 1232 tantummodo
871 1176 1016 1247 quod
1051 1185 1242 1230 natura
1268 1192 1362 1232 sua
1397 1175 1626 1244 simplex
1668 1184 1772 1240 est,
1797 1171 2069 1228 veraciter

477 1287 644 1326 unum
696 1271 929 1333 dicitur;
982 1285 1170 1323 verum
1207 1269 1257 1322 id
1308 1269 1470 1323 etiam
1515 1271 1580 1322 de
1619 1269 1684 1323 iis
1736 1267 2070 1339 praedicatur

477 1381 601 1434 quae
637 1380 732 1434 per
761 1364 1216 1434 compositionem
1273 1362 1644 1434 conglutinata
1676 1372 1843 1428 sunt;
1884 1363 2069 1432 cujus-

479 1459 625 1514 modi
687 1467 771 1514 est
821 1459 986 1515 homo
1034 1474 1102 1514 ex
1156 1472 1386 1527 corpore
1438 1456 1732 1527 animaqtte
1787 1466 2066 1519 constans,

477 1567 599 1622 qua:
673 1559 800 1606 sunt
857 1551 1076 1620 quidem
1160 1549 1528 1620 heterogenea
1596 1564 1780 1617 neque,
1835 1548 2069 1604 invicem

476 1643 1003 1707 consubstantialia,
1068 1642 1240 1698 nihilo
1293 1652 1474 1698 tamen
1525 1643 1702 1698 minus
1755 1643 2068 1710 conjuncta,

477 1738 695 1794 unicam
757 1737 995 1792 hominis
1047 1748 1300 1792 naturam
1339 1737 1612 1803 elliciunt;
1657 1750 1970 1806 quanquam
2015 1735 2068 1789 in

478 1829 892 1900 compositionis
920 1829 1134 1886 ratione
1165 1828 1475 1884 dill‘ereutia
1510 1829 1670 1894 inest,
1717 1828 1787 1882 ob
1817 1839 2066 1881 naturam

479 1925 696 1980 illarum
721 1939 901 1978 rerum
932 1939 1054 1994 quae
1083 1925 1149 1979 ad
1176 1924 1432 1979 unionem
1457 1923 1814 1979 conveniunt.
1841 1921 2069 1976 Frustra

479 2018 646 2088 igitur
674 2028 799 2072 sunt
834 2018 926 2088 qui
961 2020 1135 2082 aiunt,
1179 2017 1322 2088 quod
1354 2018 1398 2073 si
1433 2033 1537 2073 una
1571 2017 1638 2072 sit
1675 2027 1869 2072 natura
1904 2014 2069 2070 Verbi

477 2111 790 2177 iucaruata,
847 2125 1072 2180 prorsus
1131 2110 1446 2166 commistio
1513 2109 1651 2164 facta
1686 2108 1879 2164 fuisset
1906 2117 2071 2178 atque

482 2203 783 2268 concretio,
831 2212 1096 2272 tanquam
1129 2203 1408 2268 deminuta
1460 2212 1623 2270 atque
1665 2201 1942 2256 subtracta
1975 2200 2072 2255 ho-

478 2297 646 2354 minis
699 2307 892 2352 natura
939 2313 952 2350 :
997 2309 1174 2362 neque
1215 2295 1361 2350 enim
1417 2295 1793 2362 deminuitur,
1845 2303 1906 2350 ut
1965 2292 2068 2361 ipsi

475 2389 653 2452 aiunt,
703 2400 880 2456 neque
930 2386 1298 2443 subtrahitur.
1350 2383 1518 2439 Multa
1573 2381 1676 2438 alia
1713 2385 1765 2438 in
1817 2384 2066 2442 eamdem

477 2476 807 2534 sententiam
839 2476 984 2532 dicta
1014 2485 1124 2531 tum
1179 2476 1320 2544 apud
1353 2483 1603 2530 sanctum
1637 2473 1923 2546 Cyrillum,
1953 2481 2068 2528 tum

478 2573 621 2642 apud
653 2571 790 2626 alios
813 2570 1067 2626 doctores
1098 2568 1512 2638 deprehendere
1532 2577 1642 2623 est.
1675 2567 1820 2624 Idem
1853 2567 2068 2634 doctor,

478 2667 568 2735 qui
625 2664 948 2720 divisionem
1027 2661 1371 2718 ulerentibus
1434 2661 1671 2722 obstitit,
1730 2669 1923 2714 contra
1976 2675 2072 2716 eos

479 2770 699 2824 quoque
735 2753 831 2823 qui
888 2753 1111 2809 unicam
1166 2751 1511 2807 aﬂirmabant
1568 2749 1856 2807 confusam
1906 2760 2071 2805 natu-

480 2863 622 2912 ram,
655 2845 788 2900 dicit
818 2846 876 2902 in
907 2844 1082 2915 prima
1107 2843 1340 2915 epistola
1374 2862 1389 2900 :
1422 2841 1852 2899 Considerantes
1878 2841 2068 2915 igitur,

479 2951 540 2996 ut
565 2941 699 3008 dixi,
741 2938 1136 2995 incarnationis
1185 2938 1480 3002 rationem,
1511 2935 1648 2993 duas
1696 2936 1943 2992 videmus
1975 2951 2072 2990 na-

482 3045 636 3089 turas
687 3034 833 3088 inter
872 3047 934 3089 se
981 3031 1306 3088 convenisse
1353 3045 1454 3101 per
1489 3030 1747 3085 unionem
1786 3029 2070 3099 insepara-

479 3125 664 3192 bilem,
719 3123 1008 3182 inconl‘use
1069 3132 1124 3179 et
1176 3121 1715 3178 inconvertibiliter:
1769 3135 1894 3175 nam
1939 3134 2141 3214 earoc

479 3218 671 3289 utique
701 3232 830 3274 caro
856 3227 962 3282 est,
1002 3230 1110 3271 non
1143 3214 1422 3281 divinitas,
1458 3221 1767 3285 Quanquam
1798 3211 1890 3268 Dei
1923 3211 2068 3268 facta

477 3321 739 3370 estcaro.
796 3310 1032 3366 Verbum
1103 3309 1307 3380 pariter
1364 3307 1509 3364 Deus
1561 3316 1690 3374 est,
1747 3321 1854 3363 non
1914 3320 2067 3375 caro,

476 3415 792 3473 quanquam
850 3399 995 3456 idem
1032 3413 1132 3468 per
1183 3398 1507 3455 oeconomiae
1543 3399 1869 3470 mysterium
1905 3397 1974 3454 ad
2008 3413 2070 3456 se

477 3508 698 3548 carnem
751 3491 1057 3546 transtulit.
1123 3488 1403 3560 Pauloque
1456 3495 1581 3558 post
1613 3488 1690 3543 ait
1738 3487 2065 3555 :Quantum

477 3584 645 3654 igitur
679 3584 1016 3653 cogitatione
1055 3581 1295 3650 solisque
1332 3581 1527 3634 animae
1553 3578 1728 3642 oculis
1753 3578 2069 3650 perspicere

479 3679 748 3732 rationem
811 3677 938 3731 licet
997 3691 1104 3745 qua
1175 3673 1500 3742 Uuigcnitus
1560 3672 1892 3727 humanatus
1953 3681 2060 3737 est,

480 3770 616 3824 duas
662 3783 786 3823 esse
817 3777 1044 3822 naturas
1077 3767 1258 3820 unitas
1289 3765 1520 3818 dicimus
1542 3805 1557 3830 ,
1592 3779 1758 3818 unmn
1786 3763 2066 3820 Christum

481 3858 678 3914 Filium
712 3867 766 3913 et
797 3858 1108 3922 Dominum,
1135 3855 1368 3912 Verbum
1399 3855 1491 3910 Dei
1521 3857 1873 3910 humanatqu
1902 3865 2068 3926 atque

477 3950 849 4005 incarnatum.

549 4067 668 4122 Jam
703 4084 824 4123 cum
853 4066 967 4122 haec
989 4065 1149 4122 effata
1191 4067 1520 4136 theologiam
1565 4076 1807 4121 nostram
1841 4080 2068 4137 prorsus

483 4171 698 4233 regant,
738 4176 836 4215 nos
869 4162 1124 4216 videlicet
1156 4159 1423 4231 ejusmodi
1467 4159 1699 4215 ducibus
1733 4162 1786 4214 in
1819 4159 2068 4216 veritatis

480 4255 589 4320 via,
623 4270 743 4324 qua:
787 4253 856 4308 ad
888 4251 1057 4309 Deum
1103 4252 1275 4317 ducit,
1324 4262 1563 4318 uteutcs,
1601 4261 1748 4308 recte
1781 4251 2065 4322 libereque

482 4346 845 4415 theologieum
912 4357 1160 4400 nostrum
1227 4360 1540 4401 sermonem
1595 4345 1797 4415 duplici
1849 4346 2068 4401 ratione

480 4436 814 4507 proferimus
846 4452 862 4490 :
892 4451 1086 4507 nempe
1135 4453 1300 4492 unam
1359 4437 1524 4493 Verhi
1565 4449 1822 4493 naturam
1884 4438 2069 4493 incar-

2169 521 2380 577 6αίνειν
2426 521 2487 574 τὸ
2526 521 2716 584 πάθος.
2759 521 2870 582 Καὶ
2913 521 3080 576 πάλιν
3126 523 3308 592 λέγει’
3349 525 3474 580 Ὅτι
3509 527 3763 598 λέγουσιν

2166 615 2215 667 οῖ
2245 614 2676 684 ἐναντιούμενοι,
2707 615 2756 668 εί
2794 613 2896 684 μία
2939 614 3105 680 φύσις
3133 615 3228 669 τοῦ
3262 616 3441 686 Λόγου
3473 636 3763 690 σεσαρκω-

2170 709 2332 779 μένη,
2385 707 2537 760 πᾶσά
2579 725 2695 771 πως
2736 708 2968 779 ἀνάγκη
2991 707 3174 774 λέγειν
3231 710 3452 780 φυρμὸν
3504 713 3766 780 γενέσθαι

2167 801 2264 855 καὶ
2299 801 2624 873 σύγκρασιν,
2678 801 3011 871 μειουμένης
3049 801 3242 872 ὥσπερ
3279 804 3374 858 καὶ
3418 805 3765 863 ὑποκλεπτοο

2170 893 2341 966 μένης
2373 895 2476 964 τῆς
2520 893 2814 965 ἀνθρώπου
2853 894 3073 963 φύσεως
3123 896 3182 949 ἰν
3234 897 3426 968 αὐτῷ’
3481 900 3767 971 ἠγνόησαν

2168 987 2333 1041 πάλιν
2365 988 2416 1041 οἱ
2441 987 2512 1041 τὰ
2549 987 2687 1058 ὀρθὰ
2718 988 3161 1058 διαστρέφοντες,
3193 991 3277 1044 ὅτι
3311 992 3438 1045 κατ’
3494 993 3767 1064 ἀλήθειάν

2149 1073 2286 1134 Χὲστι
2324 1081 2425 1150 μία
2466 1079 2629 1150 φύσις
2675 1079 2770 1134 τοῦ
2814 1082 2994 1149 Λόγου
3044 1085 3470 1157 σεσαρκωμένη.
3505 1083 3614 1142 Καὶ
3646 1092 3768 1159 μετ’

2168 1173 2326 1244 ὀλίγα
2355 1174 2636 1245 δηλοποιεί
2678 1173 2770 1228 διὰ
2822 1176 3290 1247 παραδειγμάτων
3336 1179 3430 1233 τὸν
3469 1180 3628 1250 λόγςν
3651 1199 3666 1213 ·
3704 1184 3767 1237 οὐ

2170 1267 2280 1339 γὰρ
2311 1267 2406 1321 ἐπὶ
2434 1267 2614 1338 μόνων
2639 1267 2752 1322 τῶν
2775 1267 2967 1323 ἁπλῶν
2989 1270 3129 1324 κατά
3157 1271 3258 1342 τὴν
3279 1272 3444 1341 φύσιν
3470 1273 3529 1328 ἓν
3549 1275 3771 1344 ἀληθῶς

2167 1361 2412 1429 λέγεται.
2450 1358 2591 1414 ἀλλὰ
2625 1361 2719 1414 καὶ
2747 1362 2981 1417 ἐπὶτῶν
3025 1366 3169 1418 κατά
3210 1363 3465 1419 σύνθεσιν
3494 1369 3773 1438 συνηγμέ-

2170 1471 2298 1518 νων,
2351 1453 2537 1507 ὁποῖόν
2583 1472 2637 1507 τι
2671 1454 2866 1526 χρῆμά
2911 1455 3063 1510 ἐστιν
3097 1457 3126 1510 ὁ
3163 1457 3455 1528 ἄνθρωπος
3489 1462 3554 1512 ἐκ
3585 1460 3771 1531 ψυχῆς

2172 1549 2266 1601 καὶ
2299 1547 2575 1618 σώματος,
2613 1547 2892 1619 ἑτεροειδῆ
2939 1548 3040 1620 μὲν
3079 1549 3147 1604 τά
3187 1552 3436 1616 τοιαῦτα,
3470 1557 3564 1607 καὶ
3603 1554 3773 1625 ἀλλή-

2171 1641 2284 1704 λοις
2315 1642 2414 1713 οὐχ
2445 1641 2730 1712 ὀμοούσια,
2768 1641 3042 1697 ἑνωθέντα
3088 1661 3154 1712 γε
3187 1645 3320 1716 μὴν,
3362 1647 3463 1717 τὴν
3505 1649 3635 1717 μίαν
3673 1651 3772 1705 ἀν-

2174 1732 2398 1806 θρώπου
2426 1733 2591 1803 φύσιν
2637 1734 3000 1801 ἀπετέλεσαν,
3050 1736 3158 1791 κᾶν
3185 1741 3302 1798 τοῖς
3330 1742 3428 1810 τῆς
3465 1743 3770 1808 συνθέσεως

2174 1829 2354 1898 λόγοις
2381 1829 2672 1902 ἐνυπάρχῃ
2720 1830 2782 1884 τὸ
2823 1830 3085 1901 διάφορον
3119 1833 3264 1887 κατὰ
3321 1833 3424 1906 τὴν
3468 1838 3630 1907 φύσιν
3658 1841 3770 1894 τῶν

2172 1925 2253 1987 είς
2288 1923 2518 1995 ἑνότητα
2564 1923 3117 1993 συγκεκομισμένων.
3167 1926 3622 1998 Περιττολογοῦσι
3655 1931 3771 1984 τοί-

2172 2035 2268 2071 νυν
2297 2017 2346 2070 oi
2383 2016 2659 2085 λέγοντες,
2695 2017 2772 2081 ὼς
2801 2018 2960 2090 εῐπερ
2992 2019 3078 2089 εἴη
3108 2017 3206 2073 τοῦ
3251 2021 3430 2090 Λόγου
3474 2025 3636 2091 φύσις
3668 2025 3771 2094 μία

2175 2112 2601 2183 σεσαρκωμένη,
2643 2111 2822 2182 πάντη
2880 2128 2943 2165 τε
2983 2114 3080 2167 καὶ
3125 2113 3345 2178 πάντως
3384 2115 3573 2170 ἕποιτο
3607 2117 3673 2171 ἃν
3705 2118 3770 2172 τδ

2173 2203 2391 2276 φυρμὸν
2414 2203 2672 2274 γενέσθαι
2708 2204 2804 2258 καὶ¹
2832 2203 3162 2276 σύγκρασιν,
3193 2205 3270 2271 ὡς
3303 2209 3638 2280 μειουμένης
3660 2211 3769 2264 καὶ

2171 2299 2664 2370 ῦποκλεπτομένης
2711 2299 2814 2366 τῆς
2862 2298 3160 2371 ἀνθρώπου
3203 2300 3457 2372 φύσεωςο
3497 2304 3620 2358 οὕτε
3657 2307 3768 2377 γάρ

2175 2392 2505 2464 μεμείωται,
2552 2389 2703 2458 οὔτε,
2738 2390 2925 2456 καθώς
2974 2408 3161 2464 φησιν,
3195 2394 3618 2451 ὑποκλέπτεται.
3656 2398 3770 2452 Καὶ

2171 2485 2312 2540 ἀλλα
2342 2485 2514 2540 πολλά
2542 2486 2644 2558 τῆς
2673 2486 2844 2550 αὐτῆς
2869 2486 3089 2553 ἐννοίας
3118 2489 3269 2560 παρά
3290 2506 3349 2543 τε
3383 2489 3460 2559 τῷ
3488 2491 3630 2562 ἁγίῳ
3657 2492 3772 2544 Κυ-

2179 2578 2344 2649 ρίλλῳ
2381 2579 2477 2632 καὶ
2510 2578 2725 2651 ἑτέροις
2756 2578 3108 2644 διδασκάλοις
3149 2581 3301 2636 ἔστιν
3335 2582 3538 2654 εὑρεῖν.
3578 2584 3635 2636 ’0
3674 2584 3771 2637 αὐ-

2172 2669 2267 2733 τὸς
2314 2669 2660 2742 διδάσκαλος,
2719 2669 2779 2731 ὃς
2834 2671 2932 2726 καὶ
2985 2672 3211 2726 ἀντεῖπε
3265 2673 3402 2744 πρὸς
3455 2675 3582 2736 τοὺς
3631 2674 3773 2728 διαί-

2177 2780 2328 2834 ρεσιν
2360 2762 2672 2828 ποιοῦντας,
2699 2763 2799 2818 καὶ
2839 2765 2978 2835 πρὸς
3009 2767 3138 2831 τοὺς
3163 2767 3307 2820 κατὰ
3352 2768 3620 2838 σύγχυσιν
3669 2769 3768 2841 τὴν

2175 2855 2306 2926 μίαν
2339 2854 2503 2926 φύσιν
2532 2855 2822 2924 λέγοντας,
2857 2856 3007 2926 λέγει
3051 2861 3109 2912 έν
3135 2861 3201 2930 τῇ
3235 2859 3429 2934 πρώτῃ
3467 2863 3727 2932 ἐπιστολῇ
3747 2877 3765 2895 ο

2185 2945 2529 3011 Ἐννοοῦντες
2553 2945 2758 3012 τοίνυν,
2788 2948 2866 3014 ὡς
2921 2948 3077 3020 ἔφην,
3119 2950 3213 3005 τὸν
3259 2951 3360 3022 τῆς
3413 2952 3770 3025 ένανθρωπή-

2175 3055 2313 3104 σεως
2373 3040 2600 3111 τρόπον,
2668 3039 2888 3112 δρῶμεν
2941 3042 3026 3096 ὅτι
3087 3042 3183 3096 δύο
3251 3043 3443 3114 φύσεις
3503 3046 3769 3119 συνῆλθον

2173 3129 2436 3202 ἀλλήλαις
2483 3130 2610 3186 καθ’
2650 3131 2850 3186 ἕνωσιν
2887 3131 3265 3188 ἀδιάσπαστον
3312 3135 3640 3207 ἀσυγχύτως
3669 3138 3770 3192 καὶ

2175 3221 2494 3293 ἀτρέπτως·
2520 3225 2554 3294 ἡ
2597 3223 2707 3296 γὰρ
2736 3225 2897 3296 σὰρξ,
2939 3225 3078 3294 σάρξ
3111 3227 3227 3280 ἐστι
3255 3227 3351 3282 καὶ
3375 3227 3436 3281 οὐ
3466 3229 3680 3301 θεότης,
3715 3231 3770 3285 εί

2173 3317 2270 3371 καὶ
2306 3315 2500 3385 γέγονε
2553 3314 2689 3369 Θεοῦ
2729 3315 2868 3388 σάρξ
2895 3331 2908 3345 ⁸
2948 3318 3151 3385 ὁμοίως
3185 3319 3338 3371 καὶὸ
3391 3319 3568 3388 Λόγος
3621 3320 3763 3385 Θεός

2172 3411 2292 3465 ἑστι
2349 3409 2443 3464 καὶ
2471 3407 2533 3462 οὐ
2564 3407 2722 3480 σὰρξ,
2760 3411 2811 3463 εἰ
2858 3410 2954 3464 καὶ
2995 3410 3136 3465 ίδίαν
3168 3411 3469 3483 ἐποιήσατο
3495 3413 3597 3482 τὴν
3627 3414 3770 3486 σάρ-

2172 3519 2246 3557 κα
2297 3500 2683 3572 οἰκονομικῶς.
2749 3501 2858 3554 Καὶ
2915 3501 3036 3572 μετ’
3104 3502 3264 3571 ὀλίγα
3309 3502 3500 3572 λέγει·
3551 3504 3770 3561 Οὐκοῦν

2175 3597 2275 3668 μὲν
2305 3596 2430 3650 ὅσον
2472 3589 2609 3666 ἧκεν
2657 3595 2738 3658 είς
2782 3593 2995 3649 ἔννοιαν
3037 3597 3130 3650 καὶ
3170 3597 3250 3660 είς
3305 3598 3468 3668 μόνον
3516 3599 3577 3652 τὸ
3631 3601 3769 3670 όρᾷν

2170 3693 2286 3754 τοῖς
2316 3690 2418 3760 τῆς
2456 3689 2637 3759 ψυχῆς
2675 3688 2893 3760 ὕμμασι
2928 3688 3049 3743 τίνα
3089 3691 3291 3760 τρόπον
3341 3691 3769 3762 ένηνθρώπησεν

2172 3785 2200 3838 ὁ
2249 3785 2585 3854 Μονογενὴς,
2641 3781 2736 3836 δύο
2783 3782 2886 3843 τὰς
2939 3781 3136 3852 φύσεις
3182 3778 3328 3837 εἷναί
3391 3801 3576 3854 φαμεν
3632 3786 3770 3840 ἑνω-

2174 3873 2382 3938 θείσας,
2420 3873 2518 3927 ἕνα
2567 3873 2808 3945 Χριστὸν
2849 3873 2979 3929 Υίὸν
3011 3875 3106 3928 καὶ
3135 3875 3345 3946 Κύριον
3373 3877 3466 3930 τὸν
3502 3877 3598 3930 τοῦ
3627 3876 3766 3932 Θεοῦ

2171 3968 2346 4036 Λόγον
2378 3967 2884 4038 ὲνανθριυπήσαντα
2913 3967 3007 4020 καὶ
3034 3968 3482 4039 σεσαρκωμένον.

2248 4062 2316 4114 Ἀ
2349 4060 2413 4127 δὴ
2447 4059 2740 4130 γνώρισμά
2771 4062 2881 4114 είσι
2913 4062 2979 4132 τῇ
3034 4062 3287 4134 ἡμετέρᾳ
3328 4063 3517 4136 τελείᾳ
3557 4065 3764 4136 σοφίᾳ·

2170 4159 2398 4222 τούτους
2439 4156 2532 4211 οῦν
2559 4157 2789 4228 ὁδηγοὺς
2847 4159 3070 4228 ἔχοντες
3123 4159 3222 4221 καὶ
3277 4160 3442 4230 ἡμεῖς
3495 4162 3632 4231 πρὸς
3663 4161 3764 4232 τὴν

2169 4251 2270 4322 τῆς
2297 4249 2558 4320 ἀληθείας
2591 4249 2711 4303 ὁδὸν
2741 4248 2839 4322 τὴν
2869 4250 3111 4320 ἄγουσαν
3141 4251 3222 4314 εις
3262 4252 3354 4304 τὸν
3397 4254 3551 4319 Θεὸν,
3586 4253 3765 4325 ὀρθῶς

2171 4347 2268 4400 καὶ
2297 4343 2625 4413 ἐλευθερίως
2655 4343 2900 4415 φέρομεν
2930 4345 3011 4407 είς
3032 4343 3232 4415 διπλῆν
3273 4343 3512 4415 θεωρίαν
3554 4348 3646 4399 τὸν
3676 4345 3767 4400 λό-

2171 4455 2289 4508 γον,
2326 4437 2458 4508 μίαν
2485 4436 2739 4504 λέγοντες
2772 4439 2937 4507 φύσιν
2963 4434 3059 4490 τοῦ
3092 4437 3270 4506 Λόγου
3309 4437 3763 4510 σεσαρκωμένην,

483 4538 667 4583 natam
693 4529 949 4595 dicimus,
991 4530 1290 4585 secundum
1335 4540 1582 4586 sanctqu
1615 4530 1903 4603 Cyrillum,
1940 4545 2066 4601 pro-

2170 4531 2312 4586 κατὰ
2338 4531 2433 4584 τὸν
2481 4529 2638 4599 ἅγιον
2666 4528 2959 4602 Κύριλλον,
3005 4516 3105 4586 ¹δι.ιί
3133 4533 3235 4600 τὴν
3270 4531 3514 4603 ἀρῥητον
3540 4530 3760 4596 ἕνωσιν,

479 4632 603 4692 pter
636 4621 964 4678 ineﬂ'abilem
1000 4623 1287 4692 unionem;
1324 4637 1377 4679 et
1404 4624 1542 4680 duas
1567 4640 1784 4696 quoque
1807 4624 2064 4692 dicimus,

477 4717 776 4773 secundum
826 4723 1074 4771 sanctum
1119 4716 1473 4788 Gregorium,
1512 4729 1736 4788 propter
1769 4717 2066 4774 invariabi-

477 4809 584 4864 lem
635 4818 952 4863 naturarum
1009 4807 1206 4863 divinae
1260 4819 1316 4863 et
1349 4810 1620 4864 humanae
1670 4809 2063 4866 conditionem.

479 4903 575 4960 Sic
601 4905 746 4958 enim
774 4903 949 4959 sancti
974 4903 1166 4958 Patres
1194 4917 1346 4956 arma
1371 4901 1730 4971 justitire‘uon
1770 4902 2064 4972 simplicia,

477 4995 573 5053 sed
611 4995 906 5064 utrimque,
949 4996 1134 5064 idest,
1185 4995 1378 5050 dextra
1419 4997 1755 5066 sinistraque
1795 4996 2064 5051 cmdcutia

476 5104 750 5164 gerentes,
783 5104 840 5147 ut
865 5093 936 5146 ait
965 5092 1317 5159 Apostolus‘,
1341 5092 1556 5145 Ariaum
1592 5091 1810 5160 quidem
1866 5091 2064 5145 distin-

477 5186 648 5241 ctioni
697 5196 930 5254 naturae,
966 5184 1334 5240 Sabellianam
1384 5185 1436 5238 iu
1477 5183 1746 5240 Trinitate
1801 5185 2061 5240 unitatem

480 5289 689 5332 natura:
741 5287 1135 5348 opposuerunt,
1187 5277 1319 5345 quin
1373 5284 1550 5330 tamen
1607 5275 1823 5330 unicam
1878 5289 2065 5345 perso-

477 5385 608 5425 nam
663 5378 972 5426 assererent
1009 5385 1022 5422 :
1061 5368 1426 5425 Sabellianam
1461 5383 1592 5423 vero
1637 5383 1885 5438 personae
1939 5369 2063 5424 uni-

481 5473 668 5528 tatem,
709 5464 914 5520 Ariana
955 5477 1312 5535 personarum
1353 5461 1706 5518 distinctione
1742 5459 2064 5533 proli-gave-

484 5565 636 5622 runt,
661 5557 735 5610 ita
774 5568 958 5612 tamen
1014 5565 1069 5613 ut
1119 5555 1518 5612 distinctionem
1551 5555 1849 5625 quamlibet
1889 5553 2064 5610 unica)

483 5658 694 5704 naturae
716 5650 784 5704 ab
818 5648 1060 5705 Ecclesia
1091 5664 1315 5721 prorsus
1343 5647 1672 5720 expulerint.
1708 5645 1943 5718 Parique
1981 5662 2065 5702 ra-

553 5835 573 5865 ’
596 5833 638 5889 ll
671 5833 798 5890 Cor.
834 5847 908 5901 v1,
943 5833 996 5887 7.

2165 4623 2395 4690 καὶδύο,
2429 4623 2574 4677 κατά
2597 4621 2688 4676 τὸν
2716 4622 2872 4690 ἆγιον
2903 4619 3208 4695 Γρηγόριον
3241 4623 3332 4677 τὸν
3362 4622 3648 4692 Θεολόγον,
3672 4623 3762 4679 διὰ

2163 4717 2225 4771 τὸ
2251 4716 2687 4787 ἀκαινοτόμητον
2721 4716 2816 4770 καὶ
2845 4715 3234 4786 ἀμετάϐλητον
3264 4715 3375 4768 τῶν
3410 4717 3630 4784 φύσεων
3659 4715 3762 4786 τῆς

2163 4826 2223 4864 τε
2246 4809 2396 4874 θείας
2431 4810 2528 4864 καὶ
2557 4808 2660 4879 τῆς
2697 4809 3049 4881 ἀνθρωπίνης
3073 4827 3087 4841 ·
3127 4812 3190 4864 ού
3227 4815 3508 4884 μονομερῆ
3541 4813 3762 4884 ἔχοντες

2164 4902 2232 4956 τὰ
2256 4902 2398 4955 ὅπλα
2441 4901 2544 4971 τῆς
2569 4900 2947 4974 δικαιοσύνης,
2995 4901 3135 4956 ἀλλά
3167 4901 3319 4967 δεξιὰ
3361 4905 3455 4956 καὶ
3486 4907 3761 4977 ἀριστερά

2166 4993 2310 5047 κατὰ
2366 4993 2458 5048 τὸν
2504 4993 2872 5049 ’Λπόστολονο
2926 4996 3070 5050 κατά
3109 4997 3211 5067 μὲν
3268 4997 3370 5068 τῆς
3433 4999 3761 5069 διαιρέσεως

2176 5086 2391 5158 Ἀρείου
2422 5089 2522 5158 τῆς
2553 5088 2647 5140 ἐπὶ
2692 5089 2791 5158 τῆς
2819 5088 3074 5158 φύσεως,
3109 5090 3210 5161 τῆς
3245 5093 3478 5164 Τριάδος
3507 5095 3608 5164 τὴν
3639 5095 3763 5149 ἐνό-

2163 5197 2305 5252 τητα
2336 5179 2433 5234 τοῦ
2478 5180 2774 5236 Σαϐελλίου
2825 5183 2936 5238 τῶν
2981 5183 3203 5253 φύσεων
3248 5185 3513 5253 τιθέντες,
3576 5188 3761 5243 καὶτὸ

2170 5276 2298 5346 μίαν
2329 5275 2510 5343 λέγειν
2549 5276 2854 5331 ὑπόστασιν
2880 5277 3294 5349 ἀπορρίψαντες
3318 5292 3335 5309 ·
3388 5280 3534 5334 κατὰ
3562 5279 3621 5333 δὲ
3655 5280 3761 5350 τῆς

2169 5371 2300 5439 μιᾶς
2335 5368 2690 5432 ὑποστάσεως
2721 5369 2817 5423 τοῦ
2854 5370 3172 5436 Σαϐελλίου,
3206 5373 3307 5444 τὴν
3349 5373 3618 5442 διαίρεσιν
3645 5375 3760 5428 τῶν

2167 5461 2523 5515 ὑποστάσεων
2555 5461 2649 5514 τοῦ
2690 5462 2905 5532 Ἀρείου
2934 5463 3327 5529 ἀντιτιθέντες,
3363 5468 3459 5519 καὶ
3489 5466 3588 5537 τὴν
3612 5467 3758 5521 δισί-

2169 5571 2319 5626 ρεσιν
2347 5555 2448 5625 τῆς
2483 5555 2612 5625 μιᾶς
2643 5555 2860 5625 φύσεως
2892 5557 3192 5629 πρόρριζον
3240 5559 3349 5612 ἀπὸ
3381 5559 3484 5630 τῆς
3523 5559 3759 5632 Ἐκκλη-

2166 5646 2290 5708 σίας
2323 5645 2762 5710 ἀνασπάσαντες.
2806 5649 3046 5717 Ὁμοίως
3087 5653 3182 5706 καὶ
3220 5651 3321 5721 τὴν
3357 5651 3624 5723 σύγχυσιν
3654 5652 3752 5708 τοῦ
