4096 6402
306 356 427 429 9-25

1689 375 2159 441 DlSPUTATlO
2186 378 2281 441 ΙΙ.

3529 380 3636 448 2°26

328 486 425 541 τδν
457 484 590 541 νοῦν
626 486 934 557 ima-rauci.
992 486 1068 559 τῷ
1120 487 1439 575 γράμματι,
1489 487 1627 545 ἀλλὰ
1655 491 1751 544 καὶ
1779 490 1932 544 τοῦτο

2042 490 2296 561 aequitas,
2351 503 2448 548 cett
2490 491 2801 552 exuberans
2850 508 3026 568 neque
3066 496 3136 553 ad
3192 497 3639 568 perpendiculum

334 582 439 653 τῆς
497 580 598 651 σῆς
646 579 985 653 όρθοτομίας
1016 581 1279 652 εύθύτητι
1306 581 1384 646 ὡς
1405 577 1584 669 ’τραχὺ
1615 581 1712 637 καὶ
1734 582 1811 654 μὴ
1845 580 1942 637 τοῦ

340 674 568 738 κανόνος
603 672 920 729 ὐποπίπτον
941 672 1020 746 τῷ
1049 673 1314 745 γνώμονι,
1346 673 1428 746 τῷ
1463 673 1694 746 καθαρῷ
1718 672 1818 746 τῆς
1850 674 1943 747 ὀρ-

342 766 587 832 θοδοξίας
618 766 753 838 σίτῳ
771 761 863 821 οἷα
895 766 1094 838 μικρὸν
1142 765 1289 839 [σοιί.
1326 765 1531 840 μικρῷ]
1563 767 1659 822 καὶ
1688 767 1946 838 ἀσυμφα-

341 860 435 924 νὲς
492 859 734 925 ζιζάνιόν
789 877 845 913 τι
896 861 1352 933 παραφυόμενον,
1393 860 1589 931 ὥσπερ
1639 850 1942 916 σκανδάλου

341 952 615 1024 πρόξενον
650 951 956 1019 ἁποξεσθὲν
1002 952 1077 1014 ὡς
1130 952 1352 1008 νοθεῦον
1390 952 1485 1007 τοῦ
1537 952 1796 1021 εὐγενοῦς
1822 954 1942 1019 νοὸς

338 1048 447 1118 τὴν
468 1048 722 1118 λειότητα
749 1046 992 1120 ἀφανείᾳ
1012 1047 1195 1120 τελείᾳ
1222 1046 1683 1119 παραδοθήσεται.
1711 1039 1825 1101 Καὶ
1846 1045 1940 1101 eii-

340 1157 455 1202 τως
486 1139 705 1210 ἀληθῶς
733 1140 794 1194 τὸ
845 1140 1241 1212 γεγραμμένον
1276 1139 1451 1203 ἐστὶν,
1499 1139 1584 1193 ὃτι
1652 1138 1758 1195 Ἐν
1785 1137 1940 1210 χειρὶ

339 1232 639 1303 γλώσσης
665 1230 777 1300 (rei;
809 1232 909 1286 καί
958 1231 1218 1298 θάνατος
1238 1249 1252 1264 ο
1287 1231 1523 1296 θάνατος
1552 1234 1661 1304 γὰρ
1708 1233 1803 1286 καὶ
1844 1233 1941 1287 θα-

339 1324 522 1378 ντί-ωδ
554 1325 861 1389 δεινότατος
897 1326 931 1396 ή
972 1326 1072 1397 τῆς
1102 1323 1366 1390 εὐσεϐοῦς
1400 1324 1725 1389 ἁπόπτωσις
1774 1324 1935 1394 δόξης

334 1423 459 1484 τοῖς
505 1422 586 1481 είς
642 1419 744 1489 τὴν
800 1417 1032 1491 βέϐηλον
1085 1418 1582 1490 κατενηνεγμένοις
1622 1418 1937 1488 ἀπειθείαν,

334 1514 438 1568 καὶ
498 1513 600 1585 τὴν
653 1513 908 1582 γλῶτταν
961 1513 1043 1576 είς
1083 1513 1333 1582 γλῶτταν
1399 1515 1633 1580 εἰκαίως
1681 1512 1819 1587 [εοά.
1857 1515 1937 1567 εί-

331 1606 564 1681 καίως]
602 1609 908 1674 όπλίζουσι.
967 1609 1062 1662 καὶ
1109 1609 1187 1672 ὡς
1244 1607 1375 1680 ᾇδου
1407 1607 1589 1680 πύλην
1629 1608 1695 1663 es
1736 1609 1938 1662 οίκείον

330 1705 521 1774 στόμα
548 1702 919 1758 πλατύνουσιν
942 1718 956 1733 ⁸
987 1701 1176 1774 ὥσπερ
1204 1702 1320 1775 ζωὴ
1348 1700 1443 1756 διαὶ
1471 1702 1587 1775 ζωὴ
1619 1701 1813 1758 αίωνία
1845 1703 1941 1756 καὶ

331 1796 555 1868 φθορᾶς
584 1796 771 1865 πάσης
796 1794 1228 1867 ὑπερισχύουσα,
1255 1796 1307 1849 οί
1338 1795 1613 1852 σκοτεινοὶ
1638 1796 1734 1850 καὶ
1763 1795 1934 1868 ἀόρα-

329 1906 419 1944 τοι
452 1890 552 1942 καὶ
580 1888 904 1963 ἀπόκρυφοι
928 1886 1031 1959 τῆς
1058 1886 1300 1960 ἀληθοῦς
1336 1887 1700 1961 καταλήψεως
1728 1887 1936 1959 θησαυ-

338 1978 449 2048 ροὶ,
493 1977 591 2041 οὓς
636 1976 947 2046 ἑξανοίγειν
986 1978 1016 2031 ό
1062 1975 1173 2033 τῶν
1215 1978 1357 2033 ὅλων
1386 1976 1935 2050 θεὸς’ὲπηγγείλατο

336 2074 454 2136 τοῖς
482 2071 660 2142 ὀρθῶς
686 2070 1019 2142 ἐκζητοῦσιν
1042 2070 1231 2139 αὐτὸν,
1263 2071 1360 2126 καὶ
1386 2071 1462 2145 μὴ
1492 2071 1592 2145 τὴν
1625 2071 1814 2127 κλεῖδα
1835 2073 1934 2144 τῆς

340 2165 598 2236 γνώσεως
626 2167 904 2238 αἴρουσιν,
951 2165 1075 2235 ,ἀλλ’
1108 2168 1523 2238 εἰσερχομένοις
1575 2167 1674 2223 καὶ
1723 2168 1929 2237 αὐτοῖς,

344 2258 446 2312 καὶ
470 2258 544 2330 μὴ
569 2259 691 2324 τοὺς
719 2258 1146 2332 εἰσερχομένους
1176 2259 1471 2315 κωλύουσι.

421 2350 538 2422 Τὴν
570 2352 711 2422 ζωὴν
740 2346 835 2406 οὖν
864 2350 1077 2423 ταύτην
1103 2350 1305 2423 ἔχουσα
1333 2354 1369 2424 ἡ
1402 2352 1471 2418 σὴ
1510 2351 1768 2425 τιμιότης
1798 2355 1932 2428 παρ’

344 2444 546 2515 ἑαυτῇ,
581 2443 639 2498 εὖ
660 2440 795 2498 οἶδεν
821 2446 855 2516 ἠ
882 2443 1136 2515 βασιλεία
1169 2445 1328 2516 ήμιῖιν
1358 2446 1442 2499 ὅτι
1482 2446 1713 2509 καὶτοῖς
1748 2446 1933 2512 ἄλλοις

339 2537 553 2607 ταύτης
581 2535 882 2608 μεταδώσει
912 2534 1010 2592 καὶ
1046 2537 1452 2611 μεταριθμήσει
1480 2541 1593 2594 τισὶ
1626 2538 1735 2594 τῶν
1766 2541 1932 2595 anet-

338 2631 618 2701 θεστέρων
641 2629 999 2696 ἐνιζάνουσαν
1051 2631 1353 2704 σκαιότητα
1406 2630 1503 2687 καὶ
1554 2632 1927 2706 σκληρότητα,

332 2726 435 2778 καὶ
463 2727 576 2789 τοίς
605 2724 861 2793 ποτίμοις
898 2723 1080 2793 λόγοις
1107 2724 1207 2795 τῆς
1255 2725 1663 2795 ἀνεπισφαλούς
1691 2728 1932 2793 πίστεως

328 2819 438 2889 τὴν
469 2817 727 2889 ἁλμυρὰν
753 2816 1056 2873 ἁποκλύσει
1099 2817 1380 2874 θάλασσαν
1405 2814 1505 2891 τῆς
1535 2821 1927 2891 κακοπιστίας,

327 2914 430 2967 καὶ
449 2914 768 2983 μετενέγκῃ
784 2912 889 2981 τὴν
905 2912 1063 2965 νόσον
1085 2913 1167 2976 είς
1188 2911 1664 2984 εἰλικρινεστάτην
1694 2914 1929 2983 ὑγιείαν.

333 3005 600 3075 Ἔχοντες
632 3003 729 3059 οὖν
764 3020 826 3059 σε
863 3004 965 3076 τὴν
999 3004 1241 3073 κεφαλὴν
1268 3007 1391 3071 ταῖς
1420 3004 1639 3070 λοιπαῖς
1664 3008 1929 3076 οίκουμε-

332 3103 519 3163 νικαίς
557 3100 825 3165 συνόδοις,
854 3098 993 3152 ἀλλὰ
1018 3099 1112 3154 καὶ
1159 3101 1226 3172 τῇ
1270 3100 1509 3171 τετάρτη
1567 3084 1927 3174 συνᾴδουσαν,

2046 584 2324 653 quadrans
2352 583 2627 655 (videlicet
2668 595 2925 656 tanquatn
2971 603 3142 658 pauca
3171 599 3226 645 et
3286 592 3636 648 inobservata

2045 676 2261 732 zizania
2303 676 2450 734 inter
2495 692 2688 747 purum
2718 679 3056 736 orthodoxiaa
3079 682 3316 737 triticum
3349 683 3524 754 nata),
3557 683 3637 749 id,

2044 767 2291 837 inquam,
2349 777 2534 840 utpote
2576 770 2819 825 scandali
2858 771 3233 838 occasionem,
3284 781 3340 828 et
3388 774 3637 844 ingenue

2044 862 2526 932 puraque-mentis
2556 863 2846 933 quamdam
2877 864 3167 928 maculam,
3196 861 3442 920 funditus
3472 866 3636 919 abra-

2043 966 2165 1007 sutn
2222 954 2460 1010 abolebit
2508 964 2564 1025 et
2623 955 2952 1036 antiquabit.
3019 956 3383 1023 Quamobrem
3433 960 3673 1036 veritas.

2044 1043 2346 1118 Scriptura:
2400 1049 2634 1104 dicentis
2680 1032 2967 1119 apparet:
3013 1047 3082 1103 In
3132 1061 3389 1118 potestate
3438 1049 3634 1121 (iugum

2039 1142 2150 1198 vita
2186 1152 2233 1197 et
2258 1158 2399 1197 mors
2416 1140 2459 1196 δ.
2503 1141 2649 1198 Mors
2674 1143 2842 1208 enim,
2881 1142 2992 1198 imo
3034 1158 3181 1198 mors
3220 1143 3493 1198 teterrima
3526 1152 3631 1212 est,

2042 1235 2177 1292 recti
2207 1234 2478 1303 dogmatis
2499 1236 2725 1291 amissio
2754 1236 2829 1290 iis
2857 1235 2948 1305 qui
2985 1235 3035 1289 in
3068 1236 3288 1306 impiam
3342 1235 3633 1291 incurrunt

2042 1326 2504 1392 incredulitatem,
2548 1334 2603 1382 et
2641 1326 2879 1397 linguam
2909 1337 3113 1383 temere
3152 1340 3345 1382 contra
3394 1326 3632 1399 linguam

2040 1428 2278 1488 armant,
2335 1430 2391 1475 et
2431 1428 2688 1495 tanquam
2740 1421 3040 1476 inferorum
3089 1432 3300 1493 portam
3356 1437 3420 1478 os
3475 1439 3631 1477 suum

2041 1511 2290 1568 dilatant.
2347 1511 2553 1568 Contra
2605 1513 2738 1578 vita,
2780 1514 2890 1569 imo
2929 1523 3135 1569 interna
3168 1514 3408 1584 nullique
3437 1529 3635 1570 corru-

2040 1604 2209 1675 ptioni
2243 1603 2477 1660 obnoxia
2519 1604 2654 1669 vita,
2693 1618 2779 1662 est
2815 1609 2864 1660 in
2894 1606 3164 1662 abstrusis
3194 1606 3300 1662 illis
3343 1607 3635 1663 invisibili-

2039 1700 2143 1756 bus
2207 1701 2537 1772 arcanisque
2589 1698 2907 1758 orthodoxa:
2978 1703 3268 1758 sententia:
3339 1703 3628 1770 thesauris,

2041 1807 2178 1861 quos
2228 1794 2540 1849 communis
2588 1791 2734 1849 Dens
2785 1802 3157 1850 reseraturum
3213 1808 3275 1851 se
3313 1794 3630 1851 hominibus

2039 1881 2108 1938 iis
2141 1886 2414 1953 promisit,
2462 1885 2555 1956 qui
2595 1885 2770 1955 ipsum
2820 1886 3065 1942 studiose
3099 1896 3375 1956 quaerunt,
3425 1887 3630 1957 quique

2040 1977 2174 2033 recti
2205 1991 2402 2033 sensus
2432 1978 2631 2033 clavim
2660 1994 2768 2033 non
2801 1978 3029 2045 abdunt,
3066 1979 3162 2034 sed
3188 1990 3245 2035 et
3290 1978 3395 2050 ipsi
3450 1979 3627 2035 intro-

2036 2077 2187 2137 eunt,
2208 2083 2383 2139 neque
2407 2069 2542 2126 alios
2562 2070 2813 2142 ingressu
2851 2068 3163 2138 prohibent.

2107 2358 2257 2416 lianc
2300 2375 2433 2433 ergo
2479 2360 2645 2417 vitam
2678 2377 2801 2417 eum
2853 2370 2946 2418 tua
2980 2361 3286 2418 reverentia
3335 2360 3387 2416 in
3416 2374 3475 2417 se
3519 2360 3623 2415 ha-

2032 2452 2199 2521 beat,
2241 2455 2411 2524 probe
2460 2453 2617 2510 novit
2654 2455 2914 2527 majestas
2963 2469 3085 2512 mea
3134 2464 3186 2511 te
3235 2456 3359 2512 aliis
3407 2472 3626 2528 quoque

2033 2545 2439 2616 impertiturum
2470 2561 2614 2612 esse,
2651 2559 3141 2623 correcturumque
3166 2547 3463 2605 haerentem
3491 2530 3628 2618 ipsis

2033 2637 2453 2710 pertersitatem
2480 2638 2932 2710 acpertinaeiam
2963 2656 2978 2695 :
3011 2640 3089 2695 ita
3115 2648 3173 2694 ut
3199 2638 3424 2710 irriguis
3455 2642 3626 2698 tutis-

2032 2732 2189 2788 sime
2236 2732 2360 2788 fidei
2413 2732 2708 2798 doctrinis,
2751 2747 3049 2803 pravorum
3100 2732 3417 2804 dogmatum
3478 2742 3623 2789 tem-

2032 2836 2221 2897 peStas
2249 2826 2498 2893 sedetur,
2538 2836 2591 2882 et
2625 2827 2803 2883 morbi
2835 2827 3028 2882 vitium
3066 2827 3122 2882 itt
3158 2825 3620 2899 perfectissimam

2033 2922 2325 2979 sanitatem
2366 2930 2639 2978 vertatur.
2678 2921 2895 2992 Quippe
2921 2935 3046 2976 cum
3086 2931 3138 2975 te
3170 2918 3491 2986 habeamus,
3526 2919 3623 2989 qui

2031 3017 2213 3089 gentis
2242 3023 2410 3087 caput
2453 3030 2536 3082 es,
2595 3022 2711 3069 tum
2750 3015 2975 3086 reliquis
3011 3014 3361 3085 generalibus
3395 3014 3623 3084 synodis

2031 3120 2149 3167 tum
2187 3111 2355 3164 etiam
2388 3120 2600 3181 quartae
2633 3101 3057 3171 assentientem,
3088 3104 3294 3160 bonam
3329 3118 3481 3175 spem
3515 3103 3623 3157 ali-

336 3193 622 3258 εὐέλπιδές
650 3196 843 3264 ἐσμεν,
873 3191 950 3256 ὡς
983 3193 1080 3246 καὶ
1108 3192 1180 3247 τὰ
1208 3192 1347 3265 μέλη
1397 3195 1465 3266 τῇ
1498 3193 1709 3267 κεφαλῇ
1758 3212 1922 3267 cava.-

2033 3219 2157 3260 mus
2191 3201 2309 3257 fore
2345 3210 2406 3257 ut
2437 3201 2652 3271 reliqua
2695 3199 2943 3255 membra
2993 3196 3314 3281 conspirent
3359 3209 3484 3250 eum
3520 3207 3619 3250 ca-

331 3284 732 3353 ῑολουθῂσουσι
756 3299 773 3314 ·
804 3283 905 3337 καὶ
937 3285 1048 3339 πᾶν
1077 3283 1138 3337 τὸ
1163 3282 1413 3339 διασπῶν
1460 3284 1562 3355 τὴν
1591 3286 1930 3355 ἐπαινουμέ-

2033 3297 2180 3368 pite;
2224 3295 2297 3369 ita
2334 3302 2393 3349 ut
2433 3292 2485 3348 id
2517 3307 2680 3349 omne
2711 3290 2857 3363 quod
2894 3287 3224 3346 laudabilem
3260 3285 3622 3341 coneordiant

332 3396 433 3449 νην
463 3376 774 3449 συνέχειαν,
807 3375 903 3429 καὶ
930 3374 1024 3428 τὸν
1044 3375 1142 3446 τῆς
1166 3372 1416 3439 ἑνώσεως
1445 3373 1747 3444 σύνδεσμον
1777 3374 1927 3440 λύον,

328 3471 408 3536 ὡς
444 3470 737 3541 ἁσυμξυὶς
772 3470 869 3524 καὶ
898 3466 1252 3539 ἀξύμϐλητον
1276 3470 1352 3540 τῇ
1379 3469 1478 3538 τῆς
1507 3468 1797 3540 ὁλομελίας
1825 3468 1928 3539 ἀρ-

335 3562 589 3635 μολογίᾳ,
634 3560 1020 3632 ἀνακαθαρθὲν
1077 3560 1189 3614 ἀπὸ
1220 3559 1317 3614 τοῦ
1365 3561 1537 3631 μέσου
1596 3559 1925 3632 ἀρθήσεται.

333 3657 397 3712 ΕΞ
420 3660 532 3729 γὰρ
553 3658 652 3729 καὶ
677 3658 731 3711 oi
758 3657 1016 3727 πρότεροι
1041 3654 1151 3709 τῶν
1168 3654 1471 3726 Ἀρμενίων
1496 3655 1757 3725 πιιμένες
1783 3655 1927 3711 κατὰ

329 3752 423 3805 τὸν
449 3728 550 3806 τοῦ
584 3728 872 3824 ἀφορήτου
912 3749 1326 3819 ἠφρονεύσαντο
1376 3746 1559 3818 λόγον,
1586 3750 1683 3802 καὶ
1710 3750 1744 3820 ἡ
1782 3748 1926 3822 νομὴ

2029 3387 2311 3453 distrahit,
2334 3394 2392 3441 et
2411 3385 2639 3441 unitatis
2657 3384 2840 3440 vincla
2866 3381 3355 3450 dissolvit,fntpotc
3381 3379 3622 3434 alienum

2026 3489 2080 3537 et
2116 3480 2412 3535 adversum
2443 3478 2691 3533 universi
2727 3475 2976 3547 corporis
3011 3472 3296 3545 compagi,
3324 3479 3620 3543 purgatum

2027 3571 2264 3644 denique
2292 3587 2324 3628 c
2362 3570 2545 3626 medio
2575 3568 2821 3625 tollatur.
2868 3566 2987 3622 Etsi
3018 3566 3167 3622 enim
3209 3563 3479 3636 praeteriti
3515 3562 3625 3618 Ar-

2027 3665 2338 3720 meniorum
2373 3670 2627 3735 pastores
2659 3657 3028 3723 insanierunt,
3067 3665 3125 3712 ut
3167 3658 3245 3711 ait
3280 3653 3550 3728 propheta
3573 3655 3618 3727 ⁸,

2028 3766 2379 3827 cunctusque
2408 3770 2541 3826 grex
2591 3750 2836 3823 desipuit
2884 3759 2939 3805 et
2988 3749 3275 3820 dispersus
3315 3755 3435 3814 est;
3477 3754 3623 3802 atta-

324 3844 483 3898 πᾱσα
514 3844 619 3897 οὐκ
650 3841 797 3910 ἔγνω
831 3839 930 3896 καὶ
982 3838 1510 3912 διεσκορπίσθησαν,
1566 3840 1687 3895 ἀλλ’
1723 3842 1753 3894 ὁ
1785 3842 1928 3912 μετὰ
1971 3860 1976 3867 ’

321 3936 556 3999 τούτους
584 3932 757 3989 ἐλθὼν
782 3932 1213 4004 ἐπιστημονικὰς
1237 3933 1333 3986 καὶ
1357 3932 1589 4003 ἔμφρων
1622 3931 1835 4005 ποιμὴν
1862 3932 1925 3987 τὸ

321 4028 759 4101 διασκορπισθὲν
785 4027 1197 4101 ἐπισυναγάγῃ,
1229 4027 1330 4080 καλ⁹
1360 4025 1730 4095 ἀναγνωρίσει
1785 4024 1924 4079 πᾶσι

2033 4051 2232 4109 pascua
2267 4035 2488 4091 cunctis
2517 4030 2946 4099 demonstrabit,
2990 4022 3342 4100 minabitque
3371 4043 3619 4099 gregem,

322 4125 429 4196 τὴν
481 4124 823 4194 ἀντίστοιχον
872 4122 973 4194 τῆς
1020 4122 1326 4193 θανασίμου
1385 4121 1527 4185 πόας
1579 4119 1754 4194 νομὴν
1780 4159 1797 4186 ,
1829 4120 1932 4175 καὶ

2033 4137 2081 4195 et
2135 4127 2374 4199 spiritali
2430 4125 2565 4183 ovili
2618 4133 3047 4197 quaquaversus
3098 4128 3218 4176 tuto
3275 4120 3621 4188 concludet,

322 4218 605 4291 εἰσαγάγῃ
631 4216 693 4271 τδ
742 4214 1023 4287 ποίμνιον,
1054 4216 1149 4271 καὶ
1171 4214 1458 4285 ,ἐνοικήσει
1488 4215 1556 4285 τῇ
1586 4213 1924 4285 ψυχοτρόφῳ

2033 4219 2464 4288 iucundahitque
2512 4215 2995 4288 patremfamilias,
3041 4214 3172 4284 quia
3206 4212 3617 4275 commodatum

324 4312 548 4386 μανδρᾳ
578 4313 646 4383 τῇ
676 4310 926 4379 ἀϐλαϐεῖ,
961 4310 1058 4364 καὶ
1083 4309 1352 4381 εὐφρανεῖ
1384 4308 1476 4363 τὸν
1505 4307 1919 4376 οίκοδεσπότην,

2033 4313 2293 4369 talentum
2325 4325 2553 4367 usuram
2602 4308 2838 4387 peperit,
2874 4316 2931 4365 et
2964 4306 3223 4363 caelestes
3273 4304 3502 4376 spiritus
3546 4304 3619 4360 de
3681 4308 3684 4311 ’

320 4408 411 4461 ὅτι
438 4409 505 4461 τὺ
534 4405 802 4461 τάλαντον
838 4406 929 4469 είς
950 4404 1191 4459 ἐπίδοσιν
1240 4400 1397 4477 ἦλθε,
1431 4403 1530 4456 καὶ
1580 4403 1637 4457 αί
1665 4403 1923 4476 οὐράνιαι

2033 4406 2291 4463 drachma
2322 4405 2546 4460 inventa
2574 4402 2931 4458 laetabuntur.
2970 4399 3116 4456 Sane
3155 4407 3385 4454 cunctas
3425 4396 3621 4454 Eccle-

319 4499 589 4571 δυνάμεις
617 4499 713 4553 ἐπὶ
739 4503 808 4571 τῇ
831 4497 934 4570 τῆς
960 4497 1218 4570 δραχμῆς
1244 4497 1463 4568 εὑρέσει
1493 4495 1919 4568 ήγαλλιάσαντο.

2033 4501 2139 4558 sias
2181 4500 2337 4572 puris
2378 4498 2629 4555 fontibus
2681 4493 2966 4559 inundari,
3007 4493 3180 4550 sitivit
3229 4504 3286 4548 et
3339 4489 3456 4547 sitit
3500 4506 3618 4546 ma-

321 4593 434 4648 ’Ῑδν
461 4592 565 4664 τῆς
594 4594 824 4665 είρήνης
880 4590 1156 4645 ἀθόλωτον
1193 4591 1444 4661 ποταμὸν
1474 4588 1774 4644 ἐπικλῦσαι
1806 4590 1918 4644 πά·-

2033 4592 2194 4665 iestas
2244 4606 2399 4659 mea;
2448 4603 2656 4662 easque
2692 4601 2806 4643 uno
2850 4595 3084 4642 cunctas
3131 4584 3369 4654 apiritali
3402 4583 3621 4640 vinculo

322 4703 430 4750 σας
452 4689 557 4750 τὰς
603 4684 959 4756 Ἐκκλησίας,
995 4684 1222 4757 ἐδίψησε
1275 4684 1372 4738 καὶ
1420 4683 1554 4756 διψᾷ
1598 4685 1634 4756 ἡ
1667 4682 1920 4755 βασιλεία

2033 4683 2368 4755 constringi,
2419 4679 2812 4738 ardentissima
2869 4690 3088 4747 semper
3149 4673 3463 4747 cupiditate
3522 4687 3621 4728 ex-

316 4781 487 4853 ήμῶν
505 4795 522 4810 ·
550 4780 648 4833 καὶ
673 4779 756 4843 είς
775 4778 875 4833 ἕνα
900 4777 1199 4850 σύνδεσμον
1226 4777 1437 4840 πάντας
1469 4775 1726 4847 γενέσθαι
1751 4793 1920 4832 πνευ-

2033 4777 2233 4850 aptavit
2262 4783 2318 4831 et
2347 4780 2534 4845 optat;
2576 4787 2645 4829 ex
2675 4784 2854 4840 eaque
2886 4782 2947 4825 re
2973 4766 3233 4839 gaudium
3271 4779 3439 4836 quam
3467 4764 3617 4834 quod

323 4875 584 4948 ματικδν,
647 4872 922 4946 ἐπιθυμίᾳ
969 4874 1285 4947 θερμοτάτῃ
1339 4874 1437 4927 καὶ
1460 4864 1790 4944 ’ἐπεθύμησε
1822 4873 1921 4926 καὶ

2033 4871 2328 4927 maximum
2379 4866 2530 4939 capit
2576 4880 2594 4920 :
2646 4876 2799 4920 nunc
2852 4875 2984 4918 vero
3042 4857 3378 4916 ineffabilem
3435 4856 3619 4911 haurit

322 4970 609 5040 ἐπιθυμεῖ,
664 4969 761 5023 καὶ
789 4970 977 5039 χαίρει
1004 4968 1099 5021 ἐπὶ
1137 4965 1352 5031 τούτοις
1386 4965 1464 5029 ὡς
1516 4967 1621 5020 οὐκ
1655 4966 1743 5019 ἐπ’
1774 4963 1922 5035 ἄλλῳ

2033 4962 2214 5018 animo
2250 4959 2630 5030 voluptatem,
2668 4970 2794 5012 cum
2826 4962 2882 5009 te
2911 4967 3136 5025 quoque
3179 4952 3236 5007 in
3291 4950 3347 5008 id
3397 4953 3620 5019 conspi-

320 5066 472 5120 τινί·
502 5066 599 5118 καὶ
622 5062 923 5130 ὲνέσταξας
948 5062 1114 5132 γάνος
1147 5059 1424 5132 θυμηδίας
1463 5061 1710 5134 άρῥήτου
1747 5060 1912 5133 “Oti:

2033 5066 2281 5122 rantetn,
2338 5053 2865 5120 incumbentemque
2910 5048 2979 5103 ad
3034 5044 3429 5103 ecclesiasticae
3479 5058 3616 5099 con-

2026 3865 2155 3906 men
2189 3852 2284 3923 qui
2320 3850 2404 3906 eis
2438 3848 2712 3907 successit
2748 3844 3014 3902 cordatus
3058 3842 3397 3914 sapiensque
3436 3847 3625 3911 pastor
3680 3852 3685 3857 ‘

2026 3944 2280 4015 palantes
2319 3940 2717 4013 congregahit,
2754 3946 2810 3995 et
2852 3938 3032 3994 aliena
3082 3936 3388 3993 mortiferis
3434 3934 3619 3990 herbis

318 5161 406 5215 ὃτι
430 5159 666 5231 εὑρέθης
696 5156 793 5212 καὶ
817 5156 983 5220 αὐτὸς
1006 5158 1086 5220 είς
1121 5155 1285 5209 τοῦτο
1325 5156 1639 5228 συντρέχων
1671 5155 1768 5210 καὶ
1795 5156 1916 5209 επι-

319 5254 575 5309 σπεύδων
603 5253 666 5307 τὸ
682 5252 778 5322 τῆς
803 5249 1281 5322 ὲκκληωαστικῆς
1305 5248 1564 5321 ὁμονοίας
1589 5247 1776 5303 καλόν.
1802 5249 1913 5304 Καὶ

314 5347 566 5420 χαιρέτω
601 5350 634 5415 ὴ
694 5344 793 5400 τοῦ
836 5343 976 5398 Θεοῦ
1029 5344 1356 5415 Ἐκκλησία,
1411 5343 1510 5397 καὶ
1535 5341 1623 5413 ἐφ’
1644 5342 1780 5412 ἡμῖν
1820 5340 1919 5396 καὶ

316 5438 493 5510 ταύτῃ
538 5438 568 5491 ό
591 5437 701 5491 τῶν
733 5436 896 5492 θείων
922 5436 1244 5491 ἀποστόλων
1295 5433 1480 5507 χορὸς,
1509 5437 1538 5489 ό
1572 5434 1686 5488 τῶν
1740 5433 1917 5504 ἁγίων

320 5527 591 5603 Πατέρων
622 5530 812 5604 ἐσμὸς,
836 5532 871 5603 ἡ
904 5529 1016 5584 τῶν
1049 5529 1263 5583 πιστῶν
1292 5526 1620 5599 κληρουχία,
1649 5527 1747 5581 καὶ
1780 5528 1920 5582 πάν-

320 5642 420 5689 τες
460 5627 510 5679 οὶ
560 5628 843 5697 οίκονόμοι
871 5625 975 5695 τῆς
1011 5624 1259 5697 χαριτος.
1291 5621 1576 5694 Θρηνείτω
1606 5622 1635 5675 ὁ
1666 5620 1919 5694 Εὐτυχὴς

319 5720 423 5774 καὶ
456 5695 769 5793 Διόσκορος,
836 5695 1128 5793 οίμωζιέτω
1176 5715 1499 5788 Νεστόριος,
1554 5714 1917 5771 καταδύεσθαι

395 5884 420 5913 ⁵
444 5880 602 5939 Prov.
629 5894 795 5947 mn,
821 5878 918 5934 2|.
1016 5875 1039 5908 ⁸
1076 5878 1191 5935 Isa.
1235 5890 1386 5944 xxtv,
1433 5874 1490 5931 6.

2015 5146 2232 5207 'cordize
2288 5147 2492 5203 bonum
2540 5145 2714 5201 videt.
2768 5142 3002 5212 Jamque
3050 5139 3192 5195 adeo
3252 5132 3468 5192 laetetur
3524 5134 3617 5190 Dei

2027 5239 2302 5305 Ecclesia,
2344 5238 2630 5307 nostrique
2661 5245 2718 5291 et
2750 5234 2926 5306 ipsius
2973 5228 3232 5287 Ecclesiae
3264 5240 3432 5283 causa
3458 5225 3618 5281 divo-

2026 5350 2151 5392 rum
2183 5332 2421 5405 gaudeat
2451 5329 2830 5402 apostolorum
2867 5326 3099 5392 chorus,
3133 5322 3359 5377 Patrum
3392 5327 3618 5374 sancto-

2024 5443 2147 5485 rum
2182 5436 2381 5491 cwtus,
2417 5424 2657 5479 fidelium
2692 5420 3007 5481 hat-reditas,
3061 5410 3363 5484 cunctique
3412 5411 3615 5466 divittJ‘.

2026 5520 2217 5593 gratia)
2247 5517 2680 5572 ministratores.
2713 5512 2964 5584 Lugeant
2999 5506 3276 5579 Entyches
3307 5512 3363 5560 et
3388 5502 3619 5559 Diosco-

2025 5630 2161 5681 rus;
2211 5613 2391 5684 ploret
2434 5607 2761 5673 Nestorius;
2809 5605 3019 5676 pudore
3048 5602 3321 5659 adiciatur
3348 5598 3612 5662 Severus,

2024 5712 2189 5784 eique
2244 5691 2606 5769 consentiens
2650 5701 3018 5771 Timotheus;
3078 5700 3296 5759 valeant
3339 5695 3615 5767 quotquot
