4096 6400
489 393 600 457 227

1904 386 2340 451 THEORIANI

3663 369 3776 436 εει

493 501 781 560 mendacia
835 500 993 556 nobis
1045 499 1336 571 vobisque,
1371 505 1431 552 ut
1483 493 1776 567 scripsisti,
1827 493 2080 550 obtruse-

2205 493 2424 571 εεϐἧρος
2453 491 2543 545 καῖ
2591 489 2619 543 ὁ
2653 489 2844 543 τούτου
2873 488 3142 560 σύμφρων
3171 465 3438 556 Τιμόθεος
3460 502 3474 518 ·
3509 483 3777 556 οἰχέσθω-

493 608 648 652 runt.
683 596 870 666 Neque
902 609 1034 650 vero
1081 610 1182 650 nos
1229 591 1576 649 homiuicolze
1603 589 1855 645 Nestorio
1887 603 2078 644 assen-

494 691 687 751 timur.
724 704 894 759 prava
923 689 1042 760 ejus
1073 687 1334 757 opinione
1365 686 1530 740 aﬁlati
1553 725 1567 747 ,
1618 693 1678 738 ut
1725 683 1864 738 duas
1915 681 2079 736 unius

493 782 708 836 Christi
755 795 1036 851 personas
1079 778 1391 834 ortliodoxo
1421 776 1663 848 dogmati
1712 788 2078 845 oggeramus:

496 877 592 930 sed
631 890 801 929 unum
829 873 1115 928 Christum
1149 871 1481 928 conﬁtemur
1511 868 1800 924 Dominum
1835 875 1890 922 et
1913 866 2080 920 Deum

492 976 775 1031 nostrum,
829 966 885 1019 in
937 980 1044 1018 una
1109 977 1345 1033 persona
1378 971 1500 1031 post
1551 961 1810 1014 unionem
1863 971 2084 1028 quoque

499 1059 870 1123 adorandum,
906 1057 1122 1111 duabus
1154 1069 1350 1125 nempe
1383 1055 1599 1108 naturis
1651 1053 1753 1106 sub
1807 1067 1912 1105 una
1964 1063 2088 1117 per-

500 1166 636 1206 sona
667 1149 1113 1221 inseparabiliter
1139 1132 1533 1216 incbnl’uscque
1558 1144 1750 1209 unitis,
1780 1159 1846 1198 cx
1871 1142 2086 1199 duabus

502 1248 724 1316 inquam
779 1243 993 1298 naturis
1040 1251 1094 1296 et
1147 1241 1202 1295 in
1251 1239 1509 1295 duabus:
1548 1237 1758 1292 naturis
1808 1237 2090 1292 enimvero

497 1338 709 1407 pollere
735 1337 949 1390 duabus
974 1335 1140 1390 etiam
1175 1343 1309 1406 post‘
1339 1333 1600 1387 unionem
1639 1330 1921 1388 Christum
1951 1328 2089 1383 dici-

505 1443 629 1483 mus
664 1438 830 1497 atque
859 1425 1162 1482 credimus.

579 1607 711 1661 Tum
765 1606 935 1677 igitur
987 1606 1314 1660 reverentiae
1367 1605 1574 1675 scripta
1629 1603 1695 1658 ad
1753 1603 2094 1674 maiestatem

2184 605 2287 642 σαν
2347 570 2395 638 οἱ
2442 586 2539 648 τὰς
2584 583 2944 653 ψευδολογίας
2984 579 3148 652 ἡμῶν
3199 577 3620 648 καθοριξόμενοι
3675 577 3776 629 καὶ

2183 679 2361 748 ὑμῶν,
2396 676 2587 748 ὥσπερ
2621 675 2864 746 ἔγραψας
2891 691 2904 704 ⁸
2964 673 3067 743 οὑχ
3101 673 3264 743 ἡμεῖς
3293 669 3604 742 φρονοῦμεν
3633 669 3710 732 ὼς
3745 670 3776 721 ὁ

2184 770 2650 841 ἀνθρωπολάτρης
2696 767 2992 838 Νεστόριος
3014 768 3080 836 τῇ
3108 764 3374 834 κακονοίᾳ,
3415 762 3608 816 τούτου
3637 777 3770 814 συν-

2185 865 2549 934 απαγόμενοι,
2585 864 2678 917 καὶ
2712 862 2808 914 δύο
2855 859 3189 922 ὑποστάσεις
3221 858 3316 912 ἐπὶ
3342 856 3438 911 τοῦ
3484 857 3608 920 ἐνὸς
3641 857 3778 924 Χρι-

2187 954 2316 1008 στοῦ
2349 954 2425 1024 τῷ
2457 952 2725 1024 όρθοδόξω
2755 949 3090 1021 πληρώματι
3120 949 3587 1020 παρεισφέροντες
3610 963 3625 977 ·
3657 945 3777 1000 ἀλλ’

2188 1045 2560 1116 ὁμολογοῦμεν
2589 1044 2681 1096 τὸν
2719 1043 2815 1096 ἕνα
2846 1042 3084 1114 Χριστὸν
3139 1042 3234 1094 καὶ
3266 1039 3470 1109 Κύριον
3514 1037 3608 1090 καὶ
3642 1036 3780 1088 Θεὸν

2189 1139 2349 1212 ήμῶν
2375 1141 2432 1191 ὲν
2466 1139 2565 1210 μιᾷ
2602 1137 2904 1190 ὑποστάσει
2936 1137 3030 1188 καὶ
3079 1134 3221 1204 μετά
3251 1132 3348 1203 τὴν
3377 1131 3572 1184 ἕνωσιν
3605 1145 3782 1198 προσ-

2191 1233 2547 1304 κυνούμενον,
2597 1232 2707 1284 τῶν
2736 1230 2830 1284 δύο
2888 1229 3108 1300 φύσεων
3169 1227 3250 1292 είς
3291 1225 3421 1297 μίαν
3475 1224 3784 1277 ὑπόστασιν

2195 1325 2505 1378 ἑνωθεισῶν
2553 1323 2878 1394 ἀχωρίστως
2932 1323 3029 1376 καὶ⁵
3061 1320 3414 1388 ἀσυγχύτως,
3465 1319 3528 1370 ὲκ
3561 1314 3657 1368 δύο
3689 1313 3786 1382 φύ-

2196 1434 2336 1470 σεων
2367 1416 2464 1469 καὶ
2492 1418 2548 1470 ἐν
2578 1415 2692 1478 δύο,
2731 1413 2941 1468 καὶδύο
2970 1412 3164 1482 φύσεις
3193 1410 3288 1464 καὶ
3317 1408 3454 1480 μετὰ
3475 1407 3786 1476 τὴνὲνωσιν

2194 1513 2284 1563 τδν
2313 1509 2548 1582 Χριστὸν
2583 1503 2749 1570 εἶναι,
2785 1508 2879 1560 καὶ
2905 1506 3159 1572 λέγοντες
3196 1505 3293 1557 καὶ
3325 1502 3702 1562 πιστεύοντες.

2280 1603 2345 1654 Ἠ
2378 1601 2477 1672 μὲν
2526 1600 2622 1654 οῦν
2654 1599 2809 1666 παρά
2839 1599 2938 1668 τῆς
2986 1598 3084 1667 σῆς
3129 1596 3449 1667 τιμιότητος
3503 1593 3784 1663 γραφεῖσα

501 1715 686 1755 meam
719 1701 843 1755 ﬁdei
891 1699 1186 1770 expositio,
1225 1699 1368 1753 lceta
1405 1713 1436 1751 a
1483 1698 1644 1753 nobis
1673 1708 1778 1762 est,
1827 1699 2097 1768 plenaque

2205 1694 2294 1748 καὶ
2338 1692 2709 1747 ἀποσταλεῖσα
2763 1694 2828 1762 τῇ
2891 1688 3142 1761 βασιλείᾳ
3203 1687 3363 1758 ἡμῶν
3395 1687 3494 1756 τῆς
3546 1686 3785 1748 πίστεως

508 1793 793 1863 sapientia:
851 1800 908 1847 et
964 1791 1212 1846 veritatis
1258 1791 1414 1853 visa,
1479 1805 1656 1860 neque
1710 1791 1779 1846 ab
1839 1789 2097 1846 Ecclesia:

2205 1785 2438 1850 ἕκθεσις,
2459 1781 2860 1852 ὑπανεγνώσθη
2884 1781 3022 1851 αὑτῇ
3057 1781 3151 1833 καὶ
3180 1777 3328 1843 εδοξε
3352 1778 3567 1847 πλήρης
3589 1776 3786 1845 σοφίας

503 1895 714 1940 nostra:
758 1884 862 1938 ﬁde
896 1883 1114 1938 discors
1162 1891 1262 1936 aut
1305 1881 1486 1946 devia,
1540 1884 1844 1951 praesertim
1900 1883 1946 1937 si
1979 1881 2096 1953 ejus

2205 1879 2298 1932 καὶ
2343 1877 2605 1946 ἀληθείας
2632 1916 2648 1940 ,
2689 1875 2785 1928 καὶ
2813 1875 2914 1941 τῆς
2948 1873 3231 1943 ἡμετέρας
3261 1869 3426 1939 ἁγίας
3455 1864 3789 1938 Ἐκκλησίας

511 1995 668 2035 mens
692 1992 756 2032 ac
799 1976 1054 2032 veritatis
1076 1990 1290 2030 summa
1321 1975 1708 2030 consideretur
1739 1992 1752 2030 :
1785 1990 2096 2046 quanquam

507 2070 809 2133 aliquando
851 2068 1024 2123 dictio
1073 2069 1234 2134 ejus,
1290 2083 1414 2138 qua
1470 2068 1630 2123 nobis
1693 2077 1779 2123 est
1831 2067 2097 2134 insolita,

511 2162 776 2232 legentem
810 2159 1055 2215 vellicat.
1098 2157 1232 2212 Nam
1279 2158 1426 2228 quod
1466 2165 1676 2212 uatum
1712 2173 1824 2213 suae
1847 2159 2102 2229 proprie-

511 2261 678 2306 tatem
731 2249 1126 2305 immutabilem
1179 2246 1693 2318 inconver'samque,
1759 2250 1924 2304 etiam
1977 2259 2102 2320 post

512 2343 771 2398 unionem
834 2343 1128 2398 retinuerit
1178 2340 1416 2396 humana
1450 2341 1761 2396 substantia
1809 2342 1928 2406 illa,
1977 2357 2099 2414 qua:

509 2437 579 2490 de
616 2435 913 2506 purissima
942 2447 997 2491 et
1022 2435 1378 2490 sanctissima
1412 2431 1637 2504 Virgine
1681 2432 1910 2502 Deipara
1937 2449 2104 2489 surn-

511 2535 606 2599 pta
663 2528 805 2594 fuit,
862 2541 1080 2583 omnem
1137 2526 1279 2581 tollit
1350 2525 1752 2581 dubitationem
1806 2535 2012 2581 sanctae
2049 2535 2106 2584 et

515 2620 874 2676 mcumenice
919 2629 1131 2691 quartae
1167 2617 1359 2690 synodi
1406 2619 1656 2673 doctrina
1691 2618 1920 2688 ejusque
1965 2635 2103 2676 con-

514 2711 704 2776 fessio,
741 2727 840 2766 nec
892 2726 998 2766 non
1033 2711 1211 2779 magni
1248 2711 1392 2766 inter
1429 2721 1648 2778 sanctos
1692 2709 1892 2768 Leonis
1946 2711 2108 2783 Papa

516 2803 747 2860 Romani
783 2802 1042 2874 epistola,
1092 2817 1256 2875 quam
1311 2803 1650 2858 ortbodoxize
1693 2804 1946 2860 columen
2004 2807 2108 2862 Ec-

511 2895 684 2949 clesia
753 2905 938 2949 nostra
997 2909 1215 2964 semper
1270 2895 1585 2966 appellavit.
1646 2893 1816 2952 Porro
1867 2899 2009 2968 quod
2051 2901 2104 2955 in

515 2988 858 3060 bypostatica
898 2986 1158 3043 ineffabili
1207 2989 1431 3054 unione,
1490 2991 1599 3045 imo
1650 2999 1706 3047 et
1742 2998 1864 3062 post
1905 2990 2106 3047 factam

513 3079 638 3135 sine
691 3079 996 3134 mutatione
1051 3078 1135 3134 vel
1167 3080 1528 3136 conversione
1571 3082 1851 3147 unionem,
1900 3090 2107 3138 natura:

517 3172 649 3242 ipse
683 3171 1093 3226 indivisibiliter
1128 3181 1186 3227 et
1211 3172 1652 3242 inseparabiliter
1677 3181 1956 3241 maneant,
1990 3189 2104 3231 me—

516 3266 625 3319 lius
662 3265 736 3330 id,
767 3265 1009 3334 inquam,
1036 3279 1068 3319 a
1105 3265 1262 3321 nobis
1283 3265 1482 3320 dicitur
1517 3265 1910 3334 scribiturque,
1940 3281 2103 3335 quam

511 3358 662 3428 quod
698 3372 794 3412 vos
823 3356 1008 3412 dicitis
1044 3368 1362 3412 naturarum
1397 3358 1668 3414 mansisse
1707 3357 2107 3413 immutabilem

514 3458 569 3503 et
610 3450 1087 3505 iuconvertibilem
1137 3450 1536 3506 ostensionein.
1573 3451 1791 3506 Etenim
1834 3452 2108 3507 accuratis

516 3540 724 3606 verbis,
761 3556 868 3594 non
913 3541 1353 3610 periphrasticis,
1388 3543 1454 3595 de
1488 3542 1834 3612 dogmatibus
1879 3541 2108 3613 loquen-

518 3633 647 3684 dum
676 3640 760 3685 est
791 3640 954 3700 atque
989 3631 1366 3699 scribendum,
1401 3632 1455 3686 iu
1485 3633 1552 3690 iis
1581 3635 1890 3704 praesertim
1925 3636 2109 3706 regio-

516 3715 682 3777 nibus
714 3723 936 3787 locisve,
975 3723 1065 3778 ubi
1096 3721 1412 3794 ambiguum
1443 3724 1576 3794 quid
1621 3726 1988 3796 suspicamur,
2025 3727 2108 3784 vel

521 3814 577 3870 in
610 3816 1047 3870 controversiam
1091 3816 1280 3869 vocari
1317 3815 1583 3872 videmus.
1639 3816 1780 3888 Ergo
1828 3817 2105 3874 Christum

519 3907 708 3961 dicere
736 3921 802 3961 ex
839 3907 1048 3960 duabus
1074 3905 1308 3972 naturis,
1354 3917 1410 3962 et
1451 3908 1505 3962 in
1531 3907 1746 3965 duabus
1772 3910 2006 3976 naturis,
2053 3918 2110 3966 et

516 3998 656 4053 duas
683 3999 974 4075 liabentem
1011 4009 1257 4065 naturas,
1283 3998 1336 4054 id
1363 4002 1579 4056 demum
1609 4002 1976 4058 ortbodoxum
2003 4015 2106 4074 est,

515 4102 574 4148 et
618 4091 993 4161 apostolorum
1049 4090 1384 4161 Patrumque
1423 4092 1622 4162 regula:
1669 4093 1918 4165 apprime
1971 4109 2109 4151 con-

517 4201 764 4240 sonum:
801 4199 961 4239 secus
1015 4197 1146 4238 vero
1199 4185 1244 4238 si
1301 4193 1428 4255 post
1483 4186 1739 4240 unionem
1774 4201 1882 4241 una
1937 4189 1992 4242 in
2044 4203 2112 4244 eo

515 4278 851 4346 praedicetur
885 4287 1104 4340 natura,
1141 4275 1195 4330 id
1242 4276 1530 4332 manifeste
1561 4289 1752 4332 contra
1798 4291 2003 4334 rectam
2053 4289 2111 4335 et

513 4383 550 4422 a
583 4367 840 4424 Patribus
895 4371 1152 4424 traditam
1203 4369 1509 4424 doctrinam
1550 4370 1611 4425 ﬁt
1648 4388 1664 4426 :
1702 4373 1805 4426 etsi
1860 4374 2109 4429 nonnulli

2199 1972 2302 2025 οὑκ
2345 1953 2758 2041 ἀλλοτριόφρων
2824 1967 2950 2020 οὑδὲ
3002 1964 3368 2036 ἀσύνδρομος,
3425 1965 3520 2018 καὶ
3585 1963 3790 2033 μᾶλλον

2200 2063 2346 2117 κατά
2375 2079 2437 2130 γε
2464 2061 2558 2114 τὸν
2589 2060 2717 2114 νοῦν
2770 2061 2865 2114 καὶ
2896 2059 2996 2129 τὴν
3023 2059 3123 2128 τῆς
3167 2055 3433 2129 ἀληθείας
3477 2055 3790 2126 ἀκρίϐειαν,

2201 2158 2252 2210 εἰ
2303 2157 2401 2210 καὶ
2449 2153 2508 2208 ἓν
2558 2171 2666 2207 τινι
2699 2154 2728 2225 ή
2767 2153 2916 2217 λέξις
2953 2151 3213 2224 τραχύνει
3255 2152 3359 2220 τὴν
3404 2151 3577 2221 ἀκοὴν
3609 2149 3698 2203 διὰ
3728 2149 3792 2203 τὸ

2201 2248 2410 2320 ταύτης
2441 2247 2712 2318 ἀσύνηθες
2745 2261 2760 2278 °
2795 2245 3036 2316 ὑποψίαν
3066 2246 3177 2316 γὰρ
3211 2245 3396 2298 πᾶσαν
3431 2244 3714 2314 περιαιρεϊ
3755 2243 3790 2310 ὴ

2203 2346 2302 2414 τῆς
2328 2342 2491 2412 ἀγίας
2514 2342 2610 2396 καὶ
2636 2341 3027 2412 οίκουμενικῆς
3059 2340 3330 2412 τετάρτης
3362 2337 3584 2390 συνόδου
3605 2353 3792 2407 παρα-

2205 2436 2364 2509 δοχὴ.
2395 2436 2545 2506 καὶὴ
2585 2435 2792 2504 ταύτης
2847 2431 3130 2504 ὁμολογία,
3169 2431 3268 2485 καὶ
3309 2432 3341 2502 ἡ
3375 2429 3469 2484 τοῦ
3523 2431 3579 2482 ὲν
3613 2430 3794 2497 ἁγίοις

2209 2529 2447 2600 μεγάλου
2470 2529 2699 2592 Λέοντος
2719 2527 2880 2582 πάπα
2908 2525 3130 2596 Ῥώμης
3150 2522 3466 2594 ἐπιστολῆς,
3493 2523 3560 2594 ἣν
3587 2521 3794 2594 στήλην

2205 2621 2521 2694 όρθοδοξίας
2565 2621 2598 2690 ή
2645 2619 2770 2674 καθ’
2805 2620 2954 2690 ἡμᾶς
2985 2618 3123 2686 ἀγία
3168 2615 3472 2686 Ἐκκλησία
3517 2616 3610 2670 καὶ
3652 2615 3792 2668 obvi-

2210 2733 2349 2788 μασε
2381 2718 2476 2770 καὶ
2503 2714 2766 2786 ὀνομάζει
2795 2713 2890 2766 καὶ
2923 2712 2986 2766 ού
3021 2711 3261 2765 παύεται
3295 2710 3660 2780 όνομάζουσα,
3695 2711 3798 2764 καὶ

2205 2809 2269 2863 τὸ
2299 2807 2667 2862 ἀναλλοίωτον
2693 2807 2789 2859 καὶ
2818 2804 3239 2876 ἀμετάτρεπτον
3264 2802 3368 2871 τῆς
3394 2802 3532 2866 ιδίας
3572 2801 3795 2872 φύσεως

2211 2901 2395 2969 μεῖναι
2435 2897 2534 2953 καὶ
2568 2899 2710 2968 μετά
2743 2895 2843 2968 τὴν
2877 2895 3078 2951 ἕνωσιν
3119 2896 3182 2950 τὸ
3209 2898 3274 2950 ὲκ
3306 2895 3408 2963 τῆς
3439 2895 3796 2966 ἀνθρωπίνης

2206 2990 2398 3054 οὑσίας
2428 2988 2780 3061 προσληφθὲν
2815 2989 2881 3042 ὲκ
2909 2991 3009 3060 τῆς
3031 2988 3422 3061 παναχράντου
3453 2992 3551 3042 καὶ
3584 2988 3798 3058 ὑπερα-

2207 3083 2335 3153 γίας
2371 3083 2657 3154 Παρθένου
2697 3081 2796 3135 καὶ
2847 3082 3220 3158 Θεομήτορος.
3264 3083 3534 3153 Κρείττον
3565 3081 3624 3135 δέ
3676 3083 3796 3135 ἐστι

2209 3173 2307 3226 καὶ
2333 3173 2518 3242 λέγειν
2561 3172 2656 3226 καὶ⁵
2707 3171 2947 3244 γράφειν
2987 3171 3072 3225 ὅτι
3121 3173 3182 3225 tv
3214 3173 3282 3242 τῇ
3326 3168 3453 3225 καθ’
3495 3170 3799 3222 ὑπόστασιν

2215 3267 2448 3340 ἀρρήτῳ
2483 3265 2700 3331 ἑνώσει,
2730 3265 2827 3319 καὶ
2861 3265 3002 3336 μετά
3037 3264 3138 3336 τὴν
3167 3264 3366 3318 ἕνωσιν
3413 3261 3803 3335 ἀμετάϐλητον

2208 3363 2304 3414 καὶ
2332 3361 2635 3432 ἄτρεπτον,
2664 3358 2995 3430 άδιαιρέτως
3025 3359 3120 3412 καὶ
3152 3356 3493 3429 ἀχωρίστως.
3514 3357 3572 3410 αἱ
3601 3355 3807 3427 φύσεις

2209 3451 2461 3522 ἔμειναν,
2485 3449 2621 3521 παρ’
2649 3448 2678 3503 δ
2701 3450 2763 3504 τὸ
2786 3448 3008 3520 ἔμεινεν
3043 3447 3436 3518 ἀμετάϐλητος
3481 3448 3515 3518 ἡ
3554 3446 3664 3500 τῶν
3695 3445 3808 3516 φύ-

2213 3561 2356 3598 σεων
2417 3545 2760 3614 φανέρωσις.
2800 3539 3214 3612 Ὀνομαστικῶς
3249 3539 3362 3611 γὰρ
3397 3540 3495 3595 καὶ
3542 3540 3602 3592 οὑ
3637 3556 3808 3611 περι-

2209 3635 2531 3706 φραστικῶς
2569 3635 2640 3689 τά
2665 3634 2797 3704 περὶ
2825 3634 2936 3687 τῶν
2963 3632 3258 3704 δογμάτων
3295 3633 3403 3703 χρὴ
3435 3631 3704 3702 λέγεσθαί
3737 3649 3804 3685 τε

2208 3730 2304 3782 καὶ
2333 3727 2671 3800 γράφεσθαι,
2699 3728 2797 3782 καὶ
2827 3727 3035 3798 μᾶλλον
3063 3729 3123 3780 ὲν
3153 3727 3396 3788 ἐκείναις
3437 3728 3560 3788 ταῖς
3591 3725 3808 3797 χώραις

2212 3823 2452 3884 καὶτοῖς
2481 3822 2672 3885 τόποις
2715 3819 2849 3875 ἔνθα
2883 3820 2944 3873 τὸ
2985 3818 3292 3889 ἀμφίϐολον
3326 3819 3660 3882 ὑπονοεῖται,
3701 3817 3806 3872 καὶ

2210 3917 2272 3971 τὸ
2308 3915 2632 3986 ἀμφίμαχον
2668 3911 3069 3969 ὑποπτεύεται.
3104 3914 3202 3966 Ἐκ
3239 3912 3334 3966 δύο
3365 3912 3551 3966 τοίνυν
3579 3912 3806 3982 φύσεων

2209 4008 2398 4076 λέγειν
2428 4007 2522 4062 τὸν
2551 4007 2816 4078 Χριστὸν,
2854 4005 2952 4060 καὶ
3003 4005 3064 4060 ιν
3108 4004 3232 4060 δυσὶ
3282 4004 3507 4075 φύσεσι,
3560 4007 3655 4060 καὶ
3700 4007 3807 4062 δύο

2211 4101 2406 4172 φύσεις
2425 4099 2518 4154 τὸν
2533 4098 2720 4166 αὑτὸν,
2743 4097 3042 4170 ὀρθότητος
3071 4098 3277 4170 πάσης,
3305 4099 3401 4152 καὶ
3420 4098 3801 4170 ἀποστολικῆς

2211 4196 2306 4250 καὶ⁵
2337 4192 2614 4264 πατρικῆς
2650 4189 3047 4262 ἀκριϐολογίας
3096 4191 3361 4260 ἐχόμενον
3393 4205 3409 4220 ο
3440 4190 3504 4244 τδ
3543 4191 3601 4245 δὲ
3655 4192 3804 4260 μετά

2209 4286 2312 4358 τὴν
2337 4285 2535 4338 ἕνωσιν
2569 4284 2664 4337 ἀπὶ
2690 4281 2786 4335 τοῦ
2817 4280 2986 4335 αὑτοῦ
3018 4284 3149 4352 μίαν
3178 4281 3342 4350 φύσιν
3371 4281 3802 4354 ἀνακηρύττειν,

2215 4377 2507 4448 προδήλως
2531 4379 2597 4448 τῇ
2633 4374 3114 4446 πατροπαραδότῳ
3139 4371 3272 4446 δόξῃ
3305 4373 3670 4427 ἐναντιοῦται·
3694 4374 3805 4429 κᾶν

515 4460 739 4515 student
772 4469 1068 4530 praeteuus
1117 4461 1304 4515 nescio
1340 4475 1480 4530 quos
1521 4459 1858 4528 obtendere,
1906 4473 1963 4520 et
1987 4463 2102 4519 falsi

2216 4469 2395 4523 ἐθέλει
2424 4487 2510 4533 τις
2534 4469 2716 4531 αἰτίας
2745 4454 3120 4522 ἀναπλάττειν
3161 4468 3318 4531 τινάς
3338 4506 3353 4532 ,
3387 4467 3485 4520 καὶ
3509 4467 3568 4520 τὸ
3598 4468 3805 4539 πικρὸν

519 4555 794 4625 dogmatis
829 4554 1237 4610 deformitatem
1277 4556 1465 4611 colore
1501 4555 1685 4627 aliquo
1715 4557 1959 4614 imbuere
1981 4573 2102 4614 ver-

2215 4563 2313 4635 τῆς
2360 4561 2715 4633 ψευδοδοξίας
2766 4559 3162 4632 ὲπιχρωννύειν
3195 4559 3285 4614 διὰ
3311 4560 3610 4632 χρωμάτω
3650 4561 3802 4625 τινὸς

518 4648 714 4704 borum
767 4647 1260 4720 persuasibilium,
1315 4664 1437 4717 qua:
1490 4649 1660 4720 recipi
1718 4665 1942 4719 prorsus
1995 4667 2102 4708 non

2213 4655 2718 4719 πειθανοπ).αστίας
2768 4653 3246 4725 δυσπαραδὲκτου,
3297 4653 3386 4707 διά
3433 4655 3494 4708 τὸ
3535 4653 3806 4725 δυσχερὲς

519 4753 755 4811 queunt,
806 4751 1029 4811 promer
1080 4741 1394 4811 bujusmodi
1441 4742 1702 4797 doctrinae
1737 4744 1918 4798 varias
1963 4744 2108 4800 sale-

519 4837 649 4890 bras
697 4845 752 4890 et
807 4819 1231 4890 invenustatem.
1293 4829 1406 4890 Cur
1455 4835 1602 4890 enim
1651 4849 1788 4906 opus
1833 4848 1916 4892 eet
1970 4837 2110 4894 banc

519 4943 715 4984 ansam
753 4928 924 4983 stulto
955 4928 1132 4983 errori
1166 4928 1446 4998 praebere,
1493 4930 1947 5003 occasionemque
1999 4947 2106 4988 non

521 5024 884 5094 incongruam
916 5023 985 5078 iis
1015 5022 1237 5090 oﬂerre,
1271 5024 1365 5094 qui
1390 5024 1636 5097 spuriuin
1667 5025 1860 5094 dogma
1891 5036 2108 5081 sectan-

520 5125 611 5168 tur
663 5124 828 5184 atque
883 5114 1152 5169 tuentur?
1186 5114 1317 5181 Quae
1356 5117 1549 5170 ltorutn
1595 5117 1858 5184 colorum,
1902 5129 2108 5175 etcono

522 5220 792 5264 tortorum
843 5220 1314 5280 argumentorum,
1369 5225 1435 5265 ac
1484 5211 1652 5266 veluti
1697 5215 2106 5268 excusationum

520 5303 775 5359 utilitas?
807 5307 916 5358 Aut
952 5320 1050 5358 cur
1080 5303 1440 5360 laborandum
1473 5315 1557 5361 est
1591 5316 1814 5376 prepter
1846 5307 1987 5362 banc
2013 5323 2110 5362 va.

525 5412 653 5450 nam
726 5407 782 5451 et
850 5397 1249 5450 infrudttrosam
1320 5397 1907 5452 circumlocutionem!
1957 5397 2112 5455 Sicut

519 5489 668 5543 enim
725 5499 940 5559 Oportet
983 5489 1148 5542 corde
1201 5491 1427 5543 credere
1477 5490 1545 5543 ad
1590 5488 1882 5558 justitiam,
1935 5506 2111 5562 neque

521 5583 764 5636 absurdo
793 5581 979 5651 aliquo
1012 5582 1255 5652 COgilulu
1309 5591 1546 5636 mentem
1580 5583 1860 5652 polluere;
1901 5585 1974 5638 ita
2013 5600 2110 5653 par

522 5683 608 5728 est
639 5674 819 5742 lingua
855 5687 1074 5742 quoque
1097 5674 1162 5726 ad
1195 5673 1427 5728 salutent
1459 5675 1735 5742 conﬁteri,
1765 5687 1820 5730 et
1847 5693 1918 5730 ne
1944 5677 2110 5734 verbo

521 5767 741 5834 quidem
784 5776 938 5820 lenus
973 5773 1068 5819 aut
1097 5766 1328 5837 syllaba,
1366 5767 1482 5821 sive
1529 5769 1828 5824 scribimus
1869 5771 1986 5825 sive
2026 5771 2112 5826 lo-

521 5862 769 5929 quitnur,
825 5858 1063 5914 dictione
1116 5861 1192 5914 uti
1255 5875 1377 5929 quae
1428 5863 1675 5920 scandali
1726 5864 1947 5922 occasio
1999 5865 2106 5933 sit;

2208 4751 2310 4820 τῆς
2338 4749 2433 4802 τοῦ
2473 4747 2721 4802 τοιούτου
2751 4747 2913 4816 λόγου
2957 4745 3391 4818 παρεισαγωγῆς
3438 4746 3536 4800 καὶ
3582 4747 3806 4818 ἀποφή-

2216 4859 2342 4914 μου.
2375 4840 2474 4905 Τίς
2521 4842 2632 4912 γάρ
2682 4842 2717 4913 ή
2772 4841 2988 4910 ἀνάγκη
3044 4839 3250 4894 διδόναι
3301 4839 3492 4911 χώραν
3545 4840 3682 4904 δλως
3728 4843 3799 4914 τῇ

2217 4936 2445 5007 ἀτοπίᾳ,
2467 4937 2562 4988 καὶ
2578 4935 2753 5008 λαϐὴν
2775 4935 2876 4989 οὑκ
2896 4933 3068 5005 ἀγενῆ
3083 4934 3159 5001 τῷ
3174 4934 3310 5004 πρὸς
3338 4933 3437 5003 τὴν
3471 4935 3801 5002 κακοδοξίαν

2211 5026 2418 5097 ταύτην
2451 5026 2792 5082 άντιθεοῦντι
2809 5029 2904 5080 καὶ
2923 5025 3284 5094 ἀντιλέγοντι;
3311 5027 3403 5079 καὶ
3425 5025 3634 5080 δεῖσθαι
3655 5044 3805 5097 χρω-

2215 5122 2402 5192 μάτων
2418 5121 2512 5174 καὶ
2526 5119 2899 5189 πειθανάγκης
2917 5119 3012 5172 καὶ
3026 5119 3432 5190 ἀντεπιφορῶν,
3447 5120 3544 5172 καὶ
3557 5121 3802 5188 ἀγωνιᾷν

2211 5215 2302 5268 διὰ
2324 5217 2426 5286 τὴν
2455 5216 2675 5269 είκαίαν
2704 5215 2799 5268 καὶ
2822 5214 3090 5286 ἀσυντελῆ
3114 5213 3322 5283 ταύτην
3344 5212 3757 5283 παρεισπλοκήν
3781 5227 3798 5276 ;

2217 5311 2436 5382 Ὠσπερ
2469 5311 2577 5381 γάρ
2603 5309 2725 5362 δέον
2761 5307 2962 5380 καρδίᾳ
3015 5309 3096 5372 είς
3143 5305 3492 5378 δικαιοσύνην
3542 5306 3800 5360 πιστεύε-

2215 5399 2366 5464 σθαι,
2404 5400 2498 5452 xui.
2531 5399 2608 5469 μὴ
2634 5397 2960 5468 χραίνεσθαι
2985 5397 3128 5450 κατά
3150 5395 3274 5452 νοῦν
3298 5413 3407 5449 τινι
3436 5396 3671 5466 νοήματι
3705 5400 3799 5451 καὶ

2215 5493 2614 5564 ἀπηχεστάτῳ,
2642 5489 2788 5544 οὕτω
2811 5489 3054 5560 καθῆκον
3087 5489 3182 5543 καὶ
3221 5488 3444 5560 γλώσσῃ
3487 5490 3569 5552 είς
3619 5504 3800 5558 σωτη-

2220 5589 2344 5660 ρίαν
2373 5585 2686 5655 ὁμολογεῖν,
2723 5585 2820 5636 καὶ
2855 5584 2931 5654 μὴ
2962 5583 3018 5636 δὲ
3055 5583 3221 5653 μέχρι
3253 5581 3412 5650 λόγου
3459 5584 3557 5634 καὶ
3599 5581 3799 5633 συλλα-

2214 5679 2326 5732 ϐῶν
2357 5677 2637 5746 συνθήκης
2688 5677 2783 5730 καὶ
2837 5678 3161 5748 προσφορᾶς
3195 5675 3460 5743 πρόξενον
3498 5673 3799 5734 σκανδάλου

2215 5771 2369 5843 ῥῆμα.
2408 5769 2718 5838 προΐεσθαι,
2765 5769 2862 5821 καὶ
2887 5766 3336 5840 ἀπερῤεύγεσθαι
3369 5765 3529 5819 τοῦτο
3560 5769 3639 5829 είς
3679 5768 3801 5818 ἐπι-

2220 5861 2495 5933 σκιασμδν
2527 5861 2623 5915 τοῦ
2658 5858 2920 5932 λαμπροῦ
2948 5861 3046 5914 καὶ
3073 5856 3370 5927 διαφανοῦς
3391 5857 3491 5928 τῆς
3516 5856 3801 5911 ἀποστολι-
3914 5895 3928 5907 .
