4096 6402
290 366 405 433 229

1666 368 2134 433 DISPUTATIO
2178 368 2261 431 Ιῐ.

3507 377 3618 446 230

305 492 412 564 κῆς
468 491 577 545 καὶ
631 491 925 564 πατρικῆς
976 485 1332 551 διδασκαλίας
1369 486 1571 557 φωτός.
1630 488 1728 540 Διά
1773 484 1922 538 τίδὲ

2029 499 2205 553 neque
2235 482 2537 554 quidquam
2568 492 2849 549 eructare,
2883 485 3027 556 quod
3067 480 3409 559 splendidam
3452 502 3617 566 atque

315 587 457 650 ὅλως
514 586 766 648 ἑαυτοὺς
822 585 916 637 τὸν
969 587 1155 655 τοῖχον
1207 582 1458 652 ἀλείφειν
1504 578 1925 648 ὲκϐιαζόμεθα;

334 678 685 746 Ἑξαλείψω
715 677 851 748 γὰρ,
884 682 1042 747 φησι,
1078 675 1186 729 τὸν
1229 675 1439 743 τοῖχον
1470 675 1570 727 καὶ
1621 674 1728 726 τὸν
1768 673 1932 726 ἀΐει-

331 790 525 845 φοντα
553 772 755 826 αὐτόν
780 786 795 800 ⁶
844 771 1099 824 τουτέστι
1135 770 1198 822 τὸ
1236 766 1432 837 ψεῦδος
1484 767 1582 821 καὶ
1628 765 1721 818 τὸν
1767 763 1931 817 τοῦτο

332 869 634 940 προσάγειν
714 867 810 920 καὶ
891 863 1309 934 συγκαλύπτειν
1381 862 1660 916 ἐθέλοντα.
1706 861 1928 928 Ἀπαγε

334 964 516 1030 λέγειν
549 960 721 1023 οὕτω,
768 958 819 1010 εί
851 957 1058 1027 φαῦλον
1102 956 1162 1009 τὺ
1211 956 1395 1024 λέγειν
1446 954 1580 1026 μίαν
1629 952 1793 1023 φύσιν
1836 951 1930 1005 ἐπὶ

332 1052 575 1123 Χριστοῦ
615 1070 629 1083 ·
665 1049 820 1115 ἅπαξ
866 1049 1204 1120 ἀποϐληθὲν,
1249 1048 1499 1119 ἑῤῥίφθω
1552 1048 1608 1109 ἐς
1656 1045 1928 1116 κόρακας,

337 1143 719 1213 συγχωσθήτω
771 1139 852 1212 τῷ
907 1142 1084 1212 λήθης
1140 1140 1324 1212 βυθῷ,
1375 1140 1504 1211 μηδ’
1560 1139 1690 1209 ἄχρι
1740 1135 1930 1205 φωνῆς

335 1240 419 1300 εἰς
483 1237 626 1305 ἀέρι
706 1234 890 1307 μάτην
963 1235 1237 1305 λυομένης

341 1332 557 1393 ἀκοαῖς.

1324 1232 1734 1305 παρενοχλείτω
1808 1234 1929 1295 ταῖς

408 1598 581 1668 Τρεῖς
614 1600 671 1651 αι
706 1599 972 1655 ἀνωτάτω
1001 1598 1151 1667 δόξαι
1185 1600 1316 1672 περὶ¹
1369 1602 1471 1673 τῆς
1522 1602 1773 1668 ένὼσεως
1817 1605 1929 1658 τῶν

323 1690 390 1744 ἑν
421 1691 653 1761 Χριστῶ
711 1690 931 1758 φύσεων
962 1693 1402 1765 κατεϐλήθησαν,
1437 1695 1771 1768 διαιρετικὴ.
1798 1715 1931 1766 συγ-

326 1785 563 1856 χυτικὴ,
586 1786 685 1839 καὶ
717 1786 751 1855 ἡ
776 1786 982 1857 κυρίως
1018 1786 1255 1855 ἑνωτικὴ
1285 1788 1558 1861 λεγομένη
1586 1805 1601 1820 ⁸
1630 1792 1686 1843 αἱ
1714 1793 1809 1860 μὲν
1832 1791 1926 1845 οὖν

324 1876 425 1930 δύο
452 1877 648 1930 παισὶν
678 1877 981 1950 αἱρετικῶν
1009 1879 1352 1951 ὲπαίχθησαν
1384 1882 1479 1936 καὶ
1510 1882 1919 1949 παιζέσθωσαν.

328 1968 443 2021 Καὶ
472 1968 575 2039 τὴν
610 1969 711 2037 μὲν
741 1968 970 2040 πρώτην
1021 1971 1298 2041 μαιευέτω
1345 1973 1644 2045 Νεστόριος
1675 1976 1703 2029 ὁ
1742 1977 1923 2047 παρά-

331 2073 521 2127 9090;,
546 2059 644 2112 καὶ
667 2058 771 2128 τὴν
794 2059 1007 2112 οἰκείαν
1036 2059 1203 2113 ὠδῖνα
1235 2061 1549 2130 περιεπέτω
1572 2104 1587 2128 ,
1624 2064 1721 2119 καὶ
1756 2081 1926 2120 κατα-

335 2150 567 2205 σπασθω
614 2152 698 2214 είς
746 2150 876 2222 ᾅδου
912 2151 1213 2225 βάραθρον,
1254 2157 1350 2209 καὶ
1382 2155 1802 2225 συγκαθιζέσθω
1843 2158 1924 2230 τῷ

337 2244 505 2313 πατρὶ
527 2242 624 2297 τοῦ
647 2243 879 2313 ψεύδους
909 2246 1087 2302 Σατάν
1119 2263 1135 2278 ·
1178 2248 1279 2318 τὴν
1308 2247 1366 2302 δὲ
1421 2248 1685 2321 δευτέραν
1727 2251 1925 2320 ἐχέτω-

342 2348 442 2386 σςιν
482 2334 819 2405 συγχέουσαν
871 2336 1053 2391 αὐτῶν
1094 2338 1156 2392 τὸ
1183 2339 1490 2408 λογιστικὸν
1544 2340 1640 2395 καὶ
1695 2343 1922 2410 σκότους

341 2425 655 2496 πληροῦσαν
690 2428 946 2500 Εὑτυχὴς
980 2431 1076 2483 καὶ
1124 2431 1420 2502 Διόσκορος
1461 2434 1512 2487 at
1566 2436 1922 2507 παράφρονες

345 2522 445 2573 καὶ
473 2522 504 2591 η
537 2524 657 2592 περὶ
683 2523 890 2587 αὐτοὺς
909 2525 1452 2601 κακοδαιμονεστάτη
1482 2531 1778 2604 ὁμήγυρις,
1797 2534 1855 2588 ἓν
1869 2553 1921 2590 τι

336 2614 574 2683 πρᾶγμα
606 2614 761 2669 νόθον
784 2617 1175 2692 φανταζομένη
1208 2621 1304 2676 καὶ
1334 2623 1780 2689 ἀναπλάττουϊα,
1825 2629 1923 2681 καὶ

334 2704 398 2757 ἐν
445 2705 788 2780 οὐδοποτέρῳ
840 2709 953 2763 τῶν
1004 2713 1293 2781 ένωμένων
1360 2714 1619 2786 καθαρῶς
1668 2717 1731 2771 τὸ
1788 2718 1921 2773 ἴδιον

329 2799 701 2866 ἀποσώζουσα
728 2816 744 2834 ⁶
779 2804 848 2867 ἃς
884 2806 1028 2859 καὶὸ
1071 2806 1180 2861 τῶν
1231 2808 1393 2862 θείων
1449 2810 1713 2882 Πατέρων
1750 2814 1922 2869 κατά-

327 2895 497 2965 λογος
526 2899 710 2964 καλῶς
738 2900 915 2954 ποιῶν
943 2900 1238 2955 ἀποδαλὼν
1272 2903 1475 2968 ἱκανῶς
1511 2905 1918 2978 έστηλίτευσεν.

339 2988 409 3042 Ἦ
442 2990 501 3042 δὲ
536 2991 696 3064 τρίτη
733 2992 1045 3065 ἀσύγχυτός
1092 3012 1150 3048 τε
1203 2996 1299 3047 καὶ
1334 2994 1640 3067 ἀδιαίρετος
1667 2998 1776 3051 τῶν
1826 3000 1922 3052 δύο
1950 3020 1961 3041 ι

330 3075 554 3145 φύσεων
606 3080 826 3146 ἐνωσις,
876 3079 985 3138 οἶδε
1023 3084 1124 3155 μὲν
1176 3085 1242 3142 τὰ
1289 3085 1563 3141 ἐνωθέντα
1615 3089 1921 3155 ἀνελλιπῶς

2032 576 2381 645 perspicuam
2415 576 2787 646 apostolorum
2810 576 3139 649 Patrumque
3156 583 3419 641 doctrinae
3440 585 3617 642 lucem

2031 671 2308 723 obscuret.
2359 669 2468 722 Cur
2524 683 2719 723 manus
2757 680 2975 724 nostras
3007 670 3075 726 ad
3104 671 3469 730 dealbandum
3517 692 3620 747 pa.

2032 762 2223 816 rietem
2281 776 2418 830 pene
2471 761 2674 816 inritas
2724 760 3091 831 impellimus?
3140 763 3274 819 Cum
3331 766 3616 836 Scriptura

2030 853 2176 907 dicat
2203 873 2217 908 :
2246 852 2359 922 Ego
2386 869 2595 906 murum
2621 869 2737 907 cum
2761 870 2821 908 eo
2838 855 2928 924 qui
2962 854 3101 909 hunc
3122 856 3333 912 dealbat
3360 859 3540 914 delebo
3562 862 3614 927 σς

2032 946 2376 1002 mendacium
2431 946 2683 1008 scilicet.
2737 962 2858 1000 cum
2944 962 3010 1002 eo
3062 948 3156 1018 qui
3212 949 3266 1003 id
3323 951 3619 1007 ohtrudere

2031 1040 2263 1094 latenter
2314 1040 2528 1094 nititur.
2578 1038 2783 1095 Omitte
2834 1040 3023 1110 igitur,
3075 1042 3517 1111 quandoquidem
3564 1044 3617 1099 id

2031 1131 2227 1186 falsum
2264 1141 2371 1196 est,
2412 1147 2571 1185 unam
2604 1132 2811 1186 Christi
2859 1141 3110 1186 naturam
3147 1134 3351 1189 dicere.
3388 1137 3617 1205 thuo-

2034 1225 2180 1277 niam
2219 1225 2269 1277 id
2306 1223 2472 1278 semel
2507 1223 2786 1291 explosum
2825 1233 2932 1288 cst,
2975 1226 3137 1279 abeat
3164 1241 3297 1281 sane
3330 1228 3383 1280 in
3415 1229 3614 1282 malam

2033 1333 2168 1378 rem,
2195 1317 2486 1371 oblivionis
2516 1316 2680 1372 fluctu
2708 1326 2985 1388 mergatur
3009 1334 3024 1373 :
3055 1320 3289 1391 denique
3314 1322 3365 1375 id
3392 1336 3458 1377 ne
3481 1337 3619 1377 voce

2030 1411 2251 1480 quidem
2285 1420 2468 1477 tenus,
2525 1426 2648 1480 quae
2701 1410 2757 1464 in
2812 1426 2995 1467 aerem
3045 1411 3255 1469 frustra
3305 1418 3616 1483 evanescit,

2030 1516 2193 1559 aures
2241 1500 2500 1557 offendat.

2102 1592 2242 1648 Tres
2269 1594 2397 1648 olim
2426 1595 2494 1649 de
2541 1604 2864 1651 naturarum
2904 1597 2955 1651 in
2995 1596 3218 1655 Christo
3254 1601 3458 1657 unione
3486 1618 3618 1659 sen-

2032 1686 2215 1740 tentiae
2249 1686 2407 1741 dicta:
2438 1698 2590 1751 sunt,
2624 1687 2910 1745 divisionis
2944 1690 3217 1757 videlicet,
3255 1694 3617 1763 confusionis,

2030 1787 2085 1833 et
2111 1777 2229 1847 ejus
2257 1793 2377 1849 quae
2400 1780 2639 1834 maxime
2666 1780 2871 1835 unitira
2902 1782 3047 1838 dicta
3078 1794 3165 1839 est
3193 1802 3207 1838 :
3236 1800 3467 1854 quarum
3494 1790 3616 1845 dum

2029 1870 2239 1939 priores
2295 1869 2568 1925 haereticis
2619 1870 2905 1927 illuserunt
2955 1882 3009 1927 et
3045 1888 3178 1929 sane
3213 1876 3457 1931 illudanl.
3498 1878 3617 1933 Pri-

2029 1978 2170 2015 mam
2205 1962 2432 2018 insanus
2471 1964 2538 2019 de
2584 1978 2684 2019 suo
2721 1968 2949 2021 cerebro
2986 1964 3271 2026 Nestorins
3318 1970 3476 2039 fudit,
3518 1976 3613 2045 qui

2026 2055 2217 2125 utique
2265 2066 2481 2126 partum
2518 2072 2676 2112 suum
2723 2058 2925 2127 foveat,
2981 2061 3051 2117 ab
3087 2075 3261 2133 eoque
3309 2065 3361 2119 in
3410 2066 3611 2124 inferni
3698 2048 3713 2105 λ

2027 2147 2347 2202 barathrum
2379 2150 2753 2219 pertrahatur,
2807 2151 2990 2222 ibique
3028 2168 3149 2208 cum
3198 2158 3469 2214 mendacii
3516 2175 3617 2230 pa-

2028 2248 2180 2293 rente
2231 2241 2449 2296 diaholo
2498 2243 2705 2298 sedeat.
2745 2240 3083 2300 Secundam
3112 2248 3351 2305 habeant
3399 2251 3505 2307 sibi
3544 2255 3612 2308 ad

2028 2332 2227 2385 mentis
2260 2337 2497 2401 propriae
2538 2332 2916 2390 confusionem
2964 2335 3375 2407 caecitatemque
3424 2356 3616 2397 vecor-

2026 2423 2125 2479 des
2155 2423 2430 2496 Eutycltes
2452 2435 2616 2497 atque
2641 2426 2935 2482 Dioscorus
2960 2442 3082 2483 cum
3112 2444 3207 2483 sua
3239 2430 3612 2489 infelicissima

2027 2526 2219 2584 secta,
2269 2519 2362 2589 qui
2418 2521 2663 2589 spurimn
2714 2522 2905 2591 dogma
2963 2522 3068 2578 sibi
3113 2523 3497 2582 confinxerunt
3549 2542 3616 2582 ac

2034 2614 2431 2681 procuderunt,
2477 2615 2683 2685 quique
2731 2616 2909 2671 neutri
2970 2625 3288 2673 naturarum
3334 2618 3613 2674 unitarum

2026 2706 2168 2774 parti
2230 2707 2621 2776 proprietatem
2677 2723 2833 2762 suam
2898 2720 3250 2766 conservant.
3313 2711 3616 2781 Utramque

2021 2793 2231 2865 jamdiu
2277 2800 2606 2854 sententiam
2637 2803 2873 2872 synodus
2898 2812 3213 2858 sanctorum
3242 2804 3464 2859 Patrum
3491 2820 3616 2873 pro-

2027 2890 2250 2959 scripsit
2306 2900 2478 2963 atque
2526 2892 2834 2947 infamavit.
2877 2893 3063 2948 Tertia
3100 2910 3218 2964 quae
3266 2895 3609 2952 inconfusam
3676 2960 3687 2967 κ

2028 2979 2431 3052 indivisamque
2460 2984 2693 3038 duarum
2730 2996 3048 3039 naturarum
3096 2987 3347 3043 unionem
3381 2989 3610 3054 asserit,

2027 3072 2441 3141 coniunctorum
2501 3077 2691 3146 utique
2741 3078 3118 3146 subjectorum
3170 3079 3427 3135 immotas
3487 3095 3616 3151 pro-

332 3168 528 3238 ἔχοντα
560 3172 708 3227 κατὰ
756 3173 857 3246 τὴν
900 3175 1085 3229 αὐτῶν
1137 3177 1404 3248 ίδιότητα,
1433 3180 1523 3236 διὰ
1554 3181 1615 3235 τὸ
1648 3183 1921 3253 ἄτρεπτον

2027 3169 2290 3240 prietates
2315 3180 2627 3237 conservat,
2660 3182 2883 3241 propter
2919 3187 3109 3228 eorum
3142 3173 3609 3231 inconvertibilent

332 3264 430 3316 καὶ
454 3264 821 3320 ἀναλλοίωτον
843 3282 859 3299 ⁸
902 3269 1097 3334 κοινῶς
1128 3270 1186 3324 δὲ
1216 3271 1390 3327 ταῦτα
1420 3273 1540 3338 ἑνὸς
1573 3270 1717 3329 εἶναι
1747 3278 1914 3343 ποιεῖ,

332 3353 400 3409 δι’
434 3356 611 3427 αὐτὴν
651 3358 708 3413 δὲ
748 3360 851 3431 τὴν
891 3361 1185 3435 ούσιότητα
1232 3363 1432 3419 ἕνωσιν
1484 3382 1498 3396 ·
1533 3367 1610 3431 ὡς
1659 3363 1801 3422 εῖναι
1851 3369 1921 3424 τὰ

335 3448 437 3518 μὲν
463 3452 674 3522 κυρίως
699 3453 815 3526 ῐδια
845 3453 1098 3526 θατέρου,
1139 3457 1295 3511 κοινὰ
1332 3458 1429 3512 τοῦ
1456 3459 1602 3514 ὃλουο
1632 3460 1703 3515 τὰ
1734 3461 1793 3515 δὲ
1824 3460 1919 3515 τοῦ

329 3544 451 3599 ὅλου
468 3547 651 3609 κοινὰ,
672 3522 905 3617 θατῖρου
926 3522 1054 3616 ἴδια,
1082 3550 1169 3605 διὰ
1187 3552 1287 3624 τὴν
1305 3553 1362 3606 ὲν
1379 3552 1594 3625 θατέρῳ
1614 3553 1921 3626 ἁσύγχυτον

336 3637 602 3707 ἰδιότητα.
675 3640 735 3694 '0
786 3642 891 3711 μὲν
937 3638 1031 3696 οὖν
1068 3644 1170 3714 τῆς
1214 3645 1480 3717 ἀληθείας
1523 3646 1683 3717 λόγος
1725 3649 1787 3702 τὸ
1823 3648 1922 3719 μὲν

332 3732 535 3785 ταύτὸν
562 3734 709 3786 κατὰ
734 3735 835 3805 τὴν
867 3735 1168 3790 ὑπόστασιν
1190 3734 1321 3805 οἶδε,
1364 3739 1509 3793 κατὰ
1539 3740 1597 3793 δὲ
1623 3742 1723 3813 τὴν
1755 3741 1923 3812 φύσιν

330 3825 397 3877 τὸ
430 3826 645 3896 ἕτερον.
690 3826 856 3881 Ἀλλὰ
886 3833 999 3893 τοῖς
1031 3831 1126 3885 ἐπὶ
1156 3832 1398 3904 Χριστοῦ
1430 3834 1562 3904 μίαν
1585 3834 1751 3905 φύσιν
1783 3836 1923 3906 μετὰ

330 3918 435 3990 τὴν
463 3920 663 3973 ἕνωσιν
691 3922 966 3991 λέγουσιν,
1000 3925 1028 3977 ὁ
1049 3925 1254 3996 τρόπος
1285 3926 1552 3997 συνῆκται
1577 3928 1678 3997 τῆς
1724 3927 1923 3998 ἀνακύ-

333 4030 501 4078 σεως,
544 4015 641 4068 καὶ
670 4015 779 4068 τῶν
807 4016 1027 4085 φύσεων
1052 4019 1114 4072 οὐ
1142 4018 1511 4090 περισώζεται
1550 4020 1612 4073 τὸ
1639 4020 1921 4092 διάφορον,

331 4106 442 4161 κᾶν
465 4107 624 4160 αὐτοὶ
650 4110 724 4177 μὴ
757 4109 919 4163 τοῦτο
941 4111 1223 4168 ἐθέλωσιν.
1254 4112 1420 4167 Ὅθεν
1442 4114 1537 4167 ἐπὶ
1559 4113 1654 4167 τοῦ
1681 4113 1921 4185 Χριστοῦ

327 4198 428 4251 τοῦ
468 4198 609 4252 Θεοῦ
657 4201 914 4272 Σωτῆρος
959 4204 1119 4275 ἡμῶν
1172 4204 1304 4275 μίαν
1353 4206 1520 4274 φύσιν
1551 4206 1733 4276 λέγειν
1780 4206 1923 4278 μετὰ

327 4291 433 4360 τὴν
452 4290 677 4359 ἒνωσιν,
716 4293 991 4366 σφαλερόν
1021 4312 1079 4348 τε
1115 4296 1211 4352 καὶ
1248 4296 1616 4354 ἐπικίνδυνον.

407 4476 523 4530 Καὶ
553 4476 766 4547 ψευδῶς
792 4478 890 4532 καὶ
928 4478 1160 4549 ἀμαθῶς
1212 4479 1263 4532 oi
1308 4477 1467 4533 τοῦτο
1510 4476 1922 4549 φληναφοῦντες

2024 3261 2522 3333 invariabilemque
2558 3264 2828 3318 rationem
2865 3281 2879 3317 :
2922 3278 3109 3317 verum
3163 3264 3422 3317 idiomata
3452 3278 3613 3319 com-

2023 3357 2207 3408 munia
2263 3356 2354 3410 uni
2400 3354 2560 3420 facit,
2614 3364 2670 3410 et
2719 3356 2771 3411 in
2817 3355 3123 3411 substantia
3175 3354 3295 3426 ipsa
3349 3357 3611 3413 unionem

2023 3444 2269 3514 agnoscit
2298 3460 2313 3499 :
2350 3444 2424 3499 ita
2459 3455 2518 3499 ut
2547 3460 2670 3513 quae
2703 3455 2832 3500 sunt
2869 3445 3091 3515 propria
3122 3445 3461 3512 alterutrius,
3481 3461 3612 3503 vere

2022 3538 2121 3591 toti
2161 3538 2292 3591 liant
2324 3524 2679 3604 communia;
2715 3547 2769 3593 et
2799 3553 2921 3608 quae
2957 3538 3054 3593 toti
3102 3540 3411 3595 communia
3456 3550 3607 3604 sunt,

2023 3642 2086 3684 ea
2121 3630 2340 3701 propria
2372 3629 2611 3686 evadant
2650 3631 3008 3700 alterutrius;
3064 3642 3289 3704 propter
3324 3634 3610 3704 utriusque

2024 3722 2375 3779 inconfusam
2420 3726 2838 3795 proprietatem.
2887 3723 3068 3779 Verax
3118 3726 3285 3795 igitur
3339 3727 3609 3792 doctrina,

2023 3817 2164 3885 quod
2194 3832 2362 3870 unum
2395 3826 2500 3880 est,
2537 3831 2787 3885 persona:
2818 3816 3047 3885 tribuit;
3081 3819 3224 3887 quod
3258 3818 3419 3873 duale
3442 3858 3458 3885 ,
3509 3833 3612 3872 na-

2024 3919 2180 3964 turae.
2214 3912 2283 3964 At
2318 3926 2448 3965 vero
2480 3910 2610 3977 illis,
2643 3910 2736 3982 qui
2772 3924 2934 3965 unam
2966 3909 3171 3965 Christi
3209 3921 3459 3966 naturam
3488 3920 3611 3982 post

2026 4003 2288 4057 unionem
2332 4002 2540 4070 dicunt,
2591 4001 2934 4058 confusionis
2980 4002 3199 4072 quidem
3243 4004 3386 4059 ratio
3434 4006 3609 4059 confi-

2026 4098 2191 4162 citur,
2225 4104 2548 4150 naturarttm
2581 4103 2763 4149 autem
2797 4094 3129 4175 differentia,
3167 4095 3381 4150 etiamsi
3427 4096 3476 4150 id
3506 4097 3611 4152 mi-

2027 4192 2173 4247 nime
2200 4190 2392 4253 velint,
2421 4188 2585 4257 perit.
2628 4187 2818 4255 Itaque
2855 4186 3057 4241 Christi
3087 4186 3179 4242 Dei
3210 4202 3276 4242 ac
3299 4186 3609 4246 Servatoris

2026 4282 2201 4338 nostri
2240 4278 2401 4335 unam
2436 4291 2685 4336 naturam
2720 4288 2839 4350 post
2888 4278 3145 4334 unionem
3180 4280 3390 4347 dicere,
3440 4281 3611 4337 lubri«

2024 4390 2147 4432 cum
2179 4374 2657 4445 periculosumque
2688 4382 2791 4428 est.

2093 4468 2268 4524 Porro
2320 4467 2574 4537 imperite
2610 4467 2894 4535 falsoque,
2947 4463 2998 4519 hi
3042 4463 3135 4534 qui
3188 4467 3260 4519 ita
3314 4477 3607 4535 nngantur,

333 4566 718 4636 προσφέρουσι
759 4568 853 4620 τὸν
886 4566 1177 4636 ἄνθρωπον
1210 4570 1293 4631 είς
1323 4567 1703 4639 παράδειγμα.
1735 4567 1796 4622 '0
1822 4568 1921 4638 μὲν

2027 4559 2343 4628 exemplum
2381 4556 2449 4611 ab
2491 4556 2716 4611 ltotnine
2754 4563 3031 4624 sumptum
3076 4564 3363 4623 oggerunt.
3404 4555 3613 4613 Huma-

335 4663 449 4733 γὰρ
508 4662 799 4732 ἄνθρωπος
855 4658 1113 4724 σύνθετος
1165 4660 1268 4731 μία
1318 4660 1485 4729 φύσις
1535 4660 1921 4727 ἀποτελεῖται,

335 4747 533 4819 ἑπειδὴ
568 4746 682 4801 τῶν
724 4745 786 4811 ἐξ
832 4739 907 4801 ὧν
956 4747 1220 4819 συνετέθη
1266 4747 1395 4811 τοὺς
1426 4748 1621 4817 λόγους
1673 4750 1772 4803 καὶ
1820 4744 1921 4814 τὰς

334 4839 640 4909 ὀνομασίας
697 4828 908 4907 κυρίως
964 4838 1066 4891 οὐκ
1122 4839 1481 4911 ἐπιδέχεταιο
1520 4840 1584 4893 οὐ
1630 4841 1740 4911 γὰρ
1770 4840 1922 4894 ἐστιν

337 4934 521 4985 εἰπεῖν
546 4932 631 4985 ὅτι
669 4933 700 4986 ὁ
740 4931 1032 5003 ἄνθρωπος
1062 4933 1271 5003 κυρίως
1302 4932 1449 5004 ψυχή
1478 4950 1538 4987 τε
1575 4933 1608 5004 ἢ
1641 4934 1800 5005 σῶμα
1829 4934 1922 4988 λέο

337 5039 537 5091 γεται·
584 5021 711 5075 οῦτσ
754 5022 863 5093 μὴν
908 5022 1038 5085 τοὺς
1075 5022 1271 5092 λόγους
1316 5018 1569 5097 [ῐυρίως]
1623 5025 1700 5097 (7)
1741 5026 1926 5079 ἐπιδέ-

337 5130 522 5182 χεται,
552 5114 660 5167 κᾶν
699 5113 883 5185 ψυχὴν
913 5115 1008 5167 καὶ⁵
1044 5113 1206 5186 σῶμα
1242 5114 1552 5184 κεκτῆσθαι
1575 5116 1818 5186 λέγεται.
1867 5119 1926 5172 '0

333 5207 393 5257 δὲ
417 5206 482 5277 δη
508 5206 745 5277 Χριστὸς
776 5206 909 5271 Θεὸς
934 5206 1116 5280 ἡμῶν,
1140 5207 1557 5276 συντεθειμένος
1587 5211 1651 5262 ὲκ
1673 5208 1926 5280 θεότητός

334 5315 399 5351 τε
423 5299 520 5351 καὶ
553 5298 985 5371 ἁνθρωπότητος
1008 5339 1023 5364 ,
1058 5304 1155 5353 καὶ
1186 5299 1284 5363 τὰς
1312 5300 1614 5373 ὀνομασίας
1656 5301 1749 5353 καὶ
1800 5302 1929 5364 τοὺς

337 5392 537 5462 λόγους
564 5392 677 5447 τῶν
706 5392 768 5458 ἐξ
814 5387 891 5447 ὧν
921 5392 1190 5465 συνετέθη
1238 5374 1456 5462 φύσεων
1491 5393 1809 5463 ἐπιδέχεται
1847 5408 1863 5424 ·
1900 5395 1931 5446 ὁ

409 5533 434 5569 ⁸
462 5535 667 5592 Ειεείι.
706 5549 843 5603 xm,
884 5535 973 5590 14.

410 5657 487 5725 (7)
538 5656 593 5711 In
653 5665 844 5711 vetere
902 5653 1067 5721 hujus
1129 5653 1315 5722 operis
1366 5652 1553 5725 codice
1608 5648 1913 5725 Vaticano,

339 5723 562 5803 propter
588 5728 897 5803 abscissam
927 5739 1112 5790 oram,
1154 5740 1319 5803 unum
1358 5723 1552 5803 saltem
1594 5723 1915 5803 vocabulum

338 5793 513 5869 periit.
546 5799 599 5853 In
634 5799 952 5869 recentiore
998 5805 1181 5869 autem
1227 5795 1482 5869 ejusdem
1501 5793 1691 5869 operis
1729 5793 1921 5848 codice

252 5936 261 5945 _
338 5861 459 5926 Vat.
489 5874 543 5928 fit
577 5873 782 5927 ibidem
816 5868 1032 5949 lacuna,
1067 5861 1541 5957 religto'spatiolo.
1574 5861 1728 5918 Unde
1754 5877 1920 5933 appa-

2028 4667 2155 4707 num
2188 4651 2387 4721 quippe
2416 4649 2783 4719 compositmn
2826 4664 2929 4701 una
2978 4655 3174 4702 natura
3219 4662 3343 4703 esse
3390 4651 3610 4715 dicitur,

2027 4745 2153 4816 quia
2188 4759 2394 4810 rerum,
2430 4743 2575 4798 unde
2621 4752 2940 4797 concretum
2978 4748 3095 4806 est,
3139 4740 3530 4811 appedationes
3558 4752 3612 4800 et

2028 4838 2253 4893 nomina
2307 4837 2449 4891 haud
2504 4835 2722 4907 proprie
2755 4835 2995 4905 recipit:
3030 4849 3205 4904 neque
3248 4836 3393 4891 enim
3446 4835 3611 4891 homo

2028 4930 2251 5000 proprie
2283 4929 2465 4983 anima
2495 4929 2579 4983 vel
2619 4942 2818 4997 corpus
2854 4929 3053 4982 dicitur
3086 4945 3101 4982 :
3142 4944 3316 4995 neque
3364 4928 3461 4982 has
3509 4944 3611 4998 ap-

2029 5022 2352 5093 pellationes
2385 5020 2602 5090 proprie
2630 5021 2842 5091 recipit,
2875 5020 3093 5074 etiamsi
3118 5020 3357 5074 animam
3402 5029 3456 5072 et
3488 5034 3609 5075 cor-

2025 5132 2126 5188 pus
2162 5116 2364 5170 habere
2396 5114 2619 5169 dicitur.
2654 5112 2907 5168 Christus
2933 5122 3116 5166 autem
3151 5110 3294 5167 Deus
3325 5120 3509 5164 noster
3539 5125 3607 5199 ea
3652 5182 3653 5185 η

2024 5210 2313 5264 divinitate
2335 5219 2498 5273 atque
2521 5206 2863 5261 humanitate
2885 5212 3122 5269 constat,
3142 5214 3199 5258 et
3221 5201 3613 5272 appellationes

2026 5318 2091 5358 ac
2124 5302 2346 5357 noodua
2380 5312 2723 5363 naturarum,
2756 5314 2822 5354 ex
2870 5297 3068 5368 quibus
3107 5304 3348 5358 constat,
3372 5293 3607 5364 recipit:

2028 5397 2145 5465 ipse
2173 5393 2318 5449 enim
2348 5402 2432 5449 est
2462 5391 2607 5447 Deus
2632 5402 2685 5446 et
2714 5395 2907 5456 homo,
2944 5391 3043 5445 has
3082 5388 3471 5459 appellationes
3510 5402 3608 5441 na-

2026 5661 2133 5714 ret,
2195 5646 2556 5703 recentiorem
2586 5644 2755 5714 hunc
2805 5641 3141 5714 exscriptum
3185 5639 3370 5714 fuisse
3394 5640 3461 5694 ab
3516 5638 3609 5694 illo

2028 5709 2357 5788 antiquiore,
2385 5725 2440 5770 et
2468 5713 2688 5788 quidem
2713 5715 2825 5788 jam
2878 5709 3067 5788 leviter
3105 5711 3257 5788 laeso.
3312 5709 3446 5788 Hinc
3472 5725 3606 5788 sane

2028 5780 2289 5858 contigzt,
2321 5780 2379 5840 ut
2406 5780 2549 5839 nulla
2597 5780 2730 5858 mihi
2785 5782 3076 5858 lectionum
3132 5783 3367 5837 varietas
3407 5780 3463 5835 iu
3502 5783 3607 5836 hoc

2027 5853 2207 5917 altero
2237 5858 2532 5926 exemplari
2567 5869 2625 5910 se
2652 5853 2932 5910 obtulerit.
