4096 6404
462 369 563 438 231

1887 364 2322 429 THEORIANI

3639 362 3788 432 232'"

462 488 718 545 turaliter
771 498 990 558 gerens.
1049 483 1165 540 Non
1221 482 1390 552 igitur
1436 495 1559 537 eum
1607 478 1896 552 quisquam
1951 496 2056 536 una

2170 480 2330 542 αὐτὸς
2362 478 2472 550 γάρ
2513 478 2629 532 ἐστι
2670 478 2766 532 καὶ
2804 477 2939 541 Θεδς
2971 477 3064 532 καὶ
3098 476 3393 549 ἄνθρωπος
3420 477 3585 547 φύσει
3621 482 3752 544 τοὺς

461 583 667 653 pollere
716 592 914 634 natura
964 580 1134 641 dicat,
1195 591 1370 646 neque
1405 591 1566 632 unam
1623 585 1748 646 post
1799 576 2053 631 unionem

463 674 698 728 allirtnet
754 683 1028 726 naturam.
1111 670 1343 738 Insuper
1397 667 1635 723 hominis
1702 682 1810 722 una
1863 676 2055 721 natura

461 766 686 832 dicitur,
720 768 851 834 quia
885 766 951 818 de
983 762 1169 817 multis
1196 761 1394 816 atomis
1425 758 1728 828 subjectum
1763 758 1881 829 ejus
1909 773 2058 812 com-

464 859 709 928 ponitur,
741 871 865 927 qua;
894 855 1060 908 atomi
1101 854 1308 909 idcirco
1348 853 1601 908 htttnante
1646 858 1858 906 natura:
1889 851 2057 920 parti-

466 950 615 1017 cipes
644 963 764 1002 esse
789 948 1088 1001 dicuntur:
1125 962 1287 1014 quam
1346 960 1455 1000 rem
1497 944 1564 998 de
1613 941 1832 999 Christo
1881 957 2058 1013 neque

465 1042 650 1096 dicere
691 1041 819 1095 licet
858 1055 1031 1108 neque
1063 1040 1327 1108 cogitare.

539 1315 649 1379 Age
685 1327 811 1364 vero
848 1322 902 1364 et
958 1311 1134 1379 ipsum
1181 1318 1428 1362 sanctum
1469 1303 1731 1377 Cyrillum
1770 1303 1823 1357 in
1873 1302 2058 1357 multis

468 1407 582 1461 suis
619 1406 960 1474 diversisque
994 1403 1219 1472 scriptis
1253 1402 1642 1469 comperimus,
1681 1400 1842 1454 sicuti
1891 1400 2056 1453 etiam

467 1501 776 1556 reverentia
808 1508 892 1552 tua
922 1498 972 1551 in
1004 1498 1145 1552 datis
1180 1498 1246 1550 ad
1281 1499 1618 1562 majestatem
1654 1509 1829 1548 meam
1859 1492 2058 1547 litteris

468 1592 821 1664 signiﬁcavit,
872 1593 1010 1647 duas
1048 1591 1102 1645 in
1133 1591 1358 1644 Christo
1387 1597 1507 1658 post
1541 1587 1798 1642 unionem
1836 1596 2058 1640 naturas

469 1687 772 1756 praedicare
806 1697 973 1756 atque
1009 1677 1226 1739 docere.
1262 1681 1374 1737 Cor
1414 1683 1558 1736 hunc
1601 1680 2059 1736 contradictionis

469 1778 634 1834 veluti
669 1779 1073 1841 accusabimus,
1110 1778 1339 1831 dicendo
1368 1775 1618 1830 eumdem
1649 1789 1812 1828 unam
1843 1788 2060 1844 quoque

2158 571 2357 640 λόγους
2382 571 2590 625 τούτων
2623 571 3033 641 ἐπιδεχόμενος.
3085 571 3202 624 Οὐκ
3239 571 3348 640 ἄρα
3373 573 3503 640 μιᾶς
3535 563 3754 642 ῲύσεως

2159 661 2323 714 aut-5v
2346 663 2463 731 ἐρεῖ
2497 676 2582 722 τις
2609 659 3030 719 ἀποτελεῖσθαι.
3089 659 3121 730 ἦ
3181 660 3314 729 μίαν
3369 659 3532 729 φύσιν
3582 655 3749 722 εἶναι,

2163 754 2304 825 μετὰ
2363 755 2464 822 τὴν
2517 754 2734 805 ἕνωσιν.
2795 753 2906 805 Καὶ
2947 751 3124 814 ἄλλως
3159 753 3216 805 δὲ
3251 755 3278 806 ὁ
3309 752 3600 822 ἅνθρωπος
3653 753 3754 822 μία

2159 847 2324 916 φύσις
2354 846 2598 913 λέγεται,
2627 845 2716 897 διὰ
2747 844 2808 898 τδ
2840 845 3052 898 πολλῶν
3087 845 3308 913 ἀτόμων
3340 845 3492 915 αύτῷ
3525 847 3755 901 ὑποκει-

2162 940 2310 1010 μένῳ
2368 937 2831 1009 κατηγορεῖσθαι,
2895 938 3234 991 καὶτούτων
3300 938 3376 1001 ὡς
3431 940 3531 1008 τῆς
3580 941 3756 1009 αὐτῆς

2160 1029 2314 1099 αὐτῷ
2348 1031 2760 1083 κοινωνούντων
2802 1028 3024 1098 φύσεως
3053 1029 3316 1097 λέγεσθαι
3347 1046 3361 1061 ’
3396 1031 3535 1100 ὅπερ
3563 1030 3662 1083 οὐκ
3689 1032 3758 1084 ἄν

2159 1140 2246 1186 τις
2295 1123 2439 1175 εἴποι
2465 1123 2557 1176 ἐπὶ
2588 1123 2682 1175 τοῦ
2705 1122 2969 1194 Χριστοῦ,
3002 1122 3126 1176 οὐδὲ
3153 1123 3398 1185 διανοίας
3433 1123 3757 1176 ἀναπλάσαι

2161 1217 2488 1286 κινήμασιν.

2245 1309 2402 1362 Ἐπεὶ
2438 1310 2495 1362 δὲ
2530 1311 2623 1362 καὶ
2659 1311 2686 1364 ὀ
2727 1312 2786 1364 ἐν
2838 1313 3017 1379 ἁγίοις
3067 1302 3346 1373 θειότατος
3393 1312 3666 1380 Κιριλλος
3698 1315 3758 1366 ἐν

2160 1403 2377 1465 πολλοῖς
2431 1404 2525 1456 καὶ
2577 1403 2858 1474 διαφόροις
2913 1405 3024 1457 τῶν
3072 1405 3238 1458 αὐτοῦ
3298 1406 3758 1478 συγγραμμάτων

2161 1499 2505 1567 εὑρίσκεται,
2536 1498 2612 1559 ὡς
2646 1499 2740 1551 καί
2775 1499 2807 1566 ὴ
2848 1499 2914 1567 σὴ
2959 1499 3215 1568 τιμιότης
3261 1500 3320 1550 ὲν
3363 1499 3441 1568 τῷ
3489 1499 3626 1568 πρὸς
3656 1498 3758 1569 τὴν

2165 1590 2452 1661 βασιλείαν
2513 1591 2674 1662 ἡμῶν
2727 1591 3100 1644 ἀποσταλέντι
3162 1591 3297 1662 παρ’
3350 1592 3519 1662 αὐτῆς
3573 1593 3760 1662 ἐδηλο-

2162 1688 2361 1760 ποίησε
2401 1685 2736 1757 γράμματι,
2791 1687 2887 1738 δύο
2949 1686 3144 1757 φύσεις
3200 1691 3345 1757 μετὰ
3398 1690 3500 1752 τὴν
3558 1669 3782 1741 ἕνωσιν

2163 1777 2563 1848 ἀνακηρύττων
2599 1777 2695 1830 καὶ
2723 1777 2997 1831 διδάσκων
3029 1779 3122 1831 ἐπὶ
3157 1777 3403 1849 Χριστοῦ
3428 1821 3442 1844 ,
3471 1779 3561 1833 διὰ
3595 1779 3760 1832 ποίαν

469 1871 770 1927 allirmasse
818 1877 939 1940 post
993 1870 1249 1924 unionem
1305 1883 1431 1924 esse
1486 1867 1790 1922 naturam?
1828 1866 2058 1923 Prorsus

2170 1873 2350 1926 αἰτίαν
2394 1871 2828 1940 ὲναντιοφωνίας
2888 1870 3052 1924 δώσει
3101 1889 3186 1934 τις
3238 1872 3540 1942 πρόφασιν,
3583 1871 3760 1940 λέγων

467 1966 610 2019 enim
647 1963 763 2018 sive
792 1961 1054 2031 Cyrillum
1089 1960 1192 2016 hoc
1227 1961 1280 2015 in
1317 1969 1634 2015 transcursu
1659 1999 1676 2026 ,
1732 1969 1790 2013 ut
1823 1960 2060 2024 videtur,

467 2055 672 2110 dixisse
736 2063 900 2122 atque
954 2052 1249 2121 scripsisse
1302 2052 1636 2107 credendum
1689 2061 1808 2118 est;
1852 2054 1969 2107 sive
2018 2053 2063 2107 is

468 2148 694 2202 abusive
725 2156 973 2201 naturam
1001 2159 1100 2216 pro
1125 2160 1354 2216 persona
1381 2146 1589 2214 posuit,
1622 2153 1680 2199 ut
1705 2146 1879 2215 ipsum
1909 2145 2062 2211 alibi,

469 2241 709 2309 itemque
741 2253 804 2292 ex
831 2238 1077 2292 classicis
1101 2237 1357 2292 Patribus
1383 2237 1538 2302 alios,
1575 2237 1772 2293 fecisse
1819 2237 2059 2304 scimus;

470 2334 587 2388 sive
629 2347 792 2385 unam
829 2341 1085 2385 naturam
1129 2331 1196 2384 de
1234 2329 1439 2385 Christi
1490 2330 1776 2384 divinitate
1819 2345 2065 2399 pronun-

472 2424 648 2488 tiavit,
686 2423 761 2476 ita
797 2435 974 2477 tamen
1017 2430 1074 2475 ut
1122 2421 1422 2476 humanam
1452 2435 1667 2492 quoque
1717 2423 2060 2476 demonstra-

473 2520 635 2582 verit,
673 2515 803 2570 dum
859 2516 1070 2570 addidit
1100 2516 1440 2569 incantatam
1475 2530 1494 2568 :
1529 2517 1643 2568 sive
1693 2515 1928 2584 denique
1980 2529 2067 2569 se-

475 2611 714 2664 cundum
750 2608 914 2662 alium
944 2607 1193 2675 quemvis
1228 2621 1450 2661 sensum
1488 2605 1933 2676 intellectumque
1975 2615 2068 2660 aut

476 2700 800 2757 ceconomite
854 2699 1122 2753 rationem
1180 2698 1256 2752 ita
1308 2696 1519 2752 locutus
1550 2705 1637 2752 est
1679 2697 1762 2751 vir
1805 2709 2062 2764 sanctus;

477 2797 704 2851 minime
735 2793 786 2848 id
825 2802 973 2847 certe
995 2792 1065 2846 ob
1100 2790 1485 2846 infirmandam
1525 2802 1688 2845 recta:
1717 2790 1840 2848 ﬁdei
1862 2791 2066 2846 doctri-

479 2903 633 2952 nam,
668 2894 723 2940 et
774 2883 1095 2940 scandalum
1147 2883 1522 2953 repugnantia
1560 2882 1663 2938 sibi
1691 2883 2066 2952 excitandum,

477 2981 627 3036 fecit.
677 2979 812 3035 Cum
858 2993 990 3049 ergo
1035 2976 1236 3032 veritas
1277 2977 1560 3046 explorata
1607 2977 1698 3044 sit,
1733 2977 1787 3030 in
1838 2991 2068 3047 eamque

475 3089 669 3128 omnes
724 3073 898 3127 sancti
953 3070 1148 3125 Patres
1199 3072 1562 3141 ductoresque
1623 3072 1819 3137 nostri,
1869 3087 2063 3140 magna

477 3180 682 3222 sauch
720 3167 810 3220 Dei
850 3164 1110 3219 Ecclesia:
1164 3162 1408 3228 lumina,
1455 3164 1806 3232 conspirent,
1860 3164 2060 3218 frustra

469 3263 584 3335 jam
618 3261 873 3332 objicitur
896 3269 1060 3330 atque
1086 3259 1399 3314 obtruditur
1426 3259 1817 3328 mordicusque
1845 3270 2061 3314 leuetur

477 3355 690 3421 vocula,
714 3369 834 3424 quae
857 3353 1188 3419 Ecclesiatn,
1213 3352 1265 3407 id
1293 3358 1400 3419 est,
1426 3368 1593 3408 unum
1611 3351 1817 3408 Christi
1839 3367 2059 3423 corpus,

478 3449 740 3504 discindit
771 3462 833 3500 ac
866 3446 1072 3500 lacerat
1101 3461 1118 3501 :
1150 3446 1451 3514 praesertim
1479 3460 1603 3500 cum
1638 3445 1728 3500 illa
1759 3447 1949 3501 vocula
1993 3461 2064 3500 ex

474 3544 597 3597 aliis
632 3539 816 3594 multis
846 3539 1044 3608 corrigi
1083 3538 1274 3606 possit,
1307 3551 1485 3608 neque
1525 3539 1893 3607 pOSteriorum
1924 3549 2064 3593 tem-

476 3650 668 3705 porum
709 3635 902 3689 Patres
942 3630 1242 3701 quidquam
1275 3633 1602 3687 turbaverit.
1652 3631 1848 3686 Nostra
1901 3632 2067 3701 igitur

478 3728 655 3797 pietas
706 3724 883 3780 datori
945 3726 1193 3779 omnium
1241 3723 1510 3778 bonorum
1542 3723 1656 3778 Deo
1695 3725 1899 3794 gratias
1931 3725 2065 3796 agit,

478 3820 570 3888 qui
608 3819 757 3887 pacis
807 3817 965 3871 nobis
1020 3825 1186 3885 atque
1224 3816 1442 3870 unionis
1476 3816 1623 3871 fores
1655 3819 1893 3887 aperuit.
1929 3817 2066 3873 Pro-

476 3911 621 3966 fecto
651 3911 698 3966 is
728 3911 1080 3966 concordiam
1117 3909 1258 3964 hanc
1292 3919 1471 3964 tecum
1512 3924 1610 3980 per
1641 3920 1809 3966 temet
1853 3913 2065 3978 initam,

477 4019 598 4073 qua:
645 4004 711 4057 ad
743 4011 972 4058 cunctos
1014 4012 1322 4057 coaetaneos
1373 4011 1494 4058 tuos
1546 4002 1751 4072 tibique
1791 4003 2068 4074 subjectos

477 4097 766 4167 pontiﬁces
821 4096 1248 4163 universumque
1293 4109 1513 4166 gregem
1573 4096 1857 4164 pertinet,
1918 4096 2064 4152 felici

477 4191 628 4244 exitu
662 4187 982 4255 coronabit;
1028 4187 1355 4258 plenamque
1385 4196 1441 4244 et
1469 4188 1586 4244 sine
1613 4187 1716 4244 ulla
1745 4171 2069 4259 exceptione

480 4283 745 4335 unitatem
807 4283 1206 4336 sententiarum
1263 4279 1498 4346 etiieiet,
1557 4281 1625 4335 ad
1679 4273 1764 4336 sui
1827 4282 2068 4337 nominis

479 4374 707 4443 gloriam
737 4381 792 4426 et
828 4371 1120 4427 invisibilis
1152 4371 1325 4427 hostis
1365 4371 1748 4440 ignominiam.

2171 1966 2272 2018 τὸν
2313 1964 2478 2019 αὑτὸν
2527 1965 2622 2018 καὶ
2657 1963 2788 2034 μίαν
2821 1963 2988 2032 φύσιν
3023 1964 3209 2029 λέγειν
3235 1965 3330 2018 ἐπὶ
3372 1964 3569 2018 τούτου
3615 1964 3763 2035 μετά

2166 2059 2267 2131 τὴν
2296 2058 2620 2128 σάρκωσιν;
2655 2058 2884 2120 Πάντως
2911 2057 3021 2125 γὰρ
3064 2057 3096 2128 ἢ
3131 2058 3224 2112 τὸν
3269 2058 3517 2112 τοιοῦτον
3562 2058 3760 2112 τούτου

2167 2148 2328 2218 λόγον
2363 2148 2709 2220 παραδράμῃ
2731 2147 2807 2212 ὡς
2839 2147 3019 2213 ἔδοξεν
3041 2149 3241 2220 ἐκείνῳ
3272 2151 3511 2221 ρηθέντα
3558 2167 3616 2204 τε
3660 2149 3764 2204 καὶ

2169 2237 2547 2310 γραφέντα,ἢ
2597 2237 3196 2313 καταχρηστικώτερον
3249 2240 3606 2311 ἐκλαΰομένῳ
3661 2241 3764 2306 τὴν

2169 2331 2333 2402 φύσιν
2388 2329 2514 2383 ἀντὶ
2571 2330 2956 2394 ὑποστάσεως,
3009 2330 3088 2393 ὡς
3137 2331 3231 2385 καὶ
3265 2332 3428 2394 αὐτὸς
3456 2332 3762 2397 ὲνᾶλλοις,

2167 2423 2266 2478 καὶ
2318 2421 2470 2476 ἄλλοι
2522 2421 2632 2476 τῶν
2677 2422 2856 2490 ἁγίων
2895 2423 3172 2492 ἐκκρίτων
3217 2425 3569 2495 εὑρίσκονται
3616 2425 3766 2480 οὕτω

2169 2514 2530 2585 ποιήσαντες·
2580 2513 2612 2584 ἢ
2668 2513 2768 2584 τὴν
2811 2513 2941 2583 μίαν
2992 2514 3156 2583 φύσιν
3213 2517 3307 2570 ἐπὶ
3359 2518 3464 2586 τῆς
3499 2519 3763 2585 θεότητος

2168 2606 2266 2660 τοῦ
2299 2605 2541 2685 Χριστοῦ
2579 2607 2850 2678 εἰρηκότι,
2907 2610 3000 2663 καὶ
3057 2611 3477 2682 παραστήσαντι
3515 2615 3628 2666 καῖ
3656 2614 3762 2684 τὴν

2168 2698 2522 2772 ἀνθρωπίνην
2555 2701 2614 2753 ὲν
2659 2701 2735 2772 τῷ
2779 2702 3086 2771 ἐπαγαγεῖν
3121 2705 3202 2769 τὸ,
3241 2705 3721 2776 σεσαρκωμένην
3745 2723 3760 2738 ο

2167 2793 2200 2865 ἢ
2235 2795 2331 2849 καὶ
2359 2796 2460 2867 τὴν
2508 2796 2679 2868 ἄλλην
2717 2798 2840 2852 τινὰ
2874 2799 3088 2854 ἔννοιαν
3127 2801 3222 2853 καὶ
3273 2801 3555 2874 ἐπιϐολὴν,
3601 2803 3633 2874 ἢ
3667 2806 3765 2858 καὶ

2164 2891 2370 2962 τρόπον
2405 2892 2748 2962 οἰκονομίας,
2782 2893 2875 2962 ἀφ’
2908 2887 2976 2966 ἦς
3019 2893 3225 2963 ταύτην
3258 2893 3358 2966 τὴν
3392 2897 3576 2964 φωνὴν
3611 2898 3763 2968 εἰρη-

2165 2986 2325 3040 κέναι
2365 2987 2459 3040 τὸν
2489 2987 2667 3054 ἅγιον,
2716 2988 2818 3041 οὐκ
2870 2989 2946 3051 εἰς
2996 2989 3405 3060 παρενόχλησιν
3441 2991 3537 3044 τοῦ
3591 2992 3761 3064 ὀρθοῦ

2165 3078 2328 3146 λόγου
2369 3079 2470 3148 τῆς
2519 3078 2808 3144 εὐσεϐείας
2837 3079 3045 3152 ταύτην
3078 3081 3594 3151 προϐαλεῖταιλκαὶ
3633 3085 3762 3137 καθ’

2167 3171 2364 3225 ἑαυτοῦ
2419 3173 2719 3228 σκάνδαλον
2781 3176 3040 3246 ἀνεγερεῖ
3094 3176 3456 3242 διαστάσεως.
3514 3178 3760 3250 Φανεροῦ

2170 3264 2282 3334 γὰρ
2311 3265 2463 3329 ὄντος
2489 3266 2582 3320 τοῦ
2611 3266 2872 3339 ἀληθοῦς,
2901 3269 3000 3323 καὶ
3037 3269 3262 3324 πάντων
3289 3271 3400 3325 τῶν
3439 3273 3611 3341 ἁγίων
3643 3276 3763 3328 [Ια-

2171 3359 2350 3431 τέρων
2387 3360 2486 3413 καὶ
2527 3359 2868 3414 διδασκάλων
2901 3363 3063 3432 ἡμῶν
3099 3362 3208 3416 τῶν
3240 3364 3498 3434 μεγάλων
3542 3366 3768 3437 φωστὴ-

2174 3468 2284 3522 ρων
2320 3451 2420 3520 τῆς
2453 3451 2615 3520 ἁγίας
2649 3451 2744 3505 τοῦ
2784 3452 2920 3506 Θεοῦ
2962 3453 3765 3526 Ἐκκλησίας,συμφωνούντων
3851 3476 3857 3480 ·

2171 3543 2252 3606 εἰς
2283 3543 2465 3607 τοῦτο,
2506 3543 2763 3614 περιττὸν
2816 3544 2897 3606 τὸ,
2959 3544 3088 3614 μίαν
3144 3545 3306 3615 ῥῆσιν
3341 3547 3421 3609 εἰς
3469 3541 3769 3617 ρῆξιν’καὶ

2173 3634 2524 3706 διασπασμὸν
2547 3635 2642 3688 τοῦ
2681 3636 2800 3700 ἐνὸς
2832 3635 3086 3707 σώματος
3111 3640 3212 3707 τῆς
3238 3637 3334 3692 τοῦ
3361 3639 3603 3708 Χριστοῦ
3648 3639 3770 3693 Ἐκ·

2171 3727 2424 3796 κλησίας,
2451 3727 2768 3798 δυναμένην
2802 3729 2895 3782 καὶ
2926 3731 3100 3784 ταῦτα
3126 3731 3190 3784 ὲκ
3227 3731 3440 3785 πολλῶν
3468 3732 3568 3803 τὴν
3600 3732 3769 3803 θερα-

2171 3818 2335 3873 πείαν
2383 3818 2659 3889 δέχεσθαι,
2709 3821 2805 3873 καὶ
2840 3821 2950 3874 τῶν
2982 3823 3056 3893 μή
3089 3840 3212 3876 τινα
3263 3824 3374 3876 τῶν
3415 3821 3644 3894 ὕστερον
3675 3822 3769 3875 ἑλ-

2171 3910 2377 3965 θόντων
2416 3913 2680 3982 Πατέρων
2722 3913 3160 3984 διαταράξασαν,
3218 3915 3622 3987 προϐάλλεσθαι
3669 3917 3770 3969 καὶ

2175 4007 2538 4077 προσφέρειν,
2567 4009 2662 4062 καὶ
2713 4007 2938 4078 ἔχεσθαι
2987 4009 3195 4079 ταύτης
3248 4011 3344 4064 καὶ
3389 4011 3464 4081 μὴ
3500 4009 3768 4080 μεθίστα-

2177 4097 2326 4152 σθαι.
2355 4098 2690 4169 Εὐχαριστεῖ
2711 4096 2807 4154 οὖν
2841 4102 2876 4171 ἡ
2901 4101 3146 4171 ἡμετέρα
3178 4101 3434 4156 εὐσέϐεια
3456 4104 3534 4172 τῷ
3564 4102 3771 4162 παντὸς

2177 4191 2387 4260 ἀγαθοῦ
2431 4192 2621 4263 δοτῆρι
2667 4193 2786 4265 Θεῷ
2834 4193 2914 4264 τῷ
2949 4195 3050 4265 ἤδη
3094 4195 3276 4249 λύοντι
3309 4196 3408 4259 τὰς
3436 4196 3633 4259 ὠδῖνας
3661 4195 3768 4265 τῆς

2175 4283 2338 4356 ἡμῶν
2364 4285 2591 4356 εἰρήνης
2622 4289 2719 4339 καὶ
2749 4286 2848 4356 τῆς
2881 4288 3134 4351 ὲνώσεως
3156 4305 3169 4318 ·
3199 4287 3259 4352 ὃς
3289 4289 3386 4342 καὶ
3416 4289 3516 4360 τὴν
3547 4288 3638 4342 διὰ
3665 4287 3766 4342 σοῦ

2179 4377 2275 4430 καὶ
2321 4376 2460 4446 μετὰ
2508 4375 2605 4430 σοῦ
2659 4380 2986 4448 συμφωνίαν
3028 4369 3212 4452 πάσης
3257 4381 3356 4452 τῆς
3398 4382 3540 4435 κατά
3579 4381 3639 4434 σὲ
3671 4381 3772 4435 καὶ

481 4466 587 4519 ὑπὸ
616 4465 675 4516 σὲ
708 4464 995 4534 ἱεραρχίας
1025 4462 1121 4516 καὶ
1142 4464 1380 4535 ποίμνης
1404 4463 1817 4535 τελεσφορήσει,
1851 4465 1946 4518 καὶ
1975 4464 2074 4537 τὴν
2115 4469 2370 4538 ὁμόνοιαν
2402 4471 2779 4542 ἀπεργάσεται
2808 4472 3220 4545 ὲντελεστάτην,
3247 4475 3340 4528 καὶ
3399 4475 3542 4529 κατά
3599 4476 3772 4547 μηδὲν

480 4562 544 4614 τὸ
583 4557 798 4620 ἐλλιπὲς
835 4557 1090 4628 ἔχουσαν,
1124 4560 1204 4623 εἰς
1235 4561 1396 4627 δόξαν
1428 4561 1523 4614 τοῦ
1558 4561 1716 4628 ἁγίου
1752 4562 1919 4615 αὐτοῦ
1951 4563 2242 4634 ὀνόματος,
2263 4566 2358 4619 καί
2386 4567 2652 4639 αἰσχύνην
2689 4567 2785 4621 τοῦ
2819 4569 3063 4640 ἀοράτου
3092 4570 3311 4641 ἐχθροῦ.

1063 4656 1499 4713 DlSl’UTATlO.

557 4757 710 4808 Anno
740 4755 807 4810 ab
833 4753 1218 4810 orbe'coudito
1257 4751 1418 4819 6680,
1466 4754 1557 4822 qui
1594 4765 1712 4808 erat
1758 4769 1933 4809 annus
1967 4756 2062 4810 tri-

482 4848 718 4904 cesimus
771 4855 890 4918 post
917 4845 1204 4916 imperium
1235 4854 1547 4914 susceptum
1585 4860 1615 4900 a
1663 4846 1914 4917 piissimo
1962 4849 2064 4902 im-

509 5020 512 5022 ~
556 5008 656 5080 (τε)
683 5007 840 5061 Anno
866 5005 1072 5061 Christi
1103 5005 1264 5060 me.

558 5076 633 5150 (8)
667 5080 806 5149 Ergo
836 5079 1056 5151 biennio
1078 5088 1198 5145 post
1225 5076 1456 5147 primam
1480 5077 1929 5151 disputationem,
1955 5097 2076 5151 quae

482 5151 537 5206 in
563 5149 751 5206 Graeco
782 5161 929 5204 textu
953 5149 1155 5201 dicitur
1179 5160 1297 5201 acta
1323 5163 1466 5200 anno
1500 5151 1778 5216 regnantis
1810 5149 2075 5206 Mattttelis

487 5226 748 5275 vietcsitno
780 5232 994 5282 octavo,
1025 5220 1126 5271 ctsi
1163 5219 1419 5271 mendose
1449 5221 1501 5271 in
1531 5219 1721 5271 Latina
1756 5219 2070 5276 Leuuclavii

482 5294 932 5359 interpretatimte
959 5288 1124 5362 (Βξυίι.
1156 5287 1269 5342 PP.
1293 5287 1542 5362 PariLt.
1571 5289 1611 5362 1,
1645 5291 1846 5362 p.459)
1871 5293 2069 5347 dicitur

484 5364 685 5417 decimo
735 5371 936 5414 octavo.
991 5361 1180 5413 Obiter
1231 5371 1408 5414 autem
1448 5361 1537 5418 hic,
1563 5360 1793 5414 observo
1827 5360 2068 5418 canones

484 5448 700 5505 quoque
730 5434 1021 5505 chronicos
1047 5432 1318 5505 ﬁamuelis
1349 5430 1603 5505 {inuenit-
1629 5434 1881 5486 Aniensis
1910 5437 2068 5505 (quos

485 5501 584 5570 ego
615 5501 742 5555 elitn
786 5502 1070 5556 Mediolani
1109 5502 1277 5568 edidi)
1305 5501 1652 5571 aliquantum
1683 5517 1804 5557 esse
1850 5501 2072 5571 pertur-

486 5573 661 5635 huius,
698 5575 836 5639 apud
871 5589 1007 5641 quos
1043 5573 1248 5641 primus
1274 5570 1517 5626 Nersetis
1550 5570 1876 5640 patriarcha:
1899 5592 2074 5630 annus

487 5657 832 5711 comptnntttr
885 5659 1008 5695 cum
1067 5643 1336 5695 Manttelis
1390 5643 1520 5711 imp.
1589 5659 1731 5696 anno
1793 5648 2073 5700 tricesimo

484 5714 698 5778 quinto.
741 5710 929 5784 Neque
960 5725 1137 5766 tamen
1199 5715 1243 5784 is
1289 5710 1745 5768 error’etlitionis
1788 5731 1920 5768 mea:
1947 5729 2070 5784 est;

487 5797 720 5850 namque
753 5797 836 5834 est
873 5781 1164 5837 Vaticanus
1194 5783 1464 5837 Samuelis
1499 5787 1663 5836 codex
1713 5781 2072 5842 Armeniacus

492 5857 682 5908 tertius
707 5867 830 5907 cum
869 5853 1006 5907 libro
1049 5870 1167 5908 meo
1203 5869 1428 5923 prorsus
1455 5857 1753 5911 con..ctttit.
1802 5858 1908 5913 Sed
1940 5861 2070 5928 quid

2097 4663 2154 4724 D

2811 4666 3143 4720 ΔΙΑΛΕΞΙΣ.

2258 4758 2348 4810 Ἐν
2382 4755 2494 4809 ἔτει
2539 4755 2647 4809 ἀπὸ
2693 4756 2928 4820 κτίσεως
2962 4757 3170 4826 κόσμου
3226 4763 3400 4826 ,ςχπ’,
3448 4757 3508 4810 ἐν
3553 4758 3663 4820 ἔτει
3712 4758 3770 4810 δὲ

2175 4851 2488 4923 τριακοστῷ
2525 4849 2606 4921 (8)
2631 4850 2729 4921 τῆς
2761 4850 3204 4922 αὐτοκρατορίας
3235 4850 3330 4904 τοῦ
3361 4855 3419 4906 ὲν
3450 4851 3770 4922 βασιλεῦσιν

2186 5027 2328 5081 opus
2355 5008 2778 5081 estSamuelem
2811 5025 3072 5081 arguere,
3121 5012 3278 5081 cujus
3301 5014 3460 5068 'ratio
3491 5029 3542 5068 tn
3580 5028 3771 5071 recen-

2185 5080 2368 5137 sendis
2413 5080 2678 5134 Manuelis
2718 5080 2890 5136 annis
2918 5099 3144 5150 prorsus
3184 5080 3211 5135 ἐι
3249 5087 3527 5138 communi
3555 5089 3771 5141 ratione

2183 5153 2452 5208 discedit?
2475 5152 2627 5220 Apud
2660 5167 2784 5224 eum
2821 5156 2966 5224 enim
3014 5153 3228 5209 Mantth
3263 5165 3452 5223 regnat
3485 5158 3645 5211 annis
3673 5159 3771 5224 46,

2181 5224 2450 5288 incipiens
2473 5225 2540 5274 ab
2568 5237 2711 5275 anno
2733 5223 2810 5276 Ch
2866 5222 3034 5288 H35;
3065 5226 3206 5293 apud
3238 5222 3372 5279 alius
3401 5236 3577 5280 autem
3608 5222 3772 5280 chru-

2179 5294 2490 5362 nographos
2548 5305 2740 5362 regnat
2791 5295 2950 5348 annis
2984 5295 3051 5348 '57
3088 5311 3209 5348 cum
3243 5297 3493 5360 dimidio,
3529 5299 3597 5350 ab
3627 5314 3771 5352 anno

2179 5364 2340 5419 1145.
2374 5365 2496 5418 Alio
2528 5365 2686 5417 modo
2716 5376 2907 5432 peccat
2947 5365 3315 5420 Leunclavius
3345 5368 3472 5419 dttm
3506 5371 3572 5419 ad
3605 5383 3770 5420 voca-

2179 5435 2360 5491 bttlttm
2391 5438 2906 5504 πορφυρογέννητος
2938 5448 3167 5489 annotat
3202 5454 3212 5488 :
3249 5436 3529 5506 l’orphyra
3575 5439 3769 5504 palatii

2179 5523 2368 5560 umnam
2401 5508 2454 5558 in
2482 5515 2584 5574 qna)
2616 5509 2894 5572 pariebant
2921 5509 3199 5576 Augustw.
3235 5506 3333 5561 Est
3360 5524 3504 5562 enim
3549 5512 3774 5563 notissn-

2182 5594 2326 5649 mtnn
2360 5577 2440 5630 sic
2472 5581 2654 5643 potius
2687 5582 2988 5645 appellatos
3021 5580 3296 5649 ptittcipcs
3317 5583 3419 5649 qui
3445 5581 3513 5633 de
3543 5591 3772 5647 parente

2180 5648 2485 5717 imperante
2536 5651 2780 5715 concepti
2815 5650 3038 5716 natique
3083 5648 3263 5702 erant.
3308 5648 3558 5718 Denique
3588 5651 3774 5702 Lenn-

2177 5719 2384 5773 clavins
2417 5719 2646 5771 nescivit
2694 5719 2986 5787 Ῥωμαίων
3023 5720 3195 5772 κουλά
3245 5720 3642 5791 (Bottianorum
3679 5736 3776 5771 ca-

2175 5791 2394 5842 stellum
2427 5791 2567 5857 quod
2596 5790 2900 5843 Orientales
2931 5789 3290 5857 pronuntiant
3318 5789 3556 5858 Rontela)
3587 5805 3773 5843 arcem

2174 5859 2345 5916 fuisse
2401 5863 2467 5914 ad
2523 5861 2877 5930 Euphratem,
2927 5863 3000 5919 ad
3043 5877 3204 5932 quem
3238 5867 3418 5920 locum
3459 5861 3776 5932 patriarcha
