4096 6402
506 392 614 453 239

1918 379 2349 442 TIIEORIANI

3662 373 3775 436 ἓὶθ

499 513 651 556 tuam
684 499 905 554 brachia
956 497 1150 564 tendit,
1211 506 1499 566 vestroque
1532 494 1818 566 complexu
1869 492 1971 546 frui
1994 509 2075 562 ge-

2195 489 2470 562 μιώτατος
2513 489 2609 542 καὶ
2655 488 2858 557 ἀγαθὸς
2904 485 3196 550 καθολικ“.ς
3255 488 3283 540 ὁ
3329 487 3638 558 Νοσέρτης.
3677 493 3774 543 καὶ

499 593 616 648 stit.
656 591 772 646 -Sic
825 591 1030 644 utinam
1085 605 1190 644 una
1231 590 1336 645 fide
1378 589 1613 658 c0pulati
1658 587 1807 656 puris
1862 586 2083 648 animis,

502 696 823 754 remotoque
857 684 1003 740 omni
1039 682 1301 738 seandalo
1351 680 1594 734 divinum
1632 677 1903 732 vivificum
1934 676 2081 730 salu-

507 785 790 845 taremque
835 789 1028 844 panem
1059 774 1426 837 eomedamus,
1459 773 1689 842 mystico
1717 769 1919 824 Christi
1953 783 2084 820 con-

436 929 460 944 !
503 870 648 924 vivio
697 867 1033 923 confidenter
1052 865 1542 929 communicemus,
1598 863 1822 931 ejusque
1876 859 2080 914 nomini

505 964 714 1016 laudem
764 959 1152 1016 concinamusl
1202 957 1354 1022 Vale,
1409 957 1859 1012 reverendissime
1917 963 1972 1008 et
2030 954 2082 1007 in

506 1053 736 1106 Domino
765 1053 978 1117 dilecte,
1009 1049 1320 1113 'Generalis,
1352 1049 1436 1100 vir
1472 1047 1844 1102 sanctissime.

2192 579 2604 652 ὁμοφρονοῦντα
2630 580 2719 633 τὸν
2751 580 2913 650 χορὶν
2943 579 3056 631 τῶν
3115 578 3418 649 ἀρχιερέων
3450 579 3640 638 αὑτοῦ,
3677 580 3772 632 καῖ

2192 670 2291 740 τὴν
2323 671 2620 739 σύμπασαν
2670 669 2778 721 τῶν
2825 667 3126 736 Ἀρμενίων
3160 665 3368 735 πληθύν
3395 683 3410 696 ·
3452 667 3673 735 καλάμη
3714 666 3774 717 δὲ

2193 765 2288 817 καὶ
2323 763 2510 834 χόρτος
2539 761 2615 831 μὴ
2643 759 3122 832 συμπεριληφθείη
3154 762 3221 830 τῇ
3253 760 3454 829 στερεᾷ
3497 758 3670 829 ταύτῃ
3695 759 3775 834 0}-

2194 831 2400 924 κοδομῇ
2460 853 2557 906 ἐπὶ
2607 852 2686 922 τῷ
2719 831 2976 924 γάρῤαγεῖ
3007 851 3243 920 θεμελίῳ
3298 851 3375 920 τῷ
3405 852 3655 922 Δεσπὸτῃ
3681 831 3773 902 xui

2194 949 2410 1021 βασιλεῖ
2434 947 2592 1017 ἡμῶν
2628 947 2746 1019 Θεῷ
2782 948 2994 1016 Σωτῆρι
3021 945 3244 1015 Χριστῷ
3274 945 3476 1018 ἐχούσῃ
3505 945 3600 1014 τὴν
3639 943 3775 1012 σύμσ

2193 1043 2382 1112 πηξιν.
2419 1041 2548 1094 Ἰδοὺ
2583 1041 2638 1094 δὲ
2689 1041 2846 1110 καὶὴ
2890 1040 3186 1110 μετριότης
3205 1037 3390 1107 ἡμῶν,
3419 1039 3515 1090 καὶ
3563 1038 3597 1107 ή
3647 1037 3776 1088 καθ’

502 1145 656 1214 ἡμᾶς
683 1143 812 1211 ἀγὲα
856 1143 947 1197 καὶ
978 1128 1319 1210 ’ἀποστολικὴ
1358 1138 1656 1208 Ἐκκλησία
1705 1138 1806 1201 τὰς
1839 1136 2089 1206 ἀγκάλας
2123 1135 2296 1203 αὐτῆς
2329 1138 2396 1204 τῇ
2463 1133 2620 1202 ὑμῶν
2655 1130 2973 1204 ὲξήπλωσεν
3033 1131 3302 1199 ὁσιότητι,
3335 1129 3429 1183 καὶ
3456 1129 3601 1181 ἔστιν
3629 1129 3776 1180 ἕτοι-

507 1256 607 1309 μος
643 1239 724 1301 εἰς
771 1235 870 1306 τὴν
905 1235 1180 1304 ὑμετέραν
1211 1232 1482 1302 ὑποδοχήν
1503 1247 1516 1262 ·
1546 1230 1642 1284 καὶ
1715 1231 1845 1300 μιᾶς
1919 1228 2160 1293 πίστεως
2195 1227 2482 1297 γεγονότες
2515 1225 2790 1295 φάγοιμεν
2821 1222 2959 1294 ὀμού
2986 1223 3126 1293 μετὰ
3162 1222 3466 1284 συνειδότος
3500 1224 3776 1276 ἀνακεκα-

502 1329 780 1400 θαρμένου
825 1326 921 1381 καὶ
955 1327 1088 1397 ἃτερ
1117 1324 1420 1380 σκανδάλου
1446 1323 1650 1386 παντὸς
1687 1322 1780 1375 τὸν
1811 1321 1960 1374 θεῖον
2028 1319 2194 1390 ἄρτον
2233 1319 2328 1372 τὸν
2376 1317 2640 1380 ζωοποιον
2696 1315 2794 1368 καὶ
2830 1317 3124 1386 σωτήριον,
3197 1313 3294 1368 καὶ
3343 1313 3442 1367 τοῦ
3507 1315 3774 1383 μυστικοῦ

501 1422 672 1477 αὐτοῦ
725 1423 947 1476 δείπνου
1005 1419 1410 1490 μεταλάϐοιμεν
1450 1418 1924 1488 ἀνεπαισχύντως,
1982 1416 2277 1482 καὶδόξαν
2333 1414 2470 1485 όμοῦ
2510 1415 2589 1485 τῷ
2637 1414 2870 1484 ὀνόματι
2937 1412 3110 1468 αὑτοῦ
3176 1412 3598 1482 άνενέγκοιμεν.
3639 1413 3776 1482 Ἐρ-

506 1519 673 1585 ρωσο.
704 1511 1003 1582 τιμιιῦτατε
1044 1512 1139 1565 καὶ
1169 1512 1226 1564 ἐν
1254 1511 1447 1583 Κυρίῳ
1480 1511 1731 1580 ἀγαπητὲ
1763 1509 1858 1562 καὶ
1903 1507 2170 1563 Καθολικὲ
2200 1508 2333 1576 ἆνερ
2363 1506 2650 1559 όσιώτατε.

576 1608 708 1662 Post
753 1606 977 1660 biduum
1025 1605 1201 1658 vocati
1266 1605 1331 1658 ad
1378 1606 1644 1676 synodum
1673 1603 1919 1656 venimus
1955 1617 1972 1668 ;
2009 1601 2080 1654 ibi

2263 1599 2420 1654 Μετὰ
2467 1599 2522 1651 δὲ
2563 1599 2654 1651 δύο
2709 1599 2926 1668 ἡμέρας
2971 1596 3408 1668 μετακληθέντες
3467 1598 3776 1667 ἀνήλθομεν

500 1700 719 1755 silentio
762 1699 989 1762 indicto,
1028 1696 1196 1766 cmpit
1251 1695 1536 1751 Generalis
1594 1695 1656 1748 de
1695 1694 1856 1748 unica
1891 1703 2075 1746 natura

2187 1695 2266 1758 είς
2321 1692 2420 1764 τὴν
2473 1692 2724 1745 σύνοδονο
2756 1691 2966 1760 σιωπῆς
3007 1691 3064 1744 δὲ
3116 1691 3437 1760 γενομένης,
3498 1691 3701 1762 ἤρξατο
3743 1692 3776 1744 ὁ

501 1798 790 1857 disserere,
841 1790 1176 1860 argumentis
1221 1803 1414 1858 nempe
1470 1787 1804 1843 confirmans
1863 1787 2081 1857 quodsi

501 1901 606 1938 una
648 1886 865 1938 dicatur
900 1881 1100 1936 Christi
1160 1887 1382 1945 natura,
1439 1892 1586 1934 recte
1629 1880 1680 1934 id
1739 1879 1852 1938 fiat.
1907 1893 2083 1948 neque

497 1977 628 2032 hinc
671 1973 870 2043 aliquid
900 1972 1212 2027 detrimenti
1253 1981 1401 2025 recta
1433 1971 1566 2026 fides
1610 1971 1808 2040 capiat.
1848 1969 1924 2022 Ita
1955 1984 2082 2024 vero

497 2067 692 2136 agebat
735 2063 1037 2128 Generalis,
1093 2079 1200 2117 non
1233 2062 1376 2130 quod
1413 2061 1529 2131 ipse
1555 2061 1633 2115 sic
1664 2061 1957 2129 judicart-t,
1990 2059 2082 2113 sed

495 2157 622 2228 quia
674 2156 798 2211 huic
845 2155 1053 2228 synodo
1090 2153 1393 2207 intererant
1443 2153 1614 2220 ipsius
1664 2151 1928 2222 episcopi,
1989 2152 2080 2220 qui

498 2251 668 2320 priori
722 2248 1012 2305 conventui
1049 2262 1158 2302 non
1216 2245 1527 2312 adfuerant,
1569 2245 1661 2300 sed
1721 2245 1882 2300 fando
1929 2243 2080 2296 andi-

498 2349 692 2398 verant
721 2338 1037 2396 Generalem
1074 2338 1128 2392 in
1162 2338 1530 2392 Rotnattorum
1558 2345 1744 2405 partes
1775 2335 2080 2396 transiisse,

500 2446 865 2501 arcanamque
903 2429 1188 2501 epistolam
1235 2433 1301 2482 ad
1344 2428 1725 2498 imperatorem
1775 2427 2081 2494 scripsisse,

2185 1784 2486 1848 Καθολικδς
2522 1784 2651 1854 περὶ
2679 1783 2776 1850 τῆς
2810 1785 2937 1852 μιᾶς
2965 1782 3178 1851 φύσεως
3205 1781 3567 1849 διαλέγεσθαι,
3599 1798 3776 1835 κατα-

2187 1877 2462 1938 σκευάζων
2520 1878 2601 1930 δτι
2626 1877 2685 1929 τὺ
2717 1875 2895 1944 λέγειν
2921 1875 3013 1928 καὶ
3038 1875 3168 1944 μίαν
3198 1873 3360 1942 φύσιν
3387 1861 3478 1927 τὸν
3526 1876 3566 1927 Χ
3578 1875 3763 1944 ριστὸν

2186 1969 2352 2023 καλόν
2379 1970 2517 2032 ἐστι,
2558 1968 2652 2022 καὶ
2676 1967 2827 2021 οὐδὲν
2862 1967 2923 2019 ὲκ
2940 1965 3130 2018 τούτου
3151 1968 3178 2018 ὁ
3195 1965 3353 2036 ὀρθὸς
3391 1965 3774 2018 καταϐλάπτει

2185 2078 2274 2114 ται
2307 2060 2466 2128 λόγος
2502 2061 2635 2129 (i7).
2671 2059 2844 2113 Τοῦτο
2868 2059 2924 2112 δὲ
2970 2059 3143 2112 ἐποίει
3177 2061 3274 2130 οὐχ
3297 2058 3378 2112 δτι
3405 2059 3576 2122 οὕτως
3605 2060 3772 2130 ἐφρό-

2186 2168 2292 2218 νει,
2342 2150 2459 2203 ἀλλ*
2512 2152 2593 2204 ὅτι
2625 2151 2881 2222 παρῆσαν
2926 2150 2984 2203 ὲν
3013 2152 3078 2221 τῇ
3104 2149 3307 2220 συνόδῳ
3337 2149 3506 2220 ταύτῃ
3540 2151 3769 2204 ἐπίσκο-

2187 2263 2278 2298 ποι
2339 2243 2528 2309 αὐτοῦ,
2588 2243 2784 2305 οἵτινες
2827 2245 2886 2296 ὲν
2922 2245 2987 2314 τῇ
3032 2244 3275 2314 προτέρᾳ
3306 2242 3405 2313 μὲν
3435 2244 3637 2313 συνόδῳ
3665 2245 3769 2298 ούκ

2183 2333 2344 2408 ἦσαν,
2375 2337 2823 2410 προηκηκόεισαν
2850 2336 2906 2389 δὲ
2936 2335 3018 2389 ὅτι
3041 2335 3069 2387 6
3105 2335 3404 2398 Καθολικὸς
3439 2335 3621 2406 ἠνώθη
3650 2339 3770 2399 τοῖς

2200 2429 2516 2499 Ῥωμαίοις,
2561 2429 2653 2482 καὶ
2701 2427 2908 2499 ἔγραψε
2956 2430 3228 2498 μυστικὴν
3265 2429 3484 2498 γραφὴν
3515 2429 3650 2498 πρὸς
3672 2430 3769 2481 τὸν

498 2541 602 2592 qua
635 2523 899 2593 synodum
937 2531 1192 2591 quartam
1230 2535 1290 2575 se
1317 2520 1560 2589 recipere
1587 2519 1786 2574 aiebat.
1807 2518 1978 2586 Quam
2013 2519 2075 2574 ob

2188 2520 2435 2591 βασιλέα,
2469 2520 2643 2588 λέγων
2675 2520 2758 2573 ὃτι
2798 2520 3041 2590 Δέχομαι
3097 2517 3196 2588 τὴν
3225 2519 3490 2588 τετάρτην
3522 2520 3762 2574 σύνοδον.

498 2629 614 2668 rem
637 2612 887 2668 Generali
913 2612 1308 2676 irascebantur,
1327 2613 1416 2682 qui
1452 2627 1592 2666 nunc
1613 2611 1683 2665 ita
1713 2625 1772 2665 se
1796 2622 2080 2680 propterea

501 2707 748 2775 gerebat,
798 2714 857 2760 ut
919 2705 1056 2760 banc
1110 2703 1219 2760 illis
1275 2704 1584 2774 Opinionem
1634 2702 1921 2758 eximeret.
1973 2701 2084 2758 Nos

498 2811 633 2850 vero
653 2795 935 2852 Generalis
967 2809 1189 2865 scopum
1240 2795 1575 2863 ignorantes,
1609 2809 1938 2864 magnopere
1986 2796 2083 2849 ad-

502 2890 873 2943 versabantur.
921 2887 1072 2942 [Ilius
1091 2898 1273 2943 autem
1315 2887 1593 2943 nobiscum
1639 2884 1934 2957 disputatio
1981 2887 2083 2942 ltu-

496 2979 732 3049 jns'modi
769 2978 888 3032 fuit.

572 3066 984 3122 GERERALIS.
1041 3066 1206 3121 Sacra
1239 3065 1466 3137 cpistola
1509 3065 1669 3132 lecta,
1705 3065 1932 3138 cognovi
1990 3081 2079 3120 sa-

497 3162 867 3216 eratis-simum
920 3175 1100 3227 regem
1140 3160 1420 3214 criminari
1457 3159 1722 3214 adversus
1772 3173 1894 3223 nos,
1930 3158 2073 3227 quod

498 3270 658 3308 ttttam
695 3253 899 3307 Christi
940 3259 1186 3306 naturam
1241 3252 1522 3306 dicamus:
1557 3261 1610 3304 et
1660 3253 1760 3305 hac
1810 3251 1876 3306 de
1912 3265 2074 3304 causa

496 3362 590 3398 vus
637 3345 852 3399 misisse
884 3343 1034 3407 dicit,
1091 3351 1150 3398 ut
1181 3343 1245 3397 de
1274 3343 1376 3398 boc
1405 3343 1645 3413 capitulo
1702 3343 1976 3413 simulque
2011 3344 2077 3396 de

499 3440 769 3507 reliquis,
821 3453 1049 3506 quorum
1110 3437 1160 3488 itt
1217 3437 1402 3505 priore
1455 3435 1814 3504 disputatione
1876 3435 2077 3488 mentio

496 3545 605 3583 non
640 3528 762 3594 fuit,
798 3543 940 3581 nune
989 3528 1342 3595 quaastimtem
1395 3527 1764 3580 instituamus.
1799 3524 1907 3593 Ego
1947 3540 2072 3578 vero

495 3621 898 3682 existimabam,
945 3617 1380 3686 quandomtidetn
1426 3626 1479 3670 et
1535 3617 1670 3672 duas
1731 3627 1952 3670 naturas
2007 3617 2076 3670 ob

495 3712 872 3766 confusionem
897 3709 1282 3764 cxcludendam
1317 3709 1567 3774 dicimus,
1605 3721 1658 3764 et
1699 3725 1888 3764 rursus
1911 3723 2074 3761 unam

495 3808 563 3859 ob
600 3806 834 3872 ipsarum
889 3800 1432 3870 inseparabilitatem,
1489 3800 1622 3854 nihil
1669 3800 1811 3854 ultra
1860 3815 1887 3852 a
1920 3800 2076 3854 nobis

493 3897 677 3964 exigi.-
733 3895 860 3947 dum
918 3893 1064 3947 enim
1117 3907 1280 3945 unam
1336 3891 1690 3956 afIirmamus,
1753 3891 2074 3946 divisionem

493 3989 872 4043 Nestorianatn
903 3986 1172 4038 vitamus:
1206 3986 1334 4036 dum
1381 3991 1560 4036 autem
1586 3982 1721 4036 duas
1752 3983 2073 4045 asserintus,

497 4081 565 4133 ab
601 4078 936 4149 Etttyt-hiana
967 4075 1284 4130 confusione
1314 4073 1655 4128 divertimus.
1684 4073 1740 4128 Si
1760 4089 1888 4144 ergo
1915 4075 2074 4143 quid-

493 4189 654 4240 quam
685 4179 943 4240 prmterea
991 4182 1017 4218 a
1047 4165 1204 4220 nobis
1226 4163 1530 4235 postulatis,
1561 4179 1669 4218 non
1687 4165 2071 4234 obsequemur.

491 4265 629 4319 Nam
693 4262 863 4316 sancti
920 4273 1136 4330 quoque
1187 4256 1374 4312 Patres
1439 4257 1598 4311 modo
1651 4257 1784 4311 duas
1847 4267 2072 4312 naturas

2188 2615 2280 2667 καὶ
2325 2608 2463 2683 ἦσαν
2502 2609 2947 2678 σκανδαλισμένοι
3003 2610 3138 2682 πρὸς
3187 2609 3276 2663 τὸν
3319 2610 3637 2666 Καθολικόν.
3665 2611 3768 2664 Διὰ

2185 2702 2344 2757 τοῦτο
2380 2701 2510 2770 γοῦν
2541 2701 2812 2769 διεγένετο
2843 2700 3012 2761 οὕτω,
3049 2701 3218 2754 θέλων
3249 2701 3449 2764 αὐτοὺς
3487 2702 3766 2770 πληροφο-

2189 2794 2351 2864 ρῆσαι
2377 2793 2459 2845 ὅτι
2505 2792 2604 2844 οὐκ
2635 2793 2775 2846 εἰσὶν
2807 2793 2983 2862 ἀληθῆ
3013 2791 3048 2846 ἃ.
3075 2793 3376 2862 ἀκηκόασιν
3397 2809 3410 2823 ·
3443 2791 3558 2846 ἀλλ’
3579 2796 3764 2863 ἡμεῖς,

2185 2887 2276 2940 τὸν
2305 2885 2506 2938 σκοπὸν
2534 2884 2700 2938 αὑτοῦ
2731 2885 3076 2952 ἀγνοοῦντες,
3109 2885 3352 2953 σφοδρῶς
3378 2885 3766 2954 ἀντελέγομενο

2109 3008 2152 3067 C
2186 2979 2220 3049 ἡ
2248 2978 2303 3031 δὲ
2330 2976 2464 3048 πρὸς
2488 2978 2635 3047 ἡμᾶς
2660 2976 2824 3030 αὑτοῦ
2851 2975 3082 3041 διάλεξις
3124 2972 3191 3047 ἦν
3216 2975 3377 3044 α’ύτη.

2263 3069 2320 3124 '0
2352 3069 2761 3123 ΚΛΘΟΛΙΚΟΣ.
2812 3069 3102 3137 Ἀναγνοὺς
3148 3069 3246 3130 τὰς
3287 3068 3436 3132 θείας
3470 3067 3765 3133 συλλαϐὰς,

2179 3165 2352 3233 ἔγνων
2382 3164 2464 3216 ὅτι
2522 3164 2551 3216 6
2584 3162 2858 3226 θειότατος
2909 3161 3168 3233 βασιλεὺς
3229 3163 3469 3217 αἰτιᾶται
3502 3163 3649 3234 ἡμᾶς
3684 3163 3764 3226 t'u;

2179 3257 2444 3326 λέγοντας
2499 3256 2632 3325 μίαν
2696 3256 2860 3325 φύσιν
2892 3257 2984 3310 τὸν
3015 3257 3247 3327 Χριστόν
3269 3275 3282 3288 ο
3320 3257 3416 3310 καὶ
3442 3257 3505 3328 δὴ
3545 3259 3639 3311 καὶ
3673 3258 3764 3311 διὰ

2177 3349 2336 3401 τοῦτο
2358 3349 2526 3418 ἡμᾶς,
2579 3347 2760 3418 φησὶν,
2821 3348 3182 3411 ἀπέλταλκεν,
3235 3350 3308 3411 ὡς
3371 3349 3437 3402 ἂν
3495 3349 3589 3403 καὶ
3627 3353 3758 3418 περὶ

2177 3441 2271 3493 τοῦ
2314 3439 2609 3508 κεφαλαίου
2655 3439 2845 3493 τούτου
2905 3441 2998 3494 καὶ
3051 3441 3175 3510 περὶ
3248 3441 3357 3494 τῶν
3407 3441 3609 3494 λοιπῶν
3653 3435 3735 3494 ὧν

2181 3531 2374 3599 μνεέαν
2420 3531 2544 3584 τότε
2613 3531 2674 3584 ού
2710 3532 3084 3603 πεποιήμεθα,
3143 3533 3497 3605 ποιησώμεθα
3536 3533 3630 3587 νῦν
3661 3536 3768 3604 τὴν

2178 3619 2440 3686 διάλεξιν.
2479 3619 2624 3688 Ἐγὼ
2657 3621 2757 3690 μὲν
2783 3621 2965 3692 ᾣμην,
2990 3623 3114 3695 ἐπεὶ
3142 3624 3235 3676 καὶ
3263 3619 3356 3676 δύο
3386 3623 3579 3693 φύσεις
3627 3625 3761 3694 ὁμο-

2177 3711 2447 3783 λογοῦμεν
2500 3713 2591 3766 διὰ
2639 3713 2700 3766 τὸ
2743 3713 3053 3784 ἁσύγχυτον
3093 3713 3202 3768 τῶν
3233 3715 3469 3785 φύσεων,
3503 3717 3596 3769 καὶ
3629 3717 3767 3787 μίαν

2177 3803 2348 3856 διὰτὸ
2373 3804 2680 3875 ἀδιαίρετον
2720 3804 2882 3858 πάλιν
2913 3805 3114 3869 αὐτῶν,
3167 3807 3334 3877 μηδὲν
3375 3807 3538 3860 πλέον
3591 3807 3761 3860 ἀπαι-

2179 3891 2390 3943 τεῖσθαι
2417 3893 2602 3962 ἡμᾶς’
2645 3895 2706 3946 ἐν
2755 3895 2864 3965 γὰρ
2924 3894 3002 3964 τῷ
3040 3895 3222 3962 λέγειν
3275 3897 3405 3965 μίαν
3446 3897 3627 3965 φύσιν,
3657 3901 3764 3965 τὴν

2181 3981 2442 4050 διαίρεσιν
2468 3982 2813 4054 ἐκφεύγομεν
2862 3984 2954 4036 τοῦ
2988 3984 3285 4054 Νεστορίου
3311 4000 3326 4013 ·
3385 3987 3441 4038 ἐν
3471 3986 3525 4036 δὲ
3569 3985 3644 4056 τῷ
3673 3986 3764 4038 λέ·-

2183 4088 2300 4138 γειν
2339 4072 2433 4125 δύο
2465 4073 2678 4140 φύσεις,
2709 4073 2802 4126 τοῦ
2832 4074 3104 4143 Εύτυχοῦς
3133 4075 3230 4145 τὴν
3254 4075 3516 4145 σύγχυσιν
3546 4093 3757 4146 super.-

2177 4164 2457 4234 κλίνομεν.
2516 4166 2579 4218 Εἰ
2631 4161 2726 4220 οὖν
2753 4167 2910 4232 ὑμεῖς
2951 4167 3114 4220 πλέον
3159 4167 3351 4220 τούτου
3388 4169 3622 4237 ζητεῖτε,
3657 4168 3758 4238 οὐχ

2178 4249 2423 4320 ἑψόμεθα
2479 4251 2629 4322 ὑμῖν.
2676 4253 2786 4305 Καὶ
2818 4252 2925 4322 γὰρ
2968 4253 3017 4304 οί
3059 4251 3195 4304 θεῖοι
3231 4253 3471 4322 Πατέρες
3497 4253 3628 4305 ποτὲ
3653 4253 3763 4322 μὲν

494 4353 695 4408 Christi
751 4353 956 4413 dicunt,
1008 4349 1164 4404 modo
1197 4362 1401 4410 unam;
1451 4361 1794 4414 nequaquam
1825 4346 1928 4399 sibi
1983 4347 2066 4400 vel

2181 4339 2271 4392 δύο
2309 4341 2499 4408 φύσεις
2530 4340 2778 4410 λέγονται
2811 4341 2901 4394 τὸν
2929 4341 3185 4412 Χριστὸν,
3217 4341 3348 4394 ποτὲ
3381 4342 3438 4395 δὲ
3471 4343 3623 4412 μίαν,
3653 4343 3756 4396 οὐκ

495 4448 726 4500 invicem
774 4451 1157 4512 repugnantes,
1206 4439 1302 4492 sed
1346 4439 1471 4508 quia
1526 4449 1775 4492 neutrum
1824 4436 2070 4500 effatmn,

495 4538 542 4590 si
580 4547 726 4588 recte
772 4533 1121 4602 intelligatur,
1161 4530 1228 4582 ab
1258 4527 1581 4582 orthodoxia
1618 4529 1844 4582 recelit.
1915 4526 1961 4594 Q
1985 4529 2070 4582 :od

494 4631 537 4680 si
592 4627 731 4680 forte
787 4623 1003 4692 aliquis,
1059 4621 1168 4674 Deo
1225 4620 1438 4689 sibique
1497 4619 1689 4685 bustis,
1754 4629 2069 4674 sanctorum

495 4719 716 4772 Patrum
776 4727 1058 4770 sermones
1101 4709 1236 4766 falsa
1264 4710 1713 4780 interpretatione
1769 4711 2067 4774 convellit;

495 4820 642 4865 certe
689 4823 787 4862 nos
825 4823 886 4860 ea
933 4820 1052 4874 quae
1093 4813 1236 4857 recte
1269 4804 1468 4870 seripta
1509 4809 1562 4854 et
1599 4800 1868 4854 intellecta
1922 4810 2072 4865 sunt,

495 4915 771 4970 nunquam
824 4895 1286 4965 improbabimns:
1341 4906 1462 4944 nam
1491 4889 1536 4944 si
1575 4891 1642 4942 ita
1676 4890 1879 4942 animis
1920 4903 2070 4943 com-

493 4994 668 5065 parati
695 5004 960 5052 essemus,
991 4985 1286 5058 permultas
1325 4998 1540 5054 quoque
1578 4981 1748 5035 sancti
1781 4981 2068 5050 Evangelii

493 5097 544 5140 et
587 5093 905 5137 casterorum
969 5075 1449 5145 bagiographomm
1497 5073 1757 5125 librorum
1807 5072 2073 5126 dictiones

493 5175 891 5226 vellicaremtts.
930 5167 1066 5219 Ecce
1095 5166 1238 5218 enim
1280 5162 1527 5231 sacrilegi
1570 5161 1808 5214 latrones
1840 5161 2066 5226 litterm,

495 5283 557 5319 ex
591 5264 817 5332 s‘ngulis
865 5273 1030 5327 prope
1069 5265 1380 5309 sant-tarum
1418 5251 1821 5320 Scripturarttat
1873 5253 2070 5306 dietio-

494 5359 652 5407 nibus
691 5352 938 5404 lntnesim
969 5350 1199 5416 aliquant
1232 5352 1655 5415 progenucrunt.

563 5446 1032 5504 'I'IIEORHVUS.
1084 5445 1140 5497 lu
1192 5443 1472 5510 superiore
1541 5455 1756 5509 quoque
1815 5439 2062 5507 disputa-

497 5545 644 5595 tione
689 5542 992 5608 optavimus
1026 5556 1053 5590 a
1087 5551 1280 5606 magna
1319 5533 1608 5588 sanctitate
1678 5541 1766 5585 tua
1821 5531 2062 5592 edet-eri,

495 5633 742 5697 quiut-am
773 5627 994 5680 Patrum
1028 5637 1343 5680 sanctorum
1375 5633 1429 5677 et
1461 5622 1681 5676 ubinattt
1717 5611 2064 5674 unam'tlbri-

2180 4433 2584 4502 ἐναντιούμενοι
2610 4435 2824 4496 ἑαυτοῖς
2873 4435 2970 4487 καὶ
3013 4434 3286 4505 ἀλλήλοις,
3321 4435 3440 4491 ἀλλ’
3465 4439 3546 4490 ὅτι
3579 4437 3760 4504 ἀμφό-

2174 4539 2328 4592 τερα,
2363 4523 2603 4587 εὐσεϐῶς
2636 4523 2926 4595 νοούμενα,
2957 4525 3058 4578 ούκ
3093 4527 3422 4579 ἐκπίπτουσι
3467 4530 3566 4598 τῆς
3595 4528 3757 4598 6900-

2171 4613 2372 4679 δοξίας.
2407 4617 2466 4668 Et
2505 4614 2562 4668 δέ
2590 4632 2672 4678 τις
2718 4616 2908 4686 ἐχθρὸς
2940 4617 3032 4670 τοῦ
3064 4617 3198 4670 Θεοῦ
3260 4621 3353 4670 καὶ
3383 4613 3577 4672 ἑαυτοῦ
3625 4621 3756 4681 τοὺς

2175 4704 2364 4771 λόγους
2398 4704 2508 4762 τῶν
2531 4705 2689 4758 θείων
2721 4707 2977 4775 Πατέρων
3003 4710 3435 4780 παρερμηνεύει,
3464 4711 3626 4780 ἡμεῖς
3653 4711 3756 4765 οὐκ

2172 4796 2649 4868 ἀποδοκιμάσομεν
2706 4799 2772 4851 τὰ
2796 4799 2980 4863 καλῶς
3027 4801 3310 4870 γραφέντα
3338 4803 3434 4855 καὶ
3469 4803 3750 4872 νοηθέντα·

2173 4889 2221 4938 εἰ
2255 4888 2362 4956 γὰρ
2416 4887 2575 4940 τοῦτο
2607 4889 2828 4959 ποιῆσαι
2869 4890 3193 4960 θελήσομεν,
3232 4892 3332 4954 τὰς
3377 4895 3626 4958 πλείονας
3656 4894 3752 4946 τοῦ

2172 4997 2229 5032 τε
2293 4977 2446 5045 ἁγίου
2481 4979 2817 5049 Εὐαγγελίου
2883 4983 2976 5033 καὶ
3021 4983 3129 5036 τῶν
3159 4981 3362 5035 λοιπῶν
3399 4984 3754 5054 ἀγιογράφων

2171 5073 2371 5125 δέλτων
2406 5072 2580 5140 λέξεις
2613 5074 3069 5144 ὰπορῤαπίσομεν
3095 5091 3110 5105 ·
3143 5074 3329 5143 σχεδὸν
3349 5075 3459 5144 γάρ
3482 5077 3546 5128 ἐκ
3570 5078 3752 5145 πάσης

2171 5165 2368 5230 λέξεως
2407 5166 2515 5219 τῶν
2547 5166 2719 5233 ἁγίων
2765 5166 2998 5237 Γραφῶν
3055 5167 3268 5237 αἵρεσιν
3293 5167 3672 5236 ἀπεγέννησαν
3699 5171 3750 5222 οἱ

2171 5259 2262 5311 τοῦ
2287 5259 2610 5329 γράμματος
2644 5259 2931 5327 ἱερόσυλοι.

2254 5439 2311 5490 Ὀ
2346 5437 2751 5490 ΘΕΩΡΙΛΝυΣ.
2782 5437 2892 5490 Καὶ
2924 5438 2981 5488 ἐν
3008 5433 3073 5508 τῇ
3102 5437 3342 5507 προτέρᾳ.
3359 5437 3590 5504 διαλέξει
3622 5437 3751 5506 ἠθε-

2170 5529 2345 5599 λήσεις)
2357 5544 2414 5579 εν
2435 5526 2564 5580 άναδ
2590 5525 2854 5594 δαχθῆναι
2876 5527 3025 5595 παρὰ
3047 5527 3144 5596 τῆς
3172 5529 3414 5598 μεγάλης
3439 5527 3750 5594 ἁγιωσύνης

2175 5639 2290 5684 σου,
2346 5619 2426 5682 τίς
2479 5618 2588 5670 τῶν
2637 5617 2810 5684 ἁγίων
2853 5620 2946 5669 καὶ
2989 5618 3090 5670 7:05
3128 5620 3257 5688 μίαν
3301 5621 3462 5687 φύσιν
3515 5615 3634 5671 εἷπε
3659 5623 3751 5671 τὴν

566 5829 679 5897 (Π)
729 5825 804 5880 ita
830 5841 887 5879 se
919 5836 1164 5879 acturum
1199 5825 1251 5878 in
1278 5822 1456 5878 futura
1493 5823 1698 5893 synodo
1745 5821 2065 5890 promiserat
2111 5819 2303 5873 Ncrscs
2349 5820 2543 5888 ςίῑςῖιιιι.
2577 5819 2734 5888 prim.
2764 5820 2860 5870 sub
2892 5821 3070 5873 finem.
