4096 6404
444 311 551 377 ἓίῖὶ

1868 300 2303 361 TllEORlANI

3593 302 3704 367 2M

442 445 601 483 carne
636 428 864 496 passo’;
909 440 1013 478 non
1061 431 1243 477 autem
1295 421 1348 475 in
1388 418 1676 476 ineﬂ’abilis
1718 415 2021 472 divinitatis

2145 432 2151 463 .-
2160 431 2273 485 ρος,
2293 415 2551 484 Χριστοῦ
2567 415 2681 479 οὖν,
2707 415 2861 486 φησι,
2883 415 3179 480 παθόντος
3197 415 3349 484 ὑπὲρ
3366 417 3536 488 ἡμῶν
3562 438 3711 490 σαρ-

444 532 657 574 natura.
697 538 715 570 ι
754 516 948 571 Videu’
974 525 1032 569 ut
1063 514 1205 570 haud
1241 522 1432 568 natura
1464 510 1764 565 divinitatis
1798 523 2016 578 passum

2145 510 2535 582 maeotia-3111?;
2561 510 2721 582 φύσει
2744 513 2844 582 τῆς
2871 512 3111 582 ἁρῤήτου
3136 510 3417 583 θεότητος.
3436 514 3603 586 Ὀρᾷς
3624 518 3709 573 ὃτι

442 615 518 668 ait
564 610 874 676 Christum,
910 608 1005 665 sed
1048 620 1247 670 carne,
1282 606 1335 659 id
1381 612 1466 659 est
1510 603 1748 658 humana
1791 600 2021 656 natura?

2145 600 2185 652 ιύ
2210 602 2277 671 τῇ
2321 600 2484 669 φύσει
2508 602 2604 669 τῆς
2629 600 2887 672 θεότητος
2907 601 3109 670 φάσκει
3126 601 3218 655 τὸν
3240 603 3476 672 Χριστὸν
3501 623 3713 661 πεπον-

446 707 674 772 Insuper
710 705 765 758 in
803 709 1039 757 tractatu
1078 699 1153 753 De
1186 699 1450 753 Trinitate
1484 698 1561 751 ait
1592 713 1605 749 :
1647 714 1667 747 ι
1715 695 1918 765 Duplex
1954 694 2021 747 de

444 790 624 852 Verbo
666 794 921 865 loquendi
968 807 1140 865 genus
1180 790 1618 861 sapientissimus
1660 788 1880 844 Paulus.
1916 787 2024 838 into

445 901 501 942 et
555 888 852 943 universus
899 894 1211 941 sanctorum
1257 890 1466 947 cretus,
1514 888 1817 952 agnoscunt
1862 887 2025 947 atque

446 988 733 1049 usurpant,
772 990 1060 1049 postquam
1111 975 1245 1031 unio
1289 986 1415 1028 cum
1468 987 1635 1027 carne
1677 970 1814 1025 facta
1861 979 1961 1024 est.
2001 987 2020 1020 ι

446 1072 641 1129 Vidcn‘
677 1080 737 1127 ut
780 1070 980 1141 duplex
1027 1068 1161 1124 dicit
1204 1066 1459 1137 loquendi
1507 1080 1701 1137 genus,
1738 1075 2025 1133 postquam

448 1170 606 1222 carni
642 1165 878 1220 Verbum
917 1163 1231 1233 copulatum
1262 1160 1382 1215 est?
1411 1158 1696 1226 Quomodo
1726 1173 1854 1227 ergo
1888 1156 2027 1209 idem

445 1254 611 1314 Pater
649 1273 872 1313 carnem
914 1272 977 1312 ac
1026 1255 1366 1309 divinitatem
1407 1260 1656 1308 censeret
1696 1264 1819 1305 csse
1866 1263 2029 1302 unam

448 1360 726 1417 naturam,
774 1349 865 1419 qui
916 1349 1055 1403 duas
1106 1344 1396 1402 manifeste
1461 1353 1685 1399 naturas
1734 1339 2032 1413 pra'diCal?

446 1438 660 1498 Rursus
708 1444 763 1496 in
809 1456 907 1496 sua
938 1440 1004 1495 ad
1052 1438 1277 1494 Joannis
1327 1437 1615 1508 epistolam
1670 1434 2032 1505 responsione

447 1531 552 1586 sibi
594 1533 785 1585 ducem
835 1527 1089 1600 proponit
1130 1543 1379 1597 magnum
1420 1526 1796 1589 Athanasium,
1831 1525 1911 1579 sic
1947 1524 2033 1578 di-

446 1638 578 1678 cens
608 1640 623 1677 :
668 1642 687 1675 ι
724 1621 877 1689 Quod
911 1630 1092 1674 autem
1124 1628 1439 1674 sanctorum
1472 1617 1693 1672 Patrum
1731 1616 2034 1672 sententias

2124 690 2299 752 θέναι,
2329 690 2466 745 ἀλλὰ
2505 693 2570 761 τῇ
2603 692 2788 762 σαρκὶ,
2820 690 2990 762 ῆγουν
3027 694 3091 763 τῇ
3137 692 3458 767 ἀνθρωπίνῃ
3509 696 3709 764 φύσεις

2138 782 2297 835 Ἀλλὰ
2326 782 2420 834 καὶ
2449 784 2507 835 ὲν
2530 781 2607 851 τῷ
2631 781 2766 849 περὶ
2808 780 3054 851 Τριάδος
3088 782 3233 853 λόγῳ
3261 783 3397 855 φησί
3418 800 3435 815 ’
3476 803 3495 835 ι
3523 787 3715 842 Διττδν

2127 882 2217 932 τδν
2258 874 2344 949 Et?”
2368 880 2486 949 Υἱῷ
2542 880 2702 949 λόγον
2739 882 2767 935 6
2798 880 3111 950 σοφώτατος
3147 881 3383 949 Παῦλος,
3421 883 3621 955 μᾶλλον
3653 884 3741 937 es.

2131 972 2239 1035 πᾶς
2267 972 2296 1022 ό
2328 972 2438 1025 τῶν
2496 973 2671 1040 ἁγίων
2705 974 2888 1043 χορὸς,
2933 972 3212 1043 ἑγνώκασί
3245 993 3305 1029 τε
3342 976 3438 1029 καὶ
3465 978 3715 1047 εῑσκτιμί-

2130 1063 2287 1126 ζουσι
2338 1063 2479 1133 μετὰ
2521 1062 2585 1117 τὸ
2614 1061 2888 1134 ἑνωθῆναι
2919 1064 3108 1135 σαρκί.
3142 1083 3164 1117 ι
3216 1066 3384 1138 Ὀρᾷς
3421 1067 3504 1121 ὂτί
3534 1068 3714 1121 διττὸν

2130 1156 2280 1224 λέγει
2308 1158 2400 1209 τὸν
2422 1156 2595 1224 Λόγον
2630 1158 2772 1228 μετὰ
2808 1158 2867 1211 τὸ
2894 1157 3167 1229 ἑνωθῆναι
3210 1158 3407 1229 σαρκί·
3464 1159 3581 1222 πῶς
3613 1150 3712 1213 οὖν

2132 1246 2291 1317 ἤθελε
2325 1246 2678 1315 δογματίζειν
2717 1249 2745 1301 6
2775 1247 2937 1311 αὐτὸς
2967 1248 3066 1318 τὴν
3114 1248 3297 1319 σάρκα
3326 1249 3419 1302 καὶ
3445 1248 3544 1319 τὴν
3586 1248 3712 1302 θεό-

2131 1356 2270 1409 τητα
2310 1340 2440 1409 μίαν
2506 1338 2692 1406 φύσιν,
2749 1338 2844 1392 δύο
2896 1339 3087 1407 φύσεις
3140 1339 3430 1409 κηρύττων
3474 1342 3717 1408 ἀναφαν-

2132 1429 2261 1496 δόν;
2319 1426 2452 1486 Εἶτα
2509 1432 2567 1483 ὲν
2620 1432 2686 1501 τῇ
2737 1428 2904 1484 αὐτοῦ
2962 1430 3099 1501 πρὸς
3168 1430 3428 1500 Ἰωάννην
3491 1431 3716 1483 ἐπιστο-

2133 1522 2233 1593 λῆς
2295 1522 2494 1593 πράξει
2554 1521 2734 1593 ἐαυτῷ
2780 1522 3153 1591 ἐπιγράφεται
3212 1523 3305 1575 τὸν
3338 1524 3517 1593 μέγαν
3549 1522 3714 1575 Ἀθα-

2132 1615 2342 1673 νάσιον,
2398 1607 2542 1667 οὕτω
2583 1614 2759 1682 λέγων
2788 1628 2803 1642 ⁸
2843 1634 2861 1665 ι
2907 1613 3031 1668 Ὅτι
3091 1614 3148 1666 δὲ
3201 1615 3324 1677 ταῖς
3382 1614 3494 1667 τῶν
3536 1615 3710 1685 ἁγίων

448 1716 652 1783 ubique
697 1728 1009 1784 sequamur,
1047 1712 1346 1781 praesertim
1397 1724 1522 1765 vero
1569 1710 1710 1765 beati
1752 1715 1805 1762 et
1847 1707 2031 1777 inclyti

2145 1709 2397 1779 [ιατὲρων
2450 1707 2632 1773 δόξαις
2687 1707 2936 1778 ἑπόμεθα
3005 1706 3311 1778 πανταχοῦ,
3373 1708 3609 1777 μάλιστα
3659 1707 3719 1762 δὲ

446 1803 627 1858 Patris
668 1802 844 1858 nostri
881 1801 1193 1866 Athanasii,
1224 1814 1619 1869 caveamusque
1643 1812 1715 1854 ne
1743 1798 1829 1855 vel
1867 1800 2031 1853 mini-

2145 1799 2227 1853 τοῦ
2258 1799 2536 1870 μακαρίου
2567 1799 2662 1853 καὶ
2689 1802 3052 1870 πανευφήμου
3084 1800 3302 1870 Πατρδς
3352 1800 3516 1870 ἡμῶν
3554 1799 3720 1854 Ἀθα-

449 1909 597 1948 mum
647 1892 866 1962 quidem
913 1892 983 1947 ab
1029 1892 1096 1946 iis
1146 1891 1497 1953 recedamus,
1533 1891 1585 1946 id
1639 1898 1729 1945 tua
1773 1891 2035 1946 sanctitas

2145 1892 2348 1955 νασίου,
2375 1891 2437 1943 τὸ
2473 1891 2616 1944 κατὰ
2645 1890 2698 1943 τί
2727 1891 2859 1959 γοῦν
2889 1891 3027 1953 ὅλως
3077 1890 3345 1962 φέρεσθαι
3378 1891 3484 1957 ἔξω
3514 1908 3723 1962 παραι-

447 1986 552 2040 sbi
604 1984 965 2056 persuadeat,
1002 1999 1182 2053 neque
1232 1984 1371 2038 alius
1421 1984 1692 2054 quispiam
1741 1982 1972 2040 dubitet.
2010 2000 2029 2034 ι

2145 1984 2412 2055 τούμενοι,
2447 1981 2728 2037 πεπείσθω
2760 1985 2793 2051 ἡ
2820 1982 2887 2053 σὴ
2916 1983 3157 2053 ὁσιότης,
3188 1981 3512 2046 ἑνδοιαζέτω
3537 1984 3594 2037 δὲ
3610 1983 3724 2036 τῶν

450 2076 755 2131 Audiamus
797 2076 964 2146 igitur
997 2075 1125 2145 quid
1174 2076 1278 2130 bac
1321 2090 1486 2144 super
1521 2090 1585 2129 re
1624 2075 1770 2130 dicat
1805 2089 2037 2144 magnus

2145 2077 2311 2132 Ξλλων
2353 2076 2566 2147 μηδείς.
2593 2095 2610 2127 ι
2647 2074 2986 2146 ’Λκούσομεν
3012 2074 3306 2145 τοιγαροῦν
3327 2076 3379 2129 τί
3405 2092 3541 2145 φησι
3590 2077 3722 2145 περὶ

449 2168 801 2231 Athanasius,
839 2168 994 2236 cujus
1039 2175 1333 2222 tractatum
1381 2177 1607 2224 sanctus
1654 2166 1889 2239 Cyrillus
1937 2182 2035 2236 ap-

450 2258 636 2327 pellat.
674 2257 898 2313 Scilicet
928 2258 993 2311 ad
1031 2257 1338 2328 Epictetum
1374 2258 1785 2313 Corinthiorum
1820 2260 2035 2327 episco-

452 2365 578 2415 pum
611 2351 686 2405 ita
719 2349 912 2405 scribit
944 2362 959 2403 :
1003 2369 1021 2401 ι
1059 2349 1192 2415 Quis
1225 2351 1342 2405 hac
1374 2365 1610 2420 unquam
1647 2349 1882 2404 audivit?
1915 2351 2039 2417 quis

450 2441 779 2508 docuit,ch
817 2442 937 2510 quis
987 2441 1204 2497 didicit?
1252 2442 1325 2497 De
1373 2443 1502 2497 Sion
1550 2443 1687 2497 enim
1736 2444 1901 2497 exibit
1945 2442 2039 2496 ονε

454 2532 558 2598 ια,
586 2542 636 2588 et
678 2532 900 2588 Verbum
940 2533 1152 2589 Domini
1185 2535 1250 2589 de
1280 2533 1585 2590 Jerusalem
1605 2534 1669 2587 ὀ.
1704 2533 1826 2589 llaec
1862 2546 2038 2589 autem

452 2624 600 2676 unde
644 2623 1001 2692 prodierunt?
1041 2624 1165 2693 quis
1210 2626 1481 2679 cruciavit
1518 2639 1775 2686 avernus,
1808 2624 2039 2678 consub-

454 2708 710 2764 stantiale
738 2709 920 2765 dicere
949 2725 1152 2781 corpus
1178 2714 1242 2767 de
1278 2709 1449 2766 Maria
1486 2722 1674 2767 natum
1705 2712 1870 2767 Verbi
1900 2713 2041 2767 divi-

456 2800 663 2855 nitati?
705 2818 725 2853 ι
774 2799 937 2856 Certe
977 2804 1123 2858 enim
1169 2804 1331 2858 sicuti
1378 2803 1846 2860 consubstantiale
1890 2805 2040 2860 Pulti

459 2893 691 2947 Verbum
731 2893 987 2959 dicimus,
1020 2897 1145 2965 quia
1185 2911 1345 2951 unam
1390 2897 1745 2968 eamdemque
1789 2913 1910 2954 cum
1952 2900 2043 2954 illo

457 2997 716 3040 naturam
745 2986 980 3053 obtinet;
1014 2985 1093 3041 sic
1123 2987 1215 3057 qui
1248 2987 1324 3041 ait
1348 3002 1548 3057 corpus
1580 2988 1849 3045 divinitati
1883 2991 2037 3046 Verbi

2139 2170 2337 2224 τούτου
2372 2164 2469 2221 τοῦ
2502 2167 2800 2235 κεφαλαίου
2828 2168 2856 2220 6
2889 2167 3064 2236 μέγας
3107 2164 3448 2230 Ἀθανάσιος,
3486 2164 3547 2218 δν
3581 2167 3723 2235 πρᾶ-

2139 2262 2219 2328 ξιν
2252 2261 2626 2331 ὲπιγρέιςρεται
2652 2260 2680 2312 6
2703 2257 3159 2329 ἆγιοςΚύριλλος.
3189 2257 3424 2331 Γράφων
3456 2253 3551 2312 οὖν
3583 2258 3729 2326 πρ³ς

2151 2357 2511 2425 Ἐπίκτητον.
2549 2354 2853 2407 ἐπίσκοπον
2940 2352 3246 2423 Κορινθίων
3304 2352 3454 2420 λέγει
3496 2367 3510 2381 ·
3576 2371 3594 2404 ι
3626 2352 3725 2414 Τίς

2139 2452 2345 2520 ἤκουσε
2371 2448 2546 2501 ταῦτα
2587 2445 2848 2511 mbae-ce;
2880 2445 2966 2508 τίς
3022 2448 3050 2500 6
3104 2444 3328 2509 διδάξας
3387 2444 3420 2515 ἦ
3487 2442 3724 2514 μαθὼνς

2152 2541 2254 2593 Ἐκ
2285 2538 2403 2608 μὲν
2445 2536 2555 2605 γὰρ
2583 2536 2736 2590 Σιὼν
2763 2534 3151 2599 ἐξελεύσεται
3184 2536 3370 2604 νόμος
3427 2533 3598 2598 Θεοῦ,
3624 2532 3726 2586 καί

2140 2634 2331 2700 Λόγος
2383 2630 2604 2699 Κυρίου
2631 2627 2701 2691 ἐξ
2739 2626 3155 2697 ἰερουσωιήμ
3188 2625 3375 2679 Ταῦτα
3438 2625 3497 2679 δὲ
3557 2625 3728 2678 πόθεν

2141 2726 2333 2797 ἐξῆλθε
2364 2743 2379 2791 ς
2420 2727 2573 2789 ποῖος
2615 2725 2751 2797 ᾅδης
2785 2721 3079 2793 ἡρεύξατο,
3116 2721 3407 2787 όμοούσιον
3462 2722 3640 2774 εἰπεῖν
3664 2719 3729 2773 τὸ

2143 2820 2208 2872 ὲκ
2260 2817 2478 2887 Μαρίας
2542 2816 2701 2887 σῶμα
2730 2817 2795 2887 τῇ
2826 2813 2922 2867 τοῦ
2946 2814 3122 2881 Λόγου
3145 2813 3366 2883 θεότητι
3400 2830 3415 2879 ;
3455 2831 3473 2865 ι
3511 2812 3730 2881 Ὠσπερ

2142 2912 2252 2982 γὰρ
2277 2911 2515 2982 λέγομεν
2554 2908 2848 2977 όμοούσιον
2877 2907 2957 2978 τῷ
3010 2906 3213 2978 ιῐατρὶ,
3240 2905 3377 2959 διότι
3417 2906 3551 2975 μιᾶς
3606 2906 3728 2957 ἐστι

2143 3005 2240 3059 καὶ
2270 3003 2372 3074 τῆς
2412 3001 2584 3074 αὐτῆς
2620 3000 2770 3071 αὺτῷ
2834 2998 3074 3069 φύσεως,
3139 2996 3283 3052 οὕτω
3339 2996 3435 3051 καὶ
3474 2998 3503 3049 6
3552 2995 3737 3063 λέγων

458 3079 948 3146 rottsubstautiale,
980 3095 1146 3135 unam
1177 3076 1532 3152 eamdemque
1562 3092 1806 3137 naturam
1834 3098 2033 3153 corpus

2150 3098 2311 3168 σῶμα
2341 3094 2634 3166 όμοούσιον
2672 3096 2741 3163 τῇ
2767 3091 2986 3161 θεότητι
3031 3089 3126 3144 τοῦ
3183 3090 3388 3158 Λόγου,
3449 3090 3578 3158 μιᾶς
3633 3087 3732 3140 καὶ

457 3184 523 3224 ac
550 3171 891 3227 divinitatem
924 3186 1047 3227 esse
1076 3171 1298 3230 fatetur.
1327 3174 1541 3230 Idcirco
1569 3175 1821 3233 Christus
1851 3193 2038 3233 serva-

457 3268 547 3315 tor
581 3271 771 3318 noster
816 3261 1103 3319 haereticos
1146 3262 1438 3333 appellavit
1478 3273 1663 3333 portas
1702 3264 1862 3321 inferi
1910 3282 1925 3320 :
1973 3263 2042 3318 Et

456 3363 625 3420 parm
646 3352 826 3422 inieri,
846 3353 1047 3424 inquit,
1069 3371 1171 3409 non
1194 3353 1546 3425 praevalebunt
1567 3355 1817 3411 adversus
1838 3371 1956 3412 eam
1976 3360 2042 3422 ",

466 3447 519 3500 id
560 3456 646 3501 cst
680 3446 979 3502 Ecclesium
1019 3463 1034 3500 :
1072 3449 1201 3513 quia
1239 3447 1491 3503 videlicet
1525 3465 1620 3517 per
1654 3449 1900 3505 haeresim
1944 3465 2044 3505 ceu

461 3554 559 3607 per
588 3547 805 3608 portam
844 3539 897 3592 in
932 3538 1162 3602 inferos,
1195 3540 1245 3594 id
1280 3550 1365 3594 est
1395 3545 1447 3595 In
1482 3541 1862 3610 perditionem,
1891 3542 2043 3596 multi

461 3634 764 3688 introeunt.
818 3633 1047 3702 Magnus
1097 3647 1229 3688 vero
1280 3635 1619 3689 Athanasius
1669 3635 1810 3689 haud
1860 3646 2047 3703 portas

461 3724 656 3793 inferi,
690 3726 784 3782 sed
814 3724 1064 3781 absolute
1097 3724 1302 3779 inferos
1336 3726 1585 3781 haeresim
1618 3727 1855 3795 appellat
1888 3743 1903 3781 :
1938 3714 2047 3782 ἰηιὸ

465 3818 605 3874 mihi
633 3819 869 3885 videtur,
896 3817 941 3873 si
976 3818 1109 3886 quid
1141 3815 1333 3872 inferis
1359 3817 1518 3887 pejus
1546 3832 1775 3889 magnus
1799 3818 2047 3873 Athana-

466 3912 618 3975 sius,
648 3918 742 3964 aut
775 3925 888 3964 rem
926 3917 1020 3963 aut
1056 3923 1251 3963 nomen
1285 3909 1565 3972 scivisset,
1598 3909 1688 3963 illa
1731 3911 1910 3979 potius
1949 3926 2048 3981 ap-

464 4001 761 4072 pellatione
794 4001 847 4055 in
883 4000 1043 4071 hujus
1071 4000 1356 4056 sententiae
1386 4000 1695 4056 hominibus
1730 4000 2051 4056 denotandis

464 4097 587 4151 fore
622 4109 873 4149 usurum.
908 4092 1015 4148 Sed
1050 4102 1105 4148 et
1139 4094 1347 4162 reliqua
1384 4092 1692 4158 videamus,
1722 4108 1844 4164 quae
1878 4096 2051 4164 pergit

464 4188 649 4257 loqui:
676 4206 695 4239 ι
715 4186 1047 4257 Caeteroqui,
1075 4202 1163 4250 ne,
1188 4187 1234 4240 si
1267 4186 1491 4241 omnino
1522 4186 1734 4250 sileam,
1765 4187 2051 4257 impuden-

467 4280 558 4334 tize
599 4280 946 4335 occasionem
997 4279 1263 4336 malarum
1300 4278 1374 4333 illi
1412 4294 1594 4333 rerum
1633 4279 1874 4336 artiﬁces
1908 4281 2051 4335 arri-

2144 3190 2242 3258 τῆς
2271 3186 2443 3256 αὐτῆς
2466 3184 2685 3256 φύσεως
2703 3183 2765 3236 τὸ
2797 3182 2957 3250 σῶμα
2984 3180 3079 3233 καὶ
3107 3178 3206 3251 τὴν
3241 3178 3475 3251 θεότητα
3533 3175 3735 3247 ὁμολο·

2145 3278 2251 3349 γεί.
2290 3277 2391 3331 Διὰ
2419 3276 2580 3331 τοῦτο
2608 3275 2637 3328 6
2677 3274 2777 3346 μὲν
2803 3271 3042 3345 Χριστὸς
3071 3271 3168 3327 καὶ
3196 3269 3389 3340 Σωτὴρ
3417 3266 3577 3341 ήμῶν
3601 3265 3733 3329 τοὺς

2146 3371 2460 3441 αἱρετικοὺς
2494 3366 2672 3430 πύλας
2723 3360 2853 3438 ᾅδου
2906 3364 3095 3418 καλεῖο
3157 3361 3264 3417 Καὶ
3323 3361 3511 3415 πύλαι
3554 3358 3730 3427 ᾅδου.

2149 3467 2336 3534 φησιν,
2378 3464 2452 3517 οὑ
2480 3461 2975 3528 κατισχύσουσιν
2995 3454 3208 3523 αὐτῆς,
3241 3455 3342 3523 τῆς
3386 3452 3733 3521 Ἐκκλησίας

2147 3552 2431 3624 δηλονότι·
2463 3551 2547 3605 ὅτι
2596 3547 2667 3603 δι’
2697 3546 2880 3602 αὐτῶν
2910 3545 2989 3610 ὡς
3015 3545 3105 3600 διὰ
3123 3544 3310 3598 πυλῶν
3334 3544 3414 3606 είς
3445 3542 3582 3614 ᾅδην
3607 3542 3733 3612 ἦτοι

2148 3646 2251 3715 τὴν
2278 3642 2558 3698 ἀπώλειαν
2617 3641 2959 3711 είσέρχονται
3020 3637 3231 3692 πολλοί.
3300 3634 3360 3688 '0
3415 3635 3472 3687 δὲ
3556 3634 3736 3703 μέγας

2162 3738 2482 3799 Ἀθανάσιος
2510 3734 2570 3788 οὐ
2616 3734 2793 3796 πύλας
2846 3731 3137 3804 ᾇδου,ὰλλ’
3194 3731 3522 3802 αὐτόχρημα
3597 3726 3736 3799 ᾅδην

2149 3829 2458 3899 ὀνομάζει*
2516 3826 2611 3882 καί
2660 3842 2750 3896 μοι
2774 3826 2945 3889 δοκεῖ,
3008 3826 3056 3878 εἰ
3100 3823 3403 3892 ἐγίνωσκεν
3463 3824 3491 3875 6
3559 3821 3734 3891 μέγας

2162 3923 2484 3986 Ἀθανάσιος
2518 3924 2700 3993 χεῖρον
2731 3919 2859 3991 ᾅδου
2894 3918 2926 3989 ἢ
2963 3918 3202 3988 πρᾶγμα
3252 3916 3285 3987 ἢ
3326 3916 3520 3985 όνομα.
3553 3914 3734 3967 ἐκεῖνο

2150 4015 2217 4069 ἂν
2251 4014 2506 4083 ὠνόμασε
2537 4012 2663 4072 τοὺς
2686 4010 2915 4064 τοιαῦτα
2978 4008 3337 4079 φρονοῦντας.
3414 4005 3557 4059 Ἀλλ’
3608 4004 3733 4059 ῐδωο

2156 4126 2254 4176 μεν
2285 4105 2381 4160 καὶ⁵
2404 4106 2471 4159 τὰ
2502 4104 2629 4175 ἑξῆς
2670 4103 2722 4156 τί
2740 4120 2873 4173 φησι
2916 4099 3277 4173 παρακατιὼν
3305 4115 3320 4132 ⁸
3361 4116 3381 4151 ι
3420 4100 3540 4154 Ἵνα
3567 4098 3625 4152 δὲ
3657 4098 3735 4168 μὴ

2153 4201 2217 4252 ἐκ
2242 4198 2345 4268 τῆς
2368 4197 2586 4259 τελείας
2612 4195 2827 4266 σιωπῆς
2857 4194 3137 4265 πρόφασιν
3154 4192 3546 4263 ἀναισχυντίας
3601 4193 3729 4245 ἑαυ-

2151 4294 2262 4353 τοῖς
2286 4291 2337 4343 oi
2364 4289 2473 4342 τῶν
2489 4289 2677 4342 κακῶν
2706 4288 2911 4358 ὲφευρε
2924 4289 3008 4341 ταί
3031 4286 3391 4357 πορίσωνται,
3452 4284 3618 4339 καλὸν
3669 4284 3737 4337 ἐκ

465 4373 651 4442 piant,
670 4388 701 4428 e
732 4389 792 4429 re
817 4374 982 4428 hterit
1008 4389 1075 4428 ex
1101 4372 1302 4428 divinis
1329 4372 1625 4442 Scripturis
1650 4388 1818 4442 pauca
1848 4387 2042 4429 memo-

2156 4384 2266 4436 τῶν
2294 4383 2455 4435 θείων
2490 4380 2723 4453 ι’ραςςῶν
2753 4379 2910 4447 ὀλίγα
2956 4377 3334 4451 μνημονεῦσαι
3368 4393 3384 4411 ’
3448 4379 3588 4447 τάχα
3629 4375 3737 4430 κᾶν

468 4480 597 4519 rare
631 4482 645 4517 :
683 4464 763 4519 sic
792 4466 936 4519 enim
973 4464 1207 4520 fortasse
1241 4466 1447 4535 pudore
1478 4463 1654 4520 affecti
1702 4467 2042 4537 turpissimus

2155 4474 2329 4538 οὕτως
2362 4474 2705 4537 αἰδεσθέντες
2738 4471 3058 4526 παύσωνται
3130 4471 3238 4527 ἀπὸ
3279 4470 3390 4524 τῶν
3468 4466 3737 4542 ῥυπαρῶν

469 4553 761 4623 opiniones
789 4554 1135 4624 excogitandi
1167 4554 1324 4610 [luem
1360 4556 1580 4612 facient.
1611 4555 1756 4613 Heus
1788 4573 1903 4623 vos,
1930 4561 2053 4627 qui-

469 4648 702 4704 busnam
742 4649 1009 4703 rationum
1052 4649 1341 4704 momentis
1384 4650 1600 4717 impulsi
1641 4666 1839 4720 corpus
1871 4653 2054 4708 dicitis

470 4741 942 4796 consubstantiale
973 4740 1135 4796 Verbi
1167 4741 1477 4796 divinitati?
1508 4741 1669 4814 (llinc
1702 4746 1846 4799 enim
1884 4748 2049 4801 ordiri

471 4849 649 4903 opera:
682 4836 917 4905 pretium
949 4835 1042 4898 sit,
1076 4842 1136 4889 ut
1167 4829 1334 4905 quum
1370 4835 1490 4903 ejus
1524 4838 1805 4891 sententia-
1836 4836 2053 4893 {inditas

473 4928 650 4997 palam
688 4926 877 4992 fuerit,
908 4936 963 4981 et
998 4926 1204 4996 reliqua
1237 4927 1420 4981 omnia
1456 4930 1697 4996 ejusdem
1735 4944 1855 4984 esse
1893 4933 2049 4998 pretii

471 5018 828 5088 conspicuum
869 5019 985 5088 sit.)
1030 5017 1086 5073 lu
1132 5019 1333 5075 divinis
1375 5032 1523 5074 certe
1573 5020 1869 5090 Scripturis
1916 5025 2050 5079 nihil

471 5124 699 5184 apparet
739 5113 1049 5183 hujusmodi
1097 5130 1111 5168 :
1161 5128 1284 5168 nam
1327 5113 1458 5184 ipsa:
1501 5112 1668 5167 Deum
1714 5115 1766 5168 in
1811 5118 2051 5173 humano

473 5204 646 5261 fuisse
697 5220 925 5275 corpore
969 5203 1259 5259 aliirmant.
1304 5205 1440 5259 Item
1493 5204 1680 5259 l‘atres
1723 5207 1813 5276 qui
1859 5207 2052 5265 Nicma:

473 5305 867 5359 convenerunt,
897 5311 1000 5351 non
1031 5310 1231 5366 corpus
1257 5298 1351 5351 sed
1384 5297 1559 5366 ipsum
1589 5296 1783 5354 Filium
1813 5303 2053 5357 consuh-

472 5389 775 5444 stantialem
802 5388 949 5445 Patri
982 5390 1235 5445 dixerunt
1266 5407 1278 5443 :
1311 5400 1362 5443 et
1393 5384 1536 5445 hunc
1568 5391 1783 5460 quidem
1819 5409 1883 5447 ex
1920 5397 2051 5449 sub-

472 5482 670 5534 stantia
715 5481 915 5547 Patris,
944 5496 1142 5551 corpus
1164 5492 1365 5536 'autcm
1406 5498 1471 5537 ex
1512 5482 1678 5537 Maria
1725 5499 1865 5549 esse,
1894 5487 2052 5541 Scri«
2100 5477 2104 5479 Α

475 5573 648 5639 pturis
689 5570 943 5640 ducibus,
971 5572 1206 5629 confessi
1251 5582 1396 5628 sunt.
1438 5571 1530 5628 Vel
1571 5574 1735 5643 igitur
1771 5574 2048 5632 Nicmuam

550 5747 615 5809 ’l
647 5753 788 5809 Petr.
819 5769 894 5824 tv,
924 5759 974 5812 l.
1053 5760 1095 5792 ³ο
1118 5760 1224 5814 lsa.
1252 5775 1310 5827 ll,
1335 5760 1389 5815 3.
1469 5761 1505 5792 “
1533 5760 1721 5815 Matth.
1756 5776 1862 5827 xvt,
1894 5759 1978 5815 l8.

2150 4565 2361 4620 τούτων
2397 4565 2619 4619 ἐννοιῶν
2651 4582 2665 4597 ·
2692 4565 2859 4618 πόθεν
2880 4558 3090 4635 ὕμῖν,ὧ
3128 4556 3298 4628 οὗτοι,
3316 4563 3378 4617 τὸ
3403 4564 3579 4616 εἰπεῖν
3605 4562 3737 4631 ὀμο-

2151 4662 2334 4712 ούσιον
2360 4655 2500 4711 εἶναι
2532 4657 2593 4710 τὸ
2656 4657 2819 4727 σῶμα
2865 4659 2932 4727 τῇ
2965 4656 3059 4711 τοῦ
3090 4658 3264 4725 Λόγου
3300 4655 3520 4726 θεότητι
3551 4672 3565 4717 ;
3603 4652 3738 4706 Ἀπὸ

2149 4751 2263 4818 γὰρ
2287 4749 2480 4801 τούτου
2510 4747 2674 4801 καλὸν
2694 4746 2986 4819 ἄρξασθαι,
3043 4747 3131 4799 ἵνα
3175 4745 3372 4800 τούτου
3430 4743 3739 4813 δειχθέντος

2153 4842 2378 4912 σαθροῦ,
2417 4842 2511 4895 καὶ
2532 4842 2709 4894 πάντα
2733 4841 2803 4893 τὰ
2833 4839 2967 4894 ἄλλα
2988 4838 3217 4893 τοιαῦτα
3249 4838 3404 4909 δοκῇ.
3477 4835 3612 4890 Ἀπὸ
3639 4834 3743 4903 μιν

2154 4930 2250 4987 οὖν
2267 4934 2376 4987 τῶν
2405 4933 2567 4987 θείων
2584 4933 2817 5002 Γραφῶν
2845 4933 2945 4985 οὐκ
2968 4931 3120 4985 ἔστιν
3173 4931 3358 4999 εὑρεῖν
3377 4945 3393 4960 ο
3443 4926 3576 4982 Θεὸν
3628 4924 3740 4994 γὰρ

2164 5029 2223 5080 ὲν
2258 5027 2586 5098 ἀνθρωπίνῳ
2632 5026 2844 5093 σώματι
2908 5025 3131 5092 λέγουσι
3192 5023 3495 5091 γεγονέναι.
3576 5023 3741 5076 Ἀλλὰ

2159 5119 2268 5188 γὰρ
2295 5118 2389 5170 καὶ
2416 5119 2464 5169 οἱ
2493 5116 2739 5186 Πατέρες
2769 5118 2817 5168 οἱ
2846 5118 2903 5168 ἐν
2929 5116 3137 5185 Νικαέᾳ
3186 5113 3557 5177 συνελθόντες,
3589 5114 3650 5166 οὐ
3679 5115 3741 5167 τὸ

2162 5207 2346 5277 σῶμα,
2379 5206 2495 5260 ἀλλ’
2525 5207 2689 5259 αὐτὸν
2722 5206 2812 5259 τὸν
2842 5204 2970 5258 Υἱὸν
2997 5205 3139 5275 lcod.
3165 5201 3422 5274 Κύριον.]
3454 5203 3743 5273 ὀμοούσιον

2159 5301 2417 5372 εὲρήκασι
2448 5299 2524 5369 τῷ
2548 5299 2743 5369 Πατρὶ,
2770 5299 2867 5352 καὶ
2898 5298 3090 5351 τοῦτον
3119 5297 3254 5367 (md.
3303 5293 3506 5368 τοῦτο]
3543 5295 3647 5364 μὲν
3676 5293 3744 5349 ἐκ

2157 5393 2257 5462 τῆς
2279 5392 2468 5455 οὐσίας
2499 5391 2591 5445 τοῦ
2627 5391 2865 5462 ΙΙατρὸς,
2891 5391 2956 5443 τὸ
2978 5390 3034 5444 δὲ
3085 5390 3244 5459 σῶμα
3276 5390 3341 5442 ὲκ
3398 5387 3497 5458 τῆς
3528 5385 3745 5456 Μαρίας

2157 5486 2520 5556 ὡμολόγησαν
2546 5478 2686 5537 εἶναι
2711 5485 2853 5538 κατὰ
2882 5484 2982 5547 τὰς
3005 5486 3159 5547 θείας
3193 5484 3441 5554 Γραφάς.
3505 5481 3575 5534 ’Ἡ
3628 5478 3748 5531 τοί-

2157 5597 2252 5631 νυν
2277 5577 2589 5650 ἁρνήσασθε
2625 5577 2722 5648 τὴν
2752 5578 2810 5633 ἐν
2846 5578 2894 5632 Ν
2902 5576 3054 5648 ικαία
3087 5577 3328 5643 σύνοδον,
3358 5575 3452 5629 καὶ
3489 5572 3565 5637 ὡς
3593 5577 3748 5643 αἱρε-
