4096 6486
379 325 482 388 Ξί5

1745 330 2209 393 DlSPUTATlO
2250 330 2332 391 II.

3549 333 3662 400 316

378 443 517 495 τικοὶ
547 444 962 514 παρειαφέρετε
991 443 1162 497 ταῦτα
1192 464 1205 477 ο
1233 444 1287 515 ἢ,
1323 446 1370 498 εί
1400 445 1655 514 βούλεσοε
1679 449 1843 501 τέκνα
1867 449 1968 501 τῶν

2080 445 2347 518 synodum
2415 442 2730 514 repudiate,
2789 450 2839 497 ct
2906 450 3161 513 tauquam
3233 444 3473 500 hatretit-i
3542 448 3657 504 ha-c

378 534 643 602 Πατέρων
709 530 878 599 εἶναι,
929 535 1006 605 μὴ
1061 539 1311 606 φρονεῖτε
1400 539 1530 608 παρ’
1586 540 1769 593 ἐκεῖνα
1828 540 1972 612 ειπερ

378 628 626 697 ιγραψιν
654 626 839 681 αὐτοί.
878 646 897 678 ι
946 628 1195 691 ’Λκούεις
1223 628 1277 682 τί
1325 629 1454 699 ὑμῖν
1511 630 1662 699 λέγει
1718 634 1746 685 6
1801 633 1973 702 μέγας

390 718 715 782 Ἀθανάσιος
746 735 760 750 ·
800 719 922 773 ἀλλ’
960 720 1165 788 ἴδωμεν
1196 719 1291 773 καὶ
1315 722 1382 775 τὰ
1410 720 1539 792 ἑξῆς
1571 739 1585 753 ·
1620 742 1639 775 ι
1680 724 1741 777 ΕΞ
1774 725 1971 794 όμοοῦ-

378 828 520 874 σιος,
541 810 733 881 φησὶν,
757 812 787 864 6
813 810 989 879 Λόγος
1022 810 1100 881 τῷ
1128 812 1307 883 Πατρὶ
1341 815 1486 869 κατὰ
1516 814 1614 885 τὴν
1644 815 1752 868 τῶν
1803 817 1976 870 Πατέ-

384 922 495 974 ρων
515 904 833 972 ὁμολογίαν,
862 904 1157 974 όμοούσιος
1188 904 1343 959 ἔσται
1380 909 1476 961 καὶ
1523 909 1686 972 αὐτὸς
1724 909 1753 961 6
1783 910 1970 982 Πατὴρ

379 987 462 1064 τῷ
494 994 710 1064 σώματι
741 995 819 1066 τῷ
841 998 907 1050 ἐκ
931 997 1038 1066 γῆς
1076 997 1382 1067 γενομένῳ.
1424 1000 1533 1053 Kal
1568 1001 1620 1053 τί
1649 1000 1730 1053 ἔτι
1755 1002 1970 1071 μέμφε-

386 1087 480 1141 σθε
536 1092 651 1147 τοῖς
698 1088 1015 1158 ’Δρειανοίς
1092 1090 1313 1160 λέγουσι
1388 1091 1480 1146 τὸν
1544 1092 1673 1145 Υἰὸν
1740 1092 1968 1163 κτίσμα,

380 1178 638 1246 λέγοντες
668 1182 825 1235 aitet
861 1183 956 1236 καὶ
982 1183 1074 1237 τὸν
1091 1184 1310 1255 Πατέρα
1347 1184 1635 1254 όμοούσιον
1694 1186 1808 1248 τοῖς
1848 1184 1965 1237 κτίυ

382 1287 580 1339 σματι,
613 1272 711 1324 καὶ
739 1274 816 1335 εἰς
844 1271 1043 1344 ἑτέραν
1102 1274 1358 1328 ἁσέδειαν
1412 1276 1808 1347 μετερχόμενοι
1867 1276 1971 1344 φά-

382 1375 607 1423 δκοντες
629 1364 711 1426 εἰς
745 1365 947 1431 σάρκα,
972 1367 1069 1419 καὶ
1100 1367 1281 1433 ὀστέα,
1317 1366 1412 1420 καὶ
1442 1369 1627 1439 τρίχα,
1660 1370 1757 1423 καὶ
1778 1366 1968 1439 νεῦρα,

379 1456 480 1506 καὶ
503 1456 626 1507 ὅλον
653 1456 817 1524 σῶμα
843 1457 1288 1527 μεταϐεϐλῆσθαι
1319 1466 1410 1511 τὸν
1432 1459 1618 1529 λόγον,
1678 1460 1774 1514 καὶ
1801 1460 1971 1530 ἠλλά-

375 1545 632 1613 χθαιτῆς
657 1545 797 1608 ἰδίας
822 1548 1064 1616 φύσεως.
1104 1548 1245 1617 Ὥρα
1283 1547 1427 1621 [εοά.
1463 1549 1595 1622 ἄρα]
1647 1550 1761 1622 γὰρ
1823 1553 1971 1623 ὑμᾶς

373 1639 556 1690 sinsi":
581 1640 845 1712 φανερῶς
872 1642 938 1693 ἐκ
972 1642 1074 1711 γῆς
1107 1642 1269 1694 αὐτὸν
1305 1642 1684 1713 γεγενῆσθαι*
1747 1647 1814 1699 ἐκ
1865 1646 1969 1716 γῆς

371 1730 484 1797 γὰρ
515 1731 548 1798 ἡ
581 1732 695 1784 τῶν
724 1732 934 1785 ὀστέων
965 1735 1061 1787 καὶ
1096 1734 1219 1787 ὅλου
1253 1734 1348 1787 τοῦ
1376 1734 1631 1803 σώματος
1655 1736 1838 1803 φύσις.
1871 1738 1968 1801 Τίς

371 1822 464 1874 οὖν
486 1826 518 1889 ἡ
542 1825 785 1895 τοσαύτη
818 1843 891 1879 πα
901 1827 1238 1896 ραφροςύνη.
1265 1828 1353 1882 ἵνα
1381 1830 1477 1882 καί⁹
1494 1829 1629 1900 πρὸς
1644 1830 1844 1893 αὐτοὺς
1861 1829 1974 1884 δια·

377 1916 671 1985 primariis;
709 1917 1032 1999 Ὀμοούσιον
1049 1918 1156 1990 γὰρ
1185 1918 1439 1987 λέγοντες
1460 1920 1551 1974 τὸν
1581 1921 1756 1990 Λόγον
1772 1922 1852 1995 τῷ
1870 1924 1979 1978 σώ-

380 2024 533 2075 ματι,
565 2006 761 2077 ἕτερον
791 2006 927 2078 πρὸς
955 2008 1142 2080 ἕτερον
1161 2011 1461 2081 σημαίνετε
1488 2028 1501 2041 '
1521 2012 1582 2065 τὸ
1604 2012 1662 2066 δὲ
1688 2014 1767 2078 είς
1795 2014 1975 2084 σάρκα

387 2102 858 2173 μεταϐεϐλῆσθαι.
896 2102 1066 2156 αὐτοῦ
1107 2104 1201 2158 τοῦ
1230 2106 1410 2174 Λόγου
1438 2107 1651 2180 τροπὴν
1702 2112 1975 2179 φαντάζε-

392 2192 511 2245 σθε.
558 2192 668 2246 Kal
698 2194 779 2257 τίς
809 2195 1104 2250 ἔτιλοιπον
1126 2197 1380 2262 ἀνέξεται
1434 2199 1606 2253 ταῦτα
1648 2201 1744 2255 καὶ
1793 2201 1974 2271 μόνων

389 2282 785 2353 φθεγγομένων
812 2304 826 2351 ;
863 2286 1051 2355 Πάσης
1089 2288 1198 2357 γὰρ
1250 2290 1518 2360 αἱρέσεως
1544 2292 1708 2346 πλέον
1734 2296 1813 2358 εἷς
1841 2295 1972 2348 ἀσέ-

388 2378 550 2430 ϐειαν
580 2378 899 2443 ἐξεκλίνατε.
934 2380 996 2433 Εἰ
1021 2370 1131 2451 γῖρ
1156 2382 1446 2452 ὁμοούσιος
1474 2384 1504 2437 6
1553 2365 1726 2452 Λόγος
1759 2387 1834 2457 τῷ
1863 2388 1967 2441 σώ-

394 2484 559 2535 ματι,
596 2467 820 2538 περιττή
848 2469 947 2539 τῆς
979 2471 1201 2541 Μαρίας
1241 2475 1273 2538 ἡ
1323 2476 1512 2545 μνήμη
1561 2476 1654 2528 καὶ
1698 2479 1731 2548 ή
1787 2478 1969 2549 χρεία,

385 2559 696 2625 δυναμένου
717 2559 811 2613 τοῦ
842 2560 1099 2630 σώματος
1134 2559 1278 2616 εἶναι
1319 2566 1416 2617 καὶ
1475 2568 1580 2636 πρὸ
1611 2569 1838 2640 Μαρίας
1882 2573 1970 2624 ἀϊ-

380 2648 536 2711 δίως,
576 2648 773 2721 ὥσπερ
803 2649 900 2703 οὖν
921 2652 1041 2704 ἐστι
1065 2653 1160 2706 καὶ
1199 2654 1363 2718 αὐτὸς
1384 2656 1412 2708 ὁ
1443 2656 1635 2724 Λόγος,
1692 2660 1807 2728 εἴγε
1843 2660 1970 2715 καθ’

378 2740 531 2809 ὑμᾶς
560 2740 845 2808 ὀμοούσιός
876 2742 994 2796 ἑστι
1022 2743 1101 2813 τῷ
1135 2745 1349 2814 σώματι
1384 2763 1399 2777 ο
1428 2745 1513 2812 τίς
1544 2748 1601 2801 δὲ
1636 2750 1730 2805 καὶ
1753 2753 1786 2821 ἡ
1810 2753 1971 2823 χρεία

378 2830 483 2897 τῆς
506 2829 810 2901 ἐπιδημίας
841 2831 938 2884 τοῦ
973 2833 1173 2900 Λόγου,
1212 2835 1301 2890 ἵνα
1345 2837 1409 2890 τὸ
1446 2838 1644 2893 ἑαυτοῦ
1680 2842 1968 2911 όμοούσιον

375 2922 717 2992 ὲ·.δύσηται;
762 2942 781 2975 ι
813 2925 924 2977 Kal
959 2926 1098 2995 μετά
1126 2945 1246 2981 τινα
1283 2944 1298 2959 ·
1338 2946 1359 2981 ι
1394 2930 1499 2983 Τοῦ
1529 2931 1643 3003 γὰρ
1708 2934 1965 3005 σώματος

380 3016 458 3085 μὴ
486 3016 645 3079 ὄντος
674 3018 968 3087 όμοουσίου
1003 3022 1070 3089 τῇ
1095 3019 1336 3091 θεύτητι,
1366 3023 1484 3077 ἀλλ’
1518 3027 1581 3077 ὲκ
1625 3027 1846 3097 Μαρίας
1873 3046 1966 3082 τε-

376 3105 628 3174 χθέντος,
662 3106 761 3159 καὶ
784 3107 953 3159 αὑτοῦ
984 3108 1043 3161 δὲ
1071 3108 1164 3162 τοῦ
1197 3110 1373 3178 Λόγου
1405 3112 1482 3183 μὴ
1535 3115 1844 3184 τραπέντος
1879 3119 1961 3182 εἰς
1989 3137 2032 3196 c

377 3198 544 3252 ὀστέα
568 3199 666 3253 καὶ
695 3200 902 3271 σάρκα,
930 3200 1127 3255 ἀλλ’ἐν
1191 3204 1357 3273 σαρκὶ
1422 3208 1740 3276 γενομένου.
1783 3227 1802 3259 ι
1859 3212 1969 3265 Kal

380 3290 500 3360 μετ’
532 3290 694 3358 ὀλίγα
729 3304 747 3322 ο
789 3309 808 3342 ι
857 3290 1052 3344 Πολλοὶ
1084 3291 1395 3346 πλανῶνται
1422 3294 1481 3348 τὸ
1507 3294 1722 3366 ποίημα
1773 3300 1964 3367 συνεξ-

377 3378 634 3443 ιποῦντες
668 3378 751 3451 τῷ
808 3381 1040 3450 Ποιητῇ.
1075 3398 1095 3433 ι
1128 3381 1241 3435 Καὶ
1285 3381 1341 3435 τί
1371 3382 1455 3436 δεῖ
1497 3383 1678 3440 πάντα
1729 3404 1963 3459 καταρι-

374 3471 540 3540 θμεῖν
569 3471 667 3524 καὶ
696 3471 983 3542 προσκορῆ
1010 3475 1185 3527 ποιεῖν
1215 3472 1307 3527 τὸν
1330 3474 1486 3544 λόγον
1514 3492 1532 3543 ;
1565 3477 1702 3532 Ἀπὸ
1754 3480 1969 3536 πολλῶν

376 3560 838 3630 συγγραμμάτων
865 3559 961 3612 τοῦ
989 3560 1227 3631 μεγάλου
1247 3562 1575 3619 Ἀθανασίου
1602 3568 1777 3622 ἔνεστι
1808 3587 1969 3624 κατα·

381 3640 601 3721 μαθεῖν,
638 3652 723 3704 ὅτι
754 3650 851 3705 δύο
878 3651 1074 3720 φύσεις
1103 3656 1197 3706 καὶ
1221 3653 1462 3710 διδάσκει
1490 3659 1518 3711 6
1547 3659 1721 3728 μέγας
1741 3660 1968 3717 Ἀθανά-

379 3756 520 3802 σιος,
557 3740 655 3793 καὶ
710 3741 824 3802 τοῖς
861 3737 1001 3811 [c0d.
1037 3739 1179 3813 πῶς]
1221 3742 1353 3813 μίαν
1381 3744 1543 3811 φύσιν
1594 3746 1816 3816 λέγουσι
1871 3751 1966 3804 τοῦ

376 3831 643 3902 Χριττοῦ,
680 3832 927 3903 σφοδρῶς
962 3833 1212 3906 ἐπιτιμᾷ.
1233 3834 1291 3887 Ὀ
1330 3836 1422 3889 οὖν
1451 3837 1605 3906 ἇγιος
1626 3839 1910 3911 Κύριλλος,
1940 3846 1970 3897 6

378 3923 615 3978 ἔπεσθαι
640 3926 760 3988 ταῖ;
792 3925 967 3993 ἁγίων
997 3925 1181 3992 δόξαις
1212 3927 1307 3980 καὶ
1369 3928 1611 3998 μάλιστα
1656 3932 1752 3986 τοῦ
1784 3951 1966 4003 μακα-

380 4019 502 4090 ρίου
534 4016 863 4073 Ἀθανασίου
902 4018 1390 4092 διισχυριζόμενος,
1456 4024 1550 4077 καὶ
1595 4023 1657 4077 τὸ
1709 4027 1853 4080 κατά
1912 4045 1967 4081 τι

376 4108 488 4175 ἔξω
522 4107 783 4180 φῲεσθαι
812 4113 1271 4181 παραιτούμενος,
1302 4111 1490 4176 καθὼς
1553 4116 1814 4186 ἀνωτέρω
1872 4118 1963 4172 δε·-

373 4200 639 4270 δήλωται,
676 4203 795 4264 πῶς
825 4202 1041 4257 ἐναντία
1069 4203 1283 4260 τούτοις
1312 4203 1643 4275 ἐδογμάτισε
1669 4207 1814 4261 κατὰ
1853 4208 1953 4278 at;

375 4293 498 4351 ἀλλ’
538 4294 721 4362 ἄπαγε
750 4292 854 4363 τῆς
878 4294 1136 4366 τοιαύτης
1158 4294 1373 4359 ἑννοίας
1407 4312 1421 4327 ·
1479 4297 1559 4350 δεῖ
1611 4296 1708 4353 οὖν
1765 4317 1826 4354 σε
1870 4301 1969 4372 τὴν

374 4386 553 4439 οἱονεὶ
571 4385 878 4455 ἀμφίϐολον
901 4384 1047 4451 λέξιν
1080 4386 1175 4439 τοῦ
1202 4388 1481 4458 μακαρίου
1523 4390 1799 4462 Κυρίλλου
1831 4409 1971 4463 συμ-

372 4478 608 4531 ϐιϐάσαι
640 4478 779 4547 πρὸς
832 4477 924 4532 τὸν
945 4477 1106 4546 ὀρθὸν
1129 4479 1277 4545 νοῦν,
1301 4480 1394 4533 καὶ
1408 4481 1752 4554 ἑρμηνεῦσαι
1788 4484 1962 4557 αὐτὴν

375 4570 489 4624 ἀπό
512 4586 575 4623 τε
606 4568 716 4622 τῶν
741 4568 920 4623 ἄλλων
946 4566 1117 4638 ἁγίων
1133 4571 1387 4641 φανερῶς
1416 4572 1831 4642 ὁμολογούντων
1863 4575 1962 4640 τὰς

374 4664 475 4718 δύο
501 4662 696 4731 φύσεις
730 4661 825 4715 τοῦ
860 4662 1116 4733 Σωτῆρος
1141 4661 1303 4732 ἡμῶν
1352 4663 1534 4735 Ἰησοῦ
1583 4666 1856 4737 Χριστοῦ’
1886 4668 1963 4733 ὡς

372 4757 653 4812 δέδεικται
678 4757 737 4811 ἐν
768 4775 827 4811 τε
853 4760 921 4828 τῇ
954 4758 1200 4830 προτέρᾳ
1222 4757 1481 4826 διαλέξει,
1512 4761 1607 4813 καὶ
1662 4761 1759 4815 νῦν
1789 4763 1884 4815 καὶ
1902 4762 1963 4828 ἐξ

375 4851 565 4906 ἄλλων
586 4849 801 4905 πολλῶν
843 4850 1180 4921 πονημάτων
1203 4851 1372 4905 αὑτοῦ
1404 4851 1500 4905 τοῦ
1557 4853 1719 4922 ἁγίου
1765 4856 1965 4925 Rupil-

373 4945 495 5011 λου,
531 4944 609 5008 ὡς
644 4942 905 5007 πολλάκις
929 4942 1204 4997 λέλεκται.
1232 4943 1291 4995 Ei
1316 4942 1371 4996 δέ
1395 4961 1447 4997 τι
1470 4943 1772 5009 ὲνίστασαι,
1802 4948 1965 5016 ἡμεῖς

372 5040 460 5101 εἰς
476 5033 750 5100 διαλέξεις
776 5033 957 5088 ἐλθεῖν
997 5034 1131 5105 napi.
1160 5034 1385 5100 τούτου,
1414 5036 1580 5091 πλέον
1644 5041 1746 5090 οὐκ
1776 5038 1963 5109 ἀνεχό-

375 5127 546 5198 μεθα,
618 5126 758 5181 ἀλλὰ
809 5126 953 5180 κατὰ
999 5126 1101 5197 τὴν
1156 5127 1525 5198 ἀποστολικὴν
1583 5130 1964 5200 παραγγελίαν

374 5218 685 5286 ποιήσομεν
712 5215 813 5287 τὴν
840 5215 1131 5284 λέγουσαν,
1164 5216 1445 5287 αἱρετικὸν
1469 5218 1757 5290 ἄνθρωπον
1825 5221 1965 5291 μετὰ

375 5308 512 5377 μῖαν
539 5306 640 5361 καὶ
672 5305 934 5377 δευτέραν
955 5303 1245 5360 νουθεσίαν
1275 5307 1574 5378 παραιτοῦ.

447 5482 615 5539 ΚΛΘ.
661 5482 858 5555 Ἡμεῖς
886 5484 1155 5556 αἱρετικοὶ
1184 5487 1284 5539 οὐκ
1314 5487 1484 5558 ἐσμὲν
1534 5488 1651 5541 ἀλλ’
1689 5491 1963 5562 όρθόδοξοι

370 5573 614 5645 Χριστοῦ
641 5574 855 5645 χάριτι,
891 5575 967 5638 ὡς
991 5576 1146 5646 παρὰ
1182 5576 1279 5629 τοῦ
1317 5577 1478 5644 ἁγίου
1527 5578 1830 5652 Γρηγορίου
1866 5601 1937 5637 πε

368 5666 736 5738 φωτισμένοι,
769 5667 867 5719 καὶ
890 5668 987 5731 τὶς
1018 5668 1232 5723 ἐκείνου
1260 5669 1616 5736 διδασκαλίας
1653 5673 1749 5727 καὶ
1775 5691 1962 5745 παρα-

369 5758 540 5823 δόσεις
572 5758 921 5829 κατέχοντες.

2078 540 2328 609 dogmata
2377 536 2685 601 obtrudite;
2736 544 2827 588 aut
2873 536 2915 590 si
2962 537 3126 594 vult‘s
3172 537 3394 592 Patrum
3439 539 3656 594 illorum

2081 626 2176 682 lilii
2205 642 2343 690 esse,
2367 641 2434 682 ne
2459 627 2729 681 diversam
2756 625 2825 680 ab
2853 625 3063 680 illorum
3093 627 3305 697 scriptis
3332 631 3656 684 sententiam

2076 718 2487 774 consectemini.
2547 736 2566 771 ι
2623 716 2821 772 Audiu’
2866 720 2995 789 quid
3050 736 3276 791 magnus
3320 721 3657 778 Athanasius

2080 810 2313 865 dixerit?
2339 808 2443 866 Sed
2470 818 2523 863 et
2548 818 2741 863 caetera
2775 819 3076 863 attexamus
3107 828 3120 864 :
3156 829 3174 860 ι
3212 809 3267 865 Si
3300 812 3661 867 consubstan-

2081 902 2230 965 tialc,
2265 901 2461 970 inquit,
2498 899 2731 955 Verbum
2777 899 2925 955 Patri
2970 912 3074 965 εει,
3103 902 3260 970 juxta
3310 902 3657 959 Plit-amorum

2077 992 2498 1058 confessionem,
2532 992 2649 1064 ipse
2691 1008 2907 1064 quoque
2952 993 3110 1049 Pater
3147 996 3358 1064 corpori
3400 1010 3464 1050 ex
3514 1005 3657 1050 terra

2082 1082 2230 1140 facto
2274 1084 2755 1140 consubstantialis
2797 1084 2921 1139 erit.
2955 1083 3068 1139 Cur
3108 1098 3238 1151 ergo
3280 1085 3391 1153 jam
3431 1085 3661 1140 Ariauos

2078 1176 2415 1245 vituperatis,
2443 1178 2535 1246 qui
2569 1177 2763 1232 Filium
2796 1187 3100 1231 creaturam
3129 1177 3336 1242 dicunt,
3361 1194 3522 1245 quum
3555 1177 3658 1247 ipsi

2074 1268 2290 1323 Patrem
2328 1271 2489 1325 rebus
2525 1270 2729 1325 creatis
2772 1269 3293 1325 consubstantialem
3341 1268 3657 1333 amt-metis;

2073 1371 2130 1416 et
2188 1361 2252 1413 atl
2313 1360 2474 1415 aliam
2536 1360 2869 1429 impietatem
2929 1367 3274 1415 transeuntes
3324 1360 3549 1424 dicatis,
3603 1360 3656 1413 in

2079 1466 2325 1518 carnem,
2355 1467 2501 1515 ossa,
2539 1452 2789 1521 capillos.
2824 1467 3042 1513 nervos.
3073 1463 3127 1507 et
3158 1453 3210 1506 in
3250 1461 3421 1506 totum
3459 1466 3658 1520 corpus

2073 1544 2318 1599 Verbum
2357 1560 2480 1600 esse
2514 1559 2868 1612 conversum,
2902 1554 2953 1599 et
2985 1546 3261 1614 propriam
3297 1554 3660 1600 commutasse

2072 1637 2365 1690 naturam?
2397 1636 2655 1706 Superest
2684 1637 2826 1690 enim
2860 1647 2916 1690 ut
2940 1648 3129 1706 aperte
3158 1636 3358 1691 dicatis
3390 1636 3564 1705 ipsmu
3592 1652 3659 1689 ex

2074 1736 2222 1782 terra
2260 1728 2462 1782 factum
2497 1726 2668 1783 fuisse
2706 1749 2717 1783 :
2756 1744 2821 1782 ex
2860 1738 3001 1782 terra
3036 1727 3180 1782 enim
3215 1727 3419 1782 ossium
3460 1728 3659 1781 totius-

2079 1838 2185 1892 que
2218 1823 2465 1893 corporis
2501 1832 2696 1877 natura
2734 1832 2836 1878 est.
2862 1822 3121 1890 Qumnam
3162 1821 3329 1892 igitur
3360 1821 3474 1877 luce
3511 1829 3660 1875 tanta

2022 1921 2032 1928 '
2079 1914 2382 1979 deruentia,
2417 1926 2470 1969 ut
2517 1915 2795 1970 vobiscum
2848 1915 2953 1984 ipsi
3002 1914 3283 1986 pugnetis?
3330 1913 3463 1966 Dum
3511 1913 3657 1969 enim

2076 2003 2257 2061 dicitis
2297 2003 2534 2060 Verbum
2584 2006 2796 2077 corpori
2841 2021 2960 2062 esse
3003 2005 3485 2067 consubstantiale,
3520 2004 3657 2059 alte-

2078 2114 2198 2153 rum
2238 2112 2362 2152 cum
2401 2098 2571 2154 altero
2609 2098 2933 2169 signiﬁcatis
2973 2115 2988 2153 :
3026 2113 3148 2153 cum
3184 2114 3311 2153 vero
3344 2099 3397 2153 in
3434 2113 3656 2152 carnem

2077 2195 2343 2241 mutatum
2397 2203 2517 2244 esse
2568 2188 2880 2255 aﬂirmatis,
2917 2189 3020 2257 ipsi
3072 2189 3251 2245 Verbo
3299 2189 3654 2243 mutationem

2077 2276 2350 2345 aﬂingitis.
2391 2276 2595 2348 Ecquis
2628 2294 2725 2333 vos
2766 2280 2904 2333 ultra
2942 2278 3080 2335 ferat
3122 2281 3238 2335 hare
3275 2279 3355 2333 vel
3398 2287 3657 2333 oretentts

2075 2369 2516 2424 deblaterantes?
2561 2370 2821 2426 llmresim
2868 2373 3068 2442 quippe
3109 2387 3328 2426 onmem
3375 2371 3656 2439 impietate

2073 2460 2394 2528 superastis.
2433 2460 2489 2515 Si
2538 2462 2683 2516 enim
2735 2462 2973 2517 Verbum
3026 2469 3110 2514 est
3158 2459 3371 2530 corpori
3418 2458 3661 2514 consub-‘

2072 2551 2344 2613 stantiale,
2373 2551 2644 2618 superllua
2678 2550 2845 2606 fuerit
2876 2551 3061 2605 Marias
3095 2550 3298 2605 mentio
3329 2556 3383 2601 et
3409 2547 3658 2602 ministe-

2072 2643 2248 2710 rium,
2281 2658 2408 2698 cum
2458 2658 2659 2713 corpus
2711 2653 2835 2700 ante
2884 2643 3111 2699 Mariam
3162 2642 3231 2698 ab
3280 2652 3487 2697 azterno
3532 2652 3659 2694 esse

2069 2735 2272 2805 possit,
2321 2744 2381 2789 ut
2430 2746 2516 2791 est
2563 2738 2741 2807 ipsum
2799 2737 3072 2803 Verbum;
3126 2736 3172 2790 si
3224 2745 3403 2799 certe,
3452 2743 3511 2788 ut
3557 2748 3656 2787 vos

2070 2826 2278 2893 dicitis,
2309 2828 2777 2883 consubstantiale
2806 2829 3021 2898 corpori
3080 2836 3188 2884 est.
3216 2826 3453 2881 Curuam
3492 2825 3658 2894 igitur

2068 2934 2206 2988 opus
2247 2919 2350 2975 fuit
2381 2919 2615 2976 Verbum
2661 2921 2801 2976 cado
2841 2921 3193 2981 descendere,
3226 2927 3287 2972 ut
3332 2916 3466 2972 illud
3507 2917 3656 2985 quod

2068 3009 2171 3064 sibi
2203 3019 2324 3065 erat
2353 3010 2824 3067 consubstantiale
2852 3009 3138 3066 indueret?
3170 3029 3188 3061 ι
3219 3006 3540 3076 Rursusque
3572 3006 3657 3060 in-

2067 3101 2275 3157 l‘erius:
2311 3122 2330 3155 ι
2363 3102 2573 3159 Etenim
2611 3120 2808 3174 corpus
2840 3105 3111 3160 divinitati
3149 3118 3256 3159 nou
3294 3113 3379 3158 est
3411 3102 3655 3158 consul)-

2072 3194 2351 3260 stantiale,
2390 3196 2486 3251 sed
2546 3211 2611 3251 ex
2672 3196 2841 3252 Maria
2899 3200 3183 3269 genitum;
3234 3197 3412 3267 ipsnm
3470 3206 3655 3252 autem

2072 3283 2318 3341 Verbum
2357 3303 2703 3359 nequaquam
2739 3290 2793 3344 in
2828 3305 2954 3345 ossa
2986 3301 3039 3346 et
3072 3304 3291 3345 carnem
3328 3303 3653 3345 conversum

2071 3385 2177 3443 est,
2210 3379 2303 3433 sed
2340 3381 2394 3433 in
2430 3394 2597 3435 carne
2629 3381 2862 3435 exstitit.
2901 3399 2920 3433 ι
2963 3382 3024 3436 Ει
3061 3382 3222 3452 paulo
3255 3391 3408 3451 post:
3439 3399 3457 3432 ι
3502 3379 3651 3433 Multi
3690 3440 3713 3449 ἢ

2073 3479 2281 3533 errant,
2317 3470 2447 3525 dum
2492 3481 2799 3526 creaturam
2844 3481 3133 3543 exaequant
3172 3472 3447 3528 Creatori.
3480 3490 3500 3523 ι
3543 3470 3654 3526 Cur

2074 3576 2204 3616 vero
2238 3576 2376 3633 opus
2415 3571 2501 3618 est
2533 3563 2846 3620 testimonia
2882 3576 3079 3620 cuncta
3113 3580 3418 3631 recensere,
3446 3571 3500 3618 et
3534 3578 3654 3619 sero

2075 3668 2291 3708 monem
2325 3657 2391 3708 ad
2423 3655 2732 3712 satietatem
2762 3658 3117 3728 protrahere?
3144 3657 3394 3714 Profecto
3417 3672 3485 3713 ex
3512 3658 3656 3713 mul-

2075 3742 2145 3797 tis
2184 3745 2360 3814 magni
2394 3744 2681 3801 Athanasii
2716 3748 2936 3818 scriptis
2975 3763 3306 3820 cognoscere
3340 3749 3486 3813 licet,
3517 3750 3659 3803 duas

2073 3836 2248 3903 ipsum
2302 3849 2527 3894 naturas
2578 3842 2802 3904 docere,
2845 3852 2900 3897 et
2944 3857 3069 3908 eos,
3111 3844 3202 3913 qui
3248 3858 3411 3897 unam
3459 3843 3654 3897 dicunt

2067 3923 2271 3981 Christi
2326 3936 2613 3996 naturam,
2660 3932 3011 3987 vehementer
3052 3934 3365 4004 objurgare.
3417 3931 3659 3989 Sanctus

2070 4032 2199 4088 ergo
2237 4019 2496 4092 Cyrillus,
2526 4023 2619 4092 qui
2664 4033 2979 4079 sanctorum
3019 4025 3304 4080 sententiis
3345 4026 3652 4094 praecipue-

2070 4123 2175 4178 que
2206 4111 2349 4165 beati
2384 4111 2694 4179 Athanasii,
2725 4115 3213 4185 obtemperantlum
3245 4117 3400 4171 valde
3431 4132 3655 4174 asseve-

2072 4211 2177 4268 rat,
2213 4203 2282 4257 ab
2329 4203 2639 4275 iisdemque
2680 4205 2959 4263 declinare
2998 4215 3165 4275 vetat,
3196 4208 3355 4263 sicuti
3403 4211 3655 4278 superius

2071 4292 2506 4350 demonstratum
2536 4306 2642 4363 est,
2669 4313 2803 4353 num
2832 4298 2921 4354 his
2947 4300 3231 4355 contraria
3260 4315 3497 4370 unquam
3528 4315 3653 4357 sen-

2074 4386 2273 4442 sisset?
2292 4387 2476 4459 Apage
2501 4391 2662 4445 talem
2687 4392 3078 4460 suspicionem.
3100 4391 3333 4449 Necesse
3358 4407 3441 4450 est
3465 4397 3650 4465 igitur,

2070 4488 2123 4533 te
2154 4478 2292 4534 hanc
2320 4481 2628 4552 ambiguam
2660 4483 2828 4538 veluti
2859 4486 3003 4540 beati
3035 4485 3223 4558 Cyrilli
3259 4487 3548 4543 dictionem
3583 4489 3653 4541 ad

2075 4580 2286 4625 rectum
2315 4587 2533 4631 sensum
2562 4576 2833 4642 conferre,
2858 4592 3088 4649 eamque
3114 4581 3181 4635 ad
3212 4595 3458 4635 normam
3491 4590 3655 4637 caete-

2071 4678 2257 4718 rorum
2312 4675 2628 4721 sanctorum
2690 4668 3041 4740 interpretari
3094 4673 3186 4742 qui
3240 4674 3377 4730 duas
3426 4684 3653 4731 naturas

2072 4756 2366 4813 manifesto
2398 4758 2643 4816 fatentur
2673 4762 2985 4821 Servatoris
3019 4767 3192 4822 nostri
3226 4766 3352 4822 Jesu
3386 4766 3592 4823 Christi
3633 4782 3650 4822 :

2072 4862 2195 4918 qua:
2229 4863 2318 4904 res
2351 4858 2405 4904 et
2440 4852 2493 4906 in
2531 4855 2714 4923 priore
2748 4855 3043 4926 colloquio,
3070 4865 3126 4912 et
3164 4874 3307 4915 nunc
3345 4859 3564 4925 iterum,
3597 4868 3655 4914 et

2071 4939 2196 4996 aliis
2224 4941 2385 4997 etiam
2418 4946 2603 5000 multis
2628 4945 2872 5012 ejusdem
2900 4950 3074 5004 sancti
3101 4948 3288 5021 (lyrilli
3318 4951 3654 5006 lucubratio-

2071 5032 2231 5089 nibus
2266 5037 2443 5103 palam
2483 5038 2621 5095 facta
2655 5049 2760 5106 est,
2794 5052 2852 5097 ut
2883 5058 3028 5113 saepe
3057 5042 3170 5111 jam
3204 5043 3459 5099 diximus.
3490 5043 3649 5111 Quod

2072 5124 2120 5179 si
2157 5134 2209 5178 tu
2248 5128 2430 5183 adhuc
2467 5145 2758 5204 repugnas,
2786 5150 2889 5190 nos
2919 5134 3138 5206 quidem
3170 5135 3475 5206 disceptare
3506 5136 3652 5191 ulte-

2074 5217 2188 5273 rius
2215 5218 2316 5274 hac
2348 5235 2513 5290 super
2540 5240 2600 5279 re
2628 5240 2734 5280 non
2770 5227 3010 5295 patimur
3037 5245 3052 5282 :
3087 5228 3180 5282 sed
3207 5226 3515 5297 apostolico
3533 5240 3653 5280 mou

2073 5309 2190 5365 uito
2212 5311 2581 5384 obsequemur
2603 5318 2803 5373 dicenti
2828 5337 2842 5373 :
2870 5317 3196 5375 Haereticum
3224 5320 3495 5375 hominem
3527 5327 3654 5391 post

2078 5414 2240 5454 unam
2272 5413 2327 5457 et
2356 5405 2580 5460 alteram
2609 5408 3030 5465 admonitionem
3058 5410 3261 5465 devita.

2144 5491 2305 5550 GEN.
2340 5496 2452 5555 Nos
2500 5498 2643 5555 haud
2691 5516 2879 5558 sumus
2920 5502 3183 5569 haeretici,
3222 5503 3316 5558 sed
3361 5503 3653 5561 orthodoxi

2077 5599 2172 5656 per
2201 5587 2406 5644 Christi
2438 5591 2692 5659 gratiam,
2722 5603 2911 5664 utpote
2944 5609 2974 5648 a
3008 5603 3198 5649 sancto
3229 5592 3493 5666 Gregorio
3526 5599 3652 5653 illu-

2079 5677 2293 5745 minati,
2330 5677 2487 5751 cujus
2532 5683 2806 5740 doctrinas
2855 5686 3282 5759 traditionesque
3326 5690 3647 5747 retinemus.
