4096 6436
468 250 573 314 24⁸7

1901 255 2335 317 ΤΗΕΟΒΙΛΝῙ

3610 252 3727 315 2ίὸ

539 363 797 421 TllEOR.
834 363 893 419 Si
934 364 1256 420 traditiones
1284 365 1423 436 ejus,
1454 376 1511 422 ut
1543 366 1705 431 dicis,
1734 368 2034 423 custodire-

2208 368 2408 421 GEQP.
2462 369 2523 420 Εἰ
2553 368 2651 433 τὰς
2691 368 2904 423 ἐκείνου
2938 367 3290 439 παραδόσεις,
3324 367 3399 428 ὠς
3430 362 3558 437 φὴς,
3589 367 3723 434 ἐφυ-

469 453 570 515 tis,
616 467 954 524 nequaquam
999 453 1254 511 Patribus
1304 455 1761 512 adversaretnini.
1801 456 2037 515 Prorsus

464 544 609 599 enim
679 559 853 615 nuper
916 546 1115 602 audisti
1186 547 1457 616 prolatum
1526 563 1557 604 a
1626 549 1784 605 nobis
1852 550 2035 621 magni

465 637 750 692 Athanasii
785 638 1182 705 testimonium,
1209 639 1413 696 inferos
1444 653 1541 696 eos
1573 641 1912 712 appellantis,
1943 641 2036 713 qui

465 723 705 779 Verbum
750 732 809 781 et
842 740 1062 781 carnem
1098 727 1285 782 dicunt
1325 744 1487 783 unam
1528 741 1778 785 naturam
1823 748 1843 785 :
1879 748 2036 787 enm—

462 809 696 886 demque
724 816 942 873 Patrem
979 833 1107 873 mox
1137 820 1429 887 dicentem,
1455 822 1756 891 quamlibet
1782 825 2035 881 haeresim

462 906 746 976 impietate
788 922 885 964 vos
933 909 1295 980 superavisse.
1326 909 1514 983 Neque
1557 928 1688 970 vero
1736 924 1789 972 te
1839 917 2037 987 pudeat

460 999 716 1054 convinci
748 1013 778 1053 a
808 1000 986 1065 nobis,
1009 1016 1241 1071 quorum
1272 1005 1541 1059 mundana
1567 1004 1783 1060 fortuna
1814 1017 1867 1060 et
1893 1006 2039 1062 litte-

466 1098 656 1146 ratura
686 1092 833 1147 nulla
861 1102 967 1158 est,
993 1096 1085 1150 sed
1114 1095 1263 1151 illum
1295 1098 1469 1168 cogita
1494 1106 1669 1154 vatem
1698 1098 2034 1170 Balaamutn,

461 1185 555 1255 qui
585 1199 645 1241 se
670 1185 754 1241 vci
781 1184 850 1241 ab
880 1186 1031 1242 asina
1065 1188 1260 1260 corrigi
1295 1206 1490 1259 passus
1519 1200 1620 1247 est.

534 1363 629 1420 liis
653 1365 965 1438 disputatis,
990 1369 1063 1424 ait
1088 1368 1338 1427 Generali
1360 1371 1631 1430 Atmanus
1656 1391 1672 1430 :
1700 1373 1812 1446 Ego
1839 1390 2035 1431 arcana

459 1455 561 1511 fari
585 1458 799 1525 nescio;
826 1476 993 1515 unum
1019 1461 1123 1517 hoc
1148 1463 1287 1528 scio,
1309 1473 1362 1520 te
1387 1465 1698 1536 imperatori
1723 1468 2035 1538 scripsisse,

460 1558 516 1603 et
560 1550 747 1607 verbis
796 1553 958 1608 etiam
1012 1555 1405 1624 signiﬁcarim
1456 1573 1556 1629 per
1602 1558 1745 1616 hune
1793 1560 2036 1617 sodalem

2138 460 2383 529 λάττετε,
2413 459 2645 514 ἐναντίοι
2688 461 2800 523 τοῖς
2840 459 3121 531 Πατράσιν
3150 458 3251 511 οὑκ
3281 452 3348 510 ἅν
3398 452 3519 523 ἦτε.
3557 455 3727 525 Ἀκή-

2140 569 2272 616 κοας
2291 553 2510 617 πάντως
2539 552 2642 625 τὴν
2670 552 2900 624 ἔναγχος
2925 551 3229 624 παρ’ἠμῶν
3257 546 3726 620 παραδειχθεῑσαν

2139 646 2338 717 χρῆσιν
2376 645 2468 700 τοῦ
2498 645 2738 717 μεγάλου
2757 643 3111 710 Ἀθανασίου,
3145 644 3266 706 πῶς
3296 640 3435 715 ᾅδην
3464 642 3720 709 ὠνόμασε

2137 739 2263 802 τοὺς
2296 737 2554 807 λέγοντας
2582 738 2673 792 τδν
2695 737 2870 808 Λόγον
2893 738 2990 792 καὶ
3010 737 3112 806 τὴν
3145 735 3331 807 σάρκα
3355 733 3491 799 μίαν
3526 733 3722 802 φύσιν*

2140 830 2234 883 καὶ
2263 829 2378 893 πῶς
2412 847 2544 901 φησι
2580 828 2983 903 παρακατιώνο
3019 847 3037 879 ι
3071 828 3259 899 Πάσης
3297 827 3408 897 γὰρ
3457 824 3729 895 αἱρέσεως

2141 919 2304 974 πλέον
2333 920 2414 983 είς
2445 918 2705 974 ἀσέϐειαν
2727 917 3096 985 ἐξεκλίνατεδ
3125 918 3239 971 Καὶ
3296 915 3372 986 μὴ
3427 913 3731 983 αἰσχυνθῇς

2140 1011 2234 1082 ὑφ’
2290 1009 2479 1081 ἠμῶνῖ
2501 1010 2885 1082 ἐλεγχόμενος,
2950 1008 3228 1064 τῶνκατά
3324 1008 3419 1062 τόν
3486 1006 3599 1079 βίον
3630 1008 3728 1060 καὶ

2137 1103 2231 1156 τὸν
2260 1102 2422 1174 λόγον
2448 1102 2603 1156 ούδέν
2634 1102 2829 1169 όντων,
2856 1102 2976 1156 ἀλλ’
3004 1100 3351 1172 ἐνθυμήθητι
3376 1098 3473 1153 τὸν
3525 1098 3730 1169 μάντιν

2139 1196 2349 1251 ἐκεῖνον
2387 1196 2484 1249 τὸν
2521 1194 2753 1250 παλαιὸν
2784 1194 3040 1264 Βαλαὰμ,
3081 1192 3142 1258 ὃς
3175 1192 3272 1248 καὶ
3301 1192 3403 1262 τῆς
3453 1191 3578 1245 ὄνου
3631 1189 3729 1243 τόν

2138 1288 2361 1359 ἔλεγχον
2381 1287 2666 1351 ἀσπασίως
2698 1286 2943 1353 ἐδέξατο.

2209 1380 2429 1434 Τούτων
2463 1377 2607 1432 οὑτω
2628 1377 2928 1449 ῥηθέντων,
2960 1378 2990 1431 ό
3012 1376 3283 1448 Ἀτμάνος
3320 1392 3444 1430 ειπε
3474 1374 3613 1443 πρὸς
3631 1373 3727 1424 τὸν

2137 1467 2462 1525 Καθολικόν.
2475 1465 2621 1538 Ἐγὼ
2636 1468 2996 1538 κεκρυμμένα
3020 1467 3202 1536 λέγειν
3223 1468 3322 1521 οὑκ
3343 1460 3483 1519 οἷδαο
3502 1463 3560 1518 ἓν
3578 1459 3726 1529 οἶδα,

2136 1564 2220 1617 ὅτι
2241 1562 2490 1634 ἔγραψας
2508 1562 2644 1633 πρὸς
2661 1560 2754 1615 τὸν
2781 1559 3028 1632 βασιλέα,
3049 1561 3144 1615 καὶ
3160 1561 3426 1630 ἀγράφως
3441 1558 3466 1611 ἐ
3474 1557 3616 1628 μὴνυ
3625 1573 3726 1619 σας

466 1653 643 1693 meum
689 1640 1073 1711 philosophum
1121 1646 1216 1716 qui
1267 1661 1484 1703 mecum
1528 1648 1702 1705 adest.
1744 1647 2034 1721 Propterea

2140 1656 2278 1727 πρὸς
2304 1656 2468 1710 αὑτὸν
2502 1652 2591 1709 διά
2620 1655 2715 1710 τοῦ
2776 1654 3079 1724 συντρόφου
3137 1671 3241 1724 μου
3281 1652 3377 1706 τοῦ
3428 1650 3726 1722 φιλοσόφου

459 1743 561 1784 ceu
593 1730 661 1786 ad
690 1733 994 1789 confectum
1028 1737 1303 1806 negotium
1332 1739 1478 1804 veni,
1513 1754 1622 1795 non
1659 1740 1726 1797 ad
1758 1743 2036 1812 discepta-

464 1823 690 1879 tionem.
719 1824 872 1896 Rogo
902 1826 1085 1899 igitur,
1116 1844 1248 1884 num
1277 1843 1339 1885 ea
1371 1847 1494 1901 quae
1523 1832 1838 1902 imperatori
1869 1834 2040 1905 signi-

463 1914 664 1979 ﬁcasti,
696 1925 818 1971 rata
849 1919 1092 1974 habeas?
1123 1920 1207 1976 sin
1243 1921 1441 1987 minus,
1470 1932 1660 1994 aperte
1691 1923 1744 1979 id
1775 1924 1948 1993 dicas,
1980 1936 2039 1982 ut

461 2018 829 2071 revertamur.
865 2012 991 2070 Haec
1022 2015 1306 2074 audientes
1337 2019 1505 2073 verba
1541 2019 1617 2074 illi
1650 2020 1916 2093 episcopi,
1944 2024 2038 2094 qui

452 2102 567 2167 jam
599 2112 759 2158 antea
791 2104 982 2163 οπεηεί
1015 2116 1176 2164 erant
1199 2108 1477 2179 Generali,
1507 2113 1825 2170 tumultuari
1858 2130 2040 2187 empe-

455 2203 604 2260 runt,
642 2195 1006 2269 invicemque,
1043 2209 1100 2254 ut
1147 2203 1382 2271 proximi
1430 2215 1621 2273 erant,
1655 2206 1838 2264 dicere
1890 2228 1904 2264 :
1956 2209 2038 2267 En

455 2300 583 2340 vera
613 2302 809 2359 reapse
837 2299 965 2345 sunt
989 2306 1109 2359 quae
1140 2303 1298 2348 antea
1326 2294 1659 2354 audivimus.
1681 2297 1839 2354 Brevi
1873 2300 2038 2370 igitur

454 2377 613 2447 lapso
639 2386 907 2449 tempore,
934 2390 987 2435 et
1013 2381 1124 2451 iam
1153 2386 1504 2442 decrescente
1531 2388 1786 2454 tumultu,
1815 2406 2035 2448 manum

459 2469 751 2528 intendens
785 2473 1173 2547 silentiumque
1203 2477 1450 2536 indicens
1484 2479 1795 2549 Generalis,
1830 2485 1905 2541 ait
1935 2502 2032 2541 no-

460 2562 547 2618 bis
587 2580 602 2617 :
652 2562 825 2620 ilodie
864 2566 1084 2636 quidem
1122 2571 1259 2626 satis
1292 2572 1582 2628 verborum
1615 2574 1850 2645 emuxit;
1886 2593 2037 2634 rece-

461 2657 574 2711 dite
602 2656 715 2727 jam
749 2662 818 2713 ad
851 2661 1092 2729 requiem
1130 2679 1148 2720 :
1191 2679 1383 2721 rursus
1417 2665 1564 2721 enim
1596 2683 1694 2724 vos
1727 2670 2037 2728 audiemus.

460 2745 569 2803 Nos
603 2763 735 2822 ergo
765 2752 1119 2810 recessimus.

530 2932 667 2988 Exin
724 2948 918 2989 novem
955 2935 1073 2991 dies
1104 2935 1490 3005 decurrerunt,
1521 2939 1653 3011 quin
1693 2939 1897 3012 aliquid
1940 2957 2038 2997 no-

2064 1698 2113 1761 B

2140 1749 2200 1803 δν
2228 1743 2398 1812 οῖδας.
2427 1746 2538 1802 Καὶ
2568 1747 2657 1801 διά
2686 1746 2853 1801 τοῦτο
2875 1742 3042 1817 ἦλθον
3073 1746 3168 1800 νῦν
3206 1746 3290 1808 είς
3321 1745 3555 1816 πρᾶγμα
3586 1742 3724 1796 ἐτοι-

2143 1857 2263 1909 μον,
2282 1840 2384 1894 οὑκ
2398 1839 2478 1902 είς
2494 1836 3010 1910 διαλέξεις.¹Ερωτῶ
3026 1834 3122 1892 οῦν
3145 1855 3203 1892 σε
3222 1838 3272 1891 εί
3293 1836 3467 1901 θέλεις
3492 1836 3724 1903 ποιῆσαι

2138 1930 2175 1984 ἀ
2196 1929 2477 1999 ἐμήνυσας
2508 1925 2587 1997 τῷ
2615 1925 2850 1997 βασιλεῖ’
2882 1927 2931 1980 εί
2958 1926 3018 1980 δὲ
3049 1927 3287 1998 μὴ,εἰπέ
3314 1926 3448 1998 ἡμῖν
3471 1923 3724 1996 φανερῶς

2142 2019 2231 2073 ἵνα
2257 2014 2712 2088 ὑποστρέψωμεν.
2741 2015 2966 2071 Τούτων
3004 2016 3267 2086 κατήκοοι
3310 2016 3420 2069 τῶν
3450 2015 3724 2086 ῥημάτων

2139 2105 2431 2176 γεγονότες
2475 2106 2525 2159 οἱ
2580 2105 3190 2178 προσκανδαλισθέντες
3247 2107 3537 2177 ἀρχιερεῖς
3576 2105 3723 2157 κατά

2138 2198 2232 2253 τοῦ
2275 2196 2610 2264 Καθολικοῦ,
2663 2197 2902 2270 ἤρξαντο
2957 2197 3313 2267 οορυὸείσθσι
3369 2195 3469 2251 καὶ
3538 2194 3726 2263 λέγειν

2139 2292 2370 2353 ἕκαστος
2399 2290 2539 2361 πρὸς
2588 2288 2682 2344 τὸν
2738 2288 2967 2357 ἔγγιστα
3015 2287 3224 2343 αὑτοῦ⁸
3278 2289 3489 2352 Ὄντως
3543 2286 3725 2358 ἀληθῆ

2140 2384 2278 2437 είσιν
2304 2382 2340 2437 ἀ
2359 2381 2702 2451 ἀκηκόαμεν.
2738 2380 2965 2450 Ὀλίγης
2998 2379 3096 2434 οῦν
3122 2380 3272 2451 ὥρας
3300 2380 3723 2450 διαγενομένης,

2139 2474 2236 2529 καὶ
2266 2472 2501 2545 θορύϐου
2517 2470 2717 2542 μικροῦ
2744 2472 3074 2543 γενομένου,
3096 2471 3449 2533 Κατασείσας
3467 2475 3533 2543 τῇ
3551 2472 3722 2544 χειρὶ,

2140 2567 2234 2622 καὶ
2268 2567 2430 2637 σιγᾷν
2452 2565 3015 2637 παρακελευσάμενος
3044 2566 3072 2619 ό
3093 2565 3402 2628 Καθολικὸς
3428 2559 3551 2619 εἶπε
3584 2567 3724 2637 πρδς

2139 2660 2287 2731 ἡμᾶς
2306 2674 2320 2689 ·
2353 2658 2606 2729 Σήμερον
2636 2655 2807 2710 πολλὰ
2839 2655 3198 2727 διελέχθημεν
3220 2673 3235 2687 ·
3266 2655 3508 2724 ὑπάγετε
3532 2654 3725 2709 λοιπὸν

2142 2750 2235 2804 καὶ
2286 2747 2669 2820 ἀναπαύθητε,
2729 2746 2825 2801 καὶ
2881 2745 3072 2802 ἄλλοτε
3129 2746 3292 2802 πάλιν
3371 2748 3725 2819 ἀκουσόμεθα

2141 2841 2323 2913 ὑμῶν.
2352 2839 2704 2911 Ἀπήλοομεν
2736 2838 3047 2911 τοιγαροῦν.

2213 2933 2442 2987 Ἐκτοτε
2479 2931 2538 2985 δὲ
2594 2930 2885 3003 παρῆλθον
2939 2932 3147 3003 ἡμέραι
3192 2930 3349 2986 ἐννέα
3417 2930 3516 2985 καὶ
3567 2928 3725 2983 οῦδὲν

460 3025 546 3080 bis
570 3023 854 3082 Generalis
878 3027 1342 3099 signidcaret,qui
1370 3030 1440 3086 ob
1465 3032 1843 3101 aegritudinem
1869 3034 2032 3089 animi

2139 3023 2412 3096 ἐμήνυσεν
2438 3022 2616 3094 ἡμῖνό
2641 3021 2967 3086 Καθολικδς,
2998 3021 3345 3090 λυπούμενος
3363 3021 3419 3075 δέ
3450 3023 3562 3075 οὐδ’
3584 3020 3725 3084 ὅλως

456 3132 686 3186 prorsus
734 3118 952 3188 publico
1002 3118 1324 3175 abstinebat.
1364 3120 1558 3179 Sciens
1601 3138 1729 3180 vero
1776 3126 2038 3179 Atmanus

459 3210 605 3279 quod
638 3210 709 3265 ob
743 3210 1015 3280 proditum
1050 3220 1320 3267 secretum
1359 3212 1450 3268 ille
1487 3223 1774 3283 mmreret,
1798 3224 1853 3272 et
1893 3217 2037 3287 quod

461 3301 671 3358 homini
707 3302 966 3369 maxime,
998 3301 1093 3374 qui
1128 3302 1178 3357 id
1214 3303 1567 3373 patefecerat,
1591 3301 1832 3365 oﬂ‘ensus
1870 3317 2036 3374 esset,

457 3405 736 3451 convento
767 3394 1022 3451 Generali
1048 3396 1124 3451 ait
1150 3413 1165 3452 :
1191 3394 1329 3452 Puto
1353 3400 1699 3455 sanctitatem
1727 3408 1875 3456 tuam
1903 3402 2035 3457 mihi

455 3487 646 3552 irasci,
668 3486 766 3543 sed
798 3487 1073 3543 Immerito
1102 3505 1116 3542 :
1142 3487 1285 3558 quod
1318 3488 1463 3544 enim
1490 3500 1546 3545 tu
1577 3491 1858 3548 arbitraris
1887 3509 2039 3548 area-

456 3595 615 3648 num,
646 3580 697 3635 id
731 3593 830 3650 per
855 3580 1171 3635 universam
1203 3579 1526 3637 Romaniam
1560 3583 1686 3638 trita
1721 3583 1900 3640 fabula
1931 3595 2034 3640 est.

458 3673 693 3744 Scripsit
716 3673 860 3728 enim
888 3672 990 3729 hoc
1016 3673 1217 3729 sodalis
1243 3688 1399 3730 meus
1427 3674 1481 3729 in
1507 3675 1896 3747 disputatione,
1918 3694 2038 3748 quae

457 3765 596 3820 lecta
635 3764 737 3819 fuit
768 3778 954 3819 coram
992 3763 1204 3834 synodo
1248 3771 1413 3835 atque
1451 3764 1507 3819 in
1545 3766 1777 3836 palatio,
1807 3768 2037 3839 ejusque

460 3857 795 3927 exemplaria
829 3856 951 3928 plus
981 3865 1201 3911 centum
1236 3868 1366 3912 sunt
1395 3858 1686 3929 descripta,
1716 3859 1787 3915 ita
1823 3868 1881 3916 ut
1914 3862 2036 3918 uni-

461 3965 618 4005 versa
667 3948 934 4005 Rotttania
981 3962 1071 4004 res
1122 3947 1443 4003 innotuerit.
1485 3948 1616 4006 Sine
1661 3965 1821 4007 causa
1870 3952 2037 4025 igitur

460 4041 595 4097 mihi
626 4041 910 4108 irasceris,
943 4057 1065 4099 eum
1101 4042 1229 4098 mihi
1263 4043 1447 4113 potius
1473 4046 1825 4115 expostulare
1856 4058 2032 4104 tecum

453 4135 620 4191 liceat
643 4175 657 4201 ,
689 4135 834 4205 quod
872 4150 960 4192 me
988 4135 1244 4207 gentilem
1286 4142 1440 4191 tuum
1474 4146 1531 4193 et
1561 4136 1614 4193 in
1653 4138 1758 4195 [ide
1790 4140 2032 4198 sodalem

457 4241 572 4281 rem
621 4226 891 4282 celaveris
926 4241 1089 4298 quam
1136 4228 1429 4297 peregrino
1478 4228 1684 4285 homini
1729 4232 2033 4290 revelabas.

458 4320 528 4374 Et
569 4321 785 4390 quidem
830 4320 879 4376 si
926 4320 1019 4376 uni
1062 4321 1195 4377 mihi
1238 4320 1477 4378 confisus
1516 4321 1729 4390 fuisses,
1764 4323 2035 4383 incolune

457 4426 719 4467 arcanum
761 4421 929 4477 esset,
958 4427 1135 4481 neque
1174 4421 1235 4466 ut
1272 4427 1421 4469 nunc
1455 4412 1511 4467 in
1551 4414 1744 4485 vulgus
1782 4416 2032 4472 dissemi-

457 4513 669 4556 ttztlllttt.

528 4680 733 4735 Novem
790 4681 954 4751 igitur
1001 4679 1298 4750 praeteritis
1337 4682 1561 4751 diebus,
1609 4684 1763 4741 misit
1809 4684 1877 4740 ad
1932 4700 2031 4741 nos

456 4772 739 4829 Genet-alis
758 4774 1072 4843 episcopum
1092 4770 1416 4843 Gregorium
1441 4775 1827 4832 consobrinum
1850 4791 2036 4841 suum,

458 4872 823 4933 cognomento
859 4878 1113 4934 parvum,
1149 4852 1386 4935 itemque
1428 4866 1745 4935 episcopum
1794 4865 2035 4921 lsaacum

459 4967 513 5012 et
545 4958 824 5014 doctorem
859 4956 1221 5028 Stephanum,
1253 4957 1344 5028 qui
1378 4958 1508 5013 mihi
1540 4958 1893 5031 (Theoriano)
1925 4961 2038 5029 pri-

458 5058 586 5104 vato
635 5048 689 5103 in
737 5049 1042 5118 colloquio,
1073 5044 1434 5120 praesentibus
1478 5051 1642 5105 etiam
1692 5052 1929 5105 Atmano
1979 5060 2034 5105 et

459 5142 782 5212 presbytero
827 5137 1117 5206 Michaele,
1150 5140 1405 5197 dixerunt
1438 5157 1452 5196 :
1492 5141 1773 5213 Significat
1803 5142 1899 5197 tibi
1934 5143 2033 5197 do-

462 5234 646 5289 minus
681 5243 895 5299 noster,
923 5248 983 5290 se
1015 5234 1114 5291 tibi
1146 5243 1204 5288 ut
1232 5234 1463 5290 honesto
1494 5235 1611 5290 viro
1643 5244 1697 5290 et
1733 5235 2037 5290 christiano

461 5338 733 5383 secretum
774 5325 1182 5383 concredidisse
1226 5334 1485 5396 tanquam
1529 5325 1649 5407 _Deo
1694 5344 1707 5381 :
1756 5336 1809 5381 te
1854 5340 2034 5381 autem

463 5418 569 5472 sibi
634 5418 955 5488 promisisse
1015 5416 1221 5471 nemini
1288 5426 1649 5488 praeterquam
1717 5417 2035 5488 imperatori

463 5510 756 5565 dicturum.
783 5510 939 5565 Nunc
969 5518 1022 5566 te
1048 5510 1205 5564 iidem
1236 5513 1423 5566 arcani
1453 5509 1680 5582 fregisse
1713 5513 1890 5582 palam
1919 5521 2033 5578 est;

532 5627 647 5696 (18)
701 5627 1025 5698 Armeniaca
1071 5628 1258 5698 degna.
1312 5627 1411 5687 ilic
1469 5640 1647 5686 autem
1702 5627 1917 5686 Nerscti
1974 5631 2025 5685 in

461 5697 823 5769 patriarchatu
853 5700 1133 5755 successit.

2139 3115 2358 3188 προῄει.
2399 3114 2566 3179 Γνοὺς
2587 3114 2645 3168 δὲ
2668 3116 2697 3168 ό
2715 3114 2983 3186 Ἀτμάνος
3004 3115 3087 3169 ὅτι
3107 3114 3196 3168 διὰ
3218 3114 3282 3166 τὸ
3328 3114 3720 3185 φανερωθῆναι

2135 3208 2198 3262 τὸ
2231 3207 2537 3280 μυστήριον
2563 3206 2844 3273 λυπεῖται,
2884 3207 2982 3260 καὶ
3005 3204 3093 3260 ὅτι
3120 3207 3246 3260 κατ’
3305 3203 3474 3261 αὑτοῦ
3518 3204 3724 3276 μᾶλλον

2140 3298 2399 3355 λυπεῖται
2429 3296 2528 3353 τοῦ
2561 3296 3004 3369 φανερώσαντος,
3021 3295 3220 3368 ἀνῆλθε
3251 3296 3389 3368 πρὸς
3417 3297 3512 3351 τὸν
3543 3296 3727 3351 Καθου

2134 3393 2287 3447 λικδν
2318 3392 2415 3446 καί
2446 3408 2583 3462 φησι
2604 3389 2741 3459 πρὸς
2762 3388 2928 3443 αὑτόν
2953 3404 2969 3420 ⁸
3013 3388 3420 3459 Ὑπολαμϐάνω
3452 3390 3534 3443 ὅτι
3598 3389 3727 3444 κατ’

2136 3484 2273 3555 ἐμοῦ
2301 3480 2557 3537 λυπεῖται
2585 3482 2619 3552 ἠ
2649 3479 2936 3552 ἀγιωσύνη
2970 3497 3088 3546 σου,
3151 3480 3270 3535 ἀλλ’
3321 3481 3420 3534 οὐκ
3475 3480 3591 3533 ἔστι
3641 3481 3725 3534 δί-

2136 3594 2295 3631 καιον
2322 3593 2337 3610 ο
2368 3576 2396 3631 ὃ
2431 3575 2540 3645 γάρ
2574 3575 2639 3628 σὺ
2702 3574 3004 3646 μυστήριον
3061 3572 3210 3644 ἔχειν
3289 3573 3721 3645 ὑπολαμϐάνεις,

2136 3672 2285 3725 πᾶσα
2313 3671 2347 3741 ἠ
2385 3666 2666 3740 Ῥωμανία
2728 3662 3035 3737 κωμῳδίαν
3076 3667 3213 3737 ἔχει.
3308 3668 3559 3738 Ἔγραφε
3610 3668 3723 3739 γὰρ

2136 3765 2299 3819 τοῦτο
2325 3766 2352 3817 ὁ
2381 3761 2687 3833 σύντροφός
2723 3778 2824 3832 μου
2848 3760 2908 3814 ἐν
2935 3762 3006 3832 τῇ
3034 3759 3296 3827 διαλέξει,
3321 3761 3447 3833 ἥτις
3474 3761 3724 3830 ἀνεγνὼ-

2138 3857 2243 3925 σθη
2274 3853 2370 3907 ἐπὶ
2402 3853 2626 3906 συνόδου
2667 3850 2763 3905 καὶ
2792 3850 2885 3903 ἐπὶ
2919 3847 3212 3912 παλατίου,
3266 3850 3362 3905 καὶ
3396 3849 3722 3921 μετεγρὰφη

2136 3949 2196 4001 ἐν
2220 3945 2582 4016 ἀντιγράφοις
2611 3944 2875 3998 ἐπέκεινα
2914 3942 3025 3995 τῶν
3054 3942 3273 4008 ἑκατὸν,
3333 3944 3429 3996 κει)⁸
3474 3943 3721 4010 γνωστὸν

2135 4040 2353 4110 ἐγένετο
2387 4039 2474 4108 ἐφ’
2494 4039 2588 4109 ὅλῃ
2619 4039 2686 4109 τῇ
2722 4036 3026 4108 Ῥωμανίᾳ.
3059 4037 3174 4090 Οὑκ
3199 4036 3440 4106 εὐλόγως
3464 4034 3558 4091 οῦν
3573 4036 3721 4109 λυπῇ

2137 4131 2260 4187 κατ’
2286 4129 2422 4201 ἐμοῦ
2447 4147 2463 4163 ο
2492 4128 2606 4199 ἐγὼ
2633 4127 2840 4200 μᾶλλον
2898 4126 3102 4197 ὀφείλω
3156 4126 3383 4192 δικαίως
3425 4127 3722 4182 λυπεῖσθαι

2136 4224 2284 4278 κατά
2333 4220 2427 4275 σοῦ
2457 4221 2540 4274 ὅτι
2580 4218 2907 4291 ἀπέκρυψας
2937 4216 3098 4272 τοῦτο
3126 4220 3223 4273 ἀπ’
3250 4218 3386 4290 ἐμοῦ
3428 4220 3525 4274 τοῦ
3588 4223 3727 4291 ὀμο-

2098 4315 2311 4384 μφύλου
2357 4313 2453 4369 καὶ
2500 4312 2801 4384 όμοπίστου
2855 4328 2971 4377 σου,
3023 4313 3118 4366 καὶ
3178 4312 3542 4383 ἀπεκάλυψας
3583 4314 3721 4368 αὑτὸ

2144 4407 2430 4475 ἁλλογενεῖ
2457 4404 2637 4475 ἀνδρί.
2668 4404 2731 4457 Ei
2766 4403 2875 4474 γάρ
2897 4403 3021 4473 ἐμοὶ
3050 4404 3199 4473 μόνῳ
3260 4404 3596 4479 ἐθάρρησας,
3647 4400 3719 4477 ἦν

2142 4499 2210 4554 ἂν
2236 4500 2316 4552 ἐτι
2347 4500 2672 4572 μυστήριον,
2701 4499 2795 4551 καὶ
2825 4498 2926 4550 οὑκ
2982 4497 3049 4551 ἂν
3082 4497 3387 4571 διεγνώσθη
3435 4501 3604 4554 πᾶσιν
3641 4499 3720 4563 ὡς

2141 4610 2260 4647 νυν.

2212 4682 2612 4755 Παρελθουσῶν
2642 4682 2737 4737 οὖν
2762 4683 2871 4738 τῶν
2894 4684 3049 4739 ἐννέα
3107 4681 3353 4756 ἡμερῶν,
3426 4681 3717 4737 ἀπέστειλε

2140 4776 2278 4847 πρὸς
2306 4776 2458 4846 ἡμᾶς
2498 4775 2588 4828 τὸν
2627 4775 2930 4829 ἐπίσκοπον
2992 4771 3301 4847 Γρηγόριον
3349 4774 3443 4827 τὸν
3497 4775 3722 4843 ἀνεῴιλν

2138 4867 2300 4922 αὑτοῦ
2332 4868 2426 4921 τὸν
2456 4868 2673 4938 Μικρὸν
2714 4864 2853 4936 (18),
2885 4866 2982 4922 καὶ
3017 4869 3110 4921 τὸν
3156 4869 3464 4921 ἐπίσκοπον
3525 4867 3718 4931 Ἰσαὰκ

2136 4960 2230 5014 καὶ
2296 4959 2389 5013 τὸν
2418 4960 2742 5014 διδάσκαλον
2779 4961 3076 5029 Στέφανον,
3121 4960 3321 5023 οἵτινες
3358 4956 3512 5014 εἷπον
3578 4960 3715 5029 πρός

2137 5072 2204 5124 με
2258 5054 2368 5124 (19)
2422 5053 2544 5107 κατ’
2607 5053 2763 5116 ἰδίαν,
2814 5054 3102 5124 παρόντων
3151 5052 3247 5108 καὶ
3294 5052 3390 5107 τοῦ
3441 5055 3717 5125 ’Δτμάνου

2140 5149 2234 5199 καὶ
2272 5147 2367 5199 τοῦ
2401 5146 2561 5199 ama
2590 5145 2808 5216 Μιχαὴλ
2834 5160 2852 5178 ·
2895 5145 2954 5200 '0
3004 5144 3273 5217 δεσπότης
3328 5145 3489 5214 ἡμῶν
3523 5146 3717 5218 μηνύει

2143 5258 2227 5294 σοι
2275 5243 2357 5294 ὅτι
2390 5239 2501 5307 ἐγὼ
2531 5238 2923 5308 ἐνεπιστεύθην
2977 5255 3078 5304 σοι,
3109 5237 3186 5301 ὡς
3239 5237 3392 5309 καλῷ
3442 5237 3718 5309 ἀνθρώπῳ

2141 5332 2235 5385 καὶ
2276 5331 2351 5394 ὡς
2410 5329 2755 5400 Χριστιανῷ,
2810 5330 3114 5401 μυστήριον
3149 5328 3224 5392 ὠς
3276 5329 3371 5383 ἐπὶ
3417 5329 3578 5383 Θεοῦ·
3624 5330 3722 5382 καὶ

2141 5422 2206 5474 σὺ
2279 5419 2587 5490 ὑπεσχέϐης
2660 5436 2751 5490 μοι
2816 5420 3010 5490 μηδενὶ
3078 5420 3258 5474 εἰπεῖν
3316 5420 3349 5490 ἢ
3408 5421 3554 5491 μόνῳ
3638 5419 3718 5489 τῷ

2143 5512 2402 5581 βασιλεῖ’
2441 5512 2534 5564 καὶ
2565 5511 2666 5564 οὑκ
2728 5509 3006 5580 ἐφύλαξας
3059 5510 3158 5581 τὴν
3232 5511 3552 5581 ὑπόσχεσιν,
3622 5511 3720 5565 καὶ
3786 5564 3789 5567 ,

2209 5630 2320 5700 (19)
2362 5628 2497 5683 "ille
2529 5638 2714 5700 apt'rlc
2745 5627 3153 5700 cognoscinnts,
3186 5628 3513 5700 scriptor...“
3551 5629 3718 5698 huius

2147 5697 2361 5771 quoque
2389 5699 2639 5755 secundm
2668 5699 3049 5770 disputationis
3075 5697 3464 5755 The-orianunt‘.
