2048 3214
189 151 247 183 249
870 157 1101 189 DlSl‘UTA'l‘lO
1122 160 1162 191 II.

190 213 244 244 οὐκ
263 214 402 249 ἐποίησας
431 213 524 246 καλῶς
540 221 549 229 ·

189 264 216 290 οι
232 262 375 298 ’Δρμένιοι
388 259 459 297 πρδς
475 260 537 296 ιμὲ,
550 261 599 288 καὶ
613 261 667 287 είσὶ
683 262 884 297 τεταραγμένοι
901 271 908 278 ·
935 264 984 289 καὶ

188 309 240 336 διὰ
268 308 351 336 τοῦτο
365 307 498 341 ὑπέμεινε
514 307 653 339 παντελῶς
672 307 688 342 ἡ
707 308 838 340 ὑπόθεσις
863 309 914 344 τῆς
941 309 984 336 ἐν-

188 356 296 387 ὡσξως.
316 355 348 382 '0
360 354 389 380 δὲ
404 353 559 389 Θεωριανὸς
572 351 633 380 εἷπε
648 354 717 388 πρὸς
733 353 983 385 αὐτούςΤι-νώσκω

188 402 234 429 ὅτι
250 400 362 436 γραφὴν
378 398 541 426 ἀπέστειλεν
554 400 568 426 ὁ
586 399 738 431 Καθολικὺς
763 400 798 427 δι’
817 400 886 434 ἐμοῦ
914 401 982 436 πρὶς

188 448 238 474 τὸν
255 446 373 482 βασιλέα
394 445 633 482 ὲσφραγισμένην,
665 447 700 482 ἣν
728 447 776 473 καὶ
804 446 909 479 ἀνέγνω
937 455 982 482 μοι

189 493 264 520 κατὰ
280 491 367 527 μόνας
383 499 391 506 ·
407 491 538 526 γινώσκω
552 492 594 518 ὄτι
627 491 675 518 καὶ
699 492 834 526 ἀγράφως
860 493 981 528 ἐμήνυσε

186 540 224 567 δι’
235 538 305 574 ἐμοῦ
318 537 388 573 πρὸς
399 539 446 565 τὴν
464 537 578 573 βασιλέα
593 537 656 570 περὶ
684 538 733 573 τῆς
746 538 869 570 ἑνώσεως
881 546 889 554 ·
917 540 982 573 ὁμο-

186 584 264 619 λογῶ
277 584 384 614 Genui.
400 583 574 620 παρήγγειλέ
607 591 652 618 μοι
680 584 776 619 μηδενὶ
813 585 900 610 εἰπεῖν
932 584 980 619 τὴν

186 630 302 667 γραφὴν
315 629 403 665 ἀλλ’ἢ
416 629 455 665 τῷ
470 629 587 664 βασιλεῖ,
603 629 653 656 καὶ
681 629 745 661 τοὺς
771 629 868 662 λόγους
897 630 980 657 αὐτοῦ

188 678 284 704 εἰπεῖν
297 675 374 711 αὐτῷ
392 675 539 711 μυστικῶς
554 683 561 690 ·
579 675 627 702 καὶ
642 676 680 708 ὡς
711 675 877 711 ὑπεσχέθην,
910 676 981 703 οὕτω

186 723 237 750 καὶ
254 721 405 757 πιποίηκα,
425 721 474 748 καὶ
486 720 609 755 ἐφύλαξα
620 721 671 756 τὴν
686 722 900 756 ξπαραγγελέαν.
925 722 981 749 Καὶ

184 769 270 796 τοῦτο
283 768 365 803 δῆλον
378 767 408 801 ἐξ
420 763 458 794 ὧν
472 767 563 801 μέλλω
574 767 679 801 λέγειν.
692 767 802 794 Ἔδωκα
818 768 857 803 τῷ
873 768 981 804 βασιλεῖ

185 815 239 851 τὴν
251 813 365 850 γραφὴν
374 813 617 849 ισφραγισμένην·
634 811 713 840 εἶπον
727 813 761 840 τὰ
783 814 895 850 ῥήματα
929 824 975 850 μυ-

186 863 304 894 στικῶς,
323 862 406 889 ιιόνου
423 861 472 888 τοῦ
498 861 644 895 λογοθέτου
671 862 887 896 παρισταμένου.
928 863 979 888 Ἐκ

1773 167 1831 199 950

576 214 624 242 καὶ
655 214 702 241 νῦν
730 215 978 252 ἔσκανδσλίσθησαι

1038 219 1108 251 quod
1128 218 1228 246 factum
1251 218 1308 253 ipse
1330 219 1466 254 vituperat
1490 229 1497 248 :
1520 228 1584 249 ecce
1604 221 1676 249 enim
1694 222 1827 257 Armenii,

1036 263 1085 296 ait,
1103 264 1167 290 mihi
1185 264 1279 291 οποηεί
1298 269 1371 296 sunt,
1389 269 1416 292 et
1432 265 1526 294 turbas
1543 267 1625 295 cienl.
1642 268 1825 301 Quamobrem

1036 309 1147 338 unionis
1165 310 1302 344 negotium
1320 311 1401 345 plane
1417 311 1549 346 refriguit.
1565 312 1606 340 Ad
1624 314 1681 341 haec
1695 313 1828 342 Themin-

1038 362 1090 381 nus
1104 355 1141 381 ait
1158 364 1165 382 :
1181 355 1290 382 Memini
1306 363 1320 382 a
1336 356 1460 383 Generali
1477 357 1542 383 tnlhi
1560 358 1674 385 traditas
1692 359 1724 385 ad
1742 360 1826 394 impe-

1038 405 1155 427 ratorem
1182 400 1287 428 litteras
1312 401 1483 435 obsignatas,
1508 409 1577 436 quas
1605 404 1671 430 mihi
1699 404 1823 437 privatim

1034 445 1193 480 pra‘lcgerat
1219 455 1226 473 :
1254 446 1383 478 memini,
1406 447 1496 474 verbis
1519 455 1629 482 quoque
1654 449 1825 482 signiﬁcasse

1033 490 1190 526 imperatori
1212 491 1245 518 de
1271 492 1371 519 unione
1393 500 1440 526 per
1462 500 1505 520 me
1526 501 1533 519 :
1554 493 1643 520 fateor
1664 494 1730 520 mihi
1753 503 1821 529 prm-

1032 542 1139 571 ceptum
1164 545 1179 563 a
1205 537 1331 565 Generali
1356 539 1459 571 fuisse,
1492 543 1521 566 ttt
1547 540 1647 567 nemini
1673 541 1822 574 quidquam

1032 581 1084 608 nisi
1104 582 1262 616 imperatori
1280 584 1313 610 de
1330 583 1372 611 his
1389 584 1487 612 litteris
1506 585 1635 618 dicerem,
1654 590 1681 613 et
1697 590 1725 612 ut
1742 588 1822 612 verba

1033 627 1118 661 ipsius
1134 634 1241 656 secreto
1258 630 1290 655 ad
1307 629 1499 664 imperatorem
1516 631 1658 658 referrem.
1674 631 1729 666 Ego
1747 640 1823 658 verm

1033 678 1062 699 ut
1079 674 1278 709 spoponderam
1302 676 1338 703 ita
1360 676 1413 711 egi,
1429 681 1456 703 et
1478 678 1644 712 promissum
1667 677 1729 705 l'eci.
1747 677 1824 710 Quod

1035 724 1064 746 ut
1076 719 1275 753 demonstretn,
1290 721 1328 748 rei
1345 727 1427 757 gesta:
1440 722 1538 750 seriem
1552 730 1721 758 expromam.
1738 723 1824 750 Litte—

1032 772 1077 792 ras
1100 765 1257 800 imperatori
1276 767 1432 802 obsignatas
1450 768 1547 795 tradidi
1567 777 1573 795 :
1592 768 1737 796 commissa
1756 776 1823 795 meae

1036 810 1098 838 ﬁdei
1112 811 1192 838 verba
1210 817 1317 839 secreto
1334 813 1456 840 conclavi
1472 813 1540 845 dixi,
1554 821 1608 841 uno
1624 818 1730 841 astante
1746 814 1822 847 logo-

1033 857 1119 884 theta.
1136 857 1268 891 Deinceps
1286 866 1350 885 vero
1368 858 1611 886 circumscribendi
1631 860 1821 893 imperatorem

185 915 251 934 me
271 905 400 940 ἐξουσίαν
427 906 478 933 οὐκ
500 904 574 941 εἶχον
601 894 760 941 περιορίσαι
787 894 833 933 τὸν
856 907 978 941 βασιλέα.

1034 902 1149 929 facultas
1168 903 1232 930 mihi
1252 911 1303 930 non
1323 904 1386 936 fuit,
1404 909 1485 938 atque
1503 905 1668 939 impediendi
1686 905 1821 931 volentem

186 953 239 980 καὶ
253 952 382 980 κωλῦσαι
394 952 479 979 αὐτὸν
508 952 674 987 βουλόμενον
704 952 824 985 ἐξειπεῖν
851 953 917 979 αὐτὸ
947 955 980 987 τῇ

184 997 352 1034 Ἐκκλησία,
367 997 385 1032 ἢ
399 999 434 1032 τῇ
450 997 597 1034 συγκλήτῳ
621 998 668 1024 καὶ
684 999 718 1033 τῇ
734 998 814 1033 βουλῇ
829 998 922 1026 αὑτοῦ.
950 999 981 1024 Ei

186 1043 290 1076 δ’ἴσως
307 1044 408 1079 ἀπορεῖ
422 1042 602 1075 όΚαθολικὸς
634 1043 692 1075 πῶς
713 1044 764 1070 οὐκ
791 1043 908 1078 ἐφύλαξε
951 1044 982 1070 τὸ

191 1091 344 1127 μυστήριον
357 1092 372 1118 ό
388 1090 529 1125 βασιλεὺς,
553 1090 705 1123 γινώσκετε
722 1091 872 1123 ὃτιπάντες
886 1091 981 1126 σχεδὸν

190 1136 264 1172 πλὴν
273 1137 322 1164 τοῦ
333 1137 462 1172 βασιλέως
475 1136 569 1171 ἔλεγον
581 1137 622 1166 ἇτι
636 1136 687 1163 οὐκ
702 1137 777 1164 ἔστιν
799 1139 813 1164 ὁ
830 1137 980 1167 Καθολικὸς

191 1182 340 1218 ἄνθρωπος
361 1182 450 1219 ὀρθὸς,
479 1183 528 1209 καὶ
559 1182 689 1210 οὐδέποτε
717 1182 903 1218 παραδέξεται
931 1182 979 1217 τὴν

189 1228 313 1256 ἕνωσιν·
337 1229 495 1266 διαστρέφει
521 1228 577 1264 γὰρ
608 1229 658 1261 τὰς
689 1229 766 1260 Θείας
794 1228 906 1269 Γραφὰς
932 1231 980 1256 καὶ

186 1275 397 1312 παρερμηνεῦει
408 1276 449 1307 είς
460 1275 490 1302 τὸ
504 1275 605 1301 οἰκεῖον
618 1274 755 1310 βούλημα,
787 1276 835 1302 καὶ
855 1277 978 1311 ῥήμασιν

184 1324 237 1359 μὲν
246 1322 362 1350 ἔπεσθαι
388 1323 446 1354 τοῖς
462 1322 552 1355 ἁγίοις
567 1324 707 1357 ὁμολογεῖ,
727 1322 800 1358 ἔργῳ
816 1323 845 1349 δὲ
872 1323 978 1355 τούτοις

181 1367 349 1396 ἀντίκειται.
367 1366 398 1393 '0
413 1366 443 1394 δὶ
456 1366 588 1401 βασιλεὺς
600 1368 657 1399 τοῖς
675 1366 764 1394 ταῦτα
777 1367 907 1401 λέγουσιν
928 1369 978 1394 ἀν-

178 1413 279 1447 τέλεγε
294 1413 395 1448 πάντη,
410 1411 455 1439 διὰ
469 1412 519 1448 τὴν
532 1412 615 1447 τιμὴν
626 1411 693 1446 γοῦν
710 1412 757 1439 τοῦ
768 1412 932 1445 Καθολικοῦ,
944 1414 978 1440 τὰ

180 1461 349 1495 γράμματα.
364 1459 421 1486 Καὶ
438 1459 518 1494 δῆλον
530 1459 562 1492 ὲξ
574 1455 611 1486 ὧν
622 1458 671 1486 νῦν
691 1459 789 1486 πλατεῖ
801 1459 917 1493 στόματι
933 1460 978 1486 λέ-

179 1514 280 1541 γουσιν
292 1505 319 1533 οἱ
337 1504 470 1540 Ῥωμαῖοι
481 1505 582 1537 πάντες
596 1505 692 1540 σχεδον
705 1505 775 1540 ὑπὲρ
790 1504 838 1532 τοῦ
858 1505 976 1532 Καθολι-

181 1551 233 1579 ato-5
246 1560 253 1567 ·
263 1551 477 1588 ὑπογράψαντες
491 1549 539 1578 οὖν
551 1551 714 1587 οῐρηθέντες
742 1551 851 1584 ἐξεῖπον
877 1552 975 1580 ταῦτα.
989 1559 1011 1591 C

187 1597 219 1624 '0
233 1597 265 1624 δι
275 1596 357 1632 θυμῷ
365 1596 397 1623 τὸ
411 1596 494 1623 πλέον
506 1596 598 1631 ἀφεὶς,
616 1596 731 1630 ἐξέϐαλε
755 1597 801 1623 τὸν
817 1597 974 1631 Θεωριανὺν

181 1642 223 1679 τῷ
239 1643 312 1675 τέως
327 1644 378 1679 τῆς
396 1642 561 1675 αῑτιάσεως·
577 1643 626 1670 καὶ
639 1643 672 1678 τῇ
689 1642 755 1678 ἑξῆς
772 1643 975 1678 μετεκαλέσατο

182 1687 259 1723 ἡμᾶς
268 1687 339 1723 πρὸς
357 1687 408 1723 τὴν
426 1687 546 1719 σύνοδον,
561 1687 609 1714 καί
619 1696 687 1722 φησι
702 1688 771 1722 πρὸς
785 1688 859 1723 ἡμᾶς
874 1696 882 1704 ·
907 1689 975 1723 Περὶ

181 1731 238 1761 τῶν
255 1734 286 1760 ιν
305 1732 419 1769 Χριστῷ
431 1732 480 1760 δύο
491 1734 600 1768 φύσεων
613 1733 660 1760 καὶ
669 1733 730 1760 τότε
744 1734 791 1761 καὶ
807 1735 855 1761 νῦν
874 1735 974 1765 ἱκανῶς

180 1778 369 1815 διελέχθημεν
384 1787 393 1796 ”
409 1779 473 1806 ἐπεὶ
483 1779 511 1807 δὲ
527 1779 604 1815 ήτοῦ
636 1779 772 1815 βασιλέως
800 1781 894 1817 γραφὴ
926 1781 974 1807 καὶ

180 1825 248 1863 περὶ
264 1825 354 1854 ἄλλων
367 1826 527 1861 κεφαλαίων
542 1826 619 1861 λέγει
632 1827 708 1861 ἡμᾶς
736 1825 925 1862 διαλεχθῆναι,
949 1827 974 1854 εί

181 1871 314 1900 κελεύετε
329 1873 432 1906 εἰπεῖν,
449 1873 536 1908 ἡδέως
550 1873 627 1909 ὑμῶν
637 1873 822 1908 ἀκουσόμεθα.

216 1919 316 1946 ΘΕΩΡ.
329 1918 486 1955 Ἐμάθομιν
498 1918 563 1955 [ὅτι]
577 1920 605 1946 ὲν
619 1921 678 1951 τοῖς
694 1919 779 1951 θείοις
805 1920 973 1955 μυστηρίοις

180 1961 255 1992 οἶνον
264 1963 451 1998 προσάγουσιν
462 1964 487 1990 οἱ
504 1963 657 2000 ’Δρμένιοι,
691 1963 763 1998 ὕδωρ
778 1964 854 1999 αὐτῷ
870 1964 907 2000 μὴ
929 1974 974 2000 μι-

178 2009 296 2045 γνύντες
308 2017 317 2026 ·
331 2010 486 2046 βουλόμεθα
497 2011 594 2046 μαθεῖν
607 2009 691 2037 πόθεν
713 2010 792 2037 τοῦτο
807 2011 971 2046 παρέλαϐον.

217 2057 303 2085 ΚΛΘ.
329 2057 360 2084 '0
377 2056 451 2089 θεῖος
463 2057 662 2092 Χρυσόστομος
687 2059 717 2085 ἐν
742 2059 775 2093 τῇ
804 2058 972 2094 ὀγδοηκοστῇ

180 2102 299 2139 κάμπη]
309 2102 406 2139 ὁμιλίᾳ.
418 2103 466 2130 τοῦ
479 2103 550 2130 κατὰ
561 2103 702 2131 Ματθαῖον
716 2104 885 2139 Εὐαγγελίου
903 2104 975 2132 οὕτω

179 2147 278 2183 φησίν
293 2157 304 2174 ε
321 2147 401 2180 Τίνος
437 2147 532 2175 ἓνεκεν
547 2148 598 2184 οὐχ
607 2147 681 2185 ὕδωρ
704 2149 793 2182 ἔπιεν,
809 2150 867 2177 ἀλλ’
892 2148 974 2183 οἶνον,

178 2192 322 2225 dunt.“
337 2192 441 2228 ’Δλλην
455 2193 561 2228 αἵρεσιν
588 2193 710 2228 πονηρὰν
733 2194 885 2230 πρόρριζον
910 2196 975 2221 ἁνα-

179 2238 258 2265 σπῶν
273 2246 282 2255 ’
298 2238 360 2265 ἐπεὶ
373 2239 430 2275 γάρ
445 2239 499 2266 εισί
511 2248 584 2270 τινες
598 2240 627 2267 ἐν
644 2239 700 2271 τοῖς
719 2241 884 2276 μυστηρίοις
897 2241 973 2268 ὕδατι
991 2231 1013 2260 ί)

177 2283 359 2320 κεχρημένοι,
388 2285 497 2317 δεικνὺς
520 2285 561 2312 ὅτι
591 2285 639 2312 καὶ
663 2285 745 2320 ἡνίκα
767 2285 798 2313 τὸ
825 2287 975 2321 μυστήριον

180 2330 339 2365 παρέδωκε,
353 2330 403 2357 καὶ
430 2331 512 2365 ήνίκα
524 2331 643 2363 ἀναστὰς
654 2331 740 2367 χωρὶ;
758 2332 915 2368 μυστηρίων
928 2334 974 2366 ψι-

177 2376 231 2412 λὴν
243 2376 388 2412 τράπεζαν
413 2377 588 2412 παρετίθετο,
619 2377 685 2412 οϊνῳ
712 2378 821 2413 ἐχρῆτο,
842 2387 851 2404 ι
891 2379 974 2414 Ὁρᾷς

177 2422 221 2449 ὃτι
231 2422 354 2458 πονηρὰν
365 2422 474 2458 αἰρεσιν
489 2422 619 2457 ὀνομάζει
634 2423 665 2449 τὸ
681 2423 834 2458 κεχρῆσθαι
854 2424 929 2450 ὕδατι
945 2424 974 2451 ἐν

176 2470 236 2498 τοῖς
249 2460 334 2500 (laico;
349 2468 526 2505 μυστηρίοιςς
544 2469 600 2496 Καὶ
612 2469 695 2497 πάλιν
705 2477 713 2485 ’
733 2479 743 2496 ί
753 2470 802 2497 Ἐκ
813 2470 861 2497 τοῦ
876 2471 974 2506 γεννή-

179 2521 277 2548 ματος,
296 2515 374 2550 φησὶ,
391 2513 444 2550 τῆς
469 2515 593 2548 ἀμπέλου
605 2523 613 2530 ·
636 2515 760 2551 ἄμπελος
778 2516 806 2542 δὲ
824 2515 907 2550 οἶνον,
923 2517 972 2553 οὐχ

177 2560 271 2596 ὕδωρ.
303 2561 397 2597 γεννᾷ.
423 2570 434 2588 ι
464 2559 498 2588 Τί
527 2561 623 2588 τούτου
651 2560 742 2596 ζητεῖς
764 2563 972 2598 φανερώτερονς

176 2607 261 2634 Ἀλλὰ
277 2608 326 2634 καὶ
341 2608 371 2634 ἐν
381 2607 414 2643 τῇ
429 2606 598 2642 ὀγδοηκοπῇ
618 2607 732 2644 πέμπτῃ
757 2608 851 2645 ὁμιλίᾳ
879 2610 920 2641 είς
941 2610 972 2636 τὺ

176 2653 249 2680 κατὰ
263 2652 393 2688 Ἰωάννην
408 2653 588 2688 Εὑαγγέλιον,
602 2654 642 2685 είς
670 2654 712 2686 τὸ,
728 2654 876 2687 Ἐξῆλθεν
899 2653 972 2690 αἷμα

176 2697 226 2724 ara!
238 2697 328 2732 ὕδωρ.
341 2696 416 2724 οὓτω
437 2697 539 2733 φησιν·
556 2707 565 2724 ι
584 2698 640 2733 οὐχ
651 2698 746 2730 ἁπλῶς
769 2699 830 2725 οὐδὲ
848 2699 886 2731 ὡς
909 2699 971 2726 ἐτυ-

176 2751 225 2778 κεν
236 2740 319 2771 αὗται
336 2744 477 2780 προῆλθον
491 2744 520 2771 ai
534 2745 632 2779 πηγαὶ,
645 2744 703 2771 ἀλλ’
716 2745 811 2781 ἐπειδὴ
833 2746 863 2778 ἐξ
881 2747 971 2781 ἀμφο-

175 2789 265 2825 τέρων
279 2789 386 2816 τούτων
399 2789 417 2824 ἡ
438 2788 590 2823 Ἐκκλησία
604 2789 764 2817 ςπνίσταται
779 2798 786 2805 ·
805 2790 852 2816 καὶ
880 2791 970 2817 ίσασιν

172 2837 199 2863 oi
211 2835 490 2871 μυσταγωγοΰμενοι,
508 2835 542 2862 δι’
558 2836 657 2868 ὓδατος
671 2836 902 2871 ἀναγεννώμενοι.
934 2837 970 2863 δι’

176 2883 294 2919 αἵματος
309 2882 357 2910 καὶ
373 2881 478 2919 σαρκὺς
491 2881 658 2919 τρεφόμεθα,
676 2881 763 2920 ἀρχὴν
784 2883 918 2917 λαμϐάνει
935 2884 970 2910 τὰ

1033 949 1060 975 id
1075 949 1166 976 dicere
1180 949 1318 983 Ecclesim,
1330 950 1437 978 senatui
1452 951 1623 985 concilioque
1639 958 1697 978 suo.
1711 951 1785 983 Quod
1799 950 1821 976 si

1034 995 1103 1021 forte
1117 995 1257 1023 Generalis
1269 1003 1340 1031 a'gre
1355 997 1406 1024 sibi
1424 998 1581 1031 persuadet,
1596 998 1732 1031 quomodo
1746 1004 1821 1024 arca-

1035 1049 1100 1067 num
1119 1040 1269 1075 imperator
1285 1049 1337 1069 non
1355 1043 1568 1073 coliservaverit.
1583 1043 1663 1070 velim
1681 1043 1732 1070 hoc
1748 1043 1821 1069 scia-

1033 1087 1083 1120 tis,
1101 1093 1214 1114 cunctos
1239 1086 1296 1115 fere
1320 1088 1389 1122 apud
1414 1096 1480 1121 nos,
1497 1093 1614 1124 excepto
1641 1089 1820 1122 imperatore.

1031 1132 1220 1160 orthodoxiam
1245 1134 1386 1161 Generalis
1411 1135 1568 1169 negavisse,
1593 1142 1680 1169 neque
1701 1143 1762 1161 eum
1788 1134 1821 1161 ad

1033 1179 1161 1205 unionem
1182 1187 1357 1206 accessurum
1375 1180 1549 1207 cxi»timasse
1566 1189 1573 1207 :
1593 1180 1721 1215 pervertit
1737 1180 1821 1212 enim,

1030 1224 1155 1255 ait-baut,
1174 1224 1280 1251 divinas
1302 1222 1436 1257 Litteras,
1455 1224 1578 1259 falsaque
1601 1226 1821 1260 interpretatione

1031 1267 1063 1293 ad
1083 1274 1162 1293 suum
1186 1267 1290 1294 libitum
1311 1268 1394 1294 trahit
1413 1278 1419 1295 :
1439 1272 1465 1295 et.
1482 1274 1611 1296 orctentts
1628 1270 1737 1304 quidem
1756 1278 1821 1296 san-

1029 1317 1087 1338 ctos
1108 1311 1203 1339 Patres
1222 1313 1320 1340 sectari
1341 1314 1456 1346 dictitat,
1471 1321 1500 1341 re
1520 1318 1610 1341 autem
1628 1322 1690 1341 vera
1712 1314 1754 1341 his
1774 1314 1822 1341 ad-

1031 1363 1167 1384 versatur.
1184 1358 1287 1391 Quibus
1309 1359 1457 1393 imperator
1476 1360 1698 1387 criminatoribus
1719 1359 1820 1387 litteras

1029 1401 1172 1429 Generalis
1204 1403 1291 1437 palam
1322 1404 1457 1439 opposuit.
1484 1403 1552 1432 llinc
1579 1412 1644 1439 ergo
1670 1409 1744 1439 patet
1771 1413 1820 1432 cur

1029 1456 1100 1476 nunc
1117 1450 1208 1476 cuneti
1228 1450 1283 1477 fere
1302 1450 1416 1477 Rmnani
1436 1458 1485 1485 pro
1502 1450 1627 1478 Generali
1651 1455 1705 1477 tam
1727 1456 1820 1485 aperte

1028 1495 1181 1530 loquantur.
1192 1496 1279 1530 Atque
1291 1497 1360 1523 hanc
1369 1496 1514 1524 'l‘heoriani
1530 1497 1722 1524 narrationem
1729 1497 1818 1524 ezeteri

1028 1545 1094 1571 socii
1118 1545 1273 1572 testimonio
1294 1552 1343 1572 suo
1365 1544 1551 1572 ﬁrmaverunt.
1568 1545 1658 1578 Quare
1679 1544 1819 1572 Generalis

1028 1590 1141 1616 multum
1159 1591 1190 1617 de
1207 1591 1245 1616 ira
1263 1591 1414 1622 remittens,
1430 1591 1545 1617 hactum
1560 1590 1673 1617 absolvit
1690 1591 1819 1617 crimina-

1027 1636 1099 1662 tione
1114 1635 1310 1663 Theorianum.
1328 1636 1516 1671 Subsequenle
1532 1641 1620 1663 autem
1636 1636 1679 1662 die
1694 1635 1770 1663 nobis
1784 1636 1817 1663 ad

1026 1681 1157 1716 synodum
1174 1682 1276 1709 vocatis
1292 1683 1330 1709 ait
1345 1691 1352 1710 :
1371 1682 1408 1709 De
1423 1683 1526 1709 duabus
1541 1683 1649 1717 quidem
1667 1682 1693 1709 in
1709 1682 1818 1710 Christo

1027 1727 1132 1754 naturis
1149 1732 1176 1754 et
1193 1728 1255 1755 olim
1274 1733 1300 1755 et
1316 1735 1386 1755 nunc
1403 1728 1504 1755 dicttnn
1523 1729 1587 1755 satis
1605 1734 1645 1755 est
1663 1738 1669 1755 :
1689 1728 1817 1762 quoniam

1027 1781 1091 1801 vero
1108 1774 1280 1808 imperatoris
1297 1774 1422 1809 epistola,
1440 1779 1469 1801 ut
1485 1775 1517 1802 de
1534 1775 1595 1802 aliis
1612 1782 1720 1809 quoque
1738 1774 1814 1807 capi-

1028 1820 1091 1847 tttlis
1106 1820 1275 1854 disputemus
1290 1826 1392 1855 monet,
1403 1822 1425 1848 si
1436 1821 1500 1856 Quid
1516 1821 1592 1849 vobis
1609 1821 1700 1848 dicere
1717 1821 1816 1855 placet,

1027 1864 1143 1892 libenter
1157 1867 1310 1894 audiemus.

1066 1917 1196 1945 TllEUB.
1218 1918 1343 1947 Relatum
1360 1920 1438 1947 nobis
1449 1924 1501 1952 est,
1516 1920 1661 1947 Armenios
1678 1920 1703 1946 in
1720 1919 1818 1946 divinis

1028 1965 1171 2000 mysteriis
1198 1965 1289 1992 vinum
1307 1965 1415 1998 otl‘erre,
1430 1973 1499 2000 aqua
1516 1973 1569 1992 non
1595 1965 1722 1993 admista.
1741 1965 1817 1993 Scire

1027 2019 1150 2042 avemus,
1166 2010 1238 2038 unde
1253 2011 1279 2038 id
1299 2011 1428 2038 traditum
1443 2010 1611 2045 acceperint.

1064 2056 1144 2085 GEN.
1167 2056 1250 2084 Divus
1267 2056 1479 2092 Chrysostomus
1498 2057 1663 2091 octogesima
1680 2056 1773 2091 quinta
1788 2056 1816 2084 in

1032 2101 1152 2129 Matthaei
1171 2100 1348 2136 Evangelium
1365 2100 1477 2128 homilia
1494 2101 1532 2128 sic
1544 2102 1602 2128 ait:
1623 2110 1632 2127 ι
1649 2101 1704 2128 Cur
1720 2109 1733 2127 a
1750 2109 1819 2128 con-

1030 2149 1102 2176 vivio
1117 2156 1233 2183 surgens
1249 2148 1321 2176 haud
1338 2155 1436 2182 aquam
1454 2148 1501 2175 sed
1518 2148 1609 2174 vinum
1627 2148 1715 2175 bibit?
1731 2147 1817 2174 Nimi-

1028 2203 1088 2222 l'lllll
1111 2199 1140 2222 ut
1165 2201 1276 2229 pravam
1303 2194 1382 2221 aliam
1406 2195 1531 2221 haeresim
1556 2193 1678 2221 funditus
1705 2194 1816 2221 deleret.

1029 2240 1164 2273 Quoniam
1181 2240 1253 2266 enim
1272 2244 1337 2266 sunt
1353 2240 1479 2267 nonnulli
1496 2240 1540 2274 qui
1558 2248 1625 2273 aqua
1638 2240 1664 2266 iu
1679 2239 1817 2275 mysteriis

1027 2291 1152 2320 utuntur,
1171 2286 1370 2313 demonstravit
1385 2286 1411 2312 in
1435 2290 1606 2313 antecessum
1623 2286 1752 2313 Dominus
1763 2306 1771 2319 ,
1787 2293 1817 2312 se

1028 2338 1057 2360 ct
1077 2342 1140 2360 cum
1160 2332 1319 2367 mysterium
1342 2333 1392 2359 hoc
1415 2332 1587 2365 institueret,
1604 2337 1631 2359 et
1645 2340 1705 2359 cum
1721 2340 1817 2359 exsur-

1026 2386 1103 2413 gens,
1120 2378 1240 2413 SCpOsilO
1256 2378 1386 2413 mysterio
1399 2399 1406 2410 ,
1419 2385 1591 2405 communem
1610 2385 1728 2404 mensam
1740 2377 1818 2404 exhi-

1026 2425 1116 2455 beret,
1128 2425 1191 2451 vino
1208 2424 1292 2451 fuisse
1307 2431 1397 2452 usum.
1417 2433 1426 2450 ι
1445 2422 1545 2451 Vidcn‘
1561 2428 1590 2450 ut
1605 2425 1685 2451 divus
1705 2431 1814 2458 pravam

1026 2472 1150 2498 hmresim
1165 2471 1293 2506 appellat,
1313 2478 1390 2505 aqua:
1405 2470 1431 2497 in
1447 2470 1548 2497 divinis
1565 2470 1700 2505 mysteriis
1717 2468 1816 2496 nsum?

1025 2518 1220 2552 Rursusquezt
1237 2515 1273 2544 Ex
1286 2517 1578 2551 genimine,ail,vilis;
1589 2517 1651 2543 vitis
1661 2521 1814 2543 autemnon

1024 2570 1145 2597 aquam,
1170 2563 1216 2589 sed
1235 2562 1325 2588 vinmn
1355 2561 1448 2596 gignit.
1467 2570 1476 2586 ι
1505 2560 1574 2594 Quid
1602 2561 1689 2587 adhuc
1714 2559 1814 2587 clarius

1026 2607 1171 2643 postulas?
1202 2607 1255 2634 Sed
1280 2607 1352 2634 enim
1381 2607 1490 2634 homilia
1513 2613 1622 2641 quoque
1647 2605 1813 2640 octogesima

1024 2655 1122 2686 quinta
1145 2654 1171 2680 in
1197 2653 1312 2680 Joannis
1337 2653 1534 2688 Evangelium,
1562 2661 1644 2686 super
1659 2653 1733 2678 dicto
1756 2651 1814 2683 illo,

1025 2700 1114 2727 Επίυἱι
1134 2700 1243 2734 sanguis
1264 2706 1287 2726 et
1302 2707 1382 2734 aqua,
1399 2699 1438 2725 sic
1462 2700 1498 2725 ait
1514 2707 1521 2725 :
1544 2707 1553 2723 ι
1572 2698 1630 2725 Νοιι
1647 2698 1748 2725 frustra
1764 2706 1814 2724 nc-

1026 2754 1079 2780 quc
1095 2754 1158 2773 casu
1177 2747 1270 2781 aliquo
1287 2746 1377 2773 fontes
1400 2745 1426 2773 hi
1445 2745 1623 2780 prodierunt,
1639 2745 1684 2772 sed
1701 2745 1764 2779 quia
1780 2753 1813 2772 ex

1024 2792 1065 2820 his
1081 2792 1214 2820 ambobus
1230 2791 1370 2825 consurgit
1385 2791 1516 2818 Ecclesia.
1536 2791 1632 2818 Sciunt
1649 2791 1758 2823 initiati,
1778 2799 1812 2818 ex

1021 2845 1093 2873 aqua
1121 2837 1273 2872 regenerati
1287 2857 1294 2869 ,
1311 2837 1444 2871 sanguine
1466 2840 1494 2862 et
1513 2843 1595 2863 carne
1619 2837 1733 2866 alimur;
1760 2837 1811 2863 hoc

1021 2890 1063 2912 est
1075 2884 1265 2919 mysteriorum
1283 2883 1401 2915 initium,
1413 2887 1441 2909 ut
1455 2889 1516 2910 cum
1531 2882 1564 2909 ad
1580 2882 1724 2910 verendum
1735 2882 1810 2909 illum
