4096 6422
438 287 537 353 251
1866 281 2300 384 TIIEOIiIANi
3587 282 3705 345 252

441 407 672 460 calicem
707 404 960 469 accedes,
994 411 1253 472 tanquam
1285 419 1348 457 ex
1382 403 1499 473 ipso
1527 403 1699 455 latone
1725 402 2018 455 Itanstnrns

2136 398 2428 468 αυστήρια,
2461 399 2570 462 ἵνα,
2606 398 2735 451 ὅταν
2762 396 3000 468 προσίῃς
3040 394 3120 466 τῷ
3174 396 3392 468 φρικτῷ
3429 401 3699 470 ποτηρίῳ,

441 496 697 549 accedas.
736 514 754 546 ι
802 493 961 549 Hunc
1015 495 1198 564 itaque
1247 494 1439 547 durem
1491 504 1653 562 atque
1679 493 2011 563 magistrum

2136 490 2187 551 b;
2211 490 2306 542 ἀπ’
2339 491 2510 560 αὺςῆς
2543 489 2714 542 πίνων
2746 489 2847 559 τῆς
2877 488 3144 559 πλευρᾶς,
3197 488 3342 542 οὕτω
3374 493 3630 564 προσίῃς.
3672 514 3694 546 ι

439 584 705 640 habentes
724 585 989 649 Armenii,
1010 601 1203 654 aquam
1237 585 1291 638 in
1324 584 1521 639 divinis
1551 583 1842 652 mysteriis,
1869 584 2015 651 quod

2136 580 2318 635 Γοῦτον
2345 580 2560 651 ἔχοντες
2580 583 2631 633 οἱ
2654 577 2936 650 Ἀρμένιοι
2962 579 3200 650 ποδηγδν
3223 581 3317 633 καὶ
3351 580 3700 651 διδάσκαλον,

437 690 536 729 vos
571 673 772 741 facitis,
802 692 909 730 non
960 676 1309 730 admiscent:
1345 676 1472 730 vitis
1507 676 1653 729 enim
1685 676 1870 729 vinum
1908 690 2013 727 non

2136 673 2265 745 ὕδωρ
2292 674 2351 725 ἐν
2382 675 2492 731 τοῖς
2519 671 2683 733 θείοις
2718 669 3068 740 μυστηρίοις,
3109 670 3186 733 ὡς
3208 672 3392 740 ὑμεῖς,
3415 673 3475 724 οὐ
3506 674 3705 742 μιγνύ-

440 781 636 836 aquam
673 769 879 837 gignit;
929 768 1059 837 quid
1090 768 1193 823 hoc
1241 768 1586 822 manifestius
1638 780 1761 821 esse
1800 765 2019 836 potest?

2136 783 2270 819 ιυσιν
2293 780 2309 797 ⁶
2342 762 2588 833 ἄμπελος
2623 765 2728 832 γὰρ
2755 757 2920 827 οἶνον,
2956 762 3054 831 οὐχ
3085 760 3254 832 ὕδωρ,
3289 766 3475 834 γεννᾷο
3504 765 3554 816 τί
3576 765 3698 818 τούο

440 855 794 928 Rursusqne:
826 877 844 908 ι
877 858 952 912 Ex
978 873 1114 929 aqua
1138 850 1462 927 regenerati,
1487 860 1749 929 sanguine
1775 866 1829 910 et
1853 872 2019 911 carne

2136 876 2213 911 που
2244 856 2427 926 ζητεῖς
2452 855 2885 925 ὲναργέστερονς
2944 854 3052 908 Καὶ
3103 854 3266 908 πάλιν
3333 872 3353 905 ι
3391 856 3471 907 Δι’
3505 856 3704 918 ὓδατος

440 948 658 1003 nutriti.
711 966 730 999 ι
796 947 988 1002 Viden’
1026 958 1083 1002 ut
1139 948 1427 1003 manifeste
1500 964 1693 1017 aquam
1748 948 2019 1018 baptismo

2136 949 2578 1027 ἰναγεννώμενοι,
2643 947 2711 999 δι’
2761 947 2997 1017 αἵματος
3040 946 3227 1000 δὲκαὶ
3275 947 3623 1018 τρεφόμενοι.
3675 967 3696 1000 ι

440 1039 711 1107 attribuit,
739 1040 1053 1111 sanguinem
1103 1039 1301 1094 divina:
1331 1037 1737 1094 communioni?

512 1220 767 1278 TllEOR.
801 1222 901 1276 Ain
932 1236 1095 1286 vero,
1129 1222 1374 1277 Ecclesia
1411 1220 1577 1276 divini
1628 1221 1880 1289 baptismi
1909 1235 2024 1293 my-

444 1316 671 1368 sterEum
707 1313 759 1366 in
791 1311 1103 1368 Jordanene
1132 1314 1364 1382 accepit,
1393 1328 1459 1367 an
1494 1314 1545 1366 in
1580 1328 1740 1368 cruce
1761 1317 1786 1367 ’ί

521 1489 678 1545 ΟΕΝ.
744 1490 916 1558 Quem
975 1491 1230 1548 Christus
1293 1493 1621 1563 baptismum
1681 1495 1733 1548 in
1783 1493 2025 1550 Iordane

451 1583 714 1647 suscepit,
753 1583 797 1638 is
829 1583 1183 1651 imperfectus
1209 1596 1321 1639 crat
1351 1600 1364 1639 :
1396 1585 1591 1639 etenim
1626 1601 1656 1640 α
1682 1586 2025 1641 Praecursore

447 1660 759 1741 baptizatus
784 1684 890 1729 est.
941 1675 996 1729 In
1054 1690 1307 1731 sermone
1340 1688 1520 1730 autem
1566 1678 1721 1746 cujus
1754 1677 1967 1731 init’um
2006 1693 2022 1731 :

460 1785 478 1815 ι
518 1764 721 1819 lterum
775 1762 935 1821 Jesus
968 1782 1116 1821 meus
1153 1786 1172 1819 ι
1212 1768 1289 1821 ait
1336 1766 1632 1837 Gregorius
1665 1767 2020 1840 Theologus:

452 1873 471 1905 ι
514 1853 817 1922 Baptizavit
846 1856 1010 1911 etiam
1042 1855 1278 1912 Joannes
1301 1899 1317 1924 ,
1344 1857 1455 1925 jam
1489 1875 1591 1912 non
1623 1858 1880 1921 Judaice,
1913 1876 2022 1914 non

446 1946 591 1998 enim
635 1946 686 1999 in
716 1960 854 2016 aqua
890 1950 1262 2002 tantummodo
1286 1987 1301 2012 ,
1335 1964 1519 2003 verum
1554 1949 1714 2004 etiam
1749 1951 1816 2004 ad
1852 1951 2026 2019 posui—

449 2040 982 2094 tentiamznondum
1035 2050 1219 2095 tamen
1259 2050 1402 2096 totus
1452 2050 1567 2095 erat
1619 2041 1878 2111 spiritalis
1932 2042 2028 2095 ha-

446 2131 706 2201 ptismus,
739 2132 866 2201 quia
905 2131 1152 2186 formulze
1190 2147 1297 2188 non
1331 2133 1622 2201 adjiciebat
1655 2134 1707 2187 in
1742 2134 1959 2202 spiritu.
2002 2152 2021 2185 ι

430 2288 436 2291 ι
519 2221 773 2278 THEOR.
820 2224 930 2279 Iloc
962 2233 1070 2278 ate
1120 2223 1223 2278 dici
1271 2225 1459 2279 miror.
1498 2224 1686 2280 Nonne
1724 2226 1865 2280 enim
1903 2240 2028 2281 san-

449 2320 570 2368 ctus
629 2312 866 2383 Spiritus
923 2316 976 2369 in
1030 2316 1297 2370 columba:
1352 2316 1531 2386 specie
1589 2314 2030 2382 supervenerat?

447 2404 640 2461 Nonne
664 2407 881 2462 coalitus
934 2422 1121 2463 vocem
1177 2408 1400 2462 miserat
1444 2408 1643 2462 Pater?
1691 2408 1885 2464 Nonne
1935 2408 2029 2475 qui

452 2496 830 2562 haptizabatur
857 2497 1022 2552 Filius
1050 2499 1207 2555 erat?
1244 2498 1348 2553 Ubi
1384 2499 1568 2563 Pater,
1595 2499 1781 2567 Filius,
1820 2509 1874 2556 et
1906 2500 2030 2568 Spi-

447 2587 590 2642 ritus
635 2599 895 2652 sanctus,
932 2598 1133 2644 sanctae
1178 2591 1461 2645 Trinitatis
1511 2593 1749 2660 apprime
1798 2593 2030 2660 genuina

455 2679 724 2745 ostensio,
752 2679 897 2735 ibine
956 2681 1258 2750 baptismns
1296 2682 1645 2752 imperfectus
1665 2683 1815 2738 erat?
1845 2685 2029 2751 Quan-

453 2769 653 2823 donam
745 2771 827 2825 ais
900 2768 1105 2824 Christi
1175 2771 1508 2841 baptismum
1589 2777 1830 2831 evasisse
1912 2791 2033 2846 per-

451 2861 656 2916 fectum
694 2864 718 2918 ?

523 2955 682 3012 GEN.
736 2959 795 3011 In
852 2958 1103 3025 passione
1155 2956 1392 3019 scilicet,
1428 2971 1552 3012 cum
1600 2957 1769 3011 exivit
1803 2960 2031 3028 sanguis

2129 1041 2296 1113 Ὀρᾷς
2337 1041 2450 1103 πῶς
2473 1038 2735 1093 διέστειλε
2759 1038 3010 1109 φανερῶς
3042 1038 3105 1091 τὸ
3132 1037 3278 1110 ὓδωρ
3308 1041 3389 1102 είς
3409 1039 3471 1093 τὸ
3506 1040 3707 1110 βάπτι-

2123 1151 2257 1203 σμα,
2279 1133 2340 1185 τὸ
2365 1126 2507 1202 αἷμα
2547 1131 2603 1185 δὲ
2622 1131 2701 1194 είς
2727 1130 2828 1200 τὴν
2879 1129 3034 1183 θείαν
3063 1131 3369 1201 μετάληψιν
3401 1149 3416 1196 ;

2192 1225 2390 1278 θΕΩΡ.
2418 1223 2525 1276 Καὶ
2558 1223 2687 1276 πότε
2716 1220 3025 1292 παρέλαΰεν
3043 1210 3404 1293 η’Ἔκκλῇσία
3434 1224 3525 1277 τοῦ
3554 1224 3701 1277 θείου

2125 1319 2504 1392 βαπτίσματος
2536 1316 2596 1370 τὸ
2622 1317 2947 1387 μυστήριον,
2981 1317 3040 1369 ὲν
3091 1315 3171 1385 τῷ
3227 1316 3492 1389 Ἰορδάνῃ,
3560 1318 3593 1388 ἢ
3644 1318 3703 1371 ὲν

2122 1413 2199 1483 τῷ
2225 1408 2442 1481 σταυρῷ
2461 1427 2478 1475 ς

2195 1503 2358 1557 ΚΑΘ.
2394 1502 2468 1556 Τὸ
2501 1504 2560 1555 ὲν
2592 1501 2671 1572 τῷ
2729 1500 2963 1576 Ἰορδάνῃ
3003 1504 3285 1573 βάπτισμα
3319 1500 3413 1553 τοῦ
3437 1498 3703 1571 Χριστοῦ,

2125 1601 2313 1665 ἀτελὲς
2344 1596 2411 1670 ἦν
2439 1617 2454 1634 ·
2502 1600 2607 1653 ὑπὸ
2648 1601 2761 1671 γὰρ
2819 1599 2914 1655 τοῦ
2974 1601 3294 1671 Προδρόμου
3357 1597 3661 1668 ἐϐαπτίσθη
3687 1611 3705 1628 ⁸

2126 1695 2273 1761 λέγει
2299 1691 2429 1761 γοῦν
2456 1694 2484 1745 6
2523 1691 2787 1760 Θεολόγος
2832 1692 3135 1761 Γρηγόριος
3179 1693 3237 1743 έν
3288 1687 3366 1759 τῷ
3419 1688 3564 1757 λόγῳ
3601 1687 3704 1756 τῷ,

2131 1784 2297 1837 Πάλιν
2351 1782 2558 1851 Ἰησοῦς
2586 1786 2613 1837 6
2641 1784 2772 1853 ὲμός
2802 1798 2815 1813 ⁸
2848 1802 2867 1835 ι
2922 1781 3217 1835 Ἐϐάπτισε
3261 1780 3357 1834 καὶ
3418 1778 3704 1847 Ὶωάννησ,

2127 1875 2313 1929 οὐκέτι
2350 1876 2450 1946 μὲν
2474 1874 2821 1939 Ἰουδαϊκῶς·
2847 1874 2908 1928 οὐ
2950 1874 3061 1943 γὰρ
3084 1875 3140 1926 ὲν
3174 1872 3328 1926 ὕδατι
3366 1872 3533 1942 μόνῳ,
3567 1869 3706 1923 ἀλλᾶ

2128 1970 2221 2022 καὶ
2244 1970 2322 2031 είς
2350 1967 2679 2037 μετάνοιαν
2730 1966 2885 2020 οὔπω
2918 1966 2976 2018 δὲ
3018 1966 3141 2019 ὅλον
3205 1963 3601 2035 πνευματικὸν,
3642 1961 3707 2015 (ὖ

2129 2062 2239 2133 γὰρ
2274 2061 2601 2133 προστίθησι
2632 2059 2775 2114 τὸέν
2800 2058 2877 2130 τῷ
2915 2058 3211 2130 πνεύματι.
3259 2077 3280 2110 ι

2202 2231 2399 2288 ΘΕΩΡ.
2448 2230 2728 2300 Θαυμάζω
2759 2228 2876 2293 πῶς
2914 2226 3075 2283 τοῦτο
3107 2229 3316 2297 λέγεις’
3352 2230 3412 2283 οὐ
3470 2229 3711 2297 κατῆλθε

2130 2322 2189 2376 τὺ
2228 2320 2453 2391 Πνεῦμα
2489 2320 2551 2373 τὸ
2578 2320 2734 2386 ἆγιον
2778 2320 2834 2372 ὲν
2867 2316 2998 2371 εἴδει
3023 2320 3387 2389 περιστερᾶς;
3420 2318 3535 2371 Οὐκ
3565 2319 3714 2388 ἐφώ-

2130 2430 2294 2483 νησεν
2327 2412 2535 2467 ἄνωθεν
2563 2413 2592 2466 6
2633 2412 2823 2482 Πατήρ
2852 2427 2868 2477 ;
2912 2410 3026 2463 Οὐκ
3071 2406 3139 2482 ἧν
3171 2412 3198 2463 6
3250 2410 3650 2480 βαπτιζόμενος
3682 2409 3715 2463 6

2130 2506 2311 2573 Υἱόςς
2372 2506 2548 2558 Ὅπου
2593 2506 2621 2558 6
2676 2502 2888 2576 Πατὴρ,
2922 2504 3019 2558 καὶ
3063 2505 3091 2558 6
3156 2502 3305 2568 Υἱὸς,
3334 2503 3426 2557 καὶ
3465 2502 3525 2555 τὸ
3552 2502 3711 2570 ἆγιον

2132 2597 2397 2667 Πνεῦμα,
2457 2596 2557 2666 τῆς
2637 2595 2799 2664 ἁγίας
2869 2595 3099 2664 Τριάδος
3157 2596 3191 2666 ἡ
3258 2593 3712 2666 ἀκραιφνεστάτη

2133 2690 2465 2761 φανέρωσις,
2496 2689 2595 2742 οὐκ
2634 2683 2703 2759 ἦν
2733 2689 2794 2741 τὸ
2835 2688 3122 2759 βάπτισμα
3146 2688 3389 2755 τέλειον;
3440 2689 3579 2742 Πότε
3612 2684 3713 2742 οῦν

2131 2781 2316 2849 λέγεις
2348 2779 2708 2850 τελειωθῆναι
2739 2780 2802 2831 τὸ
2833 2778 3123 2850 βάπτισμα
3147 2779 3243 2832 τοῦ
3273 2777 3516 2849 Χριστοῦ
3547 2794 3563 2845 ;

2204 2959 2370 3016 ΚΑΘ.
2412 2960 2501 3013 Ἐν
2528 2957 2609 3029 τῷ
2647 2957 2836 3023 πάθει,
2862 2958 2952 3011 ὅτε
2974 2954 3201 3026 ἐξῆλθεν
3229 2949 3370 3024 αῒμα
3400 2954 3496 3010 καὶ
3525 2954 3670 3027 ὕδωρ
3692 2972 3710 2989 ⁸

449 3055 509 3098 et
539 3062 676 3114 aqua
713 3064 727 3102 :
770 3057 883 3103 tum
912 3050 1054 3103 enim
1088 3049 1282 3105 Adami
1329 3049 1535 3104 crimen
1589 3049 1780 3105 abluit.
1824 3050 2028 3117 Quam-

2136 3055 2251 3109 τότε
2286 3055 2394 3125 γάρ
2427 3053 2527 3123 τῆς
2556 3049 2925 3123 παραϐάσεως
2950 3050 3040 3103 τὸν
3078 3048 3253 3119 Ἀδάμ
3276 3048 3547 3102 ἀπέλουσε
3568 3063 3586 3082 ο
3629 3048 3716 3103 διδ

451 3141 643 3194 obrem
680 3150 734 3194 et
765 3141 818 3194 in
859 3140 1113 3196 Calvario
1144 3150 1373 3195 mortem
1415 3154 1510 3207 per
1532 3156 1751 3194 crucem
1788 3142 2029 3211 pertulit,

458 3241 518 3283 ut
552 3230 767 3287 divinus
796 3235 1020 3301 sanguis
1051 3232 1353 3287 decurrens
1396 3232 1589 3286 Adami
1632 3231 1845 3300 culpam
1885 3231 2033 3287 lava-

455 3331 563 3377 ret.
597 3325 689 3393 Ait
724 3325 869 3379 enim
904 3338 1130 3403 magnus
1162 3323 1401 3379 Basilius
1432 3324 1486 3377 in
1518 3325 1927 3379 commentariis
1965 3326 2033 3379 ad

452 3414 646 3470 lstiam
689 3434 704 3471 :
753 3436 771 3469 ι
810 3415 975 3471 Fama
1026 3417 1338 3486 huiusmodi
1393 3433 1489 3486 per
1535 3417 1882 3473 traditionem
1925 3435 2031 3474 non

453 3507 718 3577 scriptam
751 3507 803 3560 in
837 3506 1081 3563 Ecclesia
1112 3509 1346 3573 mansit,
1383 3509 1610 3576 primam
1646 3517 1914 3564 terrarum
1942 3509 2035 3565 Ju-

455 3598 625 3651 dmam
659 3585 868 3651 Adamo
909 3598 1283 3653 habitaculum
1330 3600 1650 3667 praestitisse
1678 3640 1692 3663 ,
1746 3612 2033 3671 postquam

454 3687 549 3742 ille
590 3687 844 3756 paradiso
893 3688 1103 3758 ejectus
1130 3688 1346 3756 fuerat,
1380 3690 1515 3743 etin
1564 3691 1661 3745 hac
1714 3692 2032 3761 collocatus,

456 3778 525 3832 ad
556 3780 819 3834 bonorum
853 3794 972 3848 qme
1007 3781 1266 3834 amiserat
1315 3779 1598 3835 solatium.
1635 3781 1834 3836 Eadem
1864 3783 2031 3851 igitur

454 3880 510 3925 et
541 3879 812 3925 mortuum
840 3870 1010 3940 prima
1044 3871 1259 3941 excepit
1295 3873 1565 3926 hominem
1601 3873 1874 3928 Adamqu
1898 3915 1914 3942 ,
1941 3876 2036 3946 qui

457 3965 663 4035 peccati
696 3979 909 4035 poenam
940 3973 1114 4020 morte
1144 3965 1422 4036 persolvit,
1449 3984 1469 4019 ι

536 4143 797 4199 TllEOR.
826 4144 929 4211 Qui
973 4146 1049 4201 ait
1091 4145 1303 4201 Domini
1341 4147 1667 4215 baptisomm
1716 4146 1770 4202 in
1800 4146 2040 4204 Iordane

462 4236 635 4292 fuisse
670 4237 1069 4308 imperfectum,
1100 4238 1146 4292 is
1180 4238 1313 4292 mihi
1347 4239 1501 4292 valde
1531 4241 1707 4294 audax
1742 4241 1955 4295 videtur
1985 4250 2041 4295 et

457 4330 528 4381 ab
562 4328 824 4383 Ecclesia:
854 4330 1123 4382 sententia
1151 4328 1385 4384 alienus.
1433 4328 1646 4384 Etenim
1680 4331 1836 4386 divus
1876 4330 2040 4403 Chry-

2133 3148 2229 3203 mi
2260 3148 2316 3200 ἐν
2354 3147 2505 3214 τόπῳ
2539 3143 2771 3216 κρανίου
2797 3142 2888 3196 τὸν
2914 3142 3000 3196 διά
3026 3140 3264 3212 σταυροῦ
3305 3141 3537 3196 θάνατον
3582 3159 3715 3197 κατ-

2133 3234 2376 3301 εδέξατο,
2413 3232 2506 3286 ἵνα
2552 3230 2650 3285 τοῦ
2716 3229 2866 3284 θείου
2935 3229 3167 3299 αἵματος
3216 3229 3714 3300 παραῤῥεῦσαντος

2133 3329 2225 3381 τὸν
2281 3325 2458 3396 Ἀδὰμ
2523 3322 2814 3395 ἀποπλύνῃ
2882 3321 2976 3375 τοῦ
3027 3321 3507 3391 παραπτώματος·
3562 3321 3715 3391 λέγει

2133 3419 2243 3489 γάρ
2271 3420 2299 3472 ό
2326 3418 2500 3489 μέγας
2529 3415 2814 3479 Βασίλειος
2844 3415 2902 3469 ὲν
2928 3417 2995 3486 τῇ
3022 3414 3104 3478 είς
3143 3415 3233 3467 τὸν
3268 3414 3501 3467 Ἡσαΐαν
3542 3414 3717 3484 ἑρμη-

2135 3510 2255 3581 νείᾳ
2277 3525 2291 3540 ·
2322 3528 2341 3562 ι
2372 3509 2547 3576 Λόγος
2582 3506 2702 3560 ἐστὶ
2740 3504 2951 3559 τοιόσδε
2979 3503 3122 3557 κατά
3164 3504 3264 3573 τὴν
3291 3502 3545 3573 ἄγραφον
3581 3503 3720 3572 μνή-

2140 3618 2248 3670 μην
2279 3600 2338 3651 ὲν
2364 3600 2431 3668 τῇ
2465 3596 2768 3668 Ἐκκλησία
2797 3592 3222 3663 διασωζόμενος,
3243 3592 3319 3655 ὡς
3370 3593 3479 3662 ἄρα
3521 3592 3716 3666 πρώτη

2150 3688 2379 3744 Ἰουδαία
2407 3685 2697 3758 ἄνθρωπον
2746 3678 2861 3755 εἷχε
2895 3685 3215 3754 οἰκητήριον
3243 3682 3337 3735 τὸν
3362 3682 3535 3753 Ἀδὰμ
3577 3684 3722 3751 μετὰ

2136 3781 2198 3833 τὸ
2227 3780 2564 3850 ἐκϐληθῆναι
2605 3776 2703 3831 τοῦ
2732 3775 3095 3849 παραδείσου,
3132 3777 3193 3828 ἐν
3220 3774 3394 3847 ταύτῃ
3457 3773 3720 3844 καθιδρυ-

2139 3872 2302 3925 θέντα
2331 3872 2412 3933 είς
2456 3867 2814 3939 παραμυθίαν
2848 3860 2922 3920 ὧν
2971 3866 3244 3935 ἐστερήθη
3281 3881 3294 3894 ο
3353 3863 3547 3935 πρώτη
3607 3862 3706 3918 οὖν

2138 3965 2234 4017 καὶ
2267 3962 2462 4034 νεκρὸν
2494 3959 2713 4025 ἐδέξατο
2741 3958 3032 4032 ἄνθρωπον
3072 3959 3191 4011 ἐκεῖ
3239 3957 3333 4010 τὸν
3379 3956 3557 4028 ’Δδὰμ
3615 3957 3721 4027 τὴν

2139 4053 2439 4121 καταδίνην
2470 4050 2859 4120 πληρώσαντα.
2902 4069 2920 4102 ι

2212 4146 2408 4199 ΘΕΩΡ.
2434 4145 2507 4197 Τὸ
2535 4144 2721 4211 λέγειν
2751 4144 2834 4196 ὅτι
2874 4141 2935 4195 τὸ
2971 4141 3263 4213 βάπτισμα
3297 4141 3390 4195 τοῦ
3425 4141 3633 4212 Κυρίου
3656 4140 3722 4193 τὸ

2140 4239 2200 4291 ὲν
2226 4238 2303 4309 τῷ
2333 4236 2575 4307 Ἰορδάνῃ
2620 4234 2810 4297 ἀτελὲς
2839 4229 2928 4305 ἦν,
2963 4234 3170 4302 σφόδρα
3218 4250 3307 4303 μοι
3340 4234 3491 4287 δοκεῖ
3513 4234 3720 4303 τολμη-

2146 4331 2378 4401 ρδν,καὶ
2406 4330 2506 4399 τῆς
2557 4327 2890 4398 Ἐκκλησίας
2937 4326 3263 4396 ἀλλότριον·
3337 4328 3473 4397 φησὶ
3532 4326 3643 4396 γὰρ
3691 4327 3721 4379 6

456 4427 739 4472 sostomus
786 4418 839 4471 in
890 4419 1128 4473 secunda
1182 4419 1248 4472 ad
1300 4419 1596 4488 capitulum
1644 4419 1877 4474 Matthaei
1930 4422 2031 4489 pri-

2144 4424 2285 4486 θεῖος
2313 4421 2701 4494 Χρυσόστομος
2732 4419 2791 4471 ὲν
2827 4419 2892 4489 τῇ
2923 4417 3156 4490 δευτέρᾳ
3186 4417 3372 4491 ὁμιλίᾳ
3417 4418 3510 4471 τοῦ
3575 4420 3722 4472 κατὰ

463 4524 608 4560 mum
652 4508 871 4561 humilia
906 4509 979 4560 ait
1010 4526 1025 4561 :
1061 4526 1081 4560 ι
1118 4508 1358 4576 Namque
1391 4512 1491 4564 hoc
1535 4510 1806 4564 lavacrum
1838 4512 2035 4581 partim

461 4610 620 4651 vetus
659 4598 820 4665 quid,
852 4598 1047 4666 partim
1096 4612 1297 4651 novum
1340 4600 1655 4654 continebat
1704 4616 1719 4653 :
1772 4601 2037 4670 siquidem

459 4686 726 4758 baptizari
758 4703 786 4740 a
831 4688 1092 4758 propheta
1119 4729 1133 4754 ,
1184 4699 1507 4746 vetustatem
1543 4707 1653 4762 pne
1696 4708 1756 4747 se
1792 4693 2034 4761 ferebat;

459 4776 703 4847 Spiritus
736 4789 918 4833 autem
949 4778 1236 4845 adventus,
1262 4782 1554 4856 novitatem
1591 4785 1931 4839 ostendebat.
1954 4786 2034 4840 Ac

461 4869 632 4922 veluti
664 4869 861 4938 aliquis
889 4869 1030 4923 inter
1060 4874 1192 4925 duas
1228 4872 1438 4926 medius
1468 4872 1734 4928 distantes
1769 4892 1856 4930 res
1878 4877 2037 4931 collo-

455 4969 657 5027 catus,
704 4961 964 5015 ambabus
1015 4961 1267 5030 utrinque
1321 4966 1564 5019 extensis
1613 4966 1861 5022 manibus
1918 4968 2037 5024 illas

456 5057 686 5123 cupiens
733 5055 1051 5119 connectit,
1098 5056 1173 5110 ita
1224 5054 1382 5112 Jesus
1426 5069 1584 5113 vetus
1630 5057 2036 5116 Testamentum

460 5162 637 5212 novo,
674 5148 910 5216 divinam
947 5160 1194 5202 naturam
1244 5149 1494 5202 hlllllilll-‘B
1520 5189 1534 5215 ,
1583 5165 1680 5203 sua
1714 5153 1914 5206 nostris
1942 5167 2034 5205 an-

461 5242 672 5294 nexuit.
726 5239 991 5294 Praeterea
1035 5255 1172 5309 quos
1206 5239 1509 5312 Theologus
1542 5242 1834 5312 Gregorius
1881 5261 2034 5299 com-

460 5338 645 5407 posoit
677 5336 743 5391 de
773 5337 1039 5406 baptismo
1076 5354 1357 5392 sermones
1393 5341 1526 5393 duos
1552 5379 1567 5401 ,
1603 5339 1889 5393 Luminum
1922 5340 2035 5413 (20)

463 5439 708 5499 tempore
732 5445 835 5484 non
871 5430 1141 5484 Passionis
1168 5430 1347 5499 legere
1374 5431 1609 5487 Ecclesia
1640 5434 1776 5486 solet
1807 5452 1819 5487 :
1846 5452 1865 5485 ι
1901 5435 2039 5487 llur-

464 5534 558 5576 sus
590 5519 748 5576 Jesus
770 5561 790 5595 η,
826 5529 880 5575 et
908 5538 1096 5577 rursus
1132 5521 1470 5593 mysterium.
1510 5540 1528 5572 ι
1582 5521 1645 5576 Et
1678 5525 1838 5593 paulo
1870 5535 1991 5594 post
2024 5541 2038 5577 :

2140 4516 2419 4571 Ματθαίον
2450 4512 2670 4585 πρώτου
2703 4528 2717 4543 ·
2759 4530 2778 4562 ι
2815 4512 2924 4563 Καὶ
2965 4510 3074 4578 γάρ
3105 4511 3165 4563 τὸ
3192 4511 3421 4580 λουτρὸν
3452 4509 3717 4574 τοιοῦτον,

2137 4601 2252 4675 εἶχε
2282 4607 2391 4676 γάρ
2421 4622 2473 4658 τι
2505 4603 2600 4656 τοῦ
2632 4602 2888 4666 παλαιοῦ,
2921 4595 3038 4671 εἶχέ
3077 4618 3132 4653 τι
3163 4603 3258 4654 καὶ
3300 4601 3395 4654 τοῦ
3427 4601 3550 4654 νέου
3572 4616 3587 4632 ο
3658 4601 3721 4653 τὸ

2140 4698 2241 4765 μὲν
2270 4698 2379 4765 γάρ
2416 4693 2521 4748 ὑπδ
2542 4693 2636 4746 τοῦ
2677 4692 2963 4763 προφήτου
2998 4691 3386 4763 βαπτισθῆναι,
3412 4692 3472 4744 τὸ
3490 4691 3722 4744 παλαιὸν

2134 4788 2375 4842 ἐδείκνυε
2401 4803 2415 4817 ⁸
2453 4787 2514 4839 τὸ
2540 4785 2597 4839 δὲ
2626 4784 2849 4853 Πνεῦμα
2883 4782 3187 4848 κατελθεῖν,
3216 4783 3277 4835 τὸ
3326 4782 3447 4837 νέον
3476 4783 3721 4853 ὑπέγρα-

2134 4880 2223 4950 ψε.
2257 4880 2365 4932 Καὶ
2394 4877 2644 4946 καθάπερ
2677 4893 2760 4939 τις
2786 4877 2857 4941 ὲν,
2894 4873 3208 4945 μεταιχμίῳ
3244 4875 3378 4938 στὰς
3419 4873 3512 4926 δύο
3553 4873 3719 4928 τινῶν

2138 4973 2384 5041 ἀλλήλων
2407 4969 2799 5037 διεστηκότων,
2831 4968 3152 5039 ἀμφοτέρας
3186 4965 3446 5029 διπλώσας
3476 4966 3574 5029 τὰς
3603 4968 3720 5037 χεῖ-

2140 5083 2262 5137 ρας,
2303 5063 2648 5132 ἑκατέρωθεν
2677 5061 2879 5121 λαϐὼν,
2910 5060 3220 5130 covini/sev,
3250 5058 3394 5111 οῦτω
3423 5062 3516 5111 καὶ
3555 5059 3722 5121 αὐτὸς

2141 5158 2392 5226 ἐποίησε,
2418 5159 2515 5226 τὴν
2547 5155 2789 5209 Παλαιὰν
2818 5156 2883 5224 τῇ
2917 5155 3094 5224 Καινῇ
3126 5153 3434 5216 συνάπτων,
3454 5152 3551 5222 τὴν
3569 5151 3720 5205 θείαν

2144 5250 2306 5319 φύσιν
2360 5251 2426 5319 τῇ
2476 5247 2814 5319 ἀνθρωπίνῃ,
2859 5245 2957 5315 τὴν
3000 5244 3166 5299 αὑτοῦ
3198 5247 3312 5307 τοῖς
3350 5245 3658 5314 ἡμετέροις.
3697 5262 3716 5294 ο

2157 5340 2318 5394 Ἀλλὰ
2380 5342 2474 5392 καὶ
2525 5338 2618 5402 οὓς
2663 5341 2690 5392 6
2746 5339 3007 5405 Θεολόγος
3068 5338 3371 5408 Γρηγόριος
3403 5334 3497 5388 δύο
3525 5335 3721 5403 λόγους

2149 5428 2403 5483 συνέθετο
2443 5430 2571 5498 περὶ
2594 5426 2687 5480 τοῦ
2720 5427 3120 5496 βαπτίσματος,
3148 5427 3210 5478 ἐν
3258 5425 3336 5494 τῷ
3379 5423 3555 5494 καιρῷ
3610 5422 3722 5477 τῶν

2149 5519 2346 5574 Φώτων
2380 5522 2413 5590 ἡ
2455 5518 2761 5590 Ἐκκλησία
2802 5516 3137 5589 παρέλαὸεν,
3173 5516 3274 5569 οὐκ
3303 5516 3362 5569 ἐν
3412 5516 3489 5586 τῷ
3545 5513 3723 5587 καιρῷ

549 5703 663 5773 (ἓο)
696 5701 895 5773 Nempe
926 5702 1013 5761 die
1043 5704 1270 5762 solemni
1315 5706 1834 5765 catcchumcnorum
1871 5705 2217 5776 baptismatis
2239 5741 2254 5771 ,
2287 5718 2449 5777 quam
2485 5700 2938 5758 illuminationcm
2972 5696 3145 5755 (ἔιωεὶ
3179 5705 3393 5753 vocant-
