4096 6404
437 293 546 354 255

1868 293 2304 357 TIIEORIANI

3590 290 3704 355 ξ.)ῗῦ

443 407 688 462 Ecclesia
731 422 932 460 morem
967 408 1238 477 acccpcrit
1289 407 1416 462 vino
1466 418 1522 464 et
1571 425 1712 480 aqua
1766 411 2008 464 divinum

2133 411 2303 475 ὓδατος
2331 413 2429 484 τήν
2459 412 2610 466 θείαν
2639 408 3028 479 μυσταγωγίαν
3060 408 3254 461 τελεῖν.
3288 407 3345 458 ’0
3379 405 3705 473 ἁδελφόθεος

443 500 756 572 mysterium
809 500 1119 568 peragendi.
1172 498 1366 553 Frater
1424 499 1634 556 Domini
1686 501 1920 558 Jacobus
1955 503 2008 554 in

441 591 739 661 composita
788 605 816 642 a
865 606 922 644 se
954 590 1178 658 liturgia
1208 592 1287 644 sic
1333 592 1451 645 ait:
1490 610 1508 643 ι
1549 591 1812 648 Similiter
1858 605 2008 662 post-

441 702 604 753 quam
649 683 908 745 manavit,
941 683 1214 749 accipiens
1257 683 1505 747 calicem,
1547 686 1845 753 vinumque
1885 701 2007 737 cmn

443 794 583 846 aqua
608 779 866 840 miscens,
891 777 1119 830 elevatis
1143 775 1194 828 in
1219 776 1416 828 corium
1446 777 1642 841 oculis,
1671 777 1872 846 tibique
1905 775 2012 829 Deo

443 884 490 922 ot
524 870 667 922 Patri
699 869 1017 932 ostendens,
1051 868 1258 938 gratias
1290 883 1476 937 agens.
1509 870 1856 932 benedicens,
1888 885 2012 921 san-

444 963 714 1023 ctilicans,
769 959 976 1028 Spiritu
1011 968 1198 1012 sancto
1248 959 1496 1027 impletis,
1547 961 1767 1014 tradidit
1809 959 2012 1013 sanctis

447 1053 730 1118 heatisque
775 1051 888 1105 suis
933 1048 1212 1117 discipulis
1257 1059 1310 1102 et
1348 1051 1606 1118 apostolis
1647 1051 1834 1106 dicens
1869 1067 1882 1104 :
1922 1049 2013 1104 Bi-

445 1143 549 1195 bite
576 1157 639 1195 ea:
672 1143 768 1194 hoc
799 1156 1002 1204 omnes,
1021 1140 1106 1192 hic
1129 1146 1206 1193 est
1234 1141 1450 1210 sanguis
1476 1158 1644 1208 mens,
1668 1140 1803 1196 Novi
1831 1141 2014 1196 Testa-

446 1233 628 1285 menti.
669 1231 733 1284 Et
772 1231 1003 1298 reliqua.

517 1320 678 1377 GEN.
723 1321 1007 1376 Undenam
1040 1329 1277 1381 constat,
1320 1319 1755 1391 liturgiamhanc
1791 1322 2012 1378 fratrem

448 1414 661 1468 ὒοηιίιιί
706 1411 971 1467 Jacobum
1010 1413 1211 1467 habere
1245 1413 1556 1466 auctorem?
1589 1411 1751 1467 Certe
1793 1413 1844 1467 in
1880 1429 2013 1484 apo-

447 1505 763 1559 stolicorum
792 1519 1060 1559 canonum
1087 1503 1234 1557 calce
1262 1503 1538 1573 catalogus
1561 1504 1822 1558 scribitur
1849 1504 2016 1559 libro-

449 1611 568 1648 rum
592 1636 606 1660 ,
656 1610 890 1664 quorum
922 1610 1052 1650 usus
1098 1595 1151 1650 in
1202 1595 1444 1650 Ecclesia
1478 1603 1586 1662 est,
1623 1612 1798 1666 neque
1835 1605 2012 1652 tamen

449 1687 607 1754 lmjus
649 1687 880 1756 liturgiaa
918 1688 979 1743 ﬁt
1025 1689 1096 1743 ibi
1157 1689 1401 1756 mentio,
1455 1689 1548 1742 sed
1581 1690 1740 1745 unius
1779 1699 2018 1744 tantum-

450 1779 611 1832 modo
643 1779 814 1832 sancti
841 1778 1031 1832 Jacobi
1061 1779 1328 1848 epistolre.

519 1870 773 1926 THEOR.
793 1870 939 1924 llanc
961 1869 1238 1939 liturgiam
1263 1873 1597 1927 mcumenica
1624 1873 1883 1944 synodus.
1899 1887 2020 1941 quae

445 1974 599 2018 sexta
643 1965 863 2023 dicitur.
919 1973 1091 2017 ratam
1134 1964 1345 2018 habuit.

517 2052 678 2108 GICN.
723 2051 834 2121 Ego
887 2069 1018 2105 vero
1063 2053 1206 2106 hanc
1251 2055 1514 2123 synodum
1551 2055 1616 2109 ad
1667 2056 1809 2110 hunc
1853 2071 2022 2124 usque

448 2146 589 2196 client
625 2160 730 2197 non
765 2143 977 2196 admisi.
1009 2143 1158 2197 Aveo
1189 2155 1369 2199 tamen
1419 2145 1720 2213 Intelligere
1763 2145 2020 2216 quidnam

447 2237 551 2290 hac
576 2251 742 2303 super
779 2253 835 2290 re
863 2237 1104 2306 synodus
1141 2247 1344 2290 narret.

518 2325 774 2379 'l‘llltZOll.
815 2325 1416 2395 Constantinopolitana
1447 2326 1500 2379 in
1539 2325 1728 2381 Trullo
1762 2327 1892 2395 regii
1923 2343 2022 2398 pa-

448 2416 562 2470 latii
611 2425 940 2485 congregata
995 2417 1235 2486 synodus
1293 2414 1397 2470 sub
1432 2415 1741 2471 Justiniano
1780 2418 2026 2487 piissimo

452 2507 820 2574 itttperatore,
866 2522 987 2574 qum
1059 2515 1212 2560 sexta
1274 2506 1475 2560 dicitur
1529 2517 1816 2576 propterea
1876 2509 2020 2577 quod

450 2605 618 2650 sextae
645 2593 836 2666 synodi
864 2593 1319 2662 complementum
1346 2603 1450 2658 est,
1475 2609 1716 2650 canones
1747 2595 1815 2650 de
1843 2596 2027 2651 Eccle-

455 2688 552 2741 sia:
588 2686 876 2754 disciplina
926 2686 1112 2740 edidit.
1160 2685 1284 2740 llaec
1321 2685 1488 2756 igitur
1533 2687 1798 2742 catholica
1841 2698 2025 2744 sancta

453 2779 693 2848 synodus
736 2777 790 2830 in
824 2776 894 2832 32
920 2792 1130 2832 canone
1165 2777 1238 2832 ait
1273 2795 1284 2830 :
1333 2795 1352 2829 ι
1390 2777 1472 2831 Ad
1498 2779 1746 2833 notitiam
1789 2792 2025 2835 nostram

455 2868 719 2936 pet-latum
773 2881 878 2934 est,
935 2867 989 2920 in
1022 2867 1280 2921 Armenia
1321 2867 1505 2921 vinum
1554 2871 1930 2924 tantummodo
1972 2869 2026 2924 in

453 2974 610 3012 sacra
643 2972 828 3012 mensa
875 2957 1151 3021 exhiberi,
1186 2971 1324 3026 aqua
1375 2971 1480 3013 non
1527 2960 1792 3023 admista,
1847 2959 1916 3014 ab
1961 2961 2026 3016 iis

457 3051 549 3118 qui
604 3050 950 3104 incruentum
1005 3048 1335 3103 sacrificium
1390 3060 1685 3119 peragunt,
1741 3051 2022 3121 praetextui

457 3143 782 3198 habentibus
823 3139 1086 3196 Joannem
1123 3140 1598 3211 Chrysostomum,
1637 3143 1812 3212 quiin
1857 3146 2028 3199 inter-

457 3235 758 3300 pretatione
828 3230 1105 3300 Evangelii
1160 3232 1458 3286 secundum
1515 3231 1828 3287 Manlianum
1904 3234 2026 3288 ait:

454 3327 566 3380 Cur
605 3339 800 3393 aquam
849 3337 1186 3394 consurgens
1217 3338 1322 3377 non
1377 3324 1516 3379 bibit
1565 3325 1661 3380 sed
1717 3326 1935 3380 vinum?
1973 3335 2033 3381 ut

457 3417 621 3470 aliam
656 3416 864 3471 scilicet
903 3431 1126 3482 pravam
1163 3415 1411 3470 haeresim
1455 3417 1698 3472 funditus
1736 3427 2030 3473 everteret.

459 3508 591 3563 Nam
619 3508 742 3576 quia
763 3516 891 3561 sunt
914 3506 1156 3561 nonnulli
1184 3506 1274 3576 qui
1301 3523 1439 3576 aqua
1463 3509 1720 3577 mysteria
1743 3519 2029 3580 peragunt,

460 3596 856 3652 demonstravit
893 3595 1072 3662 .lesus,
1115 3611 1172 3650 se
1211 3607 1421 3653 etcum
1461 3600 1718 3668 mysteria
1768 3603 2031 3668 traderet,

459 3702 669 3745 etcum
712 3693 917 3757 absque
963 3690 1240 3760 mysteriis
1289 3705 1628 3748 communem
1670 3709 1910 3750 mensam
1949 3696 2036 3749 in-

462 3785 589 3850 iret,
612 3783 740 3835 vino
771 3782 872 3844 uti,
905 3794 970 3834 ex
1002 3780 1148 3844 vitis,
1186 3781 1381 3851 inquit,
1416 3783 1727 3851 genimine;
1773 3786 1900 3840 vitis
1934 3801 2034 3839 au-

461 3885 570 3928 tem
611 3872 795 3926 vinum
848 3886 952 3924 non
1003 3886 1199 3937 aquam
1245 3871 1434 3941 gignit.
1476 3890 1493 3922 »
1525 3875 1701 3940 Atque
1755 3875 1857 3929 hoc
1889 3876 2036 3931 dicto

463 3975 655 4036 putant
711 3963 950 4017 Armenii
1009 3962 1255 4016 damnari
1289 3979 1318 4016 a
1377 3973 1568 4017 sancto
1610 3966 1831 4021 doctore
1883 3981 2037 4036 aqua:

468 4054 848 4110 admistionem
899 4053 953 4106 in
989 4067 1148 4108 sacro
1181 4053 1360 4107 allati.
1393 4052 1470 4107 Ne
1499 4054 1702 4110 diutius
1731 4057 1912 4128 itaque
1942 4073 2032 4111 ve-

464 4162 539 4200 ra:
569 4146 647 4200 rei
681 4144 902 4198 inscitia
949 4143 1220 4207 laborent,
1269 4146 1444 4199 sancti
1498 4143 1675 4200 Patris
1711 4150 2032 4203 scntentiam

465 4238 766 4292 orthodoxa
787 4251 948 4291 sensu
973 4236 1331 4304 explicatnus.
1351 4237 1483 4291 Cum
1511 4237 1652 4292 enim
1683 4254 1847 4308 prava
1869 4256 2036 4309 aqua—

468 4328 670 4381 riorum
697 4327 922 4382 hazresis
941 4327 1147 4392 jamdiu
1167 4337 1430 4392 exstaret,
1451 4329 1540 4397 qui
1567 4344 1662 4395 pro
1689 4331 1812 4383 vino
1837 4347 2034 4402 aquam

2124 505 2381 566 Ἰάκωϐος
2409 507 2465 558 ἐν
2489 508 2554 576 τῇ
2582 505 2673 559 ὑπ’
2697 504 2860 557 αὑτοῦ
2891 502 3212 573 συντεθείσῃ
3239 500 3359 570 θείᾳ
3385 498 3704 566 λειτουργίᾳ

2109 596 2250 649 οὕτω
2291 599 2485 666 φησίνο
2527 615 2547 648 ι
2584 596 2861 659 Ὡσαύτως
2909 593 3050 665 μετὰ
3089 594 3150 646 τὸ
3189 593 3476 661 δειπνῆσαι
3517 589 3704 643 λαϐὼν

2111 688 2369 754 ποτήριον
2403 688 2497 740 καὶ
2532 687 2774 758 κεράσας
2807 687 2866 752 ἐξ
2901 687 3048 738 οἴνου
3083 683 3179 737 καὶ
3215 683 3428 748 ὕδατος,
3464 682 3703 736 ἀναϐλέ-

2109 778 2216 846 ψας
2240 780 2319 840 είς
2339 779 2430 831 τδν
2450 779 2678 849 οὐρανὸν
2703 779 2794 831 καὶ
2819 776 3102 840 ἀναδείξας
3128 776 3212 828 σοὶ
3233 774 3308 843 τῷ
3331 773 3449 844 Θεῷ
3473 775 3566 827 καὶ
3593 775 3704 826 Πα-

2109 869 2201 939 τρὶ
2223 869 2646 941 εὐχαριστήσας,
2671 869 2991 940 εὐλογήσας,
3016 869 3270 934 ἁγιάσας,
3291 867 3504 935 πλήσας
3533 865 3704 918 [Ινεύ-

2115 977 2282 1026 ματος
2328 961 2522 1029 ἁγίου,
2574 962 2847 1029 μετέδωκε
2889 962 2997 1023 τοῖς
3042 959 3219 1026 ἁγίοις
3265 960 3356 1010 καὶ⁶
3407 957 3704 1025 μακαρίοις

2111 1051 2278 1105 αὐτοῦ
2311 1053 2577 1122 μαθηταῖς
2604 1054 2700 1106 καὶ
2725 1053 3044 1113 ἀποστόλοις
3071 1049 3240 1102 εἰπών
3267 1068 3279 1080 ·
3309 1050 3478 1103 [Nate
3502 1048 3571 1111 ἐξ
3595 1051 3704 1100 αἰν-

2114 1143 2220 1197 toﬁ
2253 1135 2474 1210 πάντες
2497 1162 2510 1174 ο
2542 1145 2719 1199 τοῦτό
2743 1162 2862 1213 μου
2893 1143 3027 1198 ἐστὶ
3060 1143 3126 1197 τὸ
3161 1135 3303 1210 αἷμα
3336 1141 3399 1193 τὸ
3432 1140 3540 1208 τῆς
3576 1157 3703 1192 καί·

2113 1235 2231 1301 γῆς
2261 1234 2591 1302 Διαθήκηςο
2627 1236 2723 1289 καὶ
2753 1237 2820 1288 τὰ
2849 1235 2997 1304 ἑξῆς.
3037 1251 3056 1286 ι

2187 1326 2348 1380 ΚΛΘ.
2391 1325 2560 1379 Πόθεν
2607 1326 2765 1395 δῆλον
2806 1325 2888 1378 ὅτι
2935 1324 3031 1378 τοῦ
3076 1322 3400 1391 ἀδελφοθὲου
3437 1320 3700 1374 Ἰακώϐου

2114 1416 2261 1469 ἐστὶν
2296 1418 2326 1486 ή
2361 1415 2674 1488 λειτουργία
2707 1415 2886 1486 αὖτης
2920 1415 3031 1470 Καὶ
3071 1414 3178 1484 μὴν
3212 1415 3271 1466 ὲν
3305 1411 3382 1482 τῷ
3413 1411 3562 1464 τέλει
3592 1409 3702 1463 τῶν

2117 1509 2356 1562 κανόνων
2403 1509 2512 1562 τῶν
2559 1508 2732 1576 ἁγίων
2781 1507 3101 1562 ἀποστόλων
3152 1504 3531 1574 ἀπαρίθμησίς
3581 1505 3701 1556 ἐστι

2116 1599 2224 1652 τῶν
2258 1598 2477 1669 βιϐλίων
2501 1599 2598 1666 τῆς
2629 1597 2975 1670 Ἐκκλησίας,
3007 1596 3101 1650 καὶ
3135 1595 3296 1664 μνεία
3319 1593 3416 1662 τῆς
3447 1593 3698 1662 λειτουρο

2117 1689 2240 1758 γίας
2273 1689 2478 1758 ταύτης
2517 1689 2618 1742 ούκ
2658 1689 2806 1742 ἐστιν
2841 1689 2989 1754 ἐκεῖ,
3025 1686 3161 1740 ἀλλὰ
3209 1684 3368 1754 μόνον
3409 1685 3538 1754 μιᾶς
3577 1687 3702 1738 ἐπι-

2049 1767 2093 1822 Β
2123 1779 2314 1849 στολῆς
2340 1780 2433 1833 τοῦ
2465 1780 2622 1850 ἁγίου
2656 1779 2941 1832 Ἰακώϐου.

2191 1871 2384 1926 ΘΕΩΡ.
2425 1871 2648 1941 Ἐδέχθη
2684 1871 2836 1940 παρά
2869 1870 2968 1940 τῆς
3004 1869 3226 1924 συνόδου
3261 1869 3358 1938 τῆς
3391 1868 3705 1936 οἰκουμενι-

2123 1964 2224 2032 κῆς
2255 1965 2351 2034 τῆς
2379 1964 2677 2034 λεγομένης
2709 1963 2896 2034 ἕκτης.

2196 2057 2356 2110 ΚΑΘ.
2393 2055 2533 2124 Ἐγὼ
2561 2056 2767 2126 ταύτην
2797 2056 2958 2126 μέχρι
2984 2053 3084 2122 τῆς
3112 2054 3352 2125 σήμερον
3377 2053 3438 2105 οὐ
3471 2051 3708 2121 παρεδε-

2125 2148 2337 2219 ξάμην·
2373 2147 2636 2220 βούλομαι
2672 2149 2821 2220 ὅμως
2857 2145 3088 2202 ἀκοῦσαι
3118 2144 3169 2198 τί
3205 2145 3333 2215 περὶ
3364 2143 3552 2198 τούτου
3587 2143 3708 2196 δια-

2126 2243 2365 2312 γορεύει.

2196 2329 2394 2383 ΘΕΩΡ.
2434 2327 2500 2380 ’ίί
2548 2328 2607 2380 δν
2649 2325 3221 2380 Κωνσταντινουπόλει
3271 2325 3330 2378 ὲν
3373 2322 3448 2391 τῷ
3483 2321 3712 2392 Τρούλῳ

2125 2420 2219 2475 τοῦ
2261 2417 2545 2490 βασιλικοῦ
2589 2419 2854 2473 παλατίου
2896 2420 3140 2472 συστᾶσα
3185 2415 3402 2479 σύνοδος
3446 2416 3537 2468 ἐπὶ
3578 2415 3713 2466 Ἰου-

2130 2510 2402 2565 στινιανοῦ
2434 2510 2526 2566 τοῦ
2557 2509 2947 2564 εὐσεϐεστάτου
2982 2508 3267 2580 βασιλέως,
3297 2508 3419 2577 ἥτις
3449 2505 3584 2574 ἕκτη
3616 2504 3711 2556 λέ-

2127 2622 2283 2673 γεται
2327 2604 2418 2658 καὶ
2458 2603 2597 2674 αὐτὴ
2636 2604 2724 2658 δια
2765 2604 2826 2656 τὸ
2864 2601 3259 2673 ἀναπληρῶσαι
3301 2601 3361 2653 τὸ
3403 2600 3500 2668 τῆς
3541 2599 3712 2666 ἕκτης

2131 2697 2440 2767 ὑστέρημα,
2483 2695 2715 2758 κανόνας
2754 2694 2966 2759 ἐξέθετο
3009 2695 3088 2756 είς
3130 2692 3467 2747 κατάστασιν
3510 2691 3712 2758 ἐκκλη-

2131 2790 2437 2860 σιαστικήν.
2465 2787 2614 2856 Αῦτη
2643 2785 2735 2839 οὖν
2762 2789 2795 2854 ἠ
2827 2785 3088 2854 καθολικὴ
3119 2787 3212 2838 καὶ
3243 2785 3374 2853 ἁγία
3404 2784 3620 2845 σύνοδσς
3651 2783 3713 2833 ἐν

2129 2881 2313 2936 κανόνι
2339 2878 2646 2950 τριακοστῷ
2671 2877 2909 2948 δευτέρῳ
2937 2877 3102 2948 φησίν
3122 2894 3136 2908 ο
3167 2896 3185 2928 ι
3218 2876 3434 2944 Ἐπειδὴ
3464 2875 3545 2938 εἰς
3572 2873 3714 2941 γνῶ-

2132 2991 2217 3026 σιν
2247 2971 2521 3042 ήμετέραν
2549 2965 2712 3041 ’ἦλθεν
2742 2969 2825 3023 δτι
2860 2970 2916 3022 ὲν
2947 2971 3012 3039 τῇ
3049 2969 3353 3038 Ἀρμενίων
3381 2967 3536 3037 χώρᾳ
3566 2963 3711 3018 οἶνον

2135 3065 2292 3137 μόνον
2325 3065 2381 3116 ἐν
2412 3065 2478 3134 τῇ
2516 3063 2634 3137 ἱερᾷ
2666 3057 2913 3133 τραπέζῃ
2949 3061 3342 3134 προσάγουσιν,
3381 3059 3524 3127 ὕδωρ
3559 3055 3712 3126 αύτῷ

2138 3136 2212 3228 μὴ
2258 3136 2558 3227 μιγνύντεξ
2581 3155 2630 3208 0i
2663 3154 2762 3223 τὴν
2797 3153 3136 3222 ἀναίμακτον
3168 3151 3358 3204 θυσίαν
3392 3148 3709 3212 τελοῦντες,

2133 3247 2548 3317 προστιθέμενοι
2586 3247 2677 3300 τὸν
2713 3244 3098 3315 Χρυσόστομον
3136 3243 3391 3311 Ἰωάννην
3432 3243 3712 3310 φάσκοντα

2132 3336 2220 3389 διὰ
2246 3336 2347 3404 τῆς
2377 3337 2456 3397 είς
2485 3334 2545 3388 τὸ
2576 3334 2718 3387 κατὰ
2748 3332 3024 3387 Ματθαίον
3055 3332 3381 3400 Εὑαγγέλιον
3415 3329 3712 3401 ἑρμηνείας

2133 3429 2337 3482 ταῦτα·
2379 3428 2537 3490 Τίνος
2575 3427 2762 3480 ἕνεκεν
2785 3427 2882 3496 οὐχ
2926 3424 3070 3496 ὕδωρ
3110 3425 3261 3478 ἔπιεν
3297 3423 3556 3485 ἀναστὰς,
3594 3420 3712 3474 ἀλλ’

2134 3515 2312 3582 οἷνονς
2345 3518 2511 3586 ἀλλην
2543 3518 2756 3589 αἵρεσιν
2799 3516 3044 3588 πονηρὰν
3087 3515 3389 3588 πρόρριζον
3432 3513 3713 3567 ἀνασπῶν.

2147 3610 2367 3680 Ἐπειδὴ
2399 3610 2506 3680 γάρ
2541 3611 2644 3662 είσί
2673 3626 2816 3672 τινες
2848 3611 2906 3662 ὲν
2935 3611 3045 3672 τοῖς
3080 3608 3400 3679 μυστηρίοις
3435 3607 3591 3660 ὕδατι
3627 3624 3720 3659 κεο

2136 3703 2430 3773 χρημένοι,
2463 3703 2677 3765 δεικνὺς
2705 3702 2786 3755 ὅτι
2819 3701 2911 3755 καὶ
2938 3701 3102 3771 ήνίκα
3135 3700 3200 3754 τὰ
3235 3701 3507 3769 μυστήρια
3569 3715 3717 3766 παρ-

2137 3797 2328 3859 ἑδωκε,
2351 3799 2445 3850 καὶ
2470 3796 2631 3867 ήνίκα
2651 3794 2888 3858 ἀναστὰς
2913 3794 3081 3866 χωρὶς
3113 3792 3425 3863 μυστηρίων
3448 3791 3540 3845 καὶ
3557 3791 3718 3860 ψιλὴν

2135 3888 2416 3961 τράπεζαν
2449 3887 2789 3958 παρετίθετο,
2819 3887 2948 3956 οἴνῳ
2982 3886 3181 3956 ἐχρῆτο
3213 3886 3277 3937 ὲκ
3308 3882 3400 3936 τοῦ
3436 3883 3718 3951 γεννήμα-

2134 3997 2248 4045 τος,
2267 3979 2419 4049 φησὶ,
2439 3978 2538 4046 τῆς
2570 3976 2840 4047 ἀμπέλου,
2860 3974 3102 4045 ἄμπελος
3136 3974 3194 4027 δὲ
3227 3969 3393 4038 οἶνον,
3414 3975 3510 4042 οὐχ
3546 3971 3718 4043 ὕδωρ,

2137 4071 2318 4141 γεννᾷ.
2363 4088 2381 4120 ι
2425 4069 2520 4122 Ἐκ
2550 4067 2741 4121 τούτου
2772 4083 2830 4118 τε
2866 4065 2956 4118 τὸν
2988 4063 3308 4118 διδάσκαλον
3340 4064 3542 4117 οἴονται
3580 4069 3721 4117 ἀνα-

2135 4163 2356 4234 τρέπειν
2400 4161 2498 4232 τὴν
2546 4159 2641 4214 τοῦ
2698 4158 2884 4220 ὓδατος
2933 4159 2989 4209 ὲν
3038 4156 3118 4226 τῷ
3169 4156 3298 4227 ἱερῷ
3350 4155 3722 4226 θυσιαστηρίῳ

2139 4253 2530 4324 προσαγωγήν.
2566 4251 2657 4312 Ὠς
2697 4251 2764 4303 ἂν
2795 4245 2888 4303 οὖν
2925 4249 2999 4318 μὴ
3033 4248 3125 4300 καὶ
3159 4247 3266 4300 ἀπὸ
3311 4247 3406 4300 τοῦ
3441 4247 3535 4300 νῦν
3588 4263 3726 4299 κατ-

2140 4347 2348 4418 έχοιντο
2379 4347 2443 4414 τῇ
2487 4342 2698 4413 ἀγνοίᾳ,
2734 4342 2832 4411 τὴν
2863 4341 2956 4394 τοῦ
2983 4339 3195 4411 Πατρὸς
3234 4338 3474 4392 διάνοιαν
3505 4337 3724 4408 ὀρθοδό-

464 4417 842 4470 tantummodo
904 4417 958 4470 in
1021 4417 1136 4470 suis
1195 4417 1482 4472 sacriliciis
1545 4417 1896 4484 adhibebant,
1955 4421 2028 4474 vir

2141 4417 2244 4503 ξως
2275 4433 2872 4502 ἀποκαλύπτομεν.Τῆς
2907 4432 3014 4503 γὰρ
3037 4433 3280 4502 πονηρᾶς
3308 4430 3418 4483 τῶν
3452 4430 3726 4499 ’Υδροπα-

465 4511 626 4564 divus
651 4508 721 4565 ob
753 4506 1096 4561 refutandam
1130 4505 1352 4573 hujusce
1399 4507 1664 4564 haereseos
1704 4509 2030 4577 doctrinam,

468 4600 1061 4668 demonstrandumque
1085 4614 1178 4653 eos
1201 4599 1309 4653 imo
1328 4601 1395 4654 ab
1421 4603 1717 4669 apostolica
1748 4604 2038 4659 traditione

468 4693 753 4756 aberrare,
803 4691 1064 4757 praedicta
1103 4692 1265 4744 verba
1315 4692 1559 4759 protulit.
1607 4691 1822 4747 Etenim
1885 4711 2038 4748 suam

471 4797 690 4853 quoque
722 4781 1035 4846 ecclesiam,
1079 4782 1130 4834 in
1167 4797 1273 4852 qua
1307 4784 1421 4850 ipse
1453 4785 1780 4852 pastoralem
1811 4788 2036 4855 gradum

470 4873 712 4936 tenebat,
762 4885 959 4940 aquam
1010 4872 1132 4924 vino
1181 4871 1482 4925 admiscere
1529 4872 1734 4940 docuit,
1786 4891 1905 4929 cum
1954 4877 2039 4930 itt-

469 4973 754 5018 cruentum
811 4963 926 5015 tleri
977 4963 1306 5018 sacriﬁcium
1349 4977 1484 5032 Oplls
1516 4963 1656 5018 foret
1689 4983 1702 5017 :
1737 4981 1900 5018 causa
1945 4968 2040 5018 ad-

471 5054 604 5119 dita,
631 5053 771 5123 quod
808 5067 837 5105 ο
867 5051 1036 5106 latere
1067 5051 1399 5106 Liberatoris
1423 5048 1838 5123 Servatorisque
1871 5056 2041 5110 nostri

468 5145 675 5199 Christi
710 5144 798 5198 Dei
832 5145 1116 5214 sanguinis
1163 5161 1424 5214 aqumque
1461 5149 1686 5200 mistttra
1720 5150 2038 5202 manaverit.

471 5237 615 5304 Quin
657 5237 790 5291 adeo
827 5253 924 5306 per
956 5237 1266 5292 universam
1300 5238 1618 5304 Ecclesiam,
1654 5241 1706 5292 in
1747 5256 1848 5306 qua
1884 5241 2044 5308 spiri-

477 5330 606 5383 talia
658 5329 879 5384 Patrum
939 5329 1225 5384 luminaria
1279 5331 1633 5391 ell‘ulscrunt.
1685 5333 1902 5387 divinus
1958 5334 2043 5388 hic

471 5423 608 5476 nrdo
637 5433 950 5479 constanter
990 5435 1242 5479 servatur
1287 5442 1301 5479 :
1344 5441 1466 5478 nam
1502 5438 1557 5480 et
1597 5423 1830 5481 Jacobus
1878 5428 2044 5482 frater

474 5511 709 5576 Domini,
743 5527 796 5569 et
831 5532 1059 5584 magnus
1092 5516 1345 5580 Basilius,
1380 5519 1470 5587 qui
1505 5519 1759 5588 mysticas
1800 5521 2043 5588 litnrgias

474 5606 682 5672 scripto
717 5609 1191 5676 consignavcruut,
1213 5611 1294 5664 sic
1321 5611 1546 5665 omnino
1572 5626 1788 5664 sacrum
1815 5613 2041 5666 calicem

483 5693 539 5748 in
568 5695 751 5751 divino
783 5700 1045 5767 mysterio
1075 5715 1210 5770 aqua
1234 5711 1288 5758 et
1310 5703 1437 5759 vino
1470 5702 1698 5758 miscere
1721 5703 2043 5760 docuerunt.

2145 4527 2426 4602 ραστατῶν
2471 4527 2739 4598 αἱρέσεως
2790 4524 3022 4586 παλαιᾶς
3071 4522 3455 4593 ὑπαρχούσης,
3504 4522 3552 4574 οἳ
3604 4522 3728 4574 ἀντὶ

2143 4623 2288 4676 οἴνου
2321 4621 2396 4691 τῷ
2433 4619 2586 4673 ῦδατι
2625 4619 2768 4688 μόνῳ
2799 4620 2857 4670 ὲν
2889 4620 2954 4686 τῇ
2987 4616 3167 4669 αὐτῶν
3199 4615 3359 4687 θυσίᾳ
3391 4615 3726 4684 κέχρηνται,

2145 4707 2530 4772 ἀνασκευάζων
2560 4700 2716 4768 οὗτος
2749 4705 2776 4757 ό
2812 4705 2953 4766 θεῖος
2987 4706 3128 4776 ἀνὴρ
3157 4706 3254 4774 τῆς
3285 4703 3540 4770 τοιαύτης
3572 4703 3731 4772 αἱρέ-

2149 4819 2284 4858 σεως
2310 4800 2407 4868 τὴν
2435 4799 2749 4870 παράνομον
2772 4797 3014 4866 διδαχὴν,
3044 4796 3136 4848 καὶ
3165 4795 3378 4858 δεικνὺς
3406 4795 3481 4857 ὡς
3508 4794 3730 4858 ἐξεναν-

2146 4892 2265 4954 τίας
2293 4890 2390 4958 τῆς
2420 4889 2787 4957 ἀποστολικῆς
2817 4887 3021 4940 οἴονται
3054 4887 3428 4956 παραδόσεως,
3456 4885 3546 4938 τὸν
3576 4887 3732 4955 εἰρη-

2153 4983 2314 5050 μένον
2353 4978 2726 5032 κατεσκεύασε
2770 4977 2964 5045 λόγον·
3010 4979 3132 5030 ἐπεὶ
3176 4977 3270 5030 καὶ
3311 4979 3377 5046 τῇ
3421 4977 3541 5028 κατ’
3565 4977 3730 5028 αὑτὸν

2149 5071 2437 5140 ἐκκλησία,
2466 5069 2594 5122 ἔνθα
2624 5069 2723 5138 τὴν
2755 5069 3120 5138 ποιμαντικὴν
3151 5067 3490 5138 ἐνεχειρίσθη
3526 5069 3733 5137 ήγεμοο

2149 5162 2306 5222 νίαν,
2359 5161 2502 5231 ὕδωρ
2548 5163 2676 5232 οἴνῳ
2721 5160 2975 5230 μιγνύναι
3023 5160 3372 5230 παρέδωκεν,
3422 5158 3584 5228 ἡνίκα
3629 5158 3732 5228 τὴν

2150 5256 2486 5324 ἀναίμακτον
2540 5254 2730 5307 θυσίαν
2784 5253 3148 5307 ἐπιτελεῖσθαι
3203 5253 3452 5321 δεήσειε,
3512 5251 3611 5320 τὴν
3667 5253 3734 5303 ἐκ

2150 5344 2247 5412 τῆς
2281 5342 2466 5411 τιμίας
2493 5342 2729 5412 πλευρᾶς
2763 5341 2856 5394 τοῦ
2888 5339 3180 5408 Λυτρωτοῦ
3221 5339 3378 5407 ἡμῶν
3417 5338 3509 5391 καὶ
3546 5337 3731 5404 Enni;-

2155 5445 2246 5498 ρος
2276 5426 2511 5498 Χριστοῦ
2538 5425 2630 5478 τοῦ
2664 5423 2820 5487 Θεοῦ,
2848 5425 2908 5488 ἐξ
2935 5425 3166 5493 αἵματος
3196 5425 3289 5474 καὶ
3317 5423 3506 5484 ῦδατος
3537 5423 3734 5491 κρᾶσιν

2155 5519 2542 5590 παραδεικνύς.
2581 5519 2689 5571 Καὶ
2723 5519 2864 5570 κατά
2899 5518 3082 5570 πᾶσαν
3115 5516 3170 5569 δὲ
3205 5515 3532 5585 Ἐκκλησίαν
3554 5552 3568 5576 ,
3606 5513 3736 5564 ἔνθα

2151 5610 2202 5663 oi
2246 5610 2609 5678 πνευματικοὶ
2655 5611 2942 5679 φωστῆρες
2987 5605 3326 5678 ἐξέλαμψαν,
3377 5607 3411 5676 ή
3461 5604 3737 5665 θεόσδοτος

2155 5703 2294 5771 αῦτη
2326 5704 2476 5767 τάξις
2507 5705 2699 5775 κρατεῖ
2725 5719 2736 5732 ’
2769 5704 2861 5756 καὶ
2895 5702 3004 5772 γὰρ
3037 5702 3130 5755 καὶ
3166 5699 3419 5762 Ἰάκωϐος
3451 5697 3478 5750 ὁ
3512 5695 3738 5762 ἀδελφό-
