4096 6402
313 365 417 427 ΞῖιἹ
1700 350 1938 412 DISPU'

2046 347 2164 409 I‘IO
2201 346 2282 407 II.
3493 338 3600 400 9.58

315 476 467 539 θεος,
501 473 599 526 καὶ
632 474 660 525 ὁ
702 472 881 542 μέγας
919 469 1229 533 Βασίλειος,
1264 467 1559 539 ἐγγράφως
1592 465 1692 537 τὴν
1728 481 1923 535 μυστι-

2046 461 2168 516 l‘om
2194 459 2365 515 sancti
2392 458 2581 513 Patres
2602 455 2933 525 Carthagine
2955 451 3268 525 congregati
3299 452 3380 507 sic
3408 452 3611 507 diserte

322 563 421 635 κὴν
455 564 783 633 ἱερουργίαν
814 558 1289 631 παραδεδωκότες,
1317 556 1460 610 οὕτω
1491 554 1732 607 τελειοῦν
1766 554 1824 606 ὲν
1854 555 1919 623 τῇ

2048 552 2197 607 ocuti
2252 560 2400 614 sunt,
2440 564 2633 618 nempe
2682 559 2740 601 ut
2794 548 2846 601 in
2900 546 3172 601 sacriﬁcio
3224 544 3356 599 nihil
3414 555 3611 614 printer

324 654 445 725 θεία
475 650 799 722 λειτουργίᾳ
830 650 893 702 τὸ
938 648 1079 719 ἱερὸν
1112 649 1369 718 ποτήριον
1401 646 1459 710 ἐξ
1493 645 1682 707 ὓδατος
1716 643 1809 696 καὶ
1841 643 1922 695 oi-

2046 658 2226 709 :orpus
2279 653 2333 696 et
2386 640 2709 708 sanguinem
2762 636 2977 691 Domini
3010 636 3324 701 offerretur,
3361 645 3420 688 ut
3460 636 3608 705 ipse—

326 760 417 795 νου
460 740 816 795 ἐπιδεδώκασι.
860 740 971 792 Καὶ
1012 739 1060 791 οἱ
1101 739 1160 791 ἐν
1200 737 1531 807 Καρθαγένῃ
1574 733 1924 795 συνελθόντες

2046 742 2142 787 net
2184 733 2445 787 Dominus
2478 732 2719 793 tradidit,
2767 729 2818 782 id
2857 739 2941 783 est
2970 728 3126 797 panis
3167 736 3223 781 et
3254 728 3436 781 vinum
3470 742 3609 795 aqua

330 836 477 903 ἇγιοι
524 834 774 903 Πατὲρες
818 831 962 885 οὕτω
1006 831 1187 901 ῥητῶς
1230 827 1679 900 ἐπεμνήσθησαν,
1731 826 1819 880 ἵνα
1870 827 1929 877 ἐν

333 928 445 988 τοῖς
487 926 663 992 ἁγίοις
709 925 881 995 μηδὲν
924 923 1085 976 πλέον
1125 923 1217 976 τοῦ
1268 921 1524 991 σώματος
1568 920 1661 972 καὶ
1700 919 1933 988 αἵματος

332 1018 430 1070 τοῦ
475 1017 679 1086 Κυρίου
729 1015 1158 1087 προσενεχθείη,
1201 1015 1279 1077 ὡς
1323 1015 1416 1067 καὶ
1460 1012 1622 1075 αὐτὸς
1665 1013 1693 1064 ὁ
1736 1010 1940 1080 Κύριος

336 1111 649 1181 παρέδωκε,
675 1109 961 1169 τουτέστιν
986 1108 1152 1178 άρτου
1181 1108 1272 1161 καὶ
1297 1106 1446 1159 οἴνου
1478 1104 1631 1159 ὕδατι
1663 1101 1940 1175 μεμιγμέ-

337 1222 453 1257 νου.
494 1202 560 1255 Εί
594 1220 678 1265 τις
718 1197 813 1255 οὖν
851 1202 1151 1264 ἐπίσκοπος
1192 1199 1225 1269 ἢ
1272 1197 1642 1268 πρεσϐύτερος
1684 1196 1759 1268 μὴ
1796 1193 1939 1249 κατὰ

334 1295 440 1365 τὴν
481 1294 886 1365 παραδοθεῖσαν
927 1294 1032 1347 ὑπὸ
1065 1294 1172 1347 τῶν
1212 1290 1530 1345 ἀποστόλων
1566 1289 1721 1356 τάξιν
1765 1288 1935 1351 ποιεί,

336 1387 434 1438 καὶ
463 1384 608 1456 ὕδωρ
636 1384 767 1455 οῐνῳ
799 1385 876 1455 μὴ
912 1384 1129 1453 μιγνὺς,
1163 1383 1305 1436 οὕτω
1334 1382 1433 1452 τὴν
1461 1382 1733 1452 ἄχραντον
1764 1395 1933 1450 προσ-

339 1476 464 1543 άγει
507 1476 724 1542 θυσίαν,
766 1476 1138 1545 καθαιρείσθω
1176 1474 1245 1536 ὡς
1286 1473 1491 1536 ἀτελῶς
1529 1473 1590 1525 τὸ
1630 1472 1931 1542 μυστήριον

338 1570 753 1637 καταγγέλλων,
794 1569 890 1622 καὶ
930 1567 1191 1631 καινίζων
1222 1566 1293 1619 τά
1333 1564 1758 1637 παραδιδόμενα.
1796 1561 1929 1615 Ἰδοὺ

337 1660 436 1712 καὶ
466 1659 609 1729 αὕτη
639 1664 671 1731 ή
704 1661 922 1731 μεγάλη
948 1663 1043 1713 καὶ
1069 1658 1424 1731 οἰκουμενικὴ
1452 1658 1565 1730 (21)
1596 1655 1813 1719 σύνοδος
1842 1671 1930 1722 γι·

2033 824 2287 879 admista.
2317 822 2373 878 Si
2408 823 2532 892 quis
2556 836 2684 892 ergo
2710 821 3000 888 episcopus
3030 827 3120 871 aut
3147 817 3449 887 presbyter,
3475 832 3610 868 cou-

2037 923 2123 967 tra
2166 914 2421 967 traditum
2472 914 2537 967 ab
2580 912 2842 979 apostolis
2888 911 3136 966 ordinem
3190 911 3383 979 egerit,
3434 909 3485 961 id
3531 917 3615 961 est

2040 1006 2087 1062 si
2135 1008 2338 1061 omissa
2375 1020 2530 1074 aquae
2558 1020 2680 1058 cum
2729 1006 2856 1058 vino
2896 1002 3154 1058 mistione
3209 999 3615 1055 immaculatam

2040 1098 2273 1154 hostiam
2310 1095 2590 1161 obtulerit,
2644 1096 2980 1166 deponatur;
3032 1103 3221 1163 utpote
3262 1090 3356 1161 qui
3410 1090 3614 1158 imper-

2038 1190 2237 1244 fectum
2273 1187 2596 1257 mysterium
2648 1184 2882 1256 peragit,
2923 1193 2977 1239 et
3014 1184 3170 1239 novis
3215 1182 3378 1236 rebus
3420 1189 3613 1233 contra

2037 1287 2278 1333 veterem
2310 1275 2657 1331 traditionem
2693 1276 2893 1330 studet.
2922 1276 2998 1328 En
3030 1273 3144 1328 haec
3169 1287 3384 1342 quoque
3417 1283 3615 1340 magna

2039 1379 2093 1425 et
2123 1371 2462 1426 (ecumeuiea
2511 1368 2751 1441 synodus
2788 1366 3062 1437 Iiturgiam
3103 1363 3295 1421 Jacobi
3347 1362 3616 1431 agnoseit,

2038 1473 2202 1523 quam
2237 1468 2290 1513 tu
2323 1459 2567 1528 ignoras.
2618 1457 2863 1525 Admitte
2914 1456 3081 1525 igitur
3116 1464 3195 1511 tot
3226 1462 3620 1519 tantorumque

2038 1558 2349 1603 sanctorum
2378 1547 2600 1603 Patrum
2630 1548 3036 1614 testimonium;
3070 1560 3247 1617 neque
3267 1545 3382 1615 jam
3411 1544 3617 1598 diutius

2039 1656 2105 1710 de
2136 1655 2238 1709 hoc
2273 1655 2513 1721 capitulo
2544 1654 2705 1709 verba
2744 1651 3031 1709 faciamus.

336 1750 541 1805 νώσκει
564 1752 662 1823 τὴν
685 1751 1032 1824 λειτουργίαν
1055 1750 1149 1804 τοῦ
1175 1750 1469 1817 Ἰακώϐου,
1493 1750 1560 1821 ἢν
1585 1749 1650 1802 σὺ
1679 1748 1890 1817 ἀγνοεῖς
1909 1762 1926 1777 ·
1966 1744 2146 1811 δέδεξο
2181 1746 2276 1802 οὖν
2306 1749 2415 1801 τῶν
2440 1746 2714 1801 τοσούτων
2778 1746 2875 1800 καὶ
2935 1744 3276 1818 τηλικούτων
3305 1743 3476 1813 ἁγίων
3505 1743 3620 1796 lla-

337 1850 515 1921 τέρων
542 1850 644 1920 τήν
676 1848 987 1919 μαρτυρίαν
1008 1865 1021 1878 ·
1054 1850 1148 1903 καὶ
1179 1848 1342 1902 πλέον
1373 1849 1499 1919 περὶ
1528 1846 1639 1900 τῶν
1668 1845 1924 1899 τοιούτων
1963 1844 2276 1913 κεφαλαίων
2309 1843 2385 1912 μὴ
2416 1844 2683 1913 εἴπωμεν.

411 1942 578 1997 ΚΑΘ.
612 1941 762 2011 Ἐγὼ
793 1942 1003 2005 πάντας
1031 1941 1254 2005 τούτους
1283 1940 1357 2004 ὡς
1387 1941 1484 1994 ἓνα
1515 1939 1802 2010 ἄνθρωπον
1833 1938 1938 2009 ἔχω

2116 1935 2280 1990 GEN.
2322 1935 2433 2006 Ego
2475 1938 2571 1990 bos
2598 1949 2811 1992 omnes.
2848 1935 3025 1989 instar
3045 1934 3212 1988 unius
3260 1932 3494 1988 hominis
3524 1933 3621 1986 ba‘

342 2033 635 2103 γράψαντα
662 2030 725 2084 τὸ
752 2030 934 2099 ἑαυτῷ
963 2030 1393 2103 παριστάμενον.

425 2208 624 2264 θΕΩΡ-
652 2208 791 2271 Τοὺς
821 2207 1200 2279 τοποτηρητὰς
1226 2206 1321 2261 τοῦ
1350 2206 1622 2279 μακαρίου
1652 2206 1811 2260 πάπα
1834 2207 1933 2276 τῆς

353 2301 596 2363 παλαιάς
649 2299 908 2369 Ῥώμης,
972 2298 1071 2351 καὶ
1132 2297 1225 2351 τὸν
1274 2297 1931 2359 Κωνσταντινουπόλεως,

352 2393 452 2445 καὶ
487 2390 906 2461 Ἀλεξανδρείας,
960 2389 1054 2443 τὸν
1090 2388 1449 2458 Ἀντιοχείας,
1481 2389 1579 2442 καὶ
1632 2389 1723 2442 τὸν
1764 2387 1934 2457 Ἱερο-

356 2484 636 2553 σολύμων,
687 2484 777 2536 καὶ
820 2481 1114 2546 τοσούτους
1167 2482 1356 2548 ἁγίους
1404 2480 1677 2551 Πατέρας,
1706 2481 1802 2532 καὶ
1842 2479 1934 2533 τὸν

349 2575 579 2643 βατιὶέι
615 2574 1015 2638 Ἰουστινιανὸν,
1066 2573 1275 2635 πάντας
1305 2572 1530 2635 τούτους
1580 2571 1655 2635 ὡς
1707 2571 1804 2624 ἕνα
1837 2570 1934 2625 ἄν·

346 2671 568 2739 θρωπον
594 2668 772 2736 ἔχειςς
799 2667 857 2719 σὲ
881 2666 961 2731 δὲ,
996 2666 1092 2719 ἕνα
1119 2665 1269 2731 ὅντα,
1301 2666 1689 2737 οίκουμενικῆς
1714 2665 1933 2720 συνόδου

344 2759 637 2830 κρείττονά
662 2775 720 2810 τε
764 2759 857 2811 καὶ
889 2758 1337 2827 ἀσφαλέστερονς

417 2852 583 2905 ΚΑΘ.
613 2848 783 2904 Είπόν
806 2867 909 2916 σοι,
946 2851 1135 2904 οὐδένα
1171 2852 1376 2903 τούτων
1398 2850 1647 2920 δέχομαι.

415 2940 615 2991 ΘΕΩΡ.
662 2937 806 3005 Ἐγὼ
834 2938 1064 3006 δύναμιν
1099 2937 1267 3007 ἄλλην
1298 2937 1399 2990 οὐκ
1448 2936 1557 3006 ἔχω
1613 2935 1792 3007 ἀλλ’ἢ
1834 2936 1935 2999 τάς

346 3028 707 3091 διδασκαλίας
747 3028 854 3080 τῶν
884 3028 1057 3095 ἁγίων
1091 3027 1350 3097 Πατέρων
1383 3025 1481 3079 καὶ
1519 3025 1587 3079 τὰ
1643 3027 1935 3097 συγγράμ-

354 3138 528 3189 ματα·
564 3120 825 3189 θαύματα
858 3119 968 3189 γὰρ
1007 3118 1345 3190 ἐργάσασθαι
1376 3118 1700 3189 ἁμαρτωλὸς
1728 3117 1803 3171 ὣν
1836 3119 1937 3171 οὐκ

355 3213 543 3281 ἰσχύω,
584 3212 673 3263 ἶνα
706 3210 951 3278 θαύμασι
988 3212 1082 3262 καὶ
1138 3211 1390 3280 σημείοις
1430 3208 1601 3262 πείθω
1633 3210 1759 3273 τοὺς
1787 3210 1936 3261 ἀντι-

2042 2028 2168 2095 beo,
2198 2029 2291 2099 qui
2324 2044 2479 2083 suam
2509 2029 2776 2099 privatam
2809 2027 3139 2083 sententiam
3171 2026 3376 2096 scripto
3427 2036 3619 2096 protu-

2042 2119 2190 2174 lerit.

2111 2208 2368 2266 TllEOR.
2395 2208 2606 2279 Ergone
2623 2209 2830 2278 legatos
2848 2208 2991 2264 beati
3014 2207 3172 2276 Papa:
3194 2206 3391 2263 veteris
3407 2205 3619 2273 Romm,

2039 2302 2387 2372 patriarchas
2415 2300 3107 2371 Constantinopolitanum,
3160 2298 3616 2361 Alexandrinum,

2038 2393 2467 2460 Antiocheuum,
2511 2393 3086 2464 Hierosolymitanum,
3129 2399 3209 2444 tot
3256 2400 3474 2444 sanctos
3517 2389 3620 2443 Pa-

2043 2493 2176 2550 tres,
2221 2484 2585 2540 Justinianum
2628 2487 3011 2555 imperatorem
3044 2524 3059 2545 ,
3103 2498 3316 2548 omnes,
3370 2482 3618 2551 inquatu,

2041 2576 2146 2632 hos
2188 2577 2361 2631 instar
2389 2577 2551 2631 unius
2600 2573 3080 2630 hominishabes?
3114 2583 3277 2628 temet
3313 2587 3480 2637 vero,
3528 2572 3621 2639 qui

2042 2685 2188 2725 unus
2222 2684 2301 2734 es,
2327 2669 2663 2725 (ecumenica
2693 2667 2897 2738 synodo
2926 2666 3191 2736 potiorem
3221 2664 3506 2733 minusque
3534 2677 3622 2715 ero

2043 2759 2157 2815 rori
2190 2758 2483 2813 obnoxium
2515 2772 2637 2811 esse
2665 2754 2991 2810 arbitraris?

2113 2848 2272 2904 GEN.
2332 2848 2450 2902 Jatu
2500 2848 2594 2902 tibi
2647 2847 2801 2908 dixi,
2834 2847 3026 2900 horum
3076 2841 3280 2898 nemini
3325 2840 3620 2909 obsequor.

2114 2942 2364 2998 TIIEOR.
2405 2942 2515 3010 Ego
2541 2957 2688 3006 vero,
2725 2941 2842 2994 aliis
2874 2939 3079 2994 viribus
3127 2953 3233 2991 non
3274 2951 3395 2989 sum
3424 2937 3626 2989 instrn-

2044 3047 2186 3102 ctus,
2240 3051 2403 3103 quam
2467 3042 2785 3088 Sanctorum
2846 3030 3070 3084 Patrum
3131 3027 3399 3082 doctrinis
3458 3034 3622 3091 atque

2043 3129 2194 3183 libs-is
2227 3127 2529 3181 :miracula
2566 3124 2714 3179 enim
2749 3130 2985 3192 patrare,
3025 3134 3147 3173 eum
3196 3120 3297 3174 sim
3342 3125 3621 3185 peccator,

2046 3231 2289 3287 nequeo;
2322 3226 2380 3269 ut
2407 3213 2666 3286 prodigiis
2706 3213 2917 3269 scilicet
2950 3220 3114 3278 atque
3160 3208 3330 3277 signis
3363 3209 3624 3260 adversa-

353 3291 650 3366 πίέτοντας
672 3318 687 3332 ·
737 3301 804 3355 ἂν
833 3298 925 3356 οὖν
954 3304 1066 3363 τοῖς
1095 3300 1276 3371 λόγοις
1310 3304 1372 3355 οὐ
1409 3302 1573 3375 πείθῃ
1602 3302 1711 3357 τῶν
1746 3302 1936 3373 θεοφό-

2046 3308 2154 3363 rios
2186 3318 2512 3378 expugnem.
2556 3300 2676 3357 Nisi
2725 3311 2782 3355 tu
2836 3314 2965 3367 ergo
3026 3306 3342 3351 sanctorum
3399 3292 3620 3349 Patrum

357 3411 464 3463 ρων
493 3392 728 3457 ἀνδρῶν,
772 3392 953 3464 μάτην
993 3391 1128 3462 πρὸς
1155 3392 1300 3464 ὑμᾶς
1338 3393 1668 3448 κεκοπίακα.

426 3573 592 3627 ΚΑΘ.
646 3573 930 3642 Ἐάσωμεν
964 3571 1025 3625 τὸ
1064 3573 1194 3643 περὶ
1232 3571 1323 3626 τοῦ
1370 3571 1561 3636 ὓδατος
1594 3573 1841 3646 ζήτημα·
1875 3572 1935 3627 οὐ

354 3668 467 3735 γὰρ
496 3666 631 3734 πρὸς
671 3665 770 3734 τὴν
798 3666 985 3716 πίστιν
1009 3664 1335 3720 ἀντίκειται.

426 3758 622 3808 ΘΕΩΡ.
654 3756 868 3826 Σφόδρα
906 3756 1055 3807 ἐστὶν
1089 3758 1387 3824 ἀναγκαῖον
1411 3773 1426 3789 ⁶
1459 3756 1587 3812 ἄνευ
1615 3759 1724 3828 γὰρ
1768 3754 1936 3812 αὐτοῦ

354 3849 537 3901 τελεία
571 3847 683 3917 (2:2)
710 3849 988 3916 ἱερουργία
1022 3849 1081 3901 οὗ
1106 3849 1334 3913 γίνεται.

433 3940 593 3993 ΚΑΘ.
631 3941 756 3991 Ἐὰν
777 3939 869 3992 οὖν
894 3939 1022 4010 ἔχῃς
1055 3940 1218 4004 ἄλλας
1247 3940 1493 4012 χρήσεις,
1519 3940 1598 4002 είς
1630 3938 1795 4009 μέσον
1824 3941 1940 3994 είσ-

359 4032 798 4098 κομιζέσθωσαν.

429 4123 627 4173 ΘΕΩΡ.
668 4123 731 4173 Τί
767 4140 857 4191 μοι
883 4120 944 4174 τὸ
975 4122 1162 4191 κέρδος
1212 4123 1277 4174 ἐκ
1323 4121 1418 4174 τοῦ
1461 4121 1662 4184 πολλάς
1709 4137 1940 4190 παρεισ·⁴

357 4217 518 4282 ἁγειν
541 4215 786 4284 χρήσεις,
804 4215 926 4267 ἐπεὶ
949 4214 1154 4277 ταύτας
1174 4214 1236 4268 οὐ
1263 4214 1577 4286 παραδέχῃ;
1603 4214 1794 4284 Ὅμως
1818 4215 1942 4268 ι’δω-

362 4321 485 4373 μεν,
513 4305 562 4355 εί
589 4306 757 4370 δοκεῖ,
788 4305 842 4358 τί
876 4306 1005 4375 περὶ
1056 4305 1248 4359 τούτου
1276 4305 1304 4357 ὁ
1353 4305 1579 4376 Νύσςης
1635 4306 1944 4377 Γρηγόριος

359 4394 702 4463 φυσιολογῶν
747 4396 1064 4465 δογματίζει
1122 4396 1617 4466 περικαλλέστατα.
1668 4396 1758 4448 Ἐν
1809 4397 1945 4464 γοῦν

357 4481 440 4549 τῷ
464 4482 821 4552 κατηχητικῷ
837 4482 980 4552 λόγῳ
1009 4476 1070 4535 οὗ
1097 4485 1130 4553 ή
1153 4484 1349 4555 ἁρχὴ,ι
1373 4484 1433 4537 '0
1460 4485 1559 4555 τῆς
1580 4485 1945 4555 κατηχήσεως

359 4573 521 4640 λόγος
550 4575 852 4640 ἀναγκαῖος
896 4574 995 4642 μέν
1021 4576 1137 4628 ἐστι
1168 4577 1281 4638 τοῖς
1306 4575 1673 4646 προεστηκόσι
1703 4575 1798 4629 τοῦ
1837 4594 1943 4647 μυ-

2044 3399 2394 3456 sermonibus
2426 3394 2756 3465 acquiescis,
2802 3406 2903 3464 ego
2950 3390 3156 3446 frustra
3203 3385 3347 3458 apud
3400 3400 3494 3441 vos
3545 3387 3626 3439 la-

2045 3490 2258 3547 boravi.

2110 3579 2272 3637 GEN.
2294 3580 2620 3636 Omittamns
2653 3578 2792 3632 hanc
2818 3578 2881 3631 de
2898 3590 3034 3645 aqua
3053 3573 3429 3644 quaestionem,
3452 3582 3628 3639 neque

2042 3678 2188 3731 enim
2231 3676 2360 3727 tides
2398 3673 2484 3726 hic
2512 3671 2769 3725 violatur.

2113 3762 2367 3818 TllEOR.
2412 3761 2525 3816 lmo
2556 3776 2645 3817 res
2674 3758 2921 3831 capitalis
2951 3766 3055 3825 est,
3084 3757 3203 3812 sine
3251 3770 3355 3827 qua
3389 3752 3627 3825 perfecta

2042 3856 2258 3926 liturgia
2285 3870 2390 3912 non
2424 3853 2624 3907 evadit.

2118 3944 2279 4000 GEN.
2342 3942 2488 3997 Aﬂ‘cr
2546 3942 2732 4013 igitur,
2762 3941 2807 3995 si
2853 3954 2989 4010 quas
3030 3936 3196 3992 habes
3233 3944 3515 4005 prmierca,
3573 3933 3627 3987 in

2046 4035 2281 4090 medium
2317 4032 2700 4085 auctoritates.

2115 4124 2373 4179 TllEOli.
2413 4123 2552 4192 Quid
2601 4121 2731 4175 mihi
2756 4120 2868 4190 jam
2897 4119 3119 4190 prodest
3162 4115 3359 4170 multas
3390 4115 3629 4169 auctori-

2046 4226 2187 4273 tates
2217 4229 2568 4280 coacervare,
2611 4213 2886 4283 siquidem
2924 4213 3022 4265 has
3047 4224 3154 4265 nou
3192 4206 3436 4276 recipis?
3471 4205 3626 4258 Nihi-

2047 4309 2279 4363 lominus
2315 4306 2623 4370 videamus,
2653 4306 2699 4359 si
2729 4302 2929 4372 placet,
2964 4298 3095 4370 quid
3144 4299 3246 4351 hac
3280 4309 3444 4365 super
3482 4294 3625 4363 Nys-

2047 4414 2212 4456 senus
2248 4396 2549 4467 Gregorius
2585 4392 3020 4465 elegantissime,
3051 4398 3267 4456 sumpto
3298 4401 3326 4440 ο
3361 4386 3631 4439 naturali-

2047 4491 2150 4546 bus
2176 4491 2338 4543 rebus
2387 4486 2660 4555 exemplo,
2695 4484 2911 4538 doceat.
2962 4479 3011 4535 ls
3068 4479 3233 4549 igitur
3282 4478 3335 4530 in
3375 4476 3627 4529 oratione

2051 4579 2413 4644 catechetica,
2445 4575 2603 4645 cujus
2654 4575 2871 4629 initium
2907 4589 2921 4626 :
2964 4589 2983 4623 ι
3040 4567 3389 4625 Catechelica
3447 4567 3626 4619 oratio

364 4663 593 4733 στηρίου
619 4663 717 4732 τῆς
744 4640 1046 4728 εύσεδείας,
1070 4683 1089 4716 ι
1130 4666 1297 4736 φησίν
1330 4640 1463 4735 (ίὶὸγ
1490 4640 1731 4736 ιδΩσπερ
1760 4640 1869 4735 γὰρ
1897 4665 1938 4718 oi

2053 4672 2363 4730 necessaria
2421 4679 2506 4725 est
2558 4668 2667 4723 illis
2722 4666 2813 4736 qui
2857 4664 3114 4733 religioso
3165 4658 3423 4731 mysterio
3475 4674 3630 4728 pra:-

365 4753 697 4821 δηλητήριον
712 4751 780 4803 δι’
801 4751 1090 4824 ἐπιϐουλῆς
1107 4753 1364 4817 λαϐόντες
1390 4755 1535 4825 ἁλλῳ
1558 4754 1836 4825 φαρμάκῳ
1849 4755 1948 4827 τὴν

364 4842 695 4914 φθοροποιὸν
725 4843 957 4912 δύναμιν
988 4844 1220 4898 ἔσϐεσαν
1249 4844 1378 4917 (χρὴ
1402 4846 1457 4899 δὲ
1491 4846 1617 4899 καθ’
1648 4846 1945 4916 ὁμοιότητα

366 4936 460 4987 τοῦ
486 4936 737 5006 ὀλεθρίου
774 4939 867 4989 καὶ
889 4936 950 4989 τὸ
980 4935 1321 5009 ἀλεξιτήριον
1347 4938 1498 5001 ἐντὸς
1518 4938 1628 4991 τῶν
1658 4939 1943 5010 ἀνθρωπί-

366 5046 472 5080 νων
512 5027 767 5095 γενέσθαι
829 5029 1176 5098 σπλάγχνων,
1234 5030 1310 5093 ὡς
1366 5029 1432 5084 ἂν
1470 5029 1537 5082 δι’
1575 5031 1803 5083 ἐκείνων
1859 5029 1948 5098 ἐφ’

366 5120 517 5171 ἅπαν
575 5121 1009 5190 κιταμερισθείη
1062 5122 1121 5174 τὸ
1188 5122 1351 5191 σῶμα
1405 5124 1437 5191 ή
1482 5122 1576 5174 τοῦ
1616 5120 1942 5191 βοηθοῦντος

364 5210 646 5283 ὁυναμις)’
680 5213 823 5264 οὓτω
846 5212 939 5263 τοῦ
964 5212 1268 5277 διαλύοντος
1298 5215 1396 5284 τὴν
1424 5214 1587 5282 φύσιν
1619 5214 1775 5285 ἡμῶν
1806 5216 1941 5266 ἀπο-

446 5352 558 5422 (21)
598 5353 1073 5424 Καταχρηστικῶς
1108 5353 1380 5421 generalis
1412 5351 1611 5407 dicitur
1641 5351 1757 5405 haec
1785 5366 1948 5422 syno-

368 5424 473 5477 dus
500 5424 992 5491 Cartltagtuiensis.

439 5492 554 5562 (£2)
601 5491 843 5561 lntellige
886 5492 1265 5562 imperfectum
1303 5492 1634 5548 sacriﬁcium
1681 5492 1748 5546 ad
1780 5491 1942 5546 ritum

371 5566 511 5631 quod
548 5565 769 5625 attinet,
810 5577 918 5614 non
949 5563 1016 5615 ad
1046 5566 1119 5616 rei
1150 5566 1466 5618 essentiam.

439 5632 556 5702 (25)
600 5634 930 5700 Sequentem
964 5631 1193 5699 Nysseui
1230 5643 1520 5702 tractatum
1578 5646 1643 5685 ex
1696 5630 1951 5684 vaticano

371 5700 662 5755 Theortani
717 5703 909 5756 codice
960 5704 1219 5772 profero;
1258 5718 1381 5754 nam
1428 5700 1737 5756 Parisiacus
1774 5710 1951 5755 textus

371 5788 399 5825 a
445 5774 691 5827 alurellio
714 5774 923 5827 'editus
976 5773 1418 5841 ﬂagitiosissimis
1476 5773 1685 5825 mendis
1737 5782 1949 5833 scatet;

2049 4774 2197 4831 sunt,
2250 4782 2269 4815 ι
2310 4762 2391 4818 sic
2424 4761 2545 4815 ait:
2586 4778 2607 4813 ι
2662 4757 2837 4814 Sicuti
2883 4758 3026 4813 enim
3070 4755 3160 4824 qui
3196 4766 3464 4808 venenum
3504 4751 3630 4802 dolo

2048 4855 2280 4925 alicujus
2309 4861 2684 4921 snmpserunt,
2713 4849 2818 4904 alio
2849 4848 3251 4903 medicamento
3286 4840 3624 4896 mortiferam

2051 4948 2158 5001 vim
2191 4945 2545 5011 exstinguuot
2593 4942 2781 5013 (porro
2821 4944 3037 5009 oportet
3083 4936 3224 4988 sicut
3278 4930 3518 4994 exitiale,
3553 4930 3626 4981 ita

2054 5037 2217 5089 etiam
2250 5033 2487 5087 salutare
2517 5030 2973 5085 medicamentum
3008 5021 3220 5077 admitti
3254 5021 3393 5074 intra
3417 5018 3627 5071 viscera

2056 5125 2308 5189 hominis,
2335 5130 2392 5176 ut
2429 5138 2493 5176 ex
2526 5121 2661 5191 ipsis
2685 5118 3049 5174 distribuatur
3076 5113 3130 5166 in
3165 5113 3475 5166 universum
3506 5123 3631 5160 cor-

2052 5233 2153 5287 pus
2200 5214 2453 5269 Salutaris
2492 5212 2631 5282 vis);
2681 5211 2752 5264 ita
2805 5224 2927 5263 eum
2964 5207 3015 5260 id
3057 5203 3455 5275 gnstaverimus
3482 5196 3629 5268 quod

2056 5348 2123 5404 ne
2174 5350 2300 5418 quid
2332 5349 2503 5402 dicam
2537 5348 2601 5400 de
2627 5346 2976 5418 invenustate
2991 5350 3203 5418 quoque
3227 5333 3431 5418 Latinas
3461 5330 3633 5418 inter-

2059 5406 2400 5488 pretationis,
2443 5433 2606 5484 quam
2641 5430 2793 5482 teque
2828 5406 3071 5488 (auditos
3098 5406 3261 5486 debui
3309 5406 3627 5488 retortt'tare:

2056 5470 2401 5558 {Zaiteroquin
2446 5470 2545 5555 ego
2572 5470 2763 5558 textus
2793 5482 2924 5558 editi
2969 5490 3188 5558 errores
3212 5476 3299 5554 vix
3332 5470 3499 5558 semel
3534 5477 3631 5558 aut

2059 5540 2823 5625 iiertinifspeciniiniseausa,
2846 5554 2897 5605 in
2918 5548 3141 5625 scholiis
3166 5547 3300 5597 meis
3323 5540 3627 5625 appellabo,

2059 5621 2371 5683 Desiderari
2410 5640 2543 5681 vero
2588 5623 2797 5690 aliquot
2835 5621 2978 5690 apud
3008 5633 3107 5672 nos
3153 5624 3428 5690 roottnata
3471 5623 3630 5690 uento

2060 5680 2321 5763 miretur;
2355 5698 2558 5751 etenim
2578 5709 2639 5750 ea
2672 5680 3012 5747 Theorianus
3037 5696 3094 5741 ut
3116 5685 3395 5756 proposito
3418 5680 3630 5734 inutilia

2060 5769 2319 5825 detraxit.
