4096 6422
477 407 587 471 253

1924 390 2360 453 TIIEORIANI

3653 386 3760 452 2Γο

478 526 719 574 nostram
746 515 992 574 dissolvit
1022 523 1301 579 naturam,
1324 509 1571 568 vicissim
1610 507 1809 565 accidit
1836 514 1891 560 ιιι
1925 520 2062 573 opus

2169 501 2519 571 γευσάμενοι,
2550 499 2712 556 πάλιν
2744 499 3063 570 ἀναγκαίως
3084 500 3180 556 καὶ
3209 501 3304 556 τοῦ
3338 500 3669 570 συνάγοντος
3699 504 3761 556 τὸ

479 611 775 665 habeamus
826 623 892 663 eo
938 608 1084 677 quod
1128 605 1338 676 colligit
1382 617 1447 657 ac
1500 601 1755 657 conciliat
1804 599 1857 652 id
1912 596 2056 668 quod

475 712 592 758 erat
623 701 946 756 dissolutum
984 714 999 751 :
1034 709 1092 752 ut
1120 713 1242 752 cum
1300 696 1445 749 intra
1468 709 1584 749 nos
1624 691 1790 745 fuerit.
1825 689 1930 744 hoc
1970 703 2059 742 sa-

478 794 651 849 lutare
674 794 1156 858 medicamentum,
1176 788 1370 843 veneni
1398 788 1656 841 damnum
1680 783 1822 852 quod
1846 780 2057 851 corpori

478 885 654 940 fuerat
685 873 938 948 inditum,
991 896 1088 951 per
1145 878 1476 935 contrariam
1532 875 1759 945 repellat
1817 872 2062 929 affectio-

479 991 623 1030 nem.
650 974 791 1040 Quid
832 986 961 1043 ergo
1006 972 1112 1025 hoc
1158 970 1280 1025 est?
1324 967 1468 1023 Nihil
1518 968 1664 1021 aliud
1714 980 1877 1035 quam
1933 964 2060 1018 illud

471 1079 701 1133 corpus,
727 1062 873 1133 quod
905 1073 958 1116 et
994 1070 1170 1116 morte
1197 1060 1374 1116 evasit
1416 1059 1711 1130 potentius,
1760 1066 1817 1111 et
1863 1067 2063 1110 nostrae

473 1158 603 1210 vita:
636 1153 739 1210 fuit
768 1154 1007 1209 initium.
1041 1151 1199 1207 Sicut
1234 1151 1380 1206 enim
1409 1152 1680 1204 modicum
1712 1147 2061 1211 fermentum,

480 1254 537 1299 ut
566 1246 644 1298 ait
672 1243 1058 1312 Apostolus“,
1091 1242 1401 1296 universam
1429 1252 1665 1295 massam
1697 1239 1798 1294 sibi
1831 1237 2062 1293 similem

482 1335 650 1401 facit;
686 1336 758 1388 ita
797 1334 926 1388 illud
967 1348 1167 1403 corpus
1200 1348 1228 1386 a
1284 1334 1391 1386 Deo
1432 1330 1843 1385 immortalitate
1895 1331 2065 1383 dona-

474 1435 619 1491 tum,
648 1442 769 1480 cum
810 1424 974 1480 fuerit
1012 1426 1154 1478 intra
1191 1431 1465 1490 nostrum,
1496 1431 1668 1476 totum
1700 1423 1767 1476 ad
1796 1437 1859 1478 se
1886 1430 2066 1476 trans-

484 1527 656 1571 mutat
684 1525 739 1570 et
771 1515 1055 1571 transfert.
1086 1513 1266 1569 Veluti
1298 1513 1446 1569 enim
1470 1514 1515 1569 si
1551 1526 1641 1568 res
1668 1512 1908 1567 exitialis
1938 1526 2062 1566 cum

474 1624 616 1664 sana
660 1609 1068 1675 admisceatur,
1117 1611 1371 1663 universa
1423 1607 1608 1661 mistio
1658 1606 2061 1674 corrumpitur;

483 1701 556 1755 ita
587 1714 788 1769 corpus
810 1699 1118 1754 immortale
1137 1714 1261 1755 cum
1285 1698 1452 1754 fueﬂt
1480 1700 1623 1753 intra
1650 1712 1774 1753 eum
1801 1698 1895 1769 qui
1918 1711 2067 1752 sum-

2160 597 2545 667 διαλε).υμένον
2575 599 2973 670 ἐπεδεήθημεν,
3013 598 3090 662 ὡς
3113 598 3178 652 ἂν
3208 600 3265 651 ὲν
3303 599 3339 667 ἡ
3349 600 3439 667 μίν
3462 599 3762 666 γενόμενον

2161 689 2224 742 τὸ
2256 690 2496 743 τοιοῦτον
2543 690 2904 760 ἀλεξητήριον
2944 693 3042 762 τὴν
3073 691 3496 760 προεντεθεῖσαν
3542 690 3620 757 τῷ
3647 690 3758 743 σώ-

2168 792 2299 841 ματι
2323 775 2417 829 τοῦ
2456 777 2786 849 δηλητηρίου
2834 779 3044 850 βλάϐην
3087 780 3178 834 διὰ
3213 781 3312 848 τῆς
3359 780 3570 842 οἰκείας
3603 781 3757 832 ἀντι-

2164 867 2398 930 παθείας
2418 868 2727 939 ἀπώσηται.
2760 870 2826 921 Τί
2858 870 2956 924 οὖν
2984 872 3098 922 ἐστι
3134 869 3295 922 τοῦτο
3325 887 3339 936 ;
3366 871 3533 923 Οἰδὲν
3568 870 3763 939 ἕτερον

2163 956 2196 1025 ἢ
2231 958 2409 1009 ἐκεῖνο
2432 957 2489 1009 τὸ
2523 957 2707 1025 σῶμα,
2743 958 2772 1012 ὂ
2804 959 2900 1012 τοῦ
2927 974 2986 1012 τε
3026 960 3265 1012 θανάτου
3323 961 3574 1028 κρεῖττον
3612 960 3755 1012 ἐξείη

2163 1047 2291 1117 χθη,
2320 1047 2542 1113 καὶτῆς
2585 1048 2731 1119 ζωῆς
2778 1050 2939 1120 ἡμῶν
2987 1049 3436 1119 προκατήρξατο.
3491 1051 3762 1118 Καθάπερ

2165 1142 2277 1209 γὰρ
2311 1141 2484 1211 μικρὰ
2510 1140 2680 1212 ζύμη,
2709 1141 2894 1204 καθώς
2916 1159 3083 1211 φησιν
3114 1144 3139 1195 ὁ
3174 1141 3521 1206 Ἀπόστο).ο;,
3554 1142 3675 1195 ὅλον
3698 1143 3762 1195 τὸ

2166 1233 2397 1302 φύραμα
2455 1234 2594 1302 πρὸς
2628 1234 2832 1301 ἑαυτὴν
2891 1234 3154 1303 ἐξομοιοῖ,
3200 1234 3343 1287 οὕτω
3388 1233 3450 1286 τὸ
3496 1234 3762 1288 ἀθανατι-

2167 1320 2295 1374 σθὲν
2324 1322 2436 1392 (24η
2469 1323 2574 1375 ὑπὸ
2608 1323 2701 1376 τοῦ
2732 1323 2870 1376 Θεοῦ
2909 1323 3090 1394 σῶμα,
3150 1325 3208 1375 ὲν
3242 1322 3320 1392 τῷ
3352 1324 3610 1394 ἡμετέρῳ
3665 1341 3761 1393 γε-

2165 1415 2413 1484 νόμενον,
2433 1415 2554 1468 ὅλον
2574 1416 2711 1486 πρὸς
2741 1417 2903 1469 ἑαυτὸ
2937 1420 3226 1486 μεταποιεῖ
3246 1416 3342 1470 καὶ
3371 1418 3755 1487 μετατίθησιν.

2177 1507 2269 1569 Ὠς
2303 1506 2414 1577 γάρ
2466 1507 2546 1576 τῷ
2588 1507 2903 1579 φθοροποιῷ
2947 1507 3087 1578 πρὸς
3138 1508 3200 1562 τὸ
3255 1510 3506 1577 ὑγιαῖνον
3553 1510 3759 1580 ἀναμιο

2164 1599 2371 1669 χθέντι,
2399 1598 2548 1652 ἆπαν
2577 1598 2637 1652 τὸ
2668 1601 2979 1667 ὰνακραθὲν
3027 1600 3450 1671 συνηχρείωται,
3488 1599 3634 1653 οὕτω
3660 1601 3756 1653 καὶ

2165 1693 2225 1747 τὸ
2252 1692 2519 1747 ἀθάνατον
2550 1694 2731 1764 σῶμα,
2762 1697 2819 1748 ὲν
2841 1695 2914 1767 τῷ
2939 1694 3261 1748 ἀναλαϐόντι
3279 1694 3411 1748 αὐτὸ
3440 1695 3756 1764 γενόμενον,

482 1791 614 1862 psit,
649 1791 965 1846 universum
998 1805 1221 1862 quoque
1267 1798 1601 1846 transmutat
1637 1789 1690 1844 in
1723 1805 1875 1845 suam
1907 1800 2067 1843 natu-

2169 1783 2305 1855 πρὸς
2326 1784 2423 1855 τὴν
2467 1785 2667 1839 ἑαυτοῦ
2726 1788 2891 1855 φύσιν
2929 1788 2990 1841 τὸ
3030 1789 3139 1840 πᾶν
3184 1787 3583 1858 μετεποίησεν·
3615 1786 3755 1841 ἀλλὰ

484 1898 625 1936 ram.
661 1880 768 1936 Sed
799 1881 915 1936 ﬁeri
950 1897 1055 1937 non
1089 1890 1269 1951 potest
1303 1890 1362 1935 ιιι
1393 1881 1465 1936 sit
1511 1878 1721 1949 aliquid
1763 1879 1906 1934 intra
1948 1894 2071 1934 cor-

483 1991 613 2046 pus,
641 1976 743 2029 nisi
774 1990 873 2045 per
897 1990 1053 2031 esum
1090 1983 1186 2031 aut
1214 1986 1402 2045 potum
1430 1975 1732 2031 visceribus
1761 1975 2069 2031 admiscea-

487 2078 612 2131 tur;
661 2083 797 2137 ergo
848 2082 1073 2136 prorsus
1124 2077 1361 2137 oportet,
1418 2082 1514 2137 per
1549 2066 1799 2123 idoneam
1861 2076 2070 2122 natum

485 2158 778 2225 rationem,
800 2158 907 2212 vim
937 2158 1204 2213 vivilicmn
1228 2159 1369 2213 intra
1394 2173 1597 2227 corpus
1627 2157 1892 2226 recipere.
1921 2153 2070 2209 Jam-

483 2266 618 2306 vero
641 2268 808 2320 quum
845 2251 978 2306 illud
1007 2252 1384 2307 tantummodo
1411 2250 1681 2305 deil'erttm
1706 2263 1909 2318 corpus
1931 2250 2071 2304 hanc

478 2349 717 2418 gratiam
762 2350 1077 2417 acceperit;
1115 2362 1353 2418 cumque
1389 2346 1735 2417 exploratum
1772 2345 1867 2406 sit,
1909 2345 2071 2399 aliter

488 2438 604 2492 ﬁeri
635 2453 740 2492 non
773 2453 932 2507 posse
974 2446 1035 2493 ut
1069 2447 1313 2494 nostrum
1361 2451 1561 2508 corpus
1598 2436 2070 2499 immortalitatem

484 2539 880 2601 consequatur,
915 2530 1022 2586 nisi
1055 2540 1281 2602 propter
1307 2530 1645 2585 consortium
1677 2544 1805 2584 eum
1845 2529 2073 2582 immoro

484 2623 583 2678 tali
615 2623 993 2692 incorruptum
1049 2623 1268 2689 evadat,
1298 2636 1481 2693 opera:
1526 2621 1763 2691 pretium
1796 2628 1883 2675 est
1906 2618 2075 2687 dispi-

482 2720 617 2769 cere
645 2715 917 2784 quomodo
952 2712 1071 2768 ﬁeri
1096 2713 1292 2784 possit,
1323 2723 1384 2769 ut
1413 2711 1547 2769 illttd
1580 2712 1801 2767 unicum
1828 2719 1908 2766 tot
1936 2712 2072 2766 lide-

484 2805 620 2860 iium
651 2804 894 2861 millibus
923 2805 975 2859 in
1011 2813 1126 2860 toto
1149 2806 1284 2860 orbe
1318 2804 1677 2859 distributum
1713 2802 1915 2872 iugiter
1945 2818 2068 2857 eor-

484 2912 616 2968 pus,
657 2905 830 2952 totum
863 2896 1142 2966 sigillatim
1177 2897 1230 2951 in
1263 2908 1594 2967 unoquoque
1621 2895 1879 2963 exsistat,
1910 2895 2074 2950 idem.

483 3003 597 3059 que
627 2989 765 3059 apud
799 3003 859 3043 se
881 2987 1155 3060 integrum
1188 2995 1433 3043 maneat.

568 3201 587 3234 ι
630 3180 697 3238 Ut
727 3195 859 3253 ergo
891 3180 1046 3249 lides,
1070 3180 1124 3235 id
1150 3181 1293 3251 quod
1327 3179 1483 3235 nobis
1513 3179 1770 3236 usuveuit
1794 3190 2067 3250 spectans,
2096 3202 2139 3261 ρ

489 3273 557 3328 de
593 3289 652 3327 re
678 3272 959 3343 proposita
988 3272 1129 3327 haud
1162 3271 1391 3336 dubitet,
1414 3279 1628 3341 oportet
1662 3280 1908 3325 nostram
1940 3285 2069 3325 ora-

487 3368 691 3421 tionem
719 3364 999 3435 paulisper
1024 3364 1304 3419 immorari
1331 3364 1383 3418 in
1416 3362 1649 3417 naturali
1672 3363 1919 3433 corporis
1943 3377 2073 3417 con-

487 3457 844 3511 sideratione.
880 3452 1066 3508 Nostri
1116 3454 1370 3509 videlicet
1403 3465 1597 3508 natura
1636 3455 1889 3525 corporis
1926 3455 2069 3509 haud

489 3548 608 3617 ipsa
638 3562 733 3615 per
782 3561 841 3600 se
875 3545 1041 3598 vitam
1094 3544 1261 3599 habet
1307 3545 1362 3599 in
1413 3546 1649 3615 quadam
1693 3547 1917 3616 propria
1971 3562 2070 3599 sua

487 3633 817 3699 substantia,
842 3633 936 3687 sed
972 3645 1071 3701 per
1102 3631 1411 3687 aliluentem
1444 3633 1789 3689 extrinsecus
1820 3635 1924 3690 sibi
1958 3636 2070 3689 vir-

490 3728 660 3778 tntem
691 3730 746 3776 et
784 3736 846 3777 se
901 3728 1171 3776 sustentat
1224 3734 1279 3777 et
1326 3725 1620 3777 essentiam
1674 3725 1892 3789 retinet,
1941 3726 2067 3779 dum

490 3821 639 3865 motu
672 3822 937 3881 perpetuo
967 3821 1020 3866 et
1052 3812 1195 3881 quod
1241 3814 1372 3867 utile
1415 3822 1501 3867 est
1543 3816 1608 3867 ad
1651 3829 1711 3869 se
1742 3817 1989 3881 attrahit,
2014 3828 2069 3872 et

489 3916 957 3972 supervacaneum
1007 3903 1251 3972 expellit.
1289 3903 1461 3958 Porro
1513 3906 1603 3958 illa
1642 3906 1838 3972 virtus,
1892 3910 2067 3962 nutri-

490 4005 738 4049 mentum
764 4002 849 4049 est.
876 4003 930 4048 et
960 3994 1178 4049 dicitur.
1200 3996 1314 4065 Age
1341 4010 1472 4049 vero
1510 4011 1617 4051 non
1646 3996 1785 4051 idem
1815 3999 2069 4054 omnibus

487 4100 611 4154 quae
634 4085 858 4138 aluntur
878 4087 1202 4155 corporibus
1228 4088 1619 4142 nutrimentum
1647 4098 1750 4154 est,
1776 4091 1869 4144 sed
1908 4105 2065 4145 suum

489 4178 687 4248 cuique
719 4191 1027 4248 congruens
1051 4182 1121 4233 ab
1152 4193 1217 4233 eo
1260 4180 1351 4248 qui
1385 4190 1640 4233 naturam
1672 4182 1810 4249 regit
1840 4183 2069 4237 attribu-

490 4276 604 4321 tunt
670 4269 792 4323 luit.
852 4268 987 4323 Nam
1061 4269 1166 4324 alla
1236 4271 1454 4340 quidem
1519 4272 1774 4327 animalia
1858 4272 2070 4329 eﬂ‘ossis

488 4369 785 4414 vescuntur
816 4361 1120 4427 radicibus,
1148 4362 1252 4415 alia
1286 4363 1475 4418 herbis
1502 4385 1516 4419 :
1544 4379 1736 4419 canent
1770 4364 1922 4419 alunt
1945 4381 2071 4419 car-

491 4466 588 4506 nes
618 4466 632 4505 :
664 4451 973 4523 praecipuus
1017 4453 1259 4507 hominis
1313 4454 1467 4507 cibus
1508 4457 1663 4523 panis
1694 4467 1813 4521 est;
1846 4465 1957 4509 tum
2001 4459 2071 4511 ob

2174 1877 2281 1947 μὴν
2301 1878 2401 1931 οὐκ
2435 1879 2581 1932 ἔστιν
2612 1879 2788 1944 ἄλλως
2809 1880 2959 1945 ἐντός
2986 1897 3039 1933 τι
3069 1880 3328 1949 γενέσθαι
3350 1879 3444 1932 τοῦ
3477 1879 3758 1949 σώματος,

2173 1970 2248 2040 μὴ
2277 1970 2365 2024 διὰ
2399 1971 2658 2042 βρώσεως
2690 1973 2723 2045 ἢ
2757 1976 2971 2038 πόσεως
3003 1976 3113 2038 τοῖς
3144 1974 3479 2045 σπλάγχνοις
3509 1991 3760 2044 καταμι-

2169 2063 2441 2134 γνύμενον
2460 2082 2475 2098 σ
2512 2066 2711 2120 οὐκοῦν
2741 2067 3058 2133 ἐπάναγκες
3115 2070 3258 2121 κατὰ
3289 2066 3382 2120 τὸν
3412 2066 3640 2119 δυνατὸν
3685 2068 3756 2137 τῇ

2171 2150 2336 2223 φύσει
2365 2156 2567 2225 τρόπον
2600 2157 2701 2229 τὴν
2746 2156 3014 2221 ζωοποιὸν
3046 2158 3281 2229 δύναμιν
3320 2157 3398 2228 τῷ
3424 2157 3640 2227 σώματι
3668 2158 3761 2211 6;-

2171 2246 2387 2313 ξασθαι.
2410 2248 2587 2303 Μάνου
2615 2250 2672 2302 δὲ
2706 2250 2801 2304 τοῦ
2830 2251 3080 2323 θεοδόχου
3108 2250 3360 2322 σώματος
3385 2252 3597 2305 ἐκείνου
3630 2251 3764 2307 ταύ-

2169 2355 2271 2409 την
2305 2339 2600 2410 δεξαμένου
2636 2342 2733 2413 τὴν
2790 2345 2974 2414 χάριν,
3034 2343 3212 2406 ἄλλως
3249 2343 3306 2396 δὲ
3335 2342 3760 2414 δειχθέντος’μὴ

2171 2426 2313 2486 εἶναι
2354 2432 2579 2487 δυνατὸν
2641 2435 2699 2487 ἐν
2761 2435 3037 2508 άθανασῖᾳ
3072 2436 3330 2506 γενέσθαι
3388 2436 3450 2489 τὸ
3488 2437 3762 2508 ἡμέτερον

2173 2523 2354 2592 σῶμα,
2390 2524 2465 2595 μὴ
2504 2524 2592 2578 διὰ
2635 2527 2739 2595 τῆς
2781 2528 2917 2598 πρὸς
2951 2528 3014 2581 τὸ
3056 2528 3326 2582 ἀθάνατον
3364 2529 3652 2591 κοινωνίας
3699 2531 3762 2583 ὲν

2176 2620 2437 2688 μετουσίᾳ
2468 2618 2569 2690 τῆς
2592 2621 2906 2691 ἀφθαρσίας
2933 2623 3252 2691 γενόμενον,
3290 2624 3567 2694 σκοπῆσαι
3588 2641 3765 2694 προσ-

2173 2710 2300 2778 ήκει
2339 2713 2456 2775 πῶς
2479 2714 2698 2780 ἐγένετο
2726 2713 2954 2768 δυνατὸν
2986 2714 3046 2768 τὸ
3102 2714 3162 2768 ἓν
3201 2717 3380 2769 ἐκεῖνο
3432 2715 3595 2784 σῶμα
3638 2718 3762 2779 ταῖς

2171 2801 2466 2867 τοσαύταις
2492 2802 2604 2856 τῶν
2644 2804 2854 2859 πιστῶν
2884 2805 3114 2876 μυριάσι
3161 2806 3304 2861 κατὰ
3333 2808 3513 2860 πᾶσαν
3555 2806 3655 2877 τὴν
3680 2807 3763 2859 ol-

2173 2896 2449 2967 κουμένην
2497 2898 2671 2951 εἰσαεὶ
2708 2898 3243 2970 καταμεριζόμενον,
3296 2899 3418 2953 ὅλον
3450 2900 3509 2950 ὲν
3541 2899 3761 2969 ἑκάστῳ

2171 2986 2261 3040 διά
2284 2986 2379 3039 τοῦ
2413 2989 2617 3059 μέρους
2638 2989 2911 3058 γίνεσθαι,
2945 2992 3043 3044 καὶ
3070 2990 3202 3044 αὐτὸ
3234 2990 3424 3061 μένειν
3461 2989 3546 3060 ἐφ’
3576 2989 3760 3061 ἑαυτῷ

2171 3094 2294 3132 01.ον
2302 3118 2316 3134 ο
3276 3112 3281 3115 ·

2251 3190 2270 3223 t
2306 3171 2517 3226 Οὐκοῦν
2540 3173 2617 3239 ὡς
2646 3173 2737 3239 ἂν,
2776 3174 2913 3247 πρὸς
2942 3174 3004 3229 τὸ
3030 3175 3321 3231 ἀκόλουθον
3338 3178 3471 3249 ἡμῖν
3509 3178 3541 3249 ἡ
3572 3176 3762 3245 πίστις

2176 3261 2473 3333 βλέπουσα,
2536 3265 2811 3336 μηδεμίαν
2844 3267 3179 3338 ἁμφιόολίαν
3212 3272 3340 3341 περὶ
3380 3267 3477 3323 τοῦ
3534 3287 3763 3341 προπει-

2176 3355 2341 3426 μένου
2368 3359 2638 3428 νοήματος
2669 3356 2790 3430 ἔχῃ.
2843 3360 3042 3429 μικρόν
3087 3376 3140 3413 τι
3175 3362 3445 3432 προσήκει
3481 3377 3765 3431 παρασχο-

2173 3446 2339 3516 λῆσαι
2391 3447 2485 3501 τὸν
2517 3447 2675 3516 λόγον
2701 3450 2779 3511 εἰς
2827 3449 2927 3520 τὴν
2959 3453 3316 3520 φυσιολογίαν
3349 3452 3444 3508 τιιῦ
3480 3452 3763 3524 σώματος.

2173 3537 2272 3600 Τίς
2313 3537 2422 3608 γὰρ
2452 3540 2555 3592 οὐκ
2585 3534 2727 3592 οἶδεν
2776 3540 2858 3594 ὅτι
2894 3543 2928 3611 ἡ
2963 3540 3058 3594 τοῦ
3098 3541 3353 3614 σώματος
3402 3546 3560 3616 ἡμῶν
3594 3545 3761 3615 φύσις

2171 3630 2310 3701 αὐτὴ
2333 3631 2454 3684 καθ’
2480 3633 2681 3704 ἑαυτὴν
2722 3636 2781 3688 ὲν
2836 3634 2943 3706 ἰδίᾳ
2976 3634 3084 3688 τινὶ
3124 3635 3423 3690 ὑποστάσει
3476 3637 3622 3708 ζωὴν
3654 3639 3762 3694 οὐκ

2171 3720 2306 3791 ἔχει,
2369 3722 2506 3776 ἀλλὰ
2537 3725 2625 3777 διὰ
2681 3726 2783 3796 τῆς
2832 3726 3227 3798 ὲπεισρεούσης
3280 3728 3419 3799 αὐτῇ
3471 3729 3762 3799 δυνάμεως

2171 3815 2387 3886 συνέχει
2421 3834 2481 3870 τε
2514 3818 2713 3889 ἑαυτὴν
2756 3820 2853 3873 καὶ
2902 3819 2962 3873 ἐν
2992 3820 3070 3891 τῷ
3101 3818 3245 3874 εἶναι
3280 3823 3458 3893 μένει,
3491 3823 3761 3895 ἀπαύστῳ

2169 3909 2381 3978 κινήσει
2415 3909 2474 3962 τὸ
2519 3910 2728 3965 τέλειον
2778 3911 2913 3983 πρὸς
2938 3913 3140 3983 ἑαυτὴν
3180 3914 3541 3985 ἐφελκομένη,
3569 3916 3667 3968 καὶ
3695 3918 3761 3969 τὸ

2169 4003 2493 4072 περιττεῦον
2515 4003 2924 4075 ἀπωθουμένης
2969 4005 3032 4059 Ἦ
3064 4006 3121 4059 δὲ
3144 4007 3377 4077 δύναμις
3412 4006 3551 4078 αὕτη
3582 4009 3760 4082 τροφὴ

2169 4095 2265 4146 καὶ
2292 4094 2410 4147 ἔστι
2445 4096 2540 4148 καὶ
2568 4094 2811 4163 λέγεται.
2848 4097 3006 4150 Ἔστι
3027 4097 3085 4151 δὲ
3111 4100 3209 4169 ούχ
3245 4101 3279 4171 ἠ
3310 4100 3451 4170 αὑτὴ
3476 4102 3610 4154 πᾶσι
3643 4102 3761 4165 τοῖς

2169 4187 2530 4257 τρεφομένοις
2576 4186 2844 4259 σώμασιν,
2879 4189 3017 4245 ἀλλά
3050 4208 3134 4255 τις
3167 4193 3387 4265 ἑκάστῳ
3417 4194 3761 4262 κατάλληλος

2171 4277 2326 4346 παρὰ
2350 4277 2443 4331 τοῦ
2474 4279 2574 4348 τὴν
2601 4279 2763 4347 φύσιν
2803 4281 3221 4353 οίκονομοῦντος
3268 4287 3758 4356 ἀποκεκλήρωται.

2172 4368 2254 4421 Τά
2290 4369 2390 4438 μὲν
2451 4370 2560 4440 γὰρ
2614 4371 2725 4425 τῶν
2779 4373 2936 4436 ζώων
2987 4376 3419 4448 ριζωρυχοῦντα
3454 4383 3760 4448 τρέφεταμ

2175 4459 2384 4530 ἑτέροις
2423 4461 2480 4514 δὲ
2510 4462 2659 4516 ἐστιν
2693 4466 2725 4531 ἠ
2754 4464 2861 4517 πόα
2910 4466 3181 4537 τρόφιμος
3202 4485 3215 4499 ·
3249 4470 3408 4532 κυνὸς
3440 4471 3497 4524 δὲ
3524 4471 3556 4541 ἠ
3581 4473 3760 4545 τροφὴ

489 4543 837 4598 retinendum
891 4547 1439 4616 conservandumque
1498 4548 1823 4614 humorem,
1880 4550 2065 4618 potio;

2177 4551 2381 4620 σάρκες
2415 4552 2553 4605 εἰσίν
2575 4568 2592 4584 ο
2651 4553 2818 4625 ἄρτος
2848 4556 2906 4611 δὲ
2944 4559 3083 4611 κατὰ
3114 4559 3172 4612 τὸ
3218 4562 3634 4630 προηγούμενον
3664 4542 3758 4615 ἀνί

488 4645 668 4701 neque
714 4633 832 4687 haec
880 4648 1036 4703 aqua:
1082 4640 1496 4703 tantummodo,
1556 4637 1650 4692 sed
1702 4638 1811 4693 vini
1851 4654 2067 4709 quoque

488 4722 735 4777 adhibito
767 4725 1141 4791 condimento,
1175 4737 1236 4781 ut
1271 4728 1486 4783 interno
1528 4729 1702 4783 calori
1733 4745 1889 4799 opem
1923 4728 2071 4784 fera-

489 4830 633 4869 mus.
683 4814 784 4882 Qui
820 4831 952 4887 ergo
982 4817 1103 4873 haec
1136 4819 1464 4886 considerat,
1497 4821 1543 4874 is
1606 4823 1672 4876 de
1719 4824 1888 4875 nostri
1939 4838 2063 4877 cor-

489 4909 642 4976 poris
695 4909 1034 4965 incretnento
1081 4911 1332 4967 videlicet
1380 4914 1631 4983 cogitat:
1679 4928 1912 4983 namque
1964 4916 2068 4969 ista

483 4999 751 5053 alimenta
780 4999 925 5054 intra
952 5016 1053 5058 nos
1079 5014 1318 5074 recepta,
1363 5005 1590 5073 sanguis
1626 5019 1864 5075 caroque
1897 5006 2030 5062 iiunt
2048 5025 2069 5071 ;

483 5092 614 5145 dum
678 5093 937 5148 alimonia
1003 5106 1225 5166 propter
1271 5098 1380 5150 vim
1428 5097 1514 5152 sui
1567 5098 1979 5165 commutandi,
2016 5101 2068 5155 in

482 5186 733 5253 corporis
755 5188 1003 5256 .liguram
1038 5189 1251 5243 transit.

516 5472 521 5477 -
560 5473 586 5507 ι
620 5454 717 5512 llis
747 5473 779 5514 α
814 5459 1067 5517 nobisita
1096 5463 1511 5533 enucleatis,ad
1545 5467 1879 5537 propositum
1913 5483 2067 5525 mens

452 5609 459 5617 '
558 5602 644 5657 ιιι
670 5605 794 5660 Cor.
824 5622 877 5673 v,
902 5608 987 5683 G._

2172 4641 2380 4714 θρώπῳ
2402 4661 2415 4675 ο
2445 4646 2540 4699 καὶ
2571 4648 2655 4711 είς
2683 4647 2783 4718 τὴν
2811 4650 2905 4701 τοῦ
2942 4650 3112 4720 ὑγροῦ
3142 4652 3404 4722 διαμονὴν
3436 4658 3532 4708 καὶ
3561 4657 3763 4727 συντή-

2175 4751 2333 4804 ρησιν
2364 4737 2529 4791 ποτὸν
2557 4739 2768 4808 γίνεται
2825 4743 2925 4796 οὐκ
2959 4744 3091 4797 αὐτὸ
3121 4745 3283 4815 μόνον
3329 4747 3391 4800 τὸ
3425 4747 3590 4818 ὓδωρ,
3641 4749 3758 4802 ἀλλ’

2170 4826 2299 4896 οἴνῳ
2327 4829 2589 4895 πολλάκις
2612 4832 3039 4905 ὲφηδυνόμενον,
3073 4837 3211 4906 πρὸς
3262 4838 3361 4906 τὴν
3403 4839 3499 4893 τοῦ
3549 4841 3758 4910 Θερμοῦ

2167 4918 2263 4972 τοῦ
2291 4921 2350 4973 ὲν
2378 4924 2510 4992 ἡμῖν
2543 4926 2881 4996 συμμαχίαν.
2927 4928 3140 4983 Οὐκοῦν
3166 4932 3195 4983 ὁ
3228 4931 3366 5001 πρὸς
3398 4930 3574 4989 ταῦτα
3628 4932 3757 5002 βλέ-

2170 5029 2287 5066 πων
2336 5014 2564 5087 δυνάμει
2589 5019 2730 5088 πρὸς
2772 5019 2865 5072 τὸν
2904 5020 3067 5088 ὄγκον
3101 5023 3197 5077 τοῦ
3245 5025 3520 5095 ἡμετέρου
3568 5027 3760 5093 σὼμαο

2168 5120 2259 5167 τος
2289 5105 2474 5175 βλέπει
2495 5125 2509 5140 ο
2542 5111 2598 5162 ἐν
2618 5110 2745 5178 ἐμοὶ
2782 5111 2893 5182 γάρ
2945 5115 3131 5167 ἐκεῖνα
3164 5115 3454 5184 γινόμενα,
3487 5111 3627 5186 αἷμα
3658 5118 3755 5171 καὶ

2173 5198 2332 5267 σῶμα
2356 5198 2566 5266 γίνεται
2606 5202 2980 5273 καταλληλως,
3008 5204 3100 5258 διὰ
3126 5204 3226 5273 τῆς
3251 5205 3616 5275 ὰλλοιωτικῆς
3660 5207 3757 5259 δυε-

2171 5290 2390 5358 νάμεως
2434 5293 2571 5362 πρὸς
2601 5294 2662 5346 τὸ
2680 5295 2774 5347 τοῦ
2804 5294 3056 5366 σώματος
3105 5294 3244 5361 εἶδος
3265 5297 3365 5367 τῆς
3391 5298 3597 5370 τροφῆς
3624 5299 3758 5370 μεθ-

2173 5384 2496 5455 ισταμένης.

2249 5490 2268 5524 ι
2301 5473 2523 5527 Τούτων
2544 5478 2679 5547 ἡμῖν
2702 5478 2893 5532 τοῦτον
2926 5480 3380 5553 διευκρινθέντων
3410 5485 3503 5539 τὸν
3528 5485 3751 5555 τρόπον,

558 5748 673 5841 (9:5)
720 5746 1047 5841 lict-tissime
1099 5757 1287 5810 codex.
1344 5752 1587 5810 Pessime
1652 5770 1777 5811 vero
1833 5754 2062 5828 Νεμεοηί

2178 5762 2273 5818 itio
2341 5761 2685 5824 θανατισθὲν.
2754 5777 2810 5825 et
2856 5768 3085 5826 ridicule
3131 5768 3510 5841 interpretatio
3555 5789 3586 5825 a
3637 5772 3750 5830 Deo

486 5828 654 5869 utch
687 5819 953 5885 eiectum.
