4096 6398
369 373 487 439 Elii

387 495 756 550 ἑπαηκτέον
781 494 940 549 πάλιν
968 495 1103 565 πρὸς
1127 491 1198 546 τὰ
1224 490 1567 564 προκείμενα
1591 491 1693 561 τὴν
1720 490 1966 545 διάνοιαν
1988 506 2003 521 ο

398 589 657 658 ἒςητεῖτο
686 587 824 658 γὰρ,
875 585 992 648 πῶς
1019 585 1082 638 τὺ
1113 584 1173 637 ἓν
1199 584 1379 637 ἐκεῖνο
1412 582 1572 652 σῶμα
1628 582 1726 636 τοῦ
1766 581 2005 653 Χριστοῦ

404 683 593 735 πᾶσαν
633 678 900 742 ζωοποιεῖ
943 678 1044 749 τήν
1068 676 1179 731 τῶν
1219 675 1530 745 ἀνθρώπων
1558 674 1746 743 φύσιν,
1775 676 1833 727 ὲν
1859 672 2009 737 ὅσοις

406 775 447 845 ἡ
488 771 673 833 πίστις
721 772 865 834 ἐστὶ,
904 771 1045 841 πρὸς
1074 772 1290 832 πάντας
1329 769 1716 840 μεριζόμενον,
1752 770 1847 821 aut
1873 766 2008 819 αὐτὸ

409 865 475 918 οὗ
505 863 858 935 μειούμενον.
927 862 1083 929 Τάχα
1114 859 1295 912 τοίνυν
1329 859 1495 926 ὲγγὺς
1526 858 1623 911 τοῦ
1674 858 1886 921 εἰκότος
1925 858 2011 910 λό-

411 974 518 1027 γου
552 954 849 1025 γινόμεθα.
885 955 947 1007 Εἰ
994 956 1103 1023 γὰρ
1146 952 1350 1016 παντὸς
1386 950 1482 1004 τοῦ
1514 949 1769 1017 σώματος
1794 950 1829 1020 ἡ
1869 949 2006 1003 ὑπό-

415 1064 612 1110 στασις
646 1048 711 1099 ὲκ
740 1046 841 1116 τῆς
876 1045 1089 1115 τροφῆς
1125 1042 1358 1111 γίνεται,
1390 1040 1534 1110 αὕτη
1568 1040 1626 1094 δὲ
1660 1039 1865 1111 βρῶσις
1913 1040 2009 1094 καὶ

415 1136 580 1198 πόσις
608 1134 761 1189 ἐστίν
786 1150 803 1166 ·
835 1135 952 1187 ἔστι
996 1134 1053 1187 δὲ
1077 1135 1137 1186 ἐν
1178 1132 1280 1203 μὲν
1305 1135 1372 1203 τῇ
1403 1130 1607 1203 βρώσει
1639 1132 1827 1201 ἄρτος,
1854 1133 1912 1184 ὲν
1950 1131 2007 1183 δὲ

414 1228 490 1296 τῇ
518 1226 675 1279 πόσει
704 1223 851 1296 ὓδωρ
877 1222 1254 1295 ἔφηδυσμὲνον
1280 1222 1360 1292 τῷ
1385 1224 1515 1291 οἴνῳ
1538 1237 1554 1252 ·
1602 1223 1631 1275 ό
1658 1221 1716 1276 δὲ
1745 1220 1837 1275 τοῦ
1869 1220 2006 1275 Θεοῦ

417 1314 598 1383 Λόγος
637 1317 706 1384 τῇ
729 1313 1055 1386 ἀνθρωπίνῃ
1096 1312 1407 1382 συνεκράθη
1463 1310 1649 1380 φύσει,
1699 1310 1796 1364 καὶ
1829 1312 1887 1364 ιν
1930 1309 2008 1381 τῷ

419 1405 641 1477 σώματι
667 1407 744 1476 τῷ
768 1408 1025 1478 ἡμετέρῳ
1051 1405 1366 1476 γενόμενος,
1395 1406 1495 1458 οὐκ
1520 1404 1690 1475 ἄλλην
1710 1404 1834 1457 τινὰ
1866 1420 2010 1474 παρ-

414 1500 824 1569 εκαινοτόμησε
862 1501 930 1571 τῇ
964 1498 1128 1569 φύσει
1171 1499 1272 1571 τὴν
1302 1497 1589 1562 σύστασιν,
1614 1496 1752 1551 ἀλλὰ
1780 1496 1869 1550 διὰ
1898 1497 2008 1550 τῶν

416 1589 676 1660 συνήθων
708 1605 768 1642 τε
802 1591 898 1643 καὶ
940 1589 1297 1660 καταλλήλων
1322 1588 1526 1642 δέδωκε
1550 1586 1632 1657 τῷ
1654 1588 1782 1640 καθ’
1809 1586 2007 1640 ἑαυτὸν

414 1679 641 1749 σώματι
667 1677 767 1747 τὴν
792 1677 1078 1749 διαμονὴν,
1117 1675 1319 1749 βρώσει
1350 1677 1446 1731 καὶ
1476 1676 1631 1730 πόσει
1656 1675 2006 1747 περιγρατῶν

411 1771 517 1843 τὴν
558 1771 896 1824 ὑπόστασιν
922 1771 956 1842 ή
984 1770 1041 1824 δὲ
1087 1769 1294 1841 βρῶσις
1336 1769 1502 1840 ἄρτος
1532 1764 1640 1840 ἦν·
1688 1767 1880 1839 ὥσπερ
1918 1767 2007 1837 ἐφ’

1772 373 2238 435 ῡΙΞΡΗΤΑἸἸΟ
2282 376 2365 437 Il.

3578 379 3689 445 262

2036 497 2080 553 Α
2112 504 2300 547 nostra
2331 496 2638 549 revocanda
2675 503 2779 550 est.
2822 492 3216 561 Qutrrebamus
3261 495 3407 551 enim
3450 511 3690 565 quanam

2114 583 2323 638 ratione
2374 584 2594 638 unicum
2646 583 2776 639 illud
2838 584 3043 640 Christi
3100 600 3303 656 corpus
3376 588 3687 644 universam

2113 674 2391 730 hominum
2433 687 2684 729 naturam
2719 675 2958 731 viviﬁcct
2991 676 3176 746 (modo
3211 678 3261 730 in
3312 678 3378 731 iis
3413 677 3547 734 ﬁdes
3592 681 3690 751 sit)

2111 765 2326 819 Cunctis
2387 765 2639 819 videlicet
2699 765 3050 821 distributum
3105 776 3160 821 el
3234 768 3411 836 ipsum
3467 771 3692 825 minime

2111 857 2460 913 diminutum.
2483 855 2652 911 .Nunc
2700 871 2828 912 vero
2875 858 3016 912 haud
3048 858 3258 928 procul,
3307 871 3364 912 ιιι
3409 875 3555 922 reor,
3596 862 3692 915 ab-

2114 963 2306 1003 sumus
2352 966 2378 1003 a
2436 950 2702 1019 probabili
2755 950 3143 1019 esplicatione.
3194 950 3330 1005 Nam
3366 952 3408 1006 si
3451 954 3691 1020 cujusvis

2110 1043 2354 1110 corporis
2384 1043 2741 1109 subsistentia
2790 1043 3146 1109 nu'ritnento,
3194 1044 3245 1096 id
3297 1054 3381 1099 est
3423 1046 3544 1099 cibo
3592 1062 3691 1115 ρο·-

2111 1142 2304 1201 tuque,
2344 1142 2597 1197 constat;
2636 1135 2679 1185 si
2733 1131 3126 1186 nutrimentum
3180 1135 3338 1203 panis
3371 1143 3479 1198 est,
3535 1144 3693 1203 potus

2110 1233 2291 1278 autem
2322 1239 2462 1293 aqua
2495 1224 2624 1277 vino
2654 1224 2992 1289 exhilarata;
3044 1221 3094 1279 si
3143 1224 3235 1277 Dei
3294 1222 3534 1279 Verbum
3564 1240 3689 1281 cum

2114 1317 2351 1371 humana
2383 1323 2581 1369 natura
2617 1314 2969 1384 cmtjuuctum
3006 1325 3111 1382 est,
3150 1327 3547 1387 assumptoque
3570 1334 3692 1374 cor-

2111 1421 2240 1476 pore
2294 1390 2481 1462 uostro
2548 1408 2691 1462 baud
2741 1408 2904 1462 aliam
2959 1408 3259 1477 quamlibet
3303 1412 3693 1467 conservandae

2112 1507 2320 1554 natura;
2375 1514 2489 1554 sua:
2538 1500 2871 1568 excogitavit
2919 1497 3212 1565 rationem,
3263 1502 3358 1556 sed
3416 1505 3692 1559 consuet’s

2110 1592 2479 1663 congruisqne
2521 1592 2799 1662 alimentis
2828 1601 3003 1649 semet
3045 1598 3395 1659 sustentavit,
3434 1595 3559 1649 cibo
3609 1596 3694 1648 ni-

2111 1685 2313 1739 mirum
2357 1695 2594 1754 potuque
2643 1685 3054 1741 subsistentiam
3114 1698 3269 1740 suam
3319 1701 3689 1754 conservans;

2111 1774 2267 1831 cibus
2309 1784 2490 1830 autem
2537 1776 2697 1846 panis
2739 1784 2894 1843 erat;
2935 1774 3178 1845 profecto
3228 1776 3320 1846 qui
3369 1778 3510 1846 apud
3565 1791 3689 1844 nos,

412 1863 603 1932 ἡμῶν,
636 1861 821 1927 καθὼς
852 1862 956 1934 ἤδη
986 1863 1223 1932 εἴρηται,
1254 1863 1284 1915 ό
1313 1861 1405 1916 τὸν
1435 1861 1600 1932 ἄρτον
1629 1859 1753 1915 ἰδὼν
1804 1860 2008 1932 τρόπον

2116 1866 2191 1921 uti
2215 1864 2329 1937 jam
2360 1865 2566 1920 dictum
2598 1874 2701 1931 est,
2736 1880 2931 1936 panem
2967 1866 3134 1931 videt,
3162 1866 3207 1920 is
3228 1866 3524 1920 humanum
3551 1881 3692 1936 quo.

416 1955 541 2006 τινὰ
575 1954 637 2006 τὸ
670 1953 832 2024 σῶμα
885 1953 943 2007 τὸ
974 1953 1318 2025 ἀνθρώπινον
1358 1952 1577 2025 βλέπει,
1606 1952 1712 2021 ὅτι,
1744 1954 1803 2006 ὲν
1834 1955 2010 2024 τούτῳ

421 2045 631 2106 ἐκεῖνος
657 2044 969 2115 γινόμενος,
990 2044 1152 2099 τοῦτο
1180 2045 1430 2115 γίνεται·
1459 2045 1605 2100 οὓτω
1630 2046 1792 2100 κόικεί
1811 2044 1874 2098 τὸ
1895 2044 2012 2099 θεο-

425 2135 584 2204 ὂόχον
610 2137 795 2207 σῶμα,
826 2137 926 2208 τὴν
954 2137 1166 2208 τροφὴν
1193 2136 1288 2191 τοῦ
1341 2138 1511 2211 ἄρτου
1539 2136 2009 2210 παραδεξάμενον,

429 2227 580 2299 λόγῳ
601 2231 707 2281 τινί
730 2229 923 2282 ταύτὸν
939 2224 1011 2301 ἦν
1035 2230 1248 2303 ἐκείνῳ,
1267 2231 1367 2302 τῆς
1397 2232 1627 2302 τροφῆς,
1653 2230 1836 2293 καθὼς
1856 2229 2010 2301 εἴρη-

432 2336 556 2383 ται,
586 2321 722 2393 πρὸς
749 2321 844 2393 τὴν
870 2322 967 2377 τοῦ
1000 2324 1252 2394 σώματος
1269 2324 1433 2394 φύσιν
1469 2322 1898 2395 μεθισταμένης.
1937 2322 2011 2378 Τὸ

431 2412 547 2483 γὰρ
579 2414 788 2468 πάντων
817 2414 948 2469 ῐδιον
988 2416 1086 2469 καὶ
1131 2414 1221 2469 ἐπ’
1256 2416 1475 2486 ἐκείνης
1506 2417 1608 2484 τῆς
1637 2414 1840 2487 σαρκὸς
1861 2415 2011 2486 ὠμο-

432 2495 674 2569 λογήθη,
715 2502 795 2554 ὅτι
819 2500 972 2571 ἄρτῳ
1000 2504 1222 2558 κάκεῖνο
1264 2501 1326 2556 τὸ
1352 2502 1511 2573 σῶμα
1542 2501 1886 2573 διεκρατεῖτο
1906 2519 1920 2533 ·
1950 2501 2012 2555 τὸ

428 2592 489 2645 δὲ
519 2593 675 2663 σῶμα
704 2596 770 2665 τῇ
794 2596 1069 2665 ἐνοικήσει
1099 2594 1195 2649 τοῦ
1226 2594 1365 2649 Θεοῦ
1403 2594 1579 2663 Λόγου
1621 2595 1757 2665 πρὸς
1777 2594 1879 2666 τὴν
1905 2593 2014 2648 θεῖ-

426 2684 533 2754 κὴν
560 2685 720 2751 ἀξίαν
753 2687 1117 2759 μετεποιήθη.
1171 2688 1368 2752 Καλῶς
1413 2684 1508 2741 οὖν
1541 2689 1636 2741 καὶ
1666 2686 1764 2741 νῦν
1801 2687 1893 2741 τὸν
1935 2685 2013 2759 τῷ

424 2776 576 2847 λόγῳ
595 2776 691 2829 τοῦ
709 2777 845 2832 Θεοῦ
876 2778 1239 2850 ἁγιαζόμενον
1270 2780 1435 2852 ἄρτον
1461 2780 1542 2843 είς
1575 2778 1735 2848 σῶμα
1757 2777 1850 2832 τοῦ
1876 2778 2013 2832 Θεοῦ

425 2869 611 2934 Λόγου
642 2869 1058 2938 μεταποιεῖσθαι
1089 2871 1420 2942 πιστεύομεν
1440 2886 1455 2900 ·
1486 2873 1579 2925 καὶ
1609 2870 1721 2942 γὰρ
1748 2870 1926 2924 ἐκεῖνο
1954 2869 2016 2922 τὸ

429 2960 602 3029 σῶμα
635 2962 802 3031 ἄρτος
819 2965 886 3033 τῇ
926 2962 1154 3034 δυνάμει
1174 2960 1239 3034 ἦν
1261 2980 1277 2995 ο
1314 2964 1552 3034 ἡγιάσθη
1579 2962 1636 3016 δὲ
1663 2963 1731 3033 τῇ
1791 2946 2018 3031 ἐπισκη-

429 3054 599 3109 νώσει
628 3054 726 3107 τοῦ
749 3054 926 3125 Λόγου
952 3055 1047 3108 τοῦ
1073 3056 1453 3127 σκηνώσαντος
1476 3056 1534 3108 ὲν
1558 3056 1628 3126 τῇ
1657 3053 1847 3124 σαρκί.
1877 3053 2018 3108 Οὐκ-

431 3146 532 3201 οῦν
578 3146 709 3201 ὃθεν
746 3149 775 3201 ὁ
812 3147 869 3199 ἐν
899 3145 1095 3218 ἐκείνῳ
1120 3146 1197 3216 τῷ
1231 3145 1449 3215 σώματι
1491 3142 1885 3215 μεταποιηθεὶς
1914 3141 2018 3213 ἄρ-

430 3257 558 3305 τος,
587 3240 670 3304 είς
708 3238 860 3295 θείαν
890 3239 1123 3309 μετέστη
1150 3237 1405 3307 δύναμιν,
1435 3236 1527 3290 διὰ
1573 3234 1667 3288 τοῦ
1701 3232 1868 3288 αὐτοῦ
1921 3232 2016 3287 καὶ

433 3330 536 3384 νῦν
566 3331 629 3385 τὸ
658 3331 774 3383 [σον
792 3329 1029 3397 γίνεται.
1066 3329 1213 3382 Ἑκεῖ
1243 3345 1300 3381 τε
1325 3328 1435 3399 γὰρ
1465 3329 1498 3398 ἡ
1525 3326 1619 3380 τοῦ
1644 3323 1821 3394 Λόγοῦ
1857 3323 2020 3395 χάρις

434 3422 595 3491 ἆγιον
628 3421 852 3492 ἐποίησε
879 3420 1061 3490 σῶμα,
1086 3414 1130 3490 ᾧ
1160 3422 1223 3473 ἐκ
1245 3419 1340 3473 τοῦ
1387 3420 1553 3489 ἄρτου
1583 3420 1617 3490 ἡ
1643 3418 1904 3481 σύστασις
1927 3412 2020 3488 ἦν,

434 3517 533 3568 καὶ
570 3514 773 3584 τρόπον
806 3513 929 3566 τινὰ
984 3512 1082 3566 καὶ
1126 3511 1259 3565 αὐτὸ
1325 3510 1490 3580 ἄρτος
1537 3505 1638 3581 ἦν·
1690 3506 1929 3563 ἐνταῦθά
1958 3522 2022 3561 τε

433 3603 706 3665 ὡσαύτως
733 3605 761 3656 ὁ
798 3603 982 3672 ἄρτος,
1016 3601 1195 3663 καθώς
1230 3617 1396 3671 φησιν
1421 3603 1449 3653 ὁ
1483 3598 1827 3663 Ἀπόστολος,
1856 3598 2021 3667 ἁγιά-

438 3698 595 3762 ζεται
621 3695 711 3749 διὰ
734 3695 894 3762 λόγου
911 3693 1046 3748 Θεοῦ
1073 3693 1169 3748 κα)⁸
1201 3692 1519 3757 ἐντεύξεως,
1547 3692 1607 3745 οὐ
1638 3691 1728 3744 διὰ
1766 3689 2022 3760 βρώσεως

440 3790 654 3860 προῖὼν
683 3790 765 3851 εἰς
795 3786 858 3841 τὸ
886 3787 1044 3857 σῶμα
1064 3785 1315 3854 γενέσθαι
1345 3783 1439 3837 τοῦ
1469 3782 1671 3850 Λόγου,
1705 3781 1823 3835 ἀλλ’
1857 3781 2023 3843 εὐθὺς

441 3882 584 3949 πρὶς
616 3880 678 3932 τὸ
710 3880 869 3948 σῶμα
928 3876 1015 3930 διὰ
1073 3876 1234 3944 λόγου
1291 3871 1786 3946 μεταπαούμενος,
1838 3870 2023 3932 καθὼς

440 3975 660 4043 εἴρηται
714 3971 821 4024 ὑπὸ
859 3969 953 4023 τοῦ
996 3970 1193 4038 Λόγου,
1240 3968 1324 4020 ὃτι
1360 3965 1543 4020 Τοῦτό
1573 3965 1703 4018 ἐστι
1742 3961 1809 4017 τὸ
1850 3961 2023 4031 σῶμά

435 4082 560 4133 μου
592 4065 729 4135 (25).

530 4176 548 4207 ι
584 4158 770 4226 Πάσης
801 4155 858 4208 δὲ
898 4154 1099 4225 σαρκὸς
1127 4154 1219 4207 καὶ
1258 4151 1348 4208 διὰ
1370 4152 1464 4206 τοῦ
1487 4148 1654 4224 ὑγροῦ
1684 4148 2024 4223 τρεφομένης

443 4252 533 4321 (οὔ
565 4250 673 4320 γάρ
700 4252 766 4302 ἂν
784 4249 908 4316 δίχα
937 4248 1035 4317 τῆς
1066 4246 1201 4317 πρὸς
1230 4244 1392 4299 τοῦτο
1422 4242 1686 4312 συζυγίας
1712 4243 1773 4295 τὸ
1805 4243 1862 4293 ὲν
1888 4243 2023 4310 ἡμῖν

442 4342 650 4412 γεῶδες
672 4342 731 4394 ἐν
756 4341 835 4411 τῷ
866 4341 965 4411 ζῇν
987 4338 1285 4409 διαμείνῃ),
1325 4336 1514 4407 ὥσπερ
1547 4335 1637 4389 διὰ
1660 4335 1761 4404 τῆς
1787 4332 2023 4404 στερρἄ

443 4449 508 4484 τε
536 4431 631 4483 καὶ
661 4428 956 4483 ἀντιτύπου
988 4426 1195 4496 τροφῆς
1227 4426 1289 4478 τὸ
1337 4422 1567 4496 στερρὸν
1610 4421 1706 4476 τοῦ
1769 4420 2023 4492 σώματος

446 4518 914 4587 ὑποστηρίζομεν,
941 4515 1033 4567 τὸν
1063 4514 1225 4566 αὑτὸν
1265 4511 1466 4577 τρόπον
1494 4511 1588 4564 καὶ
1621 4509 1700 4578 τῷ
1744 4506 1899 4579 ὑγρῷ
1927 4505 2025 4577 τὴν

447 4609 773 4683 προσθήκην
820 4611 885 4661 ὲκ
933 4606 1033 4676 τῆς
1087 4602 1386 4675 ὁμογενοῦς
1419 4600 1725 4670 ποιούμεθα
1770 4598 2025 4669 φύσεωςο

444 4708 590 4773 ὅπερ
624 4705 681 4753 ὲν
715 4703 847 4770 ἡμῖν
900 4698 1185 4767 γινόμενον
1212 4696 1300 4749 διὰ
1329 4698 1429 4765 τῆς
1470 4691 1828 4761 ἁλλοιωτικῆς
1862 4689 2024 4744 δυνά-

451 4814 602 4869 μεως
642 4792 1054 4862 ὲξαιματοῦται,
1090 4790 1186 4844 καὶ
1214 4787 1454 4857 μάλιστά
1479 4802 1543 4854 γε
1576 4786 1623 4837 εί
1648 4784 1736 4838 διὰ
1759 4781 1855 4836 τοῦ
1882 4783 2028 4836 οἴνου

449 4888 609 4944 λάϐοι
663 4887 762 4954 τὴν
790 4884 1026 4951 δύναμιν
1063 4883 1200 4952 πρὸς
1240 4880 1339 4949 τὴν
1373 4880 1451 4941 εἰς
1489 4877 1549 4930 τὸ
1601 4875 1804 4948 θερμὸν
1861 4892 2031 4945 μετα-

451 4982 697 5051 ποίησιν.
716 4979 867 5031 Ἐπεὶ
888 4975 981 5030 οὖν
1011 4977 1105 5028 καὶ
1125 4976 1284 5027 τοῦτο
1319 4970 1484 5043 μέρος
1508 4973 1543 5040 ὴ
1567 4968 1813 5040 θεοδόχος
1844 4968 2028 5038 ἐκείνη

456 5075 599 5147 σὰρξ
646 5074 782 5144 πρὸς
833 5070 933 5141 τὴν
984 5067 1241 5122 σύστασιν
1288 5064 1489 5133 ἑαυτῆς
1545 5060 2033 5134 παρεδέξατο,όδὲ

453 5167 797 5238 φανερωθεὶς
817 5165 948 5224 Θεὸς
976 5163 1064 5218 διὰ
1095 5162 1254 5216 τοῦτο
1280 5157 1575 5228 κατέμιξεν
1601 5156 1793 5209 ὲαυτόν
1809 5156 1887 5225 τῇ
1919 5155 2033 5206 '51::-

453 5263 616 5334 κήρῳ
645 5261 829 5330 φύσει,
865 5257 955 5311 ἴνα
987 5258 1053 5326 τῇ
1078 5253 1180 5322 τῆς
1212 5253 1465 5321 θεότητος
1504 5247 2035 5318 κοινωνίᾳνσυναπο-

456 5353 637 5424 θεωθῇ
692 5352 755 5405 τὸ
787 5348 1131 5420 ἀνθρώπινον
1150 5362 1165 5378 ο
1209 5343 1405 5398 τούτου
1438 5342 1598 5414 χάριν
1624 5338 1761 5391 πᾶσι
1791 5338 1905 5401 τοῖς
1932 5354 2030 5390 πε-

531 5511 615 5565 ¹⁶Ι
648 5507 791 5562 Tim.
825 5520 899 5569 ιν,
928 5502 982 5558 5.

527 5676 641 5750 (25)
685 5674 824 5750 llinc
852 5667 1278 5750 _cogttoscitttus,
1317 5662 1618 5750 Nyssenum
1675 5659 1780 5713 vim
1832 5657 2032 5710 consti-

455 5738 705 5805 tttisse'iu
733 5738 1157 5799 Christi'vrrbis
1185 5753 1200 5789 :
1232 5738 1343 5788 Hoc
1369 5743 1447 5788 est
1478 5746 1667 5805 corpus
1697 5745 1903 5793 meum;
1927 5743 2031 5796 qua

453 5800 763 5891 gravissimi
816 5811 1000 5865 Patris
1059 5809 1389 5862 auctoritate
1438 5800 1822 5857 nonnullorum
1875 5814 2033 5852 error

2111 1958 2400 2016 dammodo
2453 1973 2649 2028 corpus
2695 1958 2874 2025 videt;
2924 1959 3049 2028 quia
3104 1957 3259 2028 panis
3307 1957 3362 2012 in
3417 1958 3690 2013 hominem

2118 2051 2484 2115 introductus,
2514 2063 2712 2120 corpus
2755 2050 3052 2105 humanum
3088 2048 3166 2103 ﬁt.
3202 2047 3296 2104 Sic
3328 2064 3458 2120 ergo
3491 2058 3546 2104 et
3574 2049 3693 2104 dei-

2116 2142 2292 2198 ferum
2320 2157 2520 2213 corpus
2546 2141 2677 2196 illud
2710 2156 2832 2197 cum
2870 2142 3025 2211 panis
3064 2141 3457 2196 nutrimentum
3501 2156 3691 2198 sume-

2111 2240 2216 2296 ret,
2243 2231 2399 2302 panis
2426 2232 2828 2302 quodammodo
2859 2241 2999 2297 erat,
3052 2234 3179 2301 quia
3210 2232 3600 2288 nutrimentum
3633 2242 3693 2289 ut

2113 2325 2350 2381 diximus
2403 2327 2457 2379 in
2503 2336 2752 2380 naturam
2784 2325 3033 2395 corporis
3071 2325 3525 2381 commutabatur.
3556 2324 3693 2381 Nam

2114 2417 2258 2487 quod
2285 2428 2370 2472 est
2396 2417 2640 2472 omnium
2676 2417 2954 2472 hominum
2994 2418 3279 2487 proprium
3300 2459 3316 2485 ,
3350 2418 3401 2472 id
3444 2419 3496 2472 in
3526 2432 3696 2474 carne

2114 2508 2325 2576 pariter
2361 2507 2521 2562 Verbi
2553 2509 2933 2574 usuveuiehat,
2980 2522 3182 2578 nempe
3216 2517 3273 2563 ut
3310 2508 3437 2563 illud
3479 2523 3694 2578 quoque

2115 2613 2317 2671 corpus
2349 2614 2487 2669 pane
2516 2609 2938 2656 conservaretur
2984 2617 3000 2656 :
3049 2615 3249 2670 corpus
3297 2610 3481 2656 autem
3523 2584 3695 2656 divini

2116 2695 2511 2751 iuhabitatione
2563 2693 2724 2749 Verbi
2787 2693 2854 2748 ad
2927 2694 3171 2750 divinant
3243 2695 3567 2750 translatum
3612 2704 3701 2751 est

2117 2787 2459 2858 dignitatem.
2517 2786 2684 2842 Recte
2736 2801 2868 2857 ergo
2917 2802 3064 2842 nunc
3117 2800 3336 2855 quoque
3378 2785 3471 2840 Dci
3531 2786 3697 2841 verbo

2116 2880 2514 2934 sanctiﬁcatum
2546 2878 2833 2947 panemdn
2869 2878 3037 2933 divini
3063 2875 3229 2934 Verbi
3258 2880 3542 2934 credimus
3569 2892 3697 2932 cor-

2117 2984 2219 3039 pus
2253 2969 2599 3024 commutari.
2640 2967 2856 3024 Etenim
2886 2969 3019 3024 illud
3044 2982 3263 3039 quoque
3294 2982 3487 3037 corpus
3513 2969 3561 3021 vi
3594 2982 3695 3024 sua

2119 3062 2353 3116 naturali
2392 3060 2547 3132 panis
2592 3069 2735 3127 erat,
2774 3076 3085 3132 quanquam
3116 3061 3285 3116 divini
3322 3060 3483 3115 Verbi
3527 3060 3692 3114 inha-

2044 3183 2088 3242 c
2119 3152 2409 3215 bitatione,
2443 3151 2587 3221 quod
2623 3152 2677 3206 in
2710 3166 2877 3207 carne
2923 3151 3262 3221 hospitatum
3303 3160 3412 3219 est,
3442 3160 3692 3205 sanctum

2123 3246 2321 3302 evasit.
2351 3244 2524 3316 Igitur
2562 3244 2722 3299 sicuti
2752 3245 2804 3298 in
2843 3243 2971 3299 illud
3012 3243 3143 3299 olim
3172 3258 3373 3314 corpus
3424 3253 3697 3297 transum-

2080 3404 2085 3409 Α
2118 3345 2270 3414 tatus
2300 3337 2477 3405 panis,
2508 3336 2573 3390 ad
2603 3336 2844 3390 divinam
2877 3335 3099 3391 transiit
3143 3335 3503 3404 dignitatem;
3551 3335 3700 3403 ejus-

2123 3429 2243 3484 dem
2298 3430 2501 3483 virtute
2545 3425 2710 3481 Verbi
2748 3442 2895 3482 nunc
2951 3427 3092 3480 idem
3148 3425 3228 3480 (it.
3275 3425 3410 3479 Nam
3461 3436 3516 3481 et.
3568 3436 3699 3480 tunc

2123 3520 2300 3593 gratia
2330 3520 2496 3577 Verbi
2539 3519 2905 3574 sanctificavit
2950 3532 3152 3586 corpus
3178 3558 3194 3584 ,
3245 3516 3388 3585 quod
3439 3530 3505 3570 ex
3542 3517 3700 3584 panis

2122 3619 2317 3665 natura
2349 3609 2657 3674 constabat,
2693 3609 2800 3663 imo
2828 3619 2883 3663 et
2918 3607 3073 3677 panis
3115 3606 3514 3676 quodammodo
3540 3615 3696 3672 erat;

2124 3709 2177 3759 et
2218 3715 2362 3757 nunc
2401 3699 2659 3755 similiter
2703 3699 2881 3767 panis,
2913 3697 3067 3752 utait
3098 3693 3482 3764 Apostolus",
3535 3693 3702 3749 verbo

2123 3793 2217 3850 Dei
2262 3801 2322 3849 et
2364 3791 2708 3847 invocatione
2749 3789 3127 3845 sanetilicatur
3174 3800 3327 3841 :non
3374 3785 3521 3856 quod
3567 3799 3704 3839 sane

2125 3880 2279 3949 panis
2318 3887 2540 3949 propter
2584 3892 2735 3933 esmu
2771 3878 2823 3931 in
2879 3891 3080 3945 corpus
3112 3874 3274 3930 Verbi
3306 3883 3700 3939 commutetur,

2125 3972 2218 4026 sed
2261 3971 2386 4039 quia
2439 3971 2488 4023 vi
2543 3968 2695 4024 verbi
2733 3969 2916 4023 statim
2957 3982 3157 4037 corpus
3211 3966 3480 4029 edicitur,
3536 3967 3702 4020 sicuti

2126 4061 2362 4117 Verbum
2395 4062 2572 4130 ipsum
2611 4060 2748 4115 dixit
2782 4076 2796 4114 :
2826 4058 2944 4114 Hoc
2970 4071 3047 4113 est
3079 4074 3270 4127 corpus
3304 4073 3499 4111 meum.

2202 4172 2222 4206 ι
2263 4154 2374 4223 Age
2407 4166 2533 4207 vero
2575 4166 2695 4205 cum
2723 4153 2901 4206 omnis
2934 4165 3060 4206 caro
3094 4150 3325 4205 humore
3353 4163 3567 4220 quoque
3596 4164 3704 4202 nu-

2128 4245 2320 4300 triatur
2362 4245 2562 4316 (neque
2611 4242 2757 4298 enim
2807 4242 2924 4297 sine
2974 4242 3213 4298 lmmoris
3262 4242 3525 4297 societate
3580 4254 3706 4309 pars

2126 4346 2312 4391 nostra
2343 4343 2518 4389 terrea
2555 4334 2719 4388 vitam
2749 4332 3059 4403 retinebit);
3095 4332 3252 4387 sicuti
3300 4346 3393 4401 per
3419 4332 3614 4385 durum
3640 4346 3708 4385 ac

2128 4415 2358 4485 solidum
2411 4426 2732 4481 alimentum
2784 4424 3112 4481 soliditatem
3156 4424 3400 4494 corporis
3431 4423 3706 4489 inicimus,

2057 4517 2101 4573 D
2129 4522 2202 4575 ita
2233 4520 2395 4575 etiam
2436 4518 2648 4573 humori
2696 4533 2762 4574 ex
2811 4519 3144 4588 homogenea
3191 4527 3383 4572 natura
3434 4516 3711 4571 accessio-

2134 4626 2255 4667 nem
2288 4625 2543 4665 curamus
2574 4625 2589 4663 :
2624 4610 2714 4679 qui
2751 4623 2883 4664 sane
2910 4609 3048 4662 intra
3082 4622 3180 4663 nos
3210 4615 3462 4676 receptus
3501 4621 3597 4676 per
3625 4606 3710 4660 sui

2132 4701 2498 4759 commutandi
2514 4691 2625 4754 vim
2650 4701 2871 4770 sanguis
2892 4699 3103 4765 evadit;
3126 4699 3422 4769 praesertim
3445 4697 3714 4767 siquando

2134 4807 2162 4843 a
2194 4792 2319 4844 vino
2348 4789 2658 4844 transeundi
2688 4790 2759 4845 ad
2784 4788 3145 4844 substantiam
3182 4787 3410 4842 calidam
3445 4786 3716 4856 acceperit

2135 4879 2469 4937 facultatem.
2501 4882 2765 4948 Quoniam
2800 4881 2961 4952 igitur
2991 4881 3132 4935 hanc
3156 4894 3371 4950 quoque
3401 4877 3715 4933 nutrimenti

2138 4984 2347 5043 partem
2399 4973 2603 5029 deifera
2657 4972 2748 5026 illa
2801 4988 2932 5027 caro
2985 4972 3056 5026 ob
3105 4973 3189 5026 sui
3245 4967 3715 5025 conservationem

2137 5064 2401 5131 sumpsit;
2440 5061 2813 5115 tnanifestatus
2860 5068 3039 5114 autem
3075 5059 3194 5115 orbi
3246 5058 3387 5113 Deus
3431 5065 3716 5125 propterea

2137 5170 2196 5209 se
2244 5152 2455 5208 mortali
2495 5162 2701 5206 naturae
2733 5151 3044 5216 admiscuit,
3078 5158 3137 5205 ut
3168 5147 3549 5203 communione
3579 5146 3717 5201 diri-

2140 5245 2321 5298 uitatis
2342 5244 2684 5298 deiﬁcaretnr
2703 5242 2862 5298 simul
2889 5241 3218 5304 humanitas,
3238 5238 3443 5294 idcirco
3466 5237 3720 5292 omnibus

2139 5337 2230 5406 qui
2262 5334 2447 5405 gratiae
2474 5335 2863 5406 dispensationi
2894 5334 3139 5399 credunt,
3174 5332 3364 5388 inserit
3392 5345 3454 5388 se
3476 5344 3572 5401 per
3593 5343 3719 5387 car-

2146 5656 2413 5712 rel't-llitur
2444 5655 2755 5711 Grmcornm
2786 5666 2838 5710 et
2861 5651 3243 5716 Orientalium,
3272 5650 3364 5721 qui
3394 5665 3493 5721 per
3523 5652 3716 5706 subse-

2143 5739 2373 5797 qurutes
2429 5740 2618 5797 preces
2668 5725 3176 5780 transmutationetn
3234 5721 3354 5778 ﬁeri
3406 5731 3718 5777 autumant.
