4096 6402
479 306 582 372 2ἷὶ

550 418 713 476 GEN.
747 416 840 473 Dic
881 413 1194 486 perspicue,
1223 423 1409 488 ecqua:
1437 406 1547 463 sint
1572 421 1637 461 ex
1673 404 1760 459 itis
1795 404 2073 475 capitulis,
2108 411 2150 465 Α

480 511 676 581 quibus
723 504 1000 577 sepositis,
1035 517 1137 557 nos
1182 506 1366 554 tamen
1401 497 1469 553 ad
1505 497 1772 565 integram
1812 492 2063 546 unionem

482 596 800 667 excudent?

553 683 813 739 TllEOR.
844 680 979 736 Puto
1018 678 1157 747 quod
1208 687 1262 730 tu
1313 674 1474 729 sicuti
1525 670 2065 728 tuummet'animum

481 775 827 843 exploratum
886 772 1074 835 habes,
1107 771 1179 823 ita
1229 768 1540 822 voluntates
1571 778 1787 832 quoque
1831 762 2074 816 subdito-

483 881 603 920 rum
632 862 904 932 pervides,
932 862 1206 930 probeque
1242 857 1383 912 nosti
1431 854 1689 925 quidnam
1736 866 1801 905 ex
1853 851 1940 906 his
1970 851 2065 903 ad-

485 958 704 1011 tuissuri
744 956 875 1021 sint,
900 955 1099 1024 quidve
1127 965 1312 1007 secus.
1348 949 1530 1015 Quare
1560 959 1615 1001 tu
1650 946 1852 1016 potius,
1888 944 1930 999 si
1965 944 2068 1005 vis,

318 1088 327 1109 ι
402 1034 413 1040 ’
485 1047 667 1101 indica
693 1044 847 1107 mihi,
883 1056 1130 1115 quaenam
1162 1039 1436 1095 Armeniis
1467 1038 1652 1109 gravia
1677 1036 1850 1091 visom
1880 1034 1946 1089 iri
1975 1049 2069 1102 pn-

484 1146 588 1195 tes.
622 1151 812 1205 quaeve
862 1150 1135 1203 nunquam
1172 1132 1276 1187 sibi
1328 1130 1644 1202 persuaderi
1697 1128 1908 1200 passuri
1937 1126 2068 1180 sint.

557 1228 717 1285 GEN.
747 1226 963 1283 Nescio.
998 1226 1255 1282 Fortasse
1277 1227 1524 1296 quzedant
1558 1223 1690 1277 mihi
1721 1221 2070 1283 videbuntur,

486 1322 554 1376 de
587 1322 784 1389 quibus
818 1320 978 1375 aliter
999 1319 1238 1389 synodus
1270 1316 1629 1371 existimabit.

559 1412 820 1468 TIIEOlt.
855 1412 910 1467 Si
945 1423 1024 1475 tu,
1054 1411 1149 1481 qui
1178 1421 1342 1480 caput
1388 1424 1469 1477 es,
1500 1410 1605 1464 hoc
1648 1407 1890 1478 ignoras,
1922 1419 2070 1476 que-

488 1509 653 1561 tnodo
693 1521 794 1576 ego
841 1504 935 1574 qui
968 1519 1060 1575 pcs
1101 1520 1243 1563 sum.
1282 1504 1392 1557 imo
1419 1517 1486 1558 ue
1519 1517 1614 1573 pes
1651 1501 1897 1571 quidem,
1931 1500 2073 1571 apud

490 1601 858 1655 Romanorum
890 1599 1179 1669 synodum.
1215 1600 1357 1665 quod
1403 1611 1561 1667 rogas
1597 1604 1930 1665 compertum
1964 1594 2069 1648 ha-

478 1690 685 1748 beam?
720 1691 1078 1759 Nihilominus
1135 1691 1449 1759 conjectans
1505 1688 1705 1743 dicam.
1758 1685 2067 1757 Capitulnm

1900 291 2333 355 THEORIANI

3661 282 3776 348 2'73

2265 397 2325 451 σο
2356 395 2515 450 κλει,
2559 395 2693 448 Εἰπὲ
2746 396 2880 465 ἡμῖν
2911 391 3186 465 φανερῶς,
3212 392 3260 446 εἰ
3283 393 3398 448 εστι
3419 394 3626 453 τούτων
3663 402 3779 456 τῶν

2180 488 2500 557 κεφαλαίων
2546 486 2691 553 τινὰ,
2735 480 2810 540 ὧν
2857 485 3030 557 χωρὶς
3074 484 3325 552 δέξονται
3365 488 3515 558 ἡμᾶς
3567 491 3649 554 εἰς
3683 508 3774 544 τε-

2176 580 2328 631 λείαν
2368 579 2586 631 ἒνωσιν.

2263 671 2324 725 Ὀ
2355 670 2553 725 θΕΩΡ.
2589 668 2994 737 Ὑπολαμϐάνω
3025 667 3108 721 ὅτι
3136 666 3329 738 ὥσπερ
3363 668 3660 735 γινώσκει;
3707 672 3777 724 σὺ

2184 766 2283 835 τὴν
2305 764 2539 835 καρδίαν
2572 779 2690 824 σου,
2740 759 2914 824 οὕτως
2945 760 3237 828 γινώσκεις
3294 760 3389 813 καὶ
3428 760 3541 812 τῶν
3575 762 3680 813 ὑπο
3713 762 3777 815 σὲ

2179 857 2487 930 ἀρχιερέων
2507 856 2567 908 τὸ
2596 856 2832 923 θέλημα,
2854 852 2950 906 καὶ
2976 851 3270 921 γινώσκεις
3296 852 3421 906 τίνα
3445 852 3652 907 τούτων
3685 853 3778 907 δέ-

2180 949 2384 1016 ξονται.
2422 949 2516 1002 καὶ
2541 948 2661 1000 τίνα
2683 945 2744 999 οὔ
2768 962 2782 978 ο
2806 946 2921 1012 καὶ,
2957 946 3005 997 εί
3028 944 3295 1009 κελεύεις,
3330 943 3453 996 εἰπὲ
3497 946 3633 1015 ἡμῖν
3655 944 3780 997 τίνα

2177 1041 2386 1095 τούτων
2418 1042 2531 1102 τοῖς
2575 1038 2889 1111 Ἀρμενίοις
2935 1036 3086 1090 δοκεῖ
3131 1034 3392 1105 φορτικὰ,
3436 1037 3531 1089 καὶ
3579 1037 3681 1088 οὐκ
3710 1035 3780 1089 ἂν

2186 1133 2499 1187 συνέλθοιεν
2530 1130 2670 1184 ὥστε
2696 1126 3113 1198 παραδέξασθαι
3144 1128 3309 1182 αὐτά.

2278 1224 2339 1279 '0
2376 1224 2538 1279 ΚΑθ.
2580 1224 2693 1278 Οὐκ
2728 1218 2879 1276 οἷδα³
2909 1221 3044 1284 ἴσως
3066 1218 3330 1274 δοκοῦντα
3360 1220 3485 1293 ἐμοί
3514 1237 3669 1284 τινα,
3710 1221 3779 1289 τῇ

2186 1319 2395 1387 συνόδῳ
2427 1318 2489 1371 οὐ
2517 1316 2657 1381 δόξει
2687 1313 2885 1378 οὕτως.

2272 1415 2332 1467 Ὀ
2369 1412 2648 1467 ΘΕΩΡ.Σὺ
2689 1409 2899 1481 κεφαλὴ
2936 1410 3032 1473 ὢν,
3071 1410 3287 1478 ἀγνοεῖς
3310 1408 3493 1473 τοῦτο,
3520 1410 3639 1471 πῶς
3665 1407 3786 1477 ἐγὼ

2186 1506 2322 1569 ποῦς
2346 1505 2422 1559 ὢν
2452 1505 2550 1575 τῆς
2596 1502 2749 1573 παρά
2793 1502 2904 1555 τῶν
2952 1502 3246 1572 Ῥωμαίων
3294 1500 3541 1568 συνόδου,
3578 1501 3785 1571 μᾶλλον

2184 1599 2242 1652 δὲ
2272 1596 2393 1651 οὐδὲ
2424 1594 2581 1660 ποῦς,
2614 1594 2857 1663 δύναμαι
2890 1611 2924 1663 γ
2944 1593 3099 1647 ὦναι
3120 1592 3328 1647 τοῦτοὸ
3361 1595 3606 1664 ὲρωτᾷς;
3633 1590 3784 1664 Πλὴν

2185 1687 2588 1757 στοχαζόμενος
2620 1685 2791 1738 εἴπω·
2833 1686 2892 1737 τὸ
2933 1685 3032 1753 τῆς
3079 1684 3439 1755 προϐλήσεω;
3474 1683 3781 1752 κεφάλαιον

489 1784 620 1839 illud
654 1785 721 1839 de
748 1781 1031 1837 Generalis
1058 1780 1341 1843 electione,
1370 1777 1595 1832 honoris
1620 1789 1753 1845 ergo
1774 1784 1943 1845 atque
1967 1774 2079 1828 titi-

2191 1782 2370 1852 ἀφορᾷ
2397 1782 2479 1841 εἰς
2513 1779 2683 1850 τιμὴν
2728 1780 2822 1832 καὶ
2852 1778 3126 1846 ὠφέλειαν
3160 1779 3259 1847 σὴν
3291 1778 3517 1829 καὶτῶν
3548 1778 3688 1844 μετᾶ
3718 1776 3782 1829 σὲ

486 1875 657 1930 litatis
684 1884 788 1930 tua;
809 1882 865 1929 et
893 1872 1304 1929 succedentium
1336 1868 1686 1926 Generalium
1715 1868 2077 1938 perscriptum

488 1981 572 2024 est
606 1986 620 2023 :
649 1983 884 2039 namque
920 1967 986 2021 ad
1042 1966 1189 2022 sedis
1235 1965 1595 2021 srabilitatem
1652 1961 2075 2030 firmitatemque

486 2069 716 2130 Spectat,
737 2062 865 2129 quia
894 2060 1006 2113 haec
1030 2058 1372 2114 defensorem
1403 2066 1654 2112 sanctum
1690 2054 2074 2124 imperatorem

489 2153 924 2207 nancisceretur.
966 2151 1197 2205 Romani
1248 2159 1456 2213 tamen,
1489 2157 1548 2201 ut
1574 2150 1735 2217 "puto,
1772 2147 1881 2200 vim
1919 2146 2076 2199 vobis

489 2245 543 2299 iu
572 2247 674 2299 hoc
723 2243 867 2300 haud
905 2241 1107 2298 facient
1136 2263 1150 2299 ;
1178 2242 1272 2297 sed
1310 2256 1378 2296 ne
1421 2242 1477 2294 in
1509 2238 1808 2310 quastione
1854 2236 2076 2307 quidem

2187 1872 2553 1929 Καθολικῶν·
2611 1873 2690 1935 είς
2745 1872 3009 1925 σύστασιν
3060 1870 3170 1941 γὰρ
3214 1870 3310 1923 τοῦ
3369 1869 3562 1941 θρόνου
3616 1870 3784 1923 τοῦτό

2184 1965 2304 2018 ἐστι
2360 1965 2457 2019 καὶ
2506 1961 2793 2033 διαμονὴν,
2856 1961 2931 2025 ὼς
2965 1961 3259 2031 μέλλοντος
3290 1960 3440 2030 ἔχειν
3468 1959 3781 2032 δεφένσορα

2183 2056 2277 2110 τὸν
2312 2056 2538 2127 βασιλέα
2564 2055 2657 2109 τὸν
2679 2054 2835 2122 ἆγιον
2858 2071 2873 2086 ο
2903 2056 2996 2108 καὶ
3034 2049 3193 2125 οἶμαι
3219 2055 3366 2124 ὑμᾶς
3391 2055 3470 2116 είς
3495 2052 3656 2107 τοῦτο
3676 2054 3784 2108 οὐκ

2186 2146 2616 2215 ἀναγκάσουσιν·
2642 2145 2759 2199 ἀλλ’
2789 2146 2912 2199 οὐδὲ
2943 2148 3068 2215 περὶ
3094 2146 3205 2198 τῶν
3234 2145 3464 2217 ἀζύμων
3495 2143 3783 2216 βιάσουσιν

2186 2242 2359 2311 ὑμᾶς,
2388 2242 2485 2295 ὲάν
2516 2240 2597 2304 είς
2630 2239 2702 2293 τὰ
2736 2239 2873 2294 ἀλλα
2900 2239 3217 2311 συνέλθητε.

489 2339 558 2395 de
586 2337 803 2407 Azymis
836 2350 935 2390 vos
963 2344 1180 2406 cogent,
1215 2333 1259 2387 si
1307 2342 1456 2387 certe
1488 2332 1556 2386 de
1600 2330 1815 2386 caeteris
1842 2330 2262 2388 consenseritis.

562 2429 721 2484 GEN.
756 2427 881 2482 litec
915 2427 1099 2481 omnia
1140 2425 1207 2479 ad
1248 2423 1439 2495 synodi
1474 2422 1845 2493 cognitionem
1895 2418 2079 2490 perfe-

491 2538 609 2577 ram
638 2538 651 2575 :
677 2529 730 2574 et
754 2535 875 2573 cum
896 2520 1099 2587 legatos
1128 2530 1281 2571 meos
1304 2516 1370 2570 ad
1399 2515 1604 2586 regiam
1630 2516 1819 2569 urbem
1845 2514 2082 2577 mittam,

492 2614 701 2681 scripto
733 2611 1051 2681 significabo
1086 2619 1196 2664 tum
1231 2618 1424 2664 vestra:
1458 2607 1666 2673 synodo
1701 2614 1815 2660 tum
1852 2605 2020 2661 etiam
2050 2620 2078 2657 a

492 2704 606 2761 Deo
638 2713 904 2759 coronato
935 2700 1251 2771 imperatori
1292 2713 1412 2770 qua:
1436 2698 1675 2754 admissa
1696 2694 1904 2752 fuerint
1933 2698 2083 2765 capi-

495 2798 608 2852 tula
637 2806 830 2867 etqua:
860 2809 1040 2860 secus,
1074 2792 1345 2863 simulque
1364 2806 1565 2848 causas
1588 2790 1829 2862 aperiam
1857 2798 2080 2860 propter

495 2904 637 2960 quas
667 2890 851 2957 aliqua
882 2885 1117 2942 fortasse
1148 2886 1429 2956 repudiata
1460 2884 1679 2940 fuerint.
1712 2884 1779 2940 Et
1807 2883 1916 2939 nisi
1950 2899 2082 2954 pra-

482 2972 598 3037 'vus
623 2980 902 3036 hominum
934 2978 1107 3035 hostis
1135 2978 1347 3034 daemon
1381 2992 1634 3047 maguum
1665 2977 1768 3032 hoc
1801 2976 2079 3047 negotium

2271 2423 2330 2478 '0
2348 2424 2513 2480 ΚΛΘ.
2535 2424 2726 2479 Ταῦτα
2748 2422 2929 2479 πάντα
2952 2424 3215 2494 προθήσω
3240 2423 3473 2478 ἐνώπιον
3508 2425 3606 2495 τῆς
3647 2444 3784 2483 συν-

2184 2514 2311 2568 όίου
2333 2531 2347 2546 ·
2380 2515 2475 2568 καὶ
2508 2516 2636 2569 ὅταν
2672 2515 2854 2586 μέλλω
2901 2514 3227 2569 ἀποστεῖλαι
3278 2518 3662 2587 τοποτηρητᾶς
3698 2522 3782 2583 είς

2190 2606 2291 2677 τὴν
2317 2606 2736 2677 βασιλεύουσαν,
2759 2607 3104 2678 δηλοποιήσω
3137 2606 3430 2677 ἐγγράφως
3462 2612 3528 2678 τῇ
3559 2626 3617 2661 τε
3644 2611 3785 2683 ἁγίᾳ

2190 2699 2395 2768 συνόδῳ
2426 2701 2521 2752 καὶ
2546 2698 2625 2770 τῷ
2658 2699 2947 2767 θεοστεφεῖ
2998 2699 3215 2768 βασιλεῖ
3242 2704 3309 2752 τι
3339 2699 3779 2771 παραδεχθέντα,

2188 2793 2285 2845 καὶ
2311 2790 2410 2863 μὴ,
2438 2792 2715 2861 κεφάλαια
2736 2808 2751 2825 ’
2800 2793 2895 2845 καὶ
2929 2790 3089 2844 δώσω
3123 2794 3220 2845 καὶ
3251 2791 3350 2856 τὰς
3391 2797 3572 2857 αἰτίας
3611 2794 3679 2848 δι’
3709 2795 3785 2860 ἃς

2186 2885 2257 2938 τὰ
2291 2884 2368 2956 μὴ
2393 2883 2809 2957 παραδειχθέντα
2844 2888 2904 2939 οὔ
2952 2884 3374 2955 παραδέχομαι·
3412 2887 3507 2940 καὶ
3548 2889 3596 2940 εἰ
3627 2889 3656 2941 ὁ
3681 2907 3783 2942 πο-

2191 2976 2358 3047 νηρὸς
2389 2960 2486 3028 καὶ
2547 2975 2935 3048 μισάνθρωπος
2986 2974 3199 3045 δαίμων
3252 2975 3314 3029 οὐ
3371 2978 3782 3047 παρεμποδίσει

404 3146 411 3153 ,
494 3070 902 3137 disturbaverit,
928 3070 996 3125 ad
1028 3083 1125 3126 nos
1148 3067 1370 3141 quidem
1404 3068 1549 3139 quod
1583 3068 1778 3123 attinet
1809 3067 1911 3139 (sic
1938 3066 2081 3121 Deus

2191 3068 2341 3122 τουτὶ
2368 3069 2430 3122 τὸ
2460 3069 2605 3137 μέγα
2630 3067 2845 3138 χρῆμα,
2890 3066 2951 3132 ἐξ
2981 3067 3263 3139 ἡμετέρας
3292 3067 3497 3138 αἰτίας,
3530 3070 3627 3123 σὺν
3657 3071 3782 3142 Θεῷ

452 3165 461 3171 ’
500 3162 761 3237 adjuvet)
803 3178 909 3218 non
942 3162 1285 3233 impedietur.
1321 3160 1551 3232 Oportet
1580 3160 1727 3217 enim
1763 3173 1942 3231 neque
1986 3174 2086 3214 nos

496 3270 710 3310 suuuno
735 3253 859 3324 jure
883 3267 1068 3323 agere,
1095 3266 1270 3324 neque
1296 3252 1425 3307 item
1457 3266 1572 3317 vos,
1602 3250 1875 3321 siquidem
1913 3252 2083 3305 unio-

497 3362 622 3402 nem
674 3346 981 3414 exoptatis;
1013 3345 1108 3400 sed
1162 3344 1217 3399 in
1252 3343 1578 3415 quibusdam
1627 3342 1933 3413 indulgere,
1966 3358 2088 3412 qua:

500 3436 662 3491 fidem
697 3451 801 3491 non
833 3436 1037 3490 violant
1069 3452 1084 3489 :
1115 3435 1313 3507 quippe
1336 3436 1534 3490 rituum
1556 3433 1860 3491 diﬂ'erentia
1897 3437 2084 3490 eccle-

502 3529 875 3593 siasticorum,
910 3529 1185 3583 hominem
1234 3543 1264 3581 a
1322 3527 1637 3584 Christiana
1687 3529 1948 3597 religione
1981 3546 2086 3584 non

502 3622 809 3675 submovet.
864 3617 1019 3675 Nunc
1067 3634 1221 3683 vero,
1264 3622 1311 3675 sl
1365 3621 1566 3689 placet,
1598 3620 1832 3677 reditum
1875 3633 2084 3692 parate.

500 3709 634 3765 Post
659 3709 806 3767 enim
835 3710 1134 3765 discessum
1174 3720 1436 3777 vestrum,
1471 3713 1537 3765 ad
1571 3726 1720 3767 meos
1742 3726 1933 3768 omnes
1961 3715 2083 3781 epi-

501 3817 696 3871 scopos
724 3801 980 3868 scribam,
1010 3810 1070 3856 ut
1101 3799 1179 3855 vel
1209 3801 1309 3870 ipsi
1348 3802 1588 3868 veniant,
1617 3802 1699 3857 vel
1730 3802 1937 3875 legatos
1956 3806 2086 3859 utit-

504 3903 643 3959 tant,
678 3901 944 3962 quotquot
972 3893 1155 3964 gravis
1185 3906 1347 3946 causa
1382 3891 1448 3947 ad
1488 3891 1760 3964 synodum
1788 3896 2087 3951 convenire

504 3984 776 4055 prohibet.
814 3982 987 4038 l‘orro
1037 3998 1176 4054 opus
1202 3994 1285 4040 est
1334 3992 1393 4038 ut
1431 3999 1531 4054 ego
1558 3985 1774 4041 nnionis
1807 3989 2086 4057 negotium

504 4093 610 4133 non
642 4079 762 4132 sine
788 4076 1032 4132 Albania:
1060 4076 1317 4131 Generali
1351 4078 1645 4148 transigam
1679 4095 1693 4132 :
1719 4078 1807 4133 hic
1827 4080 1971 4134 enim
1998 4094 2088 4135 se-

505 4169 627 4220 dem
650 4163 896 4236 Gregorii
924 4164 1066 4220 illius
1098 4167 1298 4219 insidet
1321 4165 1411 4235 qui
1435 4165 1612 4220 sancti
1634 4163 1886 4237 Gregorii
1920 4182 2089 4237 nepos

505 4256 631 4318 fuit,
662 4256 716 4309 in
762 4258 1016 4310 Armenia
1070 4272 1285 4327 magna,
1327 4256 1549 4325 quicum
1597 4258 1729 4311 ntihi
1761 4258 2088 4328 spiritalium

507 4345 847 4412 negotiorum
885 4353 1143 4412 perpetua
1191 4345 1505 4397 continuatio
1549 4355 1654 4409 est,
1694 4346 1766 4399 ita
1799 4357 1857 4400 ut
1898 4357 2090 4402 neuter

509 4435 683 4490 inscio
712 4434 884 4489 altero
913 4436 1207 4503 quidquam
1250 4445 1395 4503 agat.
1436 4434 1535 4490 Est
1583 4446 1768 4493 autem
1814 4438 1957 4494 inter
1990 4454 2091 4494 nos

509 4528 857 4583 intervallum
884 4527 989 4582 iter
1017 4528 1311 4593 mensium,
1348 4537 1404 4581 ut
1437 4542 1583 4593 reor,
1627 4531 1816 4585 trium.

583 4813 840 4870 TIIEOR.
896 4811 1269 4881 Quandonam'
1311 4814 1581 4887 synodum
1646 4822 1937 4869 coacturus
1994 4813 2093 4868 es?

513 4908 753 4979 Tempus
780 4909 927 4963 enim
968 4908 1188 4964 definite
1240 4910 1396 4963 uehis
1441 4908 1722 4975 designari
1760 4915 2002 4978 oportet,
2036 4918 2095 4961 ut

513 5003 830 5072 imperatori
862 5013 919 5057 et
951 5000 1209 5057 Ecclesiae
1241 5003 1631 5072 significemus.

518 5266 761 5324 siasticis
804 5266 937 5322 viris
982 5266 1085 5320 hac
1114 5264 1313 5337 virtute
1361 5265 1906 5337 convenientissima;
1938 5266 2095 5337 cujus

520 5340 596 5392 rei
663 5339 953 5408 cumulare,
1000 5335 1310 5408 testimonia
1339 5351 1472 5408 _non
1532 5337 1778 5391 interest.
1817 5335 2095 5408 Sylvester

519 5416 664 5462 certe
696 5405 737 5459 ll
774 5408 824 5462 iu
879 5407 1078 5461 celebri
1128 5407 1193 5459 ad
1227 5404 1287 5476 S.
1320 5404 1652 5474 Stephanum
1704 5404 1884 5476 regem
1916 5405 2090 5462 "Bulla

520 5481 651 5531 nihil
697 5481 763 5531 de
796 5479 1039 5531 czaelihatu
1092 5478 1242 5530 dicit.
1275 5475 1417 5529 Idem
1453 5491 1578 5529 vero
1627 5477 1679 5530 in
1731 5475 1984 5532 sermone
2023 5480 2089 5531 ad

519 5549 805 5615 episcopos
859 5547 1038 5616 (apud
1092 5544 1467 5600 Mahillonium
1509 5548 1710 5602 Atrecd.
1779 5547 1868 5601 ed.
1937 5562 2086 5610 nov.,

520 5632 576 5687 p.
612 5616 710 5670 104
736 5617 755 5686 )
799 5618 957 5671 verba
984 5616 1134 5670 Pauli
1168 5619 1323 5669 unius
1347 5617 1527 5670 uxoris
1557 5619 1631 5669 vir
1663 5617 1971 5673 iitteraliter
1994 5634 2090 5672 ex-

522 5686 704 5761 pluat,
739 5701 806 5739 ne
842 5688 1087 5761 bigatnus
1120 5686 1194 5761 (id
1226 5688 1439 5761 estqui
1466 5689 1674 5742 duabus
1702 5689 1959 5743 uxoribus
1980 5691 2091 5757 jam

523 5758 793 5813 ticlttttctis
827 5758 1109 5827 copulatus
1150 5758 1334 5827 fuerit)
1378 5758 1443 5811 ad
1491 5761 1862 5830 episcopatum
1898 5774 2063 5815 ascen

2189 3158 2356 3227 λέγω,
2388 3159 2488 3213 οὐκ
2520 3157 3010 3230 ὲμποδισθήσεται.
3060 3159 3153 3210 Δεῖ
3183 3158 3293 3229 γὰρ
3326 3160 3466 3229 μήτε
3501 3161 3647 3229 ἡμᾶς
3678 3162 3784 3232 τῆς

2191 3252 2335 3320 ἄγαν
2365 3251 2657 3324 ἀκριϐείας
2697 3253 2834 3323 μήτε
2871 3252 3018 3321 ὑμᾶς
3045 3249 3146 3320 τὴν
3180 3250 3383 3304 ἕνωσιν
3417 3250 3786 3322 βουλομένους

2188 3342 2518 3413 ἀντέχεσθαι
2540 3380 2556 3407 ,
2593 3341 2731 3405 ἀλλά
2759 3358 2883 3394 τινα
2912 3342 3181 3413 παρορᾷν,
3219 3340 3320 3393 ὅσα
3362 3342 3461 3411 τὴν
3495 3342 3677 3396 πίστιν
3715 3343 3782 3396 οὐ

2192 3433 2581 3504 παραϐλάπτει
2602 3447 2618 3464 ο
2645 3431 2946 3503 συνηθειῶν
2979 3432 3088 3502 γὰρ
3109 3432 3375 3503 διαφορὰν
3392 3432 3786 3501 ἐκκλησιαστι-

2191 3528 2329 3593 κῶν,
2375 3526 2669 3599 ἄνθρωπον
2716 3526 2812 3579 τοῦ
2862 3526 3302 3598 Χριστιανισμοῦ
3345 3528 3448 3580 οὐκ
3480 3527 3782 3599 ἀλλοτριοῖ.

2190 3618 2309 3673 Νῦν
2336 3614 2449 3685 οὖν,
2472 3619 2521 3670 εξ
2543 3617 2819 3682 κελεύετε,
2857 3618 2966 3671 ἀπὸ
2996 3618 3089 3671 τοῦ
3121 3618 3216 3671 νῦν
3251 3619 3615 3690 ἑτοιμάσθητε
3639 3621 3784 3693 πρὸς

2193 3712 2583 3784 ὑποστροφήν·
2646 3712 2745 3766 καὶ
2808 3711 2948 3783 μετά
3010 3713 3111 3784 τὴν
3180 3713 3334 3784 ὑμῶν
3402 3712 3783 3785 ἀναχώρησιν,

2192 3804 2393 3877 γράψω
2425 3805 2563 3875 πρὸς
2591 3803 2841 3868 ἅπαντας
2892 3804 3019 3867 τοὺς
3064 3803 3243 3877 ὲμοὺς
3276 3806 3576 3877 ἀρχιερεῖς,
3605 3804 3640 3875 ἢ
3691 3806 3785 3859 ἵνα

2194 3898 2353 3949 αὐτοὶ
2384 3895 2637 3960 ἔλθωσιν,
2691 3895 2725 3966 ἢ
2761 3897 3146 3966 τοποτηρητάς
3201 3876 3620 3962 ἀποστείλωσιν,
3662 3897 3784 3952 ὅσοι

2192 3988 2443 4060 δηλονότι
2468 3990 2537 4043 δι’
2564 3987 2874 4058 ἀναγκαίας
2906 3989 3089 4052 αἰτίας
3119 3989 3199 4053 είς
3227 3989 3328 4059 τὴν
3354 3989 3576 4043 σύνοδον
3599 4006 3787 4061 παρα-υ

2190 4081 2448 4151 γενέσθαι
2493 4082 2553 4135 οὐ
2581 4082 2865 4137 δύνανται.
2904 4080 3048 4149 Ἐγὼ
3077 4081 3134 4134 δὲ
3185 4080 3324 4145 πρὸς
3355 4081 3600 4151 ἀνάγκης
3641 4083 3788 4151 μετά

2191 4173 2288 4227 τοῦ
2322 4171 2633 4228 Καθολικοῦ
2664 4174 2761 4227 τοῦ
2805 4172 3009 4227 Ἀλϐἀκ
3036 4172 3151 4245 (30)
3205 4172 3306 4243 τὴν
3340 4174 3535 4227 ἕνωσιν
3572 4172 3787 4238 ταύτην

2195 4267 2441 4337 ποιήσω’
2473 4261 2633 4329 οὗτος
2658 4267 2769 4336 γάρ
2795 4265 2986 4338 ἐπέχει
3017 4267 3111 4318 τὸν
3132 4265 3323 4337 θρόνον
3356 4267 3392 4319 Γ
3400 4266 3661 4338 ρηγορίου
3684 4269 3788 4321 τοῦ

2198 4359 2426 4427 ὲγγόνου
2463 4357 2556 4413 τοῦ
2595 4358 2755 4426 ἁγίου
2796 4357 3104 4429 Γρηγορίου
3147 4358 3245 4428 τῆς
3296 4359 3541 4428 μεγάλης
3584 4358 3789 4429 Ἀρμε-

2199 4450 2340 4514 νίας,
2370 4450 2463 4502 καὶ
2486 4437 2572 4503 ἀεί
2602 4450 2772 4519 ἐσμεν
2804 4450 2863 4500 ὲν
2880 4451 3001 4512 ταῖς
3031 4451 3434 4518 πνευματικαῖς
3468 4449 3787 4513 ὑποθέσεσι,

2201 4543 2296 4595 καὶ
2344 4539 2497 4593 οὐδὲν
2547 4538 2682 4611 ἄτερ
2733 4539 2979 4610 ἀλλήλων
3035 4538 3321 4609 ποιοῦμεν.
3363 4541 3521 4593 Ἐστι
3553 4542 3608 4594 δὲ
3656 4542 3785 4595 ὀδοῦ

2200 4633 2479 4702 διάστημα
2530 4633 2626 4687 ἀπ’
2674 4630 2928 4685 ἐντεῦθεν
2974 4631 3079 4695 ἕως
3135 4634 3253 4685 ἐκεῖ
3301 4632 3401 4703 οὐχ
3432 4627 3598 4704 ἦττον
3624 4629 3791 4702 οἶμαι

2206 4725 2394 4796 μηνῶν
2433 4724 2621 4794 τριῶν.

2283 4818 2345 4870 Ὀ
2372 4816 2571 4871 ΘΕΩΡ.
2594 4816 2703 4873 Καὶ
2739 4818 2871 4870 πότε
2905 4817 3120 4889 μέλλεις
3145 4818 3371 4889 ποιῆσαι
3402 4817 3499 4890 τὴν
3518 4818 3739 4874 σύνοδον
3770 4836 3789 4886 ;

2208 4908 2402 4963 Δοῦναι
2434 4908 2547 4978 γὰρ
2580 4909 2716 4977 ἡμῖν
2750 4908 2988 4976 όψείλεις
3028 4911 3296 4979 ὀνομαστὶ
3327 4910 3420 4964 τὸν
3457 4912 3670 4982 καιρὸν,
3698 4912 3789 4965 ἵνα

2207 5001 2345 5071 πρὸς
2370 5000 2461 5052 τὸν
2503 4998 2730 5070 βασιλέα
2769 5000 2862 5053 καὶ
2910 5000 3011 5072 τὴν
3053 5001 3385 5073 Ἐκκλησίαν
3433 5003 3590 5057 τοῦτο
3630 5003 3788 5072 γνῶ-

2209 5094 2468 5165 ρίσωμεν.

2202 5267 2330 5343 dat;
2367 5266 2653 5339 allegorice
2680 5284 2832 5343 vero,
2874 5285 2943 5326 ne
2971 5270 3261 5342 episcopus
3291 5282 3417 5343 post
3463 5276 3791 5333 catholicum

2203 5341 2420 5407 dogma,
2453 5354 2672 5394 sensum
2711 5342 3023 5397 hatreticum
3058 5341 3515 5409 suntiam—scilicet
3541 5360 3601 5402 ut
3625 5350 3789 5405 unius

2204 5410 2411 5486 uxoris,
2431 5410 2506 5486 _id
2543 5421 2628 5486 est
2645 5410 2947 5486 ‘Eeclesize,
2968 5414 3068 5486 rvir
3090 5413 3411 5486 appelletur.

2280 5478 2393 5549 (50)
2427 5479 2502 5533 De
2516 5481 2730 5554 origine
2754 5485 3065 5554 Armeniaci
3092 5478 3497 5552 pairiarchalns
3522 5487 3789 5554 Albanitc,

2199 5554 2289 5620 qui
2323 5553 2595 5605 secundus
2619 5556 2761 5605 inter
2788 5553 3191 5621 patrtarchatns
3208 5555 3497 5613 Armenios
3528 5553 3789 5621 dignitate

2197 5629 2337 5694 erat,
2373 5621 2566 5694 legesis
2596 5624 2812 5677 doctqu
2842 5638 2999 5691 Opus,
3033 5624 3120 5678 cui
3164 5626 3355 5679 titulus
3399 5644 3413 5682 :
3460 5629 3791 5694 ϋοηιμεηάσο

2199 5691 2397 5763 storico
2438 5692 2494 5744 di
2524 5695 2769 5747 memorie
2813 5694 3180 5763 cronologiche
3212 5700 3548 5752 concerneitti
3575 5691 3627 5750 fa
3666 5701 3789 5753 reii-

2199 5762 2351 5832 gioue
2384 5777 2411 5816 e
2439 5763 2493 5816 la
2528 5765 2728 5819 morale
2766 5766 2904 5818 delle
2939 5762 3166 5820 uastatis
3193 5769 3446 5836 Armenta,
3471 5780 3511 5825 t.
3551 5771 3617 5837 ll,
3651 5786 3705 5840 ν.
3734 5773 3789 5828 9.
