4096 6400
263 464 368 531 371

1651 460 2121 524 DISPUTATIO
2165 457 2251 521 II.

3461 443 3573 512 274

345 578 414 634 Ὀ
448 581 625 635 ΚΛΘ.
667 581 808 635 Οὐδὲ
841 580 951 649 ἐγὼ
976 575 1114 641 οἶδα,
1148 580 1196 632 εί
1238 578 1311 650 μὴ
1339 578 1603 650 ἐρωτήσω
1623 575 1890 647 λεπτομε-

2063 575 2220 631 CEN.
2254 573 2331 629 Ne
2354 585 2458 643 ego
2487 570 2710 643 quidem
2742 569 2891 633 novi,
2914 569 3069 641 prius
3101 584 3265 640 quam
3294 583 3388 625 eos
3410 584 3572 625 accu-

279 672 386 741 ρῶς
426 674 563 737 τοὺς
602 674 986 741 γινώσκοντας
1025 672 1095 728 τὰ
1120 672 1469 743 διαστήματα
1499 672 1607 726 τῶν
1635 671 1853 742 χωρῶν.

366 764 431 819 '0
466 766 677 819 ΘΕΩΡ.
714 765 825 819 Καὶ
860 765 1099 835 μάλιστα
1129 764 1355 818 πλείονα
1391 762 1587 834 καιρὸν
1643 762 1887 833 ὀφείλεις

283 857 495 920 δοῦναι,
525 858 617 912 διὰ
655 858 720 912 τὸ
754 858 984 929 ποιῆσαι
1011 856 1246 911 ἕκαστον
1276 855 1376 928 τήν
1416 854 1734 926 οἰκονομίαν
1791 856 1889 909 αῦ-

288 950 384 1004 τοῦ
416 948 729 1018 ἀρκοῦσαν.

371 1041 434 1095 Ὀ
462 1042 628 1095 ΚΑΘ.
644 1040 999 1108 Ἐξαπάντως
1021 1039 1194 1105 οὕτως
1227 1040 1436 1111 ὀφείλει
1455 1040 1731 1111 γενέσθαιο
1749 1040 1892 1111 πλὴν

1988 678 2106 725 rate
2140 680 2402 733 rogavero
2435 664 2527 734 qui
2554 663 2796 719 locorum
2822 661 3103 717 intervalla
3139 661 3337 717 sciunt.

2058 758 2317 816 'l‘llEOli.
2350 760 2496 814 Sane
2531 764 2746 827 tempus
2778 772 2806 808 a
2841 764 2893 810 te
2922 754 3224 823 spatiosum
3268 754 3580 809 conceden-

1989 854 2115 905 dum
2160 860 2263 917 est,
2298 856 2358 903 ut
2403 846 2604 919 singuli
2657 844 2982 901 viaticorum
3032 858 3255 900 suorum
3306 845 3577 899 rationem

1988 943 2243 998 habeant.

2060 1034 2220 1093 CEN.
2246 1034 2339 1091 Sic
2369 1048 2594 1106 prorsus
2617 1032 2888 1106 agendum
2917 1040 3019 1089 est.
3052 1031 3444 1086 Verumtamen
3477 1045 3578 1100 ego

296 1135 409 1204 ὶγὼ
467 1135 654 1204 μέλλω
717 1134 861 1205 μετά
902 1135 1012 1188 τῶν
1068 1133 1379 1206 ἀνθρώπων
1421 1152 1522 1207 μου
1566 1134 1891 1190 ἀποστεῖλαι

2006 1143 2087 1184 )er
2116 1127 2363 1183 homines
2392 1140 2542 1183 meos
2592 1124 2896 1180 familiares
2948 1121 3271 1194 imperatori
3311 1122 3574 1187 scribam,

301 1228 519 1301 γραφὴν
555 1227 695 1299 πρὸς
725 1226 821 1282 τὸν
853 1225 1104 1299 βασιλέα,
1141 1226 1239 1280 καὶ
1264 1225 1497 1299 δηλώσω
1520 1227 1620 1299 τήν
1664 1226 1892 1299 διωρίαν

298 1321 396 1390 τῆς
427 1319 679 1375 συνόδου.

379 1409 445 1465 '0
473 1411 669 1465 ΘΕΩΡ.
693 1412 880 1478 Δεῖξον
902 1413 1058 1483 ἡμῖν,
1080 1414 1130 1466 εί
1156 1409 1422 1478 κελεύεις,
1438 1411 1506 1483 ἢν
1519 1408 1734 1481 μέλλεις
1757 1411 1895 1465 ἀπο-

294 1500 507 1554 στεῖλαι
530 1502 668 1572 πρὶς
689 1501 783 1555 τὸν
806 1502 1032 1571 βασιλέα
1060 1502 1374 1574 ἐπιστολήν.

372 1596 442 1648 '0
484 1595 651 1650 ΚΑΘ.
684 1593 858 1648 Τοῦτο
907 1596 1124 1663 ποιήσω
1146 1612 1162 1628 ·
1194 1594 1291 1650 νῦν
1324 1596 1369 1649 δ’
1412 1596 1674 1665 ὑπάγετε,
1709 1596 1895 1651 διανα-

292 1687 613 1759 παύσθυβε,
671 1686 767 1740 καὶ
811 1687 901 1741 ὅτε
946 1687 1251 1760 ἐκθήσομαι
1285 1687 1387 1761 τὴν
1422 1688 1715 1761 ἐπιστολὴν
1736 1688 1896 1758 δείξω

368 1875 452 1946 Τῇ
485 1876 758 1949 ὶπαύριον
784 1874 1027 1929 ἔστειλεν
1060 1875 1193 1947 ἡμῖν
1228 1878 1258 1930 6
1311 1876 1616 1941 Καθολικδς
1645 1873 1743 1947 τὴν
1800 1875 1895 1930 ἐκ·

296 1967 453 2021 θεσιν
483 1968 586 2036 τῆς
612 1968 753 2039 πρὸς
782 1968 893 2045 τῶν
924 1966 1150 2037 βασιλέα
1183 1969 1497 2039 ἐπιστολῆς,
1530 1963 1599 2041 ἦς
1628 1970 1663 2041 ή
1695 1969 1894 2033 ἔννοια,

301 2059 394 2113 ἶνα
422 2062 486 2113 ὲν
508 2063 747 2131 ἐπιτομῇ
773 2060 939 2125 είπω,
967 2059 1131 2130 αὕτη.
1156 2090 1227 2101 —
1249 2062 1364 2116 Οὐκ
1381 2061 1709 2133 ἐνομίζομεν
1735 2078 1900 2113 σκαν-

305 2153 429 2205 δαλί
446 2153 619 2205 ἐσθαι
640 2152 797 2222 ἡμῶν
813 2169 969 2215 τινας
996 2151 1267 2222 λεγόντων
1292 2154 1422 2226 μίαν
1459 2153 1624 2224 φύσιν
1653 2154 1745 2208 τὸν
1764 2155 1901 2225 Χρι-

311 2262 346 2299 σ
366 2247 479 2298 όν·
506 2248 674 2315 ὀρθῶς
703 2246 811 2318 γὰρ
831 2248 1273 2319 ἑρμηνευόμενον
1302 2248 1464 2303 τοῦτο
1492 2249 1593 2303 οὐκ
1626 2248 1744 2303 ἔστι
1795 2266 1897 2303 κα-

305 2340 415 2393 κόν
440 2358 456 2371 ο
490 2341 612 2393 ἐπεί
639 2341 688 2393 δέ
705 2358 851 2401 τινες
885 2341 1358 2406 σκανδαλίζονται,
1395 2340 1681 2405 παντελῶς
1729 2344 1900 2410 ἐγκα-

303 2434 727 2503 ταλιμπὰνομεν
756 2433 888 2505 μίαν
912 2436 1079 2502 φύσιν
1124 2435 1307 2505 λέγειν
1357 2436 1452 2490 τὸν
1496 2436 1734 2507 Χριστόν
1759 2435 1894 2506 (5i).

306 2524 450 2580 Εἶτα
485 2525 741 2597 ἠθέλησεν
760 2527 789 2580 6
806 2527 1111 2590 Καθολικδς
1137 2529 1281 2583 κατά
1312 2528 1478 2599 μόνας
1508 2527 1585 2598 τῷ
1603 2526 1898 2597 θεωοιανῷ

304 2621 595 2689 συντυχεῖν
627 2634 643 2649 ⁸
674 2620 769 2674 καὶ
798 2619 1317 2691 μετακαλεσάμενος
1335 2621 1434 2692 ὀψὲ
1462 2621 1727 2693 Σαϐϐάτῳ
1753 2623 1899 2685 λίαν,

299 2706 468 2764 εἶπεν
488 2705 681 2781 αὐτῷ·
745 2711 1287 2783 Ἐσκανδαλίσθησαν
1333 2713 1384 2766 οί
1435 2713 1561 2784 ἐμοὶ
1620 2714 1900 2787 ἀρχιερεῖς

297 2805 427 2858 κατ’
472 2803 638 2872 ἐμοῦ,
663 2804 759 2857 καὶ
788 2803 938 2857 ἔστιν
962 2806 1257 2874 ἀναγκαῖον
1292 2804 1573 2872 ἐξελέσθαι
1625 2807 1686 2860 τὸ
1730 2807 1900 2862 σκάν-

295 2896 469 2950 δαλον
508 2898 575 2950 ὲκ
603 2896 715 2950 τῶν
746 2896 985 2970 καρδιῶν
1011 2896 1195 2951 αὐτῶν
1228 2913 1242 2929 ο
1280 2898 1764 2969 ἐσκανδαλισμένοι
1790 2900 1899 2972 γὰρ

300 2992 484 3056 δντες,
516 2992 779 3062 οὐδαμῶς
814 2991 1171 3047 ὑπακούσωσί
1204 3010 1308 3063 μου
1342 2993 1419 3057 ὡς
1454 2996 1724 3066 κεφαλῆς,
1762 2996 1900 3052 ἀλλὰ

306 3084 648 3139 σινιάσουσιν
668 3078 758 3139 οἷα
783 3085 942 3153 γένος
974 3085 1286 3157 ἀτέραμνον
1339 3086 1437 3140 καὶ
1480 3086 1901 3160 σκληροτράχη-

301 3175 398 3229 λον
427 3191 444 3208 ⁸
476 3176 596 3230 ἀλλ’
624 3175 819 3246 αὔριον
842 3177 959 3230 ἐστὶ
984 3177 1272 3246 Κυριακὴ,
1320 3176 1419 3231 καὶ
1478 3177 1734 3247 μέλλουσι
1776 3196 1902 3231 συν-

1993 1233 2316 1293 tempusque
2349 1219 2556 1292 synodo
2582 1217 2914 1287 praeﬁnitum
2946 1215 3292 1288 signiﬁcabo.

2066 1404 2323 1461 TIIEOR.
2355 1405 2593 1459 Ostende
2638 1401 2815 1467 nobis,
2854 1402 2899 1458 si
2947 1400 3043 1458 tibi
3092 1400 3294 1472 placet,
3322 1414 3483 1470 quam
3512 1398 3579 1454 ad

1995 1498 2382 1566 imperatorem
2416 1498 2686 1551 missurus
2717 1510 2778 1551 es
2805 1492 3120 1565 epistolam.

2065 1588 2223 1646 GEN.
2252 1589 2329 1645 lta
2377 1604 2529 1645 sane.
2563 1587 2719 1643 Nunc
2758 1601 2890 1643 vero
2915 1587 2981 1641 ad
3025 1584 3267 1655 requiem
3301 1581 3582 1647 secedite;

1996 1682 2183 1736 statim
2222 1696 2286 1737 ac
2338 1681 2485 1737 enim
2531 1677 2815 1749 epistolam
2861 1676 3157 1747 scripsero,
3193 1674 3349 1731 vobis
3396 1681 3587 1729 osten-

1998 1770 2142 1826 dam.
2886 1786 2894 1793 '

2070 1876 2296 1934 Postero
2328 1876 2416 1931 die
2449 1876 2599 1931 misit
2629 1873 2698 1930 ad
2730 1889 2833 1931 nos
2865 1872 3153 1931 Generalis
3178 1874 3489 1929 litterarum
3517 1871 3603 1925 ad'

2001 1967 2388 2039 imperatorem
2428 1967 2730 2037 exemplar,
2762 1980 2993 2036 quarum
3023 1978 3234 2020 summa
3266 1964 3383 2019 haec
3421 1973 3538 2019 erat
3567 1979 3583 2019 :

2001 2063 2450 2119 Existimavimus
2485 2061 2758 2116 neminem
2791 2059 3057 2115 oll'ensum
3093 2057 3158 2113 iri
3184 2058 3449 2113 adversus
3484 2068 3585 2109 nos

2001 2156 2092 2225 qui
2136 2170 2297 2209 unam
2342 2152 2545 2210 Christi
2583 2162 2834 2207 naturam
2888 2152 3096 2217 dicunt,
3137 2148 3585 2220 quandoquidem

2002 2250 2053 2304 id
2107 2260 2253 2305 recta
2305 2247 2758 2318 interpretatione
2818 2247 3173 2315 explicatum,
3228 2242 3360 2297 vitio
3413 2249 3587 2299 caret.

2004 2344 2109 2399 Sed
2165 2343 2290 2413 quia
2334 2341 2581 2398 nonnulli
2638 2339 2954 2397 scandalum
3004 2338 3131 2394 hinc
3162 2337 3460 2407 patiuntur,
3488 2349 3588 2389 nos

2000 2438 2220 2509 quidem
2250 2453 2416 2494 unam
2458 2437 2643 2493 dicere
2688 2435 2895 2490 Christi
2933 2442 3182 2490 naturam
3226 2445 3449 2504 prorsus
3473 2430 3586 2499 iam

2002 2530 2333 2587 desinemus.
2359 2530 2497 2587 Exin
2538 2529 2821 2587 Generalis
2878 2537 3153 2584 secretum
3204 2523 3414 2594 optavit
3459 2536 3587 2576 cum

2002 2619 2314 2677 Theoriano
2368 2620 2723 2692 colloquium,
2773 2613 2933 2689 quem
2990 2617 3232 2674 Sahhato
3264 2615 3399 2669 hora
3431 2612 3589 2667 valde

2001 2715 2243 2770 serotiua
2273 2713 2342 2770 ad
2372 2730 2430 2771 se
2458 2726 2711 2770 vocatqu
2741 2714 2814 2770 ita
2846 2713 3114 2767 allocutus
3138 2718 3225 2765 est
3258 2726 3273 2764 :
3309 2707 3409 2763 Elei
3453 2704 3587 2760 mihi

2001 2806 2241 2878 episcopi
2281 2805 2469 2862 oll’ensi
2516 2817 2668 2874 sunt,
2697 2806 2928 2870 ideoque
2977 2819 3118 2874 opus
3150 2810 3233 2858 est
3266 2816 3334 2856 ex
3370 2798 3585 2854 illorum

2001 2898 2202 2955 animis
2235 2898 2555 2954 scandalum
2602 2897 2863 2953 revellere
2897 2915 2912 2956 :
2944 2896 3203 2968 quamdiu
3240 2893 3386 2950 enim
3425 2893 3497 2946 ita
3526 2906 3587 2945 se

2003 2991 2316 3059 habuerint,
2351 3006 2697 3061 nequaquam
2730 2990 2864 3046 mihi
2896 2998 2955 3044 ut
2991 2988 3203 3059 prmsuli
3242 3001 3451 3041 morem
3490 3000 3589 3055 ge-

2004 3093 2145 3149 rent,
2190 3086 2283 3139 sed
2346 3083 2765 3150 cavillabuntur,
2831 3092 3017 3155 utpote
3078 3097 3251 3153 genus
3305 3081 3590 3136 hominum

2002 3176 2260 3248 pervicax
2293 3187 2347 3231 et
2372 3176 2721 3232 obduratum.
2752 3175 2860 3233 Sed
2911 3177 3056 3231 enim
3097 3190 3221 3232 cras
3264 3175 3355 3230 die
3402 3172 3586 3229 Demi-

304 3267 546 3340 αχθῆναι
574 3268 857 3339 ἀρχιερεῖς
882 3268 1092 3333 πολλοὶ,
1147 3269 1244 3323 καὶ
1271 3269 1538 3341 ἄρχοντές
1574 3288 1679 3342 μου
1708 3271 1898 3343 σχεδὸν

2006 3267 2124 3322 nica
2159 3265 2483 3322 conventuri
2534 3268 2603 3322 ad
2634 3266 2895 3340 Synaxim
2948 3277 3076 3323 sunt
3119 3266 3270 3321 multi
3318 3266 3585 3335 episcOpi,

304 3361 574 3426 ἅπαντες.
610 3362 861 3433 Λάλησον
884 3360 997 3427 οὖν,
1024 3363 1073 3415 εί
1100 3361 1367 3428 κελεύεις,
1392 3362 1578 3427 αὐτοῖς
1611 3362 1754 3417 κατά
1801 3362 1902 3433 τὴν

300 3456 373 3507 ἐκ
398 3453 541 3507 Θεοῦ
582 3471 666 3507 σοι
702 3453 1001 3525 δεδομένην
1039 3454 1235 3523 σοφίαν
1283 3454 1649 3525 πληροφορῶν
1680 3454 1902 3519 αὐτοὺς,

298 3545 429 3599 οὔτε
468 3547 694 3616 γραφὴν
727 3546 1008 3617 μυστικὴν
1049 3548 1175 3601 οὔτε
1203 3548 1399 3616 λόγους
1439 3547 1731 3601 ἀπέστειλε
1766 3547 1904 3618 πρὸς

299 3641 398 3691 τὸν
434 3637 664 3709 βασιλέα
709 3638 738 3690 ό
784 3639 1109 3703 Καθολικὸς,
1151 3638 1327 3710 ἀλλ’ἢ
1382 3639 1539 3692 τοῦτο
1606 3638 1766 3710 μόνον
1796 3638 1901 3705 ὅτι,

303 3733 403 3784 ὲᾶιν
433 3732 469 3804 ή
503 3730 754 3801 βασιλεία
789 3748 883 3784 σου
911 3731 1043 3805 θέλῃ
1071 3732 1172 3802 τὴν
1194 3732 1409 3796 ἕνωσιν,
1434 3733 1534 3804 οὐχ
1557 3727 1723 3805 ἦττον
1747 3732 1905 3801 κάγὼ

298 3822 515 3892 ταύτην
551 3821 694 3874 θέλω
723 3822 821 3875 καὶ
846 3821 1100 3893 ἐπιθυμῶ
1122 3824 1217 3876 καὶ
1242 3823 1530 3889 σπουδάζω
1555 3823 1640 3876 ἵνα
1655 3822 1903 3893 γένηται.

314 3912 631 3982 ’Υπέσχετο
683 3912 791 3982 γὰρ
843 3912 873 3965 6
931 3913 1238 3985 Θεωριανὸς
1287 3914 1448 3968 τοῦτο
1513 3915 1782 3985 ποιῆσαι·
1836 3916 1903 3985 τῇ

300 4004 583 4073 ἐπαῦρον
625 4003 928 4075 ἐκκλησίαν
976 4005 1205 4075 ἀγείρας
1251 4004 1539 4077 λαμπρὰν,
1611 4005 1908 4077 μετεκαλὲ-

300 4114 442 4152 σατο
470 4097 640 4167 ἡμᾶς,
676 4099 772 4152 καὶ
817 4098 1038 4163 ἀνοίξας
1064 4099 1127 4153 τὸ
1157 4099 1334 4170 στόμα
1372 4099 1539 4153 αὑτοῦ
1590 4101 1619 4153 6
1661 4099 1907 4174 Θεωρια-

297 4191 398 4254 νὸς
431 4184 618 4244 εἶπεν.

741 4288 904 4355 Δημη
913 4286 1079 4355 rapta
1122 4287 1475 4355 Θεωριανοῦ.

377 4377 551 4431 Οὐδὲν
576 4376 720 4431 οὕτω
748 4378 1030 4441 λυσιτελὲς
1064 4381 1178 4442 τοῖς
1209 4380 1525 4451 ἀνθρώποις
1560 4385 1654 4437 καὶ
1690 4384 1908 4439 πολλῶν

300 4473 407 4526 καὶ
451 4471 714 4541 μεγάλων
741 4472 1006 4543 πρόξενον
1059 4472 1306 4542 ἀγαθῶν,
1359 4474 1434 4538 ώς
1485 4475 1548 4529 τὸ
1619 4477 1910 4546 φυλάττειν

2005 3358 2370 3430 ριαιειιιεεᾳυο
2401 3360 2507 3415 mei
2557 3375 2727 3431 prope
2769 3374 2981 3415 omnes.
3020 3358 3099 3413 'l'u
3136 3359 3321 3428 igitur,
3350 3359 3395 3413 si
3426 3358 3585 3422 libet,

2007 3466 2104 3520 pro
2129 3465 2193 3506 ea
2221 3465 2381 3520 quam
2419 3450 2517 3507 tibi
2546 3451 2776 3507 contulit
2803 3451 3070 3522 sapientia
3095 3449 3234 3505 Deus
3257 3450 3587 3505 concinnare

2006 3542 2148 3612 apud
2177 3556 2293 3606 eos,
2324 3542 2499 3612 iisque
2556 3543 2747 3608 suade,
2772 3558 2950 3613 neque
2994 3557 3252 3598 arcanam
3298 3541 3587 3609 epistolam

2008 3648 2183 3703 neque
2228 3634 2431 3689 dictum
2464 3634 2681 3705 aliquod
2728 3634 2794 3689 ad
2834 3634 3217 3704 imperatorem
3258 3646 3288 3686 a
3335 3629 3590 3686 Generati

2009 3725 2236 3781 missum
2269 3724 2461 3791 fuisse,
2498 3726 2600 3781 nisi
2639 3727 2741 3781 hoe
2804 3730 3268 3795 tantum,'uempe
3304 3737 3467 3794 quam
3496 3731 3593 3776 tua

2010 3816 2265 3888 majestas
2291 3827 2441 3886 Optat
2482 3809 2611 3873 ‘ﬂeri
2658 3820 2937 3883 unionem,
2978 3832 3079 3884 ego
3116 3830 3336 3887 quoque
3384 3823 3439 3870 et
3468 3814 3591 3867 volo

2007 3920 2063 3964 et
2090 3909 2272 3980 cupio,
2305 3917 2468 3978 atque
2489 3920 2549 3964 ut
2604 3908 2695 3964 ﬁat
2724 3924 2945 3979 operam
2983 3908 3072 3963 do.
3094 3908 3261 3977 Igitur
3281 3905 3593 3961 TheOriano

2007 4001 2319 4069 excipiente
2364 4005 2666 4071 negotium,
2704 4001 2945 4057 crastina
2981 4000 3069 4055 die
3091 3998 3377 4054 Generalis
3408 3998 3594 4066 splen-

2008 4092 2140 4148 dida
2168 4092 2430 4149 concione
2458 4103 2669 4158 coacta,
2697 4092 2949 4147 invitavit
2976 4106 3101 4148 nos.
3135 4089 3275 4146 Tutu
3308 4090 3381 4146 ibi
3409 4090 3599 4148 Theo-.

2010 4187 2203 4241 riauus
2236 4184 2352 4240 haec
2384 4185 2549 4241 verba
2581 4184 2731 4239 fecit.

2502 4289 2791 4347 Theoriani
2835 4294 3026 4348 oratio.

2081 4382 2228 4439 Nihil
2260 4398 2412 4452 asque
2439 4383 2570 4439 utile
2607 4385 2949 4448 hominibus,
2990 4394 3175 4454 totque
3218 4398 3283 4439 ac
3315 4392 3609 4440 tantorum

2011 4476 2279 4531 bonorum
2309 4492 2474 4532 causa
2505 4486 2609 4543 est,
2647 4487 2703 4531 ut
2732 4488 3130 4548 prmceptorum
3176 4475 3268 4531 Dei
3298 4481 3597 4533 observan-

299 4565 411 4627 τὰς
444 4564 671 4628 ἐντολὰς
699 4563 793 4617 τοῦ
824 4563 984 4619 Θεοῦ.
1004 4565 1103 4620 Διὰ
1122 4563 1284 4619 τοῦτο
1310 4567 1404 4620 καὶ
1446 4567 1781 4639 θεράποντες
1812 4568 1901 4623 τοῦ

2016 4570 2111 4623 tia.
2163 4568 2396 4638 Propter
2447 4571 2589 4625 hanc
2643 4570 2788 4625 enim
2835 4581 2892 4626 et
2939 4570 3034 4626 Dei
3086 4572 3226 4627 servi
3275 4586 3490 4638 sumus,
3542 4581 3599 4628 et

299 4656 449 4710 Θεοῦ
479 4655 920 4727 χρηματίζομεν,
948 4658 1044 4710 καὶ
1076 4658 1175 4726 τῆς
1200 4658 1595 4730 ἀκαταλήπτου
1623 4659 1907 4731 βασιλείας

299 4749 675 4819 κληρονόμοι,
711 4750 809 4802 καὶ
842 4749 1066 4819 ἀδελφοὶ
1098 4750 1195 4803 τοῦ
1227 4750 1493 4822 Χριστοῦ,
1524 4754 1621 4805 καὶ
1650 4752 1759 4805 υἱοὶ
1810 4753 1908 4807 τοῦ

298 4840 447 4895 Θεοῦ
509 4842 606 4895 καὶ
667 4835 811 4895 εἶναι
854 4842 951 4895 καὶ
1007 4841 1268 4912 λέγεσθαι
1301 4842 1604 4914 ἀξιούμεθα
1627 4860 1642 4875 ·
1669 4837 1733 4900 οῦ
1759 4845 1813 4899 τί
1841 4844 1908 4900 ἂν

299 4934 527 5003 γένοιτο
563 4933 989 5006 μακαριώτερον
1012 4934 1110 4988 καὶ
1155 4935 1543 5006 εὐκταιότερον
1573 4952 1588 5001 ;
1642 4935 1816 4990 Τοῦτο
1846 4936 1910 4992 τδ

297 5025 670 5095 τηλικοῦντον
711 5026 877 5095 ἔργον
921 5026 1019 5081 καὶ
1069 5026 1543 5099 δυσκατόρθωτον,
1581 5028 1643 5083 τὺ
1699 5029 1913 5100 μυρίων

297 5114 445 5183 ἡμῖν
479 5113 777 5182 παραίτιον
803 5113 1032 5183 ἀγαθῶν
1061 5115 1384 5185 ὑπισχνεῖτο
1436 5117 1691 5188 ποιήσειν
1732 5114 1854 5188 Θεῷ
1884 5119 1914 5171 ό

295 5205 605 5275 προφήτης
637 5206 734 5258 καὶ
762 5203 1024 5274 βασιλεὺς
1049 5207 1144 5258 καί⁵
1181 5205 1468 5278 θεοπάτωρ
1495 5205 1683 5274 Δαὸὶδ,
1732 5207 1782 5260 εί
1814 5208 1913 5277 μό-

294 5311 398 5348 νον
432 5294 812 5366 συκοφαντίας
834 5295 1114 5367 ἀνώτερον
1151 5295 1315 5351 τοῦτο
1336 5296 1589 5366 φυλάξει.
1670 5298 1909 5366 A15th-

295 5389 415 5442 σαί
439 5405 520 5458 με
552 5389 677 5444 ἀπὸ
701 5390 1123 5459 συκοφαντίας
1173 5390 1502 5459 ἀνθρώπων
1561 5391 1758 5460 λέγων,
1805 5390 1907 5446 καὶ

298 5480 561 5548 φυλάξω
592 5484 701 5548 τὰς
722 5480 981 5548 ἐντολάς
1002 5496 1142 5538 σου.
1169 5482 1235 5534 Τί
1264 5482 1360 5537 οῦν
1393 5482 1602 5538 ἰδιῶται
1645 5484 1907 5554 ποιήσου-

378 5638 423 5670 ²³
446 5640 593 5695 Psal.
625 5655 823 5705 cxvttt,
864 5639 990 5694 154.

378 5769 492 5835 (5i)
530 5769 761 5840 Egregia
804 5784 941 5840 sane
990 5769 1373 5838 disputationis
1401 5768 1698 5833 conclusio,
1744 5767 1894 5840 l‘_t-nc-

298 5843 496 5911 tnsque
523 5838 842 5911 pretiosus!
868 5839 1096 5895 Prorsus
1112 5841 1281 5911 enim,
1301 5843 1425 5909 quia
1444 5842 1563 5895 dua:
1588 5851 1718 5896 sunt
1743 5838 1902 5911 Chri-

300 5910 374 5965 sti
412 5910 643 5981 natum,
675 5927 845 5967 uuam
884 5911 1067 5968 dicere
1097 5910 1445 5983 (ptmsertim
1499 5921 1620 5984 post
1670 5910 1900 5982 agitatas

2016 4662 2607 4733 incomprehensiblilis
2680 4663 2833 4733 regni
2900 4662 3146 4719 haeredes
3191 4703 3208 4730 ,
3271 4674 3327 4718 et
3392 4662 3601 4720 Christi

2016 4755 2247 4820 fratres,
2278 4765 2333 4811 et
2351 4753 2445 4810 Dei
2474 4754 2567 4808 ﬁlii
2602 4769 2726 4810 esse
2756 4754 2971 4824 dieique
3011 4770 3286 4811 meremur
3312 4774 3327 4809 :
3356 4772 3458 4823 qua
3479 4758 3603 4825 qui.

2016 4847 2136 4902 dem
2163 4860 2221 4901 re
2258 4846 2394 4901 nihil
2422 4845 2633 4901 beatius
2656 4856 2747 4901 aut
2769 4846 3062 4917 optabilius
3088 4861 3208 4902 esse
3231 4856 3424 4917 potest.
3448 4846 3603 4903 lianc

2015 4943 2406 5006 prmceptorutn
2436 4933 2530 4991 Dei
2564 4937 2996 5002 observantiam,
3027 4952 3142 4992 rem
3178 4953 3312 4993 sane
3344 4953 3600 5007 magnam

2015 5037 2180 5095 atque
2228 5024 2498 5082 difﬁcilem
2540 5034 2596 5082 et
2649 5026 2988 5083 inﬁnitarum
3042 5028 3307 5083 bonorum
3356 5027 3600 5089 fontem,

2016 5116 2385 5187 prazstiturnm
2435 5131 2495 5172 se
2543 5119 2848 5187 spondebat
2895 5118 3007 5174 Deo
3064 5119 3338 5187 Propheta
3391 5133 3490 5173 rex
3547 5131 3604 5174 et

2017 5208 2304 5278 theopater
2343 5206 2536 5269 David,
2565 5209 2611 5263 si
2654 5211 2817 5285 modo
2847 5209 3132 5265 calumnia:
3159 5211 3267 5264 vim
3300 5209 3474 5265 vitare
3502 5225 3603 5279 po-

2013 5302 2207 5355 tuiseet
2237 5316 2250 5353 :
2291 5298 2500 5355 Redime
2527 5318 2627 5366 me,
2663 5301 2856 5370 inquit,
2880 5319 2913 5356 ο
2935 5303 3213 5356 calumniis
3231 5303 3524 5367 numinum,
3546 5311 3611 5356 ut

2012 5394 2310 5447 custodiam
2333 5393 2589 5447 mandata
2615 5405 2706 5448 tua
2744 5394 2810 5448 ’⁸.
2837 5393 2975 5461 Quid
3001 5409 3133 5464 ergo
3156 5393 3351 5463 privati
3382 5394 3602 5454 facient.

2011 5484 2058 5539 si
2096 5498 2188 5540 rex
2227 5484 2557 5541 calumniam
2585 5486 2917 5545 extimescit.
2948 5495 3113 5557 atque
3134 5492 3200 5553 ,ut
3222 5484 3290 5540 ab
3314 5500 3378 5542 ea
3407 5484 3608 5541 libere—

2012 5788 2137 5825 cum
2189 5773 2583 5843 monophysitis
2613 5771 3046 5842 controversias)
3083 5773 3231 5828 nulla
3266 5774 3488 5830 subtilis
3520 5773 3608 5831 in.

2014 5844 2331 5907 terttretalio
2381 5844 2460 5898 Vel
2509 5844 2785 5900 elaborata
2836 5845 3118 5901 excusatio
3166 5848 3465 5903 concedere
3503 5847 3609 5902 Ar-

2013 5913 2208 5969 meniis
2236 5930 2375 5971 nunc
2411 5913 2644 5971 videtur.
