4096 6442
359 351 464 419 ³2⁸77

1734 355 2202 420 DISPUTATIO
2246 355 2331 417 ΙῘ.

3539 348 3650 413 278

367 467 723 538 Χριστιανῶν
747 483 763 500 ·
800 469 1098 536 σφάττεται
1138 469 1247 539 γὰρ
1283 472 1345 541 τῇ
1369 470 1596 540 ὁμονοίᾳ
1627 470 1732 522 τῶν
1761 469 1970 521 τέκνων

2079 476 2335 522 enecatur
2364 465 2510 520 enim
2559 479 2587 518 a
2625 463 2857 518 filiorum
2911 461 3003 517 Dei
3035 459 3364 527 concordia;
3396 459 3648 516 lcthalem

366 560 469 614 τοῦ
498 558 662 620 Θεοῦ,
693 561 790 612 καὶ
826 560 1106 629 ῥομφαίαν
1171 561 1314 615 κατὰ
1371 561 1601 633 καρδίας
1665 559 1968 629 εἰσδέχεται

369 654 620 723 καιρίαν,
647 650 960 707 θάλλουσαν
989 653 1088 724 τὴν
1118 656 1346 726 εξρήνην
1393 655 1560 726 ὁρῶν.
1597 655 1708 708 Καὶ
1768 655 1815 706 εἰ
1848 652 1969 706 καθ’

369 742 537 809 ἡμῶν
561 740 791 794 τοιαῦτα
825 741 1081 812 ἑμηχανή
1096 758 1244 805 εατο,
1272 740 1632 812 παραῦλάψαι
1670 739 1840 794 θέλων
1869 740 1970 809 τὴν

369 831 597 895 Ξνωσιν,
644 831 966 902 θαυμαστὸν
1011 833 1206 888 οὐδέν·
1260 831 1377 888 ἀλλ’
1417 834 1567 904 ἡμᾶς
1613 833 1675 887 οὐ
1727 830 1972 885 διέλαθον

370 929 447 977 τὰ
485 924 760 978 σκάνδαλα
787 925 978 979 αὐτοῦ.
1009 926 1102 978 Διὸ
1140 926 1248 979 τῶν
1287 923 1413 980 καθ’
1465 925 1626 996 ἡμῶν
1690 922 1970 996 ῥηθέντων

371 1018 572 1070 οὖδένα
600 1017 760 1083 λόγον
789 1017 1116 1088 ποιούμεθα,
1160 1019 1278 1071 ἀλλ’
1303 1018 1440 1087 ὅπερ
1482 1016 1840 1088 ἐμηνύσαμεν
1893 1015 1972 1085 τῷ

377 1109 616 1177 βασιλεῖ,
677 1110 773 1161 καὶ
822 1109 990 1162 πάλιν
1056 1110 1357 1180 μηνύομεν.
1419 1109 1552 1162 Ἀπὸ
1599 1108 1693 1162 τοῦ
1742 1107 1862 1174 νῦν,
1921 1109 1972 1161 εἰ

377 1198 664 1264 κελεύετε,
693 1202 1187 1272 ἁποχαιρετίσατε.

467 1327 1030 1399 ’ᾼποχαιρετίσαντες
1083 1323 1176 1382 οὖν
1203 1323 1447 1402 ἤλθομεν
1487 1332 1569 1393 εἰς
1625 1329 1686 1382 τὸ
1731 1327 1974 1383 K566023-

381 1438 504 1473 νιον
526 1437 542 1450 ·
567 1419 802 1492 εὕρομεν
827 1421 884 1473 δὲ
925 1423 1046 1474 ἐκεῖ
1079 1421 1172 1474 τὴν
1198 1421 1432 1492 μοναχὸν
1457 1421 1735 1492 Θεόδωρον
1766 1420 1858 1474 τὸν
1892 1439 1974 1489 φι-

370 1514 614 1580 λόποφον
654 1514 750 1566 τοῦ
818 1513 1132 1567 Καθολικοῦ
1153 1516 1262 1566 τῶν
1311 1513 1650 1568 ἰακωὸιτῶν
1701 1515 1822 1585 ἦτοι
1872 1515 1971 1568 Σύ-

374 1624 492 1677 ρων
528 1609 640 1670 .3'2)
670 1609 1040 1677 περιμένοντα
1071 1608 1338 1662 διατῶσαι
1370 1609 1520 1680 ἡμᾶς
1543 1611 1622 1672 εἰς
1659 1611 1750 1663 τὸν
1794 1611 1975 1664 Καθο-

370 1696 532 1748 λικὸν
582 1695 752 1748 αὐτοῦ
797 1695 929 1748 ὅιτα
981 1697 1105 1748 τότε
1154 1696 1212 1748 εν
1251 1712 1360 1748 τινι
1435 1696 1743 1766 καστελλίῳ
1803 1698 1972 1750 αὑτοῦ

2071 558 2309 627 gladium
2363 555 2665 611 visceribus
2711 554 2943 623 accipit,
2994 555 3038 609 si
3092 569 3406 624 prosperam
3459 568 3650 623 pacem

2071 659 2280 706 cernat.
2308 650 2448 721 Ergo
2478 649 2618 717 quod
2649 646 2805 703 nobis
2837 645 3148 718 huiusmodi
3183 645 3404 700 framles
3430 653 3652 700 struxe-

2073 744 2165 808 rit,
2190 743 2410 798 uniouis
2443 756 2610 797 causa
2654 738 3045 801 disturbandm,
3077 737 3151 791 nil
3178 749 3261 792 est
3291 737 3600 791 miramlmu
3633 753 3648 791 :

2072 836 2166 892 sed
2204 845 2382 890 tamen
2417 847 2516 889 nos
2541 831 2660 904 ejus
2689 830 2945 886 scandala
2971 846 3078 884 non
3131 829 3428 884 latuerunt.
3472 829 3654 896 Quare

2070 927 2342 981 dictorum
2388 925 2647 980 adversus
2675 938 2775 978 nos
2807 921 3011 976 nullam
3047 921 3314 975 rationem
3361 921 3650 987 habemus,

2073 1021 2170 1076 sed
2201 1019 2345 1088 quod
2379 1018 2510 1070 olim
2539 1015 2858 1086 imperatori
2894 1013 3344 1084 significavimus,
3378 1027 3520 1067 nunc
3550 1013 3654 1066 ite-

2075 1127 2192 1166 rtnn
2249 1110 2639 1182 significamus.
2704 1107 2812 1162 Vos
2866 1113 3088 1168 autem,
3155 1103 3200 1157 si
3265 1102 3477 1171 placet,
3542 1101 3653 1170 jaut

2074 1202 2268 1257 Valete.

2145 1330 2312 1400 Igitur
2363 1327 2483 1382 vale
2509 1327 2695 1392 dicto,
2743 1326 3064 1380 Cessuuium
3127 1323 3354 1395 profecti
3422 1337 3654 1388 sumus;

2074 1438 2182 1491 quo
2228 1421 2424 1476 inloco
2467 1420 2794 1474 monachum
2862 1415 3207 1472 Theodorum
3275 1415 3653 1487 ριιίιιιεονῑιιιιιι

2073 1513 2356 1570 Generalis
2423 1509 2794 1567 Jacobitarutn
2849 1525 2944 1564 seu
2996 1508 3259 1581 Syrorum
3331 1505 3659 1561 offendimus

2077 1606 2506 1676 praistolantem,
2531 1614 2589 1658 ut
2613 1618 2712 1658 nos
2736 1602 3042 1657 incolumes
3063 1601 3129 1656 ad
3149 1600 3474 1656 Generalem
3500 1613 3658 1653 suum

2077 1700 2418 1770 perduceret,
2445 1695 2499 1750 in
2523 1695 2757 1765 quodam
2778 1693 3038 1763 oppidulo
3067 1700 3500 1748 commorantem
3525 1729 3542 1755 ,
3570 1688 3658 1743 cui

367 1787 664 1858 λεγμένῳ
693 1787 721 1838 ὁ
770 1786 926 1855 ἅγιος
986 1787 1314 1858 Βαλσαμών.
1365 1788 1651 1850 Μαθόντες
1699 1789 1758 1842 δὲ
1809 1791 1972 1859 ἡμεῖς

2081 1805 2277 1845 nomen
2302 1797 2521 1845 sanctus
2553 1786 2863 1842 Balsamon.
2897 1784 3282 1841 Verumtamen
3315 1799 3413 1839 nos
3439 1781 3659 1837 indiciis

369 1882 461 1934 δτι
491 1883 863 1952 Σαχαπετῖνος
895 1884 922 1935 ὁ
960 1883 1183 1968 ἁμηρᾶς
1237 1881 1509 1952 ὲνεδρεύει
1553 1882 1650 1935 τοῦ
1696 1883 1974 1954 κρατῆσαι

376 1969 937 2039 ἡμᾶς,ὲφοὸήθημεν
987 1971 1106 2023 ἐκεῖ
1167 1969 1449 2032 ἀπελθεῖν,
1500 1968 1640 2024 ἀλλὰ
1689 1969 1787 2023 καὶ
1835 1971 1975 2024 ἀπε-

382 2064 708 2131 στάλκαμεν
742 2064 878 2131 πρὸς
903 2063 1067 2116 αὑτὸν
1105 2064 1204 2131 τὴν
1254 2061 1544 2134 βασιλικὴν
1585 2063 1827 2134 γραφὴν,
1881 2064 1974 2116 καὶ

385 2154 549 2219 asa;
595 2156 727 2223 ἡμῖν
792 2155 1109 2208 ἀπέστειλεν
1156 2154 1451 2224 ἐγγράφως
1507 2155 1815 2224 Ἑλληνιστὶ
1875 2155 1976 2227 τὴν

389 2245 680 2315 ὁμολογίαν
701 2249 800 2315 τῆς
833 2245 1001 2299 αὑτοῦ
1027 2245 1290 2308 πίστεως,
1337 2247 1432 2299 καὶ
1493 2247 1782 2300 πιττάκιον
1837 2247 1978 2316 πρὸς

392 2339 572 2408 ἡμᾶς,
605 2341 832 2392 autst
873 2340 974 2392 οὐκ
1024 2339 1332 2409 ἠδυνήθητε
1375 2338 1553 2392 ἐλθεῖν
1606 2339 1744 2410 πρὸς
1801 2340 1974 2410 ἡμᾶς,

391 2429 678 2501 ἀπεστάλη
710 2431 836 2501 παρ’
869 2430 1029 2502 ἡμῶν
1056 2431 1192 2503 πρὸς
1233 2430 1294 2483 σὲ
1327 2433 1356 2484 ὀ
1403 2431 1643 2502 μοναχδς
1694 2432 1974 2504 Θεόδωρος

391 2525 680 2592 συντυχεῖν
709 2540 790 2576 σοι
820 2522 1100 2597 προσώπῳ
1131 2523 1290 2594 ἡμῶν
1327 2523 1458 2594 περὶ
1508 2524 1745 2579 πάντων.
1799 2524 1865 2578 Ἦ
1914 2525 1976 2580 δὲ

384 2617 655 2686 ὁμολογία
711 2616 815 2680 τῆς
858 2616 1096 2680 πίστεως
1149 2615 1312 2670 αὑτοῦ
1357 2617 1472 2687 ἔχει
1518 2617 1662 2671 κατὰ
1705 2618 1858 2689 ῥῆμα
1881 2616 1974 2671 οὗ·

379 2732 495 2780 τως
521 2715 656 2787 (53).

464 2923 580 2978 (32)
622 2921 720 2974 ilic
766 2933 886 2976 erat
931 2923 1158 2978 Michael
1221 2923 1537 2993 patriarcha
1606 2932 1975 2992 cognomento

385 2993 644 3054 Magnus,
680 2993 747 3045 de
773 3010 878 3058 quo
918 2995 1246 3049 Assemanus
1277 2994 1397 3046 loro
1427 3011 1547 3048 mox
1577 2994 1873 3049 laudando.

465 3062 582 3121 (53)
628 3063 701 3115 De
733 3067 834 3117 hac
881 3080 1002 3119 cum
1059 3065 1210 3132 Syris
1261 3065 1554 3120 Tlxeoriani
1612 3065 1979 3131 disputatione

389 3135 612 3200 insigne
666 3147 826 3202 atque
867 3135 1130 3198 prolixum
1182 3147 1364 3187 exstat
1418 3135 1782 3189 testimonium
1850 3132 1980 3187 Bar-

388 3202 609 3256 ιιιιιηεηί
649 3204 701 3257 in
751 3208 986 3258 secunda
1020 3205 1268 3257 Claronici
1303 3205 1385 3258 sui
1433 3213 1587 3271 parte
1638 3204 1817 3257 adhuc
1863 3205 1980 3257 ine-

389 3277 506 3325 dzta
569 3273 714 3340 (nam
765 3274 996 3341 primam
1032 3277 1199 3328 edidit
1241 3275 1549 3344 Kirschius)
1577 3274 1741 3345 cuius
1774 3274 1979 3345 vatica-

392 3360 526 3414 num
559 3347 804 3399 codicem
835 3345 1006 3398 habes
1040 3346 1372 3414 descriptum
1414 3346 1464 3396 in
1494 3343 1663 3413 hujus
1700 3357 1832 3397 mea
1863 3343 1978 3397 col-

394 3413 651 3469 lu-etionis
688 3425 832 3468 tomo
866 3414 933 3476 ν.
973 3428 1115 3484 part.
1146 3431 1207 3476 ιι,
1239 3431 1294 3485 p.
1322 3414 1410 3470 49.
1437 3415 1661 3470 Interim
1691 3428 1822 3466 vero
1849 3415 1977 3485 dum

392 3485 578 3557 adhuc
626 3499 764 3553 opus
820 3485 1092 3555 desiderat
1147 3484 1396 3557 typbrum
1445 3485 1664 3557 lucem,
1714 3484 1976 3557 praeclara

393 3554 664 3608 habemus
701 3553 982 3609 Asseinani
1032 3553 1287 3624 excerpta
1335 3556 1386 3608 in
1439 3553 1970 3619 Biblioth.iorient.,

393 3634 437 3676 t.
481 3623 548 3687 II,
587 3625 940 3693 cujuslomnn
984 3643 1034 3688 tt.
1070 3623 1210 3684 364.
1249 3629 1324 3682 rei
1362 3637 1558 3679 nostra!
1591 3625 1830 3678 maxime
1859 3626 1977 3679 ido-

399 3710 564 3747 neum
604 3697 836 3749 recitare
867 3696 956 3749 hic
987 3711 1123 3765 Opus
1152 3707 1254 3755 est.
1303 3698 1604 3761 praesertim
1635 3695 1785 3765 quia
1813 3704 1979 3748 testa-

395 3775 487 3815 tur
521 3765 680 3820 nobis
708 3767 775 3819 de
804 3761 1043 3822 secundo
1069 3766 1262 3820 itinere
1294 3765 1585 3821 Tlteoriani
1619 3761 1672 3818 in
1696 3761 1976 3820 Orientem

395 3835 469 3885 ad
502 3835 912 3903 disputandum,
946 3851 1011 3889 ne
1032 3837 1150 3904 quis
1182 3836 1320 3890 forte
1349 3839 1400 3890 id
1423 3839 1710 3889 confictam
1731 3833 1979 3890 aGrazcis

397 3915 576 3971 putet,
607 3921 730 3958 cum
780 3920 846 3960 ex
887 3921 1109 3972 perraro
1150 3904 1338 3960 Grzcco
1405 3907 1588 3959 codice
1619 3919 1647 3956 a
1675 3918 1763 3956 me
1804 3919 1980 3973 nuper

400 3975 699 4046 observato
729 3984 785 4028 et
831 3975 976 4030 edito
1007 3991 1097 4029 res
1138 3985 1288 4046 gesta
1326 3990 1479 4046 nunc,
1506 3974 1850 4046 divulgctur;
1884 3975 1978 4040 qui

396 4045 623 4112 quidem
647 4047 813 4099 codex
838 4055 945 4100 tam
973 4044 1184 4113 priscus
1208 4056 1314 4110 est,
1341 4057 1399 4099 ut
1433 4044 1503 4098 ab
1530 4045 1702 4112 ipsius
1731 4044 1981 4114 di8puta-

401 4117 576 4167 ttnnis
611 4126 770 4170 aetate
802 4117 943 4170 haud
978 4116 1363 4186 valdeabesse
1390 4115 1662 4170 videatur.
1708 4113 1800 4169 Sic
1826 4113 1979 4186 ergo

401 4186 545 4236 aoual
581 4186 943 4239 Assemannm
977 4184 1392 4239 Bar-llebracns.

481 4261 636 4328 Anno
659 4253 973 4328 Grecorum
997 4254 1140 4328 7148]
1185 4254 1318 4328 [imo
1355 4255 1516 4318 1482.
1542 4255 1746 4328 Christi
1770 4253 1978 4328 _H70.]

396 4323 618 4394 Mauuel
647 4325 960 4380 Contueuus
994 4327 1124 4394 imp.
1150 4323 1246 4394 pér
1280 4326 1732 4394 Christophorum
1769 4323 1980 4380 litteras

398 4397 476 4450 ad
525 4393 843 4450 Mil-baelem
898 4393 1262 4464 pzttriarrhant
1301 4399 1366 4451 de
1425 4393 1684 4466 religione
1728 4397 1976 4466 scripsit.

399 4466 774 4522 Theorianum
830 4467 1056 4534 insuper
1100 4469 1165 4519 ad
1199 4471 1446 4521 eumdem
1478 4465 1547 4520 eti
1579 4473 1644 4519 ad
1692 4465 1976 4520 Nersetem

397 4539 787 4608 Armeuiqrum
813 4535 1130 4608 Getteralem
1156 4537 1324 4600 misit,
1343 4538 1579 4608 quicum
1609 4537 1659 4590 itt
1690 4535 1980 4608 Ῥωμαίων

399 4605 599 4670 κουλά,
637 4603 892 4660 Castrum
920 4604 1241 4671 Romanum,
1267 4603 1622 4676 pertrenisset,
1653 4607 1981 4676 significavit

406 4676 696 4734 Michaeli.
728 4685 786 4728 ut
821 4677 872 4728 in
923 4675 1137 4745 Syriam
1179 4679 1245 4730 ad
1270 4675 1604 4744 colloquium
1642 4675 1977 4744 properaret,

402 4749 667 4811 quoniam
701 4746 798 4814 ipsi
832 4747 882 4798 in
918 4744 1361 4815 Mesopotamiam
1400 4747 1668 4815 proficisci
1706 4761 1810 4800 non
1845 4746 1979 4801 lice-

405 4818 521 4870 l.a=.
575 4815 800 4869 Michael
855 4815 1119 4871 Joannem
1179 4819 1492 4885 episcopum
1564 4816 1978 4871 Cltisumensent

401 4885 522 5010 [‘hic
577 4889 629 4939 in
667 4886 839 4953 prima
885 4887 1255 4953 disputatioae
1278 4885 1568 4940 Thcoriani
1613 4885 1864 4957 apparet]
1911 4888 1980 4940 ad

403 4959 414 4974 '
437 4955 777 5010 'heoriauum
797 4957 1066 5010 allegavit.
1095 4954 1436 5010 Tlteorianus
1457 4957 1776 5010 szantium
1801 4972 1980 5010 rever-

403 4954 777 5010 ‘Theoriauum
797 4957 1066 5025 allegavit.
1095 4954 1436 5012 Tlteorianus
1457 4954 1776 5026 Byzantium
1801 4954 1983 5011 rever-

403 5042 526 5090 sus,
561 5037 866 5088 tterntnque
899 5029 968 5081 ab
1015 5026 1348 5095 imperatore
1403 5028 1455 5082 in
1510 5027 1727 5095 Syriam
1781 5030 1982 5081 missus

402 5096 524 5168 [am
561 5095 750 5167 ll72.]
787 5095 1102 5168 Michaelem
1137 5096 1201 5168 ad
1241 5097 1494 5168 Castrum
1541 5095 1845 5152 Romanum
1887 5112 1982 5166 per

403 5164 623 5221 Lucus
655 5164 834 5220 denuo
862 5167 1118 5222 arcessit.
1159 5164 1208 5219 Is
1233 5182 1364 5222 vero
1394 5166 1741 5222 Theodorum
1793 5164 1982 5221 mone-

401 5238 572 5290 chum
606 5247 965 5304 (-ogttotnento
998 5234 1416 5303 Bar-Vehebun,
1459 5238 1779 5305 discipulum
1821 5251 1978 5290 suum

405 5310 606 5369 mittit,
650 5318 708 5359 ut
756 5308 821 5360 ad
878 5306 1167 5361 Theoriani
1224 5311 1553 5377 ῳιωέιιοιιιξε
1604 5307 1978 5376 responderet.

407 5378 781 5444 Disceptatmn
831 5379 1018 5431 estde
1067 5379 1376 5431 subst-mia
1426 5388 1477 5432 et
1530 5388 1716 5431 natura
1767 5393 1832 5430 ex
1884 5380 1980 5430 do-

401 5458 582 5501 ctrtua
626 5447 996 5516 Aristotelica,
1047 5447 1358 5502 TlteOriano
1399 5453 1463 5501 ad
1507 5447 1979 5516 Theodoriargu-

403 5531 585 5570 menta
613 5529 669 5568 nt
693 5515 1088 5573 Bar-chraeus
1115 5535 1182 5570 cx
1211 5535 1395 5572 amore
1423 5535 1533 5572 sua:
1573 5527 1733 5571 secta:
1772 5515 1981 5572 fabula-

402 5600 528 5648 tur,
579 5588 1013 5642 obmutescente.
1062 5589 1202 5641 liinc
1247 5589 1627 5642 Armeniorum
1674 5587 1978 5655 Generalis,

400 5661 496 5727 qui
533 5661 702 5710 victus
734 5657 1047 5710 'fltcoriatto
1079 5675 1271 5712 manus
1324 5659 1569 5720 dederat,
1622 5658 1828 5712 viribus
1891 5674 1973 5712 re-

402 5730 654 5796 sumptis,
688 5728 771 5781 sic
805 5729 873 5780 ad
906 5727 1156 5782 eumdem
1197 5728 1482 5796 scripsisse
1509 5728 1708 5783 dlCillll’
1741 5744 1757 5782 :
1797 5746 1814 5779 ι
1842 5728 1977 5782 Cum

401 5802 672 5868 synodum
703 5797 1078 5866 celebravere,
1107 5799 1429 5856 sententiam
1459 5814 1631 5854 meam
1667 5800 1980 5869 imperatori

2080 1882 2322 1949 acceptis
2350 1879 2495 1949 quod
2551 1877 2947 1947 Sacbapetiuus
2976 1891 3191 1930 ameras
3229 1884 3286 1930 ut
3320 1890 3416 1929 nos
3441 1879 3659 1943 caperet

2084 1972 2312 2028 insidias
2341 1971 2674 2035 struxisset,
2713 1970 2996 2025 timuimus
3045 1968 3135 2023 illo
3164 1968 3282 2034 ire;
3338 1967 3434 2023 sed
3483 1964 3662 2035 regias

2085 2069 2296 2122 litteras
2343 2067 2407 2120 ad
2440 2064 2764 2123 Generalcm
2798 2063 3071 2129 misimus,
3101 2063 3192 2132 qui
3243 2062 3481 2116 vicissim
3537 2057 3656 2112 fidei

2081 2175 2192 2216 sine
2236 2158 2636 2214 confessionem
2688 2156 2874 2214 Gra'ce
2925 2157 3182 2225 scriptam
3247 2153 3404 2208 nobis
3475 2149 3660 2206 tnisit:

2081 2267 2202 2307 cum
2246 2251 2476 2320 epistola
2504 2264 2610 2321 qua
2655 2249 3034 2319 significabat,
3070 2245 3514 2316 quandoquidem
3563 2257 3666 2295 nos

2079 2342 2143 2395 ad
2169 2357 2293 2396 eum
2323 2341 2592 2410 proficisci
2625 2355 2730 2394 non
2775 2339 3133 2410 potuerimus,
3179 2337 3322 2392 tuitti
3346 2355 3374 2390 a
3402 2351 3461 2391 se
3486 2333 3655 2388 Theo-

2083 2435 2276 2489 dorum
2311 2435 2638 2489 monachum
2673 2433 2764 2502 qui
2787 2431 3072 2487 Generalis
3106 2430 3324 2485 nomine
3355 2429 3422 2482 de
3456 2444 3516 2483 re
3550 2436 3657 2482 tota

2081 2537 2202 2576 cum
2237 2523 2545 2578 Theoriano
2561 2523 2875 2578 dissereret.
2902 2521 3052 2577 Fidei
3087 2536 3214 2577 vero
3241 2519 3516 2577 confessio
3546 2519 3666 2573 haec

2081 2613 2148 2668 ad
2181 2613 2419 2669 litteram
2450 2613 2786 2670 continebat.
2873 2670 2876 2672 ν

2079 2923 2395 2998 declarabo.
2436 2924 2792 2998 rEpistolam
2828 2941 3046 2998 quoque
3077 2925 3277 2982 Nerses
3311 2925 3388 2998 ad_
3425 2921 3667 2978 Michae~

2081 2995 2188 3048 lem
2223 2995 2592 3064 patriarcbam
2632 2997 2782 3052 misit
2805 2997 2858 3050 in
2898 2995 3011 3052 haec
3047 2998 3208 3050 verba
3243 3014 3257 3051 :
3301 3015 3319 3047 ι
3348 2995 3661 3064 Grazcorum

2087 3062 2382 3137 imperator
2448 3066 2637 3137 decem
2709 3067 2864 3122 nobis
2935 3068 3265 3137 qumstiones
3304 3062 3670 3137 _pl’flp0$llii_;.

2086 3134 2326 3203 quinque
2357 3135 2422 3189 de
2453 3135 2558 3190 fide
2591 3177 2607 3201 ,
2653 3148 2710 3192 ut
2748 3134 3006 3191 nimirum
3043 3137 3178 3192 duas
3209 3139 3262 3190 in
3291 3135 3508 3188 Christo
3541 3134 3659 3186 uni-

2086 3215 2166 3257 tas
2209 3214 2431 3258 naturas
2455 3206 2724 3274 dicamus,
2757 3207 2891 3262 duas
2925 3206 3259 3268 voluntates,
3293 3205 3432 3260 duas
3464 3217 3658 3274 opera-

2083 3275 2292 3339 tiones;
2329 3284 2387 3328 ut.
2423 3289 2547 3328 cum
2574 3271 2748 3332 tribus
2784 3276 3006 3346 synodis
3039 3286 3091 3330 et
3131 3286 3378 3345 quartam
3407 3284 3462 3346 et
3493 3271 3658 3346 quin-

2085 3354 2191 3397 tam
2216 3353 2270 3397 et
2295 3355 2505 3414 sextam
2530 3357 2582 3398 et
2605 3343 2892 3414 septimam
2916 3343 3307 3413 prazdiceinus:
3335 3355 3395 3397 ut
3423 3343 3660 3414 denique

2081 3429 2108 3468 e
2145 3414 2368 3482 trisagio
2397 3413 2597 3483 hymno
2622 3412 2974 3485 appendicem
3011 3414 3197 3469 illam:
3231 3414 3335 3480 Qui
3367 3412 3659 3485 crucifixus

2079 3500 2131 3556 es
2172 3481 2471 3556 pro’nobis,
2499 3481 2915 3556 expungatuus:
2949 3497 3004 3537 ut
3035 3487 3251 3556 scilicet
3273 3486 3470 3539 festum
3505 3481 3661 3536 Nati-

2081 3553 2267 3609 ritatis
2324 3569 2446 3608 cum
2504 3553 2718 3609 ceteris
2767 3556 3080 3612 nationibus
3127 3555 3465 3610 celebremus
3525 3571 3539 3606 :
3601 3563 3660 3606 ut

2081 3622 2411 3678 fermentum
2465 3625 2518 3678 itt
2574 3625 2956 3686 Eucharistia.
3009 3636 3062 3680 et
3108 3641 3300 3695 aquam
3377 3623 3447 3695 in
3486 3623 3659 3678 calice

2082 3709 2346 3762 ponamus
2378 3709 2396 3748 :
2429 3704 2488 3748 ut
2519 3696 2759 3751 chrisma
2805 3711 2870 3752 ex
2922 3696 3041 3750 oleo
3071 3693 3228 3750 olira:
3255 3693 3612 3750 conficiamus
3639 3711 3654 3748 :

2081 3774 2140 3818 ut
2177 3765 2228 3817 in
2259 3763 2512 3834 ecclesiis
2540 3781 2762 3822 oremus
2799 3783 2813 3820 :
2848 3776 2908 3821 ut
2956 3767 3230 3834 Iiturgiam
3268 3765 3450 3833 palam
3485 3764 3660 3834 facia-

2083 3849 2222 3905 mus.
2257 3832 2322 3887 Et
2364 3835 2510 3905 ritus
2545 3836 2764 3905 rtuidem
2826 3832 3128 3891 reformare
3163 3832 3280 3905 pro,
3315 3836 3475 3905 bnth
3507 3833 3657 3903 pacis

2081 3901 2249 3975 facile
2269 3903 2446 3975 Anobis
2480 3901 2644 3969 esset,
2681 3906 2921 3975 duasque
2970 3901 3191 3975 naturas
3227 3905 3381 3974 juxta
3432 3901 3662 3958 Theolo-

2081 3990 2207 4048 gum
2231 3970 2582 4048 [Gregorium
2601 3975 2757 4048 Nam]
2781 3970 2983 4032 dicere.
3010 3973 3213 4048 Verum
3229 3970 3300 4029 ἰιι
3328 3975 3651 4044 particulam

2082 4042 2259 4116 illam‘;
2283 4042 2689 4116 Quicruciﬁxus
2718 4042 2770 4100 δέ
2804 4063 2898 4116 pro
2931 4047 3099 4106 nobis,
3128 4042 3539 4116 expungamus,
3563 4055 3658 4096 aut

2081 4113 2292 4168 sanctis
2324 4115 2457 4168 viris
2489 4113 2780 4170 anathema
2804 4113 3081 4180 dicamus,
3117 4113 3234 4169 fieri
3265 4115 3407 4168 nulla
3443 4115 3658 4169 ratione

2082 4191 2280 4252 potest.
2313 4182 2409 4237 liis
2446 4194 2628 4255 tamen
2662 4201 2768 4238 non
2801 4187 3150 4239 obstantibus
3177 4185 3440 4255 quidquid
3481 4195 3536 4239 tu
3575 4181 3655 4238 fe.

2082 4255 2247 4315 ceris,
2276 4255 2440 4306 etiam
2477 4271 2576 4309 nos
2608 4253 2887 4308 faciemus.
2927 4273 2946 4307 ι

2153 4323 2292 4391 Quid
2325 4332 2444 4394 post
2471 4325 2586 4394 brae
2617 4324 2827 4379 Nerseti
2863 4323 3091 4379 Michael
3118 4324 3485 4394 rescripserit,
3513 4325 3655 4380 haud

2083 4394 2337 4462 exprimit
2373 4393 2794 4451 Bar-iiebrauts.
2835 4395 2975 4450 Vero
2999 4405 3179 4448 tamen
3219 4395 3396 4449 simile
3425 4406 3530 4461 cst,
3561 4397 3658 4449 ho-

2012 4503 2056 4558 υ
2085 4467 2294 4558 minem
2320 4462 3084 4558 Jacobi-tantunil‘iptenlatum
3123 4465 3432 4558 reliquisse,
3467 4478 3525 4520 ut
3555 4468 3660 4548 Ar-

2088 4535 2318 4606 menios,
2339 4549 2476 4602 quos
2496 4549 2856 4606 praecessores
2873 4537 2957 4589 sui
2978 4535 3430 4606 Mouophysiticis
3458 4539 3660 4591 t'rt'ori-

2087 4606 2188 4660 bus
2216 4602 2543 4668 infecerant,
2569 4605 2637 4658 ab
2659 4603 2917 4660 Ecclesia:
2943 4602 3334 4661 communione
3364 4619 3655 4660 averteret.

2084 4676 2140 4730 id
2171 4683 2319 4729 certe
2353 4676 2462 4745 egit
2487 4690 2610 4729 cum
2645 4675 2910 4730 Jacobitis
2945 4675 3055 4732 suis
3089 4694 3103 4728 :
3150 4695 3168 4726 ι
3193 4691 3315 4729 nam
3348 4679 3414 4728 ad
3448 4678 3660 4731 litteras

2085 4749 2428 4813 imperatoris
2464 4760 2558 4812 per
2603 4745 2971 4800 'l‘lteorianum
2999 4756 3054 4799 et
3089 4747 3314 4800 alterum
3363 4749 3658 4814 quemdam

2083 4815 2330 4870 Graecum
2365 4814 2658 4884 Galoenum
2690 4817 2907 4870 nomine
2945 4818 3296 4870 trausmissas
3316 4855 3330 4877 ,
3362 4819 3560 4884 quibus
3590 4820 3658 4872 ad

2085 4887 2354 4957 unitatem
2413 4883 2670 4939 Ecclesiae
2723 4886 3061 4957 imitabatur
3095 4926 3110 4948 ,
3186 4887 3258 4939 ita
3311 4883 3658 4954 τριέιιοιιιιιδδν

2085 4959 2278 5026 fertur,
2311 4952 2421 5026 Nos
2453 4957 2604 5022 pacis
2649 4952 2995 5026 summopere
3029 4957 3258 5010 Studiosi
3292 4952 3500 5020 sumus,
3559 4973 3660 5011 nec

2083 5044 2204 5081 eam
2255 5023 2491 5092 [agimus
2527 5044 2541 5079 :
2579 5029 2738 5081 modo
2765 5023 2887 5079 cum
2943 5027 3008 5081 iis
3055 5027 3168 5092 fiat,
3217 5027 3307 5095 qui
3361 5031 3517 5080 fidem
3553 5027 3659 5079 Pa-

2085 5109 2224 5150 trum
2283 5097 2701 5164 haudquaquam
2763 5107 3014 5160 mutent,
3066 5110 3123 5152 et
3173 5114 3294 5149 cum
3352 5098 3658 5151 Athanasio

2083 5179 2244 5233 atque
2279 5166 2480 5235 Cyrillu
2529 5183 2689 5221 unam
2748 5165 2907 5253 Verbi
2965 5169 3233 5222 iucarnati
3274 5174 3541 5236 naturam;
3571 5169 3660 5220 di-

2081 5247 2231 5292 cunt.
2266 5257 2284 5288 ι
2827 5247 2858 5296 ς,

2158 5307 2253 5360 llic
2284 5307 2463 5361 exitus
2513 5305 2616 5362 fuit
2663 5309 2938 5364 naissionis
2987 5308 3279 5364 Theoriani
3321 5309 3472 5376 juxta
3525 5307 3658 5362 Bar-

2082 5377 2365 5431 licbt‘zemn
2399 5393 2412 5430 :
2443 5379 2528 5430 cui
2561 5394 2862 5434 consonare
2894 5381 3140 5434 videntur
3165 5395 3282 5446 qua:
3309 5396 3372 5433 ex
3413 5377 3652 5432 Mcnolo-

2081 5451 2169 5516 gio
2208 5449 2586 5501 Armeniorum
2616 5450 2802 5504 scribit
2833 5448 3071 5504 Galanus
3108 5461 3250 5503 teuto
3279 5449 3297 5502 Ι
3343 5448 3547 5502 Cancil.
3575 5465 3654 5502 ec-

2082 5520 2253 5572 clesia:
2298 5518 2540 5571 Armenw
2574 5536 2698 5572 cum
2736 5518 2950 5584 Latina,
3003 5535 3056 5586 p.
3095 5519 3220 5583 240,
3260 5520 3347 5573 ubi
3380 5520 3653 5574 Nersetetu

2084 5590 2460 5642 Armeniorum
2511 5590 2876 5653 patriarcltam
2927 5589 3131 5644 obiisse
3183 5589 3449 5654 aliirntat,
3507 5599 3652 5644 ante-

2081 5674 2242 5726 quam
2278 5659 2542 5727 synodum
2571 5673 2682 5712 stre
2710 5660 2885 5727 gcntis
2911 5661 3292 5728 episcoporum
3317 5669 3558 5729 cogeret,
3601 5661 3652 5712 iu

2083 5745 2188 5798 qua
2223 5729 2586 5803 orthodoxam
2627 5729 2759 5803 ipsis
2809 5729 2876 5782 de
2923 5730 3302 5788 incarnatione
3338 5733 3495 5787 fidem
3531 5744 3654 5803 pro-

2086 5816 2286 5871 ponere
2316 5799 2652 5853 decreverat.
2686 5798 3022 5856 Asssusuus.
