4096 6394
451 368 556 435 287

1873 359 1976 421 ΤΗ
1988 358 2306 422 EORIANI

3610 366 3723 430 288

451 498 669 538 omnem
710 482 783 536 ita
829 479 1102 538 Christum
1141 478 1390 534 coniiteri
1424 479 1653 544 debere;
1700 485 1755 531 ct
1781 492 1904 530 cum
1933 474 2023 545 qui

2154 475 2367 543 (ριστὸν
2432 472 2750 544 ὁμολογεῖν·
2796 475 2892 528 καὶ
2950 474 3025 546 μὴ
3080 474 3259 537 οὕτως
3299 474 3579 545 ὁμολογῶν
3621 478 3721 547 τῆς

452 573 611 626 aliter
641 570 951 633 confitetur,
984 569 1170 641 procul
1202 570 1433 623 veritate
1463 570 1745 623 aberrare.

537 659 783 717 fllEOR.
820 661 957 727 Quia
1010 671 1066 715 tu
1109 675 1174 714 ex
1204 674 1391 713 norma
1427 659 1689 713 librorum
1724 658 2034 713 Aristotelis

2134 568 2396 636 ἀληθείας
2422 567 2831 623 ἀποπλανᾶται.

2217 659 2277 716 Ὀ
2314 660 2510 715 ΘΕΩΡ.
2553 660 2708 715 Ἐπεὶ
2729 660 2837 713 ἁπὸ
2868 659 2976 711 τῶν
3006 659 3226 730 βιϐλίων
3263 660 3358 714 τοῦ
3409 661 3724 732 Ἀριστοτέ-

454 751 732 819 disputare
785 751 1022 817 volebas,
1060 765 1164 806 non
1202 765 1266 805 ex
1297 765 1484 803 norma
1519 752 1800 805 doctorum
1843 752 2036 805 Eccle-

2154 768 2262 815 touc;
2287 753 2398 825 (57)
2447 752 2719 823 ἠθέλησας
2750 751 3125 823 διαλεχθῆναι,
3179 754 3275 806 καὶ
3302 753 3425 823 οὐχὶ
3476 754 3586 806 ἀπὸ
3610 753 3724 806 τῶν

452 844 569 906 site,
601 844 797 897 merito
830 858 932 912 ego
964 853 1143 897 tecum
1172 841 1318 896 nolui
1346 842 1412 895 de
1453 841 1556 897 [ide
1592 841 2033 897 Christianorum

2154 843 2473 898 Βιδασκὰλων
2498 842 2596 911 τῆς
2628 841 2978 909 Ἐκκλησίας,
3004 842 3244 910 εὐλόγως
3276 843 3376 896 οὐκ
3406 841 3721 913 ὴόουλήθην

453 936 747 990 disserere.
768 934 903 989 Nam
922 934 989 991 de
1008 935 1123 990 luto
1147 942 1479 1006 unguentum
1507 934 1737 1001 hauriri,
1757 949 2036 1005 nunquam

458 1038 543 1084 est
573 1030 844 1086 auditum.

530 1219 785 1275 THEOD.
826 1219 907 1274 An
964 1230 1017 1274 tu
1051 1219 1250 1286 nescis,
1302 1217 1560 1275 Ecclesiae
1585 1218 1860 1289 principes
1892 1219 2040 1274 viros

460 1312 763 1366 doctrinam
817 1312 885 1366 ab
936 1312 1168 1367 ethnicis
1216 1313 1553 1383 sapientibus
1603 1313 1891 1379 hausisse;
1944 1326 2039 1367 eos

461 1416 642 1459 autem
693 1405 759 1460 de
808 1404 1009 1459 nostris
1049 1404 1278 1471 sanctis,
1324 1405 1416 1476 qui
1446 1404 1748 1474 disciplinis
1791 1403 2040 1459 ethnico-

464 1510 583 1548 rum
621 1509 726 1549 non
757 1494 976 1550 fuerunt
1012 1496 1284 1561 instructi,
1338 1497 1537 1552 idiotas
1567 1511 1687 1551 esse
1715 1506 1879 1567 atque
1907 1496 2041 1552 illit-

466 1587 697 1642 teratos'l
751 1586 905 1642 Nunc
949 1588 1043 1643 tibi
1103 1598 1308 1655 repeto,
1360 1587 1506 1657 quod
1552 1598 1663 1644 tum
1692 1589 1836 1654 dixi;
1899 1589 1943 1645 si
1973 1602 2042 1644 ex

465 1693 653 1732 norma
714 1678 1018 1749 sapientum
1091 1680 1437 1734 ethnicorum
1514 1694 1723 1734 mecum
1783 1680 2041 1750 congredi

440 1772 566 1833 .vis,
596 1780 815 1840 paratus
840 1787 957 1826 sunt
989 1772 1366 1826 demonstrare
1403 1772 1596 1841 dogma
1632 1771 1892 1842 Syrorum
1922 1787 2042 1828 esse
2072 1813 2116 1869 Β

464 1863 850 1918 ortltodoxutn.
906 1862 1001 1917 Sin
1041 1864 1241 1930 minus,
1269 1878 1370 1934 ego
1413 1872 1589 1918 tecum
1636 1863 1863 1920 verbum
1896 1878 2045 1920 com-

466 1961 677 2006 mutare
708 1968 815 2006 non
841 1954 1039 2021 patior.

535 2042 791 2099 TllEOR.
821 2043 877 2099 Si
909 2046 975 2099 de
1004 2043 1110 2099 alio
1132 2046 1326 2115 quovis
1359 2046 1640 2117 praposito
1691 2060 1904 2101 mecum
1962 2046 2047 2103 vis

466 2135 743 2203 disputare
803 2150 869 2189 ex
940 2135 1288 2192 ethnicorum
1341 2153 1527 2192 norma
1558 2138 1904 2207 sapientium,
1935 2154 2046 2194 non

468 2242 690 2295 recuso;
754 2244 944 2283 verum
991 2230 1269 2284 enimvero
1295 2231 1361 2284 de
1428 2230 1862 2287 Christianorum
1919 2234 2049 2299 tide,

468 2321 571 2374 nisi
618 2322 917 2375 secundum
980 2322 1326 2377 deﬁnitiones
1363 2322 1734 2393 theologorum
1767 2323 2045 2392 Ecclesitc,

467 2420 781 2466 sanctorum
838 2393 1247 2481 apostolorum,
1312 2414 1488 2467 sancti
1555 2411 1796 2483 Dionysii
1881 2414 2050 2469 Areo-

469 2503 687 2572 pagitze,
732 2503 908 2558 sancti
944 2503 1252 2571 Athanasii,
1282 2513 1593 2559 sanctorum
1638 2505 2046 2574 Gregoriorum,

471 2594 651 2659 magni
707 2593 929 2657 Basilii,
979 2603 1142 2664 atque
1199 2594 1568 2662 reliquorum,
1632 2596 2049 2665 disputationem

473 2684 756 2740 instituere
817 2686 935 2751 vis',
1019 2702 1088 2742 ne
1140 2701 1240 2757 ego
1301 2687 1518 2756 quidem
1591 2690 1810 2744 verbum
1874 2700 2051 2745 tecum

470 2776 842 2830 commutabo.
870 2775 1023 2843 Quod
1049 2778 1093 2832 si
1139 2785 1196 2832 tu
1226 2779 1361 2833 adeo
1388 2778 1742 2848 philosonhiae
1776 2790 1881 2835 tua:
1906 2796 2053 2835 con-

472 2867 621 2933 ﬁdis,
670 2868 988 2925 deliniamus
1022 2870 1073 2924 in
1119 2870 1313 2941 primis
1368 2880 1599 2939 quatuor
1637 2873 1770 2938 haec,
1801 2874 2055 2928 substan-

472 2959 629 3025 tiam,
690 2970 965 3025 naturam,
1009 2960 1387 3032 hypostasim,
1436 2972 1489 3016 et
1544 2977 1851 3031 personam,
1900 2962 2055 3031 juxta

473 3053 629 3107 divos
655 3051 881 3119 Patres;
918 3062 1082 3122 atque
1106 3053 1205 3109 has
1230 3053 1582 3109 deﬁnitiones
1605 3070 1701 3109 ceu
1730 3056 2057 3124 propositio-

474 3161 604 3200 num
665 3147 925 3201 terminos
969 3162 1237 3216 ponamus

474 3252 686 3291 morum
740 3253 975 3309 pugnam
1002 3253 1069 3294 ex
1098 3254 1290 3295 norma
1334 3239 1674 3296 ethnicorum
1726 3239 2054 3310 sapientium

475 3343 854 3387 conseremus.

545 3429 803 3490 TllEOD.
842 3432 968 3488 llaec
1006 3432 1119 3504 ipsa
1151 3443 1405 3503 quatuor,
1455 3448 1576 3505 qua:
1617 3433 1777 3500 dicis,
1829 3432 2056 3503 intelligi

477 3538 507 3577 a
540 3540 625 3579 me
657 3539 879 3580 necesse
904 3533 990 3580 est
1043 3541 1109 3581 ex
1157 3540 1349 3581 eorum
1398 3527 1737 3582 etlmicornm
1785 3527 2058 3582 sententia

476 3613 568 3682 qui
600 3613 926 3669 invenerunt
968 3631 982 3668 :
1016 3630 1250 3686 pugnam
1286 3617 1412 3670 item
1440 3616 1875 3688 syllogismorum
1902 3617 2057 3686 juxta

477 3705 697 3758 eosdem
726 3706 864 3759 ﬁeri.

556 3794 815 3852 TllEOR.
867 3796 982 3851 Nisi
1044 3797 1386 3853 ethnicorum
1465 3797 1695 3871 theologi
1753 3812 1783 3852 a
1860 3800 2059 3856 nostris

480 3886 781 3952 diﬂ'errent,
823 3896 914 3941 tuo
957 3887 1079 3955 jure
1135 3888 1187 3943 id
1222 3888 1428 3944 faceres
1459 3906 1472 3943 :
1508 3891 1601 3945 sed
1654 3890 1781 3959 quia
1823 3894 2058 3946 maxima

483 3980 820 4034 dissonantia
876 3980 1019 4035 inter
1050 3980 1170 4036 illos
1223 3992 1547 4051 nostrosque
1592 3994 1697 4050 est,
1757 3998 1862 4038 non
1896 3985 2060 4041 debes

481 4068 553 4123 ita
616 4079 668 4127 te
731 4085 940 4139 gerere.
991 4069 1127 4125 Nam
1180 4081 1234 4127 et
1277 4070 1517 4128 Joannes
1546 4071 1883 4143 Philoponus
1931 4078 2057 4130 dtttu

479 4167 739 4238 profanos
798 4171 1080 4237 sequitur,
1166 4170 1335 4225 veluti
1393 4171 1635 4227 tritheita
1693 4174 1759 4227 de
1814 4173 2056 4229 Ecclesia

479 4260 665 4328 pulsus
715 4271 818 4314 est.
855 4260 994 4316 Tum
1040 4271 1094 4316 et
1129 4259 1220 4317 alii
1251 4262 1403 4317 multi
1434 4264 1502 4317 ob
1534 4265 1674 4320 hanc
1721 4266 1893 4335 ipsam
1926 4282 2058 4321 cau-

480 4366 597 4405 sam
648 4367 677 4405 a
739 4353 841 4407 title
886 4353 1305 4412 aberraverunt.
1355 4355 1531 4411 Veluti
1577 4357 1769 4413 scribit
1829 4374 2059 4428 magnus

481 4459 696 4513 quoquo
776 4443 971 4499 Paulus
1051 4446 1116 4498 ad
1172 4444 1515 4501 Timotheum
1577 4463 1596 4501 :
1678 4447 2050 4514 0Timotltee,

477 4530 773 4595 depositum
826 4531 1055 4597 custodi,
1089 4534 1323 4587 devitans
1366 4535 1620 4605 pip/bitas
1679 4553 1861 4592 vocum
1909 4540 2055 4593 novi-

481 4631 636 4687 tates,
698 4631 747 4676 et
775 4626 1127 4691 oppositiones
1157 4626 1284 4695 fulsi
1334 4630 1563 4682 nominis
1605 4630 1861 4694 scirntim,
1896 4649 2056 4703 quam

476 4712 698 4781 quidam
730 4716 1091 4783 promittentes
1114 4716 1259 4771 circa
1298 4717 1783 4785 ﬁdemexciderunt
1809 4725 1877 4779 ³⁸.

557 4898 653 4956 llis
707 4900 886 4966 dictis,
921 4884 1233 4958 monacbus‘
1269 4903 1588 4963 Theodorus
1636 4907 1910 4964 discessit.
1956 4907 2057 4963 Po;-

482 5003 632 5045 stcro
688 5003 867 5048 autem
911 4994 998 5049 die
1048 4997 1197 5051 venit
1224 4996 1369 5052 Elias
1392 4997 1641 5055 Cessunii
1672 5001 1964 5072 episcopus
1990 5003 2056 5057 ad

481 5083 775 5140 Theoriani
822 5086 1115 5158 hospitium
1142 5128 1158 5155 ,
1192 5099 1246 5144 et
1289 5092 1410 5144 ait:
1459 5091 1625 5146 Miror
1671 5108 1772 5148 cur
1820 5094 2058 5150 nolueris

482 5191 605 5230 cum
651 5180 973 5248 philosopho
1020 5190 1213 5236 nostro
1261 5181 1562 5252 disputare,
1623 5184 1715 5237 sed
1750 5186 2058 5253 expaveris;

484 5270 539 5325 in
597 5270 983 5328 Armeniorum
1025 5282 1206 5327 autem
1270 5272 1479 5344 synodo
1544 5282 1753 5329 tantum
1782 5274 2059 5331 hominum

544 5382 590 5415 ⁸⁸
631 5384 651 5436 1
686 5383 829 5438 Tim.
872 5399 948 5450 Vl,
986 5382 1079 5441 20.

557 5476 671 5545 ('57)
704 5475 961 5553 Jacobita:
992 5478 1133 5553 hunc
1165 5494 1370 5541 morem
1403 5495 1431 5535 a
1482 5482 1683 5553 Severo
1716 5495 1940 5553 parente
1970 5499 2064 5537 ac-

483 5547 873 5619 ceperant,_de
911 5563 1018 5616 quo
1052 5550 1326 5619 Nyssenus
1361 5552 1415 5605 in
1462 5552 1550 5606 illa
1591 5547 1797 5617 assuta,
1832 5566 1891 5609 ut
1922 5556 2065 5608 dixi-

493 5631 625 5694 mus
662 5632 717 5685 p.
784 5617 874 5694 7l_.
911 5617 1245 5694 catecltietici
1281 5622 1523 5676 clausula
1567 5623 1680 5677 ait:
1714 5620 1867 5687 οὗτος
1910 5626 2063 5694 παρὰ

494 5685 721 5758 Σεϐήρῳ
754 5687 1045 5761 κράτιστος
1095 5688 1345 5761 θεολόγος
1391 5694 1737 5761 γνωρίζεται,
1780 5685 1934 5755 ὃςήᾶν
1966 5685 2065 5755 τας

498 5758 835 5830 κατηγορίας
861 5758 1294 5830 Ἀριστοτέλους,
1349 5758 1443 5817 καὶ
1493 5758 1560 5815 ’ἑὰ
1611 5764 1772 5816 λοιπᾶ
1822 5766 1931 5816 τῶν
1962 5765 2065 5830 ἔξω

500 5826 811 5898 φιλοσόφων
862 5826 1046 5898 κομψὰ
1093 5828 1405 5905 ἠσκημένος
1460 5834 1762 5904 τυγχάνοι·
1815 5834 1871 5891 Is
1925 5826 2066 5906 apud

2138 939 2268 1008 περὶ
2299 935 2399 1006 τῆς
2430 936 2667 997 πίστεως
2687 934 2799 987 τῶν
2823 934 3170 1005 Χριστιανῶν
3223 936 3362 1004 μετὰ
3403 934 3498 987 σοῦ
3526 951 3722 987 συντυ-

2138 1030 2254 1098 χεῖν
2273 1042 2287 1057 ⁸
2319 1027 2384 1080 ὲκ
2412 1026 2523 1098 γὰρ
2551 1024 2814 1098 βορϐόρου
2832 1024 3006 1097 μύρον
3028 1025 3240 1080 ἀντλεῖν
3268 1025 3527 1079 οὐδέποτε
3555 1025 3726 1096 ἠκού-

2141 1120 2266 1190 σθη.

2210 1213 2403 1268 ΘΕΟΔ.
2438 1214 2553 1267 Οὐκ
2573 1207 2718 1274 οἶδας
2745 1212 2827 1266 ὅτι
2857 1213 2908 1266 οί
2930 1213 3029 1281 τῆς
3070 1212 3395 1284 Ἐκκλησίας
3429 1212 3727 1283 φωστῆρες

2140 1306 2239 1377 τὴν
2270 1308 2470 1375 γνῶσιν
2503 1305 2609 1360 ἀπὸ
2639 1306 2748 1359 τῶν
2771 1304 2876 1371 ἔξω
2906 1303 3087 1374 σοφῶν
3127 1305 3565 1374 ἑκαρπώσαντος
3625 1303 3728 1356 καὶ

2141 1401 2256 1455 ὅσοι
2284 1400 2392 1454 τῶν
2422 1399 2595 1466 ἁγίων
2642 1398 2743 1469 τῆς
2791 1399 3107 1470 ἐπιστήμης
3138 1397 3239 1466 τῆς
3280 1396 3385 1461 ἔξω
3434 1397 3536 1450 οὐκ
3563 1399 3729 1451 ἐπαι-

2141 1493 2431 1561 δεύθησαν,
2458 1490 2663 1545 ίδιῶταί
2690 1492 2798 1545 είσι
2818 1491 2915 1545 καὶ
2953 1490 3346 1560 ἁγρὰμματοις
3386 1487 3502 1541 Νῦν
3530 1488 3586 1540 δὲ
3617 1489 3731 1541 πά-

2142 1587 2227 1641 λιν
2255 1584 2398 1653 λέγω
2429 1602 2513 1639 σοι
2557 1584 2586 1638 ὃ
2613 1584 2709 1639 καὶ
2739 1584 2862 1638 τότε
2890 1577 3068 1649 εἷπον,
3116 1584 3167 1636 si
3204 1582 3303 1652 μὲν
3341 1582 3450 1635 ἀπὸ
3480 1581 3590 1633 τῶν
3619 1581 3733 1645 ἔξω

2145 1679 2323 1748 σοφῶν
2350 1678 2478 1748 αἱρῇ
2514 1675 2633 1747 μεθ’
2663 1675 2822 1747 ἡμῶν
2854 1676 3156 1746 συντυχεῖν,
3206 1673 3428 1744 ἕτοιμός
3460 1674 3579 1743 είμι
3618 1673 3734 1725 δεῖ·

2145 1771 2233 1838 ξαι
2265 1772 2432 1825 ὅτιτὸ
2464 1770 2640 1839 δόγμα
2673 1768 2784 1823 τῶν
2813 1768 3003 1839 Σύρων
3033 1766 3318 1837 όρθόδοξόν
3359 1767 3512 1819 ἐστιν
3532 1781 3546 1798 ο
3582 1765 3634 1819 εί
3668 1763 3736 1818 δὲ

2152 1865 2248 1937 μὴ,
2283 1864 2498 1929 οὐδενὸς
2522 1861 2659 1929 ἀξιῶ
2691 1878 2752 1915 σε
2791 1861 2977 1931 λόγου.

2232 2044 2292 2095 '0
2312 2039 2506 2096 ΘΕΩΡ.
2534 2039 2663 2093 Ἐὰν
2691 2036 2852 2111 θέλῃς
2886 2038 3017 2107 περὶ
3049 2034 3217 2107 ἄλλης
3248 2036 3395 2099 τινὸς
3414 2033 3735 2099 ὑποθέσεως

2152 2130 2273 2202 μεθ’
2304 2131 2461 2202 ἡμῶν
2490 2128 2838 2199 διαλεχθῆναι
2874 2128 2982 2181 ἀπὸ
3006 2127 3116 2179 τῶν
3142 2126 3246 2193 ἔξω
3278 2125 3479 2195 σοφῶν,
3510 2124 3737 2193 ἕτοιμός

2149 2226 2265 2292 εἰμι
2286 2238 2301 2254 ο
2359 2222 2487 2295 ’περὶ⁵
2521 2222 2578 2275 δὲ
2611 2223 2710 2292 τῆς
2739 2221 2975 2284 πίστεως
3001 2220 3110 2275 τῶν
3143 2219 3513 2291 Χριστιανῶν,
3548 2219 3597 2271 εί
3652 2219 3735 2290 μὴ

2152 2316 2290 2371 κατὰ
2311 2315 2439 2379 τοὺς
2470 2317 2631 2386 ὅρους
2659 2313 2771 2368 τῶν
2802 2314 3071 2382 θεολόγων
3107 2314 3206 2384 τῆς
3247 2313 3597 2382 Ἐκκλησίας,
3618 2312 3735 2366 τῶν

2153 2410 2323 2477 ἁγίων
2354 2409 2689 2471 ἀποστόλων,
2712 2407 2806 2461 τοῦ
2842 2407 2997 2475 ἁγίου
3031 2406 3309 2460 Διονυσίου
3337 2404 3431 2459 τοῦ
3463 2406 3737 2475 Ἀρεοπα-

2152 2502 2328 2573 γίτου,
2350 2500 2445 2555 τοῦ
2471 2501 2630 2570 ἁγίου
2670 2498 3010 2564 Ἀθανασίου,
3054 2498 3164 2551 τῶν
3194 2498 3364 2563 ἁγίων
3391 2498 3735 2568 Γρηγορίων,

2152 2594 2247 2650 τοῦ
2287 2594 2525 2663 μεγάλου
2556 2591 2864 2655 Βασιλείου,
2903 2592 2999 2644 καὶ
3029 2590 3139 2644 τῶν
3162 2590 3392 2653 λοιπῶν,
3418 2590 3519 2659 τὴν
3552 2589 3737 2643 διάλε-

2156 2690 2236 2756 ξιν
2265 2688 2471 2753 ἐθέλεις
2498 2688 2779 2757 γενέσθαι,
2822 2686 2932 2740 οὐδ’
2960 2686 3071 2753 ἐγώ
3121 2703 3180 2740 σι
3211 2684 3348 2750 ἀξιῶ
3390 2684 3549 2752 λόγου
3579 2684 3732 2738 ποτέ.

2157 2786 2218 2837 Ei
2243 2784 2300 2837 δὲ
2337 2781 2592 2837 τοσοῦτον
2625 2782 2852 2852 θαρρεῖς
2886 2783 2951 2851 τῇ
2982 2780 3273 2850 φιλοσοφίᾳ
3309 2795 3426 2843 σου,
3458 2776 3739 2849 ὁρισώμε-

2155 2876 2224 2931 θα
2251 2876 2429 2931 ταῦτα
2461 2874 2680 2947 πρῶτον
2713 2876 2783 2929 τὰ
2815 2875 3084 2944 τέσσαρα,
3119 2875 3219 2941 τὴν
3271 2872 3484 2934 οὐσίαν,
3513 2873 3610 2941 τὴν
3633 2868 3744 2938 φύ-

2158 2985 2242 3022 σιν
2283 2967 2419 3036 (58),
2450 2967 2551 3039 τὴν
2606 2966 2934 3030 ὑπόστασιν,
2991 2969 3090 3019 καὶ
3138 2965 3198 3019 τὸ
3237 2965 3556 3036 πρόσωπον,
3592 2962 3741 3017 κατὰ

2156 3061 2282 3124 τοὺς
2320 3060 2499 3123 θείους
2534 3060 2806 3128 Πατέρας,
2864 3058 2961 3112 καὶ
2995 3056 3179 3127 θῶμεν
3224 3057 3401 3111 ταῦτα
3447 3056 3522 3119 ὡς
3574 3056 3742 3127 ὅρους

1286 3163 1301 3201 :
1352 3155 1480 3202 tunc
1540 3136 1756 3202 demum
1809 3147 2054 3217 syllogis-

2160 3153 2514 3223 προτάσεων,
2552 3152 2648 3205 καὶ
2678 3152 2802 3204 τότε
2855 3153 2957 3221 τὴν
3022 3149 3343 3221 συμπλοκὴν
3385 3148 3496 3203 τῶν
3549 3149 3743 3202 συλλο-

2154 3245 2375 3316 γισμῶν
2414 3243 2556 3298 κατὰ
2578 3243 2707 3307 τοὺς
2747 3242 2853 3308 ἔξω
2877 3242 3077 3313 σοφοὺς
3107 3241 3469 3313 ποιησόμεθα.

2227 3428 2420 3481 θΕΟΔ.
2453 3425 2605 3480 Αὺτὰ
2628 3426 2697 3479 τὰ
2727 3424 2973 3495 τέσσαρα
3003 3423 3039 3479 ἁ
3068 3424 3247 3493 λέγεις
3265 3424 3468 3493 ὀφείλω
3496 3426 3635 3479 νοεῖν
3662 3424 3745 3489 ὡς

2156 3520 2526 3588 οίὲφευρεταὶ
2573 3517 2757 3571 αὐτῶν
2817 3520 2867 3571 ot
2926 3516 3032 3582 ἔξω
3084 3516 3275 3586 σοφοίο
3329 3512 3450 3570 εἶτα
3509 3519 3606 3571 καὶ⁵
3637 3520 3742 3589 τὴν

2161 3613 2485 3682 συμπλοκὴν
2515 3610 2637 3664 κατ’
2687 3610 2884 3673 αὐτοὺς
2917 3607 3162 3671 ἐκείνους
3190 3610 3366 3662 ποιεῖν
3389 3608 3496 3664 τῶν
3549 3609 3743 3663 συλλο-

2160 3708 2399 3777 γισμῶν.

2241 3801 2303 3853 Ὀ
2318 3800 2514 3855 ΘΕΩΡ.
2544 3799 2607 3851 Εἰ
2642 3798 2717 3869 μὴ
2743 3797 3055 3868 διεφέροντο
3076 3799 3211 3869 πρὸς
3225 3799 3352 3862 τοὺς
3373 3796 3478 3862 ἔξω
3499 3799 3548 3852 οί
3568 3796 3750 3852 θεολόο

2160 3909 2249 3962 γοι
2280 3893 2459 3963 ἡμῶν,
2495 3890 2678 3954 καλῶς
2700 3890 2767 3944 ἂν
2807 3890 2967 3944 τοῦτο
2992 3890 3259 3962 ἐποίησας
3283 3907 3299 3923 ⁸
3335 3890 3460 3943 ἐπεὶ
3495 3891 3553 3944 δὲ
3580 3891 3747 3961 μεγί-

2160 4003 2261 4056 στη
2313 3985 2583 4055 διαφωνία
2623 3984 2791 4055 μέσον
2845 3983 3052 4037 τούτων
3107 3982 3378 4038 κάκείνων
3419 3985 3589 4049 ἐστὶν,
3639 3986 3745 4039 οὐκ

2160 4080 2397 4150 ὀφείλεις
2423 4079 2586 4134 τοῦτο
2626 4078 2886 4147 ποιῆσαι·
2919 4076 3144 4147 καὶγὰρ
3175 4080 3203 4131 ό
3233 4077 3521 4146 φιλόπονος
3562 4076 3748 4131 Ἰωάν-

2160 4188 2279 4242 νης,
2303 4172 2417 4233 τοῖς
2446 4169 2552 4235 ἔξω
2588 4167 2990 4238 ἀκολουθήσας,
3041 4168 3119 4232 ὡς
3166 4168 3447 4239 τριθεῖτης
3482 4169 3583 4236 τῆς
3623 4169 3748 4222 Ἐκ-

2160 4262 2393 4333 κλησίας
2419 4261 2768 4332 ἑκϐέὸληται.
2802 4260 2962 4314 Ἀλλὰ
2986 4261 3082 4313 καὶ
3113 4260 3265 4316 ἄλλοι
3301 4261 3490 4315 πολλοὶ
3514 4262 3581 4315 δι’
3609 4262 3746 4316 αὐτὸ

2159 4340 2341 4410 τοῦτο’
2365 4353 2494 4424 περὶ
2546 4352 2647 4423 τὴν
2681 4352 2868 4406 πίστιν
2915 4352 3227 4423 ἠστόχησαν
3255 4370 3270 4385 ο
3327 4353 3405 4417 ῶς
3436 4372 3537 4407 που
3571 4356 3665 4413 καὶ
3716 4355 3747 4407 ό

2165 4447 2336 4517 μέγας
2370 4444 2581 4508 Παῦλος
2618 4445 2753 4515 πρὸς
2776 4444 3043 4513 Τιμόθεον
3072 4445 3303 4513 γράφων
3334 4446 3522 4515 φησιν’
3541 4442 3615 4499 Ὦ
3654 4445 3748 4499 Τι’-

2157 4540 2357 4610 μόθεε,
2379 4538 2495 4605 τὴν
2524 4534 3033 4605 παρακαταθήκην
3060 4536 3360 4606 φύλαξον,
3389 4538 3745 4607 ἐκτρεπόμε-

2162 4648 2271 4698 νος
2299 4631 2406 4697 τὰς
2436 4630 2745 4696 ,ϐεϐήλους
2769 4630 3169 4697 καινοφωνίας
3217 4629 3355 4701 [οοά.
3393 4630 3608 4701 ﬁat/019.]
3647 4632 3746 4683 καὶ

2165 4723 2498 4787 ἀντιθέσεις
2547 4720 2658 4790 τῆς
2703 4721 3103 4791 ψευδωνύμου
3133 4721 3426 4790 γνώσεως,
3477 4722 3560 4790 ἦν
3588 4740 3748 4789 τινες

2165 4816 2693 4885 ἐπαγγελλόμενοι,
2737 4815 2873 4880 περὶ
2905 4812 3020 4883 τὴν
3044 4815 3256 4868 πίστιν
3291 4815 3671 4883 ἠστόχησαν.

2227 4909 2449 4962 Τούτων
2471 4907 2614 4962 οὕτω
2647 4907 2945 4979 ῥηθέντων,
2973 4907 3002 4959 ό
3045 4906 3280 4977 μοναχὺς
3308 4906 3585 4975 Θεόδωρος
3615 4907 3745 4959 ἁνε-

2156 4998 2396 5071 χώρησε.
2425 4999 2505 5070 Τῇ
2536 4998 2593 5053 δὲ
2628 4997 2894 5069 ἐπαύριον
2927 4992 3092 5069 ἦλθεν
3125 4996 3316 5060 Ἠλίας
3363 4997 3393 5049 ό
3444 4997 3747 5057 ἐπίσκοπος

2159 5091 2611 5161 Κεσσουνίουιείς
2646 5093 2708 5144 τὸ
2765 5090 3061 5161 κατάλυμα
3114 5090 3210 5142 τοῦ
3255 5089 3594 5161 θεωριανοῦ,
3649 5088 3745 5142 καί

2160 5201 2295 5255 φησι
2324 5184 2465 5254 πρὸς
2507 5184 2699 5240 αὐτόν·
2735 5182 3017 5251 Θαυμάζω
3045 5181 3162 5247 πῶς
3185 5181 3289 5235 οὐκ
3321 5182 3596 5253 ἠθέλησας
3624 5181 3748 5234 δια·

2159 5276 2420 5347 λεχθῆναι
2449 5277 2589 5347 μετὰ
2638 5274 2735 5330 τοῦ
2775 5274 3049 5346 ἡμετέρου
3095 5273 3418 5343 φιλοσόφου,
3454 5273 3574 5326 ἁλλ’
3603 5274 3746 5326 ἐδει-

2166 5484 2416 5541 Severum
2465 5482 2693 5555 Optimus
2723 5481 3030 5555 agnoscitur
3069 5481 3352 5553 theologus,
3387 5484 3477 5555 qni
3524 5483 3576 5536 in
3608 5498 3751 5549 prae.

2165 5554 2475 5609 dicantentis
2506 5553 2802 5606 Aristotelis
2850 5552 3158 5621 cmterisque
3203 5552 3534 5607 ethnicorum
3576 5555 3750 5620 philo-

2166 5631 2449 5693 sophorum
2482 5623 2787 5692 pompaticis
2815 5620 3106 5693 disciplinis
3134 5623 3451 5678 exercitatus
3493 5623 3675 5690 fuerit.

2242 5696 2354 5761 (58)
2397 5692 2595 5749 Recole
2628 5691 3030 5746 adnotationem
3084 5708 3138 5761 p.
3176 5693 3303 5755 588.
3337 5694 3429 5747 ubi
3484 5694 3749 5748 Theoriao

2171 5781 2274 5819 nus
2328 5765 2523 5817 dicitur
2583 5762 3122 5833 disputavissectttn
3159 5761 3297 5833 Syro
3351 5762 3637 5817 Theodoro
3681 5767 3748 5820 de

2171 5834 2473 5893 substantia
2503 5841 2559 5890 et
2599 5842 2813 5899 natura,
2848 5846 2913 5887 ex
2947 5832 3594 5890 doctriua’Aristotclica.
