4096 6396
310 286 426 350 ΞΒῦ

1701 276 2169 341 DISPU'I‘ATIO
2213 278 2302 339 Π.

3503 288 3612 359 230

299 404 529 472 λίασας,
561 402 643 466 εἰς
676 401 734 455 δὲ
759 400 860 473 τὴν
891 397 1112 453 σύνοδον
1140 396 1252 453 τῶν
1310 396 1617 469 ’Δρμενίων
1648 395 1905 450 τοσοῦτον

2023 413 2299 454 :tuntcrum
2322 413 2427 454 non
2448 398 2718 456 timueris.
2747 399 2900 458 Scito
2920 411 3125 469 autem,
3148 404 3296 461 nullo
3315 404 3368 461 in
3407 425 3514 481 μοι)
3536 412 3612 466 ilo

299 498 520 569 πλῆθος
539 496 641 550 οὐκ
667 494 995 556 ὲδειλίασας.
1029 492 1271 546 Γίνωσκε
1324 490 1381 545 δὲ
1420 491 1503 542 ὅτι
1534 489 1715 542 οὐδενὶ
1760 488 1907 542 ἔθνει

302 588 460 643 οὕτω
520 586 684 657 σοφία
715 582 1135 657 ὲμπολιτεύεται
1169 581 1266 638 νῦν
1315 583 1375 635 ὲν
1427 584 1543 645 τοῖς
1574 580 1698 634 καθ’
1754 582 1905 650 ἡμᾶς

301 678 550 750 χρόνοις,
585 679 663 741 ὡς
701 679 761 732 ἐν
795 678 872 744 τῷ
903 675 1047 730 ἔθνει
1098 675 1208 728 τῶν
1246 674 1459 745 Σύρων.
1510 672 1609 725 Διὰ
1647 671 1804 725 τοῦτο
1839 672 1900 724 ού

2016 497 2221 542 tantam
2247 503 2366 543 esse
2388 489 2648 544 hodierna
2672 500 2832 545 astate
2860 495 3207 562 sapientiam,
3237 509 3436 565 quanta
3466 503 3608 571 apud

2015 579 2184 649 Syros
2203 591 2472 634 versatur.
2494 578 2671 648 Quare
2694 596 2798 637 non
2823 586 3060 652 patimur
3077 586 3183 641 alia
3203 590 3414 647 ratione
3433 593 3614 665 dispu-

2013 682 2151 729 tare.
2171 673 2440 729 Prmterea
2460 675 2602 730 scito
2620 673 2969 730 Theodorum
2992 675 3143 731 illum
3168 695 3347 735 meum
3367 698 3487 738 esse
3507 686 3615 740 dis-

305 768 742 842 παραδεχόμεθα
776 768 952 831 ἄλλως
1002 766 1372 836 διαλέγεσθαι.
1408 766 1652 819 Γίνωσκε
1707 765 1764 818 δὲ
1803 766 1900 819 καὶ

2023 766 2242 834 :iputum
2295 767 2386 836 qui
2420 776 2608 839 utpote
2633 768 2956 824 adolescens
3014 769 3195 824 adhuc
3252 760 3377 828 avet
3431 783 3611 832 tecum

307 864 497 927 τοῦτο,
532 864 615 915 δτι
647 863 676 915 ὁ
714 862 994 933 Θεόδωρος
1048 862 1180 931 ὲμὺς
1232 859 1483 929 μαθητής
1520 861 1660 923 ἐστι,
1716 860 1811 912 καὶ
1839 857 1916 922 ὼς

310 960 442 1022 νέος
480 957 560 1011 ἔτι
581 957 739 1027 ζητεῖ
767 958 905 1028 πρὸς
934 958 1027 1011 τὸν
1055 955 1567 1026 διαλεχθησόμενον.

406 1051 466 1105 ’0
495 1050 695 1105 θΕΩΡ.
726 1051 991 1118 Γίνωσκε,
1017 1050 1279 1118 δέσποτα,
1309 1050 1393 1102 ὅτι
1437 1049 1487 1100 οἱ
1525 1048 1794 1118 Ῥωμαῖοι
1827 1048 1908 1110 είς

318 1146 423 1215 μὲν
446 1145 516 1198 τὰ
537 1143 674 1196 ἄλλα
699 1142 1099 1215 ἀνδρικώτατοί
1130 1142 1293 1207 εἰσὶν,
1324 1142 1406 1203 εἰς
1429 1140 1487 1194 δὲ
1507 1140 1568 1193 τὸ
1594 1139 1910 1209 παραϐῆναι

314 1236 447 1303 ὅρια
466 1234 573 1286 τῶν
606 1232 781 1301 ἁγίων
832 1231 1093 1302 Πατέρων
1124 1231 1222 1286 καὶ
1244 1229 1453 1300 σφόδρα
1473 1227 1660 1282 δειλοί.

408 1326 468 1380 'O
504 1324 631 1379 ἝΠ.
656 1325 769 1379 Καὶ
814 1322 919 1377 ποῦ
949 1322 1254 1377 κεκώλυται
1322 1323 1388 1376 ἐκ
1428 1320 1539 1375 τῶν
1591 1320 1696 1388 ἔξω
1735 1318 1914 1390 σοφῶν

316 1418 461 1487 περὶ
492 1416 728 1480 πίστεως
752 1415 1103 1485 διαλέγεσθαι
1124 1433 1140 1483 ;

406 1510 467 1563 'U
484 1508 682 1563 ΘΕΩΡ.
720 1509 781 1563 '0
813 1508 955 1572 θεῖος
983 1507 1288 1580 Γρηγόριος
1309 1509 1369 1562 ὲν
1393 1506 1472 1577 τῷ
1495 1506 1629 1578 πρὸς
1651 1504 1916 1575 Εὐνόμιον

312 1602 471 1672 λόγῳ
502 1600 699 1671 φησιν’
762 1619 781 1654 ι
816 1600 989 1654 Βάλλε
1039 1617 1131 1672 μοι
1164 1601 1454 1664 Πλάτωνος
1481 1601 1580 1662 τὰς
1618 1598 1785 1661 ίδέας,
1821 1596 1919 1650 καὶ

311 1698 420 1757 τὰς
454 1693 980 1766 μετενσωματὼσεις
1014 1695 1110 1749 καὶ
1167 1693 1456 1763 περιόδους
1489 1692 1599 1746 τῶν
1628 1691 1918 1762 ἡμετέρων

311 1787 535 1858 ψυχῶν,
563 1788 658 1840 καὶ
693 1787 791 1849 τὰς
824 1786 1184 1856 ἀναμνήσεις,
1219 1785 1465 1847 καὶτοὺς
1490 1783 1553 1836 οὐ
1600 1781 1800 1844 καλοὺς
1830 1780 1920 1835 διὰ

311 1881 430 1935 τῶν
454 1880 642 1933 καλῶν
673 1879 945 1947 σωμάτων
975 1880 1068 1932 ἐπὶ
1094 1876 1274 1949 ψυχὴν
1305 1875 1538 1949 ἔρωτας,
1583 1874 1912 1944 Ἐπικούρου

312 1975 419 2044 τὴν
444 1974 638 2029 ἀθεῖαν
692 1975 787 2027 καὶ
822 1973 921 2037 τὰς
972 1972 1235 2043 ἀτόμους,
1285 1972 1382 2024 καὶ
1436 1970 1535 2042 τὴν
1591 1969 1922 2039 ἀφιλόσοφον

317 2067 543 2140 ἡδονὴν,
592 2067 1010 2137 Ἀριστοτέλους
1068 2066 1165 2136 τὴν
1224 2064 1592 2136 σμικρολόγον
1633 2063 1919 2132 πρόνοιαν,

318 2159 422 2213 καὶ
446 2159 509 2211 τὸ
537 2158 812 2227 ἔντεχνον,
850 2157 1100 2219 καὶτοὺς
1152 2155 1385 2225 θνητοὺς
1424 2154 1555 2225 περὶ
1605 2153 1785 2225 ψυχὴν
1829 2153 1920 2206 λό-

320 2267 480 2319 γους,
518 2250 616 2304 καὶ
640 2249 701 2302 τὸ
732 2248 1083 2320 ἀνθρωπικὸν
1113 2247 1224 2300 τῶν
1255 2246 1570 2316 δογμάτων.
1611 2263 1630 2298 ι
1672 2244 1860 2298 Ταῦτα
1892 2243 1921 2296 δ

320 2343 588 2413 θεολόγος
607 2345 739 2414 περὶ
764 2342 875 2395 τῶν
910 2340 1036 2406 ἔξω.
1061 2341 1144 2394 Τὰ
1161 2340 1219 2393 δὲ
1242 2342 1489 2409 ἡμέτερα
1517 2338 1662 2403 τίνα,
1680 2339 1774 2391 καὶ
1800 2336 1922 2400 πῶς

320 2436 619 2506 ὀφείλομεν
649 2433 1023 2502 διαλέγεσθαι,
1084 2431 1321 2487 ἄκουσον
1364 2429 1532 2484 αὐτοῦ
1571 2429 1827 2498 λέγοντος
1861 2431 1919 2481 ὲν

319 2531 401 2603 τῷ
423 2528 670 2600 δευτέρῳ
700 2525 969 2599 εἰρηνικῷ
991 2542 1004 2556 '
1044 2525 1259 2579 «Ταῦτα
1283 2523 1357 2588 ὡς
1381 2525 1437 2578 ὲν
1459 2522 1687 2595 βραχέσι
1715 2523 1921 2593 δογμα-

322 2624 499 2688 τικῶς
530 2623 647 2678 ἀλλ’
677 2622 781 2676 ούκ
824 2620 1210 2689 ἀντιλογικῶς,
1270 2617 1601 2681 ἁλιευτικῶς
1657 2615 1774 2670 ἀλλ’
1818 2617 1919 2668 οὐκ

322 2714 779 2788 ἀριστοτελικῶς,
808 2711 1286 2785 ὲκκλησιαστικῶς
1324 2710 1440 2766 ἀλλ’
1470 2711 1572 2763 οὐκ
1621 2709 1917 2780 ἀγοραίως,

324 2808 623 2879 ὠφελίμως
653 2805 772 2860 ἀλλ’
797 2807 898 2860 οὐκ
928 2803 1338 2867 ἐπιδεικτικῶς.
1381 2822 1401 2855 ι
1458 2804 1547 2856 Ἐν
1589 2802 1647 2855 δὲ
1672 2801 1751 2872 τῷ
1775 2801 1921 2871 λόγῳ

323 2897 406 2969 τῷ
442 2898 697 2966 περὶτῆς
729 2898 787 2950 ὲν
812 2897 930 2957 ταῖς
958 2894 1261 2960 διαλέξεσιν
1294 2892 1551 2958 εὐταξίας
1579 2892 1736 2963 φησί’
1778 2892 1921 2955 «Τὰς

326 2999 628 3069 Πύρρωνος
670 2998 975 3062 ὲνστὶσεις,
1010 2995 1045 3067 ἢ
1095 2993 1397 3065 ὲφέξεις,ἢ
1450 2993 1776 3058 ἀντιθέσεις,
1826 2992 1921 3045 καὶ

326 3093 442 3149 τῶν
478 3092 810 3163 Χρυσίππου
858 3089 1238 3160 συλλογισμῶν
1264 3090 1364 3152 τὰς
1413 3085 1713 3151 διαλύσεις,
1747 3086 1780 3157 ἦ
1809 3086 1921 3139 τῶν

2023 859 2324 927 disputare.

2088 1046 2346 1102 'l'llEOll.
2387 1047 2560 1115 Scito,
2614 1047 2855 1115 domine,
2910 1049 3185 1108 Romanos
3223 1063 3281 1108 ut
3317 1054 3383 1109 ad
3412 1067 3612 1112 caetera

2021 1150 2145 1194 sum
2178 1139 2553 1207 audacissimi,
2613 1141 2687 1195 ita
2739 1143 2806 1196 ad
2862 1144 3343 1213 transgredientlos
3395 1157 3613 1203 sancto-

2022 1250 2140 1289 rum
2172 1234 2394 1290 Patrum
2430 1237 2586 1303 ﬁnes,
2623 1236 2781 1293 valde
2807 1254 2928 1293 esse
2961 1238 3336 1295 meticulosos.

2091 1324 2306 1381 El‘lSC.
2341 1326 2441 1392 Qui
2477 1342 2641 1396 porro
2673 1335 2759 1383 cst
2800 1329 3048 1394 vetitum,
3080 1344 3146 1384 ex
3190 1345 3378 1385 norma
3426 1330 3613 1401 profa-

2017 1438 2212 1478 norum
2241 1424 2563 1491 sapientium
2596 1423 2661 1478 de
2701 1424 2805 1478 ﬁde
2829 1426 3146 1494 disputare?
3546 1422 3551 1433 ’

2098 1513 2359 1570 TllEOR.
2419 1516 2581 1570 Divus
2611 1515 2909 1586 Gmgorius
2960 1518 3012 1571 in
3070 1518 3318 1573 oratione
3354 1520 3617 1576 adversus

2022 1606 2355 1663 Eunomium
2391 1609 2469 1663 ait
2498 1625 2513 1663 :
2545 1609 2733 1676 Apage
2763 1609 2893 1663 mihi
2928 1607 3172 1666 Platonis
3203 1611 3376 1678 ideas,
3407 1613 3618 1666 animu-

2022 1716 2139 1755 rmn
2195 1709 2507 1756 nostrarum
2533 1702 2598 1755 ad
2633 1702 2736 1755 alia
2783 1717 3016 1771 corpora
3056 1704 3407 1760 transitiones
3431 1714 3482 1759 et
3522 1718 3618 1776 pe-

1952 1805 1993 1863 Β
2023 1792 2228 1858 riodos,
2270 1800 2325 1846 et
2361 1792 2831 1857 reminiscentias,
2869 1804 2922 1849 et
2953 1810 3057 1849 non
3089 1796 3346 1865 pulchros
3376 1812 3472 1867 per
3501 1796 3615 1867 pul-

2023 1883 2154 1939 chra
2186 1898 2415 1954 corpora
2444 1884 2498 1938 in
2533 1884 2773 1938 animam
2803 1886 3102 1941 subeuntes
3133 1901 3370 1953 amores,
3396 1886 3614 1957 Epicuri

2023 1974 2350 2029 atlteismum
2400 1985 2457 2029 et
2506 1985 2719 2030 atomos
2751 1985 2913 2046 atque
2964 1976 3238 2048 indignam
3289 1978 3617 2049 philosopho

2021 2065 2381 2135 voluptatem,
2418 2066 2733 2123 Aristotelis
2759 2084 2979 2123 avaram
3004 2068 3403 2138 providentiam
3436 2080 3491 2125 et
3524 2085 3617 2125 ar-

2023 2155 2332 2221 tiﬁciosam,
2368 2169 2421 2211 et
2462 2160 2724 2215 mortales
2770 2162 2836 2215 de
2863 2163 3043 2218 anima
3074 2174 3377 2228 sermones,
3423 2170 3479 2216 et
3511 2162 3612 2218 hn-

2024 2262 2238 2301 manam
2290 2238 2603 2320 dogmatqu
2661 2254 2952 2308 rationem.
2997 2271 3016 2305 ι
3057 2252 3184 2308 llam
3237 2254 3519 2325 theologus
3550 2256 3618 2309 de

2022 2341 2277 2396 ethnicis.
2338 2330 2545 2397 Nostra)
2587 2354 2767 2400 autem
2819 2360 2944 2416 quae
2991 2345 3135 2411 sint,
3175 2353 3232 2399 et
3286 2349 3636 2413 quonnnodo

2024 2433 2249 2487 tractari
2278 2432 2531 2499 debeant,
2557 2435 2683 2489 audi
2718 2439 2785 2488 ab
2815 2435 3055 2503 ejusdem
3090 2437 3271 2492 verbis
3296 2437 3347 2490 in
3375 2439 3618 2492 secundo

2023 2537 2276 2579 sermone
2335 2525 2401 2580 de
2451 2541 2632 2595 pace:
2671 2544 2691 2578 ι
2741 2525 2868 2603 llaec
2913 2528 3100 2598 paucis
3156 2529 3459 2598 dogmatice
3506 2543 3616 2584 non

2023 2615 2386 2683 comentiose,
2437 2617 2732 2685 piscatorio
2774 2635 2925 2674 more
2960 2626 3069 2675 non
3112 2619 3485 2686 Aristotelico,
3517 2620 3618 2674 Ec-

2023 2707 2203 2762 clesia:
2258 2723 2363 2763 non
2402 2707 2508 2763 fori
2551 2712 2716 2782 stylo,
2755 2712 2964 2766 utiliter
2986 2727 3094 2767 non
3140 2714 3466 2783 pompatice.
3503 2731 3522 2764 ι
3559 2711 3615 2766 In

2024 2814 2278 2856 sermone
2321 2811 2501 2856 autem
2542 2804 2609 2857 de
2642 2805 3022 2860 moderatione
3074 2805 3127 2858 in
3157 2805 3618 2874 diSputatiunibus

2025 2891 2293 2946 servanda
2337 2892 2456 2949 ait:
2495 2911 2515 2945 ι
2562 2891 2866 2965 Pyrrhonis
2897 2894 3267 2965 oppositiones
3296 2904 3390 2950 aut
3421 2910 3615 2950 assen-

2025 2981 2191 3037 tiendi
2267 2985 2601 3040 retentiones
2651 3001 2715 3039 ac
2768 2986 3173 3055 oppositiones,
3225 2998 3281 3041 et
3327 2986 3616 3058 Chrysippi

2024 3074 2462 3144 syllogismorum
2498 3077 2817 3144 solutiones,
2846 3087 2941 3133 aut
2980 3079 3341 3134 Aristotelicas
3364 3080 3497 3133 artis
3523 3095 3615 3132 ar-

343 3151 758 3255 ‘Apto‘t'os’élooc
782 3180 990 3252 τεχνῶν
1019 3151 1134 3251 τὴν.
1159 3180 1539 3250 κακοτεχνίαν,
1583 3180 1617 3251 ἢ
1655 3151 1919 3250 τῆς-Πλά-

2028 3165 2253 3220 tiliciutn
2297 3182 2545 3237 pravum,
2595 3168 2679 3225 vel
2734 3167 3028 3224 Platonica:
3053 3170 3288 3225 suadehe
3322 3169 3618 3241 praestigia,

329 3293 507 3339 τωνος
534 3273 868 3342 εὐγλωττίας
899 3271 969 3325 τὰ
992 3271 1368 3341 γοητεύματα,
1401 3269 1451 3323 οἳ
1492 3269 1676 3333 κακῶς
1711 3271 1791 3331 είς
1822 3268 1921 3341 τὴν

340 3368 679 3439 Ἐκκλησίαν
720 3365 882 3437 ἡμῶν
931 3365 1293 3435 είσέφρησαν,
1329 3361 1522 3432 ὥσπερ
1547 3359 1919 3429 Αίγυπτιακοί

324 3477 475 3523 τινες
509 3458 802 3530 μάστιγες.
840 3474 860 3508 ι
911 3455 1105 3526 Ὑμεῖς
1136 3454 1190 3507 δὲ
1225 3452 1486 3526 βούλεσθε
1518 3455 1583 3506 ὲκ
1623 3454 1724 3523 τῆς
1756 3469 1921 3506 κακο-

323 3552 549 3624 τεχνίας
581 3548 692 3601 τῶν
732 3545 1143 3618 Ἀριστοτέλους
1176 3545 1381 3616 τεχνῶν
1417 3543 1788 3615 διαλέγεσθαι,
1825 3542 1920 3597 καὶ

328 3646 606 3712 μάστιγας
630 3640 1043 3709 Αἰγυπτιακοὺς
1091 3640 1171 3702 εἰς
1198 3638 1408 3709 φθορὰν
1447 3638 1547 3708 τῆς
1585 3636 1925 3707 Ἐκκλησίας

326 3739 582 3805 ἐπάγειν,
606 3734 715 3788 τῶν
739 3732 999 3805 κηρύκων
1020 3733 1121 3803 τῆς
1139 3733 1378 3795 πίστεως
1408 3729 1883 3802 καταφρονοῦντες
1907 3747 1923 3796 ;

337 3828 488 3897 Ἐγὼ
516 3829 575 3880 δέ
598 3844 682 3880 σοι
708 3825 1089 3897 χαριζόμενος,
1114 3824 1164 3877 εί
1186 3822 1451 3888 κελεύεις,
1483 3823 1575 3876 καὶ
1597 3825 1663 3875 ἐκ
1694 3822 1804 3876 τῶν
1826 3823 1925 3876 τοῦ

337 3921 757 3991 Ἀριστοτέλους
794 3918 1246 3989 διαλεχθήσομαι,
1283 3916 1360 3980 ὡς
1407 3916 1476 3971 ἂν
1510 3915 1605 3972 ἴδω
1631 3916 1754 3970 τίνα
1783 3917 1925 3972 εἰσὶν

328 4015 416 4082 ἐφ’
442 4007 525 4073 οίς
553 4010 927 4081 ὲπερείδεσθε.

418 4102 482 4154 '0
517 4102 646 4156 Ἐῐι.
671 4102 733 4154 El
759 4100 918 4155 τοῦτο
940 4101 1215 4173 ποιήσεις,
1240 4099 1566 4171 θεραπεύεις
1585 4101 1732 4172 ἡμᾶς
1753 4117 1766 4132 ο
1792 4099 1924 4164 ἴσως

328 4193 385 4247 δὲ
416 4192 514 4245 καὶ
536 4188 851 4261 σύμφρονες
871 4187 1304 4260 εὑρεθησόμεθα.
1340 4188 1744 4259 ’Υπισχνοῦμαι
1763 4187 1816 4241 δέ
1839 4204 1926 4240 σοι

325 4282 414 4336 ὅτι
444 4279 571 4335 οὔτε
606 4278 937 4349 σοφιστικῶς
967 4276 1079 4332 οὔτ’
1099 4276 1394 4349 ἐριστικῶς
1425 4276 1919 4353 διαλεχθησόμεθα.

412 4377 483 4425 ’0
502 4373 701 4429 ΘΕΩΡ.
728 4370 802 4427 Εὖ
834 4364 1046 4441 λέγεις’·
1074 4371 1338 4442 ἀπόκρινε
1382 4368 1499 4437 οὖν,
1542 4369 1637 4425 τὸν
1686 4369 1924 4440 Χριστὸν

333 4469 475 4539 μίαν
499 4465 692 4519 οὐσίαν
718 4463 901 4533 λέγεις
923 4501 941 4528 ,
976 4462 1009 4531 ἢ
1035 4463 1159 4530 δύο;

414 4558 484 4614 ⁸0
537 4559 666 4613 ’EU.
688 4558 834 4612 Μίαν
856 4560 950 4611 καὶ
973 4558 1195 4628 ἄτομον.

418 4655 484 4708 '0
511 4654 710 4707 ΘΕΩΡ.
734 4651 848 4723 Τὴν
876 4652 1007 4722 μίαν
1037 4652 1132 4706 καὶ
1166 4651 1392 4722 ἄτομον,
1422 4650 1521 4721 τὴν
1549 4644 1717 4703 οὖσαν
1753 4652 1812 4700 ὲν
1846 4645 1925 4718 τῷ

332 4747 584 4818 ἀριθμῷ,
601 4746 753 4814 λέγει
768 4745 1149 4817 Ἀριστοτέλης
1177 4743 1529 4815 ἐπιδέχεσθαι
1547 4743 1581 4797 Ei
1588 4761 1665 4813 μοι
1682 4744 1753 4796 τὰ
1769 4745 1922 4797 ὲναν-

327 4842 447 4905 τία,
476 4841 510 4911 ἢ
536 4838 634 4906 οὓς
672 4833 797 4893 Οἷον
831 4838 998 4907 λέγω,
1024 4837 1186 4891 τοῦτο
1215 4838 1278 4891 τὸ
1301 4838 1434 4909 πῦρ,
1464 4837 1558 4891 καὶ
1580 4835 1783 4907 θερμὸν
1806 4834 1924 4906 ἅμα

330 4934 431 4987 καὶ
451 4932 661 5003 ψυχρόν
685 4947 700 4961 ·
729 4930 764 5003 ἦ
796 4930 1016 4984 κτιστὸν
1050 4929 1146 4984 καὶ
1166 4929 1421 4984 ἄκτιστον
1465 4930 1526 4983 τὸ
1553 4929 1707 4996 αὐτὸ,
1733 4930 1829 4983 καὶ
1855 4929 1924 4984 τὰ

328 5024 584 5086 ron-3:2,
612 5024 645 5095 ῆ
676 5021 776 5089 οὓς

415 5116 477 5170 ὐ
525 5116 657 5170 ἘΠ.
685 5114 974 5186 Οὐδαμῶς.
1664 5166 1673 5173 ,

413 5212 478 5264 Ὀ
509 5209 710 5266 θΕΩΡ.
732 5209 1152 5281 Ἐπιδεχόμενος
1169 5204 1264 5264 οὖν
1281 5209 1310 5263 ὁ
1327 5207 1563 5281 Χριστὸς
1582 5209 1700 5280 ἅμα
1733 5209 1801 5263 τὰ
1829 5208 1923 5262 δύο

328 5302 558 5355 ἐναντία
586 5319 601 5333 ·
634 5301 749 5354 ἐστι
777 5302 887 5371 γὰρ
923 5299 1141 5363 κτιστὸς
1170 5301 1266 5353 καὶ
1291 5298 1570 5365 ἄκτιστος,
1609 5298 1801 5368 θνητὸς
1828 5298 1924 5352 καὶ

328 5396 627 5458 ἀθάνατος,
646 5394 875 5465 ἔναρχος
905 5394 1002 5446 καὶ
1032 5392 1291 5464 ἄναρχος,
1323 5392 1517 5463 ὁρατὸς
1545 5392 1641 5446 καὶ
1665 5392 1921 5462 ἀόρατος,

328 5492 432 5543 οὐκ
463 5490 620 5542 ἔσται
657 5490 761 5560 μία
781 5487 959 5541 οὐσία.
984 5487 1091 5540 Καὶ
1111 5486 1271 5551 δῆλον
1298 5487 1364 5540 ἐκ
1395 5487 1493 5556 τῆς
1525 5487 1919 5556 ἀντιστροφῆς.

330 5585 391 5637 Εἰ
424 5585 531 5655 γὰρ
572 5587 605 5656 ἡ
641 5585 745 5654 μία
774 5582 929 5636 οὐσία
956 5581 1051 5635 καὶ
1073 5583 1277 5652 ἄτομος
1309 5584 1427 5652 ἅμα
1472 5583 1544 5635 τὰ
1575 5584 1798 5637 ἐναντία
1822 5585 1925 5637 οὐκ

327 5674 658 5745 ἐπιδέχεται.
678 5674 796 5729 ἀλλ’
823 5672 929 5726 ἀνὰ
953 5673 1017 5743 μέ
1028 5688 1118 5741 ρος
1141 5670 1249 5724 τῶν
1272 5672 1535 5724 ἐναντίων
1567 5672 1678 5724 εἰσὶ
1693 5670 1922 5725 δεκτικὰ

329 5763 467 5819 κατὰ
490 5766 547 5819 es
609 5763 999 5832 Σταγειρίτην,
1035 5761 1097 5815 τὸ
1128 5758 1515 5834 ἐπιδεχόμενον
1536 5759 1742 5831 bipartit
1769 5762 1922 5816 ἐναν-

2026 3252 2171 3310 malo
2198 3271 2329 3311 sane
2364 3257 2546 3312 omine
2580 3258 2634 3312 in
2658 3258 2947 3313 ecclesiam
2975 3272 3219 3314 neStram
3252 3259 3617 3327 irrepserunt,

2024 3359 2124 3402 ceu
2181 3349 2432 3417 qumdam’
2477 3349 2744 3422 {Egyptian
2798 3351 2991 3423 plaga}.
3041 3370 3061 3404 ι
3110 3349 3217 3407 Vos
3262 3367 3393 3407 vero
3444 3354 3618 3406 avetis

2028 3439 2304 3495 malitioso
2333 3439 2640 3497 Aristotelis
2691 3444 2929 3498 artiﬁcio
2977 3444 3274 3510 disserere,
3320 3453 3374 3499 et
3407 3442 3616 3513 ﬂagella

2028 3529 2345 3601 Egyptiaca
2406 3534 2472 3586 ad
2508 3531 2766 3589 Ecclesia:
2802 3534 3097 3603 perniciem
3149 3535 3426 3597 inducere.
3478 3550 3616 3589 cou-

2029 3621 2249 3690 temptis
2282 3622 2404 3677 ﬁdei
2438 3624 2817 3693 praeconibus?
2864 3623 2975 3695 Ego
3004 3624 3359 3679 nihilominus
3407 3633 3465 3679 ut
3496 3626 3618 3693 tibi,

2029 3716 2076 3769 si
2101 3715 2202 3778 vis,
2234 3716 2533 3785 gratiﬁcer,
2578 3731 2730 3772 more
2777 3731 2993 3787 quoque
3039 3716 3388 3773 Aristotelico
3427 3717 3618 3789 dispu-

2029 3807 2175 3874 tabo,
2196 3816 2254 3862 ut
2282 3823 2403 3877 qua:
2430 3809 2541 3864 sint
2571 3807 2920 3864 [ιιιιιιιιιιιεηιο
2955 3820 3135 3866 vestra
3158 3825 3508 3883 cognoscam.

2046 4142 2054 4151 .
2100 4098 2317 4156 EPlSC.
2358 4100 2472 4158 Hoc
2489 4118 2674 4174 agens,
2706 4119 2806 4159 nos
2833 4105 3226 4172 demereberis,
3262 4116 3319 4163 et
3344 4107 3396 4162 in
3425 4108 3614 4165 eadem

2029 4193 2263 4251 fortasse
2281 4199 2550 4252 sententia
2568 4214 2689 4253 eSSe
2707 4199 3032 4255 videbimur.
3053 4199 3222 4255 Porro
3240 4201 3368 4257 libis
3382 4203 3615 4273 pOndeo,

2030 4303 2209 4357 neque
2232 4290 2529 4357 sophistice
2546 4307 2647 4347 nos
2663 4293 3037 4362 disputaturos
3050 4308 3228 4364 neque
3253 4297 3617 4353 contentiosa.

2102 4378 2361 4435 THEOR.
2435 4381 2624 4436 Recte.
2688 4382 2977 4451 ReSponde
3029 4386 3194 4456 igitur
3242 4400 3259 4440 :
3315 4385 3615 4455 Christum,

1956 4491 2002 4546 ι)
2032 4487 2194 4525 unam
2223 4472 2582 4527 substantiam
2614 4475 2755 4529 dicis
2784 4491 2851 4529 an
2877 4476 3054 4531 duas?

2102 4562 2319 4619 EPISC.
2368 4562 2540 4620 Unam
2567 4575 2621 4620 et
2645 4567 3055 4623 indivisibiletn.

2099 4654 2358 4713 THEOR.
2401 4656 2585 4714 Unum
2614 4669 2670 4714 et
2692 4660 3043 4727 indivisibile,
3066 4662 3210 4730 quod
3238 4664 3303 4719 ad
3328 4680 3618 4721 numerum

2027 4749 2285 4820 pertinet,
2318 4750 2467 4805 aitne
2516 4750 2840 4806 Aristoteles
2888 4751 3132 4822 recipere
3163 4756 3462 4821 contraria,
3518 4772 3620 4811 nec

2027 4840 2136 4895 ne?
2173 4839 2418 4909 Exempli
2450 4839 2758 4903 causavhic
2793 4842 3204 4911 ignis‘simttlne
3235 4844 3442 4901 calidus
3462 4858 3539 4901 est
3565 4858 3620 4901 et

2028 4933 2295 5003 frigidus?
2330 4942 2420 4988 aut
2443 4933 2585 4988 idem
2619 4942 2912 4989 creatusne
2933 4946 3018 4989 est
3045 4944 3099 4991 et
3128 4951 3236 4992 non
3273 4938 3534 4993 creatus?
3563 4947 3619 4997 ct

2024 5027 2131 5081 alia
2155 5026 2350 5082 similia
2381 5027 2561 5083 dicine
2587 5035 2817 5096 queunt,
2854 5041 2957 5083 nec
2988 5027 3098 5085 ne?

2035 5191 2041 5196 '
2101 5115 2318 5172 EPISC.
2357 5115 2732 5188 Nequaquam.

2098 5207 2353 5264 TIIEOR.
2395 5209 2531 5264 Cum
2563 5224 2692 5279 ergo
2722 5210 2974 5267 Christus
3004 5210 3114 5266 duo
3144 5211 3305 5266 simul
3336 5212 3613 5267 contraria

2026 5302 2081 5358 in
2111 5313 2171 5358 se
2199 5303 2460 5371 recipiat;
2506 5312 2591 5356 est
2612 5304 2757 5359 enim
2787 5314 3002 5359 creatus
3042 5312 3098 5358 et
3132 5305 3432 5367 increatns.
3467 5320 3618 5359 mor-

2029 5393 2151 5447 talis
2184 5403 2239 5446 et
2271 5393 2616 5459 immortalis,
2651 5409 2775 5448 cum
2806 5380 3071 5463 principio
3094 5404 3147 5447 et
3176 5394 3291 5448 sine
3318 5393 3611 5464 principio,

2026 5485 2256 5540 visibilis
2310 5493 2366 5539 et
2424 5484 2747 5550 invisibilis;
2800 5501 2904 5539 una
2955 5484 3259 5539 substantia
3318 5501 3424 5538 non
3485 5488 3614 5541 erit.

2027 5577 2189 5648 quue
2215 5593 2283 5632 ex
2321 5590 2587 5632 converso
2632 5587 2954 5644 argumento
3007 5583 3173 5645 patet.
3226 5575 3284 5630 Si
3331 5577 3476 5631 enim
3507 5594 3611 5632 una

2024 5669 2333 5725 substantia
2370 5679 2425 5725 ct
2474 5668 2843 5731 indivisibilis,
2870 5666 3033 5723 simul
3063 5669 3335 5723 contraria
3385 5685 3489 5723 non
3524 5686 3614 5723 re-

2027 5760 2196 5831 cipit;
2251 5762 2344 5818 sed
2376 5769 2563 5817 contra
2594 5763 2739 5831 quod
2770 5765 2854 5814 est
2900 5757 3171 5817 divisibile
3208 5762 3610 5819 contrariorum
