4096 6398
476 323 576 387 291

1925 311 2028 371 ἸἩ
2041 309 2359 370 EORIANI
3645 313 3763 377 629g

473 453 560 496 est
611 404 780 506 capax
819 431 1114 489 secundum
1164 427 1463 500 Stagiritcn
1489 469 1504 493 ,
1538 427 1788 498 sequitur
1823 436 1875 481 et
1914 427 2056 496 quod

2175 425 2273 486 εἶα..
2302 425 2400 476 οὑκ
2434 423 2547 476 ἔστι
2577 422 2672 493 μία
2729 423 2907 479 οὐσία.
2937 424 3041 480 Δύο
3071 425 3181 495 ἄρα
3205 423 3388 480 οὑσῖαι
3428 427 3456 480 ό
3485 427 3723 496 Χριστῦς
3745 471 3760 490 ,

476 533 636 588 simul
691 527 967 585 contraria
1027 525 1245 590 recipit,
1279 538 1384 576 una
1435 522 1736 576 substantia
1790 537 1894 574 non
1960 522 2055 575 sit.

477 626 604 678 Duae
634 622 798 692 igitur
829 619 1151 675 substantia:
1177 615 1449 678 Christus,
1489 614 1591 669 Chi
1638 630 1778 668 unus
1806 611 2058 665 Christus

475 725 600 769 est:
635 726 688 766 et
715 713 1009 764 secundum
1036 709 1254 777 quidem
1289 722 1449 758 unam
1485 711 1726 764 creatus,
1761 707 2058 757 secundum

475 809 704 860 alteram
739 803 1016 854 int-reatus
1045 816 1058 852 :
1088 799 1341 852 similiter
1362 798 1605 851 mortalis
1634 805 1687 849 et
1719 793 2058 858 immortalis,

472 913 599 954 eum
637 895 905 966 principio
959 901 1016 946 et
1060 892 1176 946 sine
1221 891 1512 960 principio,
1559 900 1614 944 et
1666 889 1856 944 eodem
1905 888 2064 942 modo

477 991 708 1057 l’t'l=qtta.

555 1081 646 1134 llis
707 1078 891 1142 dictis,
931 1076 1305 1144 interrogabat
1359 1073 1726 1127 Theorianutn
1777 1073 2065 1142 episc0pus

468 1177 738 1247 quidnam
782 1176 845 1228 de
872 1173 1145 1226 Armeniis
1175 1169 1486 1237 judicaret?
1517 1169 1619 1234 Qui
1652 1169 1966 1236 respondit:
2003 1169 2060 1221 lu

480 1267 686 1320 divinis
717 1264 935 1332 quidem
963 1261 1262 1328 Scripturis
1297 1268 1538 1312 versatos
1556 1258 1848 1311 admodum
1875 1257 2067 1312 Arme-

475 1361 602 1413 nios
631 1356 895 1425 comperi,
934 1364 1044 1409 tum
1087 1352 1297 1423 jejunio
1327 1359 1379 1406 et
1409 1349 1600 1405 orandi
1631 1350 1813 1406 studio
1839 1365 2066 1416 magno-

484 1465 601 1504 rnm
635 1458 948 1502 sanctorum
974 1444 1198 1499 mmulos
1226 1461 1239 1498 :
1277 1443 1371 1498 sed
1399 1443 1465 1496 ad
1493 1442 1880 1512 disputandum
1909 1441 2068 1511 plane

476 1543 686 1605 rudes;
724 1541 980 1592 videntur
1015 1539 1160 1591 enim
1185 1535 1318 1590 mihi
1350 1535 1618 1589 rhetorica
1644 1543 1760 1587 arte
1782 1545 1837 1586 et
1864 1533 2068 1588 dialec-

479 1638 588 1690 tica
648 1635 978 1703 rrliquisque
1031 1631 1327 1701 disciplinis
1374 1638 1651 1697 eXpertes.
1709 1627 1891 1694 Quare
1943 1641 2064 1679 cum

483 1727 586 1795 ipsi
617 1727 718 1781 sihi
767 1728 947 1780 fucum
989 1725 1215 1788 faciant,
1261 1721 1580 1776 Itallncinari
1612 1735 1672 1775 se
1723 1735 1827 1774 non
1866 1719 2064 1773 intelli-

2165 521 2212 568 εἰ
2242 521 2334 568 καὶ
2355 511 2433 578 εἷς
2467 518 2702 585 Χριστός
2729 519 2846 570 ἐστι
2870 533 2883 548 ⁶
2913 519 3008 570 καὶ
3037 518 3178 571 κατὰ
3215 519 3313 588 μὲν
3339 518 3439 588 τὴν
3461 517 3611 588 μίαν,
3642 536 3768 571 κτι-

2169 609 2292 670 στὸς
2313 649 2327 671 ,
2362 610 2502 660 κατὰ
2533 609 2589 662 δὲ
2623 609 2722 678 τὴν
2745 610 2964 678 ἑτέραν,
3000 612 3256 674 ἄκτιστος
3282 627 3295 641 ·
3328 610 3593 674 ὡσαύτως
3623 611 3766 679 θνη-

2167 701 2259 762 τὸς
2289 701 2383 752 καὶ
2413 700 2702 765 ἀθάνατος,
2738 701 2968 770 ἔναρχος
3003 702 3097 754 καὶ
3133 704 3392 772 ἄναρχος,
3427 703 3524 757 καὶ
3553 706 3622 758 τά
3644 705 3766 756 λοισ-

2169 792 2247 844 πά
2270 792 2490 863 ὁμοίως.

2242 1067 2464 1122 Τούτων
2485 1067 2631 1121 οὕτω
2657 1067 2956 1140 ῥηθέντων,
2994 1065 3190 1136 ἠρώτα
3235 1067 3263 1118 6
3311 1066 3614 1127 ἐπίσκοπος
3665 1065 3766 1118 τὸν

2172 1163 2484 1234 Θεωριαπλιν
2536 1163 2667 1232 περὶ
2713 1163 2824 1216 τῶν
2872 1161 3184 1233 ’Λρμενίων
3227 1159 3433 1227 λέγων’
3472 1160 3768 1223 Ποταποὺς

2172 1257 2398 1324 διέγνως
2425 1256 2551 1317 τοὺς
2583 1255 2938 1323 ’Λρμενίουςς
2985 1254 3046 1304 ’0
3075 1253 3132 1305 δέ
3168 1265 3334 1320 φησιν
3353 1263 3368 1278 ο
3413 1251 3506 1311 Εἰς
3534 1249 3633 1318 μὲν
3661 1249 3767 1318 τὴν

2171 1349 2322 1402 θείαν
2347 1350 2567 1419 Γραφὴν
2597 1345 3064 1415 πεπυκνωμένους
3110 1347 3376 1416 εὑρίσκω,
3426 1346 3518 1398 καὶ
3545 1347 3626 1407 εἰς
3663 1360 3764 1412 νη-

2175 1440 2362 1493 στείαν
2419 1439 2513 1492 καὶ
2545 1437 2856 1508 προσευχὴν
2885 1440 2996 1500 τοῖς
3024 1437 3284 1506 μεγάλοις
3314 1438 3493 1504 ἁγίοις
3517 1433 3766 1504 ἁμιλλωο

2175 1533 2408 1604 μένους·
2457 1532 2536 1594 εἰς
2565 1532 2622 1583 δὲ
2670 1531 2731 1583 τὸ
2781 1530 3198 1600 συλλογίζεσθαι
3251 1529 3532 1591 παντελῶς
3579 1527 3767 1596 ἀμυήο

2170 1637 2296 1684 τους
2319 1638 2334 1653 ’
2374 1621 2632 1690 ἀμέτοχοι
2659 1621 2768 1691 γάρ
2805 1637 2896 1690 μοι
2928 1620 3146 1675 δοκοῦσι
3184 1619 3484 1691 ῥητορικῆς
3523 1618 3614 1670 καὶ
3637 1617 3765 1670 διαν

2171 1714 2427 1784 λεκτικῆς
2459 1717 2552 1768 καὶ
2585 1715 2692 1766 τῶν
2726 1713 2930 1767 λοιπῶν
2965 1714 3330 1784 μαθημάτων.
3359 1712 3449 1765 Διὸ
3475 1713 3566 1765 καὶ
3597 1709 3763 1763 αὑτοὶ

482 1827 637 1882 gnnt.
671 1817 836 1872 Aiunt
864 1816 1006 1870 enim
1045 1821 1296 1868 naturam
1328 1813 1546 1882 quidem
1587 1825 1711 1866 esse
1761 1811 2067 1864 universale

2175 1809 2399 1869 ἑαυτοὺς
2431 1805 2926 1876 παραλογιζόμενοι
2957 1808 3057 1859 οὐκ
3093 1807 3276 1859 ἴσασιν
3300 1806 3388 1858 ὅτι
3450 1801 3764 1871 παραλογί-

481 1908 611 1974 qnid
645 1917 699 1959 et
729 1920 1052 1969 commune;
1089 1918 1373 1974 personam
1399 1915 1602 1969 antem,
1628 1904 1854 1972 partiale
1882 1910 2068 1971 utpote

485 1999 834 2057 iudivisiL-ile,
887 1998 1044 2051 sicuti
1100 1997 1265 2051 etiam
1325 1996 1500 2050 sancti
1559 1995 1661 2048 viri
1717 1995 2066 2048 deﬁnierunt.

478 2088 688 2144 D.:inde
723 2089 1001 2143 Christum
1039 2088 1191 2141 aiunt
1214 2103 1333 2142 esse
1357 2102 1516 2140 unam
1549 2102 1856 2157 personam,
1883 2097 2070 2156 utpote

483 2181 611 2247 quid
646 2179 895 2247 pitrlinlc.
938 2178 1003 2232 Et
1062 2179 1328 2232 hactenus
1373 2178 1592 2247 quidem
1644 2192 1793 2233 reete
1845 2180 2070 2233 ratioci-

485 2282 706 2322 nantur.
747 2270 880 2322 Exin
915 2272 1101 2324 dicunt
1130 2270 1335 2324 Christi
1376 2285 1537 2324 uuam
1590 2284 1860 2336 naturam,
1907 2287 2068 2340 quam

479 2361 593 2428 jam
634 2361 760 2415 lassi
792 2362 1008 2416 fuerant
1049 2378 1169 2416 esse
1207 2363 1335 2433 quid
1372 2363 1679 2418 universale
1715 2380 1728 2416 :
1767 2379 1939 2434 neque
1991 2364 2070 2416 in.

486 2452 762 2522 telligunl,
791 2459 932 2518 quod
973 2454 1017 2508 si
1053 2452 1302 2508 Christus
1327 2462 1411 2508 est
1446 2457 1572 2520 quid
1604 2455 1849 2523 partiulc,
1886 2464 2072 2524 utpote

487 2545 577 2611 qui
615 2555 697 2598 cst
729 2558 988 2613 persona,
1028 2560 1135 2598 una
1167 2558 1357 2599 natura
1388 2562 1509 2601 esse
1539 2563 1643 2601 non
1672 2557 1846 2616 patest
1879 2565 1892 2601 :
1934 2547 2070 2600 alio-

483 2637 618 2704 quin
646 2635 787 2704 quod
813 2635 1043 2703 partiale
1061 2644 1167 2701 est,
1188 2646 1333 2691 esset
1352 2636 1692 2704 universale;
1723 2636 2067 2698 indirisibile,

486 2739 632 2783 esset
669 2727 915 2796 species;
949 2729 1094 2797 quod
1146 2743 1368 2798 prorsus
1418 2729 1534 2784 ﬁeri
1576 2744 1683 2783 non
1722 2741 1916 2799 potest.
1959 2729 2072 2784 Etsi

486 2822 630 2876 enim
662 2821 922 2886 dicimus,
953 2823 1234 2890 superiora
1271 2823 1549 2890 praedicari
1587 2823 1653 2877 de
1699 2822 2070 2888 inferioribus,

488 2913 597 2969 hoc
631 2923 810 2966 tamen
847 2913 901 2966 in
946 2914 1323 2983 philosophica
1369 2925 1576 2970 tantum
1617 2915 1899 2980 vocabulo,
1932 2920 2072 2985 quod

487 3014 544 3059 et
569 3004 853 3078 physicum
879 3004 1101 3070 dicitur,
1129 3020 1314 3058 verum
1340 3006 1550 3071 evadit;
1579 3020 1682 3059 non
1707 3015 1886 3060 autem
1918 3006 1970 3059 in
1995 3021 2075 3058 ar-

491 3095 694 3149 tiliciali
751 3094 1035 3156 vocabulo,
1080 3097 1226 3164 quod
1287 3097 1451 3150 etiam
1510 3096 1743 3166 logicum
1803 3096 2075 3165 appellant

2171 1897 2378 1960 ζονται.
2404 1897 2645 1964 Λέγουσι
2674 1897 2784 1966 γὰρ
2811 1897 2906 1967 τὴν
2936 1898 3036 1966 μὲν
3092 1897 3259 1964 φύσιν
3311 1893 3540 1947 καθόλου
3576 1909 3628 1944 τι
3665 1891 3766 1945 καὶ

2173 1989 2374 2054 κοινὸν,
2423 1989 2484 2040 τὸ
2510 1989 2567 2041 δὲ
2603 1989 2898 2056 πρόσωπον
2936 1988 3160 2058 μερικὸν
3205 1988 3281 2050 ὡς
3314 1987 3538 2055 ἄτομον,
3573 1981 3767 2045 καθὼς

2173 2084 2266 2135 καὶ
2295 2082 2346 2132 οἱ
2374 2082 2521 2149 ἅγιοι
2556 2080 2731 2136 ταῦτα
2761 2082 3050 2150 ὡρίσαντο.
3079 2077 3209 2133 Εἶτα
3243 2080 3334 2132 τὸν
3365 2077 3600 2149 Χριστὸν
3623 2078 3763 2145 ὀμο-

2171 2175 2425 2244 λογοῦσιν
2456 2176 2515 2233 ἒν
2552 2175 2847 2245 πρόσωπον
2881 2175 2958 2236 ὡς
2994 2177 3241 2244 μερικόν.
3285 2174 3395 2226 Καὶ
3431 2172 3591 2242 μέ,ρι
3632 2169 3764 2222 τούς

2173 2287 2264 2323 του
2296 2270 2476 2332 καλῶς
2511 2271 2785 2337 λέγουσιν.
2831 2269 3064 2321 Ἔπειτα
3124 2266 3344 2334 λέγουσι
3377 2265 3470 2317 τὸν
3523 2260 3768 2334 Χριστὸν

2177 2363 2306 2430 μίαν
2338 2363 2518 2430 φύσιν,
2554 2364 2618 2434 ἣν
2652 2361 3012 2430 ὡμολόγησαν
3042 2359 3272 2414 καθόλου
3309 2377 3360 2411 τι
3383 2355 3542 2410 εἶναι’
3585 2355 3676 2408 καὶ
3699 2356 3764 2406 οὐ

2172 2457 2504 2518 νοοῦσιν,ὂτι
2531 2458 2651 2507 ἐπεὶ
2679 2458 2706 2506 ό
2729 2456 2959 2522 Χριστὸς
2991 2455 3217 2524 μερικόν
3243 2455 3380 2517 ἐστι,
3410 2451 3484 2514 ὡς
3507 2449 3565 2502 ὃν
3589 2450 3768 2519 πρόσ-

2175 2567 2344 2612 ωπον,
2407 2549 2468 2601 οὑ
2497 2546 2724 2601 δύναται
2761 2543 2901 2599 εἶναι
2937 2547 3031 2616 μία
3071 2547 3267 2614 φύσις·
3366 2545 3475 2612 γὰρ
3513 2543 3578 2594 ἂν
3603 2543 3765 2593 ἔσται

2174 2643 2235 2696 τὸ
2272 2643 2498 2714 μερικδν
2532 2641 2786 2705 καθόλου,
2822 2641 2915 2694 καὶ
2941 2639 3001 2693 τὸ
3029 2639 3236 2708 ἄτομον
3272 2634 3434 2699 εἶδος,
3469 2638 3604 2704 ὅπερ
3628 2635 3769 2687 ἁδύ-

2175 2753 2356 2791 νατον.
2388 2737 2446 2788 Ei
2477 2735 2584 2805 γὰρ
2617 2736 2711 2788 καὶ
2730 2734 2965 2803 λέγομεν
3012 2735 3095 2786 ὅτι
3126 2735 3194 2787 τά
3220 2733 3406 2784 ἐπάνω
3429 2732 3768 2798 κατηγορεῖ-

2174 2848 2266 2883 ται
2295 2827 2404 2880 τῶν
2444 2828 2730 2890 ὑποκάτω,
2784 2827 2922 2881 ἀλλὰ
2978 2825 3138 2879 τοῦτο
3167 2825 3425 2894 ἀληθεύει
3467 2823 3610 2876 κατὰ
3661 2823 3767 2892 τὴν

2177 2922 2363 2992 φωνὴν
2397 2922 2496 2992 τὴν
2519 2921 2810 2990 φιλόσοφον
2844 2921 3027 2990 μόνον,
3069 2921 3191 2988 ἥτις
3225 2919 3319 2972 καὶ
3361 2917 3567 2988 φυσικὴ
3605 2917 3770 2983 λέγε-

2175 3030 2286 3074 ται,
2317 3013 2378 3064 οὑ
2415 3012 2520 3081 μὴν
2540 3012 2681 3064 κατὰ
2712 3011 2810 3081 τὴν
2839 3009 3096 3081 τεχνικὴν
3144 3009 3328 3080 φωνὴν
3385 3011 3451 3078 ἣν
3482 3008 3578 3061 καὶ⁵
3615 3007 3769 3075 λογιν

2176 3106 2279 3174 κὴν
2299 3102 2652 3174 ὀνομάζουσιν
2679 3105 2728 3157 οἱ
2761 3105 2886 3173 περὶ
2915 3102 3092 3157 ταῦτα
3119 3102 3318 3154 δεινοί·
3351 3101 3608 3170 τεχνικὴν
3631 3100 3762 3168 μὲν,

490 3186 650 3254 hnjus
697 3185 995 3256 disciplina:
1025 3186 1408 3257 professores:
1455 3189 1738 3244 artiﬁciale
1794 3191 2070 3253 nimirum,

2175 3197 2250 3262 ὡς
2278 3199 2487 3265 εὑρεμα
2514 3197 2730 3268 τέχνης,
2777 3197 2836 3249 οὐ
2874 3195 3114 3264 φύσεωςν
3151 3195 3376 3264 λογικὴν
3409 3194 3486 3257 δὲ,
3532 3194 3614 3246 ὅτι
3657 3192 3768 3264 τῆς

491 3288 677 3348 utpote
716 3278 852 3333 artis
883 3279 1164 3333 inventum
1191 3295 1299 3333 non
1333 3290 1577 3347 naturas;
1624 3281 1858 3352 logicum
1891 3291 2070 3336 autem

489 3370 617 3435 quin
646 3379 855 3437 spectat
887 3371 952 3422 ad
990 3369 1216 3440 logicam
1247 3371 1613 3441 disciplinam,
1642 3389 1763 3442 qua:
1788 3382 1870 3428 est
1895 3373 2070 3442 philo-

486 3459 698 3528 sophiae
729 3476 1016 3528 organum,
1050 3477 1153 3513 non
1205 3461 1571 3530 philosophia.
1601 3463 1657 3516 lu
1693 3463 2072 3534 philosophica

486 3551 710 3618 quidem
747 3550 1030 3614 vocabulo,
1082 3552 1411 3605 universalia
1445 3554 1808 3622 prtctlicantur
1843 3555 1908 3606 de
1947 3568 2070 3621 par-

493 3638 753 3703 tiatihus;
789 3637 839 3690 id
867 3647 954 3692 est
991 3639 1253 3693 inferiora
1287 3642 1560 3710 accipiunt
1592 3651 1644 3694 ct
1669 3657 1861 3695 nomen
1896 3656 1960 3696 ac
1986 3645 2076 3696 de-

489 3727 796 3780 ﬁnitionem
829 3729 1176 3796 superiorum
1211 3748 1226 3785 :
1263 3733 1495 3800 exempli
1531 3748 1718 3799 causa,
1761 3733 1954 3789 Petrus
1992 3745 2077 3789 est

490 3819 677 3884 hamo,
703 3819 863 3872 homo
897 3829 980 3874 est
1035 3821 1260 3886 animal,
1299 3839 1430 3893 ergo
1462 3824 1655 3881 Petrus
1708 3836 1793 3881 est
1840 3828 1998 3880 homo
2022 3835 2076 3882 et

491 3911 715 3964 animal.
763 3909 1030 3966 Similiter
1061 3911 1436 3968 delinitionem
1487 3931 1708 3986 quoque
1755 3919 1990 3974 hominis
2021 3930 2076 3975 et

491 4004 743 4058 animalis
778 4004 972 4058 Petrus
1003 4007 1198 4076 recipit
1234 4025 1246 4058 :
1279 4017 1362 4062 est
1387 4011 1531 4063 cnim
1574 4010 1776 4064 animal
1811 4013 2076 4068 rationale

490 4103 544 4148 et
569 4095 796 4149 mortale
817 4094 1036 4160 Petrus,
1063 4112 1126 4150 ac
1151 4096 1455 4152 substantia
1480 4101 1718 4154 animata
1734 4111 1788 4157 et
1812 4102 2074 4158 sentiens.

490 4187 570 4245 En
603 4202 660 4244 ut
689 4191 741 4245 in
780 4193 1162 4262 philosophica
1197 4195 1463 4250 vocabulo
1497 4197 1753 4252 inferiora
1802 4199 2076 4270 recipiunt

491 4283 655 4336 etiam
684 4285 1029 4351 superiorum
1064 4301 1260 4340 nomen
1288 4296 1344 4340 et
1366 4288 1754 4344 deﬁnitionem.
1791 4288 2074 4344 Verumta-

492 4385 618 4426 men
653 4373 707 4426 in
741 4373 916 4443 logico
942 4376 1207 4429 vocabulo
1243 4376 1296 4430 id
1330 4391 1437 4431 non
1467 4378 1737 4433 usuvenit.
1767 4378 1902 4433 Nam
1929 4383 2072 4450 quod

2174 3290 2404 3358 λογικῆς
2432 3292 2548 3342 ἐστι
2582 3287 2988 3358 πραγματείας,
3030 3287 3152 3355 ἥτις
3191 3287 3428 3355 δργανίν
3457 3287 3576 3338 ἔστι
3610 3285 3770 3353 φιλο-

2177 3381 2394 3450 σοφίας,
2431 3381 2490 3433 οὑ
2519 3380 2828 3448 φιλοσοφία.
2880 3380 3004 3431 Ἐπὶ
3039 3379 3139 3447 μὲν
3177 3380 3284 3449 γάρ
3333 3379 3435 3447 τῆς
3465 3380 3765 3447 φιλοσόφου

2176 3474 2361 3542 φωνῆς
2389 3475 2457 3526 τά
2495 3473 2723 3526 καθόλου
2756 3474 3144 3546 κατηγορεῖται
3183 3473 3292 3523 τῶν
3323 3472 3588 3542 μερικῶν,
3613 3489 3770 3528 τουτο

2176 3567 2386 3619 ἐστιτὰ
2412 3566 2672 3618 ὑποκάτω
2735 3565 3048 3635 ἐπιδέχεται
3092 3565 3186 3619 καὶ
3229 3565 3291 3616 τὸ
3335 3565 3510 3634 ὄνομα
3548 3568 3768 3620 καὶτὸν

2175 3662 2302 3729 ὅρον
2328 3659 2438 3711 τῶν
2461 3658 2646 3710 ἐπάνω
2668 3673 2680 3686 ·
2710 3652 2824 3710 οἷον
2847 3659 2874 3711 6
2917 3657 3121 3728 Πέτρος
3164 3657 3320 3724 ἐστὶν
3373 3657 3688 3727 ἄνθρωπος,
3739 3661 3770 3712 6

2177 3753 2466 3823 ἄνθρωπός
2501 3755 2616 3804 ὲστι
2650 3753 2711 3804 τὸ
2735 3751 2895 3815 ζῶον,
2920 3753 2945 3804 6
2969 3753 3175 3821 Πέτρος
3206 3750 3315 3822 ἄρα
3347 3751 3444 3804 καὶ
3475 3752 3770 3822 ἄνθρωπός

2177 3849 2296 3900 ἐστι
2330 3848 2424 3898 καὶ
2455 3846 2616 3909 ζῶον.
2665 3843 2942 3908 Ὡσαύτως
2968 3847 3061 3899 καὶ
3088 3847 3176 3896 τὸν
3201 3846 3328 3914 ὅρον
3348 3845 3444 3897 τοῦ
3467 3845 3767 3913 ἀνθρώπου

2178 3936 2272 3988 καὶ
2298 3933 2392 3988 τοῦ
2425 3934 2563 3998 ζώου
2587 3932 2897 4003 ἐπιδέχεται
2919 3936 2946 3987 6
2965 3934 3170 4003 Πέτρος
3194 3951 3207 3964 ·
3235 3935 3330 3986 καὶ
3349 3936 3457 4004 γάρ
3484 3939 3600 3988 ὲστι
3624 3935 3768 4000 ζῶον

2177 4027 2394 4095 λογικὸν
2428 4026 2623 4096 θνητὸν
2647 4027 2674 4077 6
2707 4026 2939 4094 Πέτρος,
2969 4025 3064 4078 καὶ
3096 4024 3253 4078 οὑεία
3285 4027 3526 4096 ἔμψυχος
3567 4026 3770 4097 αἰσθη-

2177 4116 2328 4185 τική.
2377 4115 2508 4166 Ἰδοὺ
2542 4113 2638 4165 ἐπὶ
2671 4115 2769 4183 τῆς
2800 4113 3094 4182 φιλοσόφου
3147 4116 3332 4184 φωνῆς
3384 4116 3453 4168 τά
3506 4116 3769 4169 ὑποκάτω

2181 4207 2504 4276 ὑποδέχεται
2542 4205 2721 4258 καὶτὸ
2767 4205 2936 4276 ὄνομα
2963 4207 3060 4259 καὶ
3091 4207 3182 4258 τὸν
3217 4209 3344 4275 ὅρον
3391 4206 3502 4260 τῶν
3551 4209 3762 4263 ἐπάνω.

2192 4297 2318 4349 Ἐπὶ
2360 4297 2416 4348 δὲ
2456 4296 2557 4365 τῆς
2597 4295 2827 4363 λογικῆς
2875 4296 3061 4366 φωνῆς
3107 4296 3269 4350 τοῦτο
3307 4297 3367 4350 ού
3420 4298 3666 4366 γίνεται’
3703 4300 3768 4352 τὸ

2180 4389 2289 4460 γάρ
2319 4389 2522 4458 ἄτομον
2579 4389 2705 4441 οὔτε
2755 4386 2897 4454 εἶδος
2947 4389 3200 4458 λέγεται,
3251 4391 3377 4444 οὗτε
3411 4393 3586 4460 γένος,
3637 4392 3767 4450 οὔτε

493 4471 578 4514 est
599 4461 950 4527 indivisibile,
993 4478 1169 4534 neque
1189 4466 1401 4535 species
1429 4467 1648 4533 dicitur,
1679 4483 1855 4538 neque
1877 4484 2070 4538 genus,

2181 4479 2302 4532 ἐστὶ
2327 4480 2388 4530 τὸ
2416 4479 2558 4532 κατὰ
2601 4480 2869 4532 πλειόνων
2906 4482 2999 4536 καὶ
3017 4482 3386 4554 διαφερόντων
3415 4484 3491 4554 τῷ
3518 4484 3763 4556 ἀριθμγῖ,

493 4567 676 4622 neque
727 4564 813 4609 est
866 4556 1097 4625 plurale,
1135 4571 1310 4626 neque
1361 4573 1589 4612 numero
1641 4557 1840 4625 dill‘ert.
1898 4574 2078 4630 neque

493 4647 624 4699 item
669 4646 874 4716 specie,
931 4664 1054 4702 cum
1106 4650 1234 4718 quid
1269 4650 1340 4704 sit
1385 4654 1727 4721 praedicatur.
1781 4651 1872 4706 Sic
1918 4664 1974 4707 et
2023 4653 2075 4705 in

489 4738 714 4794 Christo
747 4738 988 4793 accidit:
1026 4754 1149 4792 nam
1183 4754 1472 4812 personam
1528 4745 1744 4812 quidem
1782 4744 1960 4811 ipsum
1992 4742 2078 4798 di-

493 4831 674 4885 cimus
708 4841 764 4885 et
797 4831 1158 4902 hypostasim,
1192 4848 1297 4887 non
1341 4845 1523 4890 tamen
1571 4845 1819 4891 naturam
1853 4855 1867 4891 :
1900 4852 2078 4906 neque

489 4924 639 4977 enim
673 4931 884 4976 natura:
909 4939 1105 4978 nomen
1129 4925 1214 4980 vel
1236 4926 1604 4983 deﬁnitionem
1643 4929 1863 4999 recipit;
1900 4930 2076 5000 siqui-

492 5017 616 5066 dem
648 5013 900 5070 Christus
933 5030 1039 5068 nan
1080 5025 1163 5070 est
1195 5026 1372 5072 motus
1395 5027 1447 5072 et
1474 5019 1671 5088 quietis
1724 5020 2071 5090 principium,

492 5119 616 5173 qua:
643 5113 851 5158 natura:
883 5104 1122 5160 deﬁnitio
1149 5121 1253 5162 εει.
1291 5107 1424 5162 Nam
1461 5125 1714 5180 persona,
1748 5113 2075 5184 hypostasis,

490 5186 922 5262 indivisibilitas,
953 5201 1185 5268 species,
1217 5216 1390 5270 genus
1435 5213 1491 5258 et
1520 5204 1740 5271 similia,
1767 5221 1874 5261 non
1907 5209 2076 5274 perti-

494 5299 627 5342 nent
662 5289 729 5342 ad
763 5291 1144 5359 phiIOSOphica
1186 5294 1454 5349 vocabula
1476 5311 1574 5350 seu
1609 5297 1856 5368 physica,
1887 5300 1980 5354 sed
2004 5299 2070 5353 ad

491 5379 666 5450 logica
692 5396 790 5436 seu
809 5383 1153 5439 artiﬁcialia:
1183 5401 1346 5454 porro
1369 5390 1748 5444 universalitas
1772 5392 2076 5446 communis

495 5471 766 5535 tuocabuli,
828 5473 893 5526 de
940 5476 1262 5543 partialibus
1314 5493 1420 5532 non
1478 5481 1824 5549 praedicatur.
1884 5481 2076 5552 Itaque

495 5559 852 5630 philosophici
887 5567 1131 5621 vocabuli
1163 5568 1525 5624 diﬁerentiam
1553 5588 1580 5625 a
1611 5573 1786 5643 logico
1817 5575 2073 5645 ignoran-

495 5657 580 5701 tes
613 5650 877 5719 Armenii,
900 5657 1151 5724 imperite
1170 5662 1397 5714 miscent
1416 5669 1734 5732 pugnantia,
1756 5667 1880 5733 quia
1899 5681 2077 5734 neque

495 5739 623 5802 quid
655 5741 835 5796 dicunt.
867 5759 1043 5816 neque
1071 5751 1199 5820 quid
1231 5751 1519 5822 allirmeut,
1552 5756 1876 5826 intelligunt.

2181 4573 2214 4643 ἦ
2242 4572 2319 4642 τῷ
2347 4571 2478 4626 εἴδει
2504 4575 2562 4625 ὲν
2608 4573 2689 4644 τῷ
2713 4574 2765 4627 τί
2787 4577 2904 4626 ἐστι
2943 4577 3441 4647 κατηγορούμενον.
3481 4580 3638 4634 Οὕτω
3667 4583 3766 4634 καὶ

2180 4664 2273 4716 ἐπὶ
2300 4664 2396 4717 τοῦ
2444 4666 2684 4735 Χριστοῦ
2721 4667 3015 4736 πρόσωπον
3059 4671 3158 4740 μὲν
3188 4672 3421 4742 λέγομεν
3462 4675 3624 4728 αὑτὸν
3667 4678 3766 4730 καὶ

2180 4754 2500 4821 ὑπόστασιν,
2533 4757 2594 4810 ού
2647 4759 2754 4828 μὴν
2796 4760 2892 4812 καὶ
2929 4761 3093 4829 φύσιν
3119 4780 3133 4794 ·
3169 4763 3292 4816 οὔτε
3336 4767 3448 4836 γὰρ
3490 4768 3549 4820 τὸ
3589 4768 3764 4839 δνομα

2180 4845 2278 4914 τῆς
2302 4853 2543 4916 φύσεως,
2595 4849 2719 4904 οὕτε
2777 4853 2868 4906 τὸν
2913 4855 3039 4924 ὅρον
3083 4857 3442 4928 ὑποδέχεται·
3475 4861 3597 4914 οὐδὲ
3653 4865 3762 4934 γὰρ

2179 4938 2396 5006 λέγεται
2445 4944 2473 4994 6
2528 4943 2765 5012 Χριστὸς
2814 4946 2958 5018 ἀρχῆ
3025 4951 3293 5017 κινήσεως
3341 4955 3438 5008 καὶ
3484 4957 3759 5027 ἠρεμίας·

2179 5027 2339 5083 τοῦτο
2369 5033 2478 5100 γάρ
2513 5034 2659 5088 ἐστιν
2690 5036 2932 5105 ἡφύσις.
2960 5038 3032 5093 Τὸ
3057 5042 3163 5112 γάρ
3205 5044 3521 5114 πρόσωπον,
3557 5050 3588 5118 ἡ
3627 5050 3766 5102 ὑπό.-

2182 5137 2396 5184 στασις,
2430 5126 2612 5176 καὶτὸ
2637 5126 2860 5197 ἄτομον,
2905 5132 2999 5183 καὶ
3031 5132 3091 5184 τὸ
3128 5130 3270 5197 εἶδος
3293 5173 3308 5197 ,
3344 5135 3440 5190 καὶ
3488 5139 3547 5190 τὸ
3580 5140 3759 5205 γένος,

2179 5214 2272 5265 καὶ
2297 5213 2366 5266 τὰ
2387 5214 2634 5280 τοιαῦτα,
2663 5219 2765 5271 οὑκ
2807 5221 2913 5275 εἰσὶ
2936 5223 3036 5294 τῆς
3067 5225 3360 5295 φιλοσόφου
3389 5232 3594 5300 φωῆς,
3637 5235 3759 5304 ἦτοι

2179 5307 2278 5375 τῆς
2316 5308 2578 5378 φυσικῆς,
2606 5312 2742 5366 ἀλλὰ
2773 5316 2872 5384 τῆς
2911 5315 3157 5389 λογικῆς,
3208 5321 3328 5389 ἦτοι
3359 5327 3618 5394 τεχνικῆς
3639 5340 3653 5358 ο
3691 5328 3763 5379 τά

2176 5396 2234 5451 δὲ
2266 5399 2500 5454 καθόλου
2528 5400 2630 5470 τῆς
2687 5404 2984 5475 καθολικῆς
3039 5413 3220 5482 φωνῆς
3266 5412 3327 5463 οὑ
3369 5417 3762 5486 κατηγορεῖται

2177 5490 2287 5542 τῶν
2323 5493 2585 5560 μερικῶν.
2614 5492 2680 5547 Οἱ
2709 5495 2841 5563 γοῦν
2865 5499 3192 5566 ἀγνοοῦντες
3228 5504 3328 5574 τὴν
3360 5504 3627 5577 διαφοράν
3660 5510 3760 5577 τῆς

2179 5582 2472 5651 φιλοσόφου
2527 5589 2732 5656 φωνῆς,
2776 5589 2842 5658 ἣν
2888 5590 3002 5660 ἔχει
3055 5595 3194 5664 πρὸς
3238 5596 3339 5667 τὴν
3389 5598 3635 5670 λογικὴν,
3673 5619 3762 5672 μιν

2176 5673 2487 5768 γνύουσιτά
2527 5676 2736 5746 ἄμικτα
2783 5683 3033 5751 ἀμαθῶς,
3087 5687 3162 5758 μὴ
3218 5689 3582 5757 γινώσκοντες
3632 5697 3763 5768 περὶ

2179 5764 2322 5829 τινος
2347 5765 2618 5835 λέγουσιν,
2651 5770 2683 5835 ἢ
2719 5774 2848 5835 περὶ
2877 5776 3021 5838 τίνος
3051 5777 3514 5838 διαϐεϐαιοῦνται.
