4096 6426
437 351 545 415 995

442 489 461 523 ι
534 466 661 522 llaec
724 463 850 520 dum
918 462 1103 527 aiunt,

435 561 708 615 nesciunt.
787 574 808 607 ι
881 554 996 623 Ego
1050 567 1177 608 vero
1234 552 1438 619 miror,
1492 551 1763 623 quomodo
1810 565 1909 606 vos
1966 559 2025 606 ut

437 652 614 708 dicitis
675 650 726 703 iu
777 646 1124 717 philosophia
1179 644 1402 709 nutriti,
1462 643 1682 698 incaute
1733 642 1886 697 vobis
1923 643 2021 711 ipsi

438 741 715 811 negotium
747 737 1044 794 facessitis.
1073 734 1213 789 Olim
1249 732 1513 798 Joannes,
1541 742 1663 788 tuus
1686 733 1739 786 in
1773 731 2022 794 Cessunii

436 834 747 902 episcopatu
800 831 1095 891 decessor,
1165 827 1549 880 Armeniorum
1623 824 1889 895 synodum
1939 837 2026 877 me

438 925 664 978 absente
700 923 1000 991 ingressus,
1053 917 1462 987 imperitissima
1497 930 1629 970 voce
1681 915 1846 971 missa
1896 930 2026 970 con-

439 1028 650 1069 sessum
682 1027 898 1067 omnem
944 1008 1298 1080 perturbavit.
1334 1008 1529 1063 Paucis
1564 1021 1691 1061 vero
1726 1005 2026 1076 interjectis

438 1108 630 1161 diebus
683 1119 877 1160 rursus
939 1102 1112 1158 adfuit
1162 1117 1251 1157 me
1308 1110 1573 1171 praesente
1639 1101 1691 1153 in
1765 1099 2024 1170 synodo:

437 1213 672 1268 cumque
724 1198 817 1252 ille
853 1196 1109 1266 congredi
1147 1195 1335 1257 nollet,
1376 1201 1562 1263 utpote
1594 1193 1685 1261 qui
1742 1191 1821 1265 in_
1850 1191 2025 1245 aliena

438 1291 648 1360 synodo
682 1298 1015 1351 versaretur,
1058 1302 1157 1357 ego
1192 1291 1258 1340 ad
1295 1286 1676 1340 Armeniorum
1705 1276 2025 1339 Generalem

437 1382 602 1434 verba
641 1380 742 1435 feci
779 1399 793 1436 :
825 1391 937 1434 tum
968 1379 1238 1435 sermonis
1291 1380 1395 1431 mei
1446 1392 1718 1432 summam
1778 1377 1830 1430 iu
1885 1390 2026 1444 prae-

336 1470 340 1474 ’
439 1476 644 1533 dictum
680 1479 996 1548 episc0pum
1022 1478 1373 1546 detorquens,
1401 1475 1735 1545 deprompsi,
1784 1475 2023 1539 domine,

439 1572 726 1641 quazsitum
756 1572 885 1625 illud
913 1575 1055 1639 quod
1082 1571 1135 1623 in
1168 1571 1351 1639 priore
1378 1568 1742 1636 disputatione
1764 1567 2025 1636 scriptum

438 1670 525 1715 est
579 1676 753 1731 usque
811 1661 878 1715 ad
940 1661 1098 1714 verba
1140 1677 1154 1713 :
1200 1678 1219 1711 ι
1270 1657 1402 1713 Siue
1450 1657 1754 1726 patriarcha
1811 1670 1950 1711 meo.
2002 1673 2021 1708 ι

440 1753 547 1807 Sed
599 1768 725 1808 cum
784 1752 876 1807 illo
932 1754 1146 1822 quidem
1214 1751 1568 1822 philosophiae
1626 1752 1839 1819 ignaro,
1900 1760 2029 1803 tunc

1865 342 2162 405 THEOBI
2176 342 2304 405 ANI

1183 459 1328 530 quod
1394 472 1455 515 se
1520 455 1671 531 ipsos
1727 467 1973 514 evertant
1999 497 2015 523 ,

2138 459 2352 522 ἑαυτοὺς
2374 457 2616 529 ἀτέχνως
2649 454 3102 529 παραλογίζεσθε.
3144 454 3381 527 Πέρυσιν
3412 456 3440 509 ὁ
3478 456 3585 526 πρὸ
3617 458 3712 510 σοῦ

3605 334 3716 399 9ςὸ

2127 554 2222 606 τοῦ
2258 554 2586 607 Κεσσουνίου
2612 553 2913 613 ἐπίσκοπος
2935 549 3215 618 Ἰωάννης,
3262 549 3716 620 παραγενόμενος

2128 648 2186 699 ὲν
2224 649 2291 717 τῇ
2352 646 2556 715 συνόδῳ
2601 644 2712 698 τῶν
2763 643 3071 712 Ἀρμενίων
3116 642 3350 703 ἀπόντος
3397 641 3558 709 ἐμοῦ,
3616 640 3719 694 καὶ

2128 738 2316 808 φωνῆς
2354 738 2641 806 ἀλογίστου
2688 734 2788 808 τὴν
2822 736 3043 789 σύνοδον
3073 733 3359 805 διετάραξε
3386 750 3401 766 ο
3445 736 3541 787 καὶ
3574 734 3720 803 μετά

2127 848 2280 893 τινας
2306 831 2520 903 ἡμέρας
2552 830 2715 882 πάλιν
2740 830 2923 901 παρῆν
2958 830 3121 892 αὐτὸς
3153 826 3312 896 κάγὼ
3354 826 3420 899 τῇ
3469 828 3672 896 συνόδῳ
3692 842 3715 857 ο

2128 924 2251 976 ἐπεὶ
2283 924 2341 977 δὲ
2372 927 2655 994 συντυχεῖν
2700 926 2911 986 ἐκεῖνος
2954 924 3055 976 οὐκ
3086 922 3390 992 ἠϐουλήθη,
3443 921 3516 983 ὡς
3554 920 3721 991 δῆθεν

2131 1013 2334 1083 συνόδῳ
2366 1012 2691 1085 προστυλὼν
2718 1013 3006 1085 ἀλλοτρίᾳ,
3044 1015 3183 1085 προς
3219 1016 3319 1083 μὲν
3351 1013 3444 1065 τδν
3479 1011 3722 1065 Καθολι-

2129 1105 2227 1157 κὸν
2248 1104 2356 1157 τῶν
2399 1104 2701 1174 Ἀρμενίων
2732 1106 2824 1159 τὸν
2868 1107 3027 1174 λόγον
3060 1104 3409 1174 ἐποιησάμην
3439 1102 3550 1169 ἐγώ
3573 1119 3588 1134 ·
3625 1099 3722 1154 τὸν

2130 1191 2255 1244 νοῦν
2285 1192 2343 1245 δὲ
2376 1191 2471 1244 τοῦ
2502 1190 2668 1259 λόγου
2707 1193 2844 1263 πρὸς
2866 1194 2959 1247 τὸν
2988 1193 3229 1263 ῥηθέντα
3257 1192 3559 1243 ἐπίσκοπον
3580 1192 3723 1245 ἀπο-

2127 1283 2441 1353 τεινόμενος
2490 1285 2649 1355 ἔφην,
2680 1285 2941 1351 δέσποτα,
3004 1286 3269 1356 ἐρώτημα
3329 1285 3468 1353 ὅπερ
3498 1282 3722 1353 ἐγράφη

2129 1376 2374 1443 ὄπισθεν,
2393 1378 2497 1443 ἕως
2521 1380 2615 1433 τοῦ
2655 1398 2673 1431 ι
2705 1380 2868 1433 Ἀνευ
2893 1379 2987 1433 τοῦ
3010 1379 3145 1449 ἐμοῦ
3171 1379 3515 1451 πατριάρχου
3534 1375 3648 1448 (39)
3672 1394 3721 1429 ι.

2143 1469 2286 1523 Ἀλλ’
2322 1471 2517 1541 ἐκείνῳ
2554 1472 2653 1541 μὲν
2688 1472 2811 1528 τότε
2856 1471 3385 1541 παραδειγματικῶς
3426 1470 3499 1532 ὡς
3524 1470 3728 1536 ἀφιλο-

2133 1561 2309 1631 σόφῳ,
2359 1562 2441 1614 σοι¹
2468 1562 2525 1615 δὲ
2546 1562 2639 1615 νῦν
2667 1563 2743 1627 ὡς
2770 1562 3049 1633 φιλοσόφῳ
3072 1561 3314 1631 λογικῶς
3345 1560 3678 1631 ἀποδέδειχα
3702 1574 3722 1588 ⁰

2130 1654 2327 1725 ἐκείνῳ
2366 1654 2467 1725 μὲν
2500 1655 2583 1708 ὅτι
2628 1657 2687 1710 οὐ
2726 1657 2936 1724 γίνεται
2961 1655 3159 1727 τετρὰς
3191 1657 3224 1725 ή
3259 1655 3456 1728 Τριὰς,
3500 1653 3590 1707 διὰ
3619 1652 3726 1720 τὴν

2132 1746 2456 1819 προσθήκην
2484 1748 2584 1818 τῆς
2618 1749 2813 1819 ἐτέρας
2864 1749 3080 1818 φύσεως
3099 1749 3210 1822 (40)
3240 1768 3254 1783 ο
3291 1749 3376 1803 σοὶ
3397 1748 3453 1802 δὲ
3487 1750 3568 1802 ὅτι
3598 1751 3727 1799 τότε

438 1845 687 1914 exemplo
744 1848 951 1901 abusus
987 1861 1146 1911 sum;
1188 1859 1333 1898 nunc
1387 1859 1515 1897 vero
1552 1842 1646 1897 tibi
1685 1842 2024 1911 philosopho,

2140 1841 2343 1910 μᾶλλον
2370 1844 2581 1909 γίνεται
2612 1847 2811 1914 τετρὰς
2836 1847 2869 1915 ἡ
2900 1846 3094 1917 Τριὰς,
3135 1847 3264 1899 ὅταν
3314 1841 3600 1915 ὁμοούσιον
3640 1840 3727 1892 εί-

440 1937 667 2006 logicam
721 1937 892 1993 obtuli
955 1937 1495 1992 demonstrationem.
1549 1934 1617 1990 Et
1669 1933 1742 1988 illi
1808 1935 2026 2003 quidem

439 2033 611 2099 suasi,
671 2047 778 2087 non
848 2032 965 2087 ﬁeri
1023 2034 1091 2087 de
1153 2031 1421 2086 Trinitate
1484 2029 1896 2099 quaternionem
1961 2030 2027 2084 ob
2092 2031 2317 2089 alterius
2381 2045 2591 2090 naturae
2664 2036 3065 2107 adjectionem;

2140 1952 2335 2006 πωμεν
2361 1936 2424 1990 τδ
2459 1938 2619 2009 σῶμα
2641 1942 2708 2010 τῇ
2750 1939 2844 1993 τοῦ
2875 1940 3052 2008 Λόγου
3085 1939 3325 2009 θεότητι.

3157 2036 3255 2091 tibi
3307 2049 3438 2090 vero
3488 2035 3732 2098 ostendi,

449 2139 575 2183 tunc
616 2127 857 2183 maxime
895 2126 1234 2183 deTrinitate
1268 2127 1382 2181 ﬁeri
1417 2126 1830 2195 quaternionem
1854 2164 1871 2192 ,
1904 2140 2030 2181 cum
2072 2139 2270 2195 corpus
2298 2131 2602 2188 dixerimus
2631 2131 3102 2188 consubstantiale
3129 2129 3291 2186 Verbi
3324 2128 3616 2185 divinitati.

516 2222 611 2277 llis
672 2223 878 2290 dictis,
949 2221 1231 2293 respondit
1296 2223 1584 2293 episcoiius
1652 2222 1801 2279 Elias
1861 2241 1876 2278 :
1936 2236 2034 2278 nos

441 2312 726 2368 Christum
774 2328 937 2366 unam
969 2314 1330 2368 substantiam
1382 2313 1745 2381 compositum
1780 2313 2035 2377 dicimus,

443 2412 502 2455 ut
539 2401 713 2455 sancti
750 2399 945 2455 Patres
976 2400 1196 2455 docent.
1224 2399 1569 2470 Caeteroquin
1594 2416 1694 2470 ego
1728 2400 1869 2455 haud
1912 2401 2035 2455 veni

443 2494 854 2561 disputaturos,
903 2493 998 2547 sed
1052 2492 1296 2547 fraterno
1345 2508 1498 2546 more
1558 2492 1705 2548 hunc
1767 2495 2037 2548 commovi

441 2599 774 2650 sermonem,
829 2593 890 2639 ut
927 2581 1297 2639 Romanorum
1347 2584 1413 2639 de
1445 2583 1551 2639 hac
1608 2599 1666 2638 re
1714 2586 2039 2640 sententiam

442 2692 855 2748 cognoscerem.
897 2675 1267 2747 Philosophus
1292 2687 1471 2732 autem
1499 2675 1841 2749 Theodorus,
1870 2678 1961 2747 qui
2007 2692 2038 2732 a

444 2778 634 2825 nostro
698 2768 1011 2839 patriarcha
1081 2769 1150 2824 ad
1211 2777 1263 2823 te
1329 2768 1530 2823 missus
1589 2776 1715 2835 est,
1782 2783 1879 2840 pro
1941 2782 2042 2823 suo

444 2860 698 2928 loquatur
725 2861 900 2917 libito.

517 2949 775 3006 TllEOR.
821 2951 1036 3017 Dixisri,
1073 2951 1313 3018 domine,
1361 2966 1459 3007 vos
1483 2966 1647 3007 unam
1678 2949 2038 3022 compositam

444 3042 804 3099 substantiam
849 3042 1136 3097 allirmare.
1190 3045 1290 3098 Ast
1339 3058 1438 3098 oro
1489 3057 1558 3099 ne
1599 3042 1875 3114 explicare
1905 3042 2040 3097 mihi

443 3135 693 3208 graveris
726 3137 853 3208 quid
888 3136 961 3191 sit
999 3136 1144 3206 quod
1196 3136 1275 3189 ait
1326 3135 1611 3207 theologus
1647 3134 1949 3206 Gregorius
1984 3135 2038 3190 in

444 3245 546 3285 suo
591 3229 658 3283 de
697 3225 902 3296 Spiritu
954 3236 1146 3282 sancto
1179 3240 1433 3282 sermone
1466 3244 1482 3282 :
1510 3245 1544 3303 γι
1587 3225 1646 3282 Si
1671 3236 1852 3282 autem
1905 3228 2041 3280 suh-

443 3323 641 3379 sumtia
687 3330 794 3386 est,
830 3330 885 3376 et
931 3334 1038 3375 non
1070 3319 1275 3390 aliquid
1305 3333 1498 3375 eorum
1543 3333 1666 3389 quae
1716 3318 2042 3374 substantiae

443 3416 724 3476 accidunt,
777 3421 1027 3483 superest
1080 3411 1241 3483 plane
1302 3420 1362 3466 ut
1413 3412 1495 3467 vel
1527 3419 1783 3467 creatura
1828 3412 1902 3467 sit
1956 3410 2043 3466 vel

2210 2227 2430 2282 Τούτων
2483 2230 2784 2301 ῥηθέντων,
2842 2226 2998 2283 εἶπεν
3042 2232 3070 2284 ὁ
3121 2230 3423 2294 ἐπίσκοπος
3486 2228 3721 2292 Ἠλίας’

2150 2312 2343 2382 Ἡμεῖς
2374 2316 2466 2370 τὸν
2509 2319 2745 2388 Χριστὸν
2782 2319 2910 2390 μίαν
2942 2320 3132 2372 οὐσίαν
3183 2319 3437 2374 σύνθετον
3467 2319 3731 2389 λέγομεν,

2139 2408 2213 2472 ὡς
2250 2410 2299 2463 oi
2324 2408 2474 2478 ἅγιοι
2518 2411 2769 2481 Πατέρες
2796 2412 3147 2466 διδάσκουσι·
3181 2412 3322 2482 πλὴν
3350 2411 3451 2481 μὲν
3482 2410 3593 2479 ἐγὼ
3627 2411 3735 2463 οὐκ

2138 2497 2305 2572 ἦλθον
2330 2503 2467 2573 πρὸς
2497 2503 2557 2556 τὸ
2580 2504 2951 2576 διαλεχθῆναι,
2978 2506 3095 2559 ἀλλ’
3120 2506 3428 2576 ἀδελφικῶς
3459 2505 3735 2574 κεκίνηκα

2141 2595 2232 2650 τὸν
2268 2597 2397 2668 περὶ
2429 2597 2622 2651 τούτου
2653 2597 2831 2666 λόγον,
2865 2598 3193 2668 βουλόμενος
3227 2598 3423 2669 μαθεῖν
3450 2597 3600 2668 παρά
3631 2596 3732 2650 σοῦ

2141 2688 2195 2740 τί
2222 2691 2351 2759 περὶ
2382 2690 2576 2744 τούτου
2617 2692 2873 2760 λέγουσιν
2903 2692 2954 2744 οἱ
2994 2694 3284 2763 Ῥωμαῖοι.
3341 2690 3401 2745 Ὀ
3431 2690 3734 2760 φιλόσοφος

2140 2781 2198 2835 δὲ
2229 2783 2532 2854 Θεόδωρος,
2564 2785 2592 2838 ὀ
2632 2787 2728 2837 καὶ
2762 2784 2917 2856 παρὰ
2948 2784 3041 2838 τοῦ
3071 2785 3348 2855 ἡμετέρου
3379 2786 3732 2854 πατριάρχου

2141 2877 2478 2940 ἀποσταλεὶς
2500 2878 2637 2949 πρὸς
2667 2878 2749 2943 σὲ,
2783 2877 2996 2948 λεγέτω
3022 2881 3083 2931 τὸ
3115 2877 3311 2933 δοκοῦν
3336 2876 3485 2947 αὐτῷ
3513 2876 3652 2946 (41).

2226 2969 2286 3022 Ὀ
2302 2968 2497 3024 ΘΕΩΡ.
2514 2968 2712 3034 Εἷπας,
2725 2971 2990 3034 δέσποτα,
3003 2972 3087 3025 ὅτι
3109 2972 3242 3040 μίαν
3262 2968 3519 3023 σύνθετον
3534 2966 3729 3022 οὐσίαν

2141 3061 2329 3131 λέγετε
2366 3080 2381 3095 ο
2416 3065 2515 3117 καὶ
2544 3064 2881 3135 παρακαλῶ,
2929 3065 3004 3136 μὴ
3041 3063 3363 3135 ἀπαξιώσῃς
3391 3060 3734 3133 ἑρμηνεῦσαί

2144 3173 2260 3226 μοι,
2298 3157 2354 3210 τί
2381 3158 2528 3210 ἐστιν
2571 3157 2599 3210 δ
2640 3158 2790 3227 λέγει
2836 3158 2865 3210 ὁ
2890 3156 3155 3227 Θεολόγος
3200 3156 3503 3229 Γρηγόριος
3554 3156 3613 3208 ἐν
3651 3154 3737 3226 τῷ

2142 3250 2398 3321 περὶτοῦ
2430 3251 2588 3319 ἁγίου
2620 3251 2939 3319 Πνεύματος
2970 3250 3116 3323 λόγῳ
3147 3267 3160 3281 ·
3202 3269 3221 3304 ι
3257 3252 3321 3304 El
3355 3250 3401 3304 δ’
3425 3250 3585 3304 οὐσία
3622 3266 3737 3316 τις,

2142 3342 2202 3394 ού
2233 3342 2344 3395 τῶν
2383 3343 2515 3413 ’περὶ⁷
2541 3343 2640 3411 τὴν
2670 3342 2884 3405 οὐσίαν,
2918 3341 3040 3413 ἦτοι
3080 3342 3291 3411 κτίσμα
3342 3340 3734 3411 ύποληφθήσε-

2142 3454 2235 3489 ται.
2269 3436 2302 3507 ἢ
2335 3436 2470 3501 Θεός
2504 3453 2516 3466 ·
2561 3438 2729 3507 μέσον
2758 3437 2869 3508 γάρ
2901 3453 2984 3489 τοι
3015 3435 3244 3503 τούτων,
3280 3436 3400 3506 ἦτοι
3431 3435 3736 3505 μηδετέρου

449 3508 610 3562 Deus.
651 3503 788 3559 Nam
828 3506 1046 3560 mediuu
1118 3504 1258 3572 quid-
1297 3506 1439 3559 inter
1469 3505 1606 3571 haec,
1655 3505 1736 3559 vel
1783 3504 2033 3560 neutrius

2148 3503 2404 3601 μετέγον,
2449 3530 2482 3602 ἢ
2535 3503 2594 3597 ἐξ
2644 3503 2848 3600 ἀμφοῖν
2916 3528 3194 3596 σύνθετον,
3246 3503 3356 3581 ούδ⁹
3397 3526 3465 3580 ἂν
3496 3503 3568 3580 -οί
3606 3503 3737 3589 τοὺς

445 3597 746 3669 particeps,
770 3596 855 3651 vel
886 3611 949 3651 ex
975 3596 1237 3651 ambobus
1259 3609 1641 3665 composuum,
1663 3611 1733 3649 ne
1760 3596 1793 3650 ii
1818 3596 2036 3665 quidem

449 3687 771 3756 cogitahunt
824 3686 917 3756 qui
980 3695 1274 3741 centauros
1328 3686 1430 3739 sibi
1467 3687 1802 3754 contingunt.
1849 3704 1868 3737 ι
1927 3684 2041 3741 Cur

445 3793 577 3848 ergo
609 3793 702 3832 vos
736 3777 1089 3845 compositam
1124 3776 1489 3832 substantiam
1524 3774 1803 3831 Christum
1829 3776 2036 3843 dicitis,

448 3884 618 3941 quum
653 3868 939 3939 theologus
971 3868 1328 3938 compositam
1383 3868 1752 3923 submantiam
1813 3884 2040 3938 prorsus

448 3959 701 4031 ignoret?

523 4051 733 4108 EPISC.
759 4052 875 4106 Dixi
902 4052 1036 4123 jam,
1094 4065 1180 4105 me
1230 4053 1296 4106 ad
1345 4051 1736 4121 pisputandum
1778 4052 1883 4107 huc
1922 4067 2027 4105 non

448 4145 688 4199 venisse.
721 4145 823 4199 Aio
872 4154 1051 4198 tamen
1084 4142 1229 4199 haud
1280 4159 1534 4214 magnam
1566 4158 1687 4199 esse
1732 4153 1976 4198 nostram
2010 4160 2040 4198 a

2147 3623 2528 3694 τραγελάφους
2579 3623 2916 3686 πλάττοντες
2970 3624 3312 3695 ὲννοήσαιεν.
3346 3640 3364 3674 ι
3401 3621 3525 3683 Πῶς
3572 3619 3737 3690 ὑμεῖς

2149 3716 2248 3787 μὲν
2280 3716 2534 3771 σύνθετον
2571 3716 2759 3770 οὐσίαν
2783 3717 2976 3787 λέγετε
3006 3716 3099 3770 τὸν
3126 3715 3384 3785 Χριστὸν,
3414 3714 3442 3766 ὁ
3467 3714 3736 3782 Θεολόγος

2143 3808 2199 3862 δὲ
2227 3806 2485 3861 σύνθετον
2522 3807 2714 3862 οὐσίαν
2742 3806 3011 3878 ἠγνόησεν
3041 3806 3242 3870 ὀλικῶς
3266 3823 3282 3875 ;

2225 4048 2283 4102 Ὀ
2302 4047 2429 4102 Ἐῐῐ.
2467 4047 2790 4119 Προείρηκά
2808 4064 2914 4113 σοι,
2939 4048 3021 4101 ὅτι
3043 4047 3145 4101 οὐκ
3172 4043 3339 4121 ἦλθον
3369 4048 3731 4121 διαλεχθησό-

2146 4157 2307 4212 μενος
2335 4157 2349 4172 ο
2380 4140 2524 4209 λέγω
2552 4140 2607 4194 δὲ
2651 4142 2735 4195 ὅτι
2769 4142 2933 4212 μέσον
2961 4142 3121 4214 ἡμῶν
3154 4144 3249 4197 καὶ
3289 4143 3443 4213 ὑμῶν
3481 4145 3582 4198 ούκ
3612 4145 3733 4199 ἔστι

446 4236 606 4290 vobis
641 4237 1091 4306 discrepantiam.
1146 4235 1241 4290 llis
1287 4236 1471 4302 dictis,
1509 4234 1679 4306 Syrus
1704 4236 1924 4304 quidam
1955 4250 2033 4289 sa-

2148 4234 2291 4305 μέγα
2326 4234 2576 4305 σφάλμα.
2605 4234 2825 4289 Τούτων
2851 4236 2996 4290 οὕτω
3042 4237 3353 4307 ῥηθέντων,
3382 4238 3623 4303 ἀναστὰς
3657 4241 3735 4293 ἱε-

448 4328 643 4384 cerdos
707 4343 1012 4398 exsurgens
1064 4328 1144 4383 ait
1205 4326 1514 4382 Theoriano
1563 4344 1576 4380 :
1639 4325 1751 4381 Cur
1806 4325 2033 4382 frontem

2148 4327 2277 4399 ρεύς
2307 4344 2391 4392 τις
2422 4328 2534 4380 τῶν
2568 4327 2757 4397 Σύρων
2783 4324 2906 4381 εἶπε
2952 4331 3089 4399 πρὸς
3117 4329 3215 4383 τὸν
3244 4330 3558 4400 Θεωριανόν
3587 4348 3601 4365 ο
3631 4334 3736 4385 Διὰ

450 4422 679 4493 signatis
728 4423 942 4479 duobus
997 4421 1229 4493 digitis?
1282 4437 1465 4477 nonne
1516 4422 1666 4493 digiti
1724 4421 2033 4492 singillatim

2142 4418 2198 4472 τί
2252 4418 2589 4489 σφραγίζετε
2624 4419 2915 4484 δακτύλοις
2968 4420 3162 4487 δυσίνς
3210 4423 3326 4476 Οὐκ
3375 4424 3517 4476 είσὶν
3560 4424 3611 4477 οἱ
3640 4422 3735 4479 δά-

448 4515 610 4569 divisi
658 4514 829 4570 sunt?
869 4524 925 4568 ut
952 4513 1075 4569 dua:
1116 4513 1321 4569 Christi
1360 4522 1571 4569 natura:
1602 4524 1865 4584 separata:
1901 4514 2033 4585 apud

2143 4509 2331 4563 κτυλοι
2361 4511 2863 4582 διακεχωρισμένοι
2898 4514 3003 4566 ἀνὰ
3045 4512 3254 4583 μέρο;;
3297 4516 3500 4569 Λοιπὸν
3543 4519 3636 4570 καὶ
3673 4518 3732 4571 αἱ

452 4621 554 4667 vos
615 4607 930 4661 credantur.
984 4606 1083 4661 Cui
1130 4605 1469 4661 Theorianus
1512 4607 1668 4675 quasi
1700 4605 2033 4673 jocabundus

2140 4603 2235 4656 δύο
2287 4602 2478 4671 φύσεις
2531 4604 2627 4655 τοῦ
2677 4602 2916 4674 Χριστοῦ
2965 4608 3377 4676 κεχωρισμέναι
3440 4608 3549 4661 εἰσὶ
3606 4609 3733 4663 καθ’

452 4696 736 4766 respondit
773 4713 788 4750 :
828 4696 949 4751 Non
986 4708 1045 4750 ut
1077 4700 1215 4752 duas
1249 4696 1452 4753 Christi
1505 4708 1730 4753 naturas
1772 4697 2033 4766 signitice-

2144 4696 2311 4765 ὑμᾶς.
2357 4694 2415 4748 Ὀ
2449 4696 2507 4749 δὲ
2553 4696 2864 4767 Θεωριανδς
2916 4694 3032 4750 οἷον
3089 4699 3483 4768 ἀστεῖζόμενος
3524 4696 3680 4754 εἶπεν
3716 4716 3732 4731 ·

458 4805 605 4856 mus,
640 4790 692 4843 id
720 4790 966 4859 agimus;
998 4791 1091 4845 Sed
1115 4790 1240 4860 quia
1266 4790 1552 4863 tyrannide
1576 4789 1775 4845 diaboli
1803 4789 2033 4855 liberati,

2147 4788 2222 4841 Ού
2251 4788 2352 4850 τὰς
2385 4786 2481 4841 δύο
2527 4787 2719 4855 φύσεις
2767 4787 2864 4840 τοῦ
2913 4788 3154 4858 Χριστοῦ
3190 4791 3550 4859 σημαίνοντες
3587 4791 3734 4847 οὕτω

450 4879 631 4932 edocti
702 4876 910 4932 fuimus
966 4880 1138 4934 aciem
1196 4881 1460 4936 adversus
1522 4881 1673 4935 illum
1730 4879 2033 4949 bellumque

2141 4879 2388 4951 δρῶμεν,
2409 4879 2547 4932 ἀλλὰ
2579 4880 2679 4949 τῆς
2712 4881 3029 4951 τυραννίδος
3061 4881 3155 4934 τοῦ
3185 4881 3435 4937 διαϐόλου
3485 4885 3735 4939 ἀπαλλα-

453 4974 730 5049 instruere
764 4988 779 5026 :
809 4980 865 5027 et
895 4974 1150 5026 inanibus
1175 4972 1391 5042 quidem
1418 4969 1709 5039 justitiam,
1741 4959 2042 5039 elecmusy-

454 5081 606 5132 nam,
635 5076 959 5134 ceterasque
991 5066 1222 5119 virtutes
1251 5078 1564 5132 operantur,
1593 5077 1713 5131 quae
1748 5071 1833 5116 est
1873 5061 2039 5114 veluti

448 5161 596 5215 acies
631 5161 901 5215 instructa
936 5173 1101 5213 :cum
1151 5166 1333 5211 autem
1365 5156 1551 5222 digitis
1593 5156 1805 5224 signum
1837 5152 2039 5208 Christi

490 5297 638 5371 (‘59)
677 5299 819 5371 Ante
853 5299 957 5371 hoc
1003 5298 1356 5371 atlaniussim.
1388 5296 1711 5351 vocabulum
1749 5295 1930 5371 hiatus
1961 5306 2046 5350 cst

455 5367 613 5425 editae
658 5370 859 5439 prioris
905 5369 1318 5439 disputationis,
1371 5383 1534 5437 quem
1587 5381 1721 5437 ergo
1749 5367 2041 5421 ‘defectum

455 5456 555 5511 ονε
582 5438 787 5511 codicis
819 5438 1068 5495 Vaticani
1099 5440 1333 5511 explevi.

524 5512 639 5580 (40)
686 5508 898 5580 Yidesis
945 5511 1056 5580 haec
1093 5510 1145 5564 in
1174 5506 1364 5579 priore
1394 5507 1784 5579 disputatione.
1825 5523 1878 5576 p.
1910 5506 2038 5561 466.

525 5579 639 5651 (Η)
683 5579 849 5634 Recte
879 5579 1171 5649 episcopus
1204 5580 1491 5633 Theodoro
1519 5580 1830 5651 disputandi
1861 5590 2042 5646 partes

453 5649 618 5715 cedit,
650 5665 812 5718 quem
867 5656 950 5704 sui
1003 5651 1263 5717 temporis
1325 5652 1492 5704 luisse
1542 5649 1924 5718 doctissimum
1975 5657 2032 5701 et

454 5716 984 5787 eloquentissimum,
1032 5716 1354 5790 linguasque
1403 5721 1672 5790 Graecam,
1726 5716 2031 5789 Syriacam,

459 5807 510 5843 ei
563 5791 951 5849 Saracenicam
996 5789 1280 5857 calluisse,
1332 5794 1409 5847 ait
1445 5789 1841 5857 Bar-llcbrwus
1893 5791 2036 5858 apud

2140 4972 2353 5038 γέντες,
2387 4970 2746 5042 ἐδιδάχθημεν
2780 4971 3094 5044 παράταξιν
3129 4976 3306 5028 ποιεῖν
3361 4978 3485 5028 κατ’
3516 4979 3731 5032 ἐκείνου

2139 5062 2235 5116 καὶ
2269 5063 2527 5132 πόλεμον,
2562 5066 2681 5125 ταῖς
2718 5063 2819 5133 μὲν
2863 5067 3054 5136 χερσὶν
3105 5067 3470 5138 ἐργαζόμενοι
3518 5070 3733 5124 δικαιο-

2140 5154 2308 5225 σύνην
2368 5154 2464 5208 καὶ
2521 5153 2897 5226 ἐλεημοσύνην
2956 5157 3052 5209 καὶ
3102 5157 3201 5221 τὰς
3258 5158 3453 5224 λοιπὰς
3503 5160 3736 5231 ἀρετὰς,

2147 5297 2511 5350 Assemanum
2543 5294 2798 5352 Bibliotli.
2821 5298 3034 5363 arium,
3067 5307 3106 5353 t.
3139 5296 3205 5364 ll,
3238 5315 3291 5362 [ι.
3313 5298 3440 5353 215.
3473 5299 3732 5355 Attamen

2147 5380 2251 5437 ego
2307 5369 2494 5437 miror,
2550 5367 2751 5420 nullam
2810 5369 3069 5437 deinceps
3118 5384 3148 5423 a
3201 5368 3515 5424 Tlieoriano
3562 5373 3734 5425 scribi

2148 5435 2425 5509 ξιίιιυοόριὴ
2467 5437 2915 5509 disputationem,
2955 5435 3180 5508 eicepta
3230 5443 3481 5494 clausula
3537 5443 3588 5495 in
3620 5457 3734 5509 qua

2148 5505 2289 5581 idem
2323 5506 2643 5581 Theodorus
2678 5508 2742 5581 ad
2794 5505 3194 5581 catholicorum
3228 5524 3413 5578 partes
3444 5526 3500 5565 se
3530 5505 3732 5581 prope-

2147 5576 2365 5647 modum
2389 5578 2621 5631 transire
2640 5580 2788 5631 dicit.
2814 5578 2939 5631 Mihi
2968 5580 3135 5647 igitur
3155 5576 3448 5635 Tltcot‘iaui
3475 5576 3733 5635 tractatio

2140 5662 2261 5770 quu
2328 5644 2592 5703 Jacohltis
2672 5650 2925 5703 inchoata
2978 5644 3161 5719 potius
3234 5666 3397 5728 quam
3489 5660 3736 5723 perlecta

2142 5730 2195 5769 vr
2236 5728 2378 5770 etur.

2142 5728 2378 5773 νιαειυτ.
