  <div class='ocr_page' id='page_1' title='image "/cluster/home/n/w/nwhite01/storage/ocr_20150623/133/coo.31924054870385/162.png"; bbox 0 0 4096 6398; ppageno 0'>
   <div class='ocr_carea' id='block_1_1' title="bbox 379 423 3662 498">
    <p class='ocr_par' dir='ltr' id='par_1_1' title="bbox 379 423 3662 498">
     <span class='ocr_line' id='line_1_1' title="bbox 379 423 3662 498; baseline 0.002 -8"><span class='ocrx_word' id='word_1_1' title='bbox 379 423 486 491; x_wconf 80' lang='lat'><strong>309</strong></span> <span class='ocrx_word' id='word_1_2' title='bbox 1585 431 2133 494; x_wconf 76' lang='lat' dir='ltr'><strong>HISTORIARUM</strong></span> <span class='ocrx_word' id='word_1_3' title='bbox 2175 430 2324 493; x_wconf 84' lang='lat' dir='ltr'><strong>LIB.</strong></span> <span class='ocrx_word' id='word_1_4' title='bbox 2369 432 2421 495; x_wconf 89' lang='grc' dir='ltr'><strong>Ι.</strong></span> <span class='ocrx_word' id='word_1_5' title='bbox 3545 433 3662 498; x_wconf 82' lang='lat'><strong>310</strong></span> 
     </span>
    </p>
   </div>
   <div class='ocr_carea' id='block_1_2' title="bbox 380 538 3662 613">
    <p class='ocr_par' dir='ltr' id='par_1_2' title="bbox 380 538 3662 613">
     <span class='ocr_line' id='line_1_2' title="bbox 380 538 3662 613; baseline 0 -20"><span class='ocrx_word' id='word_1_6' title='bbox 380 553 478 593; x_wconf 82' lang='lat' dir='ltr'><strong>sua</strong></span> <span class='ocrx_word' id='word_1_7' title='bbox 508 554 656 603; x_wconf 87' lang='lat' dir='ltr'><strong>esse,</strong></span> <span class='ocrx_word' id='word_1_8' title='bbox 687 554 796 596; x_wconf 89' lang='lat' dir='ltr'><strong>non</strong></span> <span class='ocrx_word' id='word_1_9' title='bbox 832 540 1101 611; x_wconf 79' lang='lat' dir='ltr'><strong>militum,</strong></span> <span class='ocrx_word' id='word_1_10' title='bbox 1132 541 1446 600; x_wconf 87' lang='lat' dir='ltr'><strong>voluerunt.</strong></span> <span class='ocrx_word' id='word_1_11' title='bbox 1482 541 1761 613; x_wconf 84' lang='lat' dir='ltr'><strong>Quidquid</strong></span> <span class='ocrx_word' id='word_1_12' title='bbox 1794 544 1886 609; x_wconf 87' lang='lat' dir='ltr'><strong>sit,</strong></span> <span class='ocrx_word' id='word_1_13' title='bbox 1922 541 2097 598; x_wconf 87' lang='lat' dir='ltr'><strong>babes</strong></span> <span class='ocrx_word' id='word_1_14' title='bbox 2140 548 2291 596; x_wconf 90' lang='lat' dir='ltr'><strong>certe</strong></span> <span class='ocrx_word' id='word_1_15' title='bbox 2327 545 2547 613; x_wconf 83' lang='lat' dir='ltr'><strong>erutum</strong></span> <span class='ocrx_word' id='word_1_16' title='bbox 2593 538 2842 596; x_wconf 78' lang='lat' dir='ltr'><strong>tenebris</strong></span> <span class='ocrx_word' id='word_1_17' title='bbox 2876 552 2940 596; x_wconf 90' lang='lat' dir='ltr'><strong>ac</strong></span> <span class='ocrx_word' id='word_1_18' title='bbox 2968 552 3194 595; x_wconf 76' lang='lat' dir='ltr'><strong>carcere</strong></span> <span class='ocrx_word' id='word_1_19' title='bbox 3226 552 3373 597; x_wconf 79' lang='lat' dir='ltr'><strong>caeco</strong></span> <span class='ocrx_word' id='word_1_20' title='bbox 3404 543 3662 598; x_wconf 90' lang='lat' dir='ltr'><strong>omnibus</strong></span> 
     </span>
    </p>
   </div>
   <div class='ocr_carea' id='block_1_3' title="bbox 378 610 3660 703">
    <p class='ocr_par' dir='ltr' id='par_1_3' title="bbox 378 610 3660 703">
     <span class='ocr_line' id='line_1_3' title="bbox 378 610 3660 703; baseline 0.001 -22"><span class='ocrx_word' id='word_1_21' title='bbox 378 625 685 697; x_wconf 66' lang='lat' dir='ltr'><strong>aequalibus</strong></span> <span class='ocrx_word' id='word_1_22' title='bbox 732 628 958 696; x_wconf 78' lang='lat' dir='ltr'><strong>ingenio</strong></span> <span class='ocrx_word' id='word_1_23' title='bbox 990 638 1048 687; x_wconf 90' lang='lat' dir='ltr'><strong>et</strong></span> <span class='ocrx_word' id='word_1_24' title='bbox 1077 610 1333 688; x_wconf 84' lang='lat' dir='ltr'><strong>claritate</strong></span> <span class='ocrx_word' id='word_1_25' title='bbox 1366 647 1463 687; x_wconf 89' lang='lat' dir='ltr'><strong>sua</strong></span> <span class='ocrx_word' id='word_1_26' title='bbox 1496 610 1881 703; x_wconf 74' lang='lat' dir='ltr'><strong>praelucentem</strong></span> <span class='ocrx_word' id='word_1_27' title='bbox 1930 630 2293 700; x_wconf 76' lang='lat' dir='ltr'><strong>scriptorem;</strong></span> <span class='ocrx_word' id='word_1_28' title='bbox 2344 635 2420 695; x_wconf 86' lang='lat' dir='ltr'><strong>et,</strong></span> <span class='ocrx_word' id='word_1_29' title='bbox 2469 610 2617 698; x_wconf 73' lang='lat' dir='ltr'><strong>quod</strong></span> <span class='ocrx_word' id='word_1_30' title='bbox 2665 627 2860 691; x_wconf 83' lang='lat' dir='ltr'><strong>babes,</strong></span> <span class='ocrx_word' id='word_1_31' title='bbox 2894 627 3099 699; x_wconf 75' lang='lat' dir='ltr'><strong>gratias</strong></span> <span class='ocrx_word' id='word_1_32' title='bbox 3133 628 3239 684; x_wconf 88' lang='lat' dir='ltr'><strong>hoc</strong></span> <span class='ocrx_word' id='word_1_33' title='bbox 3273 643 3402 700; x_wconf 75' lang='lat' dir='ltr'><strong>ages</strong></span> <span class='ocrx_word' id='word_1_34' title='bbox 3439 633 3660 684; x_wconf 86' lang='lat' dir='ltr'><strong>nomine</strong></span> 
     </span>
    </p>
   </div>
   <div class='ocr_carea' id='block_1_4' title="bbox 379 714 3658 789">
    <p class='ocr_par' dir='ltr' id='par_1_4' title="bbox 379 714 3658 789">
     <span class='ocr_line' id='line_1_4' title="bbox 379 714 3658 789; baseline 0.001 -22"><span class='ocrx_word' id='word_1_35' title='bbox 379 714 670 770; x_wconf 78' lang='lat' dir='ltr'><strong>industriae</strong></span> <span class='ocrx_word' id='word_1_36' title='bbox 696 724 752 771; x_wconf 89' lang='lat' dir='ltr'><strong>et</strong></span> <span class='ocrx_word' id='word_1_37' title='bbox 783 716 1105 773; x_wconf 84' lang='lat' dir='ltr'><strong>liberalitati</strong></span> <span class='ocrx_word' id='word_1_38' title='bbox 1138 718 1463 789; x_wconf 87' lang='lat' dir='ltr'><strong>amplissimi</strong></span> <span class='ocrx_word' id='word_1_39' title='bbox 1509 728 1674 789; x_wconf 88' lang='lat' dir='ltr'><strong>atque</strong></span> <span class='ocrx_word' id='word_1_40' title='bbox 1706 718 1897 789; x_wconf 83' lang='lat' dir='ltr'><strong>inclyti</strong></span> <span class='ocrx_word' id='word_1_41' title='bbox 1941 718 2182 774; x_wconf 84' lang='lat' dir='ltr'><strong>nominis</strong></span> <span class='ocrx_word' id='word_1_42' title='bbox 2214 717 2317 771; x_wconf 86' lang='lat' dir='ltr'><strong>viri</strong></span> <span class='ocrx_word' id='word_1_43' title='bbox 2349 716 2524 771; x_wconf 87' lang='lat' dir='ltr'><strong>lsaaci</strong></span> <span class='ocrx_word' id='word_1_44' title='bbox 2557 714 2756 781; x_wconf 82' lang='lat' dir='ltr'><strong>Vossii,</strong></span> <span class='ocrx_word' id='word_1_45' title='bbox 2801 715 2896 786; x_wconf 90' lang='lat' dir='ltr'><strong>qui</strong></span> <span class='ocrx_word' id='word_1_46' title='bbox 2940 732 3064 771; x_wconf 90' lang='lat' dir='ltr'><strong>eum</strong></span> <span class='ocrx_word' id='word_1_47' title='bbox 3098 730 3130 770; x_wconf 90' lang='lat' dir='ltr'><strong>e</strong></span> <span class='ocrx_word' id='word_1_48' title='bbox 3157 716 3345 773; x_wconf 84' lang='lat' dir='ltr'><strong>codice</strong></span> <span class='ocrx_word' id='word_1_49' title='bbox 3378 717 3658 772; x_wconf 70' lang='lat' dir='ltr'><strong>Vaticanze</strong></span> 
     </span>
    </p>
   </div>
   <div class='ocr_carea' id='block_1_5' title="bbox 378 801 3654 876">
    <p class='ocr_par' dir='ltr' id='par_1_5' title="bbox 378 801 3654 876">
     <span class='ocr_line' id='line_1_5' title="bbox 378 801 3654 876; baseline 0.001 -20"><span class='ocrx_word' id='word_1_50' title='bbox 378 801 730 859; x_wconf 70' lang='lat' dir='ltr'><strong>bibliothecae</strong></span> <span class='ocrx_word' id='word_1_51' title='bbox 776 806 1115 876; x_wconf 77' lang='lat' dir='ltr'><strong>exscriptum</strong></span> <span class='ocrx_word' id='word_1_52' title='bbox 1165 807 1470 876; x_wconf 89' lang='lat' dir='ltr'><strong>majoribus</strong></span> <span class='ocrx_word' id='word_1_53' title='bbox 1508 807 1784 863; x_wconf 89' lang='lat' dir='ltr'><strong>distentus</strong></span> <span class='ocrx_word' id='word_1_54' title='bbox 1815 808 1966 862; x_wconf 88' lang='lat' dir='ltr'><strong>curis</strong></span> <span class='ocrx_word' id='word_1_55' title='bbox 1999 807 2156 871; x_wconf 81' lang='lat' dir='ltr'><strong>mibi,</strong></span> <span class='ocrx_word' id='word_1_56' title='bbox 2192 812 2252 861; x_wconf 90' lang='lat' dir='ltr'><strong>ut</strong></span> <span class='ocrx_word' id='word_1_57' title='bbox 2283 804 2425 875; x_wconf 84' lang='lat' dir='ltr'><strong>juris</strong></span> <span class='ocrx_word' id='word_1_58' title='bbox 2458 803 2696 859; x_wconf 83' lang='lat' dir='ltr'><strong>facerem</strong></span> <span class='ocrx_word' id='word_1_59' title='bbox 2745 803 2969 873; x_wconf 85' lang='lat' dir='ltr'><strong>publici,</strong></span> <span class='ocrx_word' id='word_1_60' title='bbox 3002 804 3230 858; x_wconf 87' lang='lat' dir='ltr'><strong>donavit</strong></span> <span class='ocrx_word' id='word_1_61' title='bbox 3263 822 3276 860; x_wconf 88' lang='lat'><strong>:</strong></span> <span class='ocrx_word' id='word_1_62' title='bbox 3313 821 3491 861; x_wconf 89' lang='lat' dir='ltr'><strong>meum</strong></span> <span class='ocrx_word' id='word_1_63' title='bbox 3524 806 3568 860; x_wconf 89' lang='lat' dir='ltr'><strong>si</strong></span> <span class='ocrx_word' id='word_1_64' title='bbox 3603 808 3654 859; x_wconf 93' lang='lat' dir='ltr'><strong>in</strong></span> 
     </span>
    </p>
   </div>
   <div class='ocr_carea' id='block_1_6' title="bbox 377 891 3659 965">
    <p class='ocr_par' dir='ltr' id='par_1_6' title="bbox 377 891 3659 965">
     <span class='ocr_line' id='line_1_6' title="bbox 377 891 3659 965; baseline 0.001 -22"><span class='ocrx_word' id='word_1_65' title='bbox 377 891 651 946; x_wconf 83' lang='lat' dir='ltr'><strong>vertendo</strong></span> <span class='ocrx_word' id='word_1_66' title='bbox 703 892 1145 963; x_wconf 83' lang='lat' dir='ltr'><strong>illustrandoque</strong></span> <span class='ocrx_word' id='word_1_67' title='bbox 1194 894 1437 951; x_wconf 84' lang='lat' dir='ltr'><strong>studium</strong></span> <span class='ocrx_word' id='word_1_68' title='bbox 1489 896 1655 952; x_wconf 90' lang='lat' dir='ltr'><strong>modo</strong></span> <span class='ocrx_word' id='word_1_69' title='bbox 1706 895 2015 965; x_wconf 78' lang='lat' dir='ltr'><strong>agnoveris,</strong></span> <span class='ocrx_word' id='word_1_70' title='bbox 2063 894 2308 963; x_wconf 87' lang='lat' dir='ltr'><strong>amplum</strong></span> <span class='ocrx_word' id='word_1_71' title='bbox 2358 894 2492 947; x_wconf 85' lang='lat' dir='ltr'><strong>satis</strong></span> <span class='ocrx_word' id='word_1_72' title='bbox 2541 892 2827 948; x_wconf 77' lang='lat' dir='ltr'><strong>collocatae</strong></span> <span class='ocrx_word' id='word_1_73' title='bbox 2865 907 3045 963; x_wconf 66' lang='lat' dir='ltr'><strong>Opera:</strong></span> <span class='ocrx_word' id='word_1_74' title='bbox 3093 893 3380 962; x_wconf 83' lang='lat' dir='ltr'><strong>praemium</strong></span> <span class='ocrx_word' id='word_1_75' title='bbox 3431 894 3659 948; x_wconf 74' lang='lat' dir='ltr'><strong>videbor</strong></span> 
     </span>
    </p>
   </div>
   <div class='ocr_carea' id='block_1_7' title="bbox 378 978 3660 1053">
    <p class='ocr_par' dir='ltr' id='par_1_7' title="bbox 378 978 3660 1053">
     <span class='ocr_line' id='line_1_7' title="bbox 378 978 3660 1053; baseline 0.001 -22"><span class='ocrx_word' id='word_1_76' title='bbox 378 979 658 1036; x_wconf 84' lang='lat' dir='ltr'><strong>retulisse.</strong></span> <span class='ocrx_word' id='word_1_77' title='bbox 690 978 960 1037; x_wconf 84' lang='lat' dir='ltr'><strong>Omnibus</strong></span> <span class='ocrx_word' id='word_1_78' title='bbox 986 983 1136 1038; x_wconf 88' lang='lat' dir='ltr'><strong>enim</strong></span> <span class='ocrx_word' id='word_1_79' title='bbox 1170 983 1333 1040; x_wconf 87' lang='lat' dir='ltr'><strong>bonis</strong></span> <span class='ocrx_word' id='word_1_80' title='bbox 1364 992 1420 1038; x_wconf 91' lang='lat' dir='ltr'><strong>et</strong></span> <span class='ocrx_word' id='word_1_81' title='bbox 1455 984 1774 1040; x_wconf 84' lang='lat' dir='ltr'><strong>amantibus</strong></span> <span class='ocrx_word' id='word_1_82' title='bbox 1799 1000 2013 1047; x_wconf 89' lang='lat' dir='ltr'><strong>eorum,</strong></span> <span class='ocrx_word' id='word_1_83' title='bbox 2044 984 2140 1053; x_wconf 89' lang='lat' dir='ltr'><strong>qui</strong></span> <span class='ocrx_word' id='word_1_84' title='bbox 2180 981 2401 1037; x_wconf 77' lang='lat' dir='ltr'><strong>laudent</strong></span> <span class='ocrx_word' id='word_1_85' title='bbox 2432 981 2652 1051; x_wconf 81' lang='lat' dir='ltr'><strong>assequi</strong></span> <span class='ocrx_word' id='word_1_86' title='bbox 2687 997 2754 1036; x_wconf 80' lang='lat' dir='ltr'><strong>ex</strong></span> <span class='ocrx_word' id='word_1_87' title='bbox 2786 981 2988 1036; x_wconf 87' lang='lat' dir='ltr'><strong>studiis</strong></span> <span class='ocrx_word' id='word_1_88' title='bbox 3020 982 3406 1046; x_wconf 85' lang='lat' dir='ltr'><strong>connituntur,</strong></span> <span class='ocrx_word' id='word_1_89' title='bbox 3438 982 3660 1035; x_wconf 73' lang='lat' dir='ltr'><strong>Satisfe-</strong></span> 
     </span>
    </p>
   </div>
   <div class='ocr_carea' id='block_1_8' title="bbox 376 1067 3653 1141">
    <p class='ocr_par' dir='ltr' id='par_1_8' title="bbox 376 1067 3653 1141">
     <span class='ocr_line' id='line_1_8' title="bbox 376 1067 3653 1141; baseline -0 -19"><span class='ocrx_word' id='word_1_90' title='bbox 376 1067 516 1123; x_wconf 82' lang='lat' dir='ltr'><strong>cisse</strong></span> <span class='ocrx_word' id='word_1_91' title='bbox 548 1083 639 1121; x_wconf 73' lang='lat' dir='ltr'><strong>nte</strong></span> <span class='ocrx_word' id='word_1_92' title='bbox 664 1083 767 1138; x_wconf 88' lang='lat' dir='ltr'><strong>pro</strong></span> <span class='ocrx_word' id='word_1_93' title='bbox 793 1069 1180 1125; x_wconf 85' lang='lat' dir='ltr'><strong>mediocritate</strong></span> <span class='ocrx_word' id='word_1_94' title='bbox 1211 1086 1328 1126; x_wconf 90' lang='lat' dir='ltr'><strong>mea</strong></span> <span class='ocrx_word' id='word_1_95' title='bbox 1354 1086 1538 1140; x_wconf 89' lang='lat' dir='ltr'><strong>spero.</strong></span> <span class='ocrx_word' id='word_1_96' title='bbox 1568 1072 1626 1127; x_wconf 89' lang='lat' dir='ltr'><strong>Si</strong></span> <span class='ocrx_word' id='word_1_97' title='bbox 1657 1072 1750 1140; x_wconf 84' lang='lat' dir='ltr'><strong>qui</strong></span> <span class='ocrx_word' id='word_1_98' title='bbox 1784 1069 2143 1141; x_wconf 86' lang='lat' dir='ltr'><strong>supercilium</strong></span> <span class='ocrx_word' id='word_1_99' title='bbox 2178 1069 2404 1125; x_wconf 86' lang='lat' dir='ltr'><strong>induere</strong></span> <span class='ocrx_word' id='word_1_100' title='bbox 2437 1069 2639 1134; x_wconf 90' lang='lat' dir='ltr'><strong>volent,</strong></span> <span class='ocrx_word' id='word_1_101' title='bbox 2675 1079 2730 1124; x_wconf 94' lang='lat' dir='ltr'><strong>et</strong></span> <span class='ocrx_word' id='word_1_102' title='bbox 2760 1068 2815 1123; x_wconf 90' lang='lat' dir='ltr'><strong>in</strong></span> <span class='ocrx_word' id='word_1_103' title='bbox 2848 1069 2979 1123; x_wconf 79' lang='lat' dir='ltr'><strong>vitia</strong></span> <span class='ocrx_word' id='word_1_104' title='bbox 3009 1077 3118 1124; x_wconf 82' lang='lat' dir='ltr'><strong>tam</strong></span> <span class='ocrx_word' id='word_1_105' title='bbox 3147 1083 3378 1125; x_wconf 88' lang='lat' dir='ltr'><strong>cernere</strong></span> <span class='ocrx_word' id='word_1_106' title='bbox 3408 1079 3653 1130; x_wconf 83' lang='lat' dir='ltr'><strong>acutum,</strong></span> 
     </span>
    </p>
   </div>
   <div class='ocr_carea' id='block_1_9' title="bbox 378 1156 3655 1229">
    <p class='ocr_par' dir='ltr' id='par_1_9' title="bbox 378 1156 3655 1229">
     <span class='ocr_line' id='line_1_9' title="bbox 378 1156 3655 1229; baseline 0.001 -24"><span class='ocrx_word' id='word_1_107' title='bbox 378 1170 536 1223; x_wconf 81' lang='lat' dir='ltr'><strong>quam</strong></span> <span class='ocrx_word' id='word_1_108' title='bbox 566 1164 665 1210; x_wconf 89' lang='lat' dir='ltr'><strong>aut</strong></span> <span class='ocrx_word' id='word_1_109' title='bbox 688 1157 903 1225; x_wconf 76' lang='lat' dir='ltr'><strong>aquila,</strong></span> <span class='ocrx_word' id='word_1_110' title='bbox 924 1168 1019 1212; x_wconf 89' lang='lat' dir='ltr'><strong>aut</strong></span> <span class='ocrx_word' id='word_1_111' title='bbox 1040 1173 1269 1228; x_wconf 87' lang='lat' dir='ltr'><strong>serpens</strong></span> <span class='ocrx_word' id='word_1_112' title='bbox 1293 1158 1652 1229; x_wconf 87' lang='lat' dir='ltr'><strong>Epidaurius,</strong></span> <span class='ocrx_word' id='word_1_113' title='bbox 1680 1159 1754 1214; x_wconf 92' lang='lat' dir='ltr'><strong>illi</strong></span> <span class='ocrx_word' id='word_1_114' title='bbox 1786 1174 1939 1214; x_wconf 87' lang='lat' dir='ltr'><strong>suam</strong></span> <span class='ocrx_word' id='word_1_115' title='bbox 1965 1159 2068 1214; x_wconf 86' lang='lat' dir='ltr'><strong>sibi</strong></span> <span class='ocrx_word' id='word_1_116' title='bbox 2096 1159 2477 1215; x_wconf 81' lang='lat' dir='ltr'><strong>austeritatem</strong></span> <span class='ocrx_word' id='word_1_117' title='bbox 2509 1158 2928 1225; x_wconf 83' lang='lat' dir='ltr'><strong>saevitatemque</strong></span> <span class='ocrx_word' id='word_1_118' title='bbox 2954 1157 3128 1227; x_wconf 83' lang='lat' dir='ltr'><strong>magis</strong></span> <span class='ocrx_word' id='word_1_119' title='bbox 3159 1156 3278 1212; x_wconf 82' lang='lat' dir='ltr'><strong>fore</strong></span> <span class='ocrx_word' id='word_1_120' title='bbox 3296 1156 3427 1211; x_wconf 87' lang='lat' dir='ltr'><strong>vitio</strong></span> <span class='ocrx_word' id='word_1_121' title='bbox 3453 1158 3655 1216; x_wconf 83' lang='lat' dir='ltr'><strong>sciant.</strong></span> 
     </span>
    </p>
   </div>
   <div class='ocr_carea' id='block_1_10' title="bbox 380 1245 3655 1323">
    <p class='ocr_par' dir='ltr' id='par_1_10' title="bbox 380 1245 3655 1323">
     <span class='ocr_line' id='line_1_10' title="bbox 380 1245 3655 1323; baseline 0 -26"><span class='ocrx_word' id='word_1_122' title='bbox 380 1261 539 1314; x_wconf 83' lang='lat' dir='ltr'><strong>quam</strong></span> <span class='ocrx_word' id='word_1_123' title='bbox 577 1260 826 1301; x_wconf 89' lang='lat' dir='ltr'><strong>errorem</strong></span> <span class='ocrx_word' id='word_1_124' title='bbox 875 1247 1231 1323; x_wconf 53' lang='lat' dir='ltr'><strong>aut.lapsum</strong></span> <span class='ocrx_word' id='word_1_125' title='bbox 1275 1247 1504 1317; x_wconf 82' lang='lat' dir='ltr'><strong>juveni;</strong></span> <span class='ocrx_word' id='word_1_126' title='bbox 1540 1249 1654 1314; x_wconf 90' lang='lat' dir='ltr'><strong>cui,</strong></span> <span class='ocrx_word' id='word_1_127' title='bbox 1686 1247 1920 1305; x_wconf 88' lang='lat' dir='ltr'><strong>subacto</strong></span> <span class='ocrx_word' id='word_1_128' title='bbox 1965 1248 2203 1303; x_wconf 89' lang='lat' dir='ltr'><strong>nondum</strong></span> <span class='ocrx_word' id='word_1_129' title='bbox 2237 1247 2301 1300; x_wconf 88' lang='lat' dir='ltr'><strong>ad</strong></span> <span class='ocrx_word' id='word_1_130' title='bbox 2334 1246 2707 1301; x_wconf 83' lang='lat' dir='ltr'><strong>remotissima</strong></span> <span class='ocrx_word' id='word_1_131' title='bbox 2737 1260 2969 1316; x_wconf 59' lang='lat' dir='ltr'><strong>quaque</strong></span> <span class='ocrx_word' id='word_1_132' title='bbox 3001 1260 3098 1315; x_wconf 91' lang='lat' dir='ltr'><strong>per</strong></span> <span class='ocrx_word' id='word_1_133' title='bbox 3140 1254 3357 1300; x_wconf 59' lang='lat' dir='ltr'><strong>aetatem</strong></span> <span class='ocrx_word' id='word_1_134' title='bbox 3413 1245 3655 1315; x_wconf 83' lang='lat' dir='ltr'><strong>ingenio,</strong></span> 
     </span>
    </p>
   </div>
   <div class='ocr_carea' id='block_1_11' title="bbox 334 1332 3653 1406">
    <p class='ocr_par' dir='ltr' id='par_1_11' title="bbox 334 1332 3653 1406">
     <span class='ocr_line' id='line_1_11' title="bbox 334 1332 3653 1406; baseline -0.001 -19"><span class='ocrx_word' id='word_1_135' title='bbox 334 1370 347 1377; x_wconf 89' lang='grc'><strong><em>-</em></strong></span> <span class='ocrx_word' id='word_1_136' title='bbox 385 1344 438 1388; x_wconf 83' lang='grc' dir='ltr'><strong>ιιι</strong></span> <span class='ocrx_word' id='word_1_137' title='bbox 463 1344 546 1389; x_wconf 87' lang='lat' dir='ltr'><strong>est</strong></span> <span class='ocrx_word' id='word_1_138' title='bbox 573 1349 768 1389; x_wconf 87' lang='lat' dir='ltr'><strong>errare</strong></span> <span class='ocrx_word' id='word_1_139' title='bbox 798 1335 941 1391; x_wconf 88' lang='lat' dir='ltr'><strong>inter</strong></span> <span class='ocrx_word' id='word_1_140' title='bbox 968 1336 1220 1392; x_wconf 81' lang='lat' dir='ltr'><strong>homines</strong></span> <span class='ocrx_word' id='word_1_141' title='bbox 1246 1335 1595 1403; x_wconf 83' lang='lat' dir='ltr'><strong>facillimum,</strong></span> <span class='ocrx_word' id='word_1_142' title='bbox 1624 1337 1696 1392; x_wconf 88' lang='lat' dir='ltr'><strong>ita</strong></span> <span class='ocrx_word' id='word_1_143' title='bbox 1728 1337 1945 1406; x_wconf 89' lang='lat' dir='ltr'><strong>primus</strong></span> <span class='ocrx_word' id='word_1_144' title='bbox 1971 1350 2193 1405; x_wconf 84' lang='lat' dir='ltr'><strong>quoque</strong></span> <span class='ocrx_word' id='word_1_145' title='bbox 2223 1332 2352 1389; x_wconf 78' lang='lat' dir='ltr'><strong>ante</strong></span> <span class='ocrx_word' id='word_1_146' title='bbox 2381 1350 2572 1390; x_wconf 92' lang='lat' dir='ltr'><strong>omnes</strong></span> <span class='ocrx_word' id='word_1_147' title='bbox 2604 1335 2816 1390; x_wconf 80' lang='lat' dir='ltr'><strong>veniam</strong></span> <span class='ocrx_word' id='word_1_148' title='bbox 2852 1333 3362 1404; x_wconf 84' lang='lat' dir='ltr'><strong>indulgentiamque</strong></span> <span class='ocrx_word' id='word_1_149' title='bbox 3392 1342 3653 1388; x_wconf 86' lang='lat' dir='ltr'><strong>meretur.</strong></span> 
     </span>
    </p>
   </div>
   <div class='ocr_carea' id='block_1_12' title="bbox 383 1418 3656 1495">
    <p class='ocr_par' dir='ltr' id='par_1_12' title="bbox 383 1418 3656 1495">
     <span class='ocr_line' id='line_1_12' title="bbox 383 1418 3656 1495; baseline -0.002 -18"><span class='ocrx_word' id='word_1_150' title='bbox 383 1423 627 1489; x_wconf 79' lang='lat' dir='ltr'><strong>Accedit,</strong></span> <span class='ocrx_word' id='word_1_151' title='bbox 662 1423 808 1492; x_wconf 88' lang='lat' dir='ltr'><strong>quod</strong></span> <span class='ocrx_word' id='word_1_152' title='bbox 850 1438 979 1493; x_wconf 86' lang='lat' dir='ltr'><strong>pars</strong></span> <span class='ocrx_word' id='word_1_153' title='bbox 1018 1439 1213 1494; x_wconf 77' lang='lat' dir='ltr'><strong>magna</strong></span> <span class='ocrx_word' id='word_1_154' title='bbox 1260 1418 1447 1495; x_wconf 68' lang='lat' dir='ltr'><strong>operis</strong></span> <span class='ocrx_word' id='word_1_155' title='bbox 1499 1424 1845 1480; x_wconf 82' lang='lat' dir='ltr'><strong>conﬁcienda</strong></span> <span class='ocrx_word' id='word_1_156' title='bbox 1895 1422 2060 1478; x_wconf 82' lang='lat' dir='ltr'><strong>fuerit</strong></span> <span class='ocrx_word' id='word_1_157' title='bbox 2109 1423 2334 1478; x_wconf 74' lang='lat' dir='ltr'><strong>vixdum</strong></span> <span class='ocrx_word' id='word_1_158' title='bbox 2388 1421 2625 1478; x_wconf 85' lang='lat' dir='ltr'><strong>ﬁrmatis</strong></span> <span class='ocrx_word' id='word_1_159' title='bbox 2670 1437 2738 1477; x_wconf 78' lang='lat' dir='ltr'><strong>ex</strong></span> <span class='ocrx_word' id='word_1_160' title='bbox 2790 1422 2950 1492; x_wconf 81' lang='lat' dir='ltr'><strong>longo</strong></span> <span class='ocrx_word' id='word_1_161' title='bbox 2990 1435 3053 1475; x_wconf 85' lang='lat' dir='ltr'><strong>ac</strong></span> <span class='ocrx_word' id='word_1_162' title='bbox 3086 1420 3414 1491; x_wconf 79' lang='lat' dir='ltr'><strong>gravissimo</strong></span> <span class='ocrx_word' id='word_1_163' title='bbox 3467 1420 3656 1473; x_wconf 89' lang='lat' dir='ltr'><strong>morbo</strong></span> 
     </span>
    </p>
   </div>
   <div class='ocr_carea' id='block_1_13' title="bbox 384 1507 3659 1584">
    <p class='ocr_par' dir='ltr' id='par_1_13' title="bbox 384 1507 3659 1584">
     <span class='ocr_line' id='line_1_13' title="bbox 384 1507 3659 1584; baseline -0.002 -19"><span class='ocrx_word' id='word_1_164' title='bbox 384 1510 610 1567; x_wconf 86' lang='lat' dir='ltr'><strong>viribus.</strong></span> <span class='ocrx_word' id='word_1_165' title='bbox 650 1509 827 1565; x_wconf 84' lang='lat' dir='ltr'><strong>Simul</strong></span> <span class='ocrx_word' id='word_1_166' title='bbox 877 1526 1116 1580; x_wconf 86' lang='lat' dir='ltr'><strong>namque</strong></span> <span class='ocrx_word' id='word_1_167' title='bbox 1166 1512 1387 1583; x_wconf 88' lang='lat' dir='ltr'><strong>prodire</strong></span> <span class='ocrx_word' id='word_1_168' title='bbox 1418 1528 1449 1567; x_wconf 92' lang='lat' dir='ltr'><strong>e</strong></span> <span class='ocrx_word' id='word_1_169' title='bbox 1479 1512 1697 1569; x_wconf 79' lang='lat' dir='ltr'><strong>funebri</strong></span> <span class='ocrx_word' id='word_1_170' title='bbox 1729 1513 1884 1584; x_wconf 85' lang='lat' dir='ltr'><strong>quasi</strong></span> <span class='ocrx_word' id='word_1_171' title='bbox 1917 1511 2078 1575; x_wconf 86' lang='lat' dir='ltr'><strong>lecto,</strong></span> <span class='ocrx_word' id='word_1_172' title='bbox 2111 1520 2167 1564; x_wconf 91' lang='lat' dir='ltr'><strong>et</strong></span> <span class='ocrx_word' id='word_1_173' title='bbox 2194 1525 2417 1566; x_wconf 87' lang='lat' dir='ltr'><strong>manum</strong></span> <span class='ocrx_word' id='word_1_174' title='bbox 2454 1509 2753 1568; x_wconf 85' lang='lat' dir='ltr'><strong>admovere</strong></span> <span class='ocrx_word' id='word_1_175' title='bbox 2786 1507 2983 1564; x_wconf 72' lang='lat' dir='ltr'><strong>tabula:</strong></span> <span class='ocrx_word' id='word_1_176' title='bbox 3016 1509 3188 1579; x_wconf 88' lang='lat' dir='ltr'><strong>potui,</strong></span> <span class='ocrx_word' id='word_1_177' title='bbox 3231 1507 3452 1563; x_wconf 82' lang='lat' dir='ltr'><strong>exercui</strong></span> <span class='ocrx_word' id='word_1_178' title='bbox 3488 1521 3574 1560; x_wconf 88' lang='lat' dir='ltr'><strong>me</strong></span> <span class='ocrx_word' id='word_1_179' title='bbox 3602 1516 3659 1560; x_wconf 88' lang='lat' dir='ltr'><strong>et</strong></span> 
     </span>
    </p>
   </div>
   <div class='ocr_carea' id='block_1_14' title="bbox 383 1594 3654 1670">
    <p class='ocr_par' dir='ltr' id='par_1_14' title="bbox 383 1594 3654 1670">
     <span class='ocr_line' id='line_1_14' title="bbox 383 1594 3654 1670; baseline -0.002 -16"><span class='ocrx_word' id='word_1_180' title='bbox 383 1597 695 1667; x_wconf 74' lang='lat' dir='ltr'><strong>deiatigari,</strong></span> <span class='ocrx_word' id='word_1_181' title='bbox 730 1614 797 1653; x_wconf 91' lang='lat' dir='ltr'><strong>ne</strong></span> <span class='ocrx_word' id='word_1_182' title='bbox 833 1614 940 1670; x_wconf 90' lang='lat' dir='ltr'><strong>quo</strong></span> <span class='ocrx_word' id='word_1_183' title='bbox 973 1599 1102 1666; x_wconf 88' lang='lat' dir='ltr'><strong>alio,</strong></span> <span class='ocrx_word' id='word_1_184' title='bbox 1136 1610 1196 1656; x_wconf 92' lang='lat' dir='ltr'><strong>ut</strong></span> <span class='ocrx_word' id='word_1_185' title='bbox 1229 1600 1479 1657; x_wconf 88' lang='lat' dir='ltr'><strong>nonnulli</strong></span> <span class='ocrx_word' id='word_1_186' title='bbox 1533 1608 1741 1656; x_wconf 87' lang='lat' dir='ltr'><strong>metum</strong></span> <span class='ocrx_word' id='word_1_187' title='bbox 1777 1600 2166 1662; x_wconf 87' lang='lat' dir='ltr'><strong>admovebant,</strong></span> <span class='ocrx_word' id='word_1_188' title='bbox 2202 1599 2592 1670; x_wconf 78' lang='lat' dir='ltr'><strong>praeveniente,</strong></span> <span class='ocrx_word' id='word_1_189' title='bbox 2646 1598 2826 1654; x_wconf 89' lang='lat' dir='ltr'><strong>oleum</strong></span> <span class='ocrx_word' id='word_1_190' title='bbox 2861 1607 2917 1651; x_wconf 90' lang='lat' dir='ltr'><strong>et</strong></span> <span class='ocrx_word' id='word_1_191' title='bbox 2950 1611 3171 1665; x_wconf 85' lang='lat' dir='ltr'><strong>operam</strong></span> <span class='ocrx_word' id='word_1_192' title='bbox 3218 1606 3384 1666; x_wconf 88' lang='lat' dir='ltr'><strong>atque</strong></span> <span class='ocrx_word' id='word_1_193' title='bbox 3432 1594 3654 1664; x_wconf 82' lang='lat' dir='ltr'><strong>aliquod</strong></span> 
     </span>
    </p>
   </div>
   <div class='ocr_carea' id='block_1_15' title="bbox 382 1683 3689 1760">
    <p class='ocr_par' dir='ltr' id='par_1_15' title="bbox 382 1683 3689 1760">
     <span class='ocr_line' id='line_1_15' title="bbox 382 1683 3689 1760; baseline -0.002 -19"><span class='ocrx_word' id='word_1_194' title='bbox 382 1687 634 1745; x_wconf 79' lang='lat' dir='ltr'><strong>fortassis</strong></span> <span class='ocrx_word' id='word_1_195' title='bbox 669 1688 796 1745; x_wconf 90' lang='lat' dir='ltr'><strong>inde</strong></span> <span class='ocrx_word' id='word_1_196' title='bbox 831 1689 1091 1744; x_wconf 86' lang='lat' dir='ltr'><strong>meritum</strong></span> <span class='ocrx_word' id='word_1_197' title='bbox 1124 1689 1433 1760; x_wconf 86' lang='lat' dir='ltr'><strong>perderem.</strong></span> <span class='ocrx_word' id='word_1_198' title='bbox 1466 1687 1626 1744; x_wconf 88' lang='lat' dir='ltr'><strong>Nunc</strong></span> <span class='ocrx_word' id='word_1_199' title='bbox 1656 1704 1789 1745; x_wconf 85' lang='lat' dir='ltr'><strong>vero</strong></span> <span class='ocrx_word' id='word_1_200' title='bbox 1820 1703 1972 1759; x_wconf 89' lang='lat' dir='ltr'><strong>spem</strong></span> <span class='ocrx_word' id='word_1_201' title='bbox 2004 1698 2243 1742; x_wconf 88' lang='lat' dir='ltr'><strong>nostram</strong></span> <span class='ocrx_word' id='word_1_202' title='bbox 2279 1698 2562 1759; x_wconf 89' lang='lat' dir='ltr'><strong>utcunque</strong></span> <span class='ocrx_word' id='word_1_203' title='bbox 2600 1685 2869 1753; x_wconf 83' lang='lat' dir='ltr'><strong>exsecuti,</strong></span> <span class='ocrx_word' id='word_1_204' title='bbox 2900 1685 3096 1740; x_wconf 88' lang='lat' dir='ltr'><strong>damus</strong></span> <span class='ocrx_word' id='word_1_205' title='bbox 3130 1685 3218 1741; x_wconf 89' lang='lat' dir='ltr'><strong>bic</strong></span> <span class='ocrx_word' id='word_1_206' title='bbox 3252 1685 3349 1740; x_wconf 90' lang='lat' dir='ltr'><strong>tibi</strong></span> <span class='ocrx_word' id='word_1_207' title='bbox 3389 1683 3689 1753; x_wconf 56' lang='lat' dir='ltr'><strong>quidquid,</strong></span> 
     </span>
    </p>
   </div>
   <div class='ocr_carea' id='block_1_16' title="bbox 374 1771 3656 1847">
    <p class='ocr_par' dir='ltr' id='par_1_16' title="bbox 374 1771 3656 1847">
     <span class='ocr_line' id='line_1_16' title="bbox 374 1771 3656 1847; baseline -0.002 -18"><span class='ocrx_word' id='word_1_208' title='bbox 374 1774 480 1830; x_wconf 88' lang='lat' dir='ltr'><strong>boc</strong></span> <span class='ocrx_word' id='word_1_209' title='bbox 521 1776 644 1832; x_wconf 90' lang='lat' dir='ltr'><strong>libri</strong></span> <span class='ocrx_word' id='word_1_210' title='bbox 692 1785 788 1831; x_wconf 90' lang='lat' dir='ltr'><strong>aut</strong></span> <span class='ocrx_word' id='word_1_211' title='bbox 838 1775 1045 1831; x_wconf 85' lang='lat' dir='ltr'><strong>laboris</strong></span> <span class='ocrx_word' id='word_1_212' title='bbox 1078 1784 1186 1845; x_wconf 89' lang='lat' dir='ltr'><strong>est,</strong></span> <span class='ocrx_word' id='word_1_213' title='bbox 1223 1783 1393 1846; x_wconf 90' lang='lat' dir='ltr'><strong>utque</strong></span> <span class='ocrx_word' id='word_1_214' title='bbox 1438 1789 1631 1847; x_wconf 71' lang='lat' dir='ltr'><strong>aequus</strong></span> <span class='ocrx_word' id='word_1_215' title='bbox 1679 1790 1744 1831; x_wconf 90' lang='lat' dir='ltr'><strong>ac</strong></span> <span class='ocrx_word' id='word_1_216' title='bbox 1794 1775 1972 1830; x_wconf 78' lang='lat' dir='ltr'><strong>libens</strong></span> <span class='ocrx_word' id='word_1_217' title='bbox 2016 1773 2223 1841; x_wconf 79' lang='lat' dir='ltr'><strong>fruare,</strong></span> <span class='ocrx_word' id='word_1_218' title='bbox 2260 1774 2661 1831; x_wconf 85' lang='lat' dir='ltr'><strong>humanitatem</strong></span> <span class='ocrx_word' id='word_1_219' title='bbox 2710 1783 2859 1829; x_wconf 90' lang='lat' dir='ltr'><strong>tuam</strong></span> <span class='ocrx_word' id='word_1_220' title='bbox 2897 1788 3177 1841; x_wconf 80' lang='lat' dir='ltr'><strong>rogamus.</strong></span> <span class='ocrx_word' id='word_1_221' title='bbox 3213 1771 3341 1826; x_wconf 83' lang='lat' dir='ltr'><strong>Vale</strong></span> <span class='ocrx_word' id='word_1_222' title='bbox 3378 1773 3569 1835; x_wconf 86' lang='lat' dir='ltr'><strong>lector,</strong></span> <span class='ocrx_word' id='word_1_223' title='bbox 3602 1779 3656 1824; x_wconf 89' lang='lat' dir='ltr'><strong>et</strong></span> 
     </span>
    </p>
   </div>
   <div class='ocr_carea' id='block_1_17' title="bbox 370 1861 3654 1937">
    <p class='ocr_par' dir='ltr' id='par_1_17' title="bbox 370 1861 3654 1937">
     <span class='ocr_line' id='line_1_17' title="bbox 370 1861 3654 1937; baseline -0.002 -20"><span class='ocrx_word' id='word_1_224' title='bbox 370 1875 638 1933; x_wconf 83' lang='lat' dir='ltr'><strong>quantum</strong></span> <span class='ocrx_word' id='word_1_225' title='bbox 665 1863 797 1919; x_wconf 89' lang='lat' dir='ltr'><strong>mibi</strong></span> <span class='ocrx_word' id='word_1_226' title='bbox 831 1861 927 1920; x_wconf 91' lang='lat' dir='ltr'><strong>Dei</strong></span> <span class='ocrx_word' id='word_1_227' title='bbox 958 1864 1298 1937; x_wconf 72' lang='lat' dir='ltr'><strong>benignitate</strong></span> <span class='ocrx_word' id='word_1_228' title='bbox 1324 1863 1733 1936; x_wconf 49' lang='lat' dir='ltr'><strong>vitaqdeinceps</strong></span> <span class='ocrx_word' id='word_1_229' title='bbox 1761 1864 1999 1928; x_wconf 87' lang='lat' dir='ltr'><strong>dabitur,</strong></span> <span class='ocrx_word' id='word_1_230' title='bbox 2026 1862 2160 1919; x_wconf 89' lang='lat' dir='ltr'><strong>illud</strong></span> <span class='ocrx_word' id='word_1_231' title='bbox 2188 1878 2350 1920; x_wconf 90' lang='lat' dir='ltr'><strong>omne</strong></span> <span class='ocrx_word' id='word_1_232' title='bbox 2376 1863 2596 1933; x_wconf 86' lang='lat' dir='ltr'><strong>publico</strong></span> <span class='ocrx_word' id='word_1_233' title='bbox 2625 1877 2712 1917; x_wconf 91' lang='lat' dir='ltr'><strong>me</strong></span> <span class='ocrx_word' id='word_1_234' title='bbox 2738 1862 2905 1927; x_wconf 90' lang='lat' dir='ltr'><strong>bono,</strong></span> <span class='ocrx_word' id='word_1_235' title='bbox 2934 1861 2979 1918; x_wconf 90' lang='lat' dir='ltr'><strong>si</strong></span> <span class='ocrx_word' id='word_1_236' title='bbox 3005 1876 3113 1932; x_wconf 85' lang='lat' dir='ltr'><strong>qua</strong></span> <span class='ocrx_word' id='word_1_237' title='bbox 3142 1862 3405 1933; x_wconf 85' lang='lat' dir='ltr'><strong>prodesse</strong></span> <span class='ocrx_word' id='word_1_238' title='bbox 3439 1867 3654 1929; x_wconf 78' lang='lat' dir='ltr'><strong>potero,</strong></span> 
     </span>
    </p>
   </div>
   <div class='ocr_carea' id='block_1_18' title="bbox 369 1947 1451 2010">
    <p class='ocr_par' dir='ltr' id='par_1_18' title="bbox 369 1947 1451 2010">
     <span class='ocr_line' id='line_1_18' title="bbox 369 1947 1451 2010; baseline 0 -2"><span class='ocrx_word' id='word_1_239' title='bbox 369 1952 533 2009; x_wconf 83' lang='lat' dir='ltr'><strong>crede</strong></span> <span class='ocrx_word' id='word_1_240' title='bbox 572 1953 1054 2010; x_wconf 84' lang='lat' dir='ltr'><strong>transmissurum.</strong></span> <span class='ocrx_word' id='word_1_241' title='bbox 1434 1947 1451 1961; x_wconf 79' lang='lat'><strong>&#39;</strong></span> 
     </span>
    </p>
   </div>
   <div class='ocr_carea' id='block_1_19' title="bbox 2043 2016 2074 2035">
    <p class='ocr_par' dir='ltr' id='par_1_19' title="bbox 2043 2016 2074 2035">
     <span class='ocr_line' id='line_1_19' title="bbox 2043 2016 2074 2035; baseline 0 0"><span class='ocrx_word' id='word_1_242' title='bbox 2043 2016 2074 2035; x_wconf 59' lang='grc' dir='ltr'><strong><em>κ</em></strong></span> 
     </span>
    </p>
   </div>
   <div class='ocr_carea' id='block_1_20' title="bbox 3454 2161 3628 2174">
    <p class='ocr_par' dir='ltr' id='par_1_20' title="bbox 3454 2161 3628 2174">
     <span class='ocr_line' id='line_1_20' title="bbox 3454 2161 3628 2174; baseline -0.017 0"><span class='ocrx_word' id='word_1_243' title='bbox 3454 2161 3628 2174; x_wconf 70' lang='grc' dir='ltr'><strong>-ι-</strong></span> 
     </span>
    </p>
   </div>
   <div class='ocr_carea' id='block_1_21' title="bbox 1147 2312 2989 2507">
    <p class='ocr_par' dir='ltr' id='par_1_21' title="bbox 1147 2312 2989 2507">
     <span class='ocr_line' id='line_1_21' title="bbox 1147 2312 2989 2507; baseline -0.003 -3"><span class='ocrx_word' id='word_1_244' title='bbox 1147 2314 1973 2507; x_wconf 89' lang='lat' dir='ltr'><strong>JOANNIS</strong></span> <span class='ocrx_word' id='word_1_245' title='bbox 2092 2346 2892 2504; x_wconf 85' lang='lat' dir='ltr'><strong>CINNAMI</strong></span> <span class='ocrx_word' id='word_1_246' title='bbox 2979 2312 2989 2320; x_wconf 82' lang='grc'><em>’</em></span> 
     </span>
    </p>
   </div>
   <div class='ocr_carea' id='block_1_22' title="bbox 932 2615 3099 2760">
    <p class='ocr_par' dir='ltr' id='par_1_22' title="bbox 932 2615 3099 2760">
     <span class='ocr_line' id='line_1_22' title="bbox 932 2615 3099 2760; baseline -0.005 -2"><span class='ocrx_word' id='word_1_247' title='bbox 932 2638 1943 2760; x_wconf 80' lang='lat' dir='ltr'><strong>HISTORIABUM</strong></span> <span class='ocrx_word' id='word_1_248' title='bbox 2029 2640 2412 2755; x_wconf 81' lang='lat' dir='ltr'><strong>LIBRI</strong></span> <span class='ocrx_word' id='word_1_249' title='bbox 2499 2615 3099 2755; x_wconf 87' lang='lat' dir='ltr'><strong>SEPTEM.</strong></span> 
     </span>
    </p>
   </div>
   <div class='ocr_carea' id='block_1_23' title="bbox 1026 2992 2992 3068">
    <p class='ocr_par' dir='ltr' id='par_1_23' title="bbox 1026 2992 2992 3068">
     <span class='ocr_line' id='line_1_23' title="bbox 1026 2992 2992 3068; baseline -0.005 -11"><span class='ocrx_word' id='word_1_250' title='bbox 1026 2999 1345 3057; x_wconf 79' lang='grc' dir='ltr'><strong>ΕΠΙἹὈΜΗ</strong></span> <span class='ocrx_word' id='word_1_251' title='bbox 1386 2997 1524 3055; x_wconf 83' lang='grc' dir='ltr'><strong>ΤΩΝ</strong></span> <span class='ocrx_word' id='word_1_252' title='bbox 1563 2995 2140 3054; x_wconf 78' lang='grc' dir='ltr'><strong>ΚΑΤΟΡΘΩΜΑΤΩΝ</strong></span> <span class='ocrx_word' id='word_1_253' title='bbox 2179 2996 2269 3068; x_wconf 79' lang='grc' dir='ltr'><strong>Τῼ</strong></span> <span class='ocrx_word' id='word_1_254' title='bbox 2305 2996 2677 3067; x_wconf 78' lang='grc' dir='ltr'><strong>ΜΛΚΑΡΙΤῌ</strong></span> <span class='ocrx_word' id='word_1_255' title='bbox 2718 2992 2992 3049; x_wconf 79' lang='grc' dir='ltr'><strong>ΒΑΣΙΛΕΙ</strong></span> 
     </span>
    </p>
   </div>
   <div class='ocr_carea' id='block_1_24' title="bbox 1602 3113 2422 3180">
    <p class='ocr_par' dir='ltr' id='par_1_24' title="bbox 1602 3113 2422 3180">
     <span class='ocr_line' id='line_1_24' title="bbox 1602 3113 2422 3180; baseline -0.004 -9"><span class='ocrx_word' id='word_1_256' title='bbox 1602 3114 1729 3171; x_wconf 78' lang='grc' dir='ltr'><strong>ΚΔι</strong></span> <span class='ocrx_word' id='word_1_257' title='bbox 1764 3113 2422 3180; x_wconf 79' lang='grc' dir='ltr'><strong>ΠΟΡΨΥΡΟΓΕΝΝΗΤῼ</strong></span> 
     </span>
    </p>
   </div>
   <div class='ocr_carea' id='block_1_25' title="bbox 1120 3218 2858 3338">
    <p class='ocr_par' dir='ltr' id='par_1_25' title="bbox 1120 3218 2858 3338">
     <span class='ocr_line' id='line_1_25' title="bbox 1120 3218 2858 3338; baseline -0.004 -2"><span class='ocrx_word' id='word_1_258' title='bbox 1120 3218 1467 3338; x_wconf 72' lang='lat' dir='ltr'><strong>Imm</strong></span> <span class='ocrx_word' id='word_1_259' title='bbox 1544 3243 1982 3335; x_wconf 75' lang='grc' dir='ltr'><strong>ΙΩΑΝΝΗ</strong></span> <span class='ocrx_word' id='word_1_260' title='bbox 2055 3243 2206 3331; x_wconf 71' lang='lat' dir='ltr'><strong>To</strong></span> <span class='ocrx_word' id='word_1_261' title='bbox 2282 3243 2858 3330; x_wconf 83' lang='grc' dir='ltr'><strong>ΚΟΜΝΗΝΩ</strong></span> 
     </span>
    </p>
   </div>
   <div class='ocr_carea' id='block_1_26' title="bbox 1763 3388 2269 3448">
    <p class='ocr_par' dir='ltr' id='par_1_26' title="bbox 1763 3388 2269 3448">
     <span class='ocr_line' id='line_1_26' title="bbox 1763 3388 2269 3448; baseline -0.01 0"><span class='ocrx_word' id='word_1_262' title='bbox 1763 3394 1886 3448; x_wconf 79' lang='grc' dir='ltr'><strong>ΚΑΙ</strong></span> <span class='ocrx_word' id='word_1_263' title='bbox 1926 3388 2269 3447; x_wconf 78' lang='grc' dir='ltr'><strong>ΑΦΗῙἮΣΙΣ</strong></span> 
     </span>
    </p>
   </div>
   <div class='ocr_carea' id='block_1_27' title="bbox 600 3502 2217 3603">
    <p class='ocr_par' dir='ltr' id='par_1_27' title="bbox 600 3508 2217 3603">
     <span class='ocr_line' id='line_1_27' title="bbox 600 3508 2217 3603; baseline -0.006 -32"><span class='ocrx_word' id='word_1_264' title='bbox 600 3517 750 3571; x_wconf 76' lang='grc' dir='ltr'><strong>ΤΩΝ</strong></span> <span class='ocrx_word' id='word_1_265' title='bbox 787 3514 1265 3603; x_wconf 61' lang='grc' dir='ltr'><strong>ΠΡΑξΘΕΝΤοΝ</strong></span> <span class='ocrx_word' id='word_1_266' title='bbox 1304 3514 1395 3586; x_wconf 75' lang='lat' dir='ltr'><strong>To</strong></span> <span class='ocrx_word' id='word_1_267' title='bbox 1432 3514 1722 3584; x_wconf 63' lang='lat' dir='ltr'><strong>sommo</strong></span> <span class='ocrx_word' id='word_1_268' title='bbox 1762 3512 1876 3584; x_wconf 81' lang='grc' dir='ltr'><strong>ΥΙῼ</strong></span> <span class='ocrx_word' id='word_1_269' title='bbox 1913 3509 2150 3563; x_wconf 78' lang='grc' dir='ltr'>ΑΥΤΟΥ</span> <span class='ocrx_word' id='word_1_270' title='bbox 2189 3508 2217 3562; x_wconf 86' lang='grc' dir='ltr'><strong>Ἰ</strong></span> 
     </span>
    </p>
   </div>
   <div class='ocr_carea' id='block_1_28' title="bbox 1821 3502 3438 3603">
    <p class='ocr_par' dir='ltr' id='par_1_28' title="bbox 1821 3502 3438 3584">
     <span class='ocr_line' id='line_1_28' title="bbox 1821 3502 3438 3584; baseline -0.005 -18"><span class='ocrx_word' id='word_1_271' title='bbox 1821 3512 1876 3584; x_wconf 80' lang='grc' dir='ltr'><strong>[ῼ</strong></span> <span class='ocrx_word' id='word_1_272' title='bbox 1913 3509 2150 3563; x_wconf 81' lang='grc' dir='ltr'>ΑΥΤΟΥ</span> <span class='ocrx_word' id='word_1_273' title='bbox 2189 3508 2277 3580; x_wconf 80' lang='grc' dir='ltr'><strong>Τῼ</strong></span> <span class='ocrx_word' id='word_1_274' title='bbox 2313 3508 2586 3562; x_wconf 83' lang='grc' dir='ltr'><strong>ΒΑΣΙΛΕΙ</strong></span> <span class='ocrx_word' id='word_1_275' title='bbox 2625 3508 2747 3563; x_wconf 82' lang='grc' dir='ltr'><strong>ΚΑΙ</strong></span> <span class='ocrx_word' id='word_1_276' title='bbox 2787 3502 3438 3576; x_wconf 65' lang='grc' dir='ltr'><strong>ΠΟΡΦΥΡΟΓΕΝΝΗΤῼ</strong></span> 
     </span>
    </p>
   </div>
   <div class='ocr_carea' id='block_1_29' title="bbox 1466 3626 2573 3702">
    <p class='ocr_par' dir='ltr' id='par_1_29' title="bbox 1466 3626 2573 3702">
     <span class='ocr_line' id='line_1_29' title="bbox 1466 3626 2573 3702; baseline -0.006 -16"><span class='ocrx_word' id='word_1_277' title='bbox 1466 3631 1659 3702; x_wconf 70' lang='lat' dir='ltr'><strong>Kree</strong></span> <span class='ocrx_word' id='word_1_278' title='bbox 1700 3628 2051 3685; x_wconf 78' lang='grc' dir='ltr'><strong>ΜΑΝΟΥΗΛ</strong></span> <span class='ocrx_word' id='word_1_279' title='bbox 2088 3628 2177 3700; x_wconf 73' lang='lat' dir='ltr'><strong>To</strong></span> <span class='ocrx_word' id='word_1_280' title='bbox 2218 3626 2573 3699; x_wconf 76' lang='lat' dir='ltr'><strong>KoMNnNo</strong></span> 
     </span>
    </p>
   </div>
   <div class='ocr_carea' id='block_1_30' title="bbox 1830 3741 2209 3793">
    <p class='ocr_par' dir='ltr' id='par_1_30' title="bbox 1830 3741 2209 3793">
     <span class='ocr_line' id='line_1_30' title="bbox 1830 3741 2209 3793; baseline -0.003 -1"><span class='ocrx_word' id='word_1_281' title='bbox 1830 3741 2209 3793; x_wconf 71' lang='grc' dir='ltr'><strong>ΠΟΝΗΘΕΙΣΑ</strong></span> 
     </span>
    </p>
   </div>
   <div class='ocr_carea' id='block_1_31' title="bbox 1183 3847 2841 3927">
    <p class='ocr_par' dir='ltr' id='par_1_31' title="bbox 1183 3847 2841 3927">
     <span class='ocr_line' id='line_1_31' title="bbox 1183 3847 2841 3927; baseline -0.004 -18"><span class='ocrx_word' id='word_1_282' title='bbox 1183 3852 1449 3927; x_wconf 58' lang='lat' dir='ltr'><strong>rem};</strong></span> <span class='ocrx_word' id='word_1_283' title='bbox 1486 3851 1814 3923; x_wconf 81' lang='grc' dir='ltr'><strong>ΒΑΣΙΛΙΚῼ</strong></span> <span class='ocrx_word' id='word_1_284' title='bbox 1854 3848 2329 3920; x_wconf 75' lang='grc' dir='ltr'><strong>ΓΡΑΜΜΔΤΙΚῼ</strong></span> <span class='ocrx_word' id='word_1_285' title='bbox 2366 3848 2454 3920; x_wconf 76' lang='lat' dir='ltr'><strong>To</strong></span> <span class='ocrx_word' id='word_1_286' title='bbox 2496 3847 2841 3920; x_wconf 77' lang='grc' dir='ltr'><strong>ΚΙΝΝΔΜῼ.</strong></span> 
     </span>
    </p>
   </div>
   <div class='ocr_carea' id='block_1_32' title="bbox 964 4016 3066 4125">
    <p class='ocr_par' dir='ltr' id='par_1_32' title="bbox 964 4016 3066 4125">
     <span class='ocr_line' id='line_1_32' title="bbox 964 4016 3066 4125; baseline -0.002 -2"><span class='ocrx_word' id='word_1_287' title='bbox 964 4064 1267 4125; x_wconf 80' lang='lat' dir='ltr'><strong>EPITOME</strong></span> <span class='ocrx_word' id='word_1_288' title='bbox 1298 4063 1548 4124; x_wconf 76' lang='lat' dir='ltr'><strong>RERUM</strong></span> <span class='ocrx_word' id='word_1_289' title='bbox 1577 4064 1977 4124; x_wconf 59' lang='lat' dir='ltr'><strong>PBIEGLARE</strong></span> <span class='ocrx_word' id='word_1_290' title='bbox 2004 4063 2386 4122; x_wconf 75' lang='lat' dir='ltr'><strong>GESTARUM</strong></span> <span class='ocrx_word' id='word_1_291' title='bbox 2419 4065 2460 4123; x_wconf 79' lang='grc' dir='ltr'>Α</span> <span class='ocrx_word' id='word_1_292' title='bbox 2502 4062 2688 4122; x_wconf 70' lang='lat' dir='ltr'><strong>DIVE</strong></span> <span class='ocrx_word' id='word_1_293' title='bbox 2720 4016 3066 4121; x_wconf 51' lang='lat' dir='ltr'><strong>MEMORIAE</strong></span> 
     </span>
    </p>
   </div>
   <div class='ocr_carea' id='block_1_33' title="bbox 1640 4174 2387 4245">
    <p class='ocr_par' dir='ltr' id='par_1_33' title="bbox 1640 4174 2387 4245">
     <span class='ocr_line' id='line_1_33' title="bbox 1640 4174 2387 4245; baseline 0 -3"><span class='ocrx_word' id='word_1_294' title='bbox 1640 4185 1730 4242; x_wconf 84' lang='lat' dir='ltr'><strong>ET</strong></span> <span class='ocrx_word' id='word_1_295' title='bbox 1754 4174 2387 4245; x_wconf 71' lang='lat' dir='ltr'><strong>PORPHYROGENITO</strong></span> 
     </span>
    </p>
   </div>
   <div class='ocr_carea' id='block_1_34' title="bbox 1069 4315 2941 4402">
    <p class='ocr_par' dir='ltr' id='par_1_34' title="bbox 1069 4315 2941 4402">
     <span class='ocr_line' id='line_1_34' title="bbox 1069 4315 2941 4402; baseline 0.004 -7"><span class='ocrx_word' id='word_1_296' title='bbox 1069 4317 1556 4397; x_wconf 87' lang='lat' dir='ltr'><strong>DOMINO</strong></span> <span class='ocrx_word' id='word_1_297' title='bbox 1703 4315 2183 4395; x_wconf 81' lang='lat' dir='ltr'><strong>JOANNE</strong></span> <span class='ocrx_word' id='word_1_298' title='bbox 2312 4315 2941 4402; x_wconf 72' lang='lat' dir='ltr'><strong>COMNENOa</strong></span> 
     </span>
    </p>
   </div>
   <div class='ocr_carea' id='block_1_35' title="bbox 1771 4450 2266 4509">
    <p class='ocr_par' dir='ltr' id='par_1_35' title="bbox 1771 4450 2266 4509">
     <span class='ocr_line' id='line_1_35' title="bbox 1771 4450 2266 4509; baseline 0 0"><span class='ocrx_word' id='word_1_299' title='bbox 1771 4452 1862 4509; x_wconf 86' lang='lat' dir='ltr'><strong>ET</strong></span> <span class='ocrx_word' id='word_1_300' title='bbox 1901 4450 2266 4509; x_wconf 75' lang='lat' dir='ltr'><strong>NARRATIO</strong></span> 
     </span>
    </p>
   </div>
   <div class='ocr_carea' id='block_1_36' title="bbox 386 4554 3611 4639">
    <p class='ocr_par' dir='ltr' id='par_1_36' title="bbox 386 4554 3611 4639">
     <span class='ocr_line' id='line_1_36' title="bbox 386 4554 3611 4639; baseline -0.001 -14"><span class='ocrx_word' id='word_1_301' title='bbox 386 4568 641 4628; x_wconf 77' lang='lat' dir='ltr'><strong>REBUM</strong></span> <span class='ocrx_word' id='word_1_302' title='bbox 678 4570 852 4639; x_wconf 62' lang='lat' dir='ltr'><strong>QUAE</strong></span> <span class='ocrx_word' id='word_1_303' title='bbox 885 4569 1141 4629; x_wconf 70' lang='grc' dir='ltr'><strong>σεε.τῶ</strong></span> <span class='ocrx_word' id='word_1_304' title='bbox 1181 4570 1363 4630; x_wconf 82' lang='lat' dir='ltr'><strong>SUNT</strong></span> <span class='ocrx_word' id='word_1_305' title='bbox 1402 4569 1493 4625; x_wconf 85' lang='lat' dir='ltr'><strong>AB</strong></span> <span class='ocrx_word' id='word_1_306' title='bbox 1527 4568 1832 4628; x_wconf 70' lang='lat' dir='ltr'><strong>INCLYTO</strong></span> <span class='ocrx_word' id='word_1_307' title='bbox 1865 4569 2086 4628; x_wconf 83' lang='lat' dir='ltr'><strong>IPSIUS</strong></span> <span class='ocrx_word' id='word_1_308' title='bbox 2118 4568 2304 4627; x_wconf 85' lang='lat' dir='ltr'><strong>FlLlO</strong></span> <span class='ocrx_word' id='word_1_309' title='bbox 2346 4568 2805 4628; x_wconf 67' lang='lat' dir='ltr'><strong>IMPERATORI?!</strong></span> <span class='ocrx_word' id='word_1_310' title='bbox 2843 4570 2932 4626; x_wconf 88' lang='lat' dir='ltr'><strong>ET</strong></span> <span class='ocrx_word' id='word_1_311' title='bbox 2969 4554 3611 4625; x_wconf 79' lang='lat' dir='ltr'><strong>PORPHYROGENITO</strong></span> 
     </span>
    </p>
   </div>
   <div class='ocr_carea' id='block_1_37' title="bbox 1232 4703 2823 4787">
    <p class='ocr_par' dir='ltr' id='par_1_37' title="bbox 1232 4703 2823 4787">
     <span class='ocr_line' id='line_1_37' title="bbox 1232 4703 2823 4787; baseline 0.003 -5"><span class='ocrx_word' id='word_1_312' title='bbox 1232 4703 1646 4784; x_wconf 82' lang='lat' dir='ltr'><strong>DOMINO</strong></span> <span class='ocrx_word' id='word_1_313' title='bbox 1727 4705 1940 4784; x_wconf 84' lang='lat' dir='ltr'><strong>MAN</strong></span> <span class='ocrx_word' id='word_1_314' title='bbox 1956 4706 2219 4786; x_wconf 88' lang='lat' dir='ltr'><strong>UELE</strong></span> <span class='ocrx_word' id='word_1_315' title='bbox 2297 4705 2823 4787; x_wconf 63' lang='lat' dir='ltr'><strong>COMNENO:</strong></span> 
     </span>
    </p>
   </div>
   <div class='ocr_carea' id='block_1_38' title="bbox 1854 4862 2175 4904">
    <p class='ocr_par' dir='ltr' id='par_1_38' title="bbox 1854 4862 2175 4904">
     <span class='ocr_line' id='line_1_38' title="bbox 1854 4862 2175 4904; baseline 0.003 -2"><span class='ocrx_word' id='word_1_316' title='bbox 1854 4862 2175 4904; x_wconf 71' lang='lat' dir='ltr'><strong>CONSCRIPTA</strong></span> 
     </span>
    </p>
   </div>
   <div class='ocr_carea' id='block_1_39' title="bbox 1151 4959 2861 5023">
    <p class='ocr_par' dir='ltr' id='par_1_39' title="bbox 1151 4959 2861 5023">
     <span class='ocr_line' id='line_1_39' title="bbox 1151 4959 2861 5023; baseline -0.004 -3"><span class='ocrx_word' id='word_1_317' title='bbox 1151 4966 1198 5020; x_wconf 79' lang='grc' dir='ltr'><strong>Δ</strong></span> <span class='ocrx_word' id='word_1_318' title='bbox 1227 4963 1495 5023; x_wconf 77' lang='lat' dir='ltr'><strong>JOANNE</strong></span> <span class='ocrx_word' id='word_1_319' title='bbox 1527 4960 2008 5022; x_wconf 77' lang='lat' dir='ltr'><strong>IMPERATORIO</strong></span> <span class='ocrx_word' id='word_1_320' title='bbox 2036 4959 2497 5019; x_wconf 77' lang='lat' dir='ltr'><strong>GRAMMATICO</strong></span> <span class='ocrx_word' id='word_1_321' title='bbox 2527 4959 2861 5019; x_wconf 74' lang='lat' dir='ltr'><strong>ClNNAMO.</strong></span> 
     </span>
    </p>
   </div>
   <div class='ocr_carea' id='block_1_40' title="bbox 1696 5224 2314 5311">
    <p class='ocr_par' dir='ltr' id='par_1_40' title="bbox 1696 5224 2314 5311">
     <span class='ocr_line' id='line_1_40' title="bbox 1696 5224 2314 5311; baseline -0.006 -1"><span class='ocrx_word' id='word_1_322' title='bbox 1696 5224 2140 5311; x_wconf 86' lang='lat' dir='ltr'><strong>BIBAION</strong></span> <span class='ocrx_word' id='word_1_323' title='bbox 2218 5225 2314 5309; x_wconf 86' lang='lat' dir='ltr'><strong>A.</strong></span> 
     </span>
    </p>
   </div>
   <div class='ocr_carea' id='block_1_41' title="bbox 1800 5484 2251 5563">
    <p class='ocr_par' dir='ltr' id='par_1_41' title="bbox 1800 5484 2251 5563">
     <span class='ocr_line' id='line_1_41' title="bbox 1800 5484 2251 5563; baseline 0.002 -1"><span class='ocrx_word' id='word_1_324' title='bbox 1800 5484 2100 5562; x_wconf 78' lang='lat' dir='ltr'><strong>LIBER</strong></span> <span class='ocrx_word' id='word_1_325' title='bbox 2186 5484 2251 5563; x_wconf 85' lang='grc' dir='ltr'><strong>Ι.</strong></span> 
     </span>
    </p>
   </div>
   <div class='ocr_carea' id='block_1_42' title="bbox 425 5709 2042 5791">
    <p class='ocr_par' dir='ltr' id='par_1_42' title="bbox 425 5709 1953 5787">
     <span class='ocr_line' id='line_1_42' title="bbox 425 5709 1953 5787; baseline 0.005 -22"><span class='ocrx_word' id='word_1_326' title='bbox 425 5709 570 5783; x_wconf 62' lang='lat' dir='ltr'><strong>[Pd</strong></span> <span class='ocrx_word' id='word_1_327' title='bbox 602 5709 630 5785; x_wconf 87' lang='lat'><strong>]</strong></span> <span class='ocrx_word' id='word_1_328' title='bbox 662 5709 737 5766; x_wconf 80' lang='grc' dir='ltr'><strong>α’.</strong></span> <span class='ocrx_word' id='word_1_329' title='bbox 763 5711 902 5765; x_wconf 80' lang='grc' dir='ltr'><strong>Οὐδὲ</strong></span> <span class='ocrx_word' id='word_1_330' title='bbox 935 5713 995 5765; x_wconf 83' lang='grc' dir='ltr'><strong>τὸ</strong></span> <span class='ocrx_word' id='word_1_331' title='bbox 1024 5728 1128 5782; x_wconf 72' lang='grc' dir='ltr'><strong>της</strong></span> <span class='ocrx_word' id='word_1_332' title='bbox 1164 5712 1411 5784; x_wconf 76' lang='grc' dir='ltr'><strong>ἱστορίας</strong></span> <span class='ocrx_word' id='word_1_333' title='bbox 1434 5714 1598 5785; x_wconf 71' lang='grc' dir='ltr'>ἔργον</span> <span class='ocrx_word' id='word_1_334' title='bbox 1622 5714 1953 5787; x_wconf 80' lang='grc' dir='ltr'><strong>ἀφιλότιμον</strong></span> 
     </span>
    </p>
   </div>
   <div class='ocr_carea' id='block_1_43' title="bbox 2025 5709 3642 5791">
    <p class='ocr_par' dir='ltr' id='par_1_43' title="bbox 2140 5710 3642 5791">
     <span class='ocr_line' id='line_1_43' title="bbox 2140 5710 3642 5791; baseline -0.008 -15"><span class='ocrx_word' id='word_1_335' title='bbox 2140 5720 2275 5791; x_wconf 75' lang='lat'><strong>1-3</strong></span> <span class='ocrx_word' id='word_1_336' title='bbox 2318 5721 2369 5774; x_wconf 82' lang='lat' dir='ltr'><strong>l.</strong></span> <span class='ocrx_word' id='word_1_337' title='bbox 2413 5716 2708 5773; x_wconf 82' lang='lat' dir='ltr'><strong>Historiam</strong></span> <span class='ocrx_word' id='word_1_338' title='bbox 2732 5710 2973 5769; x_wconf 83' lang='lat' dir='ltr'><strong>scribere</strong></span> <span class='ocrx_word' id='word_1_339' title='bbox 3001 5712 3296 5781; x_wconf 74' lang='lat' dir='ltr'><strong>gloriosum</strong></span> <span class='ocrx_word' id='word_1_340' title='bbox 3323 5711 3642 5779; x_wconf 80' lang='lat' dir='ltr'><strong>jampridem</strong></span> 
     </span>
    </p>
   </div>
   <div class='ocr_carea' id='block_1_44' title="bbox 352 5801 1969 5880">
    <p class='ocr_par' dir='ltr' id='par_1_44' title="bbox 352 5803 1953 5880">
     <span class='ocr_line' id='line_1_44' title="bbox 352 5803 1953 5880; baseline 0.005 -24"><span class='ocrx_word' id='word_1_341' title='bbox 352 5805 470 5868; x_wconf 79' lang='grc' dir='ltr'>τοῖς</span> <span class='ocrx_word' id='word_1_342' title='bbox 504 5804 688 5861; x_wconf 75' lang='grc' dir='ltr'><strong>πάλαι</strong></span> <span class='ocrx_word' id='word_1_343' title='bbox 734 5803 994 5878; x_wconf 68' lang='grc' dir='ltr'><strong>ἐνομίσθη</strong></span> <span class='ocrx_word' id='word_1_344' title='bbox 1061 5806 1270 5875; x_wconf 75' lang='grc' dir='ltr'>σοφοῖς.</span> <span class='ocrx_word' id='word_1_345' title='bbox 1332 5805 1626 5872; x_wconf 53' lang='lat' dir='ltr'><strong>Uisio-too;</strong></span> <span class='ocrx_word' id='word_1_346' title='bbox 1680 5809 1782 5880; x_wconf 82' lang='grc' dir='ltr'><strong>μὲν</strong></span> <span class='ocrx_word' id='word_1_347' title='bbox 1856 5806 1953 5864; x_wconf 77' lang='grc' dir='ltr'>οὖν</span> 
     </span>
    </p>
   </div>
   <div class='ocr_carea' id='block_1_45' title="bbox 2030 5801 3647 5880">
    <p class='ocr_par' dir='ltr' id='par_1_45' title="bbox 2064 5801 3647 5879">
     <span class='ocr_line' id='line_1_45' title="bbox 2064 5801 3647 5879; baseline -0.006 -13"><span class='ocrx_word' id='word_1_348' title='bbox 2064 5814 2240 5868; x_wconf 89' lang='lat' dir='ltr'><strong>visum</strong></span> <span class='ocrx_word' id='word_1_349' title='bbox 2288 5819 2374 5867; x_wconf 89' lang='lat' dir='ltr'><strong>est</strong></span> <span class='ocrx_word' id='word_1_350' title='bbox 2421 5807 2782 5879; x_wconf 75' lang='lat' dir='ltr'><strong>sapientibus,</strong></span> <span class='ocrx_word' id='word_1_351' title='bbox 2830 5818 3058 5875; x_wconf 89' lang='lat' dir='ltr'><strong>quorum</strong></span> <span class='ocrx_word' id='word_1_352' title='bbox 3110 5801 3373 5872; x_wconf 89' lang='lat' dir='ltr'><strong>plurimos</strong></span> <span class='ocrx_word' id='word_1_353' title='bbox 3420 5802 3647 5870; x_wconf 77' lang='lat' dir='ltr'><strong>contigit</strong></span> 
     </span>
    </p>
   </div>
   <div class='ocr_carea' id='block_1_46' title="bbox 357 5891 1974 5973">
    <p class='ocr_par' dir='ltr' id='par_1_46' title="bbox 357 5894 1949 5973">
     <span class='ocr_line' id='line_1_46' title="bbox 357 5894 1949 5973; baseline 0.006 -25"><span class='ocrx_word' id='word_1_354' title='bbox 357 5896 543 5953; x_wconf 72' lang='grc' dir='ltr'>αὐτῶν</span> <span class='ocrx_word' id='word_1_355' title='bbox 568 5897 673 5951; x_wconf 77' lang='grc' dir='ltr'><strong>καὶ</strong></span> <span class='ocrx_word' id='word_1_356' title='bbox 709 5894 962 5952; x_wconf 67' lang='grc' dir='ltr'><strong>ἐντεῦθεν</strong></span> <span class='ocrx_word' id='word_1_357' title='bbox 1000 5897 1428 5971; x_wconf 66' lang='grc' dir='ltr'><strong>εὐδοκιμηκέναι</strong></span> <span class='ocrx_word' id='word_1_358' title='bbox 1483 5899 1705 5973; x_wconf 79' lang='grc' dir='ltr'><strong>συνέϐη.</strong></span> <span class='ocrx_word' id='word_1_359' title='bbox 1756 5902 1814 5957; x_wconf 84' lang='lat'><strong>&#39;0</strong></span> <span class='ocrx_word' id='word_1_360' title='bbox 1850 5902 1949 5973; x_wconf 82' lang='grc' dir='ltr'>μὲν</span> 
     </span>
    </p>
   </div>
   <div class='ocr_carea' id='block_1_47' title="bbox 2028 5891 3645 5973">
    <p class='ocr_par' dir='ltr' id='par_1_47' title="bbox 2063 5891 3645 5962">
     <span class='ocr_line' id='line_1_47' title="bbox 2063 5891 3645 5962; baseline -0.008 -2"><span class='ocrx_word' id='word_1_361' title='bbox 2063 5919 2173 5960; x_wconf 89' lang='lat' dir='ltr'><strong>non</strong></span> <span class='ocrx_word' id='word_1_362' title='bbox 2222 5902 2548 5961; x_wconf 85' lang='lat' dir='ltr'><strong>mediocrem</strong></span> <span class='ocrx_word' id='word_1_363' title='bbox 2600 5897 2727 5955; x_wconf 89' lang='lat' dir='ltr'><strong>inde</strong></span> <span class='ocrx_word' id='word_1_364' title='bbox 2758 5897 2957 5953; x_wconf 81' lang='lat' dir='ltr'><strong>famam</strong></span> <span class='ocrx_word' id='word_1_365' title='bbox 2992 5894 3312 5962; x_wconf 80' lang='lat' dir='ltr'><strong>laudemque</strong></span> <span class='ocrx_word' id='word_1_366' title='bbox 3360 5891 3645 5961; x_wconf 79' lang='lat' dir='ltr'><strong>consequi.</strong></span> 
     </span>
    </p>
   </div>
  </div>
