4096 6442
390 426 494 493 315

1667 414 2018 483 .JOANNIS
2056 402 2385 483 CINNAMI

3561 428 3670 495 316

386 539 548 601 clusi,
580 535 667 590 alii
693 534 799 589 alio
830 547 926 604 per
976 528 1427 600 circumiacentes
1459 538 1682 600 campos
1706 527 1967 597 fugerunt

2088 530 2290 585 αὐτίκα
2323 529 2503 583 ὀπίσω
2531 528 2755 601 ιχώρει,
2792 531 2889 586 καὶ
2935 530 3227 605 Ῥωμαίων
3244 534 3394 606 αύτῷ
3426 537 3669 593 πλεῖστοι

387 637 593 705 hacque
621 634 835 686 ratione
868 630 999 686 urbs
1032 636 1399 699 expugnatur.

2083 621 2323 676 εἵποντο.
2365 621 2588 693 Ἐπειδή
2621 637 2683 673 τε
2721 622 2861 693 πρὸς
2895 628 3017 688 ταῖς
3052 624 3250 689 πύλαις
3276 627 3670 693 ὲγένοντο,τιῖιν

383 728 568 780 ἵππων
605 723 913 787 ἀποϐάντες
943 723 1107 779 αὑτοῦ
1160 724 1417 778 ἵσταντο·
1486 721 1617 792 ἑξῆς
1689 719 1749 775 δὲ
1807 719 1903 774 καὶ
1946 714 2011 769 τὸ
2086 713 2218 768 ἄλλο
2258 713 2551 785 Ῥωμαίων
2589 715 2911 786 στράτευμα
2944 718 3058 771 τῶν
3107 722 3511 790 πραττομένων
3544 725 3689 776 αίσ--

277 848 289 863 ο
383 823 603 889 θόμενοι
633 820 820 891 δρόμῳ
849 818 1032 889 πολλῷ
1061 818 1331 890 ἐχώρουν,
1403 816 1499 871 καὶ
1523 818 1571 869 οί
1631 814 1887 885 πολέμιοι
1938 811 1998 863 ὲν
2042 809 2199 880 μέσῳ
2236 808 2428 863 λοιπὸν
2495 809 2972 881 ὲναπειλημμένοι
3025 811 3186 877 ἄλλος
3249 812 3463 885 ἀλλαχῆ
3522 818 3667 871 κατὰ

382 914 483 983 τῆς
518 914 893 984 προκειμένης
932 913 1151 966 ὲθέοντο
1184 911 1460 978 πεδιάδος,
1488 910 1522 981 ἥ
1551 927 1611 963 τε
1659 908 1819 970 πόλις
1855 902 2132 976 ἡλίσκετο.

456 1008 511 1061 5.
554 1007 840 1076 Digressus
874 1007 997 1061 inde
1037 1007 1331 1075 imperator
1372 1003 1858 1073 Hieracoryphiten
1892 1014 1982 1053 ca-

385 1105 565 1150 strum
617 1096 697 1151 sic
751 1096 954 1150 dictum
1006 1096 1220 1165 aliaque
1269 1092 1549 1164 complura
1601 1107 1722 1163 quae
1768 1089 1981 1145 Attalize

384 1189 614 1242 linitima
662 1198 791 1243 sunt
841 1189 1002 1257 cepit,
1037 1198 1333 1258 posteaque
1372 1185 1691 1256 Byzantium
1727 1197 1980 1239 reversus

379 1288 492 1336 est.
526 1280 705 1334 Pauco
753 1281 946 1335 deinde
992 1280 1178 1350 elapso
1229 1289 1474 1349 tempore
1520 1277 1574 1331 in
1608 1274 1977 1331 Macedoniam

384 1373 575 1429 metit.
609 1371 744 1427 Nam
778 1374 992 1445 Scytha:
1038 1371 1343 1443 ingentibus
1369 1370 1539 1441 copiis
1571 1366 1769 1423 Istrum
1803 1379 1978 1422 trans-

385 1465 562 1533 gressi
594 1463 647 1517 iu
679 1464 814 1519 lines
847 1465 1157 1533 irruperant
1184 1461 1574 1515 Romanorum.
1609 1458 1805 1513 Verum
1831 1457 1974 1528 quod

385 1555 562 1611 hiems
593 1564 705 1609 tum
736 1565 876 1621 erat,
908 1556 1056 1611 circa
1084 1555 1309 1610 Beroem
1334 1554 1610 1609 civitatem
1644 1554 1695 1607 in
1729 1551 1974 1606 hibernis

386 1648 614 1705 militem
663 1647 968 1716 collocavit,
1017 1648 1335 1715 cunctisque
1390 1646 1607 1701 interim
1658 1645 1724 1698 ad
1773 1642 1972 1699 bellum

384 1744 699 1809 instructis,
764 1741 1028 1812 quosdam
1085 1758 1150 1796 ex
1215 1740 1437 1795 illorum
1502 1738 1816 1810 phylarchis
1868 1735 1972 1792 sibi

2150 1003 2225 1066 γ’.
2258 996 2530 1063 Βασιλεὺς
2563 999 2622 1053 δὲ
2654 999 2868 1053 ἐκεῖθεν
2908 1000 3158 1069 μεταϐὰς
3199 1002 3660 1073 Ίερακορυφίτην

2077 1106 2139 1143 τε
2180 1084 2295 1143 εἷλε
2326 1091 2390 1144 τὸ
2426 1092 2691 1161 φρούριον
2728 1093 2825 1146 καὶ
2880 1092 3160 1147 πλείστων
3225 1093 3404 1149 ἄλλων
3451 1094 3487 1148 ἃ
3541 1095 3669 1166 τῇδε

2079 1181 2301 1248 ἵδρυται
2330 1184 2397 1253 τῇ
2469 1183 2729 1237 Ἀττάλου
2775 1185 2870 1237 ἐπὶ
2935 1183 3192 1238 πλεῖστον
3240 1183 3665 1254 ἀγχιθυροῦντα,

2077 1276 2221 1331 οὔτω
2248 1294 2307 1330 τε
2341 1270 2533 1331 λοδπὸν
2565 1280 2624 1343 ἐς
2659 1279 2962 1344 Βυζάντιον
2994 1281 3422 1350 ἀνακομίζεται.
3480 1273 3558 1335 Ob
3603 1279 3668 1349 δὴ

2080 1368 2171 1421 ἐπ’
2201 1368 2388 1437 ὀλίγον
2421 1368 2718 1439 διατρίψας
2748 1371 2845 1425 ἐπὶ
2877 1370 2976 1442 τὴν
3006 1372 3398 1441 Μακεδονικὴν
3447 1371 3666 1442 ἐχώρει.

2079 1456 2288 1511 Σκύθαι
2310 1458 2421 1529 γὰρ
2458 1460 2772 1530 πανστρατὶ
2800 1460 2894 1513 τὸν
2925 1462 3148 1531 Ἴστρον
3176 1462 3463 1527 διαϐάντες
3503 1464 3584 1526 είς
3601 1462 3669 1516 τά

2091 1548 2379 1620 Ῥωμαίων
2410 1550 2694 1605 εἰσέϐαλον
2710 1553 2857 1622 ὅρια.
2902 1552 3063 1607 Ἀλλά
3088 1554 3214 1607 τότε
3254 1554 3353 1623 μὲν
3398 1554 3669 1625 χειμῶνος

2075 1642 2483 1713 ἐπιλαϐομένου
2524 1643 2764 1698 ἐνταῦθά
2814 1662 2920 1699 που
2958 1647 3087 1719 περὶ
3125 1647 3283 1700 πόλιν
3329 1647 3536 1717 Βερόην
3585 1648 3668 1699 δι-

2074 1736 2364 1806 εχείμαζε,
2400 1737 2462 1789 τὸ
2491 1737 2591 1807 μὲν
2620 1739 2689 1793 τά
2739 1738 2878 1810 πρὸς
2937 1740 3032 1795 τὸν
3082 1740 3322 1810 πόλεμον
3367 1738 3667 1812 ὲξαρτύων,

382 1833 675 1889 conciliare
710 1832 944 1887 maxime
975 1831 1211 1886 annixus
1258 1840 1365 1894 est,
1414 1838 1474 1884 ut
1521 1840 1748 1885 caeteros
1792 1828 1967 1884 abhis

2078 1829 2166 1903 [P.
2192 1824 2273 1900 4.]
2309 1830 2371 1881 τὸ
2399 1828 2457 1883 δὲ
2489 1829 2657 1883 πλέον
2681 1830 2844 1902 ἧθελε
2889 1831 3001 1886 τῶν
3035 1835 3093 1887 ὲν
3138 1833 3307 1903 σφίσι
3374 1832 3669 1904 φυλάρχων

383 1925 587 1980 divisos
612 1934 761 1979 tanto
782 1923 995 1980 facilius
1017 1923 1332 1978 debellarct.
1359 1920 1470 1976 Sub
1490 1935 1714 1976 vernum
1740 1930 1971 1990 tempus,

384 2031 506 2070 cum
527 2030 595 2070 ex
621 2016 687 2072 iis
710 2016 1018 2087 complures
1040 2016 1403 2087 legationibus
1428 2012 1662 2070 subinde
1685 2012 1974 2068 submissis

384 2108 448 2161 ad
477 2124 604 2163 suas
637 2108 916 2164 allexisset
950 2117 1155 2180 partes,
1192 2109 1244 2163 in
1284 2117 1518 2164 czeteros
1560 2105 1838 2175 profectus
1868 2114 1970 2171 est,

384 2218 673 2273 rerumque
718 2204 777 2274 8
820 2217 1094 2257 summam
1157 2216 1281 2257 cum
1338 2201 1407 2256 iis
1456 2200 1649 2257 statuit
1712 2199 1971 2269 experiri.

381 2294 684 2351 Cotutnissa
740 2307 974 2364 utraque
1024 2295 1179 2358 acie,
1232 2308 1389 2364 aequo
1435 2293 1750 2363 aliquandiu
1801 2291 1974 2347 Marte

383 2396 707 2457 pugnatum,
758 2387 983 2457 ipseque
1021 2388 1316 2457 imperator
1350 2386 1526 2456 iaculo
1560 2386 1610 2440 iu
1641 2400 1804 2440 crure
1851 2398 1973 2454 per-

382 2493 577 2534 russus
621 2490 727 2533 est.
781 2477 1022 2533 Tandem
1070 2477 1333 2533 Romanis
1382 2478 1585 2533 acriter
1634 2476 1974 2533 certantibus

383 2579 714 2637 superantur
760 2569 1016 2641 Scythae,
1070 2586 1300 2638 quorum
1350 2570 1443 2625 alii
1497 2570 1553 2625 in
1608 2570 1727 2638 ipso
1788 2569 1973 2639 praelio

384 2657 661 2722 interiere,
711 2656 802 2710 alii
855 2658 960 2713 vivi
992 2658 1135 2727 capti
1186 2669 1333 2715 sunt.
1388 2655 1522 2712 Pars
1555 2671 1681 2712 vero
1723 2658 1968 2729 quasdam

384 2759 490 2799 non
544 2745 831 2815 ignobilior
884 2746 948 2799 ad
1000 2756 1180 2801 castra
1235 2760 1491 2812 reversa,
1542 2746 1685 2817 fugte
1732 2760 1792 2801 se
1841 2744 1971 2800 dare

385 2848 726 2903 nequaquam
773 2836 936 2889 valuit
975 2852 991 2891 :
1026 2836 1154 2904 quin
1190 2836 1372 2906 potius
1403 2852 1530 2891 cum
1566 2835 1886 2907 coniugibus
1914 2845 1971 2891 et

382 2927 569 2984 liberis
586 2928 845 2999 quidquid
866 2937 1098 2985 restaret
1120 2928 1343 2997 periculi
1366 2929 1639 2983 sustinere
1658 2930 1967 2997 decrevere,

381 3018 809 3088 compositisque
849 3028 906 3072 et
949 3029 1074 3089 apte
1122 3018 1268 3072 inter
1294 3030 1356 3075 se
1382 3019 1643 3072 connexis
1681 3017 1964 3087 plaustris,

380 3122 503 3175 quae
524 3109 754 3179 desuper
775 3102 988 3164 bovinis
1007 3118 1367 3164 contexerant
1389 3108 1645 3180 pellibus,
1669 3111 1967 3182 positisque

2082 1918 2379 1991 (10)τινὰς
2406 1919 2821 1991 ἐταιρίσασθαι,
2861 1921 2936 1985 ὡς
2964 1922 3029 1977 ἂν
3083 1922 3227 1977 οὕτω
3287 1924 3415 1988 τοὺς
3476 1923 3669 1987 ἄλλους

2081 2011 2252 2083 χωρὶς
2276 2010 2571 2067 ἀπολαϐὼν
2587 2013 2649 2066 ού
2679 2014 2777 2069 σὺν
2805 2014 2958 2084 πόνῳ
3018 2015 3494 2087 καταγωνίσηται.
3528 2015 3667 2068 Ἔα·

2082 2119 2177 2175 ρος
2205 2102 2261 2156 δὲ
2294 2102 2526 2168 πολλοὺς
2550 2104 2653 2175 ἤδη
2699 2106 2787 2161 διὰ
2837 2107 3150 2177 πρεσϐειῶν
3203 2109 3355 2179 αύτῷ
3414 2125 3670 2179 προσχω-

2084 2197 2252 2268 ρῆσαι
2281 2197 2587 2262 ἀναπείσας
2612 2198 2709 2252 ἐπὶ
2738 2199 2868 2261 τοὺς
2900 2198 3125 2264 λοιποὺς
3160 2200 3381 2272 ἐχώρει,
3444 2200 3669 2269 πολέμῳ

2081 2294 2270 2361 κρῖναι
2297 2290 2471 2343 θέλων
2498 2293 2568 2346 τά
2617 2292 2947 2364 πράγματα.
3010 2295 3407 2367 Συρῤαγέντων
3483 2294 3666 2348 τοίνυν

2080 2385 2333 2454 ἀλλήλοις
2357 2386 2465 2440 τῶν
2494 2387 2948 2459 στρατευμάτων,
2981 2388 3141 2459 μέχρι
3175 2388 3276 2458 μέν
3303 2405 3450 2451 τινος
3481 2387 3666 2441 ίσοτά-

2080 2475 2275 2540 λαντος
2308 2478 2341 2548 ἡ
2372 2478 2522 2547 μάχη
2541 2477 2776 2547 ἐγίνετο,
2799 2479 2888 2533 ὅτε
2919 2482 3015 2532 καὶ
3042 2478 3207 2542 αύτδς
3234 2479 3488 2550 βασιλεὺς
3524 2480 3668 2549 βέλει

2078 2568 2171 2623 τὸν
2198 2569 2337 2623 πόδα
2358 2570 2573 2641 ἐπλήγη
2603 2586 2618 2604 ο
2649 2571 2760 2625 τῶν
2797 2572 2854 2626 δὲ
2893 2570 3188 2642 Ῥωμαίων
3219 2572 3479 2642 εὐθύμως
3518 2573 3669 2641 ἀγω-

2079 2659 2379 2729 νιζομένων
2408 2661 2679 2730 ἡττῶνται
2717 2662 2860 2716 κατὰ
2886 2663 3093 2734 κράτος
3186 2665 3237 2718 οἱ
3298 2665 3525 2730 Σκύθαι,
3572 2668 3667 2719 καὶ

2079 2750 2264 2806 αὐτῶν
2294 2753 2345 2805 οί
2380 2752 2480 2823 μὲν
2508 2752 2731 2818 ἔπεσον,
2762 2754 2813 2807 οί
2834 2754 2891 2807 δὲ
2924 2754 3170 2827 ζωγρείῳ.
3195 2757 3463 2810 ἑάλωσαν.
3490 2759 3665 2828 Μοῖρα

2076 2843 2134 2896 δέ
2164 2861 2244 2907 τις
2276 2844 2379 2899 οὐκ
2400 2846 2602 2916 ἀγενὴς
2648 2847 2744 2900 ἐπὶ
2796 2847 2858 2901 τὸ
2933 2849 3303 2919 στρατόπεδον
3366 2851 3664 2903 ἐπανιοῦσα

2076 2937 2263 2991 οὐκέτι
2286 2938 2515 3008 φεύγειν
2540 2941 2721 3011 ἠξίου,
2745 2941 2865 2995 ἀλλ’
2913 2942 3081 2997 αὐτοῦ
3142 2944 3241 2999 σὺν
3302 2945 3521 3015 γυναιξὶ
3572 2947 3665 2999 καὶ

2075 3032 2291 3095 τέκνοις
2322 3033 2436 3096 τοῖς
2460 3033 2646 3087 αὐτῶν
2679 3035 2772 3090 τὸν
2805 3036 3055 3090 κίνδυνον
3096 3039 3402 3109 ὑποστῆναι
3458 3039 3666 3093 εἴλοντο

2076 3124 2513 3196 προπονούμενοι
2542 3127 2652 3180 τῶν
2685 3129 2937 3200 ἁμαξῶν,
2956 3129 3025 3195 ἃς
3065 3130 3265 3202 βοείοις
3291 3131 3503 3188 ἄνωθεν
3534 3132 3665 3203 βύρ-

379 3200 437 3255 in
467 3198 536 3256 iis
567 3200 831 3257 uxoribus
859 3212 913 3255 et
941 3201 1146 3268 liberis,
1185 3202 1427 3271 praelium
1467 3203 1795 3258 instaurant.
1825 3203 1967 3257 itur-

2083 3237 2205 3283 σαις
2229 3220 2624 3290 περιλαϐόντες
2666 3198 2736 3287 ἐς
2763 3223 2827 3277 τὸ
2870 3198 3105 3297 ἀκριϐές
3184 3243 3243 3280 τε
3286 3198 3664 3298 ἁρμοσάμενῄοι

380 3305 504 3346 eum
553 3291 719 3363 igitur
751 3302 903 3347 atrox
941 3294 1251 3348 conseritur
1300 3306 1478 3364 pugna
1511 3300 1566 3348 et
1601 3293 1871 3363 utrimque
1909 3294 1968 3349 iit

384 3382 555 3438 multa
586 3386 781 3441 caedes.
813 3383 1032 3457 Scytha:
1072 3387 1274 3457 quippe
1305 3386 1556 3442 curribus
1584 3385 1748 3441 veluti
1790 3387 1966 3441 muni-

380 3488 566 3535 mento
599 3478 681 3533 usi
730 3493 836 3535 non
887 3482 1171 3536 minimum
1222 3479 1481 3536 Romanis
1527 3479 1782 3535 damnum
1826 3481 1966 3535 intu-

382 3570 584 3626 lerunt.
610 3571 740 3637 Qua:
767 3588 889 3626 cum
922 3574 1232 3629 adverteret
1262 3574 1580 3642 imperator,
1611 3575 1799 3629 statuit
1825 3590 1967 3643 equo

378 3664 711 3718 descendere
733 3664 1004 3733 pedesque
1023 3680 1144 3719 eum
1170 3666 1382 3721 caeteris
1406 3665 1663 3720 militibus
1685 3667 1962 3722 dimicare.

386 3753 583 3808 Verum
634 3769 975 3824 nequaquam
1023 3754 1074 3809 id
1123 3755 1475 3823 probantibus
1520 3756 1672 3824 suis,
1724 3758 1966 3829 praecipit

381 3845 738 3915 bipenniferis
778 3847 869 3917 qui
905 3848 1007 3902 sibi
1052 3847 1306 3903 astabant
1338 3855 1503 3919 (gens
1532 3862 1592 3903 ea
1621 3860 1705 3906 est
1746 3849 1965 3907 Britan-

384 3953 600 4007 norum,
625 3952 744 4006 quae
768 3953 797 3990 a
825 3937 1173 3996 multisretro
1196 3938 1410 3993 saeculis
1434 3938 1694 3996 Romanis
1719 3942 1960 4013 militat),

382 4038 440 4081 ut
477 4028 739 4083 instarent
786 4030 1178 4099 securibusque
1212 4031 1328 4084 suis
1360 4046 1554 4089 currus
1601 4032 1960 4091 dissecarent.
2000 4078 2005 4085 .

379 4118 540 4175 iussa
584 4119 648 4174 iis
682 4120 869 4193 statim
912 4122 1371 4191 exsequentibus,
1406 4121 1731 4194 Scytharum
1768 4128 1963 4185 castris

381 4213 587 4278 potitus
607 4221 685 4266 est
720 4212 1037 4281 imperator.
1067 4213 1221 4268 Tunc
1253 4214 1499 4285 plerique
1531 4231 1596 4272 ex
1622 4216 1690 4272 iis
1720 4219 1810 4286 qui
1839 4218 1962 4290 fuga

381 4303 483 4356 sibi
527 4303 956 4370 cousuluerant,
1004 4305 1345 4375 popularium
1392 4308 1662 4363 desiderio
1706 4310 1960 4379 adducti,

380 4393 521 4447 ultro
562 4394 628 4449 ad
671 4410 795 4449 eum
843 4393 1175 4459 conﬂuxere,
1222 4396 1696 4471 Romanorumque
1739 4403 1963 4461 sedibus

382 4483 514 4538 illati
538 4494 591 4541 et
616 4488 855 4543 numeris
880 4489 1070 4545 inserti
1099 4490 1424 4548 militaribus
1449 4492 1753 4551 diutissime
1775 4497 1830 4551 in
1855 4495 1962 4553 ﬁde

380 4585 819 4645 perseverarunt.
1604 4588 1611 4595 '

446 4881 505 4952 9
540 4881 594 4935 4.
637 4881 818 4947 Atque
864 4881 969 4937 isto
1001 4883 1218 4953 quidem
1257 4867 1415 4939 modo
1446 4899 1568 4941 sese
1614 4885 1804 4941 habuit
1837 4885 1972 4957 Scy-

376 4971 592 5026 tharum
635 4973 701 5028 ad
744 4971 1021 5026 Romanos
1054 4974 1327 5027 transitio.
1361 4973 1749 5043 Imperatorem
1781 4983 1963 5029 autem

377 5077 568 5119 rursus
614 5065 892 5119 detinuere
940 5080 1028 5119 res
1060 5065 1221 5121 Asiae.
1259 5064 1355 5119 l‘bi
1402 5065 1657 5120 Barbaris
1706 5066 1962 5135 inexspe-

377 5169 579 5225 ctatus,
615 5160 720 5215 sub
760 5159 955 5213 hiemis
1000 5158 1235 5213 maxime
1271 5168 1501 5226 tempus,
1547 5157 1667 5214 aliis
1701 5159 1752 5213 in
1788 5158 1961 5214 servi—

376 5261 550 5306 tutem
605 5251 878 5315 redactis,
953 5249 1196 5319 pluribus
1249 5250 1315 5303 ad
1374 5249 1743 5305 Christianam
1803 5249 1963 5305 [idem

2076 3313 2165 3366 ἐπ’
2201 3313 2382 3367 αὐτῶν
2416 3316 2519 3379 τὰς
2552 3318 2824 3381 γυναῖκας
2905 3319 2998 3372 καὶ
3048 3318 3119 3373 τὰ
3160 3319 3336 3373 «τέκνα
3382 3318 3660 3374 ἐνέθεσαν.

2076 3406 2245 3471 Αὖθις
2273 3403 2368 3462 οὖν
2406 3409 2557 3479 μάχη
2596 3410 2921 3465 συνίσταται
2961 3413 3211 3485 καρτερά
3238 3413 3335 3468 καὶ
3362 3414 3525 3483 φόνος
3557 3415 3666 3483 άμ-

2077 3500 2389 3571 φοτέρωθεν
2404 3502 2636 3570 γίνεται.
2664 3502 2872 3557 Σκύθαι
2902 3503 3012 3574 γὰρ
3031 3504 3225 3577 ῶσπερ
3244 3506 3660 3577 ἐπιτειχίσματι

2076 3595 2198 3655 ταῖς
2225 3593 2467 3661 ἁμάξαις
2487 3594 2829 3664 χρησάμενοι
2860 3595 3070 3665 μεγάλα
3089 3596 3383 3667 Ῥωμαίοις
3402 3598 3656 3653 ἐλύπουν.

2083 3688 2147 3739 "0
2201 3684 2454 3756 βασιλεὺς
2519 3685 2926 3755 ἐννοησάμενος
2972 3687 3133 3758 ἤθελε
3188 3689 3288 3757 μὲν
3344 3688 3510 3753 αὐτὸς
3566 3690 3660 3743 τοῦ

2077 3777 2250 3831 ἵππου
2275 3775 2491 3839 ἀποϐὰς
2511 3773 2650 3847 πεζῇ
2684 3777 2781 3830 σὺν
2812 3779 2924 3840 τοῖς
2955 3779 3324 3849 στρατιώταις
3354 3780 3445 3832 τὸν
3472 3782 3660 3849 ἀγῶνα

2074 3868 2388 3939 διαθλῆσαι.
2426 3866 2722 3937 Ῥωμαίων
2756 3868 2813 3922 δὲ
2837 3868 3052 3939 οὐδαμῆ
3110 3871 3487 3925 ἐπαινούντων
3538 3873 3665 3925 ἐκέ-

2076 3959 2202 4015 λευε
2229 3964 2343 4025 τοῖς
2371 3961 2511 4032 ἀμφ’
2564 3961 2729 4015 αὑτὸν
2759 3961 3158 4032 πελεκυφόροις
3215 3965 3326 4035 (Η)
3380 3965 3551 4035 (ἔθνος
3603 3966 3659 4020 δέ

2074 4054 2191 4106 ἔστι
2222 4054 2384 4106 τοῦτο
2409 4052 2778 4124 Βρεταννικὸν
2821 4053 3103 4123 βασιλεῦσι
3183 4055 3479 4127 Ῥωμαίων
3541 4059 3661 4112 δου-

2072 4146 2230 4201 λεῦον
2258 4146 2556 4214 ἀνέκαθεν)
2613 4145 2905 4200 πελέκεσιν
2962 4149 3299 4213 ὲπιστάντας
3343 4150 3660 4205 διακόπτειν

2074 4240 2266 4301 αὐτάς.
2302 4238 2425 4290 Τῶν
2448 4239 2506 4291 δὲ
2532 4238 2734 4291 αὐτίκα
2770 4237 2933 4309 ἔργου
2957 4240 3260 4311 ἐχομένων,
3291 4240 3437 4296 οὕτω
3463 4244 3527 4315 δὴ
3564 4245 3660 4297 καὶ

2073 4330 2241 4385 αὐτοῦ
2273 4329 2367 4384 τοῦ
2401 4330 2629 4384 Σκυθῶν
2662 4333 3032 4402 στρατοπέδου
3086 4335 3367 4407 ἐγκρατὴς
3403 4335 3658 4407 βασιλεὺς

2071 4422 2305 4490 γίνεται.
2340 4423 2474 4476 Ὀτε
2503 4423 2601 4477 καὶ⁵
2635 4424 2744 4477 τῶν
2776 4424 2974 4491 ἄλλων,
3007 4426 3125 4479 ὅσοι
3153 4430 3300 4498 φυγῇ
3340 4427 3440 4499 τὴν
3479 4446 3658 4499 σωτη-

1998 4513 2205 4618 Ι,ρίαν
2233 4514 2796 4585 ἐπραγματεύσαντο,
2825 4516 2874 4569 oi
2936 4516 3164 4582 πλείους
3192 4518 3270 4590 τῷ
3311 4519 3521 4593 φίλτρῳ
3546 4522 3656 4577 τῶν

2074 4604 2399 4659 ἑαλωκότων
2428 4606 2723 4676 αὐτόμολοι
2786 4607 3001 4678 βασιλεῖ
3052 4610 3361 4680 γεγονότες,
3415 4614 3496 4677 είς
3550 4613 3654 4685 ἢθη

2078 4713 2130 4752 τε
2155 4700 2226 4753 τὰ
2278 4698 2571 4769 Ῥωμαίων
2595 4700 2930 4771 ἀπήχθησαν
2970 4703 3066 4756 καὶ
3109 4709 3533 4772 στρατιωτικοῖς
3564 4709 3653 4775 ἑγ-

2069 4790 2381 4862 γραφέντες
2413 4790 2739 4859 καταλόγοις
2771 4794 2865 4846 ἐπὶ
2895 4795 3109 4863 μακρὸν
3142 4795 3478 4850 διετέλεσαν.

2136 4879 2201 4936 δ’.
2249 4882 2313 4935 Ἢ
2342 4872 2442 4951 μὲν
2476 4881 2569 4935 οὖν
2599 4882 2709 4935 τῶν
2734 4883 3026 4938 Σκυθικῶν
3052 4885 3224 4939 ἐθνῶν
3258 4888 3317 4950 ἐς
3362 4886 3656 4957 Ῥωμαίων

2066 4972 2323 5036 διάϐασις
2351 4972 2527 5044 ταύτῃ
2558 4991 2634 5045 πη
2665 4973 2789 5045 ἔσχε
2814 4992 2828 5006 ο
2857 4974 3123 5045 βασιλεὺς
3142 4978 3198 5031 δὲ
3230 4979 3328 5032 καὶ
3357 4974 3515 5043 αὖθις
3546 4980 3654 5034 τῶν

2068 5065 2212 5120 κατὰ
2243 5064 2343 5136 τὴν
2387 5065 2576 5120 Ἀσίαν
2598 5065 2776 5136 εἴχετο
2806 5068 3177 5140 πραγμάτων.
3211 5070 3654 5143 Ἀπροσδόκητος

2068 5159 2179 5227 γὰρ
2208 5160 2322 5220 τοῖς
2342 5157 2469 5229 τῇδε
2501 5158 2802 5230 βαρϐάροις
2829 5160 3102 5230 χειμῶνος
3155 5161 3392 5231 μάλιστα
3474 5163 3652 5216 ὲπιτι-

2068 5249 2297 5320 θέμενος
2323 5250 2497 5321 ἄρδην
2529 5251 2981 5322 ἠνδραποδίζετο,
3014 5252 3309 5318 πλείστους
3340 5272 3401 5309 τε
3469 5255 3652 5309 αὐτῶν

1732 5391 1828 5451 Du
1861 5388 2087 5471 Cangii
2124 5396 2311 5453 notae.

452 5515 566 5584 (l0)
617 5516 968 5586 Φυλάρχων.
999 5513 1132 5569 Nam
1167 5515 1220 5569 in
1247 5514 1432 5586 plures
1473 5514 1644 5586 tribus
1676 5516 1952 5572 distributi

379 5595 558 5648 erant,
593 5601 694 5639 nec
740 5584 835 5639 uni
856 5586 1118 5653 parebant
1145 5584 1291 5647 duci,
1349 5585 1521 5654 inquit
1559 5584 1795 5641 Nicetas.
1823 5586 1955 5641 Pro-

382 5655 595 5728 copias,
622 5656 659 5709 l.
680 5671 694 5707 ι
715 5657 787 5725 De
808 5655 946 5728 bello
970 5654 1194 5728 _Persico
1221 5674 1238 5711 :
1267 5655 1476 5728 9563i;
1491 5655 1548 5707 δὲ
1575 5654 1702 5709 οὔτε
1736 5657 1956 5728 Ῥωμα-

382 5722 477 5795 ίων
552 5722 902 5795 στρατιωτῶν
962 5724 1175 5794 ἄρχων,
1234 5724 1328 5789 οὓς
1374 5724 1589 5795 μδοῦκας
1663 5722 1952 5793 καλοῦσιν,

378 5791 506 5845 οὕτε
532 5790 864 5867 Σαρακηνῶν
880 5790 1314 5867 τοῖςῬῳμαίοις
1344 5790 1686 5867 ἐδτισπόνδων
1712 5790 1955 5867 ήγούμεὲ

382 5878 485 5930 von,
527 5862 578 5917 οἶ
628 5862 897 5932 φύλαρχοι
925 5862 1314 5920 ἐπικαλοῦνται
1356 5879 1462 5921 etc.
1493 5862 1958 5936 Caeterutu'ex'pe-

2066 5520 2325 5592 ditionem
2340 5519 2566 5592 Joannis
2590 5520 2992 5592 Macedonicam
3023 5521 3091 5592 ad
3121 5536 3173 5574 a.
3200 5521 3234 5574 5
3252 5519 3645 5592 imperiirel'ert

2064 5588 2303 5651 Nicetas.
2355 5591 2447 5659 qui
2481 5592 2626 5645 cadit
2653 5592 2706 5644 in
2741 5606 2867 5646 ann.
2904 5591 3034 5647 Chr.
3075 5591 3235 5645 “9.5.

2070 5700 2081 5711 .
2137 5661 2251 5732 (il)
2303 5662 3112 5732 Πελεκυφόροιςμνιηνιιιςίε.
3149 5662 3471 5732 Bryeunius,
3526 5662 3566 5715 I.
3604 5677 3643 5732 ι,

2066 5745 2115 5800 c.
2159 5729 2230 5782 20
2256 5746 2270 5782 :
2328 5731 2723 5800 V'Aamdtcpépov
2752 5730 2975 5800 ξύμπαν
2994 5729 3089 5785 καὶ
3120 5729 3357 5785 πέλεκύν
3399 5750 3524 5785 τινα
3550 5730 3648 5786 ἐπὶ

2064 5799 2234 5870 ὤμων
2270 5799 2458 5870 φέρον.
2515 5799 2646 5856 Vide
2675 5812 2787 5857 not.
2818 5799 2885 5856 ad
2912 5800 3174 5857 Villhard‘.
3213 5811 3267 5857 et
3298 5802 3534 5857 Annam.
