4096 6408
440 420 544 486 317

1649 429 2207 526 ςἸΙῙΞΤΟΠῐᾼΒΠΜ
2247 436 2398 496 LIB.
2442 436 2489 495 Ι.

3611 422 3718 496 318

434 541 530 592 ἐπὶ
553 537 654 608 τὴν
686 537 886 607 εὐσεϐῆ
921 539 1254 612 μεταφέρων
1283 540 1442 606 δόξαν
1461 541 1632 612 αὔξην
1684 546 2030 615 στρατευμά-

2137 547 2430 616 perductis,
2481 561 2587 600 non
2642 543 2910 599 modicam
2962 544 3209 600 Romano
3242 545 3502 601 exercitui
3533 562 3720 601 acces-

432 646 545 681 των
581 627 837 681 ἐντεῦθεν
875 627 1174 698 Ῥωμαίοις
1209 632 1501 700 πεποίητο.
1533 631 1702 687 Οὔπω
1752 634 1860 704 γὰρ
1885 653 2018 704 γεη-

431 721 684 783 πονικοίς
714 720 1096 790 ἐνησκημένοι
1138 721 1325 790 ἔργοις
1354 723 1630 790 γάλακτός
1675 729 1735 778 τε
1776 726 2018 798 ἀπερῤόο

432 826 571 880 φουν
608 810 702 863 καὶ
741 809 921 880 κρεῶν
962 811 1266 878 ἐσιτοῦντο,
1292 814 1434 882 κατὰ
1469 817 1598 878 τοὺς
1662 816 1902 882 Σκύθας,
1933 819 2022 871 ἀεὶ

433 901 710 971 σποράδες
738 918 799 954 τε
827 900 932 954 ὰνά
960 902 1020 954 τὸ
1054 904 1240 956 πεδίον
1279 881 1649 976 έσῖιηνημένοι
1703 911 2022 984 ταύτῃτοῖς

433 990 785 1060 βουλομένοις
810 989 994 1053 αὐτοῖς
1011 993 1286 1064 ἐγχειρεῖν
1311 995 1733 1066 προχειρότατοι
1749 999 2015 1067 ἐγίνοντο.

434 1082 678 1153 Πέρσαις
720 1082 822 1153 μὲν
859 1083 924 1153 δὴ
960 1076 1108 1138 οὕτω
1158 1085 1444 1140 συνέϐαινε
1505 1087 1657 1158 βιοῦν
1706 1093 1974 1163 πρότερον
2006 1111 2021 1124 ·

445 1175 743 1241 Ῥωμαίοις
766 1176 822 1229 δὲ
850 1177 946 1230 καὶ
979 1175 1206 1240 Οὔννοις
1249 1179 1383 1248 (l2),
1404 1181 1454 1233 οἳ
1488 1180 1582 1235 ἐπί
1622 1179 1721 1252 τῆς
1769 1185 1910 1255 ὑπὲρ
1933 1185 2022 1239 τὸν

436 1268 653 1337 Ἴστρον
673 1267 860 1337 χώρας
896 1268 1128 1332 οἰκοῦσι,
1154 1269 1396 1339 πόλεμος
1427 1271 1526 1324 ἀπ’
1550 1274 1728 1336 αἰτίας
1745 1276 2020 1346 ἐνερῤάγη

431 1358 670 1412 τοιᾶσδε.
712 1358 1201 1428 Λαδισθ).ἀϐῳ(13)
1230 1361 1310 1429 τῷ
1339 1364 1638 1427 Παννονίας
1676 1367 1807 1435 ρηγὶ
1830 1369 2022 1431 παῖδες

431 1449 664 1519 ἄρρενες
699 1450 876 1520 ἤστην
900 1451 1014 1514 δύο,
1057 1453 1362 1522 Ἀλμοὺζης
1391 1455 1487 1506 καὶ
1508 1455 1802 1522 Στέφανος.
1858 1458 2022 1515 Ἀλλὰ

437 1539 712 1608 Στέφανος
739 1540 860 1610 μὲν,
885 1541 1196 1610 ἐπειδήπερ
1226 1544 1254 1595 ό
1283 1543 1470 1613 πατὴρ
1511 1545 1698 1608 αὐτοῖς
1729 1546 2019 1610 ἀποθάνοι,

431 1631 536 1702 τὴν
586 1633 765 1702 ἀρχὴν
823 1631 988 1695 αὐτὸς
1039 1633 1419 1702 ἀναλαμϐάνει
1488 1635 1862 1707 πρεσϐύτερος
1919 1637 2019 1702 ὢν,

435 1724 636 1793 ἅτερος
659 1725 715 1778 δὲ
750 1726 931 1794 φυγὰς
961 1726 1056 1779 ἐπὶ
1116 1725 1344 1796 βασιλέα
1393 1728 1792 1796 παραγίνεται.
1857 1729 2023 1793 ἘΘος

436 1819 549 1887 γὰρ
577 1816 662 1889 [Ρ.
697 1816 776 1889 5.]
812 1811 1038 1882 Οὕννοις
1062 1820 1202 1885 ἐστὶ,
1262 1817 1356 1873 τοῦ
1398 1823 1457 1874 ἐν
1507 1821 1696 1889 σφίσιν
1748 1821 2018 1892 ἄρχοντος

434 1912 531 1960 ἐπὶ
565 1911 723 1962 παισί
749 1909 1224 1980 τετελευτηκότος,
1261 1911 1368 1976 ἕως
1395 1912 1494 1983 μὲν
1534 1914 1562 1965 ὁ
1589 1911 1689 1983 τὴν
1721 1914 2021 1983 ἡγεμονίαν
2052 1895 2094 1949 Β

434 2003 500 2054 ἐκ
528 2001 742 2055 τούτων
769 2003 1107 2072 παραλαϐὼν
1145 2005 1378 2074 ἄρρενος
1410 2005 1511 2058 οὐκ
1541 2005 1628 2076 εἴη
1656 2005 1839 2076 πατὴρ
1891 2020 2024 2060 παι·

436 2095 546 2157 δὸς,
583 2095 825 2161 ξυνεῖναί
859 2111 918 2148 τε
951 2095 1206 2166 ἀλλήλοις
1255 2097 1381 2159 τοὺς
1435 2097 1702 2166 ἀδελφοὺς
1774 2100 1870 2153 καὶ
1926 2099 2026 2172 τῆς

442 2187 575 2256 παρ’
607 2187 858 2255 ἀλλήλων
880 2188 1173 2258 τυγχάνειν
1221 2189 1458 2254 εὐνοίας,
1520 2191 1742 2244 ἐπειδὰν
1798 2191 1856 2246 δέ
1923 2191 2025 2261 ἥδη

442 2281 573 2340 παῖς
593 2277 741 2347 αὑτῷ
779 2279 1028 2348 γένηται,
1061 2279 1248 2332 οὐκέτι
1282 2279 1463 2343 ἄλλως
1483 2280 1585 2352 τὴν
1641 2281 1736 2334 ἐπὶ
1786 2282 1885 2352 τῆς
1916 2281 2026 2352 χώ-

448 2389 548 2443 ρας
583 2371 885 2442 ξυγχωρεῖν
913 2371 1094 2433 αὑτοῖς
1133 2371 1448 2442 διατριϐήν,
1505 2371 1620 2426 ἀλλ’
1660 2375 1692 2444 ἢ
1724 2373 1822 2436 τὰς
1876 2372 2028 2443 habet;

449 2467 874 2537 ἐκκεντηθεῖσιν.
917 2465 1222 2537 Ἀλμούζης
1246 2468 1347 2537 μὲν
1368 2464 1463 2522 οῦν
1515 2468 1709 2522 τούτου
1747 2468 1812 2540 δὴ
1863 2469 2027 2522 ἕνεκα

453 2557 604 2626 παρά
627 2556 850 2626 βασιλέα
873 2551 1059 2627 ἦλθεν.
1109 2557 1170 2610 Ὀ
1198 2557 1254 2610 δὲ
1276 2557 1515 2628 ἄσμένός
1544 2575 1602 2611 τε
1620 2559 1714 2612 τὸν
1737 2558 2028 2630 ἄνθρωπον

447 2645 556 2703 εἶδε
587 2652 678 2703 καὶ
701 2649 797 2710 ξὺν
830 2649 1201 2720 φιλοφροσύνῃ
1233 2649 1473 2716 ἐδέξατο.
1510 2649 1808 2720 Ἐτύγχανε
1833 2650 1942 2721 γὰρ
1963 2651 2027 2721 δὴ

445 2742 699 2813 βασιλεὺς
734 2743 989 2814 Ἰωάννης
1032 2743 1272 2814 Εἰρήνην
1315 2742 1414 2813 τὴν
1461 2741 1828 2797 Βλαδισλάϐου
1861 2745 2029 2799 παῖδα

447 2840 687 2906 γυναῖκα
709 2835 960 2907 γαμετήν
1005 2836 1108 2907 ἤδη
1133 2836 1534 2906 πεποιημένος,
1570 2837 2030 2908 σωφρονεστάτην

444 2947 503 2983 τε
531 2931 694 2999 εἰπερ
725 2930 848 2983 τινὰ
873 2930 968 2982 καὶ
1001 2928 1207 2999 ἀρετῆς
1243 2928 1302 2992 ἐς
1333 2929 1402 2982 τὰ
1429 2928 1672 2999 μάλιστα
1699 2947 2030 3000 μεταποιου-

431 3024 644 3092 μὲνην.
671 3023 814 3075 Ὅσα
846 3021 979 3090 γοῦν
1008 3023 1072 3074 ἐκ
1109 3019 1378 3092 βασιλέως
1434 3037 1494 3074 τε
1527 3020 1776 3086 ξυνοίκου
1805 3025 1900 3076 καὶ
1930 3023 2029 3092 τῆς

448 3112 728 3183 βασιλείας
758 3113 1113 3182 ἐπεπόριστο,
1149 3111 1273 3164 οὕτε
1292 3114 1404 3175 τοίς
1425 3113 1616 3166 παισὶν
1671 3115 1751 3175 εἰς
1791 3113 2030 3185 κλήρους

2126 640 2332 692 sionem
2387 638 2534 692 fecit.
2572 636 2932 706 Agricultura:
2977 635 3120 690 enim
3170 651 3394 702 prorsus
3443 636 3711 702 imperiti,

2126 731 2210 784 lac
2243 730 2537 785 sorbebant
2568 730 2932 796 carnibusque
2964 726 3341 789 vescebantur,
3389 738 3549 794 atque
3595 742 3712 792 vagt

2127 822 2452 892 Scytharum
2503 837 2655 874 more
2699 821 2751 874 itt
2802 819 3008 888 campis
3043 819 3142 871 sub
3179 819 3428 872 tentoriis
3461 818 3716 886 degentes

2125 911 2269 966 facili
2317 927 2478 978 Opera
2527 909 2816 977 cujuslibet
2857 910 3056 978 impetu
3094 910 3392 977 expugnari
3446 918 3712 976 poterant.

2125 1004 2255 1058 Eam
2281 1005 2444 1071 igitur
2469 1003 2647 1057 Persae
2676 1002 2802 1056 olim
2834 1002 3044 1055 vivendi
3077 1001 3337 1054 rationem
3367 1003 3535 1054 secuti
3567 1011 3715 1054 sunt.

2123 1090 2270 1145 Inter
2317 1091 2592 1145 Romanos
2635 1105 2764 1144 vero
2797 1101 2851 1143 ct
2882 1090 2970 1159 qui
3026 1100 3176 1143 trans
3220 1085 3418 1145 Istrum
3469 1091 3717 1158 regiones

2125 1181 2366 1236 incolunt
2417 1183 2700 1251 llungaros
2758 1181 2954 1235 bellum
3009 1181 3109 1235 hac
3155 1179 3222 1235 de
3273 1196 3434 1236 causa
3489 1181 3714 1234 exarsit.

2123 1271 2396 1328 Vladislao
2448 1273 2734 1343 Hnngarim
2771 1274 2880 1344 regi
2919 1272 3008 1326 lilii
3061 1277 3167 1327 duo
3211 1282 3390 1334 erant,
3441 1271 3628 1324 Almus
3662 1283 3714 1325 et

2125 1365 2454 1435 Stephanus.
2505 1365 2706 1420 llorum
2759 1366 2896 1420 alter
2942 1364 3273 1433 Stephanus,
3308 1366 3577 1419 exstincto
3619 1381 3715 1433 pa-

2123 1464 2304 1520 rente,
2352 1464 2410 1509 ut
2455 1467 2584 1509 natu
2632 1455 2806 1524 major
2843 1471 3061 1526 regnum
3094 1455 3316 1524 accepit,
3363 1456 3502 1510 alter
3543 1456 3714 1524 patria

2124 1545 2341 1614 elapsus
2375 1547 2508 1601 adiit
2545 1549 2955 1618 imperatorem.
3009 1547 3174 1604 Moris
3222 1549 3418 1618 quippe
3452 1557 3536 1604 est
3571 1550 3714 1618 apud

2127 1638 2432 1710 Hungaros,
2469 1647 2527 1694 ut
2579 1655 2700 1695 cum
2770 1642 3026 1710 princeps
3099 1641 3483 1712 superstitibus
3534 1642 3717 1696 liberis

2124 1730 2231 1784 vita
2286 1729 2545 1801 fungitur,
2596 1732 2830 1800 quandiu
2884 1732 3052 1802 prolis
3098 1732 3352 1787 mascula:
3400 1747 3590 1787 exsors
3637 1742 3722 1787 est

2125 1820 2214 1890 qui
2269 1821 2320 1875 in
2377 1823 2659 1892 imperium
2728 1824 3008 1886 succedit,
3072 1824 3397 1879 conveniant
3464 1825 3605 1877 inter
3659 1839 3720 1878 se

2127 1924 2325 1981 fratres
2356 1936 2708 1998 mutuamque
2738 1928 3170 1983 benevolentiam
3201 1937 3532 1983 exerceant:
3558 1921 3720 1980 simul

2126 2032 2190 2071 ac
2234 2034 2362 2074 vero
2411 2030 2569 2076 natus
2615 2021 2692 2076 illi
2737 2021 2898 2086 filius,
2941 2038 3048 2075 non
3096 2023 3231 2076 alias
3276 2023 3340 2075 iis
3383 2021 3521 2074 intra
3571 2021 3717 2090 regni

2127 2109 2265 2162 lines
2321 2108 2424 2163 nisi
2483 2111 2770 2164 excmcatis
2829 2111 2999 2166 oculis
3059 2111 3302 2166 habitare
3366 2111 3716 2164 concedatur.

2128 2197 2432 2268 Eapropter
2472 2202 2536 2255 ad
2579 2203 2960 2270 imperatorem
3003 2202 3246 2269 confugit
3283 2201 3505 2265 Almus,
3547 2217 3573 2250 a
3615 2217 3722 2269 quo

2129 2301 2181 2347 et
2215 2292 2362 2348 visus
2409 2294 2640 2348 libenter
2678 2303 2734 2349 et
2779 2295 3009 2364 benigne
3054 2304 3312 2363 exceptus
3360 2302 3464 2346 est.
3513 2293 3722 2361 Quippe

2125 2385 2236 2455 jam
2287 2401 2510 2441 uxorem
2561 2388 2789 2442 duxerat
2839 2386 3078 2443 Joannes
3133 2387 3427 2454 imperator
3473 2385 3719 2446 lrencm,

2135 2479 2240 2548 ιο
2273 2476 2526 2533 \"ladislai
2560 2479 2747 2543 tiliam,
2803 2478 3063 2532 modestia
3107 2477 3370 2546 singulari
3406 2476 3720 2541 cumprimis

2131 2571 2386 2626 feminam
2445 2581 2500 2625 et
2551 2570 2844 2624 virtutibus
2907 2571 3241 2625 decoratam.
3307 2568 3572 2636 Quidquid
3633 2568 3721 2622 illa

2131 2661 2247 2717 sive
2301 2676 2367 2716 ex
2421 2659 2665 2731 conjugis
2715 2660 2946 2731 Augusu
3015 2660 3338 2714 liberalitate
3389 2659 3723 2728 comparavit

2132 2747 2248 2808 sive
2278 2769 2342 2807 ex
2377 2752 2588 2820 imperii
2632 2752 2916 2818 reditibus,
2951 2767 3054 2806 non
3085 2749 3388 2805 transmisit
3419 2752 3470 2805 in
3503 2750 3723 2811 liberos,

2132 2855 2226 2900 aut
2272 2846 2325 2900 in
2375 2843 2678 2914 superfluos
2730 2853 2981 2914 sumptus
3032 2844 3324 2913 laxumque
3373 2843 3722 2898 itnmodienm

2131 2938 2386 3007 expendit
2437 2951 2452 2991 :
2501 2937 2596 2992 sed
2648 2937 2936 2991 observata
2995 2949 3208 3004 semper
3267 2934 3456 2989 eadem
3510 2934 3724 2988 vivendi

2135 3030 2342 3084 ratione
2395 3027 2846 3098 indigentioribns
2900 3025 3165 3097 erogavit.
3197 3024 3394 3080 Eadem
3442 3034 3724 3081 monaste-

2133 3121 2271 3175 rium
2319 3117 2425 3171 CP.
2473 3117 2737 3172 exstruxit
2786 3116 3094 3184 dicavitque
3141 3112 3533 3184 Omnipotenti,
3589 3130 3725 3184 opus

448 3208 733 3278 ἀφώρισεν
789 3205 915 3259 οὗτε
968 3208 1324 3276 περιττότητι
1375 3206 1596 3276 κόσμων
1636 3205 1884 3278 ήνάλωσε
1939 3209 2032 3260 καὶ

2137 3220 2426 3268 structura:
2451 3209 2714 3274 elegantia
2743 3218 2799 3263 et
2830 3209 3184 3288 amplitudine
3214 3208 3342 3262 nulli
3368 3207 3666 3262 secundum
3707 3224 3723 3260 :

445 3303 652 3373 τρυφῇ.
683 3296 756 3353 Εὖ
787 3299 843 3352 δέ
870 3298 1100 3351 ποιοῦσα
1125 3297 1354 3351 διετέλει
1375 3297 1464 3351 τὸν
1493 3299 1674 3352 πάντα
1727 3301 1827 3369 τῆς
1881 3297 2029 3367 ζωῆς

448 3395 624 3448 αἰῶνα
647 3391 773 3456 τοὺς
798 3393 913 3445 ὅσοι
943 3392 1030 3461 ἐφ’
1055 3389 1260 3460 ὁτῳοῦν
1309 3391 1527 3458 ἐκείνης
1581 3390 1826 3461 δεόμενοι
1861 3387 2024 3462 ἦσαν.

449 3489 521 3540 Ἢ
551 3487 608 3540 δέ
642 3486 738 3540 καὶ
767 3485 1194 3557 φροντιστήριον
1224 3484 1337 3553 (14)
1375 3485 1466 3537 ἐπ’
1499 3485 1727 3552 ὀνόματι
1759 3487 1854 3537 τοῦ
1891 3503 2028 3537 παν-

448 3577 783 3649 τοκράτορος
811 3576 924 3645 (15)
959 3577 1018 3630 ἐν
1055 3575 1337 3646 Βυζαντίῳ
1369 3575 1763 3645 συνεστήσατο,
1795 3577 1854 3638 ἐς
1894 3576 2030 3628 καλ-

2139 3302 2446 3371 lmjusmodi
2478 3301 2692 3370 quidem
2727 3302 2970 3354 moribus
3002 3299 3100 3353 fuit
3126 3302 3392 3369 Angusta.
3424 3296 3538 3351 Rex
3574 3297 3726 3350 Hune

2138 3395 2301 3467 gariae
2349 3393 2589 3456 interim,
2640 3394 2912 3462 perceptis
2965 3394 3030 3446 iis
3080 3406 3202 3460 qua:
3251 3393 3316 3445 de
3367 3389 3538 3444 fratre
3587 3388 3729 3444 fere-

2139 3489 2359 3552 bantur,
2394 3502 2488 3556 per
2533 3486 2739 3553 legatos
2786 3486 3167 3554 imperatorem
3216 3483 3418 3553 rogavit
3447 3493 3503 3538 ut
3533 3481 3726 3538 finibus

2140 3580 2505 3650 expelleretur
2560 3579 2947 3632 Romanorum.
3004 3572 3283 3633 Reuuente
3344 3575 3504 3644 idque
3561 3577 3725 3630 dcne-

1801 3705 1899 3764 Dn
1933 3705 2159 3784 Cangii
2192 3711 2380 3767 notae.

529 3832 643 3952 (lla)
683 3830 954 3952 Οὕννὲις.
1009 3826 1086 3882 De
1139 3828 1242 3884 hoc
1292 3827 1435 3882 bello
1473 3826 1783 3896 llungarico
1812 3822 2034 3882 Nicetes

577 3917 701 3952 03“.
746 3917 801 3952 ιι.
877 3939 890 3952 .

457 3905 510 3960 in
540 3899 701 3956 Joan.
746 3917 801 3954 ιι.
838 3899 890 3952 5.

531 3972 645 4039 (13)
675 3967 1089 4025 Λαδισθλάὄω.
1112 3967 1391 4023 Ladislaus
1417 3981 1510 4021 seu
1533 3965 1858 4039 Vladislaus,
1887 3966 2040 4022 Hun-

458 4035 659 4112 garirew
685 4058 802 4103 rex,
848 4055 953 4093 non
992 4040 1092 4094 fuit
1121 4039 1260 4112 Almi
1320 4047 1474 4112 pater
1518 4047 1574 4090 et
1600 4035 1901 4112 “Stephani,
1963 4039 2037 4112 uti

457 4105 577 4167 vult
624 4111 916 4164 Cinnamus
973 4127 987 4161 :
1057 4110 1270 4163 unicam
1324 4105 1521 4175 quippe
1594 4105 1757 4160 filiam
1813 4108 2039 4161 sustulit

459 4182 784 4252 Pyriscam,_
812 4177 1007 4233 Joanni
1047 4179 1327 4252 Comneno
1364 4177 1679 4252 imperatori
1703 4188 1950 4252 __nt_tptam
1983 4185 2039 4230 et

460 4247 730 4306 n'Gr-«ecis
767 4249 948 4303 lrenes
982 4252 1201 4304 nomine
1254 4250 1529 4301 donatam.
1582 4247 1855 4301 Vladislao
1908 4262 2035 4302 vero

460 4326 516 4376 in
571 4335 794 4386 regnum
848 4319 1110 4372 successit
1167 4335 1230 4371 ex
1263 4317 1405 4371 illius
1447 4326 1776 4370 testamento
1824 4316 2032 4382 Almus,

461 4406 527 4445 ex
569 4389 726 4445 Geisa
780 4389 944 4442 fratre
981 4387 1240 4442 Vladislai
1278 4401 1465 4454 nepos,
1516 4387 1630 4454 qtti,
1665 4396 1946 4456 assumpto
1970 4387 2034 4456 in

463 4461 615 4542 regni
647 4458 976 4512 consortium
1001 4459 1307 4542 Calatnalno
1333 4457 1520 4520 fratre,
1551 4456 1621 4510 ab
1645 4456 1834 4542 eodem
1861 4455 2034 4536 oculis

465 4525 713 4600 privatos
765 4538 1118 4600 et_exactus_.
1166 4529 1231 4579 ad
1295 4527 1677 4600 imperatorem
1732 4525 2034 4600 Germania:

467 4595 722 4666 primum.
763 4597 958 4652 deinde
989 4598 1054 4651 ad
1080 4597 1341 4651 Joannem
1371 4595 2028 4662 Constantinopolitauum

466 4673 770 4740 Angustum
797 4667 920 4734 fuga
956 4668 1221 4740 dilapsus
1240 4675 1341 4740 est,
1380 4666 1568 4740 auxilii
1593 4667 1879 4740 expetendi
1904 4680 2034 4740 gra—

469 4733 582 4794 tia:
619 4733 897 4792 Exstincto
931 4733 1153 4791 demum
1183 4736 1498 4801 Calamano,
1536 4733 1845 4802 Stephanus
1897 4736 2038 4790 filius

468 4823 693 4878 regnum
756 4811 983 4878 adeptus
1040 4816 1148 4878 est,
1205 4809 1251 4860 is
1302 4820 1495 4878 nempe
1522 4805 1588 4878 de
1627 4819 1736 4878 quo
1785 4804 1874 4858 hic
1909 4806 2041 4878 agit

466 4873 791 4942 Cinnamus,
825 4873 916 4944 qui
960 4877 1186 4944 proinde
1223 4893 1328 4932 non
1383 4875 1480 4928 fuit
1506 4875 1657 4944 Almi
1681 4873 1873 4939 frater,
1909 4873 2042 4928 licet

467 4955 660 5003 eodem
720 4947 770 4999 i'n
797 4943 988 5001 errore
1028 4957 1276 5001 versetur
1332 4945 1571 5000 Nicctas.
1629 4943 1954 4998 Consuleudi
1989 4945 2040 4997 in

469 5019 664 5087 primis
690 5017 754 5069 ad
799 5017 910 5087 hoc
941 5016 1262 5070 firmandum
1301 5026 1526 5087 stem_ma
1583 5029 1766 5087 regunt
1821 5013 2039 5087 "unga-

471 5083 732 5146 i'icorum,
772 5085 914 5140 Otho
964 5087 1199 5150 Frising.
1240 5087 1274 5138 Ι.
1310 5100 1384 5138 vn
1411 5084 1568 5144 Chr..
1611 5083 1664 5138 c.
1698 5085 1766 5138 15
1791 5093 1846 5138 et
1877 5083 1941 5136 21
1992 5091 2047 5138 et

470 5156 826 5210 Thwroczius
847 5155 909 5225 in
927 5155 1061 5210 Chr.
1082 5155 1212 5225 Reg.
1241 5154 1418 5224 llung.
1449 5153 1616 5225 c.7625.
1652 5154 1739 5207 ubi
1770 5154 2045 5225 Stephano

473 5227 676 5282 bellum
725 5242 752 5277 a
825 5224 1031 5280 Graecis
1101 5223 1306 5280 illatum
1361 5223 1608 5291 pluribus
1676 5223 2042 5291 persequitur.

472 5297 624 5358 Adde
674 5295 1067 5365 Uspergensem
1101 5305 1157 5350 et
1199 5296 1506 5351 Alhericurn
1524 5309 1614 5348 an.
1649 5293 1787 5348 1155
1818 5305 1872 5348 et
1895 5300 2049 5348 notas

473 5365 542 5421 ad
581 5365 746 5418 Annae
773 5382 826 5434 p.
851 5365 977 5418 416.

547 5435 659 5504 (lJ)
694 5435 1184 5504 Φροντιστήριυν.
1245 5436 1533 5503 Perperam
1568 5435 1668 5488 hoc
1719 5434 1856 5498 loco,
1887 5443 1946 5486 ut
1998 5441 2053 5504 et

473 5507 515 5561 1.
557 5523 616 5571 ιι,
643 5503 895 5558 scholam
931 5509 1096 5576 vertit
1129 5506 1368 5576 Tollius;
1427 5505 1628 5576 rectius
1669 5520 1821 5556 sacra
1865 5503 1978 5576 locu
2007 5503 2048 5556 1.

475 5592 572 5636 vi;
654 5585 738 5629 est
802 5577 947 5628 enim
996 5575 1202 5631 Gnecis
1259 5575 1398 5629 idem
1459 5575 1599 5638 quod
1665 5575 2050 5643 μοναστήριον.

479 5647 677 5701 Snidas
721 5664 733 5698 :
768 5647 1212 5715 Φροντιστήριον,
1267 5643 1610 5716 διατριϐὴ,ἢ
1663 5645 2048 5716 μοναστήριον,

477 5719 615 5782 ὅπερ
655 5719 702 5768 οἰ
775 5715 1014 5768 Ἀττικοὶ
1055 5713 1325 5786 σεμνεῖον
1384 5713 1634 5786 παλοῦσι,
1679 5713 1830 5780 quasi
1903 5716 2054 5786 locus

477 5788 868 5856 engitationum
892 5800 985 5839 seu
1019 5785 1561 5847 contmentationutn,
1589 5785 1640 5836 itt
1673 5799 1778 5856 quo
1803 5785 2052 5856 monachi

483 5853 845 5928 cogitationes
900 5858 1496 5923 commentationesque
1550 5867 1678 5910 suas
1705 5853 1770 5907 ad
1801 5853 2053 5908 virtutem

2061 4571 2113 4630 D

2140 3831 2398 3897 erigunt;
2458 3830 2599 3883 unde
2648 3829 2945 3885 Athanasio
2965 3829 3208 3886 ἀσκηταὶ
3268 3829 3362 3880 καὶ
3398 3827 3499 3891 τῆς
3524 3827 3728 3896 ἀρετῆς

2143 3901 2467 3970 φροντισταί
2516 3900 2791 3954 dicuntur.
2832 3903 2965 3954 Acta
3000 3898 3101 3953 SS.
3143 3897 3343 3970 Phileas
3395 3908 3446 3950 et
3483 3897 3727 3970 Philoro-

2145 3967 2245 4032 mi,
2314 3971 2526 4024 liuﬂino
2582 3971 2878 4039 interprete
2935 3986 2991 4022 ιι.
3027 3970 3095 4022 8:
3157 3967 3282 4021 lam
3315 3967 3605 4020 immolavit
3673 3969 3726 4020 iu

2140 4041 2539 4109 pltrontisterio.
2591 4041 2704 4094 Hac
2733 4040 2954 4095 notione
2988 4054 3171 4092 vocem
3225 4039 3382 4109 istam
3429 4041 3724 4109 usurpant,

2143 4105 2321 4164 Anna.
2351 4126 2407 4180 p.
2445 4110 2570 4172 156,
2609 4110 2734 4172 48⁸2,
2784 4109 2925 4180 48δς
2958 4108 3398 4180 Tlteopltylacttts
3454 4105 3728 4180 Simoc._l.

2142 4197 2160 4235 ι
2205 4177 2554 4234 ΙΙὶει.’Μειιιι·.
2582 4195 2634 4234 e.
2669 4181 2734 4233 14
2762 4196 2778 4244 ;
2835 4179 3050 4232 Nicetas
3081 4179 3134 4230 in
3193 4177 3334 4230 Man.
3361 4177 3398 4229 l.
3447 4191 3540 4240 vn,
3573 4191 3622 4230 c.
3653 4177 3727 4241 '5;

2146 4251 2574 4312 Cantacuzenus,
2616 4251 2659 4302 Ι.’
2695 4266 2730 4309 ι.
2763 4266 2811 4303 e.
2839 4249 2909 4302 ‘22
2939 4261 2991 4301 et
3020 4248 3130 4301 alii.

2219 4319 2332 4388 (15)
2360 4319 2886 4387 ῗΠαντοκράτορος.
2925 4318 2966 4370 Α
2992 4317 3203 4372 Joanne
3235 4324 3573 4388 exstructum
3609 4329 3730 4388 mo-

2146 4385 2442 4444 naSterimn
2520 4385 2948 4452 l’atitocratoris,
3009 4403 3102 4441 seu
3166 4387 3262 4441 Dei
3318 4385 3725 4454 omnipotentis,

2145 4469 2370 4513 narrant
2422 4457 2635 4513 Nicetas
2708 4459 2758 4512 in
2793 4457 2936 4511 Man.
2970 4459 3005 4512 Ι.
3065 4472 3104 4520 ι,
3131 4473 3181 4511 c.
3222 4458 3240 4510 l
3281 4466 3337 4510 et
3387 4454 3731 4510 Innocentius

2145 4529 2212 4583 Ill
2250 4528 2353 4583 PP.
2401 4529 2439 4583 l.
2472 4545 2592 4592 xm,
2624 4530 2786 4598 epist.
2835 4528 2959 4594 16%,
2999 4528 3138 4595 apud
3167 4535 3730 4598 querninttncupatnr

2138 4608 2508 4666 pautocraton,
2549 4611 2604 4651 ut
2635 4594 2767 4652 etin
2799 4598 2901 4652 alia
2933 4594 3474 4666 ejuMenfpontiflcis
3501 4594 3729 4666 epistola

2141 4663 2285 4740 apud
2338 4669 2502 4723 Odor.
2558 4665 2901 4740 Baynaldnm
2930 4663 2984 4740 in
3036 4663 3231 4740 Annal.
3275 4667 3420 4740 Eccl.
3470 4679 3560 4740 an.
3594 4663 3730 4740 1211]

2143 4733 2197 4792 nl
2232 4739 2297 4792 19
2322 4749 2372 4792 et
2406 4740 2496 4805 20,
2532 4733 2731 4792 usitato
2791 4737 3000 4791 Latinis
3055 4747 3109 4790 et
3153 4736 3380 4790 Francis
3408 4736 3506 4805 aevi
3569 4733 3730 4786 medii

2143 4804 2500 4876 scriptoribus
2517 4810 2790 4878 more,qui
2823 4808 3043 4862 Graecas
3065 4821 3222 4878 voces
3250 4807 3302 4860 in
3332 4823 3395 4875 ορ
3425 4804 3733 4878 desinentes

2146 4880 2199 4932 in
2252 4873 2340 4932 itm
2368 4879 2619 4941 elfernnt,
2665 4873 2730 4930 ut
2765 4879 2970 4947 pridem
3013 4891 3050 4947 _a
3092 4877 3246 4931 nobis
3280 4873 3635 4947 obServatttttt_
3660 4873 3726 4924 ad

2149 4947 2412 5002 Villhard.
2453 4951 2504 5002 in
2537 4963 2601 5001 eo
2636 4943 2916 5002 humatum
2982 4945 3282 5001 Manttelem
3336 4945 3555 4998 tradunt
3587 4943 3726 4994 idem

2145 5018 2364 5074 Nicctas
2415 5030 2468 5073 et
2519 5017 2814 5072 Cinnamus
2862 5018 2899 5070 l.
2965 5033 3027 5070 lt.
3086 5017 3168 5070 Ad
3223 5014 3484 5069 Manuelis
3543 5026 3734 5064 monu-

2149 5097 2393 5142 mentum
2428 5089 2695 5158 lacrymas
2754 5086 2962 5158 fudisse
3000 5086 3383 5158 Andronicum
3418 5083 3729 5158 Tyrannum

2148 5169 2338 5212 auctor
2363 5168 2446 5211 est
2481 5149 2619 5212 idem
2645 5155 2883 5212 Nicetas.
2919 5157 3302 5210 Monasterinm
3338 5149 3574 5206 virorum
3605 5149 3727 5212 fttit,

2149 5228 2307 5297 cujus
2348 5229 2803 5297 hegnmenus‘seu
2860 5228 3026 5297 abbas
3077 5225 3232 5297 (ιιὶιιιΔ
3260 5223 3374 5297 fuit
3420 5218 3729 5297 patriarcha

2149 5291 2551 5361 Antiochenus,
2582 5313 2648 5351 ex
2686 5295 3180 5350 Villharduinorum
3213 5292 3412 5345 familia
3444 5291 3727 5361 oriundus,

2152 5376 2209 5420 ut
2234 5367 2410 5434 prodit
2440 5360 2636 5436 Georg.
2657 5367 3014 5436 Pacltymeres
3044 5365 3076 5416 Ι.
3100 5379 3150 5416 v.
3187 5362 3435 5436 Imaginis
3465 5360 3729 5436 Deiparze,

2152 5427 2314 5504 quam
2350 5451 2378 5488 a
2424 5437 2488 5492 D.
2542 5427 2688 5490 Li'tca
2724 5427 2994 5505 depictam
3044 5427 3464 5505 asserebat—itum
3501 5431 3597 5482 hac
3615 5427 3730 5505 atde

2155 5499 2350 5574 magno
2389 5507 2566 5574 populi
2604 5499 2872 5561 concursu
2890 5503 3095 5574 ‘cultaa,
3124 5500 3366 5574 meminit
3396 5499 3537 5574 idem
3585 5499 3730 5550 scri-

2154 5570 2275 5644 ptor
2304 5576 2350 5647 l.
2373 5570 2526 5647 t't,_'c.
2557 5576 2645 5628 51.
2679 5571 2907 5647 [18415]
2942 5573 3119 5647 Agunt
3155 5572 3318 5647 etiam
3377 5570 3580 5647 (fethC
3611 5580 3732 5647 ηιρ-

2157 5635 2392 5699 itasterio
2431 5635 2701 5713 Gregoras
2761 5646 2795 5696 1.
2825 5635 2916 5706 νιῖ,
2955 5635 3218 5713 Collinus,
3260 5639 3349 5713 lie
3393 5639 3536 5713 offic.
3594 5635 3730 5689 aula:

2155 5716 2260 5770 Cl’.
2287 5731 2335 5768 c.
2370 5715 2458 5777 15,
2497 5709 2559 5768 et
2600 5714 2770 5768 Ducas
2799 5729 2844 5767 e.
2877 5713 2983 5783 '56;
3015 5713 3067 5765 in
3102 5711 3156 5763 ll
3194 5709 3592 5783 urbis‘regiune
3618 5714 3722 5783 sta-

2160 5786 2332 5839 tnitur
2367 5800 2393 5836 ιι
2439 5784 2617 5853 Cyllio
2645 5785 2678 5838 Ι.
2719 5801 2790 5847 tv,
2821 5799 2869 5836 c.
2905 5782 2962 5847 Εἰ,
3013 5799 3040 5853 a
3083 5797 3190 5849 quo
3216 5779 3480 5853 pluribus
3521 5779 3729 5831 descri-

2159 5856 2304 5910 bitur
2335 5873 2349 5907 :
2377 5849 2530 5924 juxta
2563 5855 2818 5924 templum
2858 5853 2956 5908 SS.
2998 5851 3410 5922 Apostolorum,
3445 5849 3495 5904 itt
3537 5859 3725 5902 narra-
