4096 6424
397 373 503 436 323
1668 361 1992 425 JOANNIS
2031 362 2361 423 ClNNAMl
3560 364 3669 427 324

399 493 609 536 tantum
635 480 953 544 animorum,
978 478 1175 550 quibus
1204 476 1433 532 insterni
1464 472 1603 530 solet
1626 476 1972 545 imperatoris

2080 474 2306 543 γούσαις
2337 473 2687 527 ἐπεισπεσὼν
2708 472 3002 541 φάλαγξιν,
3034 471 3123 546 [Ρ.
3151 471 3208 543 7]
3227 473 3373 543 ἄλλῳ
3409 476 3508 543 μὲν
3540 479 3666 532 οδε-

399 573 833 634 tabernaculum,
866 570 1213 639 fragmentis,
1240 586 1359 639 qum
1384 569 1566 638 inopia
1600 568 1974 637 iumentorum

408 667 598 719 relicta
632 663 989 734 neglectaque
1015 669 1194 725 erant,
1222 661 1505 716 redierunt
1529 676 1542 712 :
1570 661 1759 727 sicque
1782 658 1980 711 Roma-

398 772 588 810 norqu
616 755 890 809 exercitus
930 753 1079 807 nullo
1111 753 1354 822 periculo
1382 752 1505 804 inde
1536 751 1794 806 excessit.
1819 749 1977 807 Haud

399 846 570 899 ntulto
600 852 722 916 post
768 846 826 899 in
871 844 1055 898 Asiam
1095 844 1375 897 contendit
1428 843 1750 912 imperator,
1786 842 1976 895 urbem

397 936 782 990 Castatuonem
836 935 1278 1005 Paphlagonibus
1336 932 1621 986 finitimam
1658 946 1980 1003 expugnare

397 1034 668 1079 statuens.
712 1024 891 1079 Persae
914 1026 1060 1078 enim
1093 1024 1183 1093 qui
1209 1039 1328 1077 eam
1369 1023 1700 1087 incolebant,
1730 1022 1979 1091 regiones

399 1117 610 1170 vicinas
663 1126 717 1168 et
770 1116 1085 1183 imperatori
1136 1117 1387 1171 subditas
1437 1114 1761 1170 excursibus
1814 1114 1979 1169 variis

399 1208 726 1273 fatigabant,
758 1206 992 1273 indeque
1017 1205 1292 1259 Romanos
1323 1222 1426 1258 non
1455 1206 1641 1275 paucis
1671 1203 1981 1259 aﬂiciebant

397 1295 778 1349 incommodis.
834 1294 946 1349 llos
1001 1296 1381 1365 magnitudine
1446 1305 1741 1363 apparatus
1803 1295 1978 1350 bellici

396 1386 688 1440 exterritos
721 1396 772 1439 et
808 1401 866 1440 se
893 1395 947 1441 et
988 1387 1176 1441 urbem
1210 1386 1409 1441 dedere
1453 1387 1737 1457 compulit,
1777 1402 1840 1443 ac
1874 1386 1978 1458 By-

398 1478 638 1530 zantium
688 1476 883 1530 deinde
938 1491 1191 1530 reversus
1247 1475 1592 1544 magnificum
1645 1477 1756 1546 egit
1791 1478 1980 1531 trium-

398 1569 584 1637 phum.
622 1566 956 1636 Carpentum
1000 1569 1143 1621 enim
1196 1578 1424 1637 argento
1467 1578 1850 1637 compactum,
1886 1569 1981 1623 ob-

399 1662 735 1728 ductumqnc
770 1675 907 1713 auro
942 1659 1200 1728 undique,
1228 1669 1484 1726 tanquam
1518 1659 1569 1712 in
1601 1674 1665 1713 eo
1704 1675 1978 1722 sessurus,

397 1750 577 1818 parari
619 1749 807 1816 jussit.
846 1749 960 1803 Non
1000 1751 1243 1803 ascendit
1284 1748 1414 1803 illud
1478 1760 1695 1816 tamen,
1748 1751 1978 1825 fortasse

2081 568 2161 620 ενὶ
2201 566 2504 637 Ῥωμαίους
2555 565 2893 637 ἐζημίωσαν,
2943 567 3184 637 τεμάχια
3227 566 3284 619 δὲ
3306 566 3418 619 τῶν
3441 569 3538 638 τὴν
3571 569 3669 639 βα-

2082 657 2298 728 σιλικὴν
2370 655 2847 727 ξυμπληρούντων
2910 656 3082 730 αὓλὴν
3137 660 3669 728 παραπετασμάτων

2081 749 2396 818 ὑποζυγίων
2431 749 2640 820 ἀπορίᾳ
2674 749 3079 819 περιοραθέντα
3109 749 3427 820 ἀνελόμενοι
3460 750 3666 818 ἀνεχώ-

2083 855 2281 909 ρησαν,
2327 837 2423 889 καὶ
2460 836 2523 889 τὸ
2563 834 2856 905 Ῥωμαίων
2888 837 3211 908 στράτευμα
3235 837 3422 901 ἀσινὲς
3453 838 3667 899 ἐκεῖθεν

2080 930 2419 998 διαγέγονεν.
2461 927 2661 997 Ὀλίγῳ
2715 926 2773 980 δὲ
2805 926 3034 997 ὓστερον
3062 928 3176 999 (24)
3211 930 3302 982 ἐπὶ
3332 930 3434 1001 τὴν
3475 928 3666 982 Ἀσίαν

2084 1020 2341 1091 βασιλεὺς
2373 1018 2552 1088 διέϐη,
2589 1018 2743 1073 πόλιν
2776 1019 3116 1088 Καστάμονα
3143 1019 3462 1089 Παφλαγόσι
3493 1022 3667 1090 πρόσ-

2081 1128 2232 1164 οικον
2275 1108 2481 1178 ἐξελεῖν
2523 1110 2903 1179 ἐπειγόμενος.
2955 1110 3162 1179 Πέρσαι
3209 1111 3318 1182 γὰρ
3347 1113 3398 1165 οἱ
3427 1112 3663 1172 ἐνταῦθα

2081 1203 2361 1273 ᾠκημένοι
2397 1203 2489 1256 ἐπὶ
2533 1202 2634 1273 τὴν
2680 1202 3065 1275 πλησιόχωρον
3118 1206 3213 1258 καὶ
3258 1204 3471 1275 βασιλεῖ
3530 1220 3665 1259 κατ-

2082 1296 2246 1364 ήκοον
2271 1294 2644 1366 ἔξορμὼμενοι
2663 1297 2873 1349 ἐκεῖθεν
2892 1299 2978 1349 ἀεὶ
2996 1298 3192 1363 κακῶς
3223 1298 3348 1362 τοὺς
3372 1298 3497 1368 τῇδε
3531 1297 3665 1351 Ῥω·

2087 1382 2282 1451 μαίους
2307 1384 2633 1438 διετίθεσαν.
2676 1385 2981 1455 Ἐκπλήξας
3008 1387 3188 1439 τοίνυν
3221 1388 3420 1449 αὐτοὺς
3451 1386 3531 1457 τῷ
3562 1405 3663 1457 με-

2081 1474 2233 1542 γέθει
2259 1476 2358 1539 τῆς
2390 1477 2449 1538 ἐς
2479 1476 2573 1527 τὸν
2603 1474 2841 1545 πόλεμον
2874 1478 3261 1546 παρασκευῆς,
3289 1479 3393 1548 τήν
3421 1495 3480 1531 τε
3506 1479 3663 1532 πόλιν

2083 1568 2176 1619 καὶ
2218 1568 2357 1634 σφᾶς
2397 1567 2598 1628 αὐτοὺς
2647 1565 2943 1636 προδοῦναι
2982 1568 3276 1637 Ῥωμαίοις
3326 1570 3658 1640 ἠνάγκασεν,

2081 1656 2224 1710 οὕτω
2275 1674 2337 1708 τε
2387 1659 2446 1719 ἐς
2483 1655 2780 1720 Βυζάντιον
2821 1656 3062 1710 ἐπανιὼν
3095 1658 3663 1730 μεγαλοπρεπέστερα

2082 1749 2452 1819 ἐπόμπευσεν.
2487 1748 2616 1801 Ὅτε
2651 1749 2744 1802 καὶ
2767 1747 2923 1820 ἅρμα
2949 1750 3196 1821 ἀργύρου
3233 1751 3335 1820 μὲν
3362 1754 3662 1823 πεπηγμέ.

399 1858 468 1896 ne
520 1842 572 1894 in
615 1842 883 1908 superbire
931 1841 1140 1894 crimen
1200 1840 1542 1905 incurreret;
1598 1840 1692 1893 sed
1743 1840 1972 1907 imagine

2078 1857 2164 1893 νον
2189 1826 2377 1912 χρυσῷ
2406 1840 2462 1894 δὲ
2501 1840 2822 1911 κατακόρως
2851 1840 3226 1912 ἀληλιμμένον
3250 1843 3517 1914 ἡτοίμασε
3560 1845 3661 1914 μὲν

403 1931 492 1985 Dei
543 1929 845 1985 Genitricis
889 1929 1162 1997 imposita,
1215 1931 1331 1998 ipse
1367 1930 1547 1984 crucis
1592 1931 1804 2000 signum
1866 1943 1976 1998 prae

399 2022 650 2077 manibus
678 2034 899 2090 gestans
944 2023 1262 2077 antecessit.
1314 2022 1407 2077 Sic
1450 2024 1720 2092 processit
1749 2037 1977 2090 carpen-

399 2123 533 2176 tum,
572 2128 770 2181 resque
804 2112 1049 2166 miraculi
1082 2113 1259 2165 instar
1291 2127 1319 2163 a
1350 2112 1666 2183 Byzantinis
1700 2110 1805 2183 14
1835 2112 1970 2175 visa,

396 2208 539 2274 quod
590 2224 617 2258 a
676 2207 917 2271 nemine,
957 2214 1015 2259 ut
1068 2206 1296 2275 opinor,
1337 2205 1638 2260 factitatum
1690 2216 1973 2269 noverant,

402 2310 469 2348 ex
507 2310 614 2365 quo
645 2293 877 2351 Hcraclii
905 2305 960 2349 et
989 2293 1283 2351 Justiuiani
1320 2295 1610 2369 imperium
1662 2295 1973 2351 obtinuere.

470 2574 526 2630 6.
569 2572 705 2628 Dum
736 2574 855 2630 haec
883 2575 1021 2644 apud
1062 2574 1340 2632 Romanos
1387 2587 1733 2648 gererentur,
1784 2576 1977 2632 'fanis—

400 2681 559 2729 man,
611 2668 702 2736 qui
744 2683 805 2721 ea
862 2677 1184 2737 tempestate
1235 2671 1594 2740 Cappadocia:
1647 2670 1972 2738 imperabat,

398 2758 782 2814 Castamonem
834 2761 1120 2817 obsidione
1165 2760 1336 2833 cingit
1368 2773 1425 2818 et
1466 2772 1765 2831 oppugnat.
1799 2762 1973 2832 Impe-

402 2860 636 2905 ratorem
681 2862 861 2907 autem
910 2852 1123 2908 bellicis
1176 2853 1289 2923 jam
1357 2853 1603 2908 consiliis
1652 2864 1974 2925 occupatum

399 2945 633 2998 acerbus
667 2960 830 2999 casus
855 2944 1067 3010 afﬂixit,
1095 2946 1297 3015 quippe
1324 2943 1480 3001 lrene
1515 2949 1754 3016 Augusta
1782 2962 1975 3003 exces-

397 3044 547 3088 serat
600 3048 631 3088 e
702 3035 878 3102 vivis,
934 3038 1159 3107 ipseque
1213 3037 1327 3090 aeri
1383 3038 1730 3095 conﬂictatus
1786 3040 1976 3097 morbo

398 3126 723 3199 Byzantium
755 3122 931 3188 fuerat
963 3133 1187 3187 relatus.
1223 3131 1421 3188 Urbem
1457 3134 1622 3204 igitur
1655 3133 1795 3187 fame
1824 3133 1975 3204 prius

2078 1932 2153 1995 ὡς
2184 1932 2605 2003 ἐπιϐησόμενος,
2634 1933 2695 1985 ού
2733 1932 2918 2003 μέντοι
2951 1934 3043 1985 καὶ
3085 1933 3341 2005 ὼχήσατο
3370 1936 3544 2004 τούτῳ
3585 1933 3655 1986 δι’

2079 2023 2379 2094 ὑπεροψίας
2413 2022 2545 2084 ἴσως
2594 2023 2930 2094 παραίτησιν
2972 2025 3077 2092 (c)'
3124 2024 3315 2094 ἀμέλει
3351 2025 3444 2078 καὶ
3477 2026 3659 2083 εἰκόνα

2076 2115 2178 2185 τῆς
2226 2114 2491 2169 Θεοτόκου
2524 2114 2638 2188 (25)
2688 2114 2979 2185 ἐνθέμενος
3036 2113 3211 2185 αὐτῷ,
3243 2113 3271 2167 ὂ
3307 2115 3405 2185 μὲν
3459 2118 3557 2168 σὺν
3581 2115 3661 2186 τῷ

2081 2209 2359 2280 σταυρικῷ
2390 2211 2633 2281 προῆλθε
2668 2210 2904 2281 σημείῳ,
2927 2209 2989 2262 τὺ
3033 2208 3090 2262 δὲ
3127 2209 3352 2279 ἐχώρει,
3378 2206 3564 2275 θαῦμά
3598 2225 3659 2262 τε

2076 2297 2144 2373 ἦν
2176 2303 2491 2369 Βυζαντίοις
2519 2303 2674 2373 ὁρᾷν,
2699 2303 2838 2373 ὅπερ
2867 2299 3024 2371 οἶμαι
3042 2298 3196 2354 οὔπω
3231 2302 3397 2372 μέχρι
3419 2302 3516 2355 καὶ
3537 2301 3659 2354 τότε

2078 2396 2327 2451 κατεῖδον
2375 2394 2436 2463 ἐξ
2492 2394 2616 2446 ὅτου
2659 2391 2977 2463 Ἡράκλειοι
3021 2394 3114 2447 καὶ
3148 2392 3522 2453 Ἰουστινιανοῖ¹
3561 2396 3658 2463 τὴν

2090 2483 2380 2553 Ῥωμαίων
2411 2484 2615 2539 διεῖπον
2641 2485 2841 2557 ἀρχήν.

2152 2583 2228 2641 ς’.
2274 2577 2564 2646 Ῥωμαίων
2615 2575 2708 2629 οὖν
2744 2577 2771 2628 6
2802 2577 2972 2647 δῆμος
2999 2578 3057 2629 ὲν
3107 2578 3319 2639 τούτοις
3365 2572 3455 2647 ἦν.
3491 2577 3661 2632 Τανι-

2083 2669 2226 2737 σμὰν
2260 2666 2373 2737 (26]
2406 2668 2462 2719 δὲ
2495 2666 2553 2730 ὃς
2606 2667 3007 2731 Καππαδοκίας
3038 2669 3142 2721 ὑπὸ
3180 2669 3369 2722 τοῦτον
3397 2664 3532 2739 ἦρχε
3564 2669 3656 2722 τὸν

2079 2760 2271 2835 χρόνον
2325 2762 2662 2831 Καστάμονα
2738 2762 3111 2832 στρατεύματι
3174 2761 3482 2833 περιλασὼν
3556 2765 3660 2815 ὲπ-

2077 2847 2337 2919 ολιόρκει.
2373 2848 2591 2920 Ἐπειδή
2618 2865 2677 2902 τε
2696 2847 2910 2919 βασιλεῖ
2939 2851 2997 2914 ἐς
3019 2848 3109 2903 τὸν
3128 2850 3364 2920 πόλεμον
3395 2849 3498 2922 ἤδη
3526 2849 3660 2903 καθ-

2084 2937 2360 3007 ισταμένῳ
2415 2938 2556 3007 τύχη
2613 2952 2698 2999 τις
2746 2936 3000 3004 ἐμποδὼν
3060 2939 3281 3007 ἐγένετο
3340 2940 3395 3011 (ἦ
3441 2956 3502 2993 τε
3550 2940 3659 3012 γὰρ

2079 3026 2325 3092 ξύνοικος
2352 3026 2561 3097 Εἰρήνη
2597 3025 2656 3092 ἐξ
2704 3028 3011 3098 ἀνθρώπων
3037 3029 3326 3100 ἠφάνιστο,
3357 3028 3386 3082 ὃ
3427 3030 3485 3084 δὲ
3518 3031 3659 3101 νόσῳ

2080 3117 2241 3182 ἁλοὺς
2266 3119 2323 3181 ἐς
2353 3116 2648 3182 Βυζάντιον
2680 3118 3068 3190 ἀνεκομίσθη),
3109 3120 3255 3191 λιμῷ
3284 3121 3347 3174 τὸ
3391 3121 3658 3191 πρότερον

400 3219 666 3287 altritam,
692 3222 890 3277 deinde
917 3230 971 3277 et
995 3221 1046 3275 vi
1076 3222 1439 3291 expugnando
1467 3225 1608 3291 cepit
1634 3222 1932 3277 Tanisman
1958 3237 1972 3278 :

2081 3210 2253 3281 αὐτὴν
2284 3211 2651 3281 κατατρίψας,
2684 3206 2805 3265 εἶτα
2838 3212 2932 3266 καὶ
2954 3213 3362 3284 τειχομαχήσας
3394 3207 3558 3271 εἷλεν.
3593 3214 3659 3267 Ὃ

398 3325 519 3379 qua:
555 3327 642 3367 res
673 3312 937 3383 principis
962 3313 1203 3367 animum
1231 3313 1473 3384 graviter
1499 3314 1713 3370 aillixit.
1760 3315 1976 3371 Interea

400 3404 586 3457 nescio
642 3419 749 3473 quo
794 3420 923 3459 casu
967 3404 1238 3460 exstincto
1268 3404 1624 3472 Tanismane,
1660 3422 1784 3462 eum
1834 3408 1977 3462 inter

398 3493 802 3550 Machumetum
837 3496 928 3564 qui
967 3497 1254 3566 imperium
1298 3510 1419 3554 erat
1458 3502 1689 3571 adeptus
1720 3511 1777 3555 et
1806 3501 1973 3556 lconii

398 3583 783 3653 pbylarchum,
822 3601 981 3655 quem
1020 3587 1293 3642 sultanum
1326 3590 1540 3646 caeteris
1582 3601 1977 3661 anteponentes

399 3674 736 3741 principibus
795 3688 989 3730 vocant
1028 3675 1230 3744 Persa',
1278 3680 1532 3736 simultas
1590 3681 1972 3747 intercederet,

399 3763 698 3831 imperator
730 3767 914 3820 missis
966 3765 1204 3822 lcoaium
1260 3768 1480 3840 legatis,
1518 3779 1576 3825 ut
1610 3786 1791 3827 secum
1840 3772 1977 3827 ami-

398 3852 588 3906 citiam
627 3860 682 3907 et
735 3855 1056 3912 societatem
1106 3861 1368 3913 adversus
1409 3860 1802 3916 Machumetum
1840 3877 1975 3917 con-

401 3942 666 4009 traheret,
699 3945 773 3998 illi
800 3949 1089 4014 persuasit.
1116 3946 1278 4003 Venit
1306 3950 1490 4020 itaque
1522 3968 1625 4006 non
1652 3952 1822 4007 multo
1856 3962 1976 4022 post

403 4034 623 4102 quidam
698 4053 760 4091 ex
835 4039 1160 4107 primatibus
1217 4042 1286 4098 ab
1349 4043 1442 4099 illo
1486 4044 1791 4100 submissus
1848 4061 1972 4101 cum

402 4127 669 4192 exercitu,
718 4137 773 4183 et
801 4130 960 4185 obses
1006 4140 1062 4186 et
1118 4133 1238 4187 belli
1282 4135 1485 4203 pariter
1521 4136 1704 4190 socius
1736 4135 1969 4191 futurus.

402 4214 702 4293 Imperator
731 4219 896 4290 igitur
927 4238 1048 4275 eum
1070 4224 1151 4282 ,iis
1179 4225 1350 4294 copiis
1372 4224 1645 4296 Gangram
1670 4226 1969 4297 profectus,

398 4316 579 4365 castra
609 4309 723 4371 lixit
774 4320 900 4365 ante
944 4313 1095 4367 urbis
1131 4315 1352 4379 rnoeuia,
1391 4330 1561 4384 seque
1615 4316 1719 4373 hac
1760 4319 1972 4374 ratione

399 4400 740 4464 composuit,
777 4409 1036 4469 tauquam
1066 4405 1524 4472 oppugnationem
1555 4408 1803 4476 sequenti
1830 4424 1970 4463 anno

398 4498 751 4556 suscepturus
785 4509 799 4544 :
834 4500 890 4545 at
923 4491 1251 4557 Maeliumet,
1297 4512 1418 4551 cum
1452 4512 1511 4551 se
1538 4489 1790 4553 Romano
1824 4499 1973 4568 prin-

2079 3303 2143 3373 δὴ
2209 3301 2525 3376 ξυνενεχθὲν
2576 3303 2790 3374 μεγάλα
2820 3305 2922 3374 τῆς
2956 3304 3220 3375 βασιλέως
3265 3304 3523 3359 καθίκετο
3555 3305 3657 3375 ψυο

2080 3396 2202 3467 χῆς.
2245 3395 2465 3466 Ἐπειδὴ
2513 3396 2645 3464 γοῦν
2678 3397 2819 3469 τύχῃ
2861 3397 2971 3451 τινὶ
3012 3397 3297 3468 Τανισμάν
3330 3398 3536 3467 μεταξὺ
3567 3398 3658 3450 τὸν

2082 3486 2198 3556 βίον
2228 3488 2704 3558 καταστρέψαντος
2753 3488 3056 3559 Μαχούμετ
3097 3490 3190 3543 ἐπὶ
3218 3490 3317 3559 τῆς
3345 3491 3520 3561 ἀρχῆς
3561 3507 3657 3542 κα-

2080 3576 2285 3640 ταστὰς
2311 3577 2571 3648 διάφορος
2598 3577 2678 3648 τῷ
2719 3578 2983 3650 φυλάρχῳ
3023 3580 3125 3648 τῆς
3161 3579 3388 3632 Ἰκονίου
3421 3579 3533 3651 (27)
3560 3580 3657 3646 γέ-

2079 3681 2230 3720 νοιτο
2251 3667 2479 3735 πόλεως,
2511 3667 2569 3721 ὃν
2592 3669 2657 3741 δὴ
2677 3668 2914 3723 Σουλτὰν
2934 3670 3043 3723 τῶν
3066 3670 3242 3724 ἄλλων
3272 3671 3657 3742 ὑπερτιθέντες

2079 3759 2411 3830 ὀνομάζουσι
2444 3761 2675 3831 Πέρσαι,
2726 3761 2987 3833 πρέσϐεις
3025 3763 3107 3825 εἰς
3159 3763 3381 3817 Ἰκόνιον
3413 3762 3653 3826 στείλας,

2080 3852 2383 3923 ἐπειδήπερ
2416 3853 2473 3915 ἐς
2503 3852 2566 3904 τὸ
2599 3852 2777 3921 φίλιον
2805 3852 2956 3923 αὐτῷ
2986 3853 3325 3921 ξυνεγένετο,
3365 3853 3657 3922 Ῥωμαίοις

2081 3940 2466 4010 ξυμμαχήσειν
2500 3942 2642 3995 κατὰ
2678 3940 2982 4011 Μαχούμετ
3024 3944 3337 3996 ἀνέπεισεν.
3368 3937 3512 3994 Ἧκε
3540 3943 3656 3994 τοί-

2078 4048 2174 4084 νυν
2202 4031 2306 4084 οὐκ
2329 4033 2383 4094 ἐς
2410 4032 2631 4102 μακρὰν
2652 4032 2760 4085 τῶν
2788 4034 2917 4102 παρ’
2939 4034 3089 4104 αὐτῷ
3109 4050 3195 4096 τις
3227 4032 3512 4101 ἐπιφανῶν
3538 4032 3657 4104 ἅμα

2080 4118 2455 4191 στρατεύματι
2488 4122 2823 4191 ὁμηρεύσων
2864 4140 2924 4175 τε
2977 4124 3095 4193 ἅμα
3143 4123 3242 4177 καὶ
3290 4123 3386 4176 τοῦ
3417 4124 3656 4195 πολέμου

2080 4211 2550 4281 συνεφαψάμενος.
2597 4211 2868 4274 Βασιλεὺς
2916 4212 3016 4282 μὲν
3062 4210 3159 4265 οὖν
3209 4212 3352 4266 οὕτω
3404 4213 3500 4283 ξὺν
3545 4215 3655 4282 τοῖς

2077 4304 2393 4375 είρημένοις
2424 4305 2518 4365 ἐπὶ
2546 4303 2810 4375 Γὰγγραν
2844 4304 3018 4359 ἐλθὼν
3058 4306 3167 4375 πρὸ
3198 4305 3292 4358 τοῦ
3317 4305 3522 4375 ταύτης
3561 4323 3655 4357 πε-

2080 4394 2296 4464 ριϐόλου
2341 4395 2441 4467 τὴν
2472 4383 2897 4466 στρατοπεδείαν
2934 4396 3197 4463 ἐπήξατο,
3228 4398 3287 4451 ὲν
3328 4401 3653 4469 παρασκευῇ

2075 4486 2153 4541 ὣν
2200 4488 2278 4552 ὡς
2329 4489 2387 4551 ἐς
2438 4488 2612 4542 νέωτα
2649 4488 3088 4560 τειχομαχήσων.
3150 4490 3312 4543 Ἀλλὰ
3355 4491 3654 4562 Μαχούμετ

397 4576 504 4644 cipi
537 4589 787 4632 cerneret
819 4579 1108 4649 imparem,
1152 4585 1525 4639 necessarium
1553 4586 1771 4641 censuit
1801 4586 1970 4638 sulta-

2078 4580 2270 4635 οὔκουν
2304 4581 2605 4652 ἀξιόμαχον
2652 4583 2847 4636 ἑαυτὸν
2878 4581 3095 4653 βασιλεί
3135 4584 3501 4654 ἐπιστάμενος
3543 4584 3654 4638 δεῖν

1763 4701 1866 4760 Du
1903 4697 2125 4777 Cangii
2162 4706 2349 4760 notua.

473 4794 585 4867 (ἓξ)
632 4795 847 4866 Ὀλίγῳ
895 4797 963 4852 δὲ
999 4799 1279 4867 ὕστερον.
1305 4799 1526 4857 Nicetas
1556 4819 1611 4860 n.
1647 4803 1735 4860 15.

469 4865 583 4933 {‘25)
614 4868 835 4920 Εἱκόνα
882 4868 994 4937 τῆς
1028 4865 1345 4924 Θεοὲόκουᾴ
1374 4870 1599 4926 Joannis
1633 4875 1968 4940 triumphum

398 4947 655 4989 aceurate
690 4940 1004 5009 exsequitur
1037 4940 1271 5009 Nicetas.
1309 4942 1379 4995 At
1416 4946 1561 5009 quod
1591 4944 1741 4996 addit
1768 4944 1973 4997 Cinna-

401 5020 521 5079 mus
556 5008 868 5079 neutiquam
906 5019 1025 5076 post
1049 5008 1337 5065 Justiniani
1366 5008 1680 5066 etlleraclii
1728 5021 1971 5079 tempora

400 5074 685 5149 ejusmodi
708 5087 860 5130 actos
908 5074 1375 5145 Constantinopoli
1411 5082 1732 5149 triumphos,
1765 5083 1817 5134 in
1842 5074 1969 5149 'qui-

396 5144 500 5219 bus
530 5146 779 5219 videlicet
830 5150 1133 5219 principatus
1168 5144 1505 5216 Deiparentis
1535 5144 1753 5219 imagini
1792 5144 1970 5206 cultus

391 5222 449 5291 et
484 5214 632 5269 locus
680 5214 840 5291 (latus
872 5216 1069 5291 fuerit,
1099 5218 1238 5291 haud
1266 5214 1408 5291 aegre
1438 5214 1708 5291 refellitur
1733 5236 1797 5274 ex
1823 5222 1960 5291 Scy-

394 5282 540 5354 litze,
599 5293 653 5337 et
689 5285 922 5348 Zonara,
957 5288 1291 5341 tradentibus
1317 5282 1606 5343 'Joanneut
1634 5282 1955 5354 Zetniscem,

395 5353 635 5425 devictis
665 5353 931 5421 Bnlgaris,
961 5357 1032 5409 ita
1069 5358 1397 5425 triumphum
1433 5359 1673 5422 duxisse,
1706 5370 1765 5412 ut
1792 5371 1956 5414 totam

397 5436 575 5474 rerum
624 5422 762 5478 bene
792 5432 1063 5493 gestarum
1100 5422 1323 5494 gloriam
1351 5427 1593 5495 Deiparze
1622 5431 1956 5498 ascripserit,

2076 4802 2232 4870 cujus
2260 4803 2560 4874 imaginem
2586 4804 2638 4858 in
2659 4819 2820 4859 curru
2856 4806 3174 4860 collocatam
3207 4807 3320 4874 ipse
3336 4813 3654 4866 subsecutus

2072 4886 2157 4950 est
2178 4895 2191 4950 _:
2238 4872 2326 4925 Ἐν
2349 4872 2406 4950 δέ
2422 4873 2498 4950 τῷ
2517 4873 2728 4950 ἅρματι
2746 4876 2843 4950 τὰς
2863 4872 3246 4950 Βουλγαρικὰς
3271 4878 3387 4950 θεὶς
3410 4880 3520 4932 τῶν
3552 4881 3653 4950 βα-

2074 4943 2268 4996 σιλέων
2290 4942 2510 5029 στολὰς,
2531 4942 2625 5027 καὶ
2644 4945 2852 4998 ἄνωθεν
2879 4942 3294 5029 τούτωνξείκρνα
3323 4949 3424 5029 τῇς
3441 4942 3653 5029 θερμή-

2070 5030 2250 5082 τορος,
2283 5014 2360 5075 ὡς
2392 5014 2705 5083 πολιούχου,
2728 5016 3168 5086 προπορεύεσθαι
3186 5014 3649 5085 έαυτοῦίὲτάξατό.

2077 5082 2135 5137 ld
2192 5083 2367 5152 ipsum
2427 5094 2611 5150 postea
2650 5085 2919 5137 imitatum
2985 5084 3312 5151 Mauuelem,
3367 5091 3653 5145 debellatis

2070 5152 2445 5213 Pannuuibus,
2481 5155 2646 5207 tradit
2678 5154 2914 5215 Nicetes,
2950 5154 2984 5206 Ι.
3019 5170 3068 5215 ν,
3106 5170 3162 5210 n.
3186 5156 3242 5210 5.

2143 5221 2255 5294 (‘26)
2303 5221 2626 5294 Τᾳνισμάκ.
2669 5223 2801 5278 Vide
2820 5235 2932 5294 not.
2961 5227 3028 5278 ad
3057 5227 3226 5283 Anna:
3248 5240 3299 5294 p.
3332 5225 3456 5282 565.

2143 5292 2255 5364 p27)
2293 5292 2378 5356 Τῷ
2431 5293 2724 5364 φυλάρχῳ
2782 5292 2901 5364 τῆς,
2933 5295 3204 5364 Ἰκονίου.
3248 5292 3478 5351 Μεευῑο
3537 5298 3651 5354 Ico-

2072 5362 2246 5417 niensi
2265 5365 2513 5442 _sultano,
2536 5362 2938 5418 Cliziesthlanis
2971 5364 3017 5418 ll
3042 5363 3200 5418 fratri
3226 5364 3425 5431 Notbo,
3452 5379 3509 5423 et
3528 5385 3652 5425 suos

2071 5446 2302 5487 CCSSOI'I.

1670 5525 1955 5586 Cornelii
1989 5526 2179 5588 Tollii
2225 5533 2414 5587 notua.

465 5618 553 5692 (ς)Δ
574 5617 655 5692 Διά
684 5622 953 5688 ὑποψίας
987 5622 1135 5688 ἴσως
1192 5625 1579 5692 παραίτησιν.
1613 5626 1858 5680 Meminit
1904 5636 1959 5681 et

393 5686 586 5765 simi-lis
615 5689 685 5765 _in
708 5686 994 5765 triumpho
1042 5686 1238 5765 currus
1270 5686 1406 5747 infra
1435 5686 1793 5765 ejusdemque
1816 5696 1955 5751 civi-

393 5753 564 5812 litatis
614 5758 666 5811 in
706 5753 972 5815 Manuele.
1030 5762 1296 5819 Caeterum
1331 5753 1485 5834 quod
1513 5768 1581 5821 de
1638 5753 1799 5821 cruce
1850 5770 1960 5823 lata

2070 5629 2167 5705 ait,
2226 5628 2277 5680 in
2311 5630 2695 5705 superstitione
2748 5630 2801 5686 id
2852 5631 3270 5705 imperatoribus
3309 5632 3642 5705 Byzantinis,

2068 5699 2162 5773 qui
2192 5700 2529 5773 pro‘victrici
2558 5701 2739 5771 lauro,-
2767 5699 2986 5759 crncem
3020 5703 3224 5760 Christi
3252 5699 3647 5773 triumphantes

2068 5766 2545 5827 circumferebant.

3806 680 3835 700 ο
