4096 6396
400 333 510 394 325
1611 333 2152 395 HISTORIARUM
2197 335 2343 394 LIB.
2389 338 2438 397 l.

3577 349 3683 411 326

401 450 610 512 ἔγνωκε
632 444 724 498 τὸν
749 445 986 498 Σουλτὰν
1005 444 1388 513 ἑταιρίσασθαι
1416 442 1594 508 ἄλλως
1620 462 1678 498 τε
1714 443 1813 500 καὶ¹
1848 444 1980 498 κατέ

2101 464 2227 502 num
2255 451 2321 503 ad
2348 464 2476 503 suas
2513 460 2694 519 partes
2740 451 2982 517 allicere,
3017 456 3101 508 eui
3141 462 3470 528 ceteroquin
3505 463 3680 519 aﬂini-

402 541 563 607 γένος
596 537 750 608 αύτῷ
793 538 1165 606 προσήκοντα.
1207 537 1316 589 Καὶ
1339 535 1521 589 τοίνυν
1553 535 1621 589 τὰ
1645 537 1879 606 διάφορα
1908 538 1999 591 λύ-

404 649 598 692 σαντες
632 631 778 684 κατὰ
833 629 1125 700 Ῥωμαίων
1163 631 1258 683 καὶ
1304 631 1475 700 ἄμφω
1518 631 1990 700 ξυνεπνευσάτην,

399 725 451 777 οἳ
477 740 540 776 τε
570 722 850 792 ξύμμαχοι
884 722 1095 792 Πέρσαι
1124 723 1513 794 μετάπεμπτοι
1542 725 1680 791 πρὸς
1704 723 1801 776 τοῦ
1829 725 1995 776 Σουλ-

399 816 501 867 τὶιν
554 816 846 882 γεγονότες
876 814 1075 877 νυκτὸς
1104 813 1310 884 ᾤχοντο
1351 815 1673 885 φεύγοντες.
1705 817 1872 879 Γνοὺς
1897 812 1993 870 οὖν

397 909 499 978 τὴν
532 909 830 978 ἐπιϐουλὴν
863 907 946 979 [Ρ.
980 907 1036 979 8]
1072 908 1328 978 βασιλεὺς
1376 910 1434 960 ὲν
1467 910 1680 981 ἀθυμίᾳ
1723 910 1892 980 πολλῇ
1923 905 1992 980 ἦν

400 1003 492 1053 καὶ
540 1001 898 1071 βεϐούλευται
936 1002 1068 1070 παρ’
1117 1003 1259 1054 αὐτὰ
1307 1004 1520 1056 ἐκεῖθεν
1565 1003 1986 1070 ἀναζευγνύειν.

412 1094 576 1146 Ἀιλὰ
611 1111 759 1156 τινες
795 1095 1021 1164 μοναχοὶ
1043 1095 1187 1148 κατά
1215 1113 1339 1148 τινα
1370 1096 1543 1166 τύχην
1572 1097 1808 1149 ἐνταῦθα
1841 1115 1915 1150 πα
1929 1113 1990 1166 ρ-

398 1188 551 1249 όντες
605 1189 878 1255 ἀπέλεγον
929 1189 1066 1256 πρὸς
1138 1189 1250 1257 τὴν
1298 1191 1642 1261 ἐγχείρησιν,
1699 1192 1988 1260 μονονουχὶ

401 1279 622 1347 θαρσεῖν
647 1277 797 1347 αὐτῷ
823 1278 891 1330 τὰ
923 1278 1015 1330 ἐπὶ
1058 1277 1160 1347 τῆς
1189 1278 1446 1348 Γάγγρας
1475 1279 1679 1333 ἁλώσει
1720 1281 1988 1334 διατεινό-

403 1386 576 1437 μενοι.
640 1364 737 1431 Οἷς
784 1370 1139 1432 ἀναπεισθεὶς
1177 1373 1242 1439 τῇ
1273 1371 1539 1442 ὑστεραίᾳ
1586 1373 1665 1442 τῷ
1711 1373 1990 1444 περιϐόλῳ

400 1462 759 1530 προσέϐαλεν,
808 1463 1023 1516 ἐκεῖθεν
1071 1463 1131 1516 δὲ
1178 1463 1587 1534 ἀποκρουσθεὶς
1621 1467 1714 1518 ἐπὶ
1761 1465 1990 1520 Ῥυνδα-

398 1552 570 1622 κηνὴν
608 1555 837 1624 μετέϐη,
873 1554 1114 1610 ὲνταῦθά
1143 1572 1202 1608 τε
1234 1557 1402 1608 παντὶ
1430 1556 1507 1626 τῷ
1536 1558 1757 1630 στρατῷ
1788 1560 1985 1629 διεχεί-

397 1648 593 1715 μαζεν.
646 1647 816 1699 Ἔνθα
875 1648 1175 1717 Ῥωμαίοις
1233 1648 1402 1701 πολύν
1464 1666 1588 1702 τινα
1647 1651 1987 1718 διατρίϐουσι

393 1738 611 1806 χρόνον,
636 1738 824 1808 ἐπειδὴ
862 1738 936 1808 μὴ
964 1735 1110 1808 εἶχον
1140 1739 1262 1792 ὅθεν
1293 1739 1564 1809 χειμῶνος
1591 1742 1986 1810 ἐσκομίσονται

390 1831 458 1880 τα
493 1830 796 1897 ἐπιτήδεια,
827 1829 1140 1892 ξυνέϐαινεν
1176 1830 1280 1901 ἤδη
1319 1829 1463 1900 λιμῷ
1493 1832 1986 1901 πιέζεσθαι.Ἀρας

2108 549 2219 593 tate
2259 539 2482 607 junctus
2533 553 2672 596 crat.
2741 543 3030 614 Diremptis
3089 547 3252 616 igitur
3316 551 3681 610 simultatibus

2100 632 2154 687 in
2184 631 2461 687 Romanos
2515 650 2620 686 una
2681 638 3020 704 conspirant,
3053 655 3116 693 ac
3161 640 3262 710 15
3312 642 3490 699 Persa)
3528 648 3682 701 auxi-

2097 723 2267 777 liares
2308 724 2548 777 revocati
2605 741 2630 777 a
2687 727 2909 781 sultano
2947 739 3108 783 noctu
3161 733 3282 799 fuga
3343 736 3677 792 dilabnntttr.

2095 815 2230 870 Dolo
2258 817 2501 886 cognito,
2527 818 2826 886 imperator
2860 837 2973 876 non
3013 824 3273 878 mediocri
3299 829 3474 882 ‘animi
3499 832 3680 886 anxie-

2099 918 2205 961 tate
2243 909 2550 978 perculsus,
2585 922 2762 965 castra
2795 913 2922 967 inde
2973 932 3195 971 movere
3243 921 3526 974 confestim
3563 934 3678 978 sta-

2097 1010 2300 1068 tuerat,
2321 1003 2429 1057 nisi
2459 1004 2678 1070 quidam
2707 1008 2980 1070 monachi,
3002 1013 3094 1078 qui
3119 1020 3227 1062 tum
3258 1011 3397 1067 forte
3427 1016 3678 1082 aderant,

2094 1109 2123 1147 a
2178 1095 2408 1148 consilio
2440 1109 2788 1160 avocassent,
2837 1103 3349 1174 persuasissentquc
3397 1117 3453 1159 ut
3487 1109 3683 1176 C(Bptis

2095 1188 2374 1242 insisteret
2406 1175 2460 1243 et
2497 1190 2834 1260 Gangrensis
2871 1195 3024 1249 urbis
3055 1199 3517 1266 cttpugnationem
3556 1175 3678 1254 cum

2093 1278 2291 1334 ﬁducia
2319 1282 2732 1352 aggrederetur.
2770 1283 2864 1338 llis
2912 1287 3208 1342 obsecutus
3241 1290 3442 1344 moenia
3474 1295 3678 1360 postri-

2091 1372 2180 1426 die
2212 1373 2462 1430 adoritur
2500 1393 2514 1429 :
2546 1391 2731 1431 verum
2770 1377 2896 1432 inde
2931 1380 3180 1447 repulsus
3215 1383 3280 1435 ad
3318 1383 3676 1453 Rhyndacum

2093 1467 2320 1532 recedit,
2368 1471 2786 1540 exercitumque
2824 1474 2875 1526 in
2941 1473 3186 1528 hibernis
3243 1474 3409 1529 locat.
3444 1475 3676 1530 Rotuani

2090 1556 2252 1626 longo
2300 1559 2424 1615 istic
2458 1569 2705 1631 tempore
2745 1566 3092 1631 commorati,
3131 1575 3295 1636 atque
3343 1569 3439 1622 abs
3470 1583 3530 1623 re
3565 1570 3679 1624 fru-

2090 1649 2382 1717 mentaria,
2415 1651 2571 1720 cujus
2624 1667 2852 1724 propter
2881 1655 3120 1710 hiemem
3166 1657 3308 1712 haud
3346 1657 3522 1714 facilis
3561 1670 3679 1715 erat

2095 1744 2448 1807 transvectio,
2485 1759 2591 1798 non
2630 1745 2841 1801 modice
2873 1746 3216 1813 laborarunt,
3244 1753 3382 1804 adeo
3414 1762 3472 1804 ut
3504 1751 3678 1805 fames

2090 1833 2400 1900 complures
2423 1838 2780 1904 oppresserit.
2807 1838 3137 1894 Castamonc
3167 1833 3348 1909 itaque
3373 1843 3499 1897 inde
3531 1857 3678 1910 repev

389 1921 576 1972 τοίνυν
627 1921 840 1972 ἐκεῖθεν
891 1921 985 1972 ἐπὶ
1027 1921 1367 1992 Καστάμονα
1402 1919 1592 1992 ἦλθεν,
1628 1922 1894 1993 ὁμολογίᾳ
1923 1940 1980 1976 τε

2092 1925 2186 1980 lita
2225 1936 2277 1980 et
2307 1929 2481 1982 certis
2517 1943 2840 2000 recuperata
2905 1935 3352 2003 conditionibus,
3400 1937 3671 2009 Gangratn

387 2011 598 2079 ταύτην
628 2011 766 2062 ἐλὼν
802 2012 896 2063 ἐπὶ
941 2012 1206 2082 Γάγγραν
1258 2014 1469 2083 μετῆγε
1518 2015 1579 2067 τὸ
1633 2015 1978 2084 στράτευμα.

390 2104 601 2173 Πέρσαι
643 2104 827 2156 τοίνυν
852 2106 908 2156 οἳ
938 2106 1040 2176 τὴν
1077 2107 1236 2181 πόλιν
1294 2111 1554 2177 κατεῖχον
1595 2108 1857 2177 δυνάμεις
1892 2111 1984 2162 ἐπὶ

400 2196 777 2268 Ῥυνδακηνῆς
808 2200 1208 2272 ἀθροιζομένας
1243 2205 1337 2254 καὶ
1375 2203 1541 2255 πάλιν
1572 2205 1979 2272 μεμαθηκότες,

389 2288 449 2340 τδ
498 2290 598 2357 μὲν
643 2291 858 2360 πρῶτον
891 2292 1104 2346 ὤκνουν
1137 2294 1351 2364 βασιλεῖ
1377 2295 1475 2362 τὴν
1509 2295 1666 2347 πόλιν
1707 2295 1978 2357 ἐνδοῦναι.

390 2382 603 2434 ἐλπίσιν
637 2385 969 2453 ἐπικουρίας
1009 2388 1088 2449 είς
1121 2387 1282 2438 τοῦτο
1314 2391 1632 2456 φερόμενοι.
1654 2389 1807 2440 Ἐπεὶ
1835 2389 1892 2440 δὲ
1923 2390 1980 2440 αί

397 2474 499 2543 μὲν
536 2479 828 2546 εἰρημέναι
865 2478 1127 2548 δυνάμεις
1161 2479 1320 2533 οὔπω
1357 2481 1437 2533 ἔτι
1478 2483 1536 2542 ἐς
1575 2483 1773 2533 ταύτὸν
1802 2480 1983 2544 ξυνελ-

394 2567 588 2622 θοῦσαι
610 2569 880 2622 διελύοντο
897 2567 1054 2634 αὖθις
1077 2572 1375 2640 (χειμῶνος
1393 2574 1500 2642 γὰρ
1520 2572 1640 2643 ὥρᾳ
1661 2572 1980 2641 στρατεύειν

389 2658 630 2713 ἀδύνατα
669 2657 836 2732 εἶχον,
871 2663 1126 2732 καθάπερ
1168 2667 1224 2716 ἐν
1256 2667 1368 2726 τοῖς
1401 2663 1716 2735 ἔμπροσθέν
1759 2683 1849 2734 μοι
1889 2666 1979 2718 δε-

386 2752 687 2823 διήγηται),
724 2755 816 2807 ὑπ’
847 2756 1098 2826 ἀνάγκης
1124 2758 1492 2828 ἀπειρηκότες
1515 2759 1613 2829 τὴν
1639 2758 1795 2812 πόλιν
1826 2758 1979 2828 αύτῷ

387 2845 701 2914 παρέδοσαν
754 2849 847 2900 ἐπὶ
885 2850 1154 2921 ὁμολογίᾳ
1197 2851 1290 2904 τοῦ
1327 2852 1529 2914 αύτούς
1590 2870 1648 2904 τε
1707 2852 1802 2906 καὶ
1850 2852 1978 2916 τοὺς

384 2937 499 2990 ὅσοι
539 2939 828 3009 Τανισμὰν
865 2941 948 2994 ἔτι
982 2943 1270 3012 περιόντος
1311 2944 1646 3014 δορυά>.ωτοι
1685 2945 1977 3014 Ῥωμαίοις

350 3019 359 3026 ’
387 3031 638 3098 ἐγένοντο
665 3033 876 3097 ἁθὼους
903 3037 1002 3106 τῆς
1053 3037 1374 3106 Ῥωμαϊκῆς
1418 3037 1731 3100 ἀπαλλάξαι
1767 3038 1974 3107 χειρός.

396 3125 555 3178 ⁹Αλλὰ
581 3127 790 3198 Πέρσαι
833 3129 955 3182 ἀντὶ
981 3132 1082 3200 τῆς
1117 3133 1175 3183 ὲν
1203 3132 1395 3200 χερσὶν
1418 3130 1740 3200 ἐλευθερίας
1774 3130 1969 3184 αὐθαίο

382 3237 540 3289 ρετον
569 3222 929 3292 προελόμενοι
951 3223 1202 3278 δουλείαν
1226 3225 1444 3288 εὐνοίας
1473 3243 1531 3278 τε
1564 3224 1666 3294 τῆς
1694 3223 1846 3294 παρὰ
1881 3224 1977 3294 βας

379 3313 574 3375 σιλέως
603 3313 794 3385 ἔτυχον
829 3316 926 3370 καί
956 3319 1247 3391 προσθήκη
1301 3320 1587 3389 δυνάμεως
1631 3319 1733 3371 οὐκ
1765 3320 1970 3390 ἁγενὴς

389 3410 696 3482 Ῥωμαίοις
725 3415 1001 3482 ἐγένοντο.

449 3501 516 3566 ζ’.
547 3502 620 3556 Τὸ
657 3503 703 3555 δ’
739 3505 992 3558 ἐντεῦθεν
1043 3507 1154 3575 (ἓὸ)
1190 3507 1258 3561 τὰ
1289 3509 1397 3562 τῶν
1433 3508 1760 3577 Ἰσαυρικῶν
1808 3507 1968 3560 πιλία

377 3611 503 3662 μων
549 3596 726 3665 ἀρχὴν
763 3597 1062 3666 Ῥωμαίοις
1106 3598 1330 3667 εὕρατο.
1387 3601 1661 3670 Λεϐούνης
1708 3601 1822 3671 (‘29)
1855 3599 1966 3669 γὰρ

2084 2019 2388 2073 exercitum
2431 2022 2674 2076 reduxit.
2704 2025 2773 2076 At
2818 2024 3021 2089 Persze,
3057 2028 3148 2096 qui
3199 2028 3473 2082 civitatem
3522 2041 3673 2084 tene-

2089 2107 2238 2171 bant.
2261 2125 2382 2164 cum
2406 2113 2727 2168 resciissent
2752 2128 3114 2187 congregatas
3139 2133 3354 2171 rursum
3381 2121 3445 2171 ad
3478 2118 3666 2189 [thyn-

2086 2203 2278 2255 dacum
2314 2205 2582 2258 militares
2611 2207 2821 2277 copias,
2871 2208 3060 2262 urbem
3102 2209 3421 2278 imperatori
3455 2213 3675 2267 tradere

2086 2295 2264 2363 primo
2313 2298 2533 2364 quidem
2591 2298 2990 2363 detractarunt,
3050 2301 3315 2354 auxilium
3373 2302 3498 2357 inde
3568 2304 3672 2357 sibi

2085 2387 2520 2440 submitteudnm
2558 2389 2682 2443 rati.
2716 2389 2914 2444 Verum
2949 2402 3007 2444 nt
3042 2392 3125 2446 hac
3161 2394 3350 2461 copim,
3381 2403 3672 2462 antequam

2086 2479 2138 2531 in
2178 2495 2344 2532 unum
2389 2482 2776 2546 convenirent,
2832 2498 3048 2538 rursum
3096 2485 3372 2552 dissipata:
3406 2497 3532 2540 sunt
3567 2488 3674 2559 (in-

2083 2579 2265 2624 stante
2302 2571 2506 2640 quippc
2557 2574 2778 2631 hiemali
2835 2586 3106 2640 tempore,
3137 2585 3192 2626 ιιι
3226 2590 3392 2644 supra
3428 2591 3672 2630 comme-

2083 2664 2439 2727 moravimus,
2476 2661 2675 2716 bellum
2707 2664 2819 2732 geri
2854 2681 2957 2720 non
2987 2681 3146 2734 posse
3171 2668 3407 2735 putant),
3432 2668 3674 2721 necessi-

2083 2765 2196 2808 tate
2249 2753 2455 2817 adacti,
2504 2754 2609 2808 hac
2653 2755 2844 2809 urbem
2877 2757 3192 2812 eortditione
3229 2757 3572 2822 dediderunt,
3617 2769 3676 2812 ut

2080 2858 2138 2900 et
2189 2847 2292 2914 ipsi
2329 2858 2383 2900 et
2426 2847 2541 2914 qui,
2596 2850 2895 2916 superstite
2927 2850 3108 2903 adhuc
3142 2849 3495 2914 Tanismane,
3527 2849 3670 2904 bello

2081 2944 2223 3008 capti
2255 2948 2414 2993 erant
2444 2954 2474 2993 a
2508 2939 2794 3004 Romanis,
2826 2955 2892 2993 ex
2929 2955 3119 2994 eorum
3154 2940 3405 2995 manibus
3434 2951 3488 2995 et
3523 2950 3667 3009 pote-

2079 3039 2221 3084 state
2251 3032 2459 3085 innoxii
2497 3032 2928 3086 dimitterentur.
2969 3030 3075 3086 Sed
3116 3032 3262 3086 enim
3313 3031 3494 3086 Persae
3537 3047 3668 3085 con-

2079 3141 2249 3180 cessaa
2288 3125 2392 3180 sibi
2437 3125 2678 3180 libertati
2709 3136 3064 3193 spontaneum
3103 3125 3460 3194 praeferentes
3490 3125 3666 3180 servi-

2083 3225 2275 3281 tutem,
2325 3217 2672 3284 imperatoris
2728 3217 2958 3284 gratiam
3019 3230 3389 3284 promeruere,
3441 3225 3497 3269 et
3552 3230 3658 3268 non

2033 3312 2044 3332 ‘
2082 3307 2375 3376 ignobilem
2407 3308 2579 3377 copiis
2613 3306 2874 3361 Romanis
2909 3306 3088 3362 fecere
3121 3306 3514 3360 accessionem.

2154 3505 2259 3576 16
2293 3506 2346 3558 7.
2387 3503 2596 3557 Exinde
2639 3517 2725 3556 res
2773 3503 3027 3557 lsauricaa
3071 3501 3285 3556 initium
3329 3498 3456 3554 belli
3499 3498 3664 3554 dede-

2081 3610 2225 3652 runt.
2257 3599 2391 3652 Nam
2423 3596 2579 3662 Lixo,
2607 3598 2691 3651 vir
2723 3595 3040 3660 Armenius,
3070 3594 3348 3664 complura
3374 3595 3569 3663 oppida
3594 3607 3664 3648 ex

1743 3741 1842 3800 Du
1877 3739 2100 3818 Cangii
2136 3746 2327 3798 notae.

447 3857 563 3928 (28)
623 3863 694 3914 Τὸ
733 3862 785 3914 δ’
815 3863 1125 3918 ἐντεῦθεν.
1151 3862 1393 3926 Nirctas,
1440 3879 1495 3918 η.
1532 3865 1589 3920 5.

449 3930 928 4004 (29lA860ﬁmc.
985 3934 1090 3987 Leo
1129 3937 1300 3988 Anna:
1350 3936 1383 3988 Ι.
1432 3951 1526 3990 xttt
1591 3947 1958 4004 nuncupatus,

373 4017 515 4054 Δλιιιο
552 4001 796 4057 Villelmo
827 4003 992 4072 Tyrio
1033 4004 1068 4057 l.
1102 4021 1214 4067 xw,
1248 4020 1296 4058 c.
1331 4006 1385 4068 5,
1415 4007 1567 4070 citius
1600 4001 1830 4061 stemma
1864 4001 1960 4059 de?

374 4073 656 4127 libandum
689 4074 788 4128 hoc
818 4073 1033 4129 videtur
1062 4075 1200 4141 loco,
1233 4091 1298 4130 cx
1331 4091 1494 4130 onere
1537 4089 1724 4131 nostro
1768 4076 1843 4131 De
1875 4075 1960 4128 fa-

421 4233 474 4277 ρ

2077 3862 2240 3915 miliis
2273 3859 2564 3921 Oriental.,
2607 3859 2674 3913 ad
2729 3859 3037 3928 principum
3089 3857 3381 3922 Armeniae,
3423 3873 3659 3928 quorum

2071 3932 2126 3986 in
2164 3932 2494 3987 Conmeniea
2526 3927 2750 3983 historia
2780 3938 2868 3984 sat
2893 3929 3150 3999 frequens
3167 3929 3408 3984 occurrit
3434 3927 3658 3996 mentio,

2071 4003 2370 4071 pleniorem
2409 4000 2658 4056 notitiam
2693 4015 2707 4054 :

425 4308 3523 4334 W

436 4335 795 4386 Constantinus
822 4337 1073 4400 Armenia:
1107 4340 1336 4400 princeps
1361 4339 1749 4400 potentissimus.
1779 4337 1898 4399 ΤΠ.

949 4398 1148 4449 Albert.
1178 4401 1269 4460 Aq.
1284 4398 1394 4449 'ete.

433 4699 539 4769 Leo
563 4735 576 4755 ,
631 4713 722 4769 seu
786 4698 906 4768 I_.lvo
968 4700 1146 4769 'I_‘oros,
1165 4714 1257 4769 seu
1277 4700 1441 4769 Theo-
1504 4699 1742 4769 Mllq,_seu
1761 4698 1969 4769 Meller,

459 4760 711 4810 Armeniae
739 4759 873 4824 prin-
969 4763 1122 4812 dorus
1176 4763 1438 4824 Armeniae
1504 4759 1968 4824 yelMcIieh,pulso

602 4822 753 4884 cepsi
1030 4829 1157 4891 post_
1169 4822 1375 4873 fratrem
1501 4823 1686 4891 Thoma
1725 4827 1925 4891 .nepote
1951 4857 1966 4881 ,

1081 4883 1332 4947 princeps.
1533 4883 1818 4934 Armeniam
1863 4884 1937 4932 in-

1661 4948 1807 4995 rasit.

527 5156 640 5205 huic
664 5169 790 5206 uxor
812 5157 905 5205 fuit
938 5157 1168 5211 Isabella,
1193 5158 1292 5205 [ilia
1320 5156 1578 5206 Humfredi
1605 5156 1647 5205 ΙΙ
1671 5156 1799 5204 dom.

1011 5218 1075 5266 du
1101 5218 1320 5268 Theron.

362 5347 754 5425 Atesim
761 5283 1317 5421 naiamiao‘erim

429 5426 495 5474 ιιι
532 5425 834 5474 Antiochi-ni
873 5426 1110 5488 principis
1153 5429 1255 5476 tilio

665 5490 1020 5548 primogenita.

1575 5347 1928 5355 _..——————._.

1181 5349 1514 5356 —.———_————

1451 5350 1899 5426 ﬁnium

1414 5426 1680 5476 Theodoro
1731 5426 1929 5474 Lascarl

1447 5487 1563 5550 imp.
1593 5488 1893 5550 Graecorum.

367 5639 599 5699 bupmus
642 5642 895 5688 Armenia:
945 5652 1029 5686 rex
1056 5653 1101 5709 .a
1151 5639 1321 5689 Leone
1385 5639 1742 5708 Constantinus
1783 5639 1957 5689 Lasca-

481 5709 752 5750 coronatus
786 5707 839 5747 et
867 5707 1204 5749 renuntiatus.
1631 5714 1712 5750 rts.

2258 4331 2584 4392 Taphnutius,
2605 4342 2695 4377 seu
2724 4329 2966 4400 Taphroc,
2995 4329 3242 4377 Armenia:
3273 4327 3485 4390 perinde

2744 4403 2993 4452 princeps.

3465 4678 3601 4686 ~——__

2603 4690 2843 4740 N.mater
2867 4689 3068 4738 Thomas
3131 4691 3171 4739 N
3252 4705 3381 4740 uxor
3433 4678 3596 4742 is???

2631 4753 2882 4824 Armenia;
2911 4753 3044 4812 prin-
3131 4753 3220 4802 lini
3279 4754 3298 4803 Ι
3351 4751 3594 4828 lidessani

2767 4828 2904 4877 etpts.
3252 4824 3466 4866 comitis.

2142 4695 2426 4756 Stephanus
2451 4707 2478 4741 a

2099 4754 2286 4808 Graecis
2307 4754 2517 4804 occisus.

3249 5075 3536 5082 *ρος-α

2070 5094 2193 5154 Leo,
2216 5106 2307 5142 seu
2337 5091 2476 5149 Livo,
2507 5093 2693 5154 primus
2713 5091 2960 5140 Armeniae
2997 5106 3105 5154 rex,
3174 5076 3345 5142 Doleta
3379 5105 3502 5140 uxor
3535 5077 3654 5143 1ιῖρῖ

2117 5152 2321 5205 ιιιοτεω
2344 5153 2482 5202 duxit
2509 5152 2764 5201 lsabellam
2785 5189 2798 5209 ,
2831 5152 3070 5202 Almerici
3172 5153 3332 5202 trandi
3367 5155 3427 5202 de
3465 5156 3652 5210 Gibiet.

2282 5218 2418 5279 regis
2443 5216 2688 5279 Hierosol.
2720 5216 2885 5262 ﬁliam.

2066 5366 2301 5425 Isabella,
2332 5365 2431 5413 illia
2474 5363 2635 5421 unica,
2671 5365 2836 5426 nupsit
2871 5363 3121 5426 Philippo,
3155 5365 3426 5413 Boemundi
3465 5363 3524 5412 ιν
3556 5367 3651 5412 Am

2068 5428 2221 5477 tioch.
2265 5428 2506 5490 principis
2548 5425 2680 5483 ﬁlio,
2733 5425 2832 5490 Quo
2875 5427 2930 5490 in
2966 5425 3192 5474 ordinem
3234 5433 3370 5490 acto,
3413 5426 3653 5490 Constans

2067 5491 2252 5540 Leonis
2266 5487 2709 5550 consanguineus
2726 5487 2978 5550 Armeniae
3027 5501 3236 5550 regnum
3283 5487 3333 5536 in
3356 5549 3364 5550 ί
3384 5487 3652 5550 Aithonetn

2163 5553 2316 5602 tilium
2365 5547 2648 5611 tranéfudit,
2681 5547 3317 5660 (ilaézlﬁisdeitﬁain—uxorem
3353 5547 3561 5603 lsabella

2719 5621 2882 5658 ιεοιιιι
2915 5621 3032 5660 tnta.

3517 5347 3653 5356 _
