4096 6450
386 363 497 428 3'29

1565 350 2112 415 HISTORIARUM
2154 352 2299 410 LIB.
2342 352 2389 411 1.

3539 364 3651 421 330

390 474 612 543 μαῖκοίς
668 469 891 528 σκοποῖς
948 461 1209 533 ἐμπεσὼν
1242 464 1410 531 ἐγγὺς
1448 464 1547 534 μὲν
1594 464 1799 518 ἁλῶναι
1848 463 1965 529 ἐγί-

2078 461 2241 517 vissct
2272 462 2479 531 lapsum
2510 462 3003 534 subvenissentque
3031 478 3137 520 non
3168 466 3326 536 pauci
3363 470 3646 537 comitum,

381 579 546 617 νετο·
598 562 711 613 τῶν
768 558 877 629 γάρ
926 574 1011 618 τις
1080 555 1434 627 στρατιωτῶν
1484 556 1713 610 ἐπιόντα
1774 555 1967 609 τοῦτον

386 656 619 717 ἐπιστὰς
675 651 828 704 παίει
860 649 1003 703 κατὰ
1040 648 1133 701 τοῦ
1167 649 1428 718 κράνους,
1462 650 1560 701 καὶ
1584 649 1633 701 εί
1677 648 1752 720 μὴ
1782 650 1969 718 dp.ch-

384 745 577 812 τέραις
623 738 719 791 τοῦ
761 737 978 790 ἱππείου
1019 737 1422 806 ἐπιλαθόμενος
1482 738 1711 807 αὐχένος
1761 739 1967 809 ἐπέσχε

386 834 480 887 τὸν
511 831 729 885 ὄλισθον
758 828 1004 881 πλεῖστοί
1032 845 1090 880 τε
1127 829 1229 899 ἤδη
1257 828 1364 881 τῶν
1400 832 1686 899 ἑπομένων
1709 830 1971 901 συνέστη-

390 944 512 991 σαν,
550 923 744 985 ὕπτιος
783 922 850 976 ἂν
882 921 1014 991 παρ’
1044 921 1183 975 αὐτὰ
1213 921 1559 992 ἐξεκυλίσθη.
1601 922 1664 977 Ὀ
1704 924 1803 993 μὲν
1827 923 1971 978 οὕτω

388 1020 481 1071 τὸν
521 1015 769 1070 κίνδυνον
817 1014 1078 1083 ἐκφυγὼν
1141 1016 1198 1078 ἐς
1245 1016 1574 1086 Ἀντιόχειαν
1619 1011 1771 1087 ἦλθε,
1816 1016 1972 1086 βασι-

384 1111 515 1173 λεὺς
566 1108 624 1162 δέ
656 1105 994 1173 ’Δνάζαρϐον
1048 1107 1299 1161 ἐνέκειτο
1354 1109 1687 1179 πολιορκῶν.
1731 1107 1873 1161 Ἀλλ’
1924 1109 1971 1162 οἱ

390 1206 538 1259 ἔνδον
569 1200 933 1275 ἀπρακτῆσαί
972 1201 1022 1255 οῖ
1061 1200 1458 1271 μηχανώμενοι
1500 1200 1598 1271 τὴν
1628 1201 1967 1272 ἐγχείρησιν.

393 1300 613 1370 σιδήρια
644 1297 851 1360 ἱκανῶς
883 1295 960 1365 τῷ
996 1296 1131 1364 πυρὶ¹
1161 1292 1509 1357 διακαίοντες
1538 1290 1633 1346 ἐπὶ
1676 1292 1745 1347 τὰ
1770 1308 1973 1363 πετρο-

390 1394 525 1446 ὖὸλα
562 1391 672 1445 τῶν
701 1390 1117 1461 μηχανημάτων
1136 1387 1397 1458 ἠφίεσαν,
1421 1386 1492 1440 τὰ
1523 1386 1582 1439 δὲ
1617 1387 1739 1449 ταῖς
1762 1386 1973 1457 ἐμπρο-

394 1485 565 1548 σθίοις
592 1483 772 1538 αὐτῶν
816 1482 1058 1547 ξυλίναις
1096 1479 1406 1545 πελάζοντα
1437 1481 1620 1534 κίοσιν
1663 1479 1972 1550 ἐνεπίπρων

390 1577 611 1632 αὐτίκα.
673 1574 848 1631 Τοῦτο
906 1575 1172 1636 πολλάκις
1224 1574 1515 1645 γινόμενον
1582 1575 1667 1639 εἰς
1731 1572 1972 1642 ἀθυμίαν

390 1668 553 1738 ἐνῆγε
596 1667 691 1721 τὸν
741 1665 988 1737 βασιλέα.
1036 1666 1165 1737 Ὀψέ
1212 1665 1345 1735 γοῦν
1399 1664 1619 1719 ἀλύοντι
1654 1661 1972 1737 προσελθὼν

402 1759 695 1824 Ίσαάκιος,
735 1757 930 1811 vam
950 1757 1076 1825 ἄγε,
1102 1750 1147 1810 ὧ
1175 1756 1373 1825 πάτερ,
1406 1752 1650 1818 πλίνθοις
1668 1754 1805 1824 (55),
1837 1751 1968 1824 ἔφη,

381 1854 778 1926 περιειλῆφθατ
808 1853 996 1908 κέλευε
1040 1852 1106 1905 τὰ
1139 1851 1437 1922 ξυλὼματα
1470 1868 1483 1882 ·
1522 1869 1543 1903 ι
1591 1846 1653 1905 οὗ
1716 1848 2001 1919 γεγονότος

2074 569 2279 624 pronus
2330 556 2472 610 haud
2503 556 2663 610 dubie
2697 556 2762 610 ad
2800 564 3001 611 terram
3028 558 3343 616 decidisset.
3367 559 3650 629 lta‘vitato

2073 650 2318 719 periculo
2368 650 2714 705 Antiochiam
2766 650 3034 720 pervenit.
3090 652 3389 723 Imperator
3441 654 3648 711 interea

2075 742 2350 797 Anazarbi
2381 742 2771 812 oppugnationi
2800 751 2947 797 totus
2981 742 3353 800 incumbebat.
3378 745 3647 816 Oppidani

2074 845 2270 889 contra
2320 836 2516 891 irritos
2568 834 2754 890 facere
2800 834 3032 906 impetus
3088 837 3315 893 hostiles
3366 850 3649 905 conantes,

2074 926 2363 981 candentia
2424 926 2549 997 igne
2602 928 2932 982 ferramenta
3001 929 3053 983 in
3111 929 3392 985 machinas
3451 933 3651 1002 quibus

2075 1019 2396 1073 emittuntur
2421 1019 2972 1089 lapidesjaculantur,
2994 1036 3114 1091 quae
3136 1023 3442 1080 anteriores
3462 1039 3649 1079 earum

2075 1109 2284 1179 ciigno
2333 1110 2618 1168 columnas
2651 1113 2929 1183 extemplo
2991 1114 3375 1170 incenderunt.
3422 1118 3530 1172 Res
3561 1117 3649 1172 illa

2074 1203 2272 1273 saepius
2307 1204 2535 1272 repetita
2561 1205 2805 1259 animum
2836 1204 3185 1275 imperatoris
3212 1208 3453 1277 graviter
3480 1224 3652 1279 pupu-

2076 1295 2172 1361 git.
2207 1296 2438 1349 Anxium
2478 1296 2692 1350 tandem
2728 1303 2783 1350 et
2823 1296 3113 1352 sollicitum
3163 1299 3242 1353 sic
3290 1299 3519 1355 adorsus
3566 1312 3652 1355 est

2076 1385 2317 1442 lsaacius
2352 1385 2495 1442 illius
2540 1403 2555 1441 :
2605 1404 2625 1438 ι
2666 1386 2809 1453 Quin
2844 1386 3037 1455 jubes,
3089 1399 3264 1459 pater,
3316 1390 3650 1459 lignamenta

2076 1477 2272 1532 obduci
2325 1478 2657 1548 tegminibus
2689 1478 2818 1534 limo
2852 1480 2961 1551 18
2990 1481 3275 1537 confectis.
3316 1501 3334 1534 ι
3371 1482 3525 1550 Quod
3560 1486 3651 1540 ubi

2076 1570 2306 1635 factum,
2339 1572 2407 1626 ad
2450 1572 2792 1642 frequentem
2830 1573 3201 1642 depellendam
3233 1577 3342 1630 vim
3376 1591 3481 1630 non
3521 1592 3655 1632 am-~

2076 1665 2218 1733 plius
2249 1664 2431 1720 idonei
2461 1664 2742 1733 oppidani,
2779 1667 2954 1733 portis
2981 1668 3190 1739 apertis
3237 1671 3424 1740 copias
3452 1668 3655 1726 Roma-

2077 1769 2267 1807 norum
2301 1767 2578 1823 recepere.

2039 1849 2139 1901 οὐκ
2173 1847 2254 1901 ἐτι
2297 1851 2418 1912 ταῖς
2486 1854 2713 1921 συχναῖς
2760 1852 3085 1925 προσϐολαῖς
3117 1856 3167 1909 oi
3216 1854 3364 1911 ἐνδον
3399 1860 3652 1931 ἀντέχειν

385 1947 747 2017 δεδυνημένοι
773 1947 869 2009 τὰς
890 1945 1067 2008 πύλας
1091 1945 1539 2008 ἀναπετάσαντες
1570 1944 1664 1997 τὸν
1678 1942 1968 2014 Ῥωμαίων
2007 1942 2343 2012 εἰσεδέχοντο
2373 1945 2703 2013 στρατηγόν.

458 2038 527 2110 η’.
578 2038 915 2110 Ἀνᾶζαρδος
969 2038 1070 2109 μὲν
1123 2033 1217 2091 οὖν
1248 2037 1437 2090 τοῦτον
1468 2040 1561 2090 τὶν
1610 2036 1815 2108 τρόπον
1862 2035 1970 2088 ὑπὸ

2144 2035 2196 2089 8.
2241 2034 2331 2089 Sic
2368 2036 2418 2089 in
2456 2035 2825 2092 Romanorum
2855 2038 2946 2107 jus
2990 2041 3263 2096 concessit
3308 2044 3649 2105 Anazarbus.

399 2130 714 2199 Ῥωμαίους
766 2129 1008 2196 ἐγένετο.
1062 2125 1416 2197 Ῥαῖμοῦνδος
1465 2125 1523 2179 δὲ
1585 2127 1680 2180 καὶ
1716 2125 1973 2179 Βαλδουῖ-

387 2240 479 2286 to;
509 2221 643 2291 (56),
677 2220 737 2284 ὃς
763 2218 1087 2291 Μαραυσίου
1123 2218 1246 2274 κατ’
1271 2220 1482 2273 ἐκεῖνον
1508 2219 1600 2273 τὸν
1624 2219 1817 2289 χρύνον
1844 2218 1972 2288 ἡγε-

392 2314 641 2386 μονεύων
673 2310 763 2386 ἦν,
810 2312 917 2377 ἓως
962 2314 1063 2383 μὲν
1094 2310 1249 2365 οὔπω
1304 2310 1398 2364 ἐπὶ
1428 2309 1622 2382 θύραις
1663 2313 1691 2364 ὁ
1727 2310 1971 2373 κίνδυνος

389 2410 603 2476 ἵστατο,
649 2406 970 2478 στράτευμα
1011 2404 1336 2476 ἀγείραντες
1384 2404 1567 2457 ἱκανὸν
1623 2404 1718 2457 ἐπὶ
1768 2403 1971 2456 Παλαι-

394 2498 583 2567 στίνην
614 2497 911 2567 ἠπείγοντο
944 2494 1038 2549 τὸν
1068 2494 1197 2566 τῇδε
1231 2496 1379 2566 ρἦα
1408 2494 1504 2549 τοῦ
1533 2494 1788 2550 κινδύνου
1814 2494 1971 2560 ἐξαι-

396 2588 712 2662 ρησόμενοι.
748 2586 1063 2658 Σαρακηνοὶ
1104 2587 1216 2657 γὰρ
1242 2587 1293 2640 οἳ
1325 2587 1709 2651 Παλαιστίνοις
1744 2602 1970 2658 προσοι-

396 2680 554 2734 κοῦσι
592 2679 815 2751 πολέμῳ
857 2679 1278 2751 περιγεγονότες
1312 2679 1505 2744 αὑτοῦ,
1536 2680 1593 2743 ἐς
1630 2680 1692 2733 τὸ
1715 2678 1971 2734 Μουντά-

390 2790 549 2842 φαρα
576 2772 689 2844 (57)
736 2770 997 2843 φρούριον
1030 2772 1383 2827 ἀνασωθέντα
1412 2771 1791 2843 ἐπολιόρκουν.
1812 2772 1970 2824 Ἐπεὶ

387 2866 447 2919 δὲ
477 2864 733 2937 βασιλεὺς
759 2862 1096 2935 ’Δνάζαρδον
1123 2864 1224 2936 ήδη
1253 2864 1754 2936 παραστησάμενος
1783 2862 1877 2915 ἐπὶ
1906 2863 1968 2916 τὸ

396 2956 550 3010 haud
598 2954 797 3027 ἐχώρει
831 2953 1238 3026 κρησφύγετον,
1296 2953 1360 3025 [Ρ
1392 2951 1482 3024 10]
1524 2951 1800 3012 δείσαντες
1841 2951 1972 3022 περὶ

396 3050 461 3117 τῇ
500 3047 773 3117 Ἀντιόχου
822 3046 1031 3118 σπουδῇ
1071 3045 1169 3100 καὶ
1201 3046 1370 3101 πάλιν
1413 3044 1502 3099 ἐπ’
1528 3043 1748 3113 ἐκείνην
1774 3041 1967 3113 ᾔεσαν.

408 3138 499 3193 Ἑν
534 3138 711 3210 τούτῳ
744 3139 802 3193 δὲ
832 3140 927 3193 καὶ
958 3140 987 3192 ὁ
1029 3137 1320 3209 Ῥωμαίων
1380 3139 1615 3208 στρατὸς
1662 3134 1762 3204 τὴν
1815 3134 1973 3187 Βακᾶ

396 3230 770 3302 ὑπερθέμενος
796 3229 1118 3302 πολιορκίαν
1156 3228 1291 3301 περὶ
1326 3227 1574 3298 ποταμὸν
1596 3225 1653 3290 ὃς
1678 3226 1780 3296 τὴν
1813 3224 1972 3281 πόλιν

2076 2125 2419 2182 Raimundus
2445 2127 2651 2182 interea
2676 2137 2731 2183 et
2757 2127 3077 2197 Balduinus,
3102 2133 3195 2201 qni
3234 2148 3297 2189 ea
3324 2143 3649 2208 tempestate

2078 2217 2326 2272 Μαι-θεῖαι
2380 2228 2642 2286 praeerat,
2681 2234 2802 2274 cum
2855 2222 3092 2276 nondum
3146 2240 3385 2294 praesens
3435 2230 3652 2287 adesset

2078 2308 2394 2373 discrimen,
2440 2324 2561 2362 cum
2596 2311 2838 2366 exercitu
2881 2328 3114 2382 propero
3169 2316 3368 2372 itinere
3393 2319 3446 2374 in
3478 2320 3649 2378 Palae-

2074 2396 2272 2452 stinam
2307 2398 2667 2465 contendunt,
2693 2416 2804 2472 quo
2834 2404 2968 2472 regi,
3000 2406 3091 2474 qui
3141 2407 3265 2463 istic
3301 2411 3651 2478 periclitaba-

2079 2500 2185 2557 tur,
2235 2489 2612 2547 subvenirent.
2664 2492 2817 2548 llunc
2851 2495 2997 2550 enim
3025 2498 3309 2556 Sarraceui
3346 2501 3652 2562 Palaestinis

2077 2581 2450 2645 contermini,
2511 2582 2709 2653 prtelio.
2753 2584 2883 2641 facti
2935 2592 3249 2659 superiores
3310 2595 3363 2648 in
3424 2598 3651 2654 castello

2074 2673 2533 2741 Montisl‘errandi,
2566 2690 2674 2746 quo
2726 2691 2787 2733 se
2821 2677 2944 2749 fuga
2993 2682 3322 2752 centulerat,
3367 2704 3650 2760 oppugna-

2076 2765 2229 2820 bant.
2262 2765 2567 2835 imperator
2596 2768 2886 2823 Anazarbo
2917 2771 3126 2840 potitus
3161 2773 3228 2826 ad
3272 2786 3512 2830 castrum
3543 2778 3651 2833 Ba-

2074 2870 2195 2911 cam
2230 2858 2606 2927 progreditur,
2644 2863 2800 2930 cujus
2853 2863 3174 2931 praesidiarii
3223 2866 3426 2922 milites
3459 2869 3652 2925 Antio-

2075 2947 2216 3003 chia:
2264 2958 2589 3015 metuentes,
2643 2964 2710 3007 eo
2742 2966 2802 3007 se
2842 2952 3020 3009 denuo
3056 2967 3403 3027 receperunt.
3439 2960 3650 3017 Roma-

2075 3054 2269 3095 norum
2297 3040 2505 3096 interea
2529 3042 2825 3109 exercitus,
2851 3046 3148 3116 postposita
3183 3046 3337 3104 Baete
3367 3052 3652 3110 obsidione

2074 3134 2140 3188 ad
2170 3132 2372 3187 ﬂumen
2399 3135 2543 3203 quod
2577 3135 2766 3190 urbem
2802 3136 3070 3203 allambit,
3101 3152 3279 3197 castra
3324 3142 3489 3201 locat.
3537 3147 3652 3201 An-

2076 3224 2316 3279 tiocheni
2358 3226 2533 3294 primo
2581 3227 2800 3296 quidem
2853 3244 3157 3299 apparuere
3194 3233 3474 3305 intrepidi,
3526 3254 3648 3293 mu-

392 3327 581 3388 αύτοῖς
641 3325 920 3395 παραρρεῖ
959 3324 1050 3377 τὸν
1104 3322 1329 3395 χάρακα
1378 3320 1641 3392 ἐπήξατο.
1672 3319 1972 3389 Ἀντιοχεῖς

2077 3331 2263 3373 rorum
2299 3317 2475 3373 robori
2509 3320 2831 3389 caeterisque
2855 3322 3047 3377 conﬁsi
3083 3326 3476 3383 munimentis:
3505 3329 3651 3385 unde

390 3416 449 3469 δὲ
486 3417 546 3468 τι
582 3415 681 3486 μὲν
707 3415 927 3487 πρῶτον
950 3416 1203 3487 ἄτρεστοι
1227 3409 1373 3486 ἦσαν
1405 3413 1636 3483 τειχέων
1663 3429 1723 3465 τε
1772 3427 1972 3483 καρτε-

2076 3421 2355 3484 protracta
2387 3412 2438 3466 in
2486 3410 2706 3483 longum
2739 3421 2957 3483 tempus
3004 3417 3312 3483 obsidione,
3351 3420 3479 3474 dum
3525 3423 3651 3493 qui-

398 3510 586 3581 ρὸτητι
634 3509 731 3562 καὶ
787 3511 854 3581 τῇ
884 3509 1019 3581 ἄλλῃ
1071 3508 1345 3580 ἀσφαλείᾳ
1394 3508 1771 3569 πιστεύοντες.
1806 3504 1971 3558 Ὅθεν

2077 3503 2197 3559 dam
2230 3518 2293 3557 ex
2326 3503 2570 3561 numeris
2602 3503 2950 3573 militaribus,
2974 3517 3033 3562 ut
3060 3508 3176 3565 ﬁeri
3204 3512 3345 3567 solet
3375 3512 3427 3568 in
3460 3529 3653 3572 nume-

395 3602 496 3655 καὶ
537 3601 725 3671 ἐπειδή
767 3611 902 3653 ποτε
931 3602 1028 3673 τῆς
1058 3600 1379 3671 πολιορκίας
1427 3601 1513 3668 ἐφ’
1548 3598 1735 3653 ἱκανὸν
1777 3612 1968 3667 παρα-

392 3697 712 3765 τεινομένης
747 3694 857 3748 τῶν
880 3695 945 3748 ἐκ
978 3692 1283 3759 καταλόγου
1311 3690 1480 3757 τινὲς,
1504 3691 1665 3744 ὁποῖα
1697 3690 1757 3742 ἐν
1788 3685 1971 3756 πολλῷ

394 3786 772 3863 στρατεύματι
817 3785 1067 3855 γίνεσθαι
1089 3784 1303 3845 εἴωθεν,
1348 3785 1404 3846 ἐς
1431 3783 1559 3845 τοὺς
1594 3781 1702 3852 πρὸ
1734 3781 1833 3851 τῆς
1865 3779 1968 3833 πό-

392 3887 535 3947 λεως
584 3878 951 3951 ἐκδραμόντες
984 3879 1196 3947 κήπους
1228 3874 1523 3945 ἐδρέποντο
1564 3872 1675 3927 τῶν
1716 3870 1971 3942 ὀπωρῶν,

392 3977 653 4045 αἱφνίδιοι
687 3970 810 4028 κατ’
832 3968 1016 4027 αὐτῶν
1047 3967 1415 4028 ἐπελάσαντες
1439 3964 1668 4028 πολλοὺς
1697 3963 1970 4017 ἔκτειναν.

395 4067 814 4137 Συναισθήσεως
867 4066 924 4119 δὲ
981 4059 1287 4134 γενομένης
1356 4057 1451 4111 καὶ
1509 4055 1619 4110 τῶν
1677 4051 1975 4123 Ῥωμαίων

396 4158 750 4232 στρατιωτῶν
778 4158 981 4227 σπουδῇ
1016 4149 1451 4226 βεϐοηθηκότων,
1484 4149 1602 4213 ταῖς
1633 4144 1834 4211 πύλαις
1858 4142 1974 4199 ἐνέ-

395 4268 565 4307 πεσον
598 4251 894 4320 φεύγοντες
924 4248 1157 4310 πολλοὺς
1183 4248 1293 4299 τῶν
1334 4244 1615 4314 σφετέρων
1650 4244 1710 4296 ἐν
1738 4240 1817 4312 τῷ
1842 4239 1974 4309 φεύο

395 4362 516 4413 γειν
573 4342 963 4405 ἀποϐαλόντες.
1006 4339 1165 4395 Ἐπεὶ
1221 4340 1278 4392 δὲ
1322 4338 1584 4408 Ῥωμαῖοι
1613 4334 1973 4405 τειχομαχίας

394 4437 499 4506 ήδη
551 4435 808 4503 ἣπτοντο,
857 4434 938 4496 είς
973 4431 1180 4501 πολλὴν
1228 4447 1350 4483 τινα
1390 4428 1651 4481 ἐνέπεσον
1676 4425 1971 4498 ὀρρωδίαν.

400 4528 566 4582 Ὅθεν
588 4526 685 4580 καὶ
710 4525 878 4596 συχνὰ
902 4525 997 4578 ἐπὶ
1025 4522 1254 4595 βασιλέα
1291 4520 1641 4592 Ῥαῖμοῦνδος
1667 4519 1826 4584 ἐξιὼν
1850 4517 1978 4589 θερ-

401 4622 519 4693 μῶς
544 4621 793 4688 ἐλιπάρει
823 4618 922 4688 τὴν
958 4618 1114 4671 πόλιν
1142 4615 1291 4686 αύτῷ
1326 4613 1655 4686 παραδιδοὺς
1688 4614 1776 4682 ἐφ’
1803 4605 1848 4682 ᾧ
1877 4612 1977 4682 βα-

2076 3610 2204 3652 roso
2226 3598 2487 3658 exercitu,
2523 3598 2576 3652 in
2616 3598 2790 3653 vicina
2822 3605 2878 3654 et
2906 3600 3025 3656 urbi
3059 3603 3365 3673 adjacentia
3400 3622 3653 3677 prorum-

2076 3702 2211 3765 punt
2245 3696 2484 3763 pomaria
2516 3697 2924 3767 decerpuntque
2951 3696 3188 3767 fructus,
3228 3701 3523 3773 improviso
3558 3721 3652 3761 eos

2077 3788 2275 3852 adorti,
2314 3788 2623 3858 complures
2654 3790 2995 3845 ceciderunt.
3030 3791 3233 3848 Verum
3285 3810 3347 3850 re
3397 3807 3651 3869 percepta

2078 3879 2448 3950 Romanisque
2482 3881 2744 3938 militibus
2795 3882 2923 3940 aliis
2967 3884 3438 3956 subvenientibus,
3468 3901 3654 3959 portas

2078 3973 2430 4028 tumultuario
2493 3980 2786 4043 repetunt,
2857 3976 3042 4031 multis
3118 3993 3340 4034 suorum
3409 3980 3463 4036 in
3530 3983 3653 4054 fuga

2078 4067 2317 4122 amissis.
2351 4068 2421 4122 At
2450 4066 2866 4123 instituentibus
2890 4070 3351 4140 oppugnationem
3388 4071 3654 4130 Romanis

2080 4160 2132 4215 in
2164 4173 2415 4232 magnam
2452 4158 2865 4230 trepidationem
2899 4173 3118 4227 venere,
3145 4160 3281 4217 adeo
3308 4172 3367 4216 ut
3404 4162 3510 4234 19
3534 4164 3654 4220 ltai-

2081 4254 2311 4307 mundus
2343 4252 2410 4306 ad
2459 4251 2843 4322 imperatorem
2885 4250 3174 4305 accederet
3222 4253 3468 4307 crebrius
3517 4270 3652 4326 sup-

2079 4345 2310 4415 plexque
2349 4343 2755 4413 deprecaretur,
2790 4341 2980 4396 urbem
3016 4342 3283 4413 acciperet
3320 4343 3423 4400 hac
3465 4348 3658 4401 condio

2084 4437 2252 4499 tione,
2284 4443 2343 4488 ut
2373 4436 2669 4501 imperator
2699 4433 2917 4503 quidem
2946 4432 3090 4487 illius
3126 4442 3277 4488 esset
3320 4435 3575 4492 dominus
3601 4447 3660 4492 et

2083 4526 2378 4592 diceretur,
2415 4526 2529 4594 ipse
2568 4532 2750 4579 autem
2778 4522 2903 4590 jure
2955 4524 3103 4579 illam
3152 4536 3365 4595 regeret
3403 4528 3655 4587 vicario:

2082 4620 2176 4674 sed
2209 4619 2342 4674 nihil
2373 4619 2564 4674 horum
2595 4619 2882 4688 impetrato
2905 4633 2964 4673 re
2992 4617 3194 4674 infecta
3219 4620 3288 4675 ad
3322 4635 3450 4676 suos
3477 4623 3656 4677 rediit.

398 4713 557 4766 σιλέα
583 4713 683 4783 μὲν
711 4711 901 4781 κύριον
938 4705 1080 4763 εἶναι
1117 4710 1214 4762 καὶ
1240 4706 1521 4775 λέγεσθαι,
1555 4710 1647 4760 τὸν
1686 4706 1745 4759 δέ
1777 4704 1972 4776 δικαίῳ

2084 4710 2275 4766 Paucis
2309 4716 2492 4778 postea
2533 4707 2828 4778 interjectis
2862 4708 3069 4773 diebus,
3100 4709 3274 4766 relato
3327 4710 3397 4765 ad
3452 4710 3657 4767 Roma-

395 4805 476 4874 τῷ
509 4803 570 4869 ἐξ
600 4802 765 4857 αὑτοῦ
804 4803 1006 4872 ταύτης
1033 4798 1439 4871 ἐπιτροπεύειν.
1474 4796 1895 4868 Ἀποτυγχάνων
1917 4797 1975 4850 δέ

398 4891 476 4951 ὦν
527 4894 696 4948 ἐδεῖτο
730 4893 1013 4964 ἄπρακτος
1044 4890 1406 4962 ἀνεκομίζετο
1433 4907 1445 4919 ·
1491 4890 1729 4962 ἡμέραις
1777 4889 1835 4943 δέ
1864 4889 1976 4944 ὀλί-

398 5004 531 5056 γαις
580 4985 809 5059 ὕστερον
856 4986 957 5054 τῆς
1019 4982 1312 5054 Ῥωμαίων
1356 4982 1554 5053 βουλῆς
1610 4983 1738 5053 περὶ
1779 4981 1972 5035 τούτου

395 5079 807 5152 ψηφισαμένης,
862 5078 1023 5143 αὑτός
1065 5094 1125 5130 τε
1173 5076 1510 5147 προσεδὲχθη
1560 5076 1645 5144 ἐφ’
1692 5071 1772 5138 οἷς
1822 5074 1974 5144 εῖρη-

2088 4814 2284 4855 norum
2340 4797 2631 4853 consilium
2678 4798 2917 4868 negotio,
2956 4796 3300 4856 Raimundus
3335 4801 3500 4870 petita
3540 4811 3665 4856 tan-

2086 4894 2207 4947 dem
2238 4890 2496 4947 obtinuit.
2525 4890 2843 4962 Exindeque
2865 4889 3091 4961 reliqua
3135 4892 3455 4950 Latinorum
3489 4894 3664 4967 copiae

2085 4987 2141 5041 in
2177 4995 2361 5057 partes
2411 4984 2746 5039 transierunt
2796 4983 3168 5054 imperatoris,
3198 4995 3363 5055 atque
3391 4987 3527 5041 adeo
3558 4987 3659 5055 ipsi

2084 5076 2175 5146 qui
2207 5075 2429 5131 Fratres
2472 5074 2542 5129 ab
2574 5074 2641 5130 iis
2679 5080 2967 5142 vocantur,
2998 5081 3054 5129 et
3084 5074 3177 5144 qui
3229 5076 3483 5146 regiones
3527 5077 3659 5129 istas

1766 5218 1866 5280 Du
1901 5214 2119 5296 Cangii
2146 5220 2335 5278 notas.

472 5348 586 5419 (35)
620 5348 936 5419 "Jb-00m.
970 5345 1141 5401 Nicet.
1182 5348 1235 5401 in
1262 5346 1420 5419 Joan.
1461 5363 1514 5401 ιι.
1592 5365 1608 5419 ;
1641 5342 1977 5419 ⁸Παραπετὰ-

400 5415 587 5488 σματα
616 5419 710 5470 καὶ
739 5418 1103 5488 ἱμαντώματα
1132 5418 1462 5488 ἐκ-πηλίνων
1500 5415 1766 5488 πλίνθων.

472 5488 586 5559 (56)
617 5486 1008 5559 Βαέδουῖνος.
1053 5486 1466 5559 QuLthlelmo
1498 5487 1661 5556 Tyrio
1711 5486 1746 5539 Ι.
1778 5498 1889 5559 3w,
1917 5498 1966 5539 c.

400 5555 680 5621 H‘et'lﬁ,
704 5556 1004 5609 Balduinua
1040 5558 1104 5607 de
1133 5556 1307 5611 Mares
1353 5555 1716 5624 nunCupatnr,
1751 5555 1844 5618 vir,
1872 5557 1970 5624 in-

400 5632 520 5700 quit
558 5628 665 5689 ille,
704 5628 893 5700 nobiiis
922 5638 968 5678 et
1004 5628 1299 5700 potens._V.
1342 5626 1482 5682 infra
1510 5623 1562 5695 p.
1596 5624 1722 5681 9.54.
1757 5624 1831 5677 De
1858 5623 1972 5677 Ma-

401 5697 547 5754 iasia
583 5701 691 5752 dixi
721 5700 786 5750 ad
818 5697 1033 5751 Annam
1060 5712 1111 5763 p.
1138 5697 1263 5751 554.

474 5768 587 5839 (⁸57)
605 5767 1044 5836 Μουντάςεαρα.·
1064 5762 1371 5821 Praesidium
1394 5768 1445 5821 in
1471 5767 1725 5823 comitatu
1742 5762 1975 5834 Tripoli-

610 5864 889 5926 Ρηιιοι.
927 5864 1047 5924 (in.
1078 5862 1425 5924 CXXXIII.

2089 5353 2241 5407 lano,
2275 5341 2360 5397 cui
2399 5353 2592 5394 nomen
2613 5338 2767 5394 Mons
2800 5337 3134 5403 Ferrandus,
3169 5332 3512 5407 aitTyrittsl.
3548 5348 3660 5395 τιν,

2086 5427 2136 5467 c.
2174 5403 2306 5467 6'25
2346 5418 2399 5465 et
2446 5408 2540 5473 26,
2592 5409 2684 5462 ubi
2736 5424 2855 5461 eam
2899 5423 3008 5460 rem
3067 5403 3322 5461 enarrat.
3366 5403 3665 5473 Cinnamus

2087 5482 2361 5551 expressit
2385 5472 2649 5551 Gallicum
2712 5477 3087 5547 Montferraut.
3120 5475 3424 5551 Brocardus
3472 5472 3524 5551 in
3567 5472 3661 5551 lic-

2084 5543 2274 5621 script.
2321 5549 2504 5604 Terra
2530 5546 2777 5621 ASanctte
2808 5543 3044 5621 quatuor
3078 5548 3152 5621 ab
3197 5543 3663 5621 5cmnen5i_civi-

2084 5612 2469 5676 tate'dissilum
2530 5618 2697 5673 leucis
2759 5612 2943 5671 refert.
3009 5617 3159 5669 Adde
3195 5614 3487 5677 Sanutnm,
3516 5612 3549 5664 ι.
3585 5627 3667 5675 ιιι,

2086 5702 2226 5759 part.
2261 5691 2314 5753 6,
2372 5706 2421 5743 ρ.
2456 5687 2553 5759 15ί
2581 5698 2635 5743 el
2672 5688 2763 5752 16,
2798 5698 2849 5743 el
2905 5686 3152 5741 Vinceut.
3209 5684 3426 5738 Bclvat‘.
3470 5686 3505 5737 I.
3537 5697 3665 5735 sul

2089 5758 2252 5831 Spec.
2284 5761 2424 5816 llist.
2460 5758 2581 5812 144.

3168 5846 3232 5909 11
