4096 6394
435 332 539 395 335
1717 328 2041 391 JOANNIS
2080 331 2412 392 CINNAMI
3584 326 3692 389 336

425 449 647 512 eﬂ‘usus,
703 447 910 515 praedas
958 441 1081 498 inde
1137 441 1362 498 abstulit
1391 441 1636 512 ingentes
1685 445 2002 512 turbamque

2119 446 2276 516 μένην
2313 445 2538 518 Περσῶν
2569 444 2856 508 εἰσελάσας
2893 444 3097 516 χώραν,
3136 444 3286 498 λείαν
3324 444 3532 498 ἐκεῖθεν
3571 446 3695 497 πολ-

427 554 532 593 non
596 538 864 592 modicam
903 535 1208 600 hominum,
1260 534 1350 603 qui
1399 534 1492 588 diu
1552 535 1652 588 sub
1707 533 2002 588 Persarum

2119 538 2202 608 ’.ὴν
2227 537 2416 609 ῆλασε,
2447 538 2540 590 καὶ
2571 537 2880 608 ἀνθρώπων
2905 537 3093 606 ὅμιλον
3126 536 3345 608 μακροῦ
3373 536 3465 588 τοῦ
3497 537 3696 606 χρόνου

424 632 552 699 jngo
598 627 941 692 servierant,
984 625 1249 680 Romanis
1279 625 1536 680 asseruit.
1569 624 1628 679 In
1660 625 2004 693 expeditione

2119 631 2342 699 Πέρσαις
2361 629 2680 684 δουλεύοντα
2698 633 2763 701 τῇ
2781 631 3068 699 Ῥωμαίων
3088 632 3391 684 ἀπέδωκεν.
3412 630 3499 682 Ἐν
3520 629 3698 700 ταύτῃ

429 722 538 782 illa,
570 735 694 774 eum
741 717 920 774 adlmc
963 717 1174 772 scilicet
1207 716 1353 772 circa
1384 715 1797 771 Neocaesaream
1826 725 2003 771 castra

427 813 674 875 haberet,
697 810 898 864 accidit
924 809 1097 864 relatu
1129 823 1216 865 res
1252 809 1413 879 digna
1439 809 1666 878 perinde
1695 823 1758 862 ae
1790 810 2000 862 auditu.

425 905 562 956 Cum
593 902 738 958 enim
775 901 1052 957 Romanos
1099 901 1245 956 inter
1273 910 1329 955 et
1374 900 1573 955 Persas
1602 900 1854 956 conﬂictu
1904 901 2002 954 ba-

430 996 562 1057 bito,
612 993 923 1062 superiores
971 990 1113 1048 forte
1166 992 1475 1047 evasissent
1526 991 1728 1054 Persae,
1765 989 2002 1058 Manuel,

427 1087 518 1156 qui
569 1096 628 1140 ut
662 1101 767 1140 non
821 1085 992 1141 semel
1027 1086 1210 1140 monui
1257 1085 1554 1140 liberorum
1588 1083 1816 1140 Joannis
1845 1085 2007 1139 mini-

429 1193 549 1232 mus
579 1188 719 1239 erat,
755 1177 870 1231 haec
897 1177 1210 1243 advertens,
1253 1185 1408 1246 patre
1436 1177 1630 1242 inscio,
1660 1191 1783 1231 cum
1816 1176 1884 1231 iis
1912 1175 2004 1246 qui

429 1277 546 1323 tum
589 1268 689 1324 sibi
742 1271 1013 1334 aderant,
1049 1269 1104 1324 iu
1160 1269 1370 1324 medios
1400 1282 1524 1324 sese
1558 1269 1745 1324 hostes
1775 1268 1958 1323 intulit
1989 1285 2002 1323 :

429 1365 630 1431 quibus
655 1360 887 1416 validius
919 1360 1173 1432 repulsis,
1193 1359 1566 1416 Romanorum
1593 1361 1860 1416 demissos
1881 1371 2009 1417 ante

434 1453 648 1507 animos
707 1451 1002 1521 plurimum
1059 1452 1256 1507 erexit.
1313 1451 1370 1506 ld
1429 1451 1643 1507 facinus
1691 1467 1834 1522 aegre
1885 1451 2005 1507 tulit

435 1560 656 1614 parcns,
690 1560 787 1598 nec
819 1544 915 1598 lilii
960 1544 1208 1614 probavit
1237 1545 1522 1599 audaciam
1557 1562 1571 1599 :
1603 1545 1707 1600 etsi
1751 1559 1863 1599 rem
1907 1545 2010 1600 mi-

434 1637 608 1690 raculi
650 1637 821 1690 instar
861 1651 986 1692 esse
1017 1651 1204 1692 secum
1256 1636 1444 1692 animo
1475 1645 1776 1704 reputaret,
1823 1637 2008 1692 adole-

434 1739 676 1786 scentem
721 1729 1095 1800 duodeviginti
1127 1744 1300 1785 annos
1337 1730 1425 1784 vix
1457 1739 1642 1785 natum
1675 1738 1829 1784 tanta
1866 1731 2007 1785 lidu-

431 1823 516 1875 cia
545 1821 906 1892 praesentibus
932 1835 1054 1878 sese
1095 1820 1367 1888 objecisse
1399 1823 1677 1892 periculis,
1711 1823 1999 1894 palamque

431 1913 708 1968 exercitus
740 1921 1073 1968 servatorem
1098 1911 1205 1980 22
1229 1912 1592 1981 proliteretur.
1623 1912 1697 1968 lta
1723 1929 1828 1970 non
1856 1928 2004 1969 sem-

433 2020 528 2072 per
560 2005 731 2060 virtus
759 2005 1021 2059 aitatihus
1055 2006 1546 2062 circumscribitur.
1581 2008 1659 2062 Ex
1691 2022 1756 2063 eo
1793 2007 2002 2078 praelio,

433 2097 565 2150 nihil
597 2096 712 2152 fere
746 2098 1011 2168 equitatui
1041 2095 1288 2153 Romano
1319 2099 1540 2154 accidit.

2102 723 2166 794 δὴ
2193 726 2257 793 τῇ
2287 723 2646 794 ἐκστρατείᾳ,
2673 722 2818 789 λέγω
2843 723 2899 774 δὲ
2927 724 3164 792 ὁπηνίκα
3193 723 3272 774 ἐτι
3305 723 3363 774 ai
3393 723 3518 784 νέας
3551 723 3696 774 Και-

2105 819 2328 892 σαρείας
2359 819 2616 882 ἐπαύλεις
2643 815 2788 890 εἶχον
2814 819 3000 886 αὑτὸν,
3031 817 3296 884 ξυνέπεσέ
3324 833 3377 868 τι
3407 815 3566 883 λόγου
3598 818 3696 868 καὶ

2103 912 2277 981 ἀκοῆς
2320 911 2491 976 ἄξιον.
2529 911 2745 983 Ἐπειδή
2791 928 2946 977 ποτε,
2989 911 3263 981 ξυμϐολῆς
3314 907 3519 976 μεταξὺ
3558 908 3696 958 Ῥω-

2109 1002 2285 1072 μαίων
2323 1004 2417 1056 καὶ
2455 1003 2686 1074 Περσῶν
2723 1003 3004 1073 καρτερᾶς
3045 1000 3368 1070 γενομένης,
3406 998 3546 1070 τύχῃ
3586 995 3698 1050 τινὶ

2103 1091 2174 1144 τὰ
2206 1093 2433 1163 Περσῶν
2464 1091 2860 1162 καθυπέρτερα
2886 1087 3050 1162 ἦσαν,
3084 1089 3152 1144 τὰ
3184 1089 3544 1161 πρασσόμενα
3576 1088 3698 1140 Μα-

2106 1184 2270 1254 νουὴλ
2301 1183 2555 1246 κατιδὼν,
2583 1183 2642 1245 ὃς
2673 1181 2924 1248 ὕστατος,
2949 1181 3023 1244 ὥς
3057 1164 3147 1252 μοι
3179 1181 3440 1243 πολλάκις
3470 1180 3695 1251 ἐρρέθη,

2107 1275 2316 1329 παίδων
2363 1273 2574 1344 βασιλεῖ
2611 1274 2831 1344 ἐγένετο
2859 1275 3114 1345 Ἰωάννῃ,
3157 1272 3252 1326 τοῦ
3292 1271 3502 1343 πατρὸς
3542 1270 3698 1324 οὐδὲν

2107 1366 2616 1438 αὐτῷ-ξυνειδότος,
2651 1366 2709 1428 ἐς
2741 1364 2940 1436 μέσους
2972 1366 3068 1418 σὺν
3097 1367 3210 1427 τοῖς
3242 1362 3382 1433 ἀμφ’
3403 1363 3567 1414 αὑτὸν
3596 1363 3696 1430 ἐμ-

2109 1461 2298 1515 πίπτει
2331 1460 2459 1522 τοὺς
2495 1457 2826 1529 πολεμίους·
2864 1461 2961 1510 καὶ
2999 1457 3198 1521 αὐτοὺς
3236 1455 3694 1527 μὲνςάπεὼσατο,

2108 1554 2170 1608 τὸ
2222 1553 2279 1606 δὲ
2329 1551 2438 1605 τῶν
2479 1550 2765 1622 Ῥωμαίων
2820 1549 3170 1620 στρατιωτῶν
3223 1549 3324 1620 ήδη
3380 1545 3697 1608 ἐκλελοιπὸς

2110 1648 2388 1718 ἀνέρρωσε
2422 1644 2700 1715 φρόνημα.
2746 1643 2864 1712 Ἐφ’
2892 1637 2974 1705 οἷς
3007 1642 3362 1712 ἐδυσχέραινε
3401 1640 3500 1710 μὲν
3535 1639 3698 1690 ὁποῖα

2112 1738 2260 1802 εἰκὸς
2303 1737 2333 1790 δ
2379 1735 2563 1806 πατὴρ
2605 1735 2699 1789 καὶ
2743 1735 2802 1787 ἐν
2846 1733 3005 1804 δεινῷ
3045 1735 3144 1803 τὴν
3184 1731 3393 1802 τόλμαν
3437 1730 3694 1792 ἐποιεῖτο,

2114 1831 2301 1903 Θαῦμα
2323 1829 2379 1885 δὲ
2405 1828 2567 1882 αὐτὸν
2591 1825 2739 1880 ἔνδον
2764 1828 2947 1897 ἐπεῖχε
2977 1825 3072 1879 καὶ
3100 1823 3478 1893 ἐξεπέπληκτο
3509 1837 3700 1890 μονονο

2111 1918 2264 1988 ουχί,
2309 1918 2358 1970 εί
2404 1914 2780 1970 ὀκτωκαίδεκα
2825 1914 2980 1967 οὔπω
3027 1912 3269 1982 γεγονὼς
3317 1912 3411 1982 ἐτη
3455 1909 3699 1980 τηλίκοις

2112 2011 2304 2066 ἑαυτὸν
2330 2007 2702 2078 παραϐάλλειν
2733 2007 3001 2070 κινδύνοις
3029 2007 3229 2076 τολμᾷ,
3264 2004 3467 2076 ρὐτην
3499 2019 3556 2054 τε
3592 1998 3698 2054 αὖ·

2111 2105 2200 2158 τὸν
2231 2102 2466 2173 δημοσίᾳ
2501 2100 2594 2153 τοῦ
2631 2099 2921 2167 Ῥωμαίων
2957 2099 3225 2151 ἀπεκάλει
3267 2094 3330 2168 [Ρ
3379 2092 3469 2166 1⁸2]
3528 2110 3698 2165 στρα-

428 2209 546 2264 τοῦ.
581 2210 766 2274 Οὕτως
795 2211 896 2264 οὐκ
924 2206 1034 2266 οἶδε
1063 2211 1413 2267 παντάπασιν
1469 2213 1710 2284 ἡλικίαις
1776 2217 1948 2291 ἀρετὴ
2017 2216 2478 2294 περιγράφεσθαι.
2550 2215 2646 2268 Ἐκ
2686 2214 2876 2268 τούτου
2918 2215 2974 2268 δὲ
3017 2214 3255 2284 πολέμου
3302 2211 3488 2283 σχεδον
3530 2211 3686 2266 οὐδὲν

443 2302 732 2372 Ῥωμαίων
763 2301 848 2371 ἐφ’
870 2303 1022 2373 ῐππῳ
1051 2303 1328 2357 ἐπανιόντι
1359 2303 1640 2368 ξυνέπεσε.

506 2395 594 2450 l0.
627 2395 722 2450 llis
761 2396 829 2452 ad
863 2393 1268 2452 Neocaesaream
1311 2401 1500 2468 gestis,
1544 2403 1857 2471 imperator,
1889 2418 2011 2456 enm

436 2483 744 2554 Suzopolttn
794 2500 823 2538 a
877 2481 1060 2541 Persis
1097 2487 1293 2540 iterum
1345 2489 1644 2560 oppugnari
1694 2493 2016 2561 accepisset,

438 2591 671 2646 propero
729 2575 854 2632 illuc
905 2578 1119 2646 agmine
1166 2581 1463 2634 contendit.
1515 2581 1621 2636 εει]
1679 2599 1800 2636 cum
1841 2585 2018 2638 nnllns

437 2668 652 2723 adesset
709 2667 881 2723 hostis
933 2667 1071 2739 (jam
1133 2669 1278 2722 enim
1352 2671 1584 2726 adventu
1651 2672 2015 2729 Romanorum

439 2765 690 2826 percepto
738 2758 864 2810 inde
919 2760 1289 2828 excesserat),
1351 2760 1535 2830 copias
1596 2763 1661 2816 ad
1718 2763 2011 2833 Pasgusam

439 2847 686 2916 paludem
736 2847 1010 2914 traduxit,
1062 2863 1185 2919 quae
1237 2849 1567 2920 longitudine
1616 2861 1672 2907 et
1728 2855 2012 2909 latitudine

440 2958 603 3013 supra
649 2957 810 3012 quam
839 2943 945 2998 dici
983 2953 1159 3014 potest
1193 2946 1558 3014 protenditur,
1591 2948 1734 3003 circa
1775 2948 2008 3004 medium

446 3033 665 3101 paribus
709 3032 879 3088 ferme
914 3032 1214 3089 intervallis
1239 3036 1602 3091 eminentibus
1652 3053 1814 3108 satira
1846 3055 2016 3109 aquas

443 3124 639 3179 insulis
669 3125 1028 3192 interstincta,
1066 3126 1118 3180 in
1172 3127 1368 3195 quibus
1417 3130 1717 3198 antiquitus
1743 3142 2015 3185 exstructa

441 3228 570 3272 sunt
611 3217 782 3272 valida
822 3217 1064 3281 castella,
1123 3217 1224 3285 Qui
1277 3234 1370 3274 eas
1420 3221 1721 3276 inhabitant
1771 3222 2019 3276 liOmint's

443 3309 801 3364 munitionum
851 3308 970 3364 loco
1003 3309 1159 3379 aquis
1187 3319 1429 3378 utuntur,
1486 3314 1752 3384 facileque
1777 3314 1880 3368 illis
1906 3313 2020 3369 ico-

443 3402 592 3455 niutn
641 3401 982 3458 venientibus
1027 3401 1214 3458 eadem
1266 3405 1355 3460 die
1396 3406 1612 3459 domum
1655 3405 1852 3461 redire.
1908 3403 2022 3460 Hac

445 3494 679 3548 maxime
704 3495 771 3547 de
811 3507 974 3548 causa
1010 3495 1380 3549 necessarium
1411 3495 1564 3550 duxit
1606 3497 1901 3566 imperator
1929 3511 2020 3566 pa-

445 3587 625 3640 ludem
675 3601 986 3656 expugnare
1029 3598 1240 3657 :quam
1287 3603 1408 3642 cum
1459 3587 1598 3642 ultro
1629 3605 1732 3642 non
1765 3589 2024 3642 dederent

449 3677 698 3742 Romani,
734 3689 793 3730 ut
823 3678 916 3747 qui
949 3677 1063 3747 jam
1092 3677 1218 3732 olim
1260 3675 1438 3734 Persis
1471 3679 1719 3748 permisti
1742 3693 1933 3734 eorum
1965 3688 2024 3732 ut

446 3769 734 3838 plurimum
770 3784 947 3825 mores
977 3771 1267 3841 amplexati
1321 3781 1499 3838 erant,
1555 3771 1608 3826 id
1657 3771 1874 3826 tandem
1925 3786 2022 3826 ex-

446 3859 724 3929 cogitavit.
757 3858 976 3915 Lembis
1017 3870 1074 3916 et
1105 3861 1364 3916 actuariis
1405 3859 1606 3916 coactis
1631 3859 2019 3930 compluribus,

448 3953 622 4020 iisque
671 3952 835 4022 lignis
883 3952 1116 4022 desuper
1150 3953 1379 4007 invicem
1407 3952 1687 4016 connexis,
1742 3951 2023 4006 machinas

446 4043 676 4112 imponit
721 4057 784 4098 ac
835 4053 982 4097 recta
1036 4043 1102 4097 ad
1150 4042 1375 4098 castella
1412 4043 1774 4112 progreditur.
1810 4041 2022 4111 Agitata

449 4149 563 4190 tum
602 4136 776 4190 ventis
827 4135 1322 4189 vehementioribus
1351 4133 1564 4206 palude,
1594 4150 1698 4190 non
1735 4134 1891 4202 pauci
1916 4134 2025 4204 in-

445 4228 644 4282 teriere
679 4226 939 4282 ltomanis
995 4241 1061 4281 ex
1091 4225 1401 4281 militibus:
1449 4225 1694 4291 tandem,
1753 4239 1853 4280 nec
1907 4225 2023 4281 sine

2189 2405 2240 2452 t'.
2283 2397 2365 2451 Τὰ
2400 2396 2497 2468 μὲν
2526 2395 2590 2466 δὴ
2619 2397 2744 2458 νέας
2776 2392 3118 2464 Καισαρείας
3151 2391 3386 2447 ἐνταῦθα
3421 2394 3708 2449 ἐτελεύταο

2118 2491 2380 2552 Βασιλεὺς
2410 2491 2468 2542 δὲ
2490 2531 2504 2554 ,
2538 2489 2754 2558 Πέρσας
2785 2488 2842 2549 ἐς
2874 2486 3028 2549 αὖθις
3059 2486 3368 2550 Σωςὸπολιν
3401 2487 3704 2556 πιθόμενος

2119 2579 2373 2649 πολεμεῖν
2395 2617 2409 2642 ,
2447 2576 2804 2646 Μσίρῤωμος
2839 2573 3072 2627 ἐνταῦθα
3106 2573 3354 2644 ἐφέρετο.
3393 2574 3613 2644 Ἐπειδὴ
3646 2591 3703 2627 τε

2117 2673 2291 2727 οὐδενὶ
2330 2670 2604 2740 πολεμίων
2647 2667 3067 2737 ἐντετυχηκέναι
3111 2667 3262 2736 αὐτῴ
3305 2667 3524 2733 ἐγένετο
3569 2667 3699 2738 (ἤδη

2121 2768 2227 2836 γὰρ
2256 2765 2466 2818 ἐπιέναι
2498 2763 2650 2832 σφίσι
2681 2743 2990 2832 ’Ῥωμαίους
3021 2758 3318 2829 πυθόμενοι
3347 2758 3554 2830 ᾤχοντο
3599 2763 3701 2812 ἀπ-

2123 2858 2336 2928 ιόντες),
2380 2859 2469 2910 ἐπὶ
2497 2856 2596 2928 τὴν
2639 2854 2932 2924 Πασγούση
2983 2853 3093 2924 (44)
3127 2852 3472 2923 καλουμένην
3511 2851 3708 2921 λίμνην

2118 2949 2394 3009 διεϐίϐαζε
2429 2948 2520 3000 τὸν
2560 2949 2812 3018 στρατόν.
2852 2945 3000 3014 Δΰτη
3042 2944 3150 3015 γὰρ
3191 2944 3277 3014 δὴ,
3320 2944 3379 3006 ἐς
3420 2945 3624 3013 ἄφατὸν
3659 2960 3709 2996 τι

2125 3044 2298 3112 μῆκος
2316 3043 2409 3095 καὶ
2429 3037 2586 3112 εὖρος
2601 3040 2979 3108 ἐκτεινομένη,
3005 3039 3204 3104 νήσους
3230 3037 3373 3089 κατὰ
3387 3037 3552 3106 μέσον
3570 3053 3710 3106 παρ-

2120 3135 2307 3203 έχεται
2355 3133 2632 3204 διακριδὸν
2669 3131 2929 3201 ἀλλήλαις
2964 3129 3060 3182 τοῦ
3121 3127 3314 3192 ὓδατος
3351 3126 3706 3196 ἀνεχούσαις,

2121 3228 2178 3278 ὲν
2213 3221 2301 3287 αἷς
2343 3225 2582 3296 φρούρια
2628 3225 2691 3276 ἐκ
2737 3221 2983 3276 παλαιῶν
3010 3219 3424 3292 ἀνῳκοδόμηται
3471 3217 3706 3286 χρόνων.

2121 3317 2344 3370 Οίκοῦσί
2387 3333 2446 3370 τε
2494 3319 2552 3370 ἐν
2595 3315 2775 3376 αὐτοῖς
2823 3313 3105 3384 ἄνθρωποι
3148 3311 3210 3364 τὸ
3256 3310 3401 3379 ὕδωρ
3442 3309 3563 3362 ἀντὶ
3614 3325 3709 3360 τι-

2123 3411 2316 3480 φρείας
2346 3407 2706 3478 πεποιημέ.οι
2729 3423 2740 3436 ·
2769 3406 2946 3472 ἔξεστι
2987 3405 3030 3456 δ’
3054 3405 3238 3465 αὐτοῖς
3268 3404 3324 3465 ἐς
3359 3401 3581 3454 Ἰκόνιον
3609 3398 3708 3452 ἀν-

2125 3497 2296 3550 ιοῐσιν
2327 3496 2644 3566 αὐθημερὸν
2687 3495 2900 3547 ἐκεῖθεν
2940 3493 3276 3546 ἐπανελθεῖν.
3307 3486 3385 3546 Οὒ
3430 3491 3495 3562 δὴ
3539 3490 3710 3543 ἓνεκα

2126 3589 2360 3660 μάλιστα
2388 3587 2642 3659 βασιλεὺς
2669 3587 2796 3657 περὶ
2824 3586 3075 3640 πλείστου
3103 3586 3202 3654 τὴν
3230 3584 3333 3653 τῆς
3361 3583 3558 3653 λίμνης
3586 3583 3710 3633 ἐπι-

2123 3681 2390 3750 κράτησιν
2418 3679 2676 3732 ἐποιεῖτο.
2706 3677 2828 3730 Τῶν
2855 3677 2898 3730 δ’
2923 3679 2980 3730 ἐν
3011 3677 3148 3746 αὐτῇ
3178 3675 3468 3744 Ῥωμαίων
3498 3675 3596 3726 οὐκ
3627 3673 3713 3724 ἐν·

2123 3774 2372 3827 διδόντων
2404 3771 2614 3841 ταύτην
2650 3769 2798 3840 αὑτῷ
2841 3770 3042 3840 (χρόνῳ
3076 3769 3186 3838 γὰρ
3219 3769 3282 3839 δὴ
3321 3768 3416 3820 καὶ
3451 3767 3563 3818 ειὲει
3602 3782 3711 3834 μα-

2125 3863 2242 3934 κρῷ
2267 3863 2505 3934 Πέρσαις
2524 3864 2622 3924 τὰς
2645 3861 2870 3931 γνώμας
2894 3859 3296 3931 ἁνακραθέντες
3318 3853 3505 3928 ἦσαν),
3530 3855 3709 3908 τοιάδε

2123 3955 2246 4007 τινὰ
2275 3953 2498 4006 ἐνενόει.
2527 3952 2777 4022 Λέμϐους
2805 3951 2878 4016 ὡς
2910 3950 3195 4013 πλείστους
3224 3949 3318 4004 καὶ
3353 3950 3555 4001 ἀκάτια
3586 3948 3712 4012 ξυν-

2126 4033 2351 4116 αγαγὼν
2393 4045 2570 4110 ξύλοις
2613 4044 2824 4098 ἄνωθεν
2881 4042 3224 4110 ἐπεζεύγνυ·
3270 4041 3365 4094 ἐπὶ
3405 4043 3611 4094 τούτων
3653 4037 3713 4089 δὲ

2125 4140 2222 4199 τὰς
2248 4135 2496 4206 μηχανὰς
2525 4134 2772 4202 θέμενος,
2796 4132 2925 4186 εὐθὺ
2951 4132 3061 4186 τῶν
3088 4131 3396 4203 εἰρημένων
3420 4127 3520 4200 ἦγε
3548 4143 3714 4200 φρου-

2128 4229 2278 4300 ρίων.
2298 4225 2468 4281 Ἔνθα
2492 4225 2710 4296 ξυνέϐη,
2737 4224 3008 4295 πνεύματι
3037 4223 3186 4295 ξηρῷ
3210 4225 3308 4290 τῆς
3337 4221 3529 4291 λίμνης
3556 4225 3716 4272 ἐκται

446 4317 654 4379 labore,
691 4315 758 4369 iis
799 4318 1024 4386 potitur.
1058 4317 1138 4370 Ac
1167 4331 1292 4370 cum
1320 4315 1681 4370 Raimundum
1730 4315 2015 4370 Antioche-

2139 4320 2460 4394 ραχοείσης,
2483 4318 2713 4382 πολλοὺς
2735 4318 2844 4372 τῶν
2876 4317 3164 4388 Ῥωμαίων
3191 4315 3532 4370 ἀπολωλέναι
3556 4329 3718 4381 στρα-

448 4421 644 4460 norum
670 4406 970 4475 principem
1005 4406 1340 4475 percepisset
1377 4420 1463 4461 res
1485 4419 1656 4461 novas
1689 4405 1795 4475 23
1822 4405 2022 4474 moliri,

448 4483 708 4552 continuo
730 4497 978 4552 Ciliciam
1011 4500 1225 4566 repetit,
1259 4511 1323 4551 eo
1347 4497 1532 4552 animo
1551 4507 1612 4552 ut
1643 4513 1752 4552 non
1781 4497 2026 4552 Ciliciam

447 4590 740 4655 duntaxat,
773 4591 870 4645 sed
907 4599 962 4644 et
993 4587 1362 4656 Antiochiam,
1397 4590 1652 4644 Attaliam
1697 4603 1753 4645 et
1789 4589 2025 4660 Cyprum

449 4681 680 4736 Manueli
735 4681 844 4737 lilio
873 4684 924 4737 in
977 4681 1349 4736 hereditatem
1388 4679 1567 4738 daret.
1601 4679 1754 4737 Unde
1814 4696 1944 4737 vero
1975 4682 2028 4735 id

449 4775 500 4830 ei
565 4773 776 4828 venerit
817 4774 872 4828 in
917 4782 1178 4838 mentem,
1234 4775 1420 4842 paucis
1474 4775 1783 4845 expediam.
1835 4775 2026 4829 Alexio

451 4867 811 4938 primogenito
843 4865 1152 4922 Romanum
1183 4866 1472 4935 imperium
1504 4867 1618 4937 jam
1657 4869 1864 4938 pridem
1909 4876 2023 4920 tra-

453 4962 582 5017 dere
610 4962 961 5017 decreverat:
995 4961 1087 5016 sed
1113 4969 1239 5016 natu
1285 4958 1534 5016 Manuele
1574 4961 1869 5016 liberorum
1899 4976 2026 5031 pos-

453 5065 650 5124 tremo,
686 5054 751 5110 de
795 5069 860 5109 eo
887 5053 1071 5109 statim
1107 5052 1485 5122 praedictiones
1514 5051 1570 5108 itt
1600 5053 1788 5124 vulgus
1805 5067 2027 5123 sparsae,

2125 4413 2336 4466 τιωτῶν
2364 4429 2377 4442 ·
2413 4411 2568 4483 μόγις
2603 4409 2647 4463 δ’
2674 4411 2828 4480 ὅμως
2851 4412 2946 4462 καὶ
2977 4409 3073 4474 ξὺν
3107 4405 3200 4477 βία
3224 4405 3393 4476 πολλῇ
3424 4403 3716 4457 καὶταῦτα

2125 4499 2296 4558 εἶλεν.
2343 4502 2565 4570 Ἐπειδὴ
2607 4519 2665 4554 τε
2710 4500 3032 4570 Ῥαῖμοῦδον
3078 4499 3194 4570 (45)
3244 4499 3338 4550 τὸν
3382 4494 3717 4564 ’Λντιοχείας

2125 4594 2406 4666 πρίγκιπα
2430 4591 2782 4662 νεωτερίζειν
2811 4592 3068 4652 ἐπύῡετο,
3103 4589 3232 4642 εὐθὺ
3260 4589 3355 4640 καὶ
3377 4586 3539 4640 πάλιν
3563 4583 3718 4636 Κιλί-

2126 4703 2238 4740 κων
2270 4681 2654 4755 ἐχώρει,κατὰ
2695 4681 2820 4733 νοῦν
2860 4679 2998 4750 ἔχων
3036 4681 3133 4748 τὴν
3174 4677 3417 4730 Κιλίκων
3453 4678 3548 4729 καὶ
3593 4674 3717 4724 Ἀν-

2133 4777 2362 4844 τιοχέων
2394 4773 2486 4837 ξὺν
2524 4771 2788 4826 Ἀττάλου
2822 4773 2916 4823 καὶ
2967 4769 3180 4840 Κύπρῳ
3222 4770 3301 4830 είς
3347 4768 3550 4836 κλῆρον
3578 4767 3716 4818 ἁπο-

2133 4865 2398 4920 δώσεσοαι
2443 4863 2519 4934 τῷ
2561 4862 2843 4933 Μανουήλ,
2901 4862 3064 4915 Ὅθεν
3113 4861 3169 4913 δὲ
3208 4862 3300 4912 ἐπὶ
3347 4861 3575 4926 ταυτηνὶ
3619 4860 3718 4926 τὴν

2134 4959 2341 5011 ἔννοιαν
2366 4951 2530 5026 ἦλθεν
2561 4953 2702 5023 ἐρῶν
2737 4953 2992 5023 ἔρχομαι.
3016 4950 3214 5005 Φοάνει
3245 4950 3346 5018 μὲν
3386 4947 3629 5017 ’Δλεξίῳ,
3661 4947 3719 5007 ὃς

2137 5046 2513 5119 πρεσϐύτατος
2539 5045 2688 5116 αὐτῴ
2719 5045 2927 5099 παίδων
2957 5044 3193 5113 ἐγένετο,
3228 5044 3298 5097 τὰ
3343 5041 3633 5113 Ῥωμαίων
3656 5041 3718 5091 ἐκ

1785 5168 1879 5229 Du
1927 5163 2142 5250 Cangii
2203 5171 2390 5226 noue.

523 5275 635 5344 (44)
672 5271 1024 5342 Πασγούση.
1085 5279 1230 5331 Duas
1273 5272 1418 5326 circa
1482 5269 2014 5344 Iconinmnpalu‘des

453 5339 704 5402 recenSet
747 5339 944 5398 Strabo
999 5346 1036 5397 Ι.
1081 5359 1179 5410 xtt,
1239 5358 1471 5413 quarum
1532 5341 1700 5413 major
1737 5339 2010 5413 Kibpaitiq,

454 5420 633 5470 minor
695 5414 969 5484 Τρωγίτις
1023 5410 1339 5484 vocabatur.
1393 5412 1466 5465 Ita
1521 5426 1592 5484 ex
1659 5410 2022 5484 descriptione

449 5488 700 5556 Pasgnsze
746 5480 992 5553 paludis,
1027 5500 1188 5554 quam
1258 5483 1381 5556 hic_
1409 5481 1630 5534 exhibet
1702 5480 2021 5556 Cinnamus,

452 5549 721 5623 conficere
759 5549 841 5607 est
899 5549 1145 5625 eamdem
1177 5568 1300 5625 esse
1327 5551 1638 5625 Pascnsam
1672 5564 1794 5625 cuni
1821 5549 2025 5625 Corali,

454 5619 955 5678 cm'inanlilicatum
988 5624 1146 5678 hodie
1178 5622 1454 5692 oppidum,
1495 5620 1753 5675 Acriotm’
1783 5619 1836 5672 in
1869 5621 2030 5671 char-

459 5697 521 5747 tis
552 5695 926 5764 gt-ographicis
955 5706 1338 5764 nuncupatum.

529 5757 1101 5827 lisf'l’iu'uoDi-dor.
1135 5757 1221 5819 'Dc
1249 5763 1348 5820 hac
1383 5761 1616 5818 serunda
1660 5757 1880 5816 Joannis
1918 5759 2026 5812 An-

2071 5321 2080 5330 ,
2134 5268 2387 5322 tiochena
2439 5263 2786 5332 expeditione
2841 5275 3005 5332 agunt
3060 5263 3237 5332 iidenl
3275 5261 3514 5332 Nicetas.
3565 5275 3613 5310 n.
3654 5259 3713 5311 ll

2133 5352 2187 5392 et
2227 5335 2479 5390 Nicolaus
2513 5329 2821 5397 "l‘rivettus,
2855 5329 2920 5387 Ᾰ.
2978 5333 3154 5399 “42;
3196 5329 3412 5402 Tymts.
3437 5329 3483 5402 l.
3528 5344 3635 5402 αν,
3667 5344 3717 5382 c.

2132 5408 2202 5463 52
2245 5419 2297 5461 ct
2337 5407 2426 5469 53,
2461 5406 2550 5458 ubi
2585 5406 2746 5458 etiam
2775 5408 2839 5458 tle
2872 5404 3046 5458 Alexii
3072 5414 3124 5456 et
3157 5400 3447 5455 Andronici
3489 5400 3719 5452 liliorttm

2132 5477 2379 5536 Joannis,
2431 5488 2591 5542 atque
2626 5477 2759 5529 adeo
2791 5474 3069 5541 ipsittsmet
3093 5471 3316 5542 Joannis
3345 5470 3563 5542 interitu
3592 5470 3722 5542 Cin-

2136 5564 2298 5603 namo
2333 5538 2570 5599 consona
2607 5538 2844 5598 tradunt.
2873 5544 3126 5599 Cinnaini
3147 5541 3384 5596 calculos
3407 5538 3720 5593 deJnannis

2136 5619 2349 5685 imperii
2405 5621 2566 5671 annis
2620 5626 2871 5670 accurate
2921 5614 3276 5681 expendimus
3329 5613 3382 5667 in
3436 5619 3723 5666 stemmate

2138 5686 2489 5742 Cutttncnico.
