4096 6402
437 401 546 463 337

1669 399 2210 462 IIlSTORiARUM
2251 403 2398 464 LIB.
2443 403 2486 464 I.

3602 404 3710 465 333

437 506 639 563 πολλοῦ
682 506 1164 577 μνηστευσάμενος
1198 507 1474 579 σκῆπτρα,
1515 510 1668 566 Ἐπεὶ
1697 514 1752 566 δὲ
1784 513 1878 566 καὶ
1909 514 2021 567 Μα-

2137 520 2190 565 et
2219 511 2272 565 in
2301 525 2470 582 puero
2505 523 2610 564 non
2645 523 2813 579 pauca
2846 507 3062 579 imperii
3092 509 3276 580 agnita
3299 519 3419 566 sunt
3449 517 3712 584 auguria,

431 603 597 672 νουὴλ
627 601 858 671 ἔσχατος
887 601 1036 670 αύτῷ
1067 602 1312 668 γένοιτο,
1346 603 1541 671 φάσεις
1566 605 1763 660 αὐτίκα
1792 607 2027 677 ἐφοίτων

431 698 528 748 καὶ
561 695 806 765 ξύμϐολα
842 695 1119 765 βασιλείας
1147 698 1226 759 εἰς
1253 695 1345 748 τόν
1374 699 1539 752 παῖδα
1567 701 1924 772 ἐγνωρίξετο,
1952 695 2027 754 ῶν

431 788 553 849 ὲεοδς
589 787 622 858 ἢ
660 787 808 841 δυοῖν
844 789 1256 860 ἐπιμνησθῆναι
1293 791 1354 845 ού
1397 810 1488 864 μοι
1525 796 1702 862 ἔδοξεν
1737 798 1846 852 ἀπο
1884 795 2024 852 εἶναι

433 878 657 950 καιροῦ.
696 879 914 950 Ἐπειδή
947 898 1077 934 ποτε
1109 882 1247 955 πρὸς
1280 883 1451 939 ὕπνον
1481 887 1820 959 κατέδαρθεν
1847 890 1876 943 ό
1905 892 2026 945 Μα-

434 969 621 1039 νουὴλ,
655 970 795 1038 γυνή
830 987 914 1032 τις
947 969 1082 1041 δναρ
1116 973 1405 1041 ἐφίσταται
1439 978 1635 1049 τούτῳ,
1671 979 1793 1049 ὄψις
1827 983 2023 1054 σεμνὴ,

436 1061 670 1130 μέλαινα
703 1061 894 1133 ἐσθὴς,
926 1063 984 1116 ὲν
1014 1063 1070 1118 δὲ
1105 1066 1263 1136 χερσὶ
1294 1068 1486 1124 πέδιλα
1514 1073 1677 1125 όποία
1713 1073 2025 1144 βασιλεῦσιν

431 1153 785 1208 ύποδεδέσθαι
815 1156 1000 1227 νόμος.
1035 1159 1146 1212 Καὶ
1176 1161 1471 1234 παρείχετο
1497 1164 1574 1236 τῷ
1605 1167 1864 1240 Μανουὴλ
1892 1169 2025 1240 χρῆ-

434 1244 560 1298 σθαι
595 1245 892 1300 κελεύουσα
920 1250 1343 1324 ἀποσεισαμένῳ
1369 1255 1529 1309 ταυτί
1553 1273 1566 1288 ο
1599 1258 1841 1314 ἐδείκνυε
1873 1261 1931 1314 δὲ
1957 1263 2026 1316 τά

435 1337 640 1408 συνήθη
674 1340 871 1394 κυανά.
907 1339 969 1394 '0
998 1341 1056 1396 δὲ
1076 1383 1093 1405 ,
1124 1343 1360 1414 θορύϐου
1395 1349 1590 1418 μεστός
1619 1352 1986 1421 ἀνεγρόμενος
2005 1395 2021 1418 ,

433 1429 621 1499 ἐπειδὴ
654 1433 730 1500 μὴ
761 1432 1112 1504 ἐντυγχάνειν
1143 1438 1256 1500 τοῖς
1286 1439 1564 1509 ὁραθείσιν
1593 1435 1759 1513 εἶχεν,
1793 1444 2024 1498 ἐκλαυο-

433 1520 698 1592 μυρίζετο
744 1523 890 1576 κατά
933 1526 1056 1591 τοὺς
1104 1527 1301 1592 παῖδας
1345 1531 1442 1584 καὶ⁷
1486 1533 1803 1605 ἀφῃρῆσθαι
1848 1535 2024 1589 ταῦτα

431 1614 587 1684 παρά
618 1629 712 1666 του
747 1613 857 1667 τῶν
893 1616 1022 1686 περὶ
1057 1618 1155 1687 τὴν
1189 1619 1378 1673 ἑστίαν
1412 1623 1570 1692 ᾤετο.
1609 1625 1782 1678 Τοῦτο
1825 1626 1927 1695 μὲν
1959 1627 2024 1697 δὴ

427 1705 695 1768 τοιοῦτον,
725 1705 915 1778 ἕτερον
942 1709 1000 1762 δὲ
1032 1710 1186 1764 οὐδὲν
1216 1713 1368 1780 αύτῷ
1397 1714 1644 1770 ἔλασσον.
1669 1711 1778 1770 Ἦν
1808 1735 1892 1781 τις
1925 1737 2024 1788 μο-

425 1798 652 1868 ναχῶν;
696 1801 896 1872 πατρὶς
939 1803 1089 1872 αὐτῷ
1130 1804 1410 1870 Γαλιλαία,
1455 1807 1568 1878 βίος
1607 1811 2022 1883 ἀναχωρητικός

427 1907 490 1942 τε
523 1892 620 1944 καὶ
645 1891 823 1962 ὄρειος
845 1909 858 1922 ⁸
890 1886 1067 1961 οὗτος,
1097 1898 1288 1969 ἐπειδή
1321 1917 1453 1954 ποτε
1483 1903 1542 1965 ἐς
1567 1903 1786 1972 ὁμιλίαν
1813 1905 2027 1976 βασιλεῖ

428 1979 732 2034 καθίστατο
763 1984 1008 2056 Ἰωάννῃ,
1040 1985 1167 2049 τοὺς
1201 1989 1398 2052 παῖδας
1427 1991 1486 2054 ἐς
1517 1992 1684 2045 αὐτὸν
1719 1995 2022 2064 παρελθόν-

424 2088 527 2135 τας
563 2072 708 2137 ἰδὼν,
738 2077 850 2138 τοῖς
887 2077 988 2145 μὲν
1017 2077 1198 2140 ἄλλοις
1231 2081 1333 2135 ὅσα
1366 2083 1458 2136 καὶ
1509 2083 1803 2150 ἰδιωτικοῖς
1854 2104 2024 2159 προσ-

425 2164 662 2234 ηνέχθη,
709 2166 967 2239 Μανουὴλ
1017 2169 1075 2223 δὲ
1123 2169 1313 2225 τοῦτον
1347 2174 1444 2227 σὺν
1491 2175 1750 2249 εὐλαϐείᾳ
1782 2180 2023 2249 προσιὼν

425 2256 736 2325 έπευλόγει.
820 2260 1232 2332 Πυνθανομένου
1269 2264 1340 2336 [Ρ
1379 2263 1473 2338 15]
1509 2266 1565 2321 δὲ
1601 2267 1867 2337 βασιλέως
1898 2271 2023 2325 ὅτου

425 2348 596 2402 ἕνεκα
629 2349 800 2403 ταῦτα
839 2352 1044 2422 ποιοίη,
1081 2354 1372 2410 ὑπολαϐὼν
1405 2359 1434 2410 ό
1475 2361 1731 2430 μοναχδς,
1779 2379 1798 2412 ι
1826 2363 1948 2416 Ὀτι
1995 2381 2016 2416 ι

426 2434 570 2504 ἔφη,
622 2454 641 2486 ι
694 2437 855 2506 μόνος
896 2438 956 2504 ἐξ
1001 2441 1260 2494 ἀπάντων
1299 2444 1560 2516 Μανουὴλ
1602 2446 1858 2515 βασιλεὺς
1900 2450 2022 2520 ἐμοὶ

427 2522 706 2588 φαίνεται.
757 2543 777 2575 ι
818 2525 914 2578 Ἐκ
955 2526 1012 2580 δὲ
1055 2525 1266 2582 τούτων
1306 2529 1401 2582 καὶ
1442 2531 1706 2586 τοιούτων
1747 2534 1926 2589 ἀλλων
1965 2538 2024 2599 ἐς

430 2613 777 2684 ἀπεράντους
809 2618 836 2669 ό
873 2617 1129 2686 βασιλεὺς
1164 2622 1376 2686 ἑννοίας
1411 2623 1735 2688 ἐξέπιπτενο
1769 2627 2023 2681 ἀναλύειν

425 2703 478 2756 δ’
498 2705 598 2758 οὐκ
629 2705 768 2777 ἔχων
795 2708 938 2774 ἅπερ
966 2709 1115 2782 αὐτῷ
1145 2710 1349 2776 δόξειεν
1375 2713 1636 2784 ἀρχῆθεν,
1669 2717 1728 2781 ἐς
1754 2717 1847 2771 τὸν
1872 2719 2026 2790 εἰρη-

431 2795 598 2863 μένον
633 2798 836 2852 σκοπὸν
864 2798 1111 2870 ἔϐλεψεν.
1153 2801 1294 2855 Ἀλλ’
1320 2803 1498 2857 ἔοικεν
1530 2805 1882 2880 ἀνθρωπίνης
1913 2810 2024 2879 ἀρα

430 2885 678 2950 ἐπινοίας
718 2889 828 2941 τῶν
872 2891 1090 2944 πάντων
1131 2893 1480 2964 πραγμάτων
1519 2897 1792 2966 ἠρτῆσθαι
1831 2900 2021 2970 μηδέν.

427 2975 602 3031 Οὔπω
631 2979 739 3047 γὰρ
762 2981 864 3049 τῆς
897 2981 1133 3036 Κιλίκων
1155 2984 1443 3054 ἐφίστατο,
1471 2986 1561 3039 καὶ
1585 2987 1730 3041 δυεῖν
1791 2991 1890 3055 μὲν
1914 2993 2022 3061 ἀφ-

425 3066 595 3139 ·ξ,ρετο
625 3071 834 3124 παίδων
863 3072 911 3125 οἳ
943 3073 1122 3144 χρόνῳ
1153 3075 1417 3146 προῆκον,
1438 3077 1633 3148 διτερος
1661 3078 1719 3134 δὲ
1747 3083 1859 3136 τοῖν
1887 3082 2025 3136 ἀποο

429 3159 834 3230 λελειμμένοιν,
862 3165 984 3218 ἐπεὶ
1017 3166 1140 3237 μηδ’
1161 3167 1312 3238 αὐτῷ
1339 3167 1656 3235 ξυνέϐαινεν
1680 3173 1736 3234 ἐς
1768 3173 1829 3226 τὸ
1860 3173 2021 3246 σῶμα

430 3253 614 3317 καλῶς
646 3255 822 3325 ἔχειν,
857 3257 1026 3328 ἀπῄει
1054 3259 1183 3323 τοὺς
1213 3262 1444 3332 νεκροὺς
1475 3263 1533 3327 ἐς
1562 3263 1858 3328 Βυζάντιον
1885 3267 2020 3321 ἀνα-

430 3345 698 3414 κομίζων.
726 3348 992 3413 Βασιλεὺς
1017 3351 1074 3404 δὲ
1099 3351 1193 3404 ἐπὶ
1219 3352 1320 3421 τῆς
1348 3353 1590 3407 Κιλίκων
1612 3356 1702 3409 τὸν
1729 3357 1843 3426 βίον
1901 3357 2022 3423 ξυν-

427 3438 764 3506 εμερίσατο,
818 3445 910 3493 καὶ
959 3443 1219 3513 Μανουὴλ
1246 3444 1434 3498 λοιπὸν
1479 3448 1558 3510 εἰς
1605 3447 1697 3499 τὸν
1746 3448 2022 3518 βασιλείας

428 3527 606 3580 ἄνεισι
637 3529 849 3598 θρόνον.
879 3532 1065 3598 ’Ἄξιον
1094 3534 1151 3587 δὲ
1187 3537 1282 3588 καὶ
1311 3537 1402 3589 τὸν
1432 3540 1529 3607 τῆς
1561 3538 1819 3611 τελευτῆς
1853 3541 2019 3595 αὐτοῦ

427 3617 633 3688 τρόπον
663 3619 1051 3692 διηγήσασθαι.
1087 3623 1316 3692 Ἐξιόντι
1352 3626 1491 3696 πρὸς
1525 3627 1702 3697 θήραν
1734 3631 1884 3699 αύτῷ
1922 3631 2020 3697 σῦς

429 3707 678 3778 ἀπήντα,
729 3712 873 3778 μέγα
913 3727 966 3764 τι
1008 3711 1235 3782 χρῆμα,
1279 3715 1438 3770 ὁποῖα
1483 3715 1656 3769 πολλά
1699 3717 1732 3787 ἡ
1777 3717 2021 3773 Κιλίκων

428 3801 626 3870 τρέφει
657 3802 729 3874 γῆ
761 3806 856 3858 καὶ
883 3804 983 3875 δρη
1011 3807 1079 3860 τὰ
1105 3807 1377 3878 Ταυρικά.
1405 3807 1465 3862 ὐ
1496 3809 1594 3879 μὲν
1623 3805 1715 3863 οὖν
1746 3811 2018 3879 ἀκόντιον,

430 3893 511 3956 ῶς
549 3911 703 3964 φασι,
744 3897 1135 3969 χειρισάμενος
1175 3899 1400 3953 ἐπιόντα
1437 3899 1628 3955 τοῦτον
1665 3901 1957 3971 ὑφίστατο*
1993 3907 2021 3957 ό

431 3987 514 4051 δὲ,
547 3989 649 4056 τῆς
685 3989 890 4059 αἰχμῆς
921 3989 999 4060 τῷ
1038 3990 1248 4062 στέρνῳ
1283 3993 1710 4064 ὲγκρυφθείσης,
1746 3993 2023 4066 θυμαίνων

433 4080 530 4133 ἐπὶ
559 4083 625 4152 τῇ
665 4081 848 4153 πληγῇ
886 4081 1116 4153 ὠθισμῷ
1158 4081 1358 4152 μᾶλλον
1391 4084 1623 4154 ἐχρῆτο,
1658 4084 1734 4148 ὡς
1771 4085 2022 4139 ἐντεῦθεν

434 4171 536 4243 τὴν
573 4171 836 4242 βασιλέως
871 4175 1033 4244 χεῖρα
1064 4173 1153 4227 διά
1189 4175 1426 4245 σφοδρὰν
1455 4176 1554 4246 τὴν
1585 4175 1892 4246 ἀντέρεισιν
1924 4178 2020 4230 τοῦ

432 4263 641 4327 εὐθέως
670 4266 1038 4334 ἐκτραπεῖσαν
1062 4266 1150 4335 ἐφ’
1172 4268 1239 4338 ἢν
1265 4270 1588 4339 παρήρτητο
1617 4268 2022 4340 παρενεχθῆναι

435 4357 722 4427 φαρέτραν
765 4357 946 4428 πλήρη
1000 4358 1171 4428 βελῶν
1211 4351 1400 4414 οὖσαν.
1442 4359 1620 4423 Εὐθὺς
1661 4355 1756 4414 οὖν
1798 4361 2021 4433 τραῦμα

2129 616 2358 671 quorum
2385 615 2549 654 unum
2575 608 2737 668 atque
2763 598 2991 652 altermn
3032 613 3316 653 recensere
3351 600 3493 654 haud
3521 602 3618 656 abs
3649 619 3706 655 re

2129 691 2254 747 erit.
2289 690 2591 746 Dormienti
2621 689 2912 758 aliquando
2948 688 3177 744 Manueli
3211 691 3461 760 apparuit
3489 693 3706 760 mulier,

2129 780 2274 836 vultu
2327 795 2539 845 severo,
2586 781 2738 852 nigra
2783 780 2969 836 induta
3022 791 3192 844 veste,
3225 782 3472 838 manibus
3517 794 3719 839 tenens

2126 875 2516 935 calceamenta.
2559 874 2756 943 quibus
2789 874 3146 944 imperatores
3195 874 3345 929 indui
3392 877 3559 931 moris
3600 889 3706 931 est.

2127 965 2201 1021 Ea
2226 965 2459 1022 Manueli
2498 966 2713 1032 obtulit,
2754 965 3107 1036 indueretque
3136 968 3418 1037 prmcepit,
3465 969 3704 1038 rejectis,

2127 1059 2326 1128 quibus
2358 1060 2436 1115 uti
2471 1068 2831 1116 consueverat
2855 1070 2910 1114 et
2945 1073 3066 1130 quae
3097 1061 3438 1114 monstrabat
3490 1062 3703 1122 mulier,

2128 1149 2391 1206 cmruleis.
2429 1149 2706 1208 Excitatus
2745 1166 2868 1206 cum
2905 1151 3107 1222 ingenti
3142 1152 3573 1223 perturbatione,
3613 1154 3704 1207 ubi

2127 1256 2248 1310 quae
2290 1242 2500 1298 viderat
2523 1258 2628 1298 non
2665 1245 2886 1314 reperit,
2910 1259 3200 1312 puerorum
3233 1258 3388 1298 more
3434 1243 3703 1312 plorabat.

2125 1348 2298 1402 caque
2353 1349 2384 1389 e
2437 1333 2750 1390 domesticis
2803 1335 3035 1405 aliquem
3084 1335 3340 1390 credebat
3391 1334 3702 1389 abstulisse.

2127 1423 2400 1494 Ejusmodi
2446 1424 2549 1478 fuit
2575 1427 2882 1496 augurium,
2911 1427 2999 1480 cui
3046 1425 3188 1480 haud
3223 1425 3366 1480 istud
3395 1425 3558 1481 cedit.
3590 1423 3718 1478 λίθω»

2127 1515 2332 1571 nachus
2367 1525 2524 1586 gente
2578 1516 2854 1582 Galilaaus,
2893 1519 2982 1588 qtti
3034 1519 3199 1572 vitam
3249 1521 3608 1574 monasticam
3650 1518 3705 1572 in

2125 1607 2277 1662 silvis
2330 1623 2394 1662 ac
2449 1609 2728 1664 montibus
2779 1610 3007 1678 agebat,
3063 1610 3188 1664 dum
3248 1609 3386 1666 forte
3428 1625 3532 1664 una
3566 1624 3706 1675 cum

2125 1699 2456 1771 imperatore
2481 1702 2900 1771 colloqueretur,
2938 1703 3254 1772 videretque
3286 1703 3606 1758 accedentes
3633 1703 3700 1755 ad

2125 1806 2186 1847 se
2234 1793 2378 1848 illius
2419 1792 2656 1857 liberos,
2694 1804 2918 1848 cmteros
2980 1794 3145 1847 veluti
3198 1794 3439 1863 privatos
3493 1792 3704 1853 habuit.

2125 1883 2358 1939 Manueli
2430 1899 2558 1939 vero
2627 1887 2934 1940 humaniter
2981 1894 3204 1954 accepto
3271 1884 3709 1939 benedictionem

2125 1975 2406 2043 impertiit.
2435 1974 2674 2045 Rogatus
2709 1992 2736 2029 a
2767 1976 3010 2047 principe
3044 1991 3302 2044 quorsum
3331 1975 3444 2029 hazc
3474 1975 3713 2044 egisset,

2124 2067 2402 2136 respondit
2429 2067 2747 2130 monachus,
2800 2083 2964 2121 unmn
3007 2082 3073 2123 ex
3122 2067 3374 2120 omnibus
3403 2063 3714 2119 Manuelem.

2123 2159 2227 2216 sibi
2276 2159 2662 2230 imperatorem
2694 2160 2888 2216 videri.
2940 2157 3064 2214 Haec
3093 2167 3146 2213 et
3190 2157 3389 2213 similia
3420 2157 3522 2212 etsi
3550 2157 3702 2208 varie

2125 2251 2470 2321 imperatoris
2520 2250 2631 2323 24
2685 2251 2923 2304 animum
2982 2258 3264 2304 versarent
3304 2264 3472 2304 :cum
3521 2258 3704 2302 tamen

2124 2357 2244 2412 qua:
2272 2352 2433 2397 antea
2476 2343 2790 2396 decreverat
2820 2341 2986 2396 nollet
3021 2341 3278 2405 rescindi,
3312 2339 3477 2409 priori
3505 2354 3704 2409 propo-

2124 2435 2226 2488 sito
2264 2435 2438 2490 stetit.
2467 2434 2572 2489 Sed
2602 2435 2674 2488 ita
2727 2443 3098 2504 comparatum
3134 2443 3238 2500 est,
3284 2442 3343 2488 ut
3376 2447 3559 2488 rerum
3586 2435 3706 2488 exi-

2127 2537 2210 2581 tus
2229 2543 2292 2581 ex
2309 2527 2561 2581 humanis
2583 2542 2687 2580 non
2712 2525 2982 2596 pendeant
3007 2524 3266 2580 consiliis.
3290 2523 3535 2579 Nondum
3557 2525 3704 2579 enim

2125 2617 2670 2688 attigeratCiliciam,
2702 2634 2824 2673 ctum
2848 2617 3058 2674 duobus
3090 2618 3215 2671 filiis
3245 2627 3374 2672 natu
3408 2617 3707 2687 majoribus

2123 2710 2394 2765 orbatur:
2425 2710 2780 2780 superstitum
2830 2723 2958 2764 vero
3006 2707 3163 2774 alter,
3195 2709 3287 2778 qui
3323 2721 3423 2764 nec
3461 2709 3582 2777 ipse
3609 2708 3703 2762 ad-

2127 2802 2348 2858 modum
2380 2816 2612 2873 corpore
2662 2801 2898 2865 valebat,
2937 2800 3257 2870 Byzantium
3313 2801 3545 2855 mittitur
3599 2800 3709 2854 fra-

2127 2905 2266 2949 trum
2295 2893 2558 2949 cadavera
2593 2893 2948 2950 deducturus.
2991 2894 3220 2948 Moritur
3243 2893 3408 2947 etiam
3433 2895 3485 2947 in
3515 2893 3704 2947 Cilicia

2127 2986 2445 3056 imperator,
2501 2985 2898 3056 imperiumque
2933 2985 3254 3057 adipiscitur
3309 2983 3536 3038 Mauuel.
3589 2984 3708 3049 Quo

2126 3087 2285 3148 pacto
2315 3088 2495 3134 autem
2528 3077 2697 3132 vitam
2732 3075 2954 3139 finierit,
2984 3089 3246 3130 enarrare
3277 3074 3488 3128 videtur
3525 3089 3705 3142 operm.

2129 3170 2388 3240 pretium.
2441 3167 2522 3223 Ad
2559 3167 2901 3222 venationem
2957 3179 3182 3234 egresso
3233 3164 3425 3216 obvius
3485 3164 3540 3216 tlt
3573 3178 3704 3230 aper

2125 3261 2360 3330 ingentis
2418 3258 2828 3330 magnitudinis,
2881 3257 3069 3327 quales
3126 3255 3178 3308 in
3216 3252 3405 3308 Cilicia
3461 3254 3614 3307 multi
3647 3265 3703 3308 et

2123 3355 2402 3410 montilms
2433 3351 2716 3418 Tauricis;
2748 3350 3144 3414 advenientem,
3171 3359 3228 3404 ut
3264 3347 3368 3404 fert
3401 3347 3566 3411 fama,
3597 3345 3704 3401 telo

2122 3449 2266 3518 quod
2324 3461 2484 3501 manu
2543 3444 2758 3500 tenebat
2794 3444 2995 3513 excipit
3026 3455 3042 3498 :
3077 3452 3266 3498 contra
3315 3442 3402 3496 ille
3443 3456 3702 3495 mucrone

2125 3542 2176 3595 in
2213 3549 2400 3609 pectus
2426 3539 2620 3592 adacto
2655 3551 2721 3590 ex
2763 3535 2921 3606 plaga
2973 3535 3300 3591 furibundus
3328 3532 3704 3589 vehementius

2124 3632 2310 3694 instat,
2350 3628 2486 3684 adeo
2533 3638 2590 3682 ut
2617 3627 2743 3683 inde
2787 3642 2983 3682 manus
3025 3627 3391 3697 imperatoris,
3422 3639 3543 3695 qua:
3573 3623 3706 3678 dum

2123 3723 2318 3778 fortius
2346 3719 2612 3776 obnititur
2645 3735 2673 3771 a
2707 3716 3092 3772 recto‘dellexa
3149 3716 3202 3770 in
3250 3717 3565 3786 pharetram
3615 3728 3706 3770 sa-

2123 3815 2272 3886 gittis
2301 3812 2540 3883 plenam,
2567 3825 2731 3882 quam
2760 3824 2827 3865 ex
2859 3809 3087 3865 humero
3115 3823 3433 3879 suspensam
3461 3806 3705 3878 gerebat,

2125 3905 2431 3976 impegerit,
2492 3918 2725 3974 quarum
2784 3902 3100 3972 cuspidibus
3160 3901 3440 3956 vulnerata
3478 3898 3702 3968 perstri-

2122 4007 2318 4067 ctaque
2367 4003 2450 4049 est
2481 4009 2606 4061 pars
2634 4006 2798 4062 carpo
2819 3992 3083 4061 proxima.
3121 3990 3200 4045 Ex
3226 4006 3291 4047 eo
3319 3990 3542 4045 vulnere
3571 4005 3700 4043 cru-

2123 4098 2246 4142 enta
2275 4085 2430 4142 sanie
2457 4082 2735 4146 effluente,
2768 4081 2947 4136 tenuis
2971 4081 3306 4142 membrana,
3345 4096 3509 4148 quam
3539 4081 3700 4146 vulgo

2123 4179 2376 4234 cederam
2427 4181 2646 4235 vocant,
2709 4173 3030 4241 imponitur,
3086 4186 3208 4241 quae
3238 4171 3468 4226 divisam
3504 4187 3702 4241 cogere

2123 4287 2365 4337 carnem,
2393 4278 2448 4324 et
2481 4269 2792 4322 cicatricem
2845 4264 3220 4329 contraheret,
3269 4279 3337 4317 nc
3367 4263 3697 4316 inﬂammata

2123 4365 2337 4419 dolores
2385 4360 2722 4425 concitaret;
2774 4357 2869 4413 sed
2925 4357 3038 4412 haec
3087 4355 3188 4410 fuit
3243 4364 3430 4425 postea
3489 4353 3705 4408 inﬂam-

433 4449 798 4518 ιπηκολούθει
827 4453 947 4514 ταῖς
978 4450 1128 4504 ἀκίσι
1158 4449 1444 4515 ξυσθέντος
1473 4451 1639 4506 αὐτοῦ
1666 4453 1760 4507 τοῦ
1790 4454 2021 4524 ἐπικαρ-

2126 4455 2376 4511 matiouis
2410 4467 2569 4508 causa
2597 4469 2611 4506 :
2648 4466 2770 4505 nam
2805 4464 3069 4504 venenum
3105 4463 3212 4518 quo
3245 4448 3406 4502 telum
3438 4447 3697 4502 infectum

435 4541 565 4594 πίου
589 4555 602 4568 .
641 4541 734 4594 και
773 4541 948 4611 ἀφρὸς
993 4542 1091 4612 μὲν
1125 4541 1377 4596 ἐντεῦθεν
1415 4543 1718 4614 ὲξεμύσατο
1755 4544 2017 4615 Beatum-7.

433 4630 581 4700 ὑμὴν
610 4631 665 4683 δέ
697 4648 780 4695 τις
813 4630 1029 4696 λεπτὸς,
1059 4631 1119 4685 ὃν
1148 4633 1386 4704 ὲκδηρᾶν
1417 4634 1469 4686 οἰ
1501 4635 1692 4687 πολλοὶ
1727 4634 2016 4697 ἰδιωτικῶς

430 4721 792 4791 ὀνομάζουσι.
827 4723 1137 4792 προσήγετο
1167 4716 1328 4792 δῆθεν
1361 4724 1607 4790 συνάξων
1637 4725 1698 4778 τὸ
1727 4723 2020 4794 διεστηκὸς

431 4813 531 4865 καὶ
565 4810 918 4865 συνουλὼσων
950 4811 1010 4864 τὸ
1041 4811 1294 4881 τραῦμα,
1327 4811 1402 4874 ὡς
1439 4811 1514 4882 μὴ
1547 4811 1864 4882 φλεγμῆναν
1895 4811 2021 4865 ὀδύ-

432 4923 530 4968 νας
559 4905 774 4978 ἐγείρῃ.
808 4905 950 4958 Ἀλλ’
968 4899 1036 4975 ἦν
1066 4905 1243 4958 έκεῖνο
1269 4904 1369 4974 τῆς
1397 4905 1676 4958 εἰσέπειτα
1707 4903 2021 4974 φλεγμονῆς

435 4996 636 5051 αἴτιον.
670 4996 775 5049 Τὸν
806 4995 917 5066 γὰρ
950 4998 1049 5067 τῆς
1091 4995 1278 5058 ἀκίδος
1317 4995 1395 5049 ἰὸν
1429 4994 1578 5049 ἔνδον
1611 4998 1678 5066 τῇ
1722 4995 2022 5066 στυφότητι

435 5087 774 5140 ἑναπολαδδν
799 5088 892 5140 ἐπὶ
911 5090 972 5140 τὸ
997 5087 1127 5142 ἀλλο
1155 5087 1426 5158 μετέφερε
1454 5087 1635 5157 σῶμα.
1663 5087 1824 5142 Ἀλλά
1845 5087 2022 5140 ταῦτα

438 5180 538 5248 μὲν
557 5177 782 5251 ὕστερον
801 5193 815 5206 ·
837 5178 961 5232 τότε
977 5177 1035 5231 δὲ
1057 5177 1329 5249 μηδεμίαν
1345 5179 1426 5232 ἔτι
1446 5180 1638 5250 ὀδύνης
1661 5180 2021 5250 συναίσθησιν

434 5272 613 5340 ἔχοντι
661 5269 914 5340 τραπεζά
965 5285 1027 5324 τε
1077 5268 1230 5340 αὐτῷ
1269 5270 1618 5342 παρετίθετο,
1657 5272 1753 5324 καὶ
1785 5273 1816 5342 ἡ
1848 5272 2009 5342 κλίνη

433 5359 625 5412 τοῦτον
649 5354 798 5430 εἶχεν
827 5360 904 5425 ῶς
949 5360 1346 5432 ἀριστήσοντα.
1407 5361 1804 5434 Προσαίνοντος
1839 5363 1896 5416 δὲ
1924 5363 2019 5417 τοῦ

433 5453 664 5521 ἀρίστου
692 5455 880 5518 παῖδες
916 5454 1122 5524 ἰατρῶν
1145 5455 1383 5510 ἐνταῦθα
1403 5456 1832 5528 περιεστηκότες
1862 5457 1939 5520 ὡς
1961 5457 2022 5510 τὸ

434 5544 678 5616 ἐπίθεμα
708 5542 870 5610 εἶδον,
905 5547 1276 5602 ἐπυνθάνοντό
1313 5565 1374 5601 τε
1407 5548 1508 5617 τὴν
1543 5547 1638 5600 τοῦ
1701 5549 2022 5619 τραύματος

436 5636 618 5690 αἰτίαν
642 5638 737 5691 καὶ
760 5639 1106 5713 μαθόντεςτῇ
1129 5657 1190 5694 τε
1218 5641 1474 5714 τραπέζῃ
1502 5642 1892 5712 ἐπεμέμφοντο
1922 5643 2019 5694 καὶ

436 5727 626 5796 ἠξίουν
679 5731 881 5784 αὐτίκα
917 5732 1017 5802 τῆς
1073 5734 1253 5803 χειρδς
1312 5733 1601 5788 ἁπεῶσθαι
1661 5732 1856 5787 τοῦτο’
1891 5735 1918 5787 ὁ
1960 5733 2020 5788 δὲ

363 5847 372 5852 -
441 5821 750 5892 προσφῦναί
779 5841 838 5878 τε
896 5825 957 5878 τὸ
1012 5827 1240 5888 τραῦμα
1303 5827 1538 5883 ἐνταῦθα
1581 5826 1870 5881 διετείνετο
1926 5828 2017 5881 καὶ

2122 4556 2277 4610 erat,
2331 4545 2443 4613 ipsa
2496 4541 2815 4596 astrictione
2877 4539 2984 4608 25
3033 4540 3236 4594 arctius
3296 4539 3587 4604 inclusum,
3648 4539 3700 4590 in

2124 4637 2391 4706 reliquum
2446 4633 2784 4688 transfusum
2825 4643 2909 4687 ρει
2960 4645 3180 4698 corpus.
3236 4631 3313 4684 Ita
3351 4645 3473 4684 cum
3525 4616 3709 4684 nullus

2121 4727 2248 4782 dum
2281 4727 2498 4782 adesset
2528 4725 2704 4790 dolor,
2728 4731 2952 4794 paratur
2986 4723 3084 4792 ipsi
3125 4736 3334 4789 mensa,
3367 4720 3525 4791 eique
3553 4721 3701 4775 velut

2120 4835 2418 4891 pransurus
2457 4818 2744 4875 accumbit.
2797 4817 2945 4871 Inter
2998 4816 3395 4886 prandendum,
3453 4814 3544 4886 qui
3594 4816 3704 4870 cir-

2121 4909 2460 4964 cumstabant
2495 4908 2826 4963 medicorum
2872 4907 2989 4972 ﬁlii,
3019 4916 3080 4960 ut
3138 4906 3447 4978 appositum
3497 4905 3702 4973 empla-

2121 5009 2292 5055 strum
2325 5013 2682 5070 conspexere,
2738 4999 3012 5053 cicatricis
3056 5013 3296 5053 causam.
3338 4997 3599 5052 sciscitati
3647 5010 3714 5052 et.

2120 5092 2322 5157 edocti,
2360 5091 2749 5147 removendum
2792 5091 2921 5145 illud
2959 5106 2987 5144 a
3020 5106 3208 5156 manu,
3233 5098 3288 5144 et
3320 5105 3348 5143 a
3385 5104 3572 5143 mensa
3609 5091 3703 5142 ali-

2121 5183 2430 5238 stinendum
2459 5193 2814 5237 censuerunt.
2839 5181 3038 5237 Contra
3071 5181 3159 5236 ille
3178 5181 3284 5236 hoc
3306 5181 3702 5234 medicamento

2121 5275 2296 5331 coisse
2348 5274 2544 5330 vulnus
2597 5289 2697 5329 nec
2745 5274 3040 5344 quidquam
3104 5271 3229 5328 mall
3275 5272 3341 5326 de
3391 5280 3602 5325 tumore
3649 5281 3704 5323 et

2124 5364 2549 5420 inﬂammatione
2579 5379 2700 5419 sese
2730 5373 2970 5419 metuere
2989 5362 3226 5418 dicebat.
3254 5359 3384 5417 Post
3406 5362 3696 5432 prandium

2124 5471 2314 5514 somno
2343 5472 2403 5513 se
2431 5457 2598 5523 dedit,
2632 5459 2924 5525 statimque
2957 5455 3262 5511 acutissimi
3311 5455 3526 5511 dolores
3569 5456 3704 5512 sub-

2123 5551 2249 5617 orti,
2303 5559 2526 5620 totaque
2575 5565 2766 5604 manus
2795 5548 3070 5602 intumuit.
3105 5547 3375 5604 Convenit
3403 5548 3550 5604 illico
3583 5549 3705 5603 uni-

2126 5657 2280 5699 versa
2321 5641 2652 5696 medicorum
2691 5639 2868 5703 turba,
2898 5639 3136 5708 quidque
3171 5638 3312 5694 facto
3357 5639 3706 5710 opus.variis

2127 5733 2358 5791 invicem
2397 5731 2740 5800 disputavere
2783 5729 3085 5783 sententiis.
3123 5729 3351 5795 Quidam
3383 5731 3528 5783 enim
3581 5744 3711 5787 ceu-

2127 5827 2317 5884 sebant
2347 5822 2710 5905 resecandutn
2755 5832 3050 5890 tumorem,
3090 5825 3177 5879 alii
3226 5825 3466 5880 nondum
3527 5831 3706 5879 matus
