4096 6428
355 391 466 453 343

1643 395 1963 457 IOANNIS
2002 396 2331 459 ClNNAM‘l

3507 403 3624 470 3H»

355 504 446 572 qui
500 499 761 571 singulari
800 514 912 571 pra:
947 501 1158 557 caeteris
1219 501 1271 556 in
1300 512 1576 572 parentem
1610 520 1796 562 amore
1841 508 1937 562 lla-

2053 525 2162 573 πεις
2199 510 2293 562 καὶ
2329 508 2638 578 μελλόντων
2669 509 2846 582 ὀμφαὶ
2873 511 3107 581 γίνεται.
3145 514 3215 568 ’Ἀ
3265 514 3366 585 μὲν
3397 515 3492 572 οὖν
3521 521 3621 573 αὖ·

359 595 572 666 grabat,
625 602 836 649 naturae
892 594 1041 667 leges
1097 597 1384 665 reveritus,
1439 599 1690 655 demissis
1736 601 1928 666 oculis,

253 690 256 692 ·
355 699 635 754 pronoque
674 685 727 741 in
759 694 946 755 pectus
979 687 1174 759 capite,
1212 688 1451 759 profusis
1481 691 1738 762 lacrymis
1771 696 1928 764 pavi-

357 785 595 834 mentum
630 777 845 849 rigavit.
879 778 1230 850 Chlamydem
1268 790 1446 837 tamen
1493 783 1735 848 indutus,
1785 802 1928 840 smn-

353 877 556 938 ptoque
603 869 906 925 diademate
934 869 1002 924 ab
1037 871 1299 927 nniverso-
1333 874 1576 929 exerci.u
1633 875 1931 944 impera-tor

334 955 467 1033 '29
493 962 876 1031 proclamatur.
929 960 1168 1019 Joannes
1202 978 1330 1020 vero
1357 965 1544 1035 paucis
1583 977 1704 1036 post
1743 969 1933 1024 diebus

355 1058 610 1122 moritur,
652 1069 775 1109 cum
835 1063 974 1110 totos
1028 1055 1219 1124 viginti
1253 1057 1488 1127 quinque
1537 1074 1729 1121 annos,
1779 1075 1932 1115 men-

352 1163 550 1216 sesque
611 1155 819 1218 septem
865 1147 1134 1203 Romanis
1191 1150 1547 1219 imperasset,
1605 1162 1796 1207 octavo
1849 1155 1936 1209 die

355 1240 582 1306 mensis,
610 1255 770 1311 quem
817 1240 1109 1297 Xanticum
1163 1242 1364 1311 Grazci,
1422 1240 1650 1298 Romani
1692 1245 1931 1315 Aprilem

355 1341 576 1388 vocant.

2041 601 2132 664 τὸς
2153 601 2308 655 παιδὶ
2335 602 2504 672 τώμῷ
2522 603 2818 670 ξυνειδέναι
2845 600 3122 677 εἷχον,καὶ
3151 608 3215 679 δή
3246 626 3336 679 μοι
3360 609 3580 682 εἴρηται
3601 628 3620 646 ο

2042 693 2314 764 ὑμέτερον
2368 695 2416 747 δ’
2441 695 2508 750 ἂν
2564 697 2648 765 εἰη
2698 697 2798 767 τὴν
2853 697 3083 770 γνώμην
3109 699 3381 755 ἐπιθεῖναι
3435 703 3622 757 λοιπὸν

2042 788 2143 856 τὴν
2172 787 2408 841 ἑαυτῶν.
2447 807 2467 841 ι
2509 789 2776 854 Βασιλεὺς
2830 791 2930 861 μὲν
2977 792 3219 847 τοσαῦτα
3265 787 3454 859 εἶπεν,
3481 795 3531 845 οἱ
3564 793 3621 846 δὲ

2045 878 2144 932 σὺν
2175 879 2337 952 ἡδονῇ
2367 897 2426 933 τε
2457 881 2557 934 καὶ
2579 881 2846 953 δάκρυσιν
2883 883 3165 939 ἐπένευον.
3185 884 3246 939 ’0
3273 885 3331 938 δὲ
3364 887 3492 947 παῖς
3531 879 3632 954 (ἦν.

2041 969 2152 1040 γὰρ
2173 971 2497 1044 φιλοπάτωρ
2521 973 2681 1046 εἴπερ
2700 992 2783 1039 τις
2813 975 2994 1046 ἄλλος)
3021 976 3118 1030 καὶ
3150 976 3368 1046 φύσεως
3385 975 3622 1043 θεσμοὺς

2042 1062 2443 1134 εὐλαϐούμενος
2499 1067 2651 1120 κάτω
2681 1066 2959 1132 νενευκὼς
3003 1067 3099 1121 καὶ
3148 1069 3242 1122 ἐπὶ
3291 1068 3491 1139 στέρνα
3520 1067 3660 1135 τὴν-

2043 1155 2290 1225 κεφαλὴν
2325 1157 2540 1227 ῥίπτων
2589 1159 2825 1229 δάκρυσι
2881 1158 2945 1213 τδ
2985 1159 3216 1213 δάπεδον
3248 1159 3466 1212 ἔπλυνε.
3510 1157 3624 1226 Τὴν

2043 1248 2297 1318 χλαμύδα
2331 1250 2445 1319 (48)
2475 1251 2521 1306 δ’
2549 1252 2701 1322 ὅμως
2727 1251 3042 1323 περιδυθεὶς
3075 1253 3170 1306 καὶ
3203 1251 3514 1314 ταινιωθεὶς
3546 1249 3624 1318 τῷ

2042 1339 2342 1413 διαδήματι
2395 1342 2655 1413 βασιλεὺς
2708 1343 2814 1398 ὑπὸ
2883 1344 3088 1407 παντὸς
3134 1343 3467 1414 ἀνηγόρευτο
3526 1341 3623 1394 τοῦ

358 1425 793 1496 στρατεύματος.
823 1427 1089 1490 Βασιλεὺς
1148 1427 1206 1482 δὲ
1278 1427 1537 1501 Ἰωάννης
1577 1429 1788 1498 ὀλίγαις
1824 1431 1885 1484 τὸ
1946 1431 2201 1488 ἐντεῦθεν
2252 1435 2504 1500 ἐπιϐιοὺς
2565 1439 2806 1509 ἡμέραις
2873 1437 3010 1510 πρὸς
3064 1438 3166 1506 τὴν
3215 1436 3426 1490 ἐκεῖθεν
3471 1435 3634 1506 λῆξιν

359 1516 653 1584 μεθίστατο
680 1517 815 1588 (49),
864 1517 950 1587 ἐφ’
980 1518 1128 1582 ὅλοις
1173 1519 1338 1572 πέντε
1375 1519 1472 1574 καὶ
1505 1521 1710 1575 εἴκοσιν
1745 1522 2017 1584 ἐνιαυτοῖς
2078 1525 2174 1608 καὶ
2244 1528 2412 1598 μησὶν
2439 1529 2582 1582 ἑπτὰ
2617 1529 2909 1600 Ῥωμαίων
2974 1530 3166 1602 ἄρξας,
3236 1530 3432 1602 ὀγδόην
3460 1531 3623 1600 ἆγον-

354 1629 445 1674 τος
475 1612 644 1682 μηνὸς
673 1612 734 1666 ὃν
758 1613 1018 1683 Ἕλληνες
1058 1613 1158 1686 μὲν
1184 1613 1472 1681 Ξανθικὸν,
1511 1615 1793 1686 Ἀπρίλιον
1821 1617 1880 1672 δὲ
1930 1617 2193 1688 Ῥωμαῖοι
2227 1620 2506 1678 καλοῦσιν.

1707 1732 1808 1794 Du
1836 1733 2062 1813 Cangii
2089 1739 2279 1798 notat.

351 1833 684 1960 Πμέξέιγ
730 1835 1032 1906 χλαμύδα.
1063 1837 1214 1894 Adde
1234 1837 1565 1896 Willelmum
1607 1838 1855 1910 Tyrium,
1889 1841 1926 1896 Ι.

2036 1842 2126 1911 qni
2156 1842 2356 1898 dicitur
2388 1845 2614 1900 Pratum
2667 1846 2978 1900 Palliarum.
3023 1845 3141 1912 Quo
3176 1854 3386 1912 spectat
3418 1841 3630 1899 Leonis

2035 1914 2166 1988 imp.
2201 1913 2268 1967 de
2284 1914 2435 1988 illius
2463 1916 2683 1988 interitu
2715 1916 3053 1985 vaticinium,
3085 1916 3408 1980 τόποι;δ’ὲν
3430 1916 3623 1988 ὑγροῖς

426 1975 540 2055 μῼ)
576 1975 930 2031 Μεθίστατο.
958 1977 1048 2055 Ait
1080 1976 1274 2055 Tyrius
1319 1980 1928 2055 defunctnmloanoem

2053 1975 2130 2036 ιαῐ
2167 1985 2298 2055 παρ’
2331 1985 2524 2038 ἐλπίδα
2554 1988 2766 2050 πεσεῖς.

354 2044 458 2100 sub
481 2047 764 2102 Anavarza
799 2047 1054 2103 secundae
1078 2044 1283 2106 Ciliciae
1308 2051 1614 2121 metropoli,
1639 2054 1690 2108 in
1719 2069 1783 2109 eo
1812 2053 1940 2108 loco.

1668 2371 2111 2460 BIBAION
2188 2367 2292 2459 B'.

1750 2669 2058 2749 LIBER
2134 2668 2245 2748 IL

434 2942 485 2997 l.
520 2939 677 2997 hunc
713 2940 874 2998 linem
929 2941 1169 2998 habuere
1215 2953 1306 2998 res
1359 2939 1571 3000 JOanne
1609 2940 1939 3014 imperatore

2116 2944 2201 3016 [P.
2233 2941 2324 3013 16]
2355 2948 2424 2998 α’.
2459 2941 2540 2996 Τὰ
2582 2942 2681 3012 μὲν
2709 2941 2773 3011 δὴ
2802 2941 3064 3012 βασιλέως
3102 2942 3351 2997 Ἰωάννου
3382 2940 3632 2996 ἐνταῦθά

362 3045 549 3104 [χρειω.
573 3033 787 3090 Manuel
821 3049 953 3089 vero
981 3042 1199 3104 sceptro
1243 3036 1467 3105 potitus,
1495 3035 1594 3092 etsi
1628 3036 1957 3095 adolescens-

361 3129 452 3183 νει
486 3128 658 3200 prima
685 3142 942 3197 aspersus
990 3126 1268 3198 lanugine,
1299 3128 1524 3185 minime
1576 3135 1759 3186 tamen
1797 3139 1942 3186 tanta

362 3220 580 3289 imperii
629 3219 777 3275 mole
836 3219 1156 3290 perterritus
1186 3228 1291 3288 est,
1343 3220 1585 3291 nihilQue
1614 3223 1727 3293 egit
1775 3222 1942 3294 maje-

362 3320 505 3366 state
544 3311 692 3383 regia
723 3311 1026 3382 indignum.
1067 3309 1275 3367 l‘saacio
1297 3314 1440 3366 enim
1471 3311 1940 3385 Constantinopoli

363 3411 580 3473 agente,
623 3417 746 3459 cum
800 3403 996 3458 multos
1030 3403 1292 3460 subiisset
1316 3404 1558 3475 suspicio
1581 3404 1697 3462 fore
1725 3414 1782 3460 ut
1813 3422 1954 3462 neu-

365 3493 574 3562 tiquam
604 3509 665 3549 se
695 3509 725 3548 a
763 3495 926 3550 rebus
971 3494 1238 3555 novandis
1274 3494 1612 3562 contineret,
1664 3507 1848 3566 utpote
1891 3507 1947 3552 et

365 3587 434 3640 ad
467 3585 655 3639 turbas
690 3593 882 3655 suopte
931 3596 1135 3653 pronus
1177 3584 1393 3656 ingenio
1433 3594 1488 3640 et
1514 3587 1751 3656 quodam
1779 3587 1944 3642 animi

368 3675 796 3731 vehementioris
849 3675 1047 3744 impetu
1087 3676 1271 3733 omnia
1320 3677 1544 3747 exsequi
1584 3675 1798 3742 solitus,
1833 3687 1945 3732 tum

369 3766 607 3821 maxime
655 3767 798 3837 quod
850 3767 912 3822 id
953 3779 1192 3835 prazsens
1241 3767 1496 3822 suaderet
1549 3767 1785 3833 occasio,
1835 3769 1949 3824 haec

371 3868 552 3912 tamen
594 3857 851 3928 neglexit
906 3856 1224 3927 imperator.
1293 3857 1534 3928 Triginta
1591 3869 1771 3913 autem
1829 3870 1951 3931 post

370 3949 616 4019 parentis
651 3949 856 4005 obitum
894 3948 1086 4004 diebus
1119 3947 1228 4005 illic
1257 3959 1629 4006 commoratus
1663 3965 1768 4005 non
1801 3953 1952 4022 prius

371 4041 630 4107 excessit,
679 4057 840 4111 quam
895 4041 1040 4112 iusta
1087 4041 1263 4097 eidem
1313 4057 1413 4113 pro
1464 4057 1614 4098 more
1653 4045 1864 4117 peregis
1896 4055 1952 4100 et

372 4133 542 4203 (inter
575 4133 678 4188 alia
711 4134 853 4189 enim
886 4136 1274 4190 monasterium
1307 4137 1575 4192 exstruxit
1608 4151 1672 4192 eo
1696 4136 1835 4201 loco.
1864 4137 1950 4192 ubi

373 4235 528 4292 pater
556 4225 719 4280 vitam
750 4225 1006 4298 ﬁnierat),
1029 4235 1082 4282 et
1103 4226 1308 4282 Ciliciae
1331 4243 1420 4284 res
1449 4229 1500 4282 in
1525 4237 1642 4284 tuto
1662 4231 1951 4299 posuisset.

2050 3053 2142 3104 μοι
2171 3035 2346 3106 πέρας
2403 3034 2600 3105 ἐχέτω.
2656 3031 2920 3098 Βασιλεὺς
2961 3033 3019 3086 δὲ
3052 3033 3310 3104 Μανουὴλ
3339 3033 3450 3087 τῶν
3482 3035 3620 3104 σκή-

2049 3145 2238 3199 πτρων
2270 3127 2374 3201 ἤδη
2412 3125 2834 3197 ἐπιλαϐόμενος,
2892 3127 3178 3196 μειράκιον
3229 3125 3334 3192 ἔτι,
3387 3124 3621 3198 πρώτως

2046 3221 2174 3291 ἄρτι
2223 3218 2543 3288 γενειάζων,
2590 3217 2718 3272 οὔτε
2753 3218 3131 3291 ξυνεταρὰχθη
3178 3219 3314 3290 πρὸς
3340 3218 3431 3273 τὸν
3459 3219 3637 3286 δγκονν

2047 3314 2147 3384 τῆς
2180 3315 2354 3383 ἀρχῆς
2387 3311 2514 3366 οὔτε
2561 3311 2871 3380 τιλὰγεννὲς
2925 3311 3154 3366 ἔπαθεν.
3205 3310 3476 3364 Ίσαακίου
3513 3309 3624 3378 γὰρ

2049 3404 2172 3456 κατ’
2201 3403 2412 3455 ἐκεῖνον
2443 3401 2536 3455 τὸν
2565 3401 2768 3472 χρόνον
2820 3401 2879 3453 ὲν
2929 3399 3214 3470 Βυζαντίῳ
3257 3397 3625 3468 διατρίϐοντος

2050 3493 2290 3564 ὑποψίας
2335 3509 2395 3545 τε
2425 3491 2678 3546 ἐντεῦθεν
2710 3491 2837 3556 τοὺς
2888 3489 3180 3554 πλείστους
3211 3489 3510 3560 εἰσιούσης,
3551 3489 3636 3551 ὡς

2049 3586 2152 3639 οὐκ
2205 3585 2271 3639 ἂν
2314 3601 2446 3638 ποτε
2492 3585 2783 3656 ἀνάσχοιτο
2827 3584 2903 3655 μὴ
2945 3583 3143 3639 αὐτίκα
3193 3600 3248 3638 τι
3279 3583 3627 3654 νεωτερίσαι,

2053 3678 2215 3749 φύσει
2240 3678 2338 3747 μὲν
2369 3679 2465 3731 καὶ
2499 3677 2674 3742 ἄλλως
2703 3675 2921 3747 δύσερις
2946 3676 3023 3730 ὣν
3053 3679 3146 3730 καὶ
3189 3675 3348 3746 Θυμῷ
3372 3677 3441 3729 τὰ
3471 3673 3626 3728 πλεῖ-

2053 3782 2158 3821 στα
2192 3766 2589 3835 διοικούμενος,
2643 3767 2766 3820 τότε
2812 3768 2858 3822 δ’
2895 3765 2990 3824 οὖν
3020 3770 3117 3822 καὶ
3173 3768 3499 3840 προφάσεως
3549 3770 3641 3830 είς

2051 3859 2212 3914 τοῦτο
2236 3860 2560 3929 λαϐόμενος,
2595 3861 2630 3914 ὀ.
2651 3859 2710 3913 δὲ
2735 3860 2927 3916 τούτου
2971 3862 3073 3932 μὲν
3091 3855 3258 3934 ἦττον
3287 3861 3631 3930 ἐφρόντισεν,

2054 3948 2140 4017 ἐφ’
2187 3947 2337 4012 ὅλαις
2363 3948 2420 4002 δὲ
2444 3949 2744 4019 τριάκοντα
2791 3949 2904 4019 (50)
2965 3949 3109 4020 μετὰ
3153 3950 3254 4020 τὴν
3297 3947 3394 4002 τοῦ
3424 3948 3632 4018 πατρὸς

2054 4040 2312 4113 τελευτὴν
2340 4040 2417 4111 τῷ
2443 4040 2607 4112 χώρῳ
2635 4041 2984 4113 ένδιατρίψας
3011 4043 3247 4114 ἡμέραις
3271 4041 3333 4094 οὐ
3367 4041 3646 4110 πρότερον.

2058 4130 2267 4184 ἐκεῖθεν
2295 4131 2506 4202 ἀπῆρε,
2539 4132 2670 4202 πρὶν
2700 4132 2766 4186 ἂν
2797 4132 2874 4203 τῷ
2907 4133 3080 4204 πατρὶ
3123 4133 3222 4203 τὴν
3280 4131 3435 4186 ὁσίαν
3471 4131 3543 4194 ὡς
3572 4133 3636 4184 ab

2061 4219 2124 4293 [P
2187 4221 2279 4294 l7]
2331 4223 2478 4286 εἰκὸς
2507 4222 2784 4284 ἐξετέλεσε
2819 4224 2980 4295 (πρὸς
3027 4225 3136 4295 γὰρ
3164 4227 3276 4286 τοῖς
3323 4225 3504 4287 ἄλλοις
3541 4224 3636 4276 καὶ

373 4317 484 4389 30
511 4317 836 4374 Antioclicni
870 4326 1072 4386 autem,
1099 4320 1188 4389 qui
1217 4317 1425 4376 Joanne
1455 4321 1630 4377 adhuc
1663 4321 1947 4392 superstite

2061 4312 2486 4383 φροντιστήριον
2519 4311 2615 4364 ἐπὶ
2657 4311 2753 4365 τοῦ
2789 4312 2958 4366 τόπου
2998 4312 3274 4383 ἱδρύσατο,
3305 4309 3366 4366 οὗ
3390 4313 3455 4382 δὴ
3502 4314 3636 4365 ἐκεῖ·

375 4409 735 4466 del'ectionem
784 4421 1153 4481 paraverant,
1205 4427 1301 4482 per
1382 4412 1591 4483 legatos
1653 4412 1953 4469 Manuelem

375 4509 591 4570 rogant,
618 4500 813 4571 utagri
844 4502 926 4555 sui
959 4500 1176 4567 ﬁnibus,
1215 4516 1373 4571 quem
1406 4512 1460 4558 et
1489 4505 1556 4558 ad
1605 4503 1791 4558 urbem
1834 4519 1958 4574 per-

381 4594 554 4648 tinere
593 4593 1014 4660 contendebant,
1055 4607 1154 4648 nec
1185 4594 1289 4648 nisi
1333 4610 1431 4665 per
1473 4597 1580 4650 vim
1609 4610 1638 4648 a
1668 4594 1950 4660 Romanis,

379 4683 650 4753 nulloque
683 4684 806 4753 jure
861 4684 1145 4752 possideri,
1190 4685 1492 4740 decederet.
1544 4685 1673 4741 Haec
1730 4687 1830 4741 fuit
1883 4689 1957 4741 le-

378 4777 612 4848 gationis
641 4790 892 4832 summa-
929 4775 1137 4843 Quibus
1172 4787 1360 4834 contra
1397 4779 1696 4849 imperator
1728 4781 1780 4834 in
1817 4782 1959 4836 hanc

379 4867 706 4922 sententiam
743 4868 1024 4937 respondit
1053 4887 1067 4923 :
1102 4887 1120 4920 ι
1144 4867 1330 4924 Palam
1361 4879 1443 4925 est
1471 4870 1740 4933 omnibus,
1777 4869 1958 4940 legali,

383 4960 649 5016 nihildum
701 4961 824 5016 mali
858 4977 886 5015 a
916 4962 1070 5018 nobis
1104 4977 1388 5034 perpessos
1419 4978 1540 5018 esse
1568 4963 1959 5030 Antiocheam;

385 5055 430 5110 si
465 5069 594 5108 vero
637 5069 756 5124 quae
803 5055 893 5110 cui
941 5055 1118 5109 ablata
1167 5064 1297 5110 sunt
1342 5054 1410 5110 ab
1455 5055 1596 5120 aliis,
1650 5071 1861 5124 acquum
1891 5055 1963 5111 sit

386 5146 659 5216 prioribus
687 5146 923 5202 dominis
945 5147 1158 5203 restitui
1193 5162 1209 5200 :
1238 5163 1336 5201 cur
1363 5163 1466 5202 non
1504 5157 1558 5202 ct
1587 5163 1681 5202 vos
1707 5147 1963 5203 Romanis

386 5238 529 5293 ultro
557 5239 885 5304 reddidistis,
911 5239 1281 5305 Antiochiam,
1305 5238 1530 5308 sed|rem
1559 5239 1963 5304 eudeduxistis,

273 5321 280 5326 ’
387 5338 452 5385 nrt
477 5331 525 5386 vi
555 5339 622 5397 ,ει
657 5330 826 5385 armis
863 5317 1070 5400 parenti
1118 5344 1239 5386 meo
1280 5330 1565 5401 repetenda
1613 5331 1795 5387 esset?
1825 5331 1965 5397 Quid

388 5421 580 5476 enim?
624 5436 808 5477 nonne
847 5435 968 5476 eam
1026 5419 1204 5477 Persae
1231 5435 1354 5477 cum
1395 5422 1557 5478 nobis
1587 5433 1823 5490 pareret,
1865 5437 1966 5477 ex-

2058 4419 2149 4457 νον
2184 4403 2284 4475 τὴν
2314 4402 2494 4475 ψυχὴν
2524 4404 2750 4474 ἀφεῖναι
2791 4403 3106 4475 τετύχηκε),
3157 4405 3253 4458 καὶ
3291 4403 3362 4458 τὰ
3394 4403 3648 4457 Κιλίκων,

2061 4495 2366 4565 πράγματα
2394 4497 2452 4548 έν
2475 4494 2551 4566 τῷ
2573 4494 2811 4566 ἀσφαλεῖ
2837 4497 3231 4565 κατεστήσατο.
3260 4495 3552 4565 Ἀντιοχεῖς
3576 4494 3634 4545 δὲ

2061 4589 2156 4642 καὶ
2188 4588 2456 4658 πρότερον
2489 4587 2587 4658 μὲν
2635 4587 2902 4658 βασιλέως
2946 4587 3196 4641 Ἰωάννου
3233 4586 3313 4641 ἐτι
3349 4587 3634 4658 περιόντος

2063 4685 2250 4755 χειρὸς
2275 4688 2375 4755 τῆς
2405 4683 2620 4737 ἐκείνου
2657 4684 3002 4756 ἀποσκιρτᾷν
3027 4683 3282 4755 ἤρξαντο,
3311 4685 3434 4737 τότε
3464 4683 3520 4736 δὲ
3543 4685 3636 4736 ἐπὶ

2065 4777 2292 4848 βασιλέα
2327 4777 2650 4846 πέμψαντες
2683 4776 2944 4848 Μανουὴλ
2992 4777 3088 4830 καὶ
3135 4778 3302 4847 ὀρ’ων
3347 4777 3495 4844 σφίσι
3536 4777 3637 4845 γῆς

2067 4869 2405 4940 ὑπεκστῆναι
2443 4869 2656 4939 ἠξίουν,
2687 4869 2724 4924 ἃ.
2751 4868 2909 4922 πόλει
2962 4867 3071 4939 μὲν.
3089 4871 3154 4938 τῇ
3205 4868 3386 4921 αὐτῶν
3415 4869 3648 4938 ἀνήκειν.

2065 4961 2329 5030 ἔφασκον,
2364 4960 2458 5032 βίᾳ
2506 4961 2563 5014 δὲ
2615 4961 2708 5014 καὶ
2751 4961 2811 5013 οὐ
2866 4959 2960 5025 ξὺν
2996 4959 3074 5029 τῷ
3118 4960 3310 5027 δικαίῳ
3355 4960 3491 5029 πρὸς
3529 4959 3639 5011 τῶν

2078 5049 2373 5120 Ῥωμαίων
2401 5047 2470 5101 τὰ
2502 5047 2598 5102 νῦν
2647 5047 2887 5119 ἔχεσθαι.
2939 5049 3002 5102 Οἱ
3060 5048 3163 5118 μὲν
3200 5047 3375 5102 ταῦτα
3431 5046 3640 5114 ἔλεγον,

2069 5142 2330 5214 βασιλεὺς
2367 5140 2424 5194 δὲ
2461 5141 2544 5203 είς
2595 5140 2894 5208 ἀπολογίαν
2947 5140 3134 5203 αὐτοῖς
3183 5137 3463 5201 καταστὰς⁹
3496 5137 3646 5201 ἔλεξε

2067 5234 2282 5288 τοιάδεο
2315 5251 2335 5284 ι
2395 5231 2484 5296 Ὠς
2518 5233 2622 5304 μὲν
2653 5229 2868 5294 οὐδενὸς
2915 5231 2995 5284 ἔτι
3043 5230 3287 5301 φλαύρου
3325 5230 3455 5300 παρ’
3489 5230 3640 5300 ἡμῶν

2082 5327 2376 5397 Ἀντιοχεῖς
2424 5323 2756 5396 πειραθῆναι
2813 5322 3128 5390 ξυνέπεσεν,
3177 5323 3222 5375 ὦ
3273 5323 3466 5391 ἄνδρες
3513 5339 3633 5392 πρε-

2071 5417 2318 5483 σϐευταὶ,
2353 5415 2514 5468 παντί
2549 5431 2654 5468 που
2712 5413 2873 5485 δῆλόν
2902 5417 3072 5468 ἐστιν.
3130 5415 3190 5467 Εἰ
3225 5413 3282 5467 δὲ
3321 5415 3355 5468 ἃ
3388 5431 3474 5478 τις
3515 5415 3644 5481 παρ’

392 5513 749 5582 pugnarunt?
785 5512 902 5580 ejus
951 5521 1132 5567 autem
1176 5515 1227 5567 in
1274 5521 1540 5582 potestate
1574 5527 1696 5568 esse
1743 5514 1947 5568 crediti:

2071 5511 2280 5580 ἑτέρων
2304 5506 2604 5577 ἀφῄρηται,
2621 5503 2795 5558 ταῦτα
2814 5504 2878 5576 δή
2907 5505 3041 5575 παρ’
3065 5503 3242 5558 ἄλλων
3271 5503 3655 5576 ἀποφέρεσθατ

397 5603 518 5669 hos,
539 5619 676 5675 quos
707 5620 734 5658 a
762 5605 918 5660 nobis
951 5605 1210 5676 repetitis,
1233 5604 1406 5660 lines?
1437 5605 1644 5661 scilicet
1667 5605 1947 5661 Antichia

2072 5607 2280 5661 δίκαιον
2309 5602 2373 5657 ἂν
2402 5603 2524 5675 εἴη,
2562 5602 2612 5658 τί
2645 5601 2722 5672 μὴ
2754 5603 2850 5656 καὶ
2899 5602 3076 5672 ὑμεῖς-
3101 5600 3438 5671 Ἀντιόχειαν
3489 5598 3654 5671 τήνδε

1743 5723 1844 5784 Du
1875 5721 2098 5802 αδηείὶ
2135 5728 2322 5784 notas.

473 5819 859 5897 (50HP.__&35]
913 5821 1251 5894 Τριάκοντα.
1323 5822 1542 5881 Nicetes
1591 5825 1642 5880 in
1707 5824 1846 5881 M'an.
1904 5823 1938 5878 l.
1973 5841 2010 5890 ι,
2052 5838 2112 5878 n.
2143 5823 2207 5899 1..
