4096 6408
346 380 452 441 345

1587 399 2127 463 HISTORIARUM
2167 404 2316 470 LlB.
2360 406 2443 469 Ιῐ.

3511 420 3618 481 346

344 494 652 564 Ῥωμαίοις
684 496 952 550 ἀπέδοσθε
983 497 1275 569 πρότερον,
1332 502 1471 557 ἀλλὰ
1516 508 1663 577 χειρὶ
1710 511 1803 563 καὶ
1837 508 1928 581 βίᾳ

2036 528 2151 569 esse
2186 516 2399 583 dicetis,
2457 534 2575 587 qtue
2625 521 2841 588 quidem
2892 532 2947 579 et
2993 525 3104 595 ipsa
3161 527 3433 596 quondam
3486 548 3613 599 pars

344 586 550 658 ταύτην
583 589 721 658 πρὸς
748 590 954 659 πατρδς
983 591 1266 661 άρῄρεσθε
1297 597 1539 666 τούμοῦς
1568 601 1637 652 Ἦ
1665 601 1765 671 οὐχ
1790 602 1923 671 ἡμῖν

338 678 552 749 Πέρσαι
575 680 937 736 δουλεύουσαν
960 685 1246 753 ἀφείλοντο
1293 690 1593 761 πρότερονς
1628 694 1833 757 Ἄλλως
1873 697 1930 751 δέ

338 772 495 838 τίνος
532 772 663 827 ὄντα
694 777 855 829 ταυτὶ
897 776 957 839 ἐξ
986 778 1144 847 ήμῶν
1174 780 1475 849 λαμϐάνειν
1520 786 1791 852 αἰτεῖσθε,
1833 789 1932 843 πό-

337 874 485 929 λεως
524 866 897 938 Ἀντιοχείαςς
944 870 1007 923 Ἥ
1058 870 1114 924 δὲ
1174 875 1268 925 καὶ
1314 876 1452 945 αὐτὴ
1502 878 1694 945 φθάνει
1734 881 1931 951 κράτει

337 958 685 1015 δουλεύουσα
706 960 785 1032 τῷ
811 963 992 1032 ήμῶν.
1045 965 1109 1017 Εἰ
1136 964 1193 1018 δὲ
1237 966 1309 1019 τὰ
1337 968 1466 1037 ὑμῖν
1496 971 1683 1035 αὐτοῖς
1722 972 1934 1043 ὡμολο-

341 1052 568 1122 γημένα
598 1054 712 1123 (5i)
756 1056 1121 1125 παραϐαίνειν
1147 1057 1278 1127 ὑμῖν
1312 1061 1551 1145 αἰσχύνη
1581 1064 1833 1135 οὐδεμία,
1876 1066 1931 1121 τί

339 1146 457 1199 τῶν
487 1146 717 1201 δικαίων
753 1148 1064 1218 παρόρασιν
1096 1151 1493 1218 ἐπικαλοῦντες
1541 1156 1675 1226 ήμῖν
1705 1159 1928 1229 πάριτε,

348 1242 411 1294 οῖ
437 1258 501 1309 γε
525 1240 755 1304 εὐθύνας
786 1243 988 1312 μᾶλλον
1010 1243 1070 1311 ἐξ
1109 1244 1264 1311 ὑμῶν
1293 1246 1521 1311 δικαίως
1566 1248 1633 1303 ἂν
1682 1252 1934 1306 ἀπαιτοῖ-

346 1348 487 1403 μσνς
532 1332 691 1387 Ἀλλά
718 1332 788 1386 τὰ
818 1334 917 1405 μὲν
948 1336 1081 1406 περὶ
1127 1335 1321 1391 τούτου
1352 1340 1545 1407 καιρὸς
1571 1343 1599 1393 ὁ
1628 1344 1930 1412 προσήκων

345 1426 489 1493 ἡμῖν
516 1425 866 1495 παραστῆσαι
898 1426 1080 1490 ἱκανὸς
1111 1426 1269 1482 ἔσται
1293 1445 1307 1461 ’
1353 1430 1415 1482 τὸ
1443 1431 1501 1484 δέ
1529 1432 1624 1485 νῦν
1654 1434 1929 1505 ἀπόστητε

340 1514 459 1567 τῶν
502 1515 564 1567 οὐ
606 1515 996 1583 προσηκόντων
1038 1518 1285 1572 κελεύω·
1327 1521 1451 1589 ἐμοὶ
1486 1520 1594 1591 γὰρ
1622 1524 1852 1595 αὐξῆσαι
1894 1525 1930 1580 ἃ

342 1603 487 1673 πρὸς
521 1607 731 1677 πατρὸς
774 1608 857 1671 εἰς
883 1611 1073 1677 χεῖρας
1107 1603 1273 1680 ἦλθον
1301 1611 1461 1681 ἐμὰς,
1494 1612 1569 1683 μὴ
1602 1613 1668 1667 ἂν
1698 1614 1933 1667 ἐλαττῶ-

343 1722 441 1758 σαι
476 1706 727 1771 γένοιτοί
764 1725 782 1758 ι
814 1707 941 1771 Τοῖς
974 1707 1241 1777 πρέσϐεσι
1274 1708 1373 1777 μὲν
1399 1710 1573 1761 ταῦτα
1608 1705 1785 1763 εἷπενο
1817 1710 1846 1761 ὁ
1872 1708 1930 1762 δὲ

344 1799 441 1853 ἐπὶ
470 1799 571 1863 τὰς
602 1800 734 1863 ναῦς
765 1800 820 1852 αἳ
851 1800 1002 1870 παρὰ
1042 1803 1135 1852 τὶν
1182 1802 1443 1873 Πύραμον
1471 1801 1777 1872 ὡρμίζοντο
1837 1821 1932 1856 πο-

346 1890 550 1960 ταμὸν,
584 1889 643 1953 ὃς
667 1890 755 1944 διὰ
777 1890 1160 1959 Μόψουεστίας
1197 1892 1500 1963 φερόμενος
1522 1893 1616 1946 ἐπὶ
1651 1893 1932 1948 θάλασσαν

349 1984 591 2036 ποιεῖται
644 1982 745 2052 τὴν
799 1982 1072 2053 ἐκϐολὴν,
1116 1985 1214 2037 σὺν
1257 1987 1560 2055 προπομπῇ
1597 1986 1689 2038 τὸν
1739 1987 1933 2057 νεκρὸν

350 2074 600 2143 κατῆγεν
645 2072 812 2137 αὐτὸς
862 2074 976 2145 ἅμα
1025 2076 1137 2137 τοῖς
1186 2076 1584 2144 γνησιωτάτοις
1636 2076 1730 2129 τὸν
1777 2076 1932 2147 ὦμον

353 2162 607 2233 ὑποσχὼν
637 2166 703 2233 τῇ
740 2163 906 2233 σορῷ.
948 2162 1177 2234 Ἐπειδή
1220 2181 1282 2216 τε
1328 2164 1539 2219 ἐκεῖθεν
1572 2168 1623 2219 οἰ
1651 2167 1933 2237 δρόμωνες

354 2258 448 2309 ἐπὶ
482 2257 763 2311 θάλασσαν
798 2257 899 2327 ήδη
938 2256 1182 2325 ἀφῆκαν,
1217 2256 1387 2321 λύσας
1432 2258 1527 2312 καὶ
1558 2253 1715 2324 οὗτος
1746 2260 1932 2315 λοιπὸν

353 2351 459 2418 τὴν
506 2348 934 2417 στρατοπεδείαν
960 2349 1047 2401 διὰ
1087 2349 1261 2418 μέσης
1307 2348 1508 2420 ἐχώρει
1557 2349 1659 2417 τῆς
1700 2351 1933 2422 Περσῶν

355 2442 463 2508 γῆς
515 2441 787 2509 ἁκηρυκτὶ
832 2437 1168 2502 διαϐιϐάζων
1215 2439 1276 2492 τὸ
1334 2442 1671 2510 στράτευμα.
1709 2441 1855 2513 Πρὸς
1903 2441 1932 2495 δ

354 2532 569 2599 Πέρσαι
623 2529 1072 2597 καταπλαγέντες
1124 2530 1226 2599 τῆς
1278 2529 1486 2602 τόλμης
1530 2548 1590 2585 τε
1637 2532 1699 2585 τὸ
1741 2534 1931 2603 περιὸν

348 2628 694 2696 άγασάμενοι
722 2626 833 2681 οὐδ’
860 2626 1297 2693 ἀντιϐλεπτῆσαι
1344 2627 1642 2701 Ῥωμαίοις
1664 2630 1930 2702 ἐτόλμωνο

347 2722 649 2776 συνέϐαινέ
676 2738 737 2775 τε
770 2719 972 2784 αὐτοὺς
998 2720 1074 2784 ὡς
1101 2720 1168 2774 δι’
1199 2721 1412 2783 οἰκείας
1440 2723 1631 2776 λοιπὸν
1660 2724 1799 2779 ἱέναι
1829 2726 1930 2797 τῆς

343 2815 667 2886 ἀλλοτρίας.
712 2799 926 2882 ’θ’μέν
984 2815 1078 2870 οὖν
1122 2816 1203 2879 εἰς
1254 2817 1355 2889 τὴν
1392 2817 1684 2888 Ῥωμαίων
1737 2817 1798 2872 οὐ
1839 2819 1931 2874 διὰ

349 2905 571 2958 πολλῶν
601 2905 852 2959 εἰσέϐαλε
881 2907 1017 2975 γῆν·
1046 2905 1103 2959 αἱ
1143 2904 1200 2959 δὲ
1241 2906 1496 2977 τριήρεις
1538 2908 1598 2970 ἐς
1638 2907 1934 2973 Βυζάντιον

353 2997 681 3067 ἀναχθεῖσαι
713 2996 812 3067 τὴν
846 2995 1111 3066 βασιλέως
1150 2995 1301 3048 κόνιν
1323 2999 1388 3065 τῇ
1423 2997 1604 3068 χέρσῳ
1636 2998 1928 3065 ἀπέδοσαν,

348 3091 418 3161 ἣν
449 3089 789 3161 ήῬωμαίων
819 3088 1086 3159 γερουσία
1116 3088 1557 3161 μεγαλοπρεπῶς
1579 3090 1933 3146 ἀπολαϐοῦσα

2035 604 2244 673 imperii
2281 608 2449 663 nostri
2487 610 2604 665 luit.
2646 612 2797 677 Quod
2833 615 2875 667 si
2918 632 3037 685 qua)
3073 633 3167 672 vos
3204 620 3303 679 ipsi
3334 624 3611 691 pepigistis

2038 696 2240 752 hedera
2286 700 2489 753 violare
2544 702 2673 756 nihil
2731 719 2827 759 vos
2877 709 3058 773 pudet,
3110 710 3237 778 quid
3290 714 3612 778 posthabita-

2026 784 2251 850 jnstitiae
2306 790 2510 845 crimen
2560 794 2713 847 nobis
2768 796 3150 866 ingeritis,qni
3190 801 3344 867 longe
3389 805 3609 872 :rquiori

2030 877 2156 946 jure
2186 893 2375 948 poenas
2412 896 2440 935 a
2485 884 2636 937 vobis
2664 886 2991 940 debebamus
3031 894 3310 959 repetere?
3366 894 3471 947 Sed
3517 896 3614 948 bas

2034 964 2182 1022 forte
2239 978 2452 1039 tempus
2492 975 3062 1041 Opportttniusnostro
3112 980 3309 1047 pendet
3363 982 3613 1050 imperio.

2038 1058 2147 1115 Vos
2179 1063 2394 1117 interim
2438 1064 2507 1118 ab
2552 1064 2618 1119 iis
2667 1080 2787 1134 quae
2819 1078 2994 1122 vestra
3027 1086 3130 1123 nou
3165 1080 3293 1125 sunt
3345 1073 3617 1126 abstinere.

2027 1151 2194 1220 jubeo
2233 1169 2248 1207 :
2283 1169 2403 1208 nam
2432 1169 2553 1224 qua:
2591 1157 2719 1210 mibi
2755 1173 2782 1210 a
2815 1168 2968 1226 patre
3000 1161 3195 1213 tradita
3233 1170 3360 1214 sunt
3394 1177 3614 1230 angere,

2040 1258 2146 1298 non
2182 1248 2429 1300 minuere
2453 1257 2537 1301 cst
2566 1248 2836 1303 animus.»
2868 1250 2940 1303 lla
2981 1252 3069 1305 ille
3096 1252 3284 1323 legatis
3314 1253 3613 1321 respondit.

2033 1333 2165 1390 Inde
2208 1338 2273 1389 ad
2306 1352 2470 1391 naves
2514 1337 2568 1391 in
2604 1338 2834 1410 Pyramo
2881 1341 3065 1407 ﬂuvio,
3092 1343 3183 1413 qtti
3227 1343 3613 1413 Mopsucstiani

2035 1425 2283 1481 dividens
2317 1427 2369 1482 in
2416 1428 2519 1499 31
2553 1445 2701 1483 mare
2726 1431 3043 1497 eminditnr,
3099 1434 3465 1489 subsistentes
3521 1450 3618 1503 pa-

2036 1520 2203 1573 rentis
2272 1521 2433 1575 l'unus
2490 1536 2611 1576 cum
2688 1539 2882 1590 magna
2942 1526 3392 1595 subsequentium
3458 1527 3615 1581 turba

2034 1607 2272 1676 deducit,
2329 1611 2445 1681 ipso
2489 1614 2694 1684 pariter
2745 1624 2799 1669 et
2852 1618 3065 1686 agnatis
3120 1616 3323 1674 feretro
3358 1619 3616 1673 humeros

2033 1702 2485 1769 supponentibus.
2533 1701 2665 1760 Inde
2724 1715 2780 1758 ttt
2813 1707 3072 1761 cursoriaa
3114 1723 3264 1762 mare
3296 1709 3617 1777 attigerunt,

2038 1792 2201 1844 movit
2232 1802 2284 1847 et
2314 1792 2431 1862 ipse
2460 1803 2635 1848 castra
2659 1797 2951 1865 copiasque
2982 1812 3078 1867 per
3101 1799 3305 1852 medias
3328 1796 3616 1851 Persarum

2037 1892 2230 1948 terras,
2267 1900 2370 1939 non
2419 1888 2585 1954 petito
2612 1904 2707 1957 per
2749 1888 2955 1958 legatos
3000 1900 3328 1954 commeatu,
3375 1889 3619 1953 deduxit,

2033 1960 2141 2048 quo
2171 1978 2288 2048 ejus
2316 1978 2463 2037 facto
2492 1982 2705 2035 attoniti
2734 1982 2908 2036 Persae
2948 1983 3071 2037 licet
3099 1985 3256 2036 talem
3285 1984 3620 2036 mirarentur

2036 2072 2346 2140 audaciam,
2400 2074 2534 2128 nibil
2592 2082 2771 2129 tamen
2830 2083 3019 2128 contra
3070 2072 3344 2129 Romanos
3376 2074 3615 2128 vicissim

2032 2170 2303 2217 attentare
2335 2163 2451 2219 ausi
2498 2174 2645 2219 sunt.
2716 2164 2791 2220 lta
2847 2166 2925 2220 illi
2980 2182 3076 2237 per
3132 2167 3367 2223 hostium
3448 2165 3619 2220 nihiln

2033 2253 2281 2309 securius
2311 2270 2472 2324 quam
2516 2271 2611 2324 per
2658 2257 2929 2327 propriam
2987 2258 3244 2313 ditionem
3287 2257 3612 2327 transgressi

2034 2354 2181 2400 sunt.
2220 2344 2405 2415 Neque
2458 2346 2531 2400 ita
2581 2348 2749 2403 nmlto
2801 2358 2922 2418 post
2968 2348 3179 2418 imperii
3232 2349 3369 2403 lines
3403 2348 3615 2403 Mantth

2036 2434 2154 2503 ipse
2212 2436 2411 2505 attigit.
2461 2436 2736 2492 Triremes
2778 2449 2962 2494 autem
3017 2440 3333 2510 Byzantium
3382 2438 3616 2507 appulsae

2034 2525 2296 2597 principis
2328 2528 2541 2583 cineres
2582 2528 2637 2583 in
2666 2538 2875 2584 terram
2907 2543 3298 2601 exposuerunt,
3327 2545 3466 2600 quos
3499 2545 3614 2581 ma-

2037 2617 2234 2687 gniﬁce
2265 2631 2549 2688 susceptos
2580 2630 2803 2676 senatus
2834 2621 3110 2678 Romanus
3141 2622 3195 2677 iu
3224 2621 3613 2676 monasterium

2036 2722 2235 2788 intulit,
2275 2724 2419 2793 quod
2462 2725 2773 2794 imperatrix
2809 2724 2981 2789 lrene.
3008 2735 3065 2781 ut
3098 2741 3257 2794 supra
3295 2724 3615 2785 indicatum,

2034 2824 2379 2871 cxstrnxerat
2424 2817 2738 2886 dicaratqne
2790 2818 2900 2872 Deo
2948 2817 3328 2887 omnipotenti.
3376 2816 3446 2869 At
3491 2830 3615 2869 cum

2035 2910 2309 2978 inperator
2344 2908 2570 2963 reditum
2606 2910 2931 2977 institueret,
2956 2925 3019 2965 ac
3053 2908 3279 2965 necdum
3325 2908 3391 2962 de
3456 2907 3617 2961 sebat~

2033 3010 2333 3055 stocratore
2361 3000 2653 3071 quidquam
2699 3000 2975 3066 audisset,
3036 3011 3202 3069 utque
3274 3000 3617 3071 tyrannidem

2035 3094 2375 3149 aﬂ‘ectantem
2437 3093 2721 3158 nonnulli,
2785 3093 2982 3162 quibus
3048 3108 3227 3146 rerum
3281 3092 3615 3160 publicarum

355 3185 437 3245 εἰς
477 3183 539 3236 τδ
571 3182 715 3253 ἱερὸν
748 3179 1079 3251 παρέπεμψε
1112 3182 1562 3252 φροντιστήριον,
1600 3181 1738 3251 ὅπερ
1773 3184 1805 3254 ὴ
1834 3184 1928 3254 βα-

2036 3200 2155 3239 cura
2190 3184 2505 3238 demandata
2540 3192 2679 3249 erat,
2709 3183 2831 3237 dolo
2861 3184 3099 3251 aggressi
3132 3185 3185 3237 in
3215 3182 3605 3250 omnipotentis

349 3276 493 3338 σιλὶς
514 3316 530 3339 ,
568 3274 821 3344 καθάπερ
851 3273 1012 3343 ἔφην,
1063 3273 1267 3343 Εἰρήνη
1300 3273 1397 3326 ἐπ’
1426 3274 1655 3343 ὀνόματι
1682 3274 1777 3327 τοῦ
1804 3293 1933 3329 παν-

344 3370 685 3440 τοκράτορος
714 3367 1013 3436 ἐτύγχανεν
1059 3367 1161 3439 ἢδη
1190 3366 1570 3439 δομησαμὲνη.
1621 3368 1842 3424 Βασιλεῖ
1876 3370 1934 3424 δὲ

346 3461 615 3532 Μανουὴλ
638 3460 719 3514 ἔτι
746 3460 875 3531 περὶ
909 3460 1009 3529 τὴν
1053 3460 1316 3515 ἐπάνοδον
1345 3459 1524 3532 ἔχοντι
1546 3501 1562 3526 ,
1603 3461 1795 3533 ἐπειδὴ
1826 3480 1934 3533 μη·-

346 3554 504 3608 δέπω
533 3554 601 3607 τά
635 3553 777 3607 κατά
802 3552 893 3606 τὸν
926 3552 1416 3622 σεϐαστοκράτορα
1447 3552 1695 3618 πύθοιτο,
1725 3553 1824 3608 καὶ
1857 3554 1935 3618 ὡς

348 3650 455 3721 ήδη
482 3646 761 3718 τυραννίδι
796 3644 1082 3699 ἐπιθέσθαι
1132 3645 1565 3715 βουλευσάμενον
1609 3647 1746 3718 δόλῳ
1771 3648 1938 3702 ὑπελ-

350 3738 566 3801 θόντες,
634 3731 721 3800 οἷς
777 3735 845 3789 τὰ
905 3734 1170 3806 βασιλέως
1210 3736 1588 3808 ἐπιτέτραπτο
1640 3739 1934 3809 πρότερον,

350 3830 674 3899 ἔμφρουρον
717 3827 795 3897 τῷ
841 3826 937 3880 τοῦ
984 3828 1431 3897 παντοκράτορος
1473 3830 1694 3899 τεμένει
1748 3833 1938 3903 ἐποιή-

352 3932 540 3979 σαντο,
574 3914 754 3968 ἔννοια
777 3916 969 3982 γέγονε
1009 3918 1221 3986 μήποτε
1253 3918 1364 3969 τῶν
1387 3918 1486 3971 σὺν
1520 3918 1672 3987 αὐτῷ
1696 3937 1808 3972 τισι
1841 3921 1938 3975 καὶ

353 4008 592 4078 μάλιστα
613 4012 725 4072 τοῖς
741 4010 838 4072 τάς
868 4010 1250 4079 ὑπερηφάνους
1284 4008 1347 4082 [Ρ
1408 4010 1495 4082 18]
1530 4012 1777 4065 διέπουσι
1805 4013 1937 4066 δυσ-

352 4101 627 4171 μεναίνων
666 4101 864 4172 ἀρχὰς,
918 4101 1093 4173 δράσῃ
1124 4118 1179 4155 τι
1212 4104 1309 4156 καὶ
1353 4102 1523 4173 ἀχαρι
1569 4106 1683 4168 τοῖς
1735 4106 1839 4159 ἀνὰ
1877 4106 1939 4159 τὸ

348 4192 653 4257 Βυζάντιον
678 4194 850 4255 οίκοις
877 4194 1079 4247 αὐτῶν.
1112 4194 1331 4264 Ἀμέλει
1365 4195 1462 4249 καὶ
1492 4195 1795 4250 ἐσκέπτετο
1818 4197 1937 4261 πῶς

348 4284 418 4338 ἄν
443 4284 745 4355 ἀμηχάνως
778 4286 940 4355 τῆσδε
977 4285 1076 4355 τῆς
1104 4286 1475 4356 ἐγχειρήσεως
1504 4287 1814 4355 ἀπαγαγεῖν
1841 4288 1941 4343 αὐ-

2033 3277 2233 3345 templo
2262 3274 2673 3329 custodiendum
2707 3274 3054 3340 incluserint,
3103 3273 3268 3329 subiit
3316 3273 3457 3327 illius
3493 3272 3614 3325 ani-

2035 3384 2179 3422 mnm
2236 3366 2512 3435 cogitatio,
2559 3380 2627 3420 ne
2676 3365 2804 3435 quid
2859 3374 3063 3419 temere
3106 3363 3509 3418 sebastocrator
3561 3362 3614 3414 itt

2036 3459 2295 3531 quosdam
2337 3459 2427 3527 q‘ui
2459 3474 2581 3513 cum
2613 3473 2679 3513 eo
2709 3464 2889 3520 erant,
2943 3466 2999 3512 et
3027 3455 3348 3511 illustriores
3390 3469 3620 3523 praeser-

2042 3554 2161 3616 tim,
2194 3553 2542 3621 ipsorumque
2598 3550 2744 3605 mdes
2801 3549 3142 3603 decerneret.
3195 3548 3402 3602 Anxius
3458 3547 3624 3615 igitur

2041 3661 2149 3719 quo
2215 3653 2373 3715 pacto
2430 3642 2656 3697 fratrem
2721 3641 2790 3697 ab
2848 3642 2951 3695 boc
3006 3639 3234 3695 consilio
3299 3640 3619 3703 dimoveret,

2042 3737 2258 3791 tandem
2320 3734 2530 3789 libellos
2591 3733 2908 3803 Byzantium
2961 3732 3174 3786 mittere
3224 3730 3482 3793 decrevit,
3531 3727 3621 3795 qui

2040 3829 2293 3885 homines
2326 3824 2660 3881 damnationi
2698 3824 3047 3892 subiicerent,
3075 3837 3246 3892 eoque
3285 3822 3401 3891 ipso
3451 3820 3620 3873 bonu-

2043 3936 2160 3975 rum
2216 3933 2280 3972 ac
2330 3916 2732 3986 possessionum
2777 3915 2989 3986 jactura
3026 3914 3132 3985 32
3167 3913 3480 3967 multarent.
3532 3910 3625 3964 Sic

2041 4014 2185 4068 enim
2233 4010 2475 4065 futurum
2509 4016 2595 4062 est
2624 4006 2845 4076 (inquit)
2875 4015 2931 4059 nt
2958 4023 3055 4061 sua
3101 4006 3268 4075 ipsius
3294 4020 3457 4059 causa
3505 4002 3624 4057 illos

2042 4106 2307 4159 adversus
2355 4102 2653 4171 principem
2694 4099 2922 4153 insidias
2945 4097 3159 4151 molitos
3191 4107 3340 4149 ratus
3370 4096 3623 4149 scbasto-

2044 4206 2228 4252 crator
2257 4209 2346 4249 res
2392 4208 2577 4246 eorum
2610 4190 2935 4246 domesticas
2978 4197 3263 4243 conservet
3291 4186 3622 4255 diligentius,

2046 4305 2153 4360 quo
2183 4288 2329 4355 ipsos
2357 4286 2409 4339 in
2438 4299 2563 4337 suas
2595 4289 2775 4352 partes
2804 4280 3073 4334 traducat.

344 4379 441 4430 τὸν
477 4380 710 4446 γένοιτο.
755 4376 962 4430 Ἐδόκει
1005 4375 1187 4430 τοίνυν
1227 4374 1374 4446 αὒτῷ
1403 4376 1603 4445 τόμους
1664 4377 1723 4440 ἐς
1776 4374 2387 4448 Βυζάντιονιέκπέμψαι
2418 4372 2480 4443 (i)
2536 4370 2867 4424 καθοσιώσει
2908 4368 3071 4438 δῆθεν
3096 4369 3219 4432 τοὺς
3261 4368 3459 4437 ἄνδρας
3490 4368 3627 4421 καθ-

346 4468 756 4533 υποϐά>.λοντας
828 4466 1135 4539 χρημάτων
1173 4484 1233 4520 τε
1278 4467 1368 4521 διὰ
1420 4467 1582 4521 τοῦτο
1652 4471 1750 4522 καὶ
1822 4475 2125 4544 κτημάτων
2171 4466 2481 4523 ἐκπτώσεσι
2534 4462 2892 4533 ζημιοῦντας.
2959 4460 3119 4515 Οὖτω
3173 4461 3283 4530 γάρ
3336 4453 3624 4532 (ἔφασκεν)

347 4560 496 4631 ὑπὲρ
522 4560 689 4614 αὑτοῦ
718 4560 986 4631 βασιλέως
1012 4560 1111 4630 τὴν
1128 4560 1421 4632 ἐπιϐουλὴν
1448 4563 1777 4633 ποιήσασθαι
1796 4567 1922 4631 τοὺς
1962 4568 2161 4636 ἄνδρας
2205 4559 2524 4631 ὑπειληφὼς
2560 4559 2587 4609 ό
2638 4555 3107 4625 σεϐαστοκράτωρ
3173 4555 3241 4609 τὰ
3275 4556 3415 4608 οἴκοι
3488 4573 3586 4607 συν

346 4654 584 4723 τηρήσει
611 4653 818 4721 μᾶλλον
844 4652 1054 4719 αὐτοῖς,
1100 4652 1166 4705 ῐν⁹
1210 4654 1305 4706 ἐπὶ
1335 4652 1501 4708 πλέον
1544 4654 1642 4725 ἐχῃ
1676 4656 1813 4726 πρὸς
1852 4657 2069 4711 εὔνοιαν
2103 4656 2305 4716 αὐτοὺς
2342 4648 2706 4705 ἐπισπᾶσθαι.

421 4745 491 4817 β’.
554 4745 697 4799 Ἀλλ’
744 4742 813 4817 ἦν
859 4748 969 4819 ἄρα
999 4748 1067 4801 τὰ
1099 4749 1166 4818 τῇ
1198 4747 1431 4820 προνοίᾳ
1476 4749 1735 4817 καθάπαξ
1785 4753 1923 4806 δεδο-

2110 4753 2161 4805 2.
2201 4750 2493 4804 Enimvero
2522 4764 2641 4816 quae
2675 4745 2842 4799 semel
2880 4746 3061 4800 divina
3095 4743 3437 4798 Providentia
3465 4759 3629 4797 cons-

346 4838 533 4907 γμένα
558 4837 899 4891 δυσανάλυτα
947 4839 1126 4909 πάντη
1163 4841 1259 4893 καὶ
1304 4840 1589 4911 λογισμοῖς
1623 4841 1945 4913 ἀνθρώπων·

350 4927 843 4982 δυσεπιϐούλευτα.
882 4928 942 4982 Ὀ
982 4928 1082 4998 μὲν
1112 4930 1223 5000 γὰρ
1249 4930 1425 4984 ταῦτα
1457 4932 1686 4998 ἐνενόει,
1706 4934 1936 4997 καὶτοῖς

352 5021 487 5089 περὶ
516 5020 681 5075 αὐτὸν
714 5021 773 5074 δὲ
815 5022 912 5091 ήδη
945 5022 1047 5091 τὴν
1080 5020 1276 5090 βουλὴν
1314 5019 1718 5087 ἐξεκάλυπτεν·
1758 5024 1935 5079 Ἰσαα-

352 5110 511 5173 κίους
567 5110 626 5163 δὲ
679 5112 1031 5182 ἀμφοτέρους
1077 5112 1171 5165 τὸν
1221 5111 1325 5189 μέν
1361 5112 1423 5166 τὸ
1454 5115 1704 5184 σεμνεῖον
1748 5115 1937 5187 ἐτήρει

2045 4848 2212 4909 tituit,
2250 4843 2396 4898 nullo
2425 4842 2584 4897 modo
2617 4841 2841 4895 convelli
2886 4856 3058 4907 neque
3088 4839 3365 4893 hominum
3401 4838 3628 4907 argutiis
3662 4876 3663 4881 η

2041 4936 2209 4992 everti
2246 4943 2497 5004 possunt.
2530 4931 2662 4985 Nam
2690 4932 2775 4985 ille
2809 4930 3028 4997 quidem
3060 4928 3367 4998 hujusmndi
3400 4928 3627 4981 consilia

2041 5025 2304 5096 agitabat,
2338 5033 2391 5078 et
2413 5022 2526 5093 jam
2562 5038 2684 5077 cum
2718 5023 2835 5077 suis
2869 5019 3345 5083 communicabat;
3392 5018 3629 5071 lsaacins

2045 5125 2227 5170 autem
2264 5123 2492 5184 uterque
2522 5113 2577 5168 in
2611 5113 2841 5167 vinculis
2867 5111 3191 5176 habebatur,
3224 5109 3361 5163 alter
3384 5107 3629 5177 quidem,

1716 5228 1811 5290 Du
1851 5228 2074 5308 Cangii
2114 5239 2310 5293 notae.

420 5347 537 5420 (5|)
592 5346 1044 5419 ὡμολογημένα.
1096 5348 1235 5405 Vide
1297 5357 1410 5403 not.
1473 5349 1540 5403 ad
1588 5348 1761 5405 Annae
1815 5364 1871 5419 p.
1912 5349 2018 5406 553
2072 5350 2137 5407 A.

1634 5468 1923 5532 Cornelii
1957 5468 2151 5532 Tollii
2176 5472 2366 5530 notae.

427 5594 488 5663 (ὅ)
558 5594 784 5664 Τόμους
799 5594 866 5657 ἐς
916 5590 1242 5664 Βυζάντιον
1260 5592 1543 5662 ἐκπέμψα

1548 5610 1585 5647 ι.
1630 5592 1923 5649 Familiare
2034 5594 2177 5648 bulla
2234 5606 2421 5653 aurea,
2478 5604 2582 5658 qua
2635 5588 2965 5643 monasteria
3017 5586 3321 5656 Byzantina
3354 5587 3625 5658 ipsosque

350 5657 579 5721 verbum
610 5657 878 5732 Cinnamo
910 5664 1010 5718 bac
1048 5657 1478 5732 signiﬁcatione;
1509 5679 1628 5731 pag.
1659 5663 1724 5716 57
1760 5679 1773 5715 :
1827 5666 1925 5717 Ὃν
2035 5664 2334 5719 monachos
2397 5657 2574 5715 litium
2626 5660 2839 5732 injuriis
2872 5660 3125 5732 exciuit:
3164 5658 3277 5732 Τὴν
3306 5660 3491 5728 μέντοι
3516 5657 3627 5711 δωρ

350 5736 676 5789 ἐπικόλπιον
706 5731 823 5804 εἶχε
846 5733 1035 5803 τόμον,
1097 5731 1340 5804 chartam
1374 5733 1922 5804 qttnmsiuuubditam

2047 5735 2178 5802 ρεαν
2208 5736 2303 5785 καὶ
2332 5732 2485 5801 τόμῳ
2513 5730 2820 5802 ἐστήριξεν,
2865 5730 2938 5802 ὃν
2976 5729 3070 5782 ἆτε
3101 5728 3287 5798 χρυσῷ
3317 5733 3636 5799 etnec:qu—

352 5807 578 5876 gerebat.
634 5799 793 5863 Circa
829 5799 987 5861 linem
1030 5802 1148 5873 libri
1202 5799 1394 5873 quarti
1437 5803 1508 5857 De.
1543 5803 1837 5858 donatione
1869 5817 1923 5860 et

2036 5799 2253 5875 σμένον,
2293 5799 2661 5874 χρυσὸϐουλον
2700 5802 2820 5865 ἔθος
2856 5799 3039 5854 καλεῖν
3071 5802 3242 5853 ἐστινη
