  <div class='ocr_page' id='page_1' title='image "/cluster/home/n/w/nwhite01/storage/ocr_20150623/133/coo.31924054870385/183.png"; bbox 0 0 4096 6446; ppageno 0'>
   <div class='ocr_carea' id='block_1_1' title="bbox 452 411 553 476">
    <p class='ocr_par' dir='ltr' id='par_1_1' title="bbox 452 411 553 476">
     <span class='ocr_line' id='line_1_1' title="bbox 452 411 553 476; baseline -0.02 0"><span class='ocrx_word' id='word_1_1' title='bbox 452 411 553 476; x_wconf 62' lang='grc' dir='ltr'><strong>εει</strong></span> 
     </span>
    </p>
   </div>
   <div class='ocr_carea' id='block_1_2' title="bbox 1732 414 2418 478">
    <p class='ocr_par' dir='ltr' id='par_1_2' title="bbox 1732 414 2418 478">
     <span class='ocr_line' id='line_1_2' title="bbox 1732 414 2418 478; baseline 0.004 -4"><span class='ocrx_word' id='word_1_2' title='bbox 1732 414 2056 475; x_wconf 71' lang='grc' dir='ltr'><strong>ΙΟΛΝΝΙΞ</strong></span> <span class='ocrx_word' id='word_1_3' title='bbox 2093 417 2418 478; x_wconf 74' lang='lat' dir='ltr'><strong>CINNAMI</strong></span> 
     </span>
    </p>
   </div>
   <div class='ocr_carea' id='block_1_3' title="bbox 3599 425 3708 487">
    <p class='ocr_par' dir='ltr' id='par_1_3' title="bbox 3599 425 3708 487">
     <span class='ocr_line' id='line_1_3' title="bbox 3599 425 3708 487; baseline -0.018 0"><span class='ocrx_word' id='word_1_4' title='bbox 3599 425 3708 487; x_wconf 77' lang='lat'><strong>352</strong></span> 
     </span>
    </p>
   </div>
   <div class='ocr_carea' id='block_1_4' title="bbox 447 527 2021 607">
    <p class='ocr_par' dir='ltr' id='par_1_4' title="bbox 447 529 2021 599">
     <span class='ocr_line' id='line_1_4' title="bbox 447 529 2021 599; baseline 0.002 -18"><span class='ocrx_word' id='word_1_5' title='bbox 447 539 685 596; x_wconf 80' lang='lat' dir='ltr'><strong>ruutquc</strong></span> <span class='ocrx_word' id='word_1_6' title='bbox 719 542 970 597; x_wconf 77' lang='lat' dir='ltr'><strong>magnam</strong></span> <span class='ocrx_word' id='word_1_7' title='bbox 1023 537 1261 599; x_wconf 88' lang='lat' dir='ltr'><strong>partem,</strong></span> <span class='ocrx_word' id='word_1_8' title='bbox 1305 529 1368 584; x_wconf 90' lang='lat' dir='ltr'><strong>ad</strong></span> <span class='ocrx_word' id='word_1_9' title='bbox 1409 537 1594 599; x_wconf 90' lang='lat' dir='ltr'><strong>portas</strong></span> <span class='ocrx_word' id='word_1_10' title='bbox 1636 544 1810 599; x_wconf 81' lang='lat' dir='ltr'><strong>usque</strong></span> <span class='ocrx_word' id='word_1_11' title='bbox 1841 529 2021 584; x_wconf 80' lang='lat' dir='ltr'><strong>Antio-</strong></span> 
     </span>
    </p>
   </div>
   <div class='ocr_carea' id='block_1_5' title="bbox 2128 527 3715 607">
    <p class='ocr_par' dir='ltr' id='par_1_5' title="bbox 2141 527 3715 607">
     <span class='ocr_line' id='line_1_5' title="bbox 2141 527 3715 607; baseline 0.004 -23"><span class='ocrx_word' id='word_1_12' title='bbox 2141 527 2298 594; x_wconf 78' lang='grc' dir='ltr'><strong>αὖθις</strong></span> <span class='ocrx_word' id='word_1_13' title='bbox 2374 530 2621 604; x_wconf 80' lang='grc' dir='ltr'><strong>ἐχώρειο</strong></span> <span class='ocrx_word' id='word_1_14' title='bbox 2673 533 2970 604; x_wconf 87' lang='grc' dir='ltr'><strong>Ῥωμαίοις</strong></span> <span class='ocrx_word' id='word_1_15' title='bbox 3040 535 3098 588; x_wconf 83' lang='grc' dir='ltr'><strong>δὲ</strong></span> <span class='ocrx_word' id='word_1_16' title='bbox 3164 535 3222 601; x_wconf 80' lang='grc' dir='ltr'><strong>ἐξ</strong></span> <span class='ocrx_word' id='word_1_17' title='bbox 3302 536 3715 607; x_wconf 75' lang='grc' dir='ltr'><strong>ἀπροσδοκήτου</strong></span> 
     </span>
    </p>
   </div>
   <div class='ocr_carea' id='block_1_6' title="bbox 442 619 2030 690">
    <p class='ocr_par' dir='ltr' id='par_1_6' title="bbox 442 619 2030 690">
     <span class='ocr_line' id='line_1_6' title="bbox 442 619 2030 690; baseline 0.003 -17"><span class='ocrx_word' id='word_1_18' title='bbox 442 621 582 674; x_wconf 77' lang='lat' dir='ltr'><strong>cbiae</strong></span> <span class='ocrx_word' id='word_1_19' title='bbox 614 619 882 690; x_wconf 78' lang='lat' dir='ltr'><strong>fugientes</strong></span> <span class='ocrx_word' id='word_1_20' title='bbox 935 622 1226 688; x_wconf 75' lang='lat' dir='ltr'><strong>persecuti.</strong></span> <span class='ocrx_word' id='word_1_21' title='bbox 1263 621 1601 678; x_wconf 78' lang='lat' dir='ltr'><strong>Raimuudus</strong></span> <span class='ocrx_word' id='word_1_22' title='bbox 1652 621 1766 690; x_wconf 90' lang='lat' dir='ltr'><strong>ipse</strong></span> <span class='ocrx_word' id='word_1_23' title='bbox 1814 636 1881 676; x_wconf 80' lang='lat' dir='ltr'><strong>ex</strong></span> <span class='ocrx_word' id='word_1_24' title='bbox 1928 623 2030 678; x_wconf 87' lang='lat' dir='ltr'><strong>bo-</strong></span> 
     </span>
    </p>
   </div>
   <div class='ocr_carea' id='block_1_7' title="bbox 443 710 2028 782">
    <p class='ocr_par' dir='ltr' id='par_1_7' title="bbox 443 710 2028 782">
     <span class='ocr_line' id='line_1_7' title="bbox 443 710 2028 782; baseline 0.001 -17"><span class='ocrx_word' id='word_1_25' title='bbox 443 713 606 765; x_wconf 90' lang='lat' dir='ltr'><strong>stium</strong></span> <span class='ocrx_word' id='word_1_26' title='bbox 638 710 892 765; x_wconf 85' lang='lat' dir='ltr'><strong>manibus</strong></span> <span class='ocrx_word' id='word_1_27' title='bbox 923 726 1066 782; x_wconf 80' lang='lat' dir='ltr'><strong>aegre</strong></span> <span class='ocrx_word' id='word_1_28' title='bbox 1091 712 1354 780; x_wconf 80' lang='lat' dir='ltr'><strong>dilapsus.</strong></span> <span class='ocrx_word' id='word_1_29' title='bbox 1390 713 1456 766; x_wconf 88' lang='lat' dir='ltr'><strong>de</strong></span> <span class='ocrx_word' id='word_1_30' title='bbox 1487 720 1642 766; x_wconf 90' lang='lat' dir='ltr'><strong>nocte</strong></span> <span class='ocrx_word' id='word_1_31' title='bbox 1669 711 1722 766; x_wconf 91' lang='lat' dir='ltr'><strong>in</strong></span> <span class='ocrx_word' id='word_1_32' title='bbox 1755 712 2028 766; x_wconf 85' lang='lat' dir='ltr'><strong>civitatem</strong></span> 
     </span>
    </p>
   </div>
   <div class='ocr_carea' id='block_1_8' title="bbox 446 799 2029 869">
    <p class='ocr_par' dir='ltr' id='par_1_8' title="bbox 446 799 2029 869">
     <span class='ocr_line' id='line_1_8' title="bbox 446 799 2029 869; baseline 0.003 -18"><span class='ocrx_word' id='word_1_33' title='bbox 446 801 712 869; x_wconf 87' lang='lat' dir='ltr'><strong>pervenit.</strong></span> <span class='ocrx_word' id='word_1_34' title='bbox 782 801 855 855; x_wconf 89' lang='lat' dir='ltr'><strong>Ea</strong></span> <span class='ocrx_word' id='word_1_35' title='bbox 909 801 1064 856; x_wconf 85' lang='lat' dir='ltr'><strong>clade</strong></span> <span class='ocrx_word' id='word_1_36' title='bbox 1116 801 1310 856; x_wconf 87' lang='lat' dir='ltr'><strong>affecto</strong></span> <span class='ocrx_word' id='word_1_37' title='bbox 1368 801 1707 867; x_wconf 81' lang='lat' dir='ltr'><strong>Raimundo,</strong></span> <span class='ocrx_word' id='word_1_38' title='bbox 1758 799 2029 856; x_wconf 88' lang='lat' dir='ltr'><strong>Prosucbi</strong></span> 
     </span>
    </p>
   </div>
   <div class='ocr_carea' id='block_1_9' title="bbox 447 892 2028 961">
    <p class='ocr_par' dir='ltr' id='par_1_9' title="bbox 447 892 2028 961">
     <span class='ocr_line' id='line_1_9' title="bbox 447 892 2028 961; baseline -0.001 -16"><span class='ocrx_word' id='word_1_39' title='bbox 447 894 650 947; x_wconf 77' lang='lat' dir='ltr'><strong>milites</strong></span> <span class='ocrx_word' id='word_1_40' title='bbox 682 892 925 948; x_wconf 79' lang='lat' dir='ltr'><strong>Ciliciam</strong></span> <span class='ocrx_word' id='word_1_41' title='bbox 985 893 1273 961; x_wconf 83' lang='lat' dir='ltr'><strong>repetiero.</strong></span> <span class='ocrx_word' id='word_1_42' title='bbox 1323 895 1534 946; x_wconf 79' lang='lat' dir='ltr'><strong>Interea</strong></span> <span class='ocrx_word' id='word_1_43' title='bbox 1573 892 1878 946; x_wconf 88' lang='lat' dir='ltr'><strong>Demetrius</strong></span> <span class='ocrx_word' id='word_1_44' title='bbox 1904 906 2028 946; x_wconf 91' lang='lat' dir='ltr'><strong>cum</strong></span> 
     </span>
    </p>
   </div>
   <div class='ocr_carea' id='block_1_10' title="bbox 444 984 2028 1052">
    <p class='ocr_par' dir='ltr' id='par_1_10' title="bbox 444 984 2028 1052">
     <span class='ocr_line' id='line_1_10' title="bbox 444 984 2028 1052; baseline 0 -16"><span class='ocrx_word' id='word_1_45' title='bbox 444 987 620 1039; x_wconf 79' lang='lat' dir='ltr'><strong>classe</strong></span> <span class='ocrx_word' id='word_1_46' title='bbox 652 985 973 1049; x_wconf 79' lang='lat' dir='ltr'><strong>adveniens,</strong></span> <span class='ocrx_word' id='word_1_47' title='bbox 1012 984 1127 1039; x_wconf 87' lang='lat' dir='ltr'><strong>loca</strong></span> <span class='ocrx_word' id='word_1_48' title='bbox 1153 985 1428 1038; x_wconf 73' lang='lat' dir='ltr'><strong>marmura</strong></span> <span class='ocrx_word' id='word_1_49' title='bbox 1463 984 1728 1048; x_wconf 88' lang='lat' dir='ltr'><strong>incursat,</strong></span> <span class='ocrx_word' id='word_1_50' title='bbox 1762 995 2028 1052; x_wconf 87' lang='lat' dir='ltr'><strong>oramque</strong></span> 
     </span>
    </p>
   </div>
   <div class='ocr_carea' id='block_1_11' title="bbox 442 1071 2023 1144">
    <p class='ocr_par' dir='ltr' id='par_1_11' title="bbox 442 1071 2023 1144">
     <span class='ocr_line' id='line_1_11' title="bbox 442 1071 2023 1144; baseline -0.001 -17"><span class='ocrx_word' id='word_1_51' title='bbox 442 1085 616 1129; x_wconf 86' lang='lat' dir='ltr'><strong>totam</strong></span> <span class='ocrx_word' id='word_1_52' title='bbox 673 1075 1072 1144; x_wconf 83' lang='lat' dir='ltr'><strong>depopulatur,</strong></span> <span class='ocrx_word' id='word_1_53' title='bbox 1133 1075 1376 1142; x_wconf 89' lang='lat' dir='ltr'><strong>captivos</strong></span> <span class='ocrx_word' id='word_1_54' title='bbox 1436 1072 1652 1125; x_wconf 88' lang='lat' dir='ltr'><strong>abducit</strong></span> <span class='ocrx_word' id='word_1_55' title='bbox 1699 1071 2023 1141; x_wconf 87' lang='lat' dir='ltr'><strong>complures,</strong></span> 
     </span>
    </p>
   </div>
   <div class='ocr_carea' id='block_1_12' title="bbox 445 1163 2024 1234">
    <p class='ocr_par' dir='ltr' id='par_1_12' title="bbox 445 1163 2024 1234">
     <span class='ocr_line' id='line_1_12' title="bbox 445 1163 2024 1234; baseline 0 -16"><span class='ocrx_word' id='word_1_56' title='bbox 445 1180 725 1234; x_wconf 82' lang='lat' dir='ltr'><strong>navesque</strong></span> <span class='ocrx_word' id='word_1_57' title='bbox 761 1166 905 1232; x_wconf 88' lang='lat' dir='ltr'><strong>ipsas</strong></span> <span class='ocrx_word' id='word_1_58' title='bbox 947 1164 1244 1218; x_wconf 87' lang='lat' dir='ltr'><strong>incolarum</strong></span> <span class='ocrx_word' id='word_1_59' title='bbox 1279 1179 1474 1233; x_wconf 88' lang='lat' dir='ltr'><strong>magno</strong></span> <span class='ocrx_word' id='word_1_60' title='bbox 1503 1178 1728 1218; x_wconf 90' lang='lat' dir='ltr'><strong>numero</strong></span> <span class='ocrx_word' id='word_1_61' title='bbox 1759 1163 1810 1216; x_wconf 93' lang='lat' dir='ltr'><strong>in</strong></span> <span class='ocrx_word' id='word_1_62' title='bbox 1841 1163 2024 1218; x_wconf 88' lang='lat' dir='ltr'><strong>littore</strong></span> 
     </span>
    </p>
   </div>
   <div class='ocr_carea' id='block_1_13' title="bbox 445 1266 2023 1338">
    <p class='ocr_par' dir='ltr' id='par_1_13' title="bbox 445 1266 2023 1338">
     <span class='ocr_line' id='line_1_13' title="bbox 445 1266 2023 1338; baseline -0.003 -14"><span class='ocrx_word' id='word_1_63' title='bbox 445 1283 655 1326; x_wconf 86' lang='lat' dir='ltr'><strong>stantes</strong></span> <span class='ocrx_word' id='word_1_64' title='bbox 693 1271 953 1326; x_wconf 89' lang='lat' dir='ltr'><strong>incendit.</strong></span> <span class='ocrx_word' id='word_1_65' title='bbox 1002 1268 1109 1325; x_wconf 89' lang='lat' dir='ltr'><strong>Sed</strong></span> <span class='ocrx_word' id='word_1_66' title='bbox 1139 1279 1194 1324; x_wconf 92' lang='lat' dir='ltr'><strong>et</strong></span> <span class='ocrx_word' id='word_1_67' title='bbox 1235 1269 1437 1338; x_wconf 81' lang='lat' dir='ltr'><strong>publici</strong></span> <span class='ocrx_word' id='word_1_68' title='bbox 1491 1269 1631 1338; x_wconf 89' lang='lat' dir='ltr'><strong>apud</strong></span> <span class='ocrx_word' id='word_1_69' title='bbox 1682 1268 1801 1322; x_wconf 90' lang='lat' dir='ltr'><strong>illos</strong></span> <span class='ocrx_word' id='word_1_70' title='bbox 1835 1266 2023 1322; x_wconf 87' lang='lat' dir='ltr'><strong>tributi</strong></span> 
     </span>
    </p>
   </div>
   <div class='ocr_carea' id='block_1_14' title="bbox 443 1353 2024 1429">
    <p class='ocr_par' dir='ltr' id='par_1_14' title="bbox 443 1353 2024 1429">
     <span class='ocr_line' id='line_1_14' title="bbox 443 1353 2024 1429; baseline -0.003 -15"><span class='ocrx_word' id='word_1_71' title='bbox 443 1372 671 1414; x_wconf 79' lang='lat' dir='ltr'><strong>exactor</strong></span> <span class='ocrx_word' id='word_1_72' title='bbox 745 1361 796 1413; x_wconf 88' lang='lat' dir='ltr'><strong>in</strong></span> <span class='ocrx_word' id='word_1_73' title='bbox 853 1368 1174 1429; x_wconf 74' lang='lat' dir='ltr'><strong>potesmtem</strong></span> <span class='ocrx_word' id='word_1_74' title='bbox 1239 1359 1381 1412; x_wconf 81' lang='lat' dir='ltr'><strong>venit</strong></span> <span class='ocrx_word' id='word_1_75' title='bbox 1449 1355 1840 1411; x_wconf 83' lang='lat' dir='ltr'><strong>Romanorum.</strong></span> <span class='ocrx_word' id='word_1_76' title='bbox 1900 1353 2024 1410; x_wconf 63' lang='lat' dir='ltr'><strong>llaec</strong></span> 
     </span>
    </p>
   </div>
   <div class='ocr_carea' id='block_1_15' title="bbox 444 1451 2023 1524">
    <p class='ocr_par' dir='ltr' id='par_1_15' title="bbox 444 1451 2023 1524">
     <span class='ocr_line' id='line_1_15' title="bbox 444 1451 2023 1524; baseline -0.001 -20"><span class='ocrx_word' id='word_1_77' title='bbox 444 1463 730 1522; x_wconf 83' lang='lat' dir='ltr'><strong>postquam</strong></span> <span class='ocrx_word' id='word_1_78' title='bbox 791 1454 860 1506; x_wconf 88' lang='lat' dir='ltr'><strong>ad</strong></span> <span class='ocrx_word' id='word_1_79' title='bbox 917 1451 1280 1505; x_wconf 83' lang='lat' dir='ltr'><strong>Raimundum</strong></span> <span class='ocrx_word' id='word_1_80' title='bbox 1334 1451 1552 1524; x_wconf 50' lang='lat' dir='ltr'><strong>perlata.</strong></span> <span class='ocrx_word' id='word_1_81' title='bbox 1601 1458 1750 1516; x_wconf 88' lang='lat' dir='ltr'><strong>sunt,</strong></span> <span class='ocrx_word' id='word_1_82' title='bbox 1812 1464 2023 1505; x_wconf 87' lang='lat' dir='ltr'><strong>summo</strong></span> 
     </span>
    </p>
   </div>
   <div class='ocr_carea' id='block_1_16' title="bbox 441 1543 2021 1612">
    <p class='ocr_par' dir='ltr' id='par_1_16' title="bbox 441 1543 2021 1612">
     <span class='ocr_line' id='line_1_16' title="bbox 441 1543 2021 1612; baseline -0.001 -14"><span class='ocrx_word' id='word_1_83' title='bbox 441 1546 611 1598; x_wconf 85' lang='lat' dir='ltr'><strong>animi</strong></span> <span class='ocrx_word' id='word_1_84' title='bbox 647 1545 866 1610; x_wconf 87' lang='lat' dir='ltr'><strong>ardore,</strong></span> <span class='ocrx_word' id='word_1_85' title='bbox 890 1545 957 1598; x_wconf 88' lang='lat' dir='ltr'><strong>ad</strong></span> <span class='ocrx_word' id='word_1_86' title='bbox 987 1544 1214 1599; x_wconf 89' lang='lat' dir='ltr'><strong>classem</strong></span> <span class='ocrx_word' id='word_1_87' title='bbox 1244 1543 1497 1598; x_wconf 85' lang='lat' dir='ltr'><strong>hostilem</strong></span> <span class='ocrx_word' id='word_1_88' title='bbox 1532 1543 1835 1608; x_wconf 84' lang='lat' dir='ltr'><strong>contendit,</strong></span> <span class='ocrx_word' id='word_1_89' title='bbox 1861 1558 2021 1612; x_wconf 90' lang='lat' dir='ltr'><strong>quam</strong></span> 
     </span>
    </p>
   </div>
   <div class='ocr_carea' id='block_1_17' title="bbox 443 1646 2022 1719">
    <p class='ocr_par' dir='ltr' id='par_1_17' title="bbox 443 1646 2022 1719">
     <span class='ocr_line' id='line_1_17' title="bbox 443 1646 2022 1719; baseline -0.001 -18"><span class='ocrx_word' id='word_1_90' title='bbox 443 1651 532 1702; x_wconf 80' lang='lat' dir='ltr'><strong>ubi</strong></span> <span class='ocrx_word' id='word_1_91' title='bbox 593 1649 845 1719; x_wconf 76' lang='lat' dir='ltr'><strong>cognovit</strong></span> <span class='ocrx_word' id='word_1_92' title='bbox 880 1649 992 1719; x_wconf 89' lang='lat' dir='ltr'><strong>jam</strong></span> <span class='ocrx_word' id='word_1_93' title='bbox 1020 1663 1048 1702; x_wconf 89' lang='lat' dir='ltr'><strong>a</strong></span> <span class='ocrx_word' id='word_1_94' title='bbox 1072 1648 1305 1702; x_wconf 83' lang='lat' dir='ltr'><strong>statione</strong></span> <span class='ocrx_word' id='word_1_95' title='bbox 1331 1658 1596 1711; x_wconf 87' lang='lat' dir='ltr'><strong>avectam,</strong></span> <span class='ocrx_word' id='word_1_96' title='bbox 1619 1649 1780 1702; x_wconf 86' lang='lat' dir='ltr'><strong>rebus</strong></span> <span class='ocrx_word' id='word_1_97' title='bbox 1808 1646 2022 1701; x_wconf 88' lang='lat' dir='ltr'><strong>infectis</strong></span> 
     </span>
    </p>
   </div>
   <div class='ocr_carea' id='block_1_18' title="bbox 443 1737 2018 1809">
    <p class='ocr_par' dir='ltr' id='par_1_18' title="bbox 443 1737 2018 1809">
     <span class='ocr_line' id='line_1_18' title="bbox 443 1737 2018 1809; baseline -0.001 -17"><span class='ocrx_word' id='word_1_98' title='bbox 443 1739 570 1793; x_wconf 84' lang='lat' dir='ltr'><strong>inde</strong></span> <span class='ocrx_word' id='word_1_99' title='bbox 601 1754 882 1809; x_wconf 74' lang='lat' dir='ltr'><strong>regressus</strong></span> <span class='ocrx_word' id='word_1_100' title='bbox 928 1749 1030 1794; x_wconf 90' lang='lat' dir='ltr'><strong>est.</strong></span> <span class='ocrx_word' id='word_1_101' title='bbox 1065 1739 1292 1794; x_wconf 79' lang='lat' dir='ltr'><strong>Romani</strong></span> <span class='ocrx_word' id='word_1_102' title='bbox 1333 1752 1539 1805; x_wconf 88' lang='lat' dir='ltr'><strong>autem,</strong></span> <span class='ocrx_word' id='word_1_103' title='bbox 1585 1737 1807 1794; x_wconf 83' lang='lat' dir='ltr'><strong>reﬂante</strong></span> <span class='ocrx_word' id='word_1_104' title='bbox 1837 1747 2018 1802; x_wconf 89' lang='lat' dir='ltr'><strong>vento,</strong></span> 
     </span>
    </p>
   </div>
   <div class='ocr_carea' id='block_1_19' title="bbox 2135 623 3714 698">
    <p class='ocr_par' dir='ltr' id='par_1_19' title="bbox 2135 623 3714 698">
     <span class='ocr_line' id='line_1_19' title="bbox 2135 623 3714 698; baseline 0.004 -21"><span class='ocrx_word' id='word_1_105' title='bbox 2135 623 2439 695; x_wconf 87' lang='grc' dir='ltr'><strong>συμπεσὼν</strong></span> <span class='ocrx_word' id='word_1_106' title='bbox 2498 626 2662 688; x_wconf 79' lang='grc' dir='ltr'><strong>αὐτός</strong></span> <span class='ocrx_word' id='word_1_107' title='bbox 2729 645 2788 680; x_wconf 89' lang='grc' dir='ltr'><strong>τε</strong></span> <span class='ocrx_word' id='word_1_108' title='bbox 2858 628 3002 680; x_wconf 89' lang='grc' dir='ltr'><strong>νῶτα</strong></span> <span class='ocrx_word' id='word_1_109' title='bbox 3055 628 3180 691; x_wconf 83' lang='grc' dir='ltr'><strong>δούς</strong></span> <span class='ocrx_word' id='word_1_110' title='bbox 3231 629 3432 698; x_wconf 80' lang='grc' dir='ltr'><strong>ἔφευγε</strong></span> <span class='ocrx_word' id='word_1_111' title='bbox 3489 631 3586 683; x_wconf 71' lang='grc' dir='ltr'><strong>καὶ</strong></span> <span class='ocrx_word' id='word_1_112' title='bbox 3650 633 3714 684; x_wconf 73' lang='grc' dir='ltr'><strong>τὸ</strong></span> 
     </span>
    </p>
   </div>
   <div class='ocr_carea' id='block_1_20' title="bbox 2132 717 3718 792">
    <p class='ocr_par' dir='ltr' id='par_1_20' title="bbox 2132 717 3718 792">
     <span class='ocr_line' id='line_1_20' title="bbox 2132 717 3718 792; baseline 0.004 -22"><span class='ocrx_word' id='word_1_113' title='bbox 2132 717 2319 772; x_wconf 78' lang='grc' dir='ltr'><strong>λοιπὸν</strong></span> <span class='ocrx_word' id='word_1_114' title='bbox 2377 720 2693 790; x_wconf 85' lang='grc' dir='ltr'><strong>στράτευμα</strong></span> <span class='ocrx_word' id='word_1_115' title='bbox 2754 720 2977 792; x_wconf 80' lang='grc' dir='ltr'><strong>πέμψας</strong></span> <span class='ocrx_word' id='word_1_116' title='bbox 3032 724 3175 775; x_wconf 85' lang='grc' dir='ltr'><strong>κατὰ</strong></span> <span class='ocrx_word' id='word_1_117' title='bbox 3238 723 3405 792; x_wconf 83' lang='grc' dir='ltr'><strong>τάχος</strong></span> <span class='ocrx_word' id='word_1_118' title='bbox 3468 723 3718 776; x_wconf 85' lang='grc' dir='ltr'><strong>ὲνθένδεν</strong></span> 
     </span>
    </p>
   </div>
   <div class='ocr_carea' id='block_1_21' title="bbox 2133 811 3719 884">
    <p class='ocr_par' dir='ltr' id='par_1_21' title="bbox 2133 811 3719 884">
     <span class='ocr_line' id='line_1_21' title="bbox 2133 811 3719 884; baseline 0.001 -20"><span class='ocrx_word' id='word_1_119' title='bbox 2133 811 2392 883; x_wconf 78' lang='grc' dir='ltr'><strong>ἀπαίρειν</strong></span> <span class='ocrx_word' id='word_1_120' title='bbox 2422 813 2799 882; x_wconf 89' lang='grc' dir='ltr'><strong>προύτρέπετο</strong></span> <span class='ocrx_word' id='word_1_121' title='bbox 2825 831 2841 846; x_wconf 85' lang='grc'>·</span> <span class='ocrx_word' id='word_1_122' title='bbox 2883 813 3022 867; x_wconf 84' lang='grc' dir='ltr'><strong>ἀλλά</strong></span> <span class='ocrx_word' id='word_1_123' title='bbox 3068 815 3220 884; x_wconf 77' lang='grc' dir='ltr'><strong>παρὰ</strong></span> <span class='ocrx_word' id='word_1_124' title='bbox 3260 813 3430 877; x_wconf 87' lang='grc' dir='ltr'><strong>πόδας</strong></span> <span class='ocrx_word' id='word_1_125' title='bbox 3477 815 3664 878; x_wconf 76' lang='grc' dir='ltr'><strong>αὐτοῖς</strong></span> <span class='ocrx_word' id='word_1_126' title='bbox 3689 818 3719 866; x_wconf 88' lang='grc' dir='ltr'>ὁ</span> 
     </span>
    </p>
   </div>
   <div class='ocr_carea' id='block_1_22' title="bbox 2147 903 3718 977">
    <p class='ocr_par' dir='ltr' id='par_1_22' title="bbox 2147 903 3718 977">
     <span class='ocr_line' id='line_1_22' title="bbox 2147 903 3718 977; baseline -0.001 -20"><span class='ocrx_word' id='word_1_127' title='bbox 2147 903 2434 973; x_wconf 86' lang='grc' dir='ltr'><strong>Ῥωμαίων</strong></span> <span class='ocrx_word' id='word_1_128' title='bbox 2461 905 2690 974; x_wconf 82' lang='grc' dir='ltr'><strong>στρατὸς</strong></span> <span class='ocrx_word' id='word_1_129' title='bbox 2713 903 2958 958; x_wconf 79' lang='grc' dir='ltr'><strong>ἐπελθὼν</strong></span> <span class='ocrx_word' id='word_1_130' title='bbox 2991 905 3258 977; x_wconf 73' lang='grc' dir='ltr'><strong>ἐτρέψατό</strong></span> <span class='ocrx_word' id='word_1_131' title='bbox 3289 923 3348 959; x_wconf 87' lang='grc' dir='ltr'><strong>τε</strong></span> <span class='ocrx_word' id='word_1_132' title='bbox 3409 907 3504 959; x_wconf 76' lang='grc' dir='ltr'><strong>καὶ</strong></span> <span class='ocrx_word' id='word_1_133' title='bbox 3549 906 3718 975; x_wconf 84' lang='grc' dir='ltr'><strong>φόνον</strong></span> 
     </span>
    </p>
   </div>
   <div class='ocr_carea' id='block_1_23' title="bbox 2135 996 3718 1067">
    <p class='ocr_par' dir='ltr' id='par_1_23' title="bbox 2135 996 3718 1067">
     <span class='ocr_line' id='line_1_23' title="bbox 2135 996 3718 1067; baseline -0.003 -15"><span class='ocrx_word' id='word_1_134' title='bbox 2135 997 2318 1052; x_wconf 88' lang='grc' dir='ltr'><strong>αὐτῶν</strong></span> <span class='ocrx_word' id='word_1_135' title='bbox 2355 996 2522 1050; x_wconf 79' lang='grc' dir='ltr'><strong>πολὺν</strong></span> <span class='ocrx_word' id='word_1_136' title='bbox 2553 997 2871 1066; x_wconf 74' lang='grc' dir='ltr'><strong>εἰργάσατο,</strong></span> <span class='ocrx_word' id='word_1_137' title='bbox 2913 997 3196 1067; x_wconf 73' lang='grc' dir='ltr'><strong>καὶμέχρι</strong></span> <span class='ocrx_word' id='word_1_138' title='bbox 3230 996 3337 1050; x_wconf 86' lang='grc' dir='ltr'><strong>τῶν</strong></span> <span class='ocrx_word' id='word_1_139' title='bbox 3379 996 3718 1066; x_wconf 72' lang='grc' dir='ltr'><strong>Ἀντιοχείας</strong></span> 
     </span>
    </p>
   </div>
   <div class='ocr_carea' id='block_1_24' title="bbox 2137 1087 3717 1157">
    <p class='ocr_par' dir='ltr' id='par_1_24' title="bbox 2137 1087 3717 1157">
     <span class='ocr_line' id='line_1_24' title="bbox 2137 1087 3717 1157; baseline -0.003 -14"><span class='ocrx_word' id='word_1_140' title='bbox 2137 1089 2322 1143; x_wconf 88' lang='grc' dir='ltr'><strong>πυλῶν</strong></span> <span class='ocrx_word' id='word_1_141' title='bbox 2352 1091 2383 1157; x_wconf 85' lang='grc' dir='ltr'><strong>ἡ</strong></span> <span class='ocrx_word' id='word_1_142' title='bbox 2417 1087 2599 1152; x_wconf 79' lang='grc' dir='ltr'><strong>δίωξις</strong></span> <span class='ocrx_word' id='word_1_143' title='bbox 2627 1089 2864 1156; x_wconf 75' lang='grc' dir='ltr'><strong>ἐγένετο.</strong></span> <span class='ocrx_word' id='word_1_144' title='bbox 2910 1087 3265 1157; x_wconf 86' lang='grc' dir='ltr'><strong>Ῥαῖμοῦνδος</strong></span> <span class='ocrx_word' id='word_1_145' title='bbox 3299 1087 3395 1140; x_wconf 71' lang='grc' dir='ltr'><strong>καὶ</strong></span> <span class='ocrx_word' id='word_1_146' title='bbox 3415 1087 3575 1150; x_wconf 73' lang='grc' dir='ltr'><strong>αὐτὸς</strong></span> <span class='ocrx_word' id='word_1_147' title='bbox 3614 1087 3717 1155; x_wconf 85' lang='grc' dir='ltr'><strong>μό-</strong></span> 
     </span>
    </p>
   </div>
   <div class='ocr_carea' id='block_1_25' title="bbox 2135 1179 3716 1251">
    <p class='ocr_par' dir='ltr' id='par_1_25' title="bbox 2135 1179 3716 1251">
     <span class='ocr_line' id='line_1_25' title="bbox 2135 1179 3716 1251; baseline -0.002 -16"><span class='ocrx_word' id='word_1_148' title='bbox 2135 1183 2218 1243; x_wconf 89' lang='grc' dir='ltr'><strong>λις</strong></span> <span class='ocrx_word' id='word_1_149' title='bbox 2248 1185 2374 1244; x_wconf 83' lang='grc' dir='ltr'><strong>τοὺς</strong></span> <span class='ocrx_word' id='word_1_150' title='bbox 2399 1181 2696 1250; x_wconf 88' lang='grc' dir='ltr'><strong>πολεμίους</strong></span> <span class='ocrx_word' id='word_1_151' title='bbox 2741 1181 2967 1251; x_wconf 80' lang='grc' dir='ltr'><strong>διαδρὰς</strong></span> <span class='ocrx_word' id='word_1_152' title='bbox 3006 1181 3202 1243; x_wconf 80' lang='grc' dir='ltr'><strong>νυκτὸς</strong></span> <span class='ocrx_word' id='word_1_153' title='bbox 3257 1179 3353 1233; x_wconf 69' lang='grc' dir='ltr'><strong>ἐπὶ</strong></span> <span class='ocrx_word' id='word_1_154' title='bbox 3399 1179 3500 1249; x_wconf 70' lang='grc' dir='ltr'><strong>τὴν</strong></span> <span class='ocrx_word' id='word_1_155' title='bbox 3555 1180 3716 1232; x_wconf 87' lang='grc' dir='ltr'><strong>πόλιν</strong></span> 
     </span>
    </p>
   </div>
   <div class='ocr_carea' id='block_1_26' title="bbox 2131 1271 3712 1347">
    <p class='ocr_par' dir='ltr' id='par_1_26' title="bbox 2131 1271 3712 1347">
     <span class='ocr_line' id='line_1_26' title="bbox 2131 1271 3712 1347; baseline -0.004 -18"><span class='ocrx_word' id='word_1_156' title='bbox 2131 1275 2441 1347; x_wconf 77' lang='grc' dir='ltr'><strong>εἰσήλασεν.</strong></span> <span class='ocrx_word' id='word_1_157' title='bbox 2472 1275 2534 1328; x_wconf 82' lang='grc' dir='ltr'><strong>Οἱ</strong></span> <span class='ocrx_word' id='word_1_158' title='bbox 2574 1272 2673 1342; x_wconf 82' lang='grc' dir='ltr'><strong>μὲν</strong></span> <span class='ocrx_word' id='word_1_159' title='bbox 2697 1273 2760 1342; x_wconf 86' lang='grc' dir='ltr'><strong>δὴ</strong></span> <span class='ocrx_word' id='word_1_160' title='bbox 2788 1273 2931 1343; x_wconf 73' lang='grc' dir='ltr'><strong>ἀμφὶ</strong></span> <span class='ocrx_word' id='word_1_161' title='bbox 2953 1273 3044 1326; x_wconf 84' lang='grc' dir='ltr'><strong>τὸν</strong></span> <span class='ocrx_word' id='word_1_162' title='bbox 3078 1273 3328 1344; x_wconf 76' lang='grc' dir='ltr'><strong>Προσοὺχ</strong></span> <span class='ocrx_word' id='word_1_163' title='bbox 3357 1271 3530 1325; x_wconf 88' lang='grc' dir='ltr'><strong>ταῦτα</strong></span> <span class='ocrx_word' id='word_1_164' title='bbox 3560 1271 3712 1324; x_wconf 87' lang='grc' dir='ltr'><strong>Ῥαῖ-</strong></span> 
     </span>
    </p>
   </div>
   <div class='ocr_carea' id='block_1_27' title="bbox 2134 1369 3710 1441">
    <p class='ocr_par' dir='ltr' id='par_1_27' title="bbox 2134 1369 3710 1441">
     <span class='ocr_line' id='line_1_27' title="bbox 2134 1369 3710 1441; baseline -0.001 -18"><span class='ocrx_word' id='word_1_165' title='bbox 2134 1369 2362 1439; x_wconf 88' lang='grc' dir='ltr'><strong>μοῦνδον</strong></span> <span class='ocrx_word' id='word_1_166' title='bbox 2382 1369 2739 1441; x_wconf 79' lang='grc' dir='ltr'><strong>εἰργασμένοι</strong></span> <span class='ocrx_word' id='word_1_167' title='bbox 2772 1370 2864 1422; x_wconf 72' lang='grc' dir='ltr'><strong>ἐπὶ</strong></span> <span class='ocrx_word' id='word_1_168' title='bbox 2893 1369 2992 1440; x_wconf 77' lang='grc' dir='ltr'><strong>τὴν</strong></span> <span class='ocrx_word' id='word_1_169' title='bbox 3047 1370 3290 1423; x_wconf 81' lang='grc' dir='ltr'><strong>Κιλίκων</strong></span> <span class='ocrx_word' id='word_1_170' title='bbox 3327 1369 3710 1440; x_wconf 81' lang='grc' dir='ltr'><strong>ἀνεχώρησαν,</strong></span> 
     </span>
    </p>
   </div>
   <div class='ocr_carea' id='block_1_28' title="bbox 2129 1459 3716 1534">
    <p class='ocr_par' dir='ltr' id='par_1_28' title="bbox 2129 1459 3716 1534">
     <span class='ocr_line' id='line_1_28' title="bbox 2129 1459 3716 1534; baseline -0.001 -21"><span class='ocrx_word' id='word_1_171' title='bbox 2129 1463 2442 1533; x_wconf 79' lang='grc' dir='ltr'><strong>Δημήτριος</strong></span> <span class='ocrx_word' id='word_1_172' title='bbox 2472 1462 2529 1516; x_wconf 83' lang='grc' dir='ltr'><strong>δὲ</strong></span> <span class='ocrx_word' id='word_1_173' title='bbox 2569 1461 2665 1516; x_wconf 81' lang='grc' dir='ltr'><strong>σὺν</strong></span> <span class='ocrx_word' id='word_1_174' title='bbox 2697 1461 2774 1534; x_wconf 84' lang='grc' dir='ltr'><strong>τῷ</strong></span> <span class='ocrx_word' id='word_1_175' title='bbox 2809 1461 2979 1532; x_wconf 79' lang='grc' dir='ltr'><strong>στόλῳ</strong></span> <span class='ocrx_word' id='word_1_176' title='bbox 3018 1459 3264 1514; x_wconf 68' lang='grc' dir='ltr'><strong>ἐπελθὼν</strong></span> <span class='ocrx_word' id='word_1_177' title='bbox 3292 1460 3394 1530; x_wconf 82' lang='grc' dir='ltr'><strong>τὴν</strong></span> <span class='ocrx_word' id='word_1_178' title='bbox 3429 1461 3716 1530; x_wconf 83' lang='grc' dir='ltr'><strong>περίοικον</strong></span> 
     </span>
    </p>
   </div>
   <div class='ocr_carea' id='block_1_29' title="bbox 2128 1551 3720 1626">
    <p class='ocr_par' dir='ltr' id='par_1_29' title="bbox 2128 1551 3720 1626">
     <span class='ocr_line' id='line_1_29' title="bbox 2128 1551 3720 1626; baseline -0.003 -18"><span class='ocrx_word' id='word_1_179' title='bbox 2128 1557 2223 1608; x_wconf 78' lang='grc' dir='ltr'><strong>καὶ</strong></span> <span class='ocrx_word' id='word_1_180' title='bbox 2247 1554 2494 1626; x_wconf 82' lang='grc' dir='ltr'><strong>θαλάσσῃ</strong></span> <span class='ocrx_word' id='word_1_181' title='bbox 2526 1555 2745 1621; x_wconf 87' lang='grc' dir='ltr'><strong>γείτονα</strong></span> <span class='ocrx_word' id='word_1_182' title='bbox 2776 1554 3053 1624; x_wconf 74' lang='grc' dir='ltr'><strong>ὲληῒσατο.</strong></span> <span class='ocrx_word' id='word_1_183' title='bbox 3113 1553 3211 1607; x_wconf 73' lang='grc' dir='ltr'><strong>καὶ</strong></span> <span class='ocrx_word' id='word_1_184' title='bbox 3261 1552 3466 1622; x_wconf 78' lang='grc' dir='ltr'><strong>πλῆθος</strong></span> <span class='ocrx_word' id='word_1_185' title='bbox 3509 1551 3720 1621; x_wconf 83' lang='grc' dir='ltr'><strong>ἀνθρώ-</strong></span> 
     </span>
    </p>
   </div>
   <div class='ocr_carea' id='block_1_30' title="bbox 2127 1643 3716 1716">
    <p class='ocr_par' dir='ltr' id='par_1_30' title="bbox 2127 1643 3716 1716">
     <span class='ocr_line' id='line_1_30' title="bbox 2127 1643 3716 1716; baseline -0.003 -17"><span class='ocrx_word' id='word_1_186' title='bbox 2127 1663 2246 1699; x_wconf 91' lang='grc' dir='ltr'><strong>πων</strong></span> <span class='ocrx_word' id='word_1_187' title='bbox 2285 1644 2735 1716; x_wconf 85' lang='grc' dir='ltr'><strong>ἀνδραποδίσατο,</strong></span> <span class='ocrx_word' id='word_1_188' title='bbox 2763 1645 2896 1708; x_wconf 90' lang='grc' dir='ltr'><strong>ναῦς</strong></span> <span class='ocrx_word' id='word_1_189' title='bbox 2925 1662 2986 1698; x_wconf 90' lang='grc' dir='ltr'><strong>τε</strong></span> <span class='ocrx_word' id='word_1_190' title='bbox 3003 1644 3111 1697; x_wconf 88' lang='grc' dir='ltr'><strong>τῶν</strong></span> <span class='ocrx_word' id='word_1_191' title='bbox 3141 1645 3424 1716; x_wconf 75' lang='grc' dir='ltr'><strong>ἐγχωρίων</strong></span> <span class='ocrx_word' id='word_1_192' title='bbox 3451 1644 3526 1706; x_wconf 84' lang='grc' dir='ltr'><strong>ὡς</strong></span> <span class='ocrx_word' id='word_1_193' title='bbox 3555 1643 3716 1695; x_wconf 75' lang='grc' dir='ltr'><strong>πλεί·</strong></span> 
     </span>
    </p>
   </div>
   <div class='ocr_carea' id='block_1_31' title="bbox 2129 1735 3716 1808">
    <p class='ocr_par' dir='ltr' id='par_1_31' title="bbox 2129 1735 3716 1808">
     <span class='ocr_line' id='line_1_31' title="bbox 2129 1735 3716 1808; baseline -0.003 -18"><span class='ocrx_word' id='word_1_194' title='bbox 2129 1755 2262 1800; x_wconf 84' lang='grc' dir='ltr'><strong>στας</strong></span> <span class='ocrx_word' id='word_1_195' title='bbox 2293 1738 2448 1805; x_wconf 82' lang='grc' dir='ltr'><strong>παρά</strong></span> <span class='ocrx_word' id='word_1_196' title='bbox 2472 1739 2574 1808; x_wconf 78' lang='grc' dir='ltr'><strong>τὴν</strong></span> <span class='ocrx_word' id='word_1_197' title='bbox 2597 1737 2876 1808; x_wconf 81' lang='grc' dir='ltr'><strong>θαλάσσης</strong></span> <span class='ocrx_word' id='word_1_198' title='bbox 2912 1737 3351 1807; x_wconf 83' lang='grc' dir='ltr'><strong>ἀνειλκυσμένας</strong></span> <span class='ocrx_word' id='word_1_199' title='bbox 3371 1735 3545 1805; x_wconf 74' lang='grc' dir='ltr'><strong>ἀκτὴν</strong></span> <span class='ocrx_word' id='word_1_200' title='bbox 3578 1736 3716 1806; x_wconf 82' lang='grc' dir='ltr'><strong>πυρὶ</strong></span> 
     </span>
    </p>
   </div>
   <div class='ocr_carea' id='block_1_32' title="bbox 443 1829 2021 1928">
    <p class='ocr_par' dir='ltr' id='par_1_32' title="bbox 443 1843 2021 1912">
     <span class='ocr_line' id='line_1_32' title="bbox 443 1843 2021 1912; baseline -0.001 -18"><span class='ocrx_word' id='word_1_201' title='bbox 443 1843 633 1896; x_wconf 84' lang='lat' dir='ltr'><strong>diebus</strong></span> <span class='ocrx_word' id='word_1_202' title='bbox 684 1843 870 1896; x_wconf 84' lang='lat' dir='ltr'><strong>decem</strong></span> <span class='ocrx_word' id='word_1_203' title='bbox 923 1857 1247 1912; x_wconf 88' lang='lat' dir='ltr'><strong>percurrere</strong></span> <span class='ocrx_word' id='word_1_204' title='bbox 1284 1857 1406 1898; x_wconf 88' lang='lat' dir='ltr'><strong>eum</strong></span> <span class='ocrx_word' id='word_1_205' title='bbox 1463 1851 1699 1896; x_wconf 77' lang='lat' dir='ltr'><strong>tractum</strong></span> <span class='ocrx_word' id='word_1_206' title='bbox 1745 1854 2021 1910; x_wconf 87' lang='lat' dir='ltr'><strong>:cumque</strong></span> 
     </span>
    </p>
   </div>
   <div class='ocr_carea' id='block_1_33' title="bbox 2128 1829 3713 1928">
    <p class='ocr_par' dir='ltr' id='par_1_33' title="bbox 2135 1829 3713 1901">
     <span class='ocr_line' id='line_1_33' title="bbox 2135 1829 3713 1901; baseline -0.004 -17"><span class='ocrx_word' id='word_1_207' title='bbox 2135 1831 2360 1899; x_wconf 77' lang='grc' dir='ltr'><strong>ἔφλεξεν</strong></span> <span class='ocrx_word' id='word_1_208' title='bbox 2389 1847 2401 1862; x_wconf 77' lang='grc'><strong>⁸</strong></span> <span class='ocrx_word' id='word_1_209' title='bbox 2434 1831 2524 1884; x_wconf 86' lang='grc' dir='ltr'><strong>ὅτε</strong></span> <span class='ocrx_word' id='word_1_210' title='bbox 2570 1831 2634 1901; x_wconf 76' lang='grc' dir='ltr'><strong>δὴ</strong></span> <span class='ocrx_word' id='word_1_211' title='bbox 2667 1831 2761 1884; x_wconf 72' lang='grc' dir='ltr'><strong>καὶ</strong></span> <span class='ocrx_word' id='word_1_212' title='bbox 2785 1833 2812 1884; x_wconf 90' lang='grc' dir='ltr'>ὁ</span> <span class='ocrx_word' id='word_1_213' title='bbox 2836 1832 2896 1884; x_wconf 74' lang='grc' dir='ltr'><strong>τὸ</strong></span> <span class='ocrx_word' id='word_1_214' title='bbox 2931 1830 3191 1900; x_wconf 86' lang='grc' dir='ltr'><strong>δημόσιον</strong></span> <span class='ocrx_word' id='word_1_215' title='bbox 3223 1829 3409 1892; x_wconf 79' lang='grc' dir='ltr'><strong>σφίσιν</strong></span> <span class='ocrx_word' id='word_1_216' title='bbox 3446 1830 3713 1894; x_wconf 85' lang='grc' dir='ltr'><strong>εἰσπρατ-</strong></span> 
     </span>
    </p>
   </div>
   <div class='ocr_carea' id='block_1_34' title="bbox 443 1919 2021 2004">
    <p class='ocr_par' dir='ltr' id='par_1_34' title="bbox 443 1935 2021 2004">
     <span class='ocr_line' id='line_1_34' title="bbox 443 1935 2021 2004; baseline -0.001 -17"><span class='ocrx_word' id='word_1_217' title='bbox 443 1949 708 2003; x_wconf 86' lang='lat' dir='ltr'><strong>aquarum</strong></span> <span class='ocrx_word' id='word_1_218' title='bbox 737 1935 963 2004; x_wconf 90' lang='lat' dir='ltr'><strong>penuria</strong></span> <span class='ocrx_word' id='word_1_219' title='bbox 986 1945 1386 2004; x_wconf 73' lang='lat' dir='ltr'><strong>premerentur,</strong></span> <span class='ocrx_word' id='word_1_220' title='bbox 1411 1950 1626 1989; x_wconf 86' lang='lat' dir='ltr'><strong>rursum</strong></span> <span class='ocrx_word' id='word_1_221' title='bbox 1655 1948 1718 1989; x_wconf 80' lang='lat' dir='ltr'><strong>ex</strong></span> <span class='ocrx_word' id='word_1_222' title='bbox 1747 1935 2021 2003; x_wconf 87' lang='lat' dir='ltr'><strong>insperato</strong></span> 
     </span>
    </p>
   </div>
   <div class='ocr_carea' id='block_1_35' title="bbox 2128 1919 3716 2004">
    <p class='ocr_par' dir='ltr' id='par_1_35' title="bbox 2128 1919 3716 1994">
     <span class='ocr_line' id='line_1_35' title="bbox 2128 1919 3716 1994; baseline -0.004 -18"><span class='ocrx_word' id='word_1_223' title='bbox 2128 1925 2356 1992; x_wconf 70' lang='grc' dir='ltr'><strong>πιόμενος</strong></span> <span class='ocrx_word' id='word_1_224' title='bbox 2420 1924 2665 1994; x_wconf 88' lang='grc' dir='ltr'><strong>νόμισμα</strong></span> <span class='ocrx_word' id='word_1_225' title='bbox 2729 1922 3074 1992; x_wconf 84' lang='grc' dir='ltr'><strong>αἰχμάλωτος</strong></span> <span class='ocrx_word' id='word_1_226' title='bbox 3129 1921 3192 1994; x_wconf 84' lang='grc' dir='ltr'><strong>[Ρ</strong></span> <span class='ocrx_word' id='word_1_227' title='bbox 3255 1919 3348 1992; x_wconf 67' lang='grc'><strong>20]</strong></span> <span class='ocrx_word' id='word_1_228' title='bbox 3413 1920 3716 1987; x_wconf 74' lang='grc' dir='ltr'><strong>Ῥωμαίοις</strong></span> 
     </span>
    </p>
   </div>
   <div class='ocr_carea' id='block_1_36' title="bbox 443 2025 2020 2096">
    <p class='ocr_par' dir='ltr' id='par_1_36' title="bbox 443 2025 2020 2096">
     <span class='ocr_line' id='line_1_36' title="bbox 443 2025 2020 2096; baseline -0.001 -17"><span class='ocrx_word' id='word_1_229' title='bbox 443 2027 744 2096; x_wconf 87' lang='lat' dir='ltr'><strong>applicatos</strong></span> <span class='ocrx_word' id='word_1_230' title='bbox 777 2028 843 2080; x_wconf 89' lang='lat' dir='ltr'><strong>ad</strong></span> <span class='ocrx_word' id='word_1_231' title='bbox 895 2035 1097 2082; x_wconf 90' lang='lat' dir='ltr'><strong>terram</strong></span> <span class='ocrx_word' id='word_1_232' title='bbox 1150 2027 1334 2083; x_wconf 85' lang='lat' dir='ltr'><strong>hostes</strong></span> <span class='ocrx_word' id='word_1_233' title='bbox 1389 2027 1440 2080; x_wconf 91' lang='lat' dir='ltr'><strong>in</strong></span> <span class='ocrx_word' id='word_1_234' title='bbox 1492 2025 1672 2094; x_wconf 78' lang='lat' dir='ltr'><strong>fugam</strong></span> <span class='ocrx_word' id='word_1_235' title='bbox 1730 2027 2020 2086; x_wconf 84' lang='lat' dir='ltr'><strong>dederunt,</strong></span> 
     </span>
    </p>
   </div>
   <div class='ocr_carea' id='block_1_37' title="bbox 442 2115 2023 2188">
    <p class='ocr_par' dir='ltr' id='par_1_37' title="bbox 442 2115 2023 2188">
     <span class='ocr_line' id='line_1_37' title="bbox 442 2115 2023 2188; baseline -0.001 -18"><span class='ocrx_word' id='word_1_236' title='bbox 442 2117 782 2187; x_wconf 78' lang='lat' dir='ltr'><strong>direptisque</strong></span> <span class='ocrx_word' id='word_1_237' title='bbox 816 2118 1104 2172; x_wconf 87' lang='lat' dir='ltr'><strong>maritimis</strong></span> <span class='ocrx_word' id='word_1_238' title='bbox 1129 2118 1340 2174; x_wconf 91' lang='lat' dir='ltr'><strong>duobus</strong></span> <span class='ocrx_word' id='word_1_239' title='bbox 1364 2119 1628 2182; x_wconf 89' lang='lat' dir='ltr'><strong>castellis,</strong></span> <span class='ocrx_word' id='word_1_240' title='bbox 1660 2132 1858 2188; x_wconf 78' lang='lat' dir='ltr'><strong>magna</strong></span> <span class='ocrx_word' id='word_1_241' title='bbox 1891 2115 2023 2182; x_wconf 86' lang='lat' dir='ltr'><strong>vlui,</strong></span> 
     </span>
    </p>
   </div>
   <div class='ocr_carea' id='block_1_38' title="bbox 441 2205 2022 2279">
    <p class='ocr_par' dir='ltr' id='par_1_38' title="bbox 441 2205 2022 2279">
     <span class='ocr_line' id='line_1_38' title="bbox 441 2205 2022 2279; baseline -0.001 -18"><span class='ocrx_word' id='word_1_242' title='bbox 441 2215 501 2261; x_wconf 85' lang='lat' dir='ltr'><strong>et</strong></span> <span class='ocrx_word' id='word_1_243' title='bbox 546 2205 782 2264; x_wconf 81' lang='lat' dir='ltr'><strong>fluvialis</strong></span> <span class='ocrx_word' id='word_1_244' title='bbox 839 2222 994 2277; x_wconf 67' lang='lat' dir='ltr'><strong>aquae</strong></span> <span class='ocrx_word' id='word_1_245' title='bbox 1036 2209 1190 2278; x_wconf 91' lang='lat' dir='ltr'><strong>copia</strong></span> <span class='ocrx_word' id='word_1_246' title='bbox 1248 2208 1483 2279; x_wconf 88' lang='lat' dir='ltr'><strong>impletis</strong></span> <span class='ocrx_word' id='word_1_247' title='bbox 1517 2209 1766 2274; x_wconf 87' lang='lat' dir='ltr'><strong>navibus,</strong></span> <span class='ocrx_word' id='word_1_248' title='bbox 1803 2217 2022 2261; x_wconf 89' lang='lat' dir='ltr'><strong>ventum</strong></span> 
     </span>
    </p>
   </div>
   <div class='ocr_carea' id='block_1_39' title="bbox 446 2297 2022 2371">
    <p class='ocr_par' dir='ltr' id='par_1_39' title="bbox 446 2297 2022 2371">
     <span class='ocr_line' id='line_1_39' title="bbox 446 2297 2022 2371; baseline 0.002 -20"><span class='ocrx_word' id='word_1_249' title='bbox 446 2297 590 2352; x_wconf 90' lang='lat' dir='ltr'><strong>nacti</strong></span> <span class='ocrx_word' id='word_1_250' title='bbox 636 2299 932 2354; x_wconf 89' lang='lat' dir='ltr'><strong>secundum</strong></span> <span class='ocrx_word' id='word_1_251' title='bbox 962 2338 977 2363; x_wconf 88' lang='lat'><strong>,</strong></span> <span class='ocrx_word' id='word_1_252' title='bbox 1048 2301 1115 2353; x_wconf 87' lang='lat' dir='ltr'><strong>ad</strong></span> <span class='ocrx_word' id='word_1_253' title='bbox 1173 2300 1412 2371; x_wconf 77' lang='lat' dir='ltr'><strong>Cyprum</strong></span> <span class='ocrx_word' id='word_1_254' title='bbox 1464 2301 1696 2355; x_wconf 84' lang='lat' dir='ltr'><strong>insulam</strong></span> <span class='ocrx_word' id='word_1_255' title='bbox 1743 2299 2022 2367; x_wconf 84' lang='lat' dir='ltr'><strong>appulere.</strong></span> 
     </span>
    </p>
   </div>
   <div class='ocr_carea' id='block_1_40' title="bbox 442 2387 2029 2466">
    <p class='ocr_par' dir='ltr' id='par_1_40' title="bbox 442 2387 2029 2466">
     <span class='ocr_line' id='line_1_40' title="bbox 442 2387 2029 2466; baseline 0.001 -26"><span class='ocrx_word' id='word_1_256' title='bbox 442 2387 577 2466; x_wconf 68' lang='lat' dir='ltr'><strong>Quae</strong></span> <span class='ocrx_word' id='word_1_257' title='bbox 613 2389 685 2443; x_wconf 89' lang='lat' dir='ltr'><strong>ibi</strong></span> <span class='ocrx_word' id='word_1_258' title='bbox 736 2398 886 2458; x_wconf 80' lang='lat' dir='ltr'><strong>gesta</strong></span> <span class='ocrx_word' id='word_1_259' title='bbox 918 2400 1046 2446; x_wconf 89' lang='lat' dir='ltr'><strong>sunt</strong></span> <span class='ocrx_word' id='word_1_260' title='bbox 1079 2389 1445 2445; x_wconf 79' lang='lat' dir='ltr'><strong>Raimundum</strong></span> <span class='ocrx_word' id='word_1_261' title='bbox 1481 2398 1776 2460; x_wconf 72' lang='lat' dir='ltr'><strong>coegerunt</strong></span> <span class='ocrx_word' id='word_1_262' title='bbox 1819 2388 2029 2459; x_wconf 81' lang='lat' dir='ltr'><strong>Byzan-</strong></span> 
     </span>
    </p>
   </div>
   <div class='ocr_carea' id='block_1_41' title="bbox 444 2478 2028 2548">
    <p class='ocr_par' dir='ltr' id='par_1_41' title="bbox 444 2478 2028 2548">
     <span class='ocr_line' id='line_1_41' title="bbox 444 2478 2028 2548; baseline 0 -17"><span class='ocrx_word' id='word_1_263' title='bbox 444 2478 580 2532; x_wconf 87' lang='lat' dir='ltr'><strong>tium</strong></span> <span class='ocrx_word' id='word_1_264' title='bbox 612 2480 908 2548; x_wconf 87' lang='lat' dir='ltr'><strong>prollcisci.</strong></span> <span class='ocrx_word' id='word_1_265' title='bbox 958 2481 1352 2536; x_wconf 78' lang='lat' dir='ltr'><strong>Advenientem</strong></span> <span class='ocrx_word' id='word_1_266' title='bbox 1402 2495 1532 2535; x_wconf 83' lang='lat' dir='ltr'><strong>vero</strong></span> <span class='ocrx_word' id='word_1_267' title='bbox 1585 2481 1652 2534; x_wconf 89' lang='lat' dir='ltr'><strong>ad</strong></span> <span class='ocrx_word' id='word_1_268' title='bbox 1701 2480 2028 2548; x_wconf 86' lang='lat' dir='ltr'><strong>colloquium</strong></span> 
     </span>
    </p>
   </div>
   <div class='ocr_carea' id='block_1_42' title="bbox 444 2568 2032 2640">
    <p class='ocr_par' dir='ltr' id='par_1_42' title="bbox 444 2568 2032 2640">
     <span class='ocr_line' id='line_1_42' title="bbox 444 2568 2032 2640; baseline 0.003 -20"><span class='ocrx_word' id='word_1_269' title='bbox 444 2568 734 2623; x_wconf 90' lang='lat' dir='ltr'><strong>admittere</strong></span> <span class='ocrx_word' id='word_1_270' title='bbox 767 2571 946 2624; x_wconf 90' lang='lat' dir='ltr'><strong>renuit</strong></span> <span class='ocrx_word' id='word_1_271' title='bbox 985 2573 1304 2639; x_wconf 88' lang='lat' dir='ltr'><strong>imperator,</strong></span> <span class='ocrx_word' id='word_1_272' title='bbox 1341 2579 1630 2640; x_wconf 84' lang='lat' dir='ltr'><strong>antequam</strong></span> <span class='ocrx_word' id='word_1_273' title='bbox 1654 2570 1740 2637; x_wconf 75' lang='lat' dir='ltr'><strong>;ad</strong></span> <span class='ocrx_word' id='word_1_274' title='bbox 1787 2569 2032 2638; x_wconf 88' lang='lat' dir='ltr'><strong>parentis</strong></span> 
     </span>
    </p>
   </div>
   <div class='ocr_carea' id='block_1_43' title="bbox 443 2660 2028 2732">
    <p class='ocr_par' dir='ltr' id='par_1_43' title="bbox 443 2660 2028 2732">
     <span class='ocr_line' id='line_1_43' title="bbox 443 2660 2028 2732; baseline 0 -18"><span class='ocrx_word' id='word_1_275' title='bbox 443 2661 790 2729; x_wconf 87' lang='lat' dir='ltr'><strong>imperatoris</strong></span> <span class='ocrx_word' id='word_1_276' title='bbox 818 2673 1246 2729; x_wconf 88' lang='lat' dir='ltr'><strong>monumentum,</strong></span> <span class='ocrx_word' id='word_1_277' title='bbox 1297 2663 1453 2718; x_wconf 82' lang='lat' dir='ltr'><strong>venia</strong></span> <span class='ocrx_word' id='word_1_278' title='bbox 1485 2663 1794 2732; x_wconf 88' lang='lat' dir='ltr'><strong>impetrata.</strong></span> <span class='ocrx_word' id='word_1_279' title='bbox 1842 2660 1941 2715; x_wconf 89' lang='lat' dir='ltr'><strong>sibi</strong></span> <span class='ocrx_word' id='word_1_280' title='bbox 1975 2660 2028 2714; x_wconf 92' lang='lat' dir='ltr'><strong>in</strong></span> 
     </span>
    </p>
   </div>
   <div class='ocr_carea' id='block_1_44' title="bbox 442 2741 1864 2823">
    <p class='ocr_par' dir='ltr' id='par_1_44' title="bbox 442 2741 1864 2823">
     <span class='ocr_line' id='line_1_44' title="bbox 442 2741 1864 2823; baseline 0.001 -18"><span class='ocrx_word' id='word_1_281' title='bbox 442 2761 722 2819; x_wconf 91' lang='lat' dir='ltr'><strong>posterum</strong></span> <span class='ocrx_word' id='word_1_282' title='bbox 756 2741 914 2808; x_wconf 77' lang='lat' dir='ltr'><strong>fiderit</strong></span> <span class='ocrx_word' id='word_1_283' title='bbox 948 2764 1002 2809; x_wconf 81' lang='lat' dir='ltr'><strong>et</strong></span> <span class='ocrx_word' id='word_1_284' title='bbox 1042 2753 1350 2810; x_wconf 80' lang='lat' dir='ltr'><strong>clientelam</strong></span> <span class='ocrx_word' id='word_1_285' title='bbox 1382 2752 1662 2823; x_wconf 80' lang='lat' dir='ltr'><strong>professus</strong></span> <span class='ocrx_word' id='word_1_286' title='bbox 1697 2763 1864 2807; x_wconf 80' lang='lat' dir='ltr'><strong>esset.</strong></span> 
     </span>
    </p>
   </div>
   <div class='ocr_carea' id='block_1_45' title="bbox 2132 2009 3717 2085">
    <p class='ocr_par' dir='ltr' id='par_1_45' title="bbox 2132 2009 3717 2085">
     <span class='ocr_line' id='line_1_45' title="bbox 2132 2009 3717 2085; baseline -0.004 -17"><span class='ocrx_word' id='word_1_287' title='bbox 2132 2015 2372 2082; x_wconf 79' lang='grc' dir='ltr'><strong>ἐγένετο.</strong></span> <span class='ocrx_word' id='word_1_288' title='bbox 2414 2014 2767 2085; x_wconf 84' lang='grc' dir='ltr'><strong>Ῥαῖμοῦνδος</strong></span> <span class='ocrx_word' id='word_1_289' title='bbox 2797 2015 2853 2067; x_wconf 85' lang='grc' dir='ltr'><strong>δὲ</strong></span> <span class='ocrx_word' id='word_1_290' title='bbox 2889 2013 3078 2083; x_wconf 77' lang='grc' dir='ltr'><strong>ἐπειδὴ</strong></span> <span class='ocrx_word' id='word_1_291' title='bbox 3111 2012 3287 2066; x_wconf 88' lang='grc' dir='ltr'><strong>ταῦτα</strong></span> <span class='ocrx_word' id='word_1_292' title='bbox 3322 2013 3524 2083; x_wconf 71' lang='grc' dir='ltr'><strong>ἢκουσε</strong></span> <span class='ocrx_word' id='word_1_293' title='bbox 3555 2009 3717 2080; x_wconf 78' lang='grc' dir='ltr'><strong>θυμῷ</strong></span> 
     </span>
    </p>
   </div>
   <div class='ocr_carea' id='block_1_46' title="bbox 2135 2102 3716 2178">
    <p class='ocr_par' dir='ltr' id='par_1_46' title="bbox 2135 2102 3716 2178">
     <span class='ocr_line' id='line_1_46' title="bbox 2135 2102 3716 2178; baseline -0.004 -18"><span class='ocrx_word' id='word_1_294' title='bbox 2135 2107 2356 2178; x_wconf 88' lang='grc' dir='ltr'><strong>μεγάλῳ</strong></span> <span class='ocrx_word' id='word_1_295' title='bbox 2395 2107 2589 2170; x_wconf 75' lang='grc' dir='ltr'><strong>ἐπιὼν,</strong></span> <span class='ocrx_word' id='word_1_296' title='bbox 2626 2107 2700 2168; x_wconf 87' lang='grc' dir='ltr'><strong>ὡς</strong></span> <span class='ocrx_word' id='word_1_297' title='bbox 2732 2107 2831 2169; x_wconf 74' lang='grc' dir='ltr'><strong>τὰς</strong></span> <span class='ocrx_word' id='word_1_298' title='bbox 2887 2105 3205 2173; x_wconf 67' lang='grc' dir='ltr'><strong>Ῥωμαϊκὰς</strong></span> <span class='ocrx_word' id='word_1_299' title='bbox 3234 2103 3368 2166; x_wconf 91' lang='grc' dir='ltr'><strong>ναῦς</strong></span> <span class='ocrx_word' id='word_1_300' title='bbox 3396 2102 3716 2171; x_wconf 77' lang='grc' dir='ltr'><strong>ἀποσχομέ-</strong></span> 
     </span>
    </p>
   </div>
   <div class='ocr_carea' id='block_1_47' title="bbox 2132 2188 3717 2268">
    <p class='ocr_par' dir='ltr' id='par_1_47' title="bbox 2132 2188 3717 2268">
     <span class='ocr_line' id='line_1_47' title="bbox 2132 2188 3717 2268; baseline -0.009 -17"><span class='ocrx_word' id='word_1_301' title='bbox 2132 2215 2231 2261; x_wconf 90' lang='grc' dir='ltr'><strong>νας</strong></span> <span class='ocrx_word' id='word_1_302' title='bbox 2285 2197 2386 2268; x_wconf 80' lang='grc' dir='ltr'><strong>ἥδη</strong></span> <span class='ocrx_word' id='word_1_303' title='bbox 2432 2197 2532 2265; x_wconf 83' lang='grc' dir='ltr'><strong>τῆς</strong></span> <span class='ocrx_word' id='word_1_304' title='bbox 2573 2197 2772 2266; x_wconf 83' lang='grc' dir='ltr'><strong>χέρσου</strong></span> <span class='ocrx_word' id='word_1_305' title='bbox 2814 2195 3082 2255; x_wconf 88' lang='grc' dir='ltr'><strong>κατενόει,</strong></span> <span class='ocrx_word' id='word_1_306' title='bbox 3154 2193 3440 2263; x_wconf 79' lang='grc' dir='ltr'><strong>ἄπρακτος</strong></span> <span class='ocrx_word' id='word_1_307' title='bbox 3499 2188 3717 2240; x_wconf 78' lang='grc' dir='ltr'><strong>ἐκεῖθεν</strong></span> 
     </span>
    </p>
   </div>
   <div class='ocr_carea' id='block_1_48' title="bbox 2132 2279 3710 2360">
    <p class='ocr_par' dir='ltr' id='par_1_48' title="bbox 2132 2279 3710 2360">
     <span class='ocr_line' id='line_1_48' title="bbox 2132 2279 3710 2360; baseline -0.008 -17"><span class='ocrx_word' id='word_1_308' title='bbox 2132 2289 2421 2360; x_wconf 87' lang='grc' dir='ltr'><strong>ἀνεχώρει.</strong></span> <span class='ocrx_word' id='word_1_309' title='bbox 2469 2288 2734 2356; x_wconf 81' lang='grc' dir='ltr'><strong>Ῥωμαῖοι</strong></span> <span class='ocrx_word' id='word_1_310' title='bbox 2754 2287 2810 2339; x_wconf 89' lang='grc' dir='ltr'><strong>δὲ</strong></span> <span class='ocrx_word' id='word_1_311' title='bbox 2841 2286 2940 2356; x_wconf 80' lang='grc' dir='ltr'><strong>τῆς</strong></span> <span class='ocrx_word' id='word_1_312' title='bbox 2971 2285 3250 2354; x_wconf 81' lang='grc' dir='ltr'><strong>θαλάσσης</strong></span> <span class='ocrx_word' id='word_1_313' title='bbox 3285 2282 3346 2336; x_wconf 85' lang='grc' dir='ltr'><strong>οὐ</strong></span> <span class='ocrx_word' id='word_1_314' title='bbox 3391 2279 3710 2350; x_wconf 83' lang='grc' dir='ltr'><strong>συγχωρού-</strong></span> 
     </span>
    </p>
   </div>
   <div class='ocr_carea' id='block_1_49' title="bbox 2130 2375 3716 2450">
    <p class='ocr_par' dir='ltr' id='par_1_49' title="bbox 2130 2375 3716 2450">
     <span class='ocr_line' id='line_1_49' title="bbox 2130 2375 3716 2450; baseline -0.009 -15"><span class='ocrx_word' id='word_1_315' title='bbox 2130 2399 2230 2450; x_wconf 88' lang='grc' dir='ltr'><strong>σης</strong></span> <span class='ocrx_word' id='word_1_316' title='bbox 2260 2382 2449 2442; x_wconf 82' lang='grc' dir='ltr'><strong>αὐτοῖς</strong></span> <span class='ocrx_word' id='word_1_317' title='bbox 2484 2378 2724 2448; x_wconf 79' lang='grc' dir='ltr'><strong>ἡμέραις</strong></span> <span class='ocrx_word' id='word_1_318' title='bbox 2753 2379 2888 2431; x_wconf 84' lang='grc' dir='ltr'><strong>δέκα</strong></span> <span class='ocrx_word' id='word_1_319' title='bbox 2912 2377 3003 2430; x_wconf 79' lang='grc' dir='ltr'><strong>τὸν</strong></span> <span class='ocrx_word' id='word_1_320' title='bbox 3043 2376 3224 2446; x_wconf 81' lang='grc' dir='ltr'><strong>χῶρον</strong></span> <span class='ocrx_word' id='word_1_321' title='bbox 3280 2375 3492 2426; x_wconf 78' lang='grc' dir='ltr'><strong>ἐκεῖνον</strong></span> <span class='ocrx_word' id='word_1_322' title='bbox 3535 2387 3716 2439; x_wconf 87' lang='grc' dir='ltr'><strong>παρα-</strong></span> 
     </span>
    </p>
   </div>
   <div class='ocr_carea' id='block_1_50' title="bbox 2130 2458 3717 2535">
    <p class='ocr_par' dir='ltr' id='par_1_50' title="bbox 2130 2458 3717 2535">
     <span class='ocr_line' id='line_1_50' title="bbox 2130 2458 3717 2535; baseline -0.008 -13"><span class='ocrx_word' id='word_1_323' title='bbox 2130 2469 2486 2532; x_wconf 81' lang='grc' dir='ltr'><strong>πλεύσαντες,</strong></span> <span class='ocrx_word' id='word_1_324' title='bbox 2514 2466 2706 2535; x_wconf 82' lang='grc' dir='ltr'><strong>ὲπειδὴ</strong></span> <span class='ocrx_word' id='word_1_325' title='bbox 2765 2463 3186 2535; x_wconf 69' lang='grc' dir='ltr'><strong>λειψυδροῦντες</strong></span> <span class='ocrx_word' id='word_1_326' title='bbox 3223 2458 3386 2534; x_wconf 82' lang='grc' dir='ltr'><strong>ἦσαν,</strong></span> <span class='ocrx_word' id='word_1_327' title='bbox 3423 2465 3490 2532; x_wconf 78' lang='grc' dir='ltr'><strong>τῇ</strong></span> <span class='ocrx_word' id='word_1_328' title='bbox 3531 2461 3717 2530; x_wconf 76' lang='grc' dir='ltr'><strong>χέρσῳ</strong></span> 
     </span>
    </p>
   </div>
   <div class='ocr_carea' id='block_1_51' title="bbox 2128 2552 3711 2628">
    <p class='ocr_par' dir='ltr' id='par_1_51' title="bbox 2128 2552 3711 2628">
     <span class='ocr_line' id='line_1_51' title="bbox 2128 2552 3711 2628; baseline -0.009 -13"><span class='ocrx_word' id='word_1_329' title='bbox 2128 2561 2287 2623; x_wconf 78' lang='grc' dir='ltr'><strong>αὖθις</strong></span> <span class='ocrx_word' id='word_1_330' title='bbox 2323 2559 2582 2628; x_wconf 85' lang='grc' dir='ltr'><strong>αίφνίδιοι</strong></span> <span class='ocrx_word' id='word_1_331' title='bbox 2631 2556 3088 2627; x_wconf 77' lang='grc' dir='ltr'><strong>προσοκείλαντες</strong></span> <span class='ocrx_word' id='word_1_332' title='bbox 3134 2555 3262 2618; x_wconf 86' lang='grc' dir='ltr'><strong>τούς</strong></span> <span class='ocrx_word' id='word_1_333' title='bbox 3300 2572 3361 2608; x_wconf 91' lang='grc' dir='ltr'><strong>τε</strong></span> <span class='ocrx_word' id='word_1_334' title='bbox 3412 2552 3711 2621; x_wconf 87' lang='grc' dir='ltr'><strong>πολεμίους</strong></span> 
     </span>
    </p>
   </div>
   <div class='ocr_carea' id='block_1_52' title="bbox 2128 2645 3712 2724">
    <p class='ocr_par' dir='ltr' id='par_1_52' title="bbox 2128 2645 3712 2724">
     <span class='ocr_line' id='line_1_52' title="bbox 2128 2645 3712 2724; baseline -0.008 -19"><span class='ocrx_word' id='word_1_335' title='bbox 2128 2651 2427 2724; x_wconf 69' lang='grc' dir='ltr'><strong>ἐτρέψαντο</strong></span> <span class='ocrx_word' id='word_1_336' title='bbox 2461 2649 2556 2702; x_wconf 70' lang='grc' dir='ltr'><strong>καὶ</strong></span> <span class='ocrx_word' id='word_1_337' title='bbox 2593 2648 2687 2701; x_wconf 90' lang='grc' dir='ltr'><strong>δύο</strong></span> <span class='ocrx_word' id='word_1_338' title='bbox 2713 2649 2824 2700; x_wconf 89' lang='grc' dir='ltr'><strong>τῶν</strong></span> <span class='ocrx_word' id='word_1_339' title='bbox 2857 2647 3310 2700; x_wconf 77' lang='grc' dir='ltr'><strong>ὲπιθαλασσιὸίων</strong></span> <span class='ocrx_word' id='word_1_340' title='bbox 3333 2645 3712 2715; x_wconf 76' lang='grc' dir='ltr'><strong>ἐκπορθήσαν-</strong></span> 
     </span>
    </p>
   </div>
   <div class='ocr_carea' id='block_1_53' title="bbox 2127 2739 3714 2815">
    <p class='ocr_par' dir='ltr' id='par_1_53' title="bbox 2127 2739 3714 2815">
     <span class='ocr_line' id='line_1_53' title="bbox 2127 2739 3714 2815; baseline -0.007 -15"><span class='ocrx_word' id='word_1_341' title='bbox 2127 2764 2215 2809; x_wconf 88' lang='grc' dir='ltr'><strong>τες</strong></span> <span class='ocrx_word' id='word_1_342' title='bbox 2251 2744 2489 2815; x_wconf 87' lang='grc' dir='ltr'><strong>φρούρια</strong></span> <span class='ocrx_word' id='word_1_343' title='bbox 2511 2743 2655 2796; x_wconf 80' lang='grc' dir='ltr'><strong>οἴνου</strong></span> <span class='ocrx_word' id='word_1_344' title='bbox 2684 2761 2741 2796; x_wconf 89' lang='grc' dir='ltr'><strong>τε</strong></span> <span class='ocrx_word' id='word_1_345' title='bbox 2765 2743 2840 2805; x_wconf 84' lang='grc' dir='ltr'><strong>ὡς</strong></span> <span class='ocrx_word' id='word_1_346' title='bbox 2873 2743 3130 2796; x_wconf 75' lang='grc' dir='ltr'><strong>πλείστου</strong></span> <span class='ocrx_word' id='word_1_347' title='bbox 3162 2742 3259 2796; x_wconf 74' lang='grc' dir='ltr'><strong>καὶ</strong></span> <span class='ocrx_word' id='word_1_348' title='bbox 3299 2742 3571 2812; x_wconf 83' lang='grc' dir='ltr'><strong>ποταμίου</strong></span> <span class='ocrx_word' id='word_1_349' title='bbox 3611 2739 3714 2802; x_wconf 78' lang='grc' dir='ltr'><strong>τὰς</strong></span> 
     </span>
    </p>
   </div>
   <div class='ocr_carea' id='block_1_54' title="bbox 441 2831 3713 2915">
    <p class='ocr_par' dir='ltr' id='par_1_54' title="bbox 441 2831 3713 2915">
     <span class='ocr_line' id='line_1_54' title="bbox 441 2831 3713 2915; baseline -0.004 -19"><span class='ocrx_word' id='word_1_350' title='bbox 441 2844 575 2908; x_wconf 82' lang='grc' dir='ltr'><strong>ναῦς</strong></span> <span class='ocrx_word' id='word_1_351' title='bbox 631 2847 1011 2915; x_wconf 77' lang='grc' dir='ltr'><strong>ἐμπλήσαντες</strong></span> <span class='ocrx_word' id='word_1_352' title='bbox 1057 2845 1252 2910; x_wconf 76' lang='grc' dir='ltr'><strong>ὓδατος</strong></span> <span class='ocrx_word' id='word_1_353' title='bbox 1308 2845 1623 2913; x_wconf 85' lang='grc' dir='ltr'><strong>πνεύματός</strong></span> <span class='ocrx_word' id='word_1_354' title='bbox 1658 2861 1717 2898; x_wconf 91' lang='grc' dir='ltr'><strong>τε</strong></span> <span class='ocrx_word' id='word_1_355' title='bbox 1763 2841 2031 2912; x_wconf 76' lang='grc' dir='ltr'><strong>ὲπιφόρου</strong></span> <span class='ocrx_word' id='word_1_356' title='bbox 2068 2836 2324 2908; x_wconf 85' lang='grc' dir='ltr'><strong>τυχόντες</strong></span> <span class='ocrx_word' id='word_1_357' title='bbox 2361 2836 2417 2896; x_wconf 71' lang='grc' dir='ltr'><strong>ἐς</strong></span> <span class='ocrx_word' id='word_1_358' title='bbox 2477 2833 2706 2904; x_wconf 81' lang='grc' dir='ltr'><strong>Κύπρον</strong></span> <span class='ocrx_word' id='word_1_359' title='bbox 2759 2832 3099 2903; x_wconf 83' lang='grc' dir='ltr'><strong>ἀνήχθησαν.</strong></span> <span class='ocrx_word' id='word_1_360' title='bbox 3150 2831 3339 2885; x_wconf 83' lang='grc' dir='ltr'><strong>Ταῦτα</strong></span> <span class='ocrx_word' id='word_1_361' title='bbox 3390 2831 3454 2900; x_wconf 82' lang='grc' dir='ltr'><strong>δὴ</strong></span> <span class='ocrx_word' id='word_1_362' title='bbox 3497 2844 3713 2898; x_wconf 82' lang='grc' dir='ltr'><strong>συμπε-</strong></span> 
     </span>
    </p>
   </div>
   <div class='ocr_carea' id='block_1_55' title="bbox 440 2922 3708 3010">
    <p class='ocr_par' dir='ltr' id='par_1_55' title="bbox 440 2922 3708 3010">
     <span class='ocr_line' id='line_1_55' title="bbox 440 2922 3708 3010; baseline -0.005 -22"><span class='ocrx_word' id='word_1_363' title='bbox 440 2936 606 2989; x_wconf 81' lang='grc' dir='ltr'><strong>σόντα</strong></span> <span class='ocrx_word' id='word_1_364' title='bbox 658 2937 1014 3006; x_wconf 86' lang='grc' dir='ltr'><strong>Ῥαῖμοῦνδον</strong></span> <span class='ocrx_word' id='word_1_365' title='bbox 1070 2937 1172 3010; x_wconf 82' lang='grc' dir='ltr'><strong>τὴν</strong></span> <span class='ocrx_word' id='word_1_366' title='bbox 1227 2937 1285 3000; x_wconf 77' lang='grc' dir='ltr'><strong>ἐς</strong></span> <span class='ocrx_word' id='word_1_367' title='bbox 1346 2937 1645 3002; x_wconf 83' lang='grc' dir='ltr'><strong>Βυζάντιον</strong></span> <span class='ocrx_word' id='word_1_368' title='bbox 1699 2935 2013 2991; x_wconf 80' lang='grc' dir='ltr'><strong>στείλασθαι</strong></span> <span class='ocrx_word' id='word_1_369' title='bbox 2077 2933 2431 3002; x_wconf 79' lang='grc' dir='ltr'><strong>ἠνάγκασαν·</strong></span> <span class='ocrx_word' id='word_1_370' title='bbox 2493 2925 2816 2997; x_wconf 82' lang='grc' dir='ltr'><strong>ἀφικομένῳ</strong></span> <span class='ocrx_word' id='word_1_371' title='bbox 2870 2927 2927 2980; x_wconf 82' lang='grc' dir='ltr'><strong>δὲ</strong></span> <span class='ocrx_word' id='word_1_372' title='bbox 2977 2927 3038 2979; x_wconf 84' lang='grc' dir='ltr'><strong>οὐ</strong></span> <span class='ocrx_word' id='word_1_373' title='bbox 3120 2926 3391 2995; x_wconf 75' lang='grc' dir='ltr'><strong>πρότερον</strong></span> <span class='ocrx_word' id='word_1_374' title='bbox 3442 2922 3708 2994; x_wconf 84' lang='grc' dir='ltr'><strong>βασιλεὺς</strong></span> 
     </span>
    </p>
   </div>
   <div class='ocr_carea' id='block_1_56' title="bbox 443 3018 3714 3105">
    <p class='ocr_par' dir='ltr' id='par_1_56' title="bbox 443 3018 3714 3105">
     <span class='ocr_line' id='line_1_56' title="bbox 443 3018 3714 3105; baseline -0.005 -20"><span class='ocrx_word' id='word_1_375' title='bbox 443 3033 702 3101; x_wconf 78' lang='grc' dir='ltr'><strong>προσχεῖν</strong></span> <span class='ocrx_word' id='word_1_376' title='bbox 724 3032 946 3100; x_wconf 76' lang='grc' dir='ltr'><strong>ἠξίωσε,</strong></span> <span class='ocrx_word' id='word_1_377' title='bbox 971 3034 1104 3105; x_wconf 74' lang='grc' dir='ltr'><strong>πρὶν</strong></span> <span class='ocrx_word' id='word_1_378' title='bbox 1131 3035 1190 3099; x_wconf 72' lang='grc' dir='ltr'><strong>ἐς</strong></span> <span class='ocrx_word' id='word_1_379' title='bbox 1209 3034 1270 3087; x_wconf 83' lang='grc' dir='ltr'><strong>τὸ</strong></span> <span class='ocrx_word' id='word_1_380' title='bbox 1294 3033 1388 3088; x_wconf 89' lang='grc' dir='ltr'><strong>τοῦ</strong></span> <span class='ocrx_word' id='word_1_381' title='bbox 1415 3033 1684 3105; x_wconf 86' lang='grc' dir='ltr'><strong>βασιλέως</strong></span> <span class='ocrx_word' id='word_1_382' title='bbox 1741 3033 1837 3086; x_wconf 71' lang='grc' dir='ltr'><strong>καὶ</strong></span> <span class='ocrx_word' id='word_1_383' title='bbox 1891 3029 2097 3100; x_wconf 80' lang='grc' dir='ltr'><strong>πατρὸς</strong></span> <span class='ocrx_word' id='word_1_384' title='bbox 2138 3025 2314 3080; x_wconf 84' lang='grc' dir='ltr'><strong>ἀπιὼν</strong></span> <span class='ocrx_word' id='word_1_385' title='bbox 2335 3023 2525 3095; x_wconf 78' lang='grc' dir='ltr'><strong>μνῆμα</strong></span> <span class='ocrx_word' id='word_1_386' title='bbox 2550 3021 2803 3076; x_wconf 76' lang='grc' dir='ltr'><strong>ἐντεῦθεν</strong></span> <span class='ocrx_word' id='word_1_387' title='bbox 2819 3021 2886 3092; x_wconf 80' lang='grc' dir='ltr'><strong>δὴ</strong></span> <span class='ocrx_word' id='word_1_388' title='bbox 2911 3023 3012 3092; x_wconf 82' lang='grc' dir='ltr'><strong>τὴν</strong></span> <span class='ocrx_word' id='word_1_389' title='bbox 3034 3020 3382 3094; x_wconf 85' lang='grc' dir='ltr'><strong>συμπάθειαν</strong></span> <span class='ocrx_word' id='word_1_390' title='bbox 3415 3018 3714 3090; x_wconf 78' lang='grc' dir='ltr'><strong>ἐκομίσατο</strong></span> 
     </span>
    </p>
   </div>
   <div class='ocr_carea' id='block_1_57' title="bbox 445 3124 1721 3198">
    <p class='ocr_par' dir='ltr' id='par_1_57' title="bbox 445 3124 1721 3198">
     <span class='ocr_line' id='line_1_57' title="bbox 445 3124 1721 3198; baseline 0.003 -22"><span class='ocrx_word' id='word_1_391' title='bbox 445 3124 722 3189; x_wconf 76' lang='grc' dir='ltr'><strong>καὶλίξιον</strong></span> <span class='ocrx_word' id='word_1_392' title='bbox 744 3126 856 3197; x_wconf 90' lang='grc'><strong>(60)</strong></span> <span class='ocrx_word' id='word_1_393' title='bbox 890 3127 1079 3180; x_wconf 83' lang='grc' dir='ltr'><strong>λοιπὸν</strong></span> <span class='ocrx_word' id='word_1_394' title='bbox 1110 3127 1175 3197; x_wconf 86' lang='grc' dir='ltr'><strong>(ί)</strong></span> <span class='ocrx_word' id='word_1_395' title='bbox 1199 3127 1365 3180; x_wconf 82' lang='grc' dir='ltr'><strong>αὑτὸν</strong></span> <span class='ocrx_word' id='word_1_396' title='bbox 1403 3128 1721 3198; x_wconf 80' lang='grc' dir='ltr'><strong>ἐποιήσατο.</strong></span> 
     </span>
    </p>
   </div>
   <div class='ocr_carea' id='block_1_58' title="bbox 515 3202 2021 3290">
    <p class='ocr_par' dir='ltr' id='par_1_58' title="bbox 515 3218 2021 3290">
     <span class='ocr_line' id='line_1_58' title="bbox 515 3218 2021 3290; baseline -0.003 -16"><span class='ocrx_word' id='word_1_397' title='bbox 515 3220 624 3290; x_wconf 80' lang='lat'><strong>36</strong></span> <span class='ocrx_word' id='word_1_398' title='bbox 660 3221 714 3274; x_wconf 75' lang='grc'><strong>4.</strong></span> <span class='ocrx_word' id='word_1_399' title='bbox 751 3221 862 3275; x_wconf 85' lang='lat' dir='ltr'><strong>Sub</strong></span> <span class='ocrx_word' id='word_1_400' title='bbox 909 3221 1050 3275; x_wconf 90' lang='lat' dir='ltr'><strong>idem</strong></span> <span class='ocrx_word' id='word_1_401' title='bbox 1105 3221 1277 3276; x_wconf 87' lang='lat' dir='ltr'><strong>ferme</strong></span> <span class='ocrx_word' id='word_1_402' title='bbox 1319 3229 1530 3290; x_wconf 82' lang='lat' dir='ltr'><strong>tempus</strong></span> <span class='ocrx_word' id='word_1_403' title='bbox 1581 3218 1816 3284; x_wconf 89' lang='lat' dir='ltr'><strong>lrenem,</strong></span> <span class='ocrx_word' id='word_1_404' title='bbox 1869 3233 2021 3288; x_wconf 74' lang='lat' dir='ltr'><strong>quam</strong></span> 
     </span>
    </p>
   </div>
   <div class='ocr_carea' id='block_1_59' title="bbox 2128 3202 3714 3290">
    <p class='ocr_par' dir='ltr' id='par_1_59' title="bbox 2204 3202 3714 3276">
     <span class='ocr_line' id='line_1_59' title="bbox 2204 3202 3714 3276; baseline -0.005 -13"><span class='ocrx_word' id='word_1_405' title='bbox 2204 3209 2270 3263; x_wconf 79' lang='grc' dir='ltr'><strong>δ’.</strong></span> <span class='ocrx_word' id='word_1_406' title='bbox 2289 3207 2425 3262; x_wconf 80' lang='grc' dir='ltr'><strong>Ὑπὸ</strong></span> <span class='ocrx_word' id='word_1_407' title='bbox 2441 3205 2628 3259; x_wconf 89' lang='grc' dir='ltr'><strong>τοῦτον</strong></span> <span class='ocrx_word' id='word_1_408' title='bbox 2643 3205 2732 3260; x_wconf 72' lang='grc' dir='ltr'><strong>τὸν</strong></span> <span class='ocrx_word' id='word_1_409' title='bbox 2750 3206 2940 3276; x_wconf 80' lang='grc' dir='ltr'><strong>χρόνον</strong></span> <span class='ocrx_word' id='word_1_410' title='bbox 2959 3204 3051 3259; x_wconf 75' lang='grc' dir='ltr'><strong>καὶ</strong></span> <span class='ocrx_word' id='word_1_411' title='bbox 3072 3204 3309 3274; x_wconf 81' lang='grc' dir='ltr'><strong>Εἰρήνην</strong></span> <span class='ocrx_word' id='word_1_412' title='bbox 3325 3203 3433 3273; x_wconf 83' lang='grc'><strong>(61)</strong></span> <span class='ocrx_word' id='word_1_413' title='bbox 3449 3202 3543 3274; x_wconf 80' lang='grc' dir='ltr'><strong>τὴν</strong></span> <span class='ocrx_word' id='word_1_414' title='bbox 3561 3204 3714 3274; x_wconf 89' lang='grc' dir='ltr'><strong>αὐτῷ</strong></span> 
     </span>
    </p>
   </div>
   <div class='ocr_carea' id='block_1_60' title="bbox 439 3294 2021 3381">
    <p class='ocr_par' dir='ltr' id='par_1_60' title="bbox 439 3310 2021 3381">
     <span class='ocr_line' id='line_1_60' title="bbox 439 3310 2021 3381; baseline -0.001 -17"><span class='ocrx_word' id='word_1_415' title='bbox 439 3311 686 3381; x_wconf 83' lang='lat' dir='ltr'><strong>privatus</strong></span> <span class='ocrx_word' id='word_1_416' title='bbox 717 3311 890 3366; x_wconf 89' lang='lat' dir='ltr'><strong>adhuc</strong></span> <span class='ocrx_word' id='word_1_417' title='bbox 921 3311 1022 3366; x_wconf 87' lang='lat' dir='ltr'><strong>sibi</strong></span> <span class='ocrx_word' id='word_1_418' title='bbox 1055 3311 1444 3380; x_wconf 83' lang='lat' dir='ltr'><strong>desponderat,</strong></span> <span class='ocrx_word' id='word_1_419' title='bbox 1481 3310 1764 3380; x_wconf 74' lang='lat' dir='ltr'><strong>coniugem</strong></span> <span class='ocrx_word' id='word_1_420' title='bbox 1795 3312 2021 3381; x_wconf 90' lang='lat' dir='ltr'><strong>accepit,</strong></span> 
     </span>
    </p>
   </div>
   <div class='ocr_carea' id='block_1_61' title="bbox 2128 3294 3705 3381">
    <p class='ocr_par' dir='ltr' id='par_1_61' title="bbox 2128 3294 3705 3371">
     <span class='ocr_line' id='line_1_61' title="bbox 2128 3294 3705 3371; baseline -0.004 -16"><span class='ocrx_word' id='word_1_421' title='bbox 2128 3301 2278 3355; x_wconf 80' lang='grc' dir='ltr'><strong>οὐπω</strong></span> <span class='ocrx_word' id='word_1_422' title='bbox 2307 3298 2520 3371; x_wconf 83' lang='grc' dir='ltr'><strong>βασιλεῖ</strong></span> <span class='ocrx_word' id='word_1_423' title='bbox 2553 3298 2988 3369; x_wconf 86' lang='grc' dir='ltr'><strong>μνηστευθεῖσαν</strong></span> <span class='ocrx_word' id='word_1_424' title='bbox 3019 3294 3276 3366; x_wconf 80' lang='grc' dir='ltr'><strong>βασιλεὺς</strong></span> <span class='ocrx_word' id='word_1_425' title='bbox 3302 3296 3562 3365; x_wconf 76' lang='grc' dir='ltr'><strong>ἠγάγετο,</strong></span> <span class='ocrx_word' id='word_1_426' title='bbox 3603 3296 3705 3348; x_wconf 81' lang='grc' dir='ltr'><strong>κό-</strong></span> 
     </span>
    </p>
   </div>
   <div class='ocr_carea' id='block_1_62' title="bbox 443 3387 2021 3474">
    <p class='ocr_par' dir='ltr' id='par_1_62' title="bbox 443 3403 2021 3474">
     <span class='ocr_line' id='line_1_62' title="bbox 443 3403 2021 3474; baseline -0.001 -18"><span class='ocrx_word' id='word_1_427' title='bbox 443 3403 592 3473; x_wconf 79' lang='lat' dir='ltr'><strong>rcgio</strong></span> <span class='ocrx_word' id='word_1_428' title='bbox 621 3413 798 3458; x_wconf 92' lang='lat' dir='ltr'><strong>ortam</strong></span> <span class='ocrx_word' id='word_1_429' title='bbox 845 3418 1040 3474; x_wconf 76' lang='lat' dir='ltr'><strong>genere</strong></span> <span class='ocrx_word' id='word_1_430' title='bbox 1075 3403 1357 3470; x_wconf 83' lang='lat' dir='ltr'><strong>feminam,</strong></span> <span class='ocrx_word' id='word_1_431' title='bbox 1391 3405 1738 3474; x_wconf 87' lang='lat' dir='ltr'><strong>moribusque</strong></span> <span class='ocrx_word' id='word_1_432' title='bbox 1767 3412 1822 3459; x_wconf 90' lang='lat' dir='ltr'><strong>et</strong></span> <span class='ocrx_word' id='word_1_433' title='bbox 1857 3403 2021 3456; x_wconf 91' lang='lat' dir='ltr'><strong>animi</strong></span> 
     </span>
    </p>
   </div>
   <div class='ocr_carea' id='block_1_63' title="bbox 2128 3387 3709 3474">
    <p class='ocr_par' dir='ltr' id='par_1_63' title="bbox 2129 3387 3709 3466">
     <span class='ocr_line' id='line_1_63' title="bbox 2129 3387 3709 3466; baseline -0.003 -22"><span class='ocrx_word' id='word_1_434' title='bbox 2129 3411 2229 3466; x_wconf 88' lang='grc' dir='ltr'><strong>ρην</strong></span> <span class='ocrx_word' id='word_1_435' title='bbox 2254 3394 2311 3456; x_wconf 75' lang='grc' dir='ltr'><strong>ές</strong></span> <span class='ocrx_word' id='word_1_436' title='bbox 2340 3391 2519 3462; x_wconf 83' lang='grc' dir='ltr'><strong>ρῆγας</strong></span> <span class='ocrx_word' id='word_1_437' title='bbox 2550 3390 2649 3460; x_wconf 85' lang='grc' dir='ltr'><strong>μὲν</strong></span> <span class='ocrx_word' id='word_1_438' title='bbox 2678 3389 3084 3459; x_wconf 82' lang='grc' dir='ltr'><strong>ἀναφέρουσαν,</strong></span> <span class='ocrx_word' id='word_1_439' title='bbox 3115 3387 3262 3458; x_wconf 77' lang='grc' dir='ltr'><strong>ἠθῶν</strong></span> <span class='ocrx_word' id='word_1_440' title='bbox 3291 3387 3347 3441; x_wconf 80' lang='grc' dir='ltr'><strong>δὲ</strong></span> <span class='ocrx_word' id='word_1_441' title='bbox 3381 3389 3709 3458; x_wconf 80' lang='grc' dir='ltr'><strong>κοσμιότητι</strong></span> 
     </span>
    </p>
   </div>
   <div class='ocr_carea' id='block_1_64' title="bbox 443 3493 2025 3562">
    <p class='ocr_par' dir='ltr' id='par_1_64' title="bbox 443 3493 2025 3562">
     <span class='ocr_line' id='line_1_64' title="bbox 443 3493 2025 3562; baseline 0.001 -15"><span class='ocrx_word' id='word_1_442' title='bbox 443 3496 662 3550; x_wconf 85' lang='lat' dir='ltr'><strong>dotibus</strong></span> <span class='ocrx_word' id='word_1_443' title='bbox 713 3493 858 3548; x_wconf 90' lang='lat' dir='ltr'><strong>nulla</strong></span> <span class='ocrx_word' id='word_1_444' title='bbox 903 3509 1018 3549; x_wconf 63' lang='lat' dir='ltr'><strong>suae</strong></span> <span class='ocrx_word' id='word_1_445' title='bbox 1063 3494 1238 3548; x_wconf 64' lang='lat' dir='ltr'><strong>aetatis</strong></span> <span class='ocrx_word' id='word_1_446' title='bbox 1287 3494 1628 3550; x_wconf 88' lang='lat' dir='ltr'><strong>inferiorem.</strong></span> <span class='ocrx_word' id='word_1_447' title='bbox 1677 3495 1816 3548; x_wconf 85' lang='lat' dir='ltr'><strong>Huic</strong></span> <span class='ocrx_word' id='word_1_448' title='bbox 1865 3494 2025 3562; x_wconf 88' lang='lat' dir='ltr'><strong>paulo</strong></span> 
     </span>
    </p>
   </div>
   <div class='ocr_carea' id='block_1_65' title="bbox 443 3584 2021 3654">
    <p class='ocr_par' dir='ltr' id='par_1_65' title="bbox 443 3584 2021 3654">
     <span class='ocr_line' id='line_1_65' title="bbox 443 3584 2021 3654; baseline 0.001 -18"><span class='ocrx_word' id='word_1_449' title='bbox 443 3595 573 3640; x_wconf 87' lang='lat' dir='ltr'><strong>ante</strong></span> <span class='ocrx_word' id='word_1_450' title='bbox 617 3584 934 3654; x_wconf 84' lang='lat' dir='ltr'><strong>Byzantium</strong></span> <span class='ocrx_word' id='word_1_451' title='bbox 985 3584 1226 3640; x_wconf 89' lang='lat' dir='ltr'><strong>venienti</strong></span> <span class='ocrx_word' id='word_1_452' title='bbox 1273 3585 1495 3640; x_wconf 86' lang='lat' dir='ltr'><strong>tradunt</strong></span> <span class='ocrx_word' id='word_1_453' title='bbox 1539 3585 1754 3640; x_wconf 83' lang='lat' dir='ltr'><strong>obviam</strong></span> <span class='ocrx_word' id='word_1_454' title='bbox 1801 3584 2021 3648; x_wconf 77' lang='lat' dir='ltr'><strong>effusas,</strong></span> 
     </span>
    </p>
   </div>
   <div class='ocr_carea' id='block_1_66' title="bbox 438 3675 2020 3745">
    <p class='ocr_par' dir='ltr' id='par_1_66' title="bbox 438 3675 2020 3745">
     <span class='ocr_line' id='line_1_66' title="bbox 438 3675 2020 3745; baseline -0.001 -14"><span class='ocrx_word' id='word_1_455' title='bbox 438 3691 566 3731; x_wconf 80' lang='lat' dir='ltr'><strong>cum</strong></span> <span class='ocrx_word' id='word_1_456' title='bbox 603 3676 736 3731; x_wconf 89' lang='lat' dir='ltr'><strong>alias</strong></span> <span class='ocrx_word' id='word_1_457' title='bbox 765 3675 1018 3729; x_wconf 87' lang='lat' dir='ltr'><strong>natalium</strong></span> <span class='ocrx_word' id='word_1_458' title='bbox 1051 3675 1344 3744; x_wconf 84' lang='lat' dir='ltr'><strong>splendore</strong></span> <span class='ocrx_word' id='word_1_459' title='bbox 1373 3675 1696 3745; x_wconf 89' lang='lat' dir='ltr'><strong>conspicuas</strong></span> <span class='ocrx_word' id='word_1_460' title='bbox 1723 3685 2020 3741; x_wconf 84' lang='lat' dir='ltr'><strong>matronas,</strong></span> 
     </span>
    </p>
   </div>
   <div class='ocr_carea' id='block_1_67' title="bbox 442 3765 2019 3835">
    <p class='ocr_par' dir='ltr' id='par_1_67' title="bbox 442 3765 2019 3835">
     <span class='ocr_line' id='line_1_67' title="bbox 442 3765 2019 3835; baseline 0.003 -17"><span class='ocrx_word' id='word_1_461' title='bbox 442 3779 558 3819; x_wconf 80' lang='lat' dir='ltr'><strong>tum</strong></span> <span class='ocrx_word' id='word_1_462' title='bbox 590 3781 708 3820; x_wconf 89' lang='lat' dir='ltr'><strong>eam</strong></span> <span class='ocrx_word' id='word_1_463' title='bbox 743 3767 976 3820; x_wconf 81' lang='lat' dir='ltr'><strong>maxime</strong></span> <span class='ocrx_word' id='word_1_464' title='bbox 1007 3781 1130 3832; x_wconf 85' lang='lat' dir='ltr'><strong>quae</strong></span> <span class='ocrx_word' id='word_1_465' title='bbox 1166 3765 1358 3820; x_wconf 81' lang='lat' dir='ltr'><strong>Alexio</strong></span> <span class='ocrx_word' id='word_1_466' title='bbox 1390 3765 1706 3834; x_wconf 85' lang='lat' dir='ltr'><strong>imperatori</strong></span> <span class='ocrx_word' id='word_1_467' title='bbox 1743 3776 2019 3835; x_wconf 87' lang='lat' dir='ltr'><strong>nupserat.</strong></span> 
     </span>
    </p>
   </div>
   <div class='ocr_carea' id='block_1_68' title="bbox 444 3847 2023 3924">
    <p class='ocr_par' dir='ltr' id='par_1_68' title="bbox 444 3847 2023 3924">
     <span class='ocr_line' id='line_1_68' title="bbox 444 3847 2023 3924; baseline 0.003 -18"><span class='ocrx_word' id='word_1_468' title='bbox 444 3853 635 3907; x_wconf 83' lang='lat' dir='ltr'><strong>lnduta</strong></span> <span class='ocrx_word' id='word_1_469' title='bbox 669 3863 789 3908; x_wconf 85' lang='lat' dir='ltr'><strong>erat</strong></span> <span class='ocrx_word' id='word_1_470' title='bbox 838 3853 923 3908; x_wconf 83' lang='lat' dir='ltr'><strong>illa</strong></span> <span class='ocrx_word' id='word_1_471' title='bbox 969 3847 1393 3924; x_wconf 49' lang='lat' dir='ltr'><strong>byssina&#39;veste.</strong></span> <span class='ocrx_word' id='word_1_472' title='bbox 1429 3869 1564 3908; x_wconf 90' lang='lat' dir='ltr'><strong>auro</strong></span> <span class='ocrx_word' id='word_1_473' title='bbox 1610 3856 1937 3922; x_wconf 63' lang='lat' dir='ltr'><strong>ceteroquin</strong></span> <span class='ocrx_word' id='word_1_474' title='bbox 1968 3866 2023 3910; x_wconf 89' lang='lat' dir='ltr'><strong>et</strong></span> 
     </span>
    </p>
   </div>
   <div class='ocr_carea' id='block_1_69' title="bbox 445 3945 2019 4018">
    <p class='ocr_par' dir='ltr' id='par_1_69' title="bbox 445 3945 2019 4018">
     <span class='ocr_line' id='line_1_69' title="bbox 445 3945 2019 4018; baseline 0.002 -19"><span class='ocrx_word' id='word_1_475' title='bbox 445 3960 680 4014; x_wconf 88' lang='lat' dir='ltr'><strong>purpura</strong></span> <span class='ocrx_word' id='word_1_476' title='bbox 715 3947 1040 4012; x_wconf 82' lang='lat' dir='ltr'><strong>intertexta;</strong></span> <span class='ocrx_word' id='word_1_477' title='bbox 1072 3945 1166 3999; x_wconf 88' lang='lat' dir='ltr'><strong>sed</strong></span> <span class='ocrx_word' id='word_1_478' title='bbox 1197 3947 1266 4000; x_wconf 92' lang='lat' dir='ltr'><strong>ob</strong></span> <span class='ocrx_word' id='word_1_479' title='bbox 1303 3945 1536 4001; x_wconf 92' lang='lat' dir='ltr'><strong>colorem</strong></span> <span class='ocrx_word' id='word_1_480' title='bbox 1579 3946 1633 4000; x_wconf 88' lang='lat' dir='ltr'><strong>in</strong></span> <span class='ocrx_word' id='word_1_481' title='bbox 1664 3947 1883 4018; x_wconf 85' lang='lat' dir='ltr'><strong>byssino</strong></span> <span class='ocrx_word' id='word_1_482' title='bbox 1911 3963 2019 4002; x_wconf 73' lang='lat' dir='ltr'><strong>ca:-</strong></span> 
     </span>
    </p>
   </div>
   <div class='ocr_carea' id='block_1_70' title="bbox 447 4036 2016 4108">
    <p class='ocr_par' dir='ltr' id='par_1_70' title="bbox 447 4036 2016 4108">
     <span class='ocr_line' id='line_1_70' title="bbox 447 4036 2016 4108; baseline 0.001 -18"><span class='ocrx_word' id='word_1_483' title='bbox 447 4036 678 4100; x_wconf 77' lang='lat' dir='ltr'><strong>ruleum,</strong></span> <span class='ocrx_word' id='word_1_484' title='bbox 705 4051 827 4092; x_wconf 89' lang='lat' dir='ltr'><strong>cum</strong></span> <span class='ocrx_word' id='word_1_485' title='bbox 861 4045 1032 4090; x_wconf 84' lang='lat' dir='ltr'><strong>atrata</strong></span> <span class='ocrx_word' id='word_1_486' title='bbox 1082 4036 1277 4092; x_wconf 88' lang='lat' dir='ltr'><strong>mulier</strong></span> <span class='ocrx_word' id='word_1_487' title='bbox 1317 4051 1471 4093; x_wconf 68' lang='lat' dir='ltr'><strong>novat</strong></span> <span class='ocrx_word' id='word_1_488' title='bbox 1516 4047 1693 4108; x_wconf 74' lang='lat' dir='ltr'><strong>nupta:</strong></span> <span class='ocrx_word' id='word_1_489' title='bbox 1724 4039 2016 4104; x_wconf 86' lang='lat' dir='ltr'><strong>videretur,</strong></span> 
     </span>
    </p>
   </div>
   <div class='ocr_carea' id='block_1_71' title="bbox 442 4126 2020 4197">
    <p class='ocr_par' dir='ltr' id='par_1_71' title="bbox 442 4126 2020 4197">
     <span class='ocr_line' id='line_1_71' title="bbox 442 4126 2020 4197; baseline 0.003 -17"><span class='ocrx_word' id='word_1_490' title='bbox 442 4142 691 4196; x_wconf 81' lang='lat' dir='ltr'><strong>quamam</strong></span> <span class='ocrx_word' id='word_1_491' title='bbox 725 4126 811 4180; x_wconf 89' lang='lat' dir='ltr'><strong>illa</strong></span> <span class='ocrx_word' id='word_1_492' title='bbox 835 4134 979 4182; x_wconf 83' lang='lat' dir='ltr'><strong>esset</strong></span> <span class='ocrx_word' id='word_1_493' title='bbox 1006 4126 1267 4182; x_wconf 87' lang='lat' dir='ltr'><strong>mouacha</strong></span> <span class='ocrx_word' id='word_1_494' title='bbox 1295 4127 1579 4197; x_wconf 77' lang='lat' dir='ltr'><strong>magnifico</strong></span> <span class='ocrx_word' id='word_1_495' title='bbox 1608 4128 1816 4194; x_wconf 85' lang='lat' dir='ltr'><strong>habitu,</strong></span> <span class='ocrx_word' id='word_1_496' title='bbox 1852 4144 1918 4183; x_wconf 83' lang='lat' dir='ltr'><strong>ex</strong></span> <span class='ocrx_word' id='word_1_497' title='bbox 1952 4129 2020 4186; x_wconf 92' lang='lat' dir='ltr'><strong>iis</strong></span> 
     </span>
    </p>
   </div>
   <div class='ocr_carea' id='block_1_72' title="bbox 443 4217 2015 4290">
    <p class='ocr_par' dir='ltr' id='par_1_72' title="bbox 443 4217 2015 4290">
     <span class='ocr_line' id='line_1_72' title="bbox 443 4217 2015 4290; baseline 0.003 -19"><span class='ocrx_word' id='word_1_498' title='bbox 443 4234 562 4288; x_wconf 74' lang='lat' dir='ltr'><strong>qua:</strong></span> <span class='ocrx_word' id='word_1_499' title='bbox 591 4219 1017 4274; x_wconf 86' lang='lat' dir='ltr'><strong>circumstabant</strong></span> <span class='ocrx_word' id='word_1_500' title='bbox 1061 4227 1370 4288; x_wconf 74' lang='lat' dir='ltr'><strong>percontata</strong></span> <span class='ocrx_word' id='word_1_501' title='bbox 1403 4230 1504 4273; x_wconf 91' lang='lat' dir='ltr'><strong>est.</strong></span> <span class='ocrx_word' id='word_1_502' title='bbox 1534 4217 1702 4276; x_wconf 90' lang='lat' dir='ltr'><strong>Omen</strong></span> <span class='ocrx_word' id='word_1_503' title='bbox 1747 4220 1798 4275; x_wconf 88' lang='lat' dir='ltr'><strong>id</strong></span> <span class='ocrx_word' id='word_1_504' title='bbox 1830 4235 2015 4290; x_wconf 86' lang='lat' dir='ltr'><strong>parum</strong></span> 
     </span>
    </p>
   </div>
   <div class='ocr_carea' id='block_1_73' title="bbox 445 4311 2018 4380">
    <p class='ocr_par' dir='ltr' id='par_1_73' title="bbox 445 4311 2018 4380">
     <span class='ocr_line' id='line_1_73' title="bbox 445 4311 2018 4380; baseline 0.004 -18"><span class='ocrx_word' id='word_1_505' title='bbox 445 4311 572 4366; x_wconf 79' lang='lat' dir='ltr'><strong>felix</strong></span> <span class='ocrx_word' id='word_1_506' title='bbox 601 4312 778 4367; x_wconf 90' lang='lat' dir='ltr'><strong>visum</strong></span> <span class='ocrx_word' id='word_1_507' title='bbox 807 4311 1171 4375; x_wconf 87' lang='lat' dir='ltr'><strong>audientibus,</strong></span> <span class='ocrx_word' id='word_1_508' title='bbox 1196 4312 1336 4380; x_wconf 87' lang='lat' dir='ltr'><strong>quod</strong></span> <span class='ocrx_word' id='word_1_509' title='bbox 1368 4312 1686 4368; x_wconf 89' lang='lat' dir='ltr'><strong>subsecutus</strong></span> <span class='ocrx_word' id='word_1_510' title='bbox 1711 4329 1816 4368; x_wconf 91' lang='lat' dir='ltr'><strong>non</strong></span> <span class='ocrx_word' id='word_1_511' title='bbox 1849 4315 2018 4370; x_wconf 91' lang='lat' dir='ltr'><strong>multo</strong></span> 
     </span>
    </p>
   </div>
   <div class='ocr_carea' id='block_1_74' title="bbox 442 4401 2015 4473">
    <p class='ocr_par' dir='ltr' id='par_1_74' title="bbox 442 4401 2015 4473">
     <span class='ocr_line' id='line_1_74' title="bbox 442 4401 2015 4473; baseline 0.004 -20"><span class='ocrx_word' id='word_1_512' title='bbox 442 4411 565 4468; x_wconf 86' lang='lat' dir='ltr'><strong>post</strong></span> <span class='ocrx_word' id='word_1_513' title='bbox 607 4402 981 4471; x_wconf 90' lang='lat' dir='ltr'><strong>comprobavit</strong></span> <span class='ocrx_word' id='word_1_514' title='bbox 1009 4410 1255 4458; x_wconf 90' lang='lat' dir='ltr'><strong>eventus.</strong></span> <span class='ocrx_word' id='word_1_515' title='bbox 1290 4401 1502 4457; x_wconf 81' lang='lat' dir='ltr'><strong>Mauuel</strong></span> <span class='ocrx_word' id='word_1_516' title='bbox 1535 4403 1757 4473; x_wconf 87' lang='lat' dir='ltr'><strong>trajecto</strong></span> <span class='ocrx_word' id='word_1_517' title='bbox 1789 4403 1930 4460; x_wconf 88' lang='lat' dir='ltr'><strong>freto</strong></span> <span class='ocrx_word' id='word_1_518' title='bbox 1963 4407 2015 4459; x_wconf 91' lang='lat' dir='ltr'><strong>in</strong></span> 
     </span>
    </p>
   </div>
   <div class='ocr_carea' id='block_1_75' title="bbox 441 4493 2017 4564">
    <p class='ocr_par' dir='ltr' id='par_1_75' title="bbox 441 4493 2017 4564">
     <span class='ocr_line' id='line_1_75' title="bbox 441 4493 2017 4564; baseline 0.003 -18"><span class='ocrx_word' id='word_1_519' title='bbox 441 4493 572 4547; x_wconf 83' lang='lat' dir='ltr'><strong>Asia</strong></span> <span class='ocrx_word' id='word_1_520' title='bbox 623 4503 678 4546; x_wconf 87' lang='lat' dir='ltr'><strong>et</strong></span> <span class='ocrx_word' id='word_1_521' title='bbox 727 4493 1079 4564; x_wconf 85' lang='lat' dir='ltr'><strong>Bithynorum</strong></span> <span class='ocrx_word' id='word_1_522' title='bbox 1135 4493 1332 4548; x_wconf 85' lang='lat' dir='ltr'><strong>finibus</strong></span> <span class='ocrx_word' id='word_1_523' title='bbox 1385 4495 1699 4548; x_wconf 85' lang='lat' dir='ltr'><strong>versabatur</strong></span> <span class='ocrx_word' id='word_1_524' title='bbox 1729 4503 1784 4549; x_wconf 83' lang='lat' dir='ltr'><strong>et</strong></span> <span class='ocrx_word' id='word_1_525' title='bbox 1813 4510 1882 4550; x_wconf 89' lang='lat' dir='ltr'><strong>ne</strong></span> <span class='ocrx_word' id='word_1_526' title='bbox 1927 4495 2017 4551; x_wconf 86' lang='lat' dir='ltr'><strong>ille</strong></span> 
     </span>
    </p>
   </div>
   <div class='ocr_carea' id='block_1_76' title="bbox 2124 3479 3710 3555">
    <p class='ocr_par' dir='ltr' id='par_1_76' title="bbox 2124 3479 3710 3555">
     <span class='ocr_line' id='line_1_76' title="bbox 2124 3479 3710 3555; baseline -0.003 -17"><span class='ocrx_word' id='word_1_527' title='bbox 2124 3485 2218 3539; x_wconf 72' lang='grc' dir='ltr'><strong>καὶ</strong></span> <span class='ocrx_word' id='word_1_528' title='bbox 2255 3483 2516 3555; x_wconf 79' lang='grc' dir='ltr'><strong>ψυχικαῖς</strong></span> <span class='ocrx_word' id='word_1_529' title='bbox 2579 3483 2802 3552; x_wconf 82' lang='grc' dir='ltr'><strong>ἀρεταῖς</strong></span> <span class='ocrx_word' id='word_1_530' title='bbox 2861 3480 3122 3550; x_wconf 80' lang='grc' dir='ltr'><strong>οὐδεμιᾶς</strong></span> <span class='ocrx_word' id='word_1_531' title='bbox 3185 3479 3400 3533; x_wconf 78' lang='grc' dir='ltr'><strong>ἐλάσσω</strong></span> <span class='ocrx_word' id='word_1_532' title='bbox 3447 3481 3558 3533; x_wconf 90' lang='grc' dir='ltr'><strong>τῶν</strong></span> <span class='ocrx_word' id='word_1_533' title='bbox 3585 3481 3710 3533; x_wconf 88' lang='grc' dir='ltr'><strong>τότε</strong></span> 
     </span>
    </p>
   </div>
   <div class='ocr_carea' id='block_1_77' title="bbox 2124 3574 3704 3647">
    <p class='ocr_par' dir='ltr' id='par_1_77' title="bbox 2124 3574 3704 3647">
     <span class='ocr_line' id='line_1_77' title="bbox 2124 3574 3704 3647; baseline -0.001 -17"><span class='ocrx_word' id='word_1_534' title='bbox 2124 3577 2530 3647; x_wconf 84' lang='grc' dir='ltr'><strong>γεγενημένην.</strong></span> <span class='ocrx_word' id='word_1_535' title='bbox 2583 3576 2819 3642; x_wconf 85' lang='grc' dir='ltr'><strong>Λέγεται</strong></span> <span class='ocrx_word' id='word_1_536' title='bbox 2849 3575 2912 3644; x_wconf 87' lang='grc' dir='ltr'><strong>δὴ</strong></span> <span class='ocrx_word' id='word_1_537' title='bbox 2947 3592 3000 3628; x_wconf 88' lang='grc' dir='ltr'><strong>τι</strong></span> <span class='ocrx_word' id='word_1_538' title='bbox 3031 3576 3162 3646; x_wconf 74' lang='grc' dir='ltr'><strong>περὶ</strong></span> <span class='ocrx_word' id='word_1_539' title='bbox 3201 3575 3408 3644; x_wconf 85' lang='grc' dir='ltr'><strong>ταύτης</strong></span> <span class='ocrx_word' id='word_1_540' title='bbox 3439 3574 3704 3629; x_wconf 85' lang='grc' dir='ltr'><strong>τοιοῦτον.</strong></span> 
     </span>
    </p>
   </div>
   <div class='ocr_carea' id='block_1_78' title="bbox 2136 3666 3708 3739">
    <p class='ocr_par' dir='ltr' id='par_1_78' title="bbox 2136 3666 3708 3739">
     <span class='ocr_line' id='line_1_78' title="bbox 2136 3666 3708 3739; baseline -0.001 -18"><span class='ocrx_word' id='word_1_541' title='bbox 2136 3667 2410 3738; x_wconf 88' lang='grc' dir='ltr'><strong>Ὀπηνίκα</strong></span> <span class='ocrx_word' id='word_1_542' title='bbox 2435 3669 2493 3730; x_wconf 82' lang='grc' dir='ltr'><strong>ὲς</strong></span> <span class='ocrx_word' id='word_1_543' title='bbox 2524 3666 2822 3730; x_wconf 82' lang='grc' dir='ltr'><strong>Βυζάντιον</strong></span> <span class='ocrx_word' id='word_1_544' title='bbox 2871 3667 3000 3735; x_wconf 83' lang='grc' dir='ltr'><strong>ἀρτι</strong></span> <span class='ocrx_word' id='word_1_545' title='bbox 3064 3668 3289 3739; x_wconf 78' lang='grc' dir='ltr'><strong>παρῄει,</strong></span> <span class='ocrx_word' id='word_1_546' title='bbox 3323 3667 3479 3724; x_wconf 68' lang='grc' dir='ltr'><strong>ἂλλαι</strong></span> <span class='ocrx_word' id='word_1_547' title='bbox 3510 3685 3567 3720; x_wconf 88' lang='grc' dir='ltr'><strong>τε</strong></span> <span class='ocrx_word' id='word_1_548' title='bbox 3594 3669 3708 3722; x_wconf 83' lang='grc' dir='ltr'><strong>τῶν</strong></span> 
     </span>
    </p>
   </div>
   <div class='ocr_carea' id='block_1_79' title="bbox 2123 3755 3706 3828">
    <p class='ocr_par' dir='ltr' id='par_1_79' title="bbox 2123 3755 3706 3828">
     <span class='ocr_line' id='line_1_79' title="bbox 2123 3755 3706 3828; baseline 0.001 -19"><span class='ocrx_word' id='word_1_549' title='bbox 2123 3755 2212 3809; x_wconf 77' lang='grc' dir='ltr'><strong>ἐπ’</strong></span> <span class='ocrx_word' id='word_1_550' title='bbox 2249 3755 2504 3827; x_wconf 79' lang='grc' dir='ltr'><strong>εὐγενείᾳ</strong></span> <span class='ocrx_word' id='word_1_551' title='bbox 2575 3755 2957 3826; x_wconf 84' lang='grc' dir='ltr'><strong>διαφερουσῶν</strong></span> <span class='ocrx_word' id='word_1_552' title='bbox 3021 3757 3282 3827; x_wconf 85' lang='grc' dir='ltr'><strong>ὑπήντων</strong></span> <span class='ocrx_word' id='word_1_553' title='bbox 3336 3757 3474 3828; x_wconf 81' lang='grc' dir='ltr'><strong>αὐτῇ</strong></span> <span class='ocrx_word' id='word_1_554' title='bbox 3544 3759 3706 3828; x_wconf 72' lang='grc' dir='ltr'><strong>καὶῆ</strong></span> 
     </span>
    </p>
   </div>
   <div class='ocr_carea' id='block_1_80' title="bbox 2136 3850 3707 3923">
    <p class='ocr_par' dir='ltr' id='par_1_80' title="bbox 2136 3850 3707 3923">
     <span class='ocr_line' id='line_1_80' title="bbox 2136 3850 3707 3923; baseline 0.001 -18"><span class='ocrx_word' id='word_1_555' title='bbox 2136 3851 2358 3922; x_wconf 79' lang='grc' dir='ltr'><strong>Ἀλεξίῳ</strong></span> <span class='ocrx_word' id='word_1_556' title='bbox 2405 3850 2518 3923; x_wconf 74' lang='grc'>(62)</span> <span class='ocrx_word' id='word_1_557' title='bbox 2553 3850 2766 3921; x_wconf 87' lang='grc' dir='ltr'><strong>βασιλεί</strong></span> <span class='ocrx_word' id='word_1_558' title='bbox 2797 3851 3069 3921; x_wconf 80' lang='grc' dir='ltr'><strong>ἥρμοστο·</strong></span> <span class='ocrx_word' id='word_1_559' title='bbox 3121 3851 3394 3922; x_wconf 71' lang='grc' dir='ltr'><strong>ἠμφίεστο</strong></span> <span class='ocrx_word' id='word_1_560' title='bbox 3422 3853 3478 3905; x_wconf 82' lang='grc' dir='ltr'><strong>δὲ</strong></span> <span class='ocrx_word' id='word_1_561' title='bbox 3502 3853 3707 3922; x_wconf 79' lang='grc' dir='ltr'><strong>ἐσθῆτα</strong></span> 
     </span>
    </p>
   </div>
   <div class='ocr_carea' id='block_1_81' title="bbox 2125 3943 3696 4016">
    <p class='ocr_par' dir='ltr' id='par_1_81' title="bbox 2125 3943 3696 4016">
     <span class='ocr_line' id='line_1_81' title="bbox 2125 3943 3696 4016; baseline -0.001 -18"><span class='ocrx_word' id='word_1_562' title='bbox 2125 3945 2228 4016; x_wconf 78' lang='grc' dir='ltr'><strong>μὲν</strong></span> <span class='ocrx_word' id='word_1_563' title='bbox 2259 3944 2368 3999; x_wconf 84' lang='grc' dir='ltr'><strong>ἀπὸ</strong></span> <span class='ocrx_word' id='word_1_564' title='bbox 2423 3944 2648 4014; x_wconf 86' lang='grc' dir='ltr'><strong>βύσσου,</strong></span> <span class='ocrx_word' id='word_1_565' title='bbox 2700 3943 2868 3999; x_wconf 75' lang='grc' dir='ltr'><strong>τᾶλλα</strong></span> <span class='ocrx_word' id='word_1_566' title='bbox 2931 3943 2989 3997; x_wconf 80' lang='grc' dir='ltr'><strong>δὲ</strong></span> <span class='ocrx_word' id='word_1_567' title='bbox 3021 3946 3084 3998; x_wconf 82' lang='grc' dir='ltr'><strong>ὲκ</strong></span> <span class='ocrx_word' id='word_1_568' title='bbox 3113 3943 3315 4016; x_wconf 85' lang='grc' dir='ltr'><strong>χρυσοῦ</strong></span> <span class='ocrx_word' id='word_1_569' title='bbox 3351 3947 3445 3999; x_wconf 78' lang='grc' dir='ltr'><strong>καὶ</strong></span> <span class='ocrx_word' id='word_1_570' title='bbox 3479 3945 3696 4016; x_wconf 82' lang='grc' dir='ltr'><strong>πορφύ-</strong></span> 
     </span>
    </p>
   </div>
   <div class='ocr_carea' id='block_1_82' title="bbox 2123 4034 3704 4108">
    <p class='ocr_par' dir='ltr' id='par_1_82' title="bbox 2123 4034 3704 4108">
     <span class='ocr_line' id='line_1_82' title="bbox 2123 4034 3704 4108; baseline 0 -18"><span class='ocrx_word' id='word_1_571' title='bbox 2123 4053 2225 4107; x_wconf 89' lang='grc' dir='ltr'><strong>ρας</strong></span> <span class='ocrx_word' id='word_1_572' title='bbox 2251 4036 2585 4107; x_wconf 76' lang='grc' dir='ltr'><strong>κεκόσμητο.</strong></span> <span class='ocrx_word' id='word_1_573' title='bbox 2609 4034 2777 4089; x_wconf 82' lang='grc' dir='ltr'><strong>Ἀλλά</strong></span> <span class='ocrx_word' id='word_1_574' title='bbox 2810 4035 2872 4089; x_wconf 81' lang='grc' dir='ltr'><strong>τὸ</strong></span> <span class='ocrx_word' id='word_1_575' title='bbox 2898 4035 2996 4090; x_wconf 87' lang='grc' dir='ltr'><strong>τοῦ</strong></span> <span class='ocrx_word' id='word_1_576' title='bbox 3025 4035 3226 4106; x_wconf 89' lang='grc' dir='ltr'><strong>βύσσου</strong></span> <span class='ocrx_word' id='word_1_577' title='bbox 3262 4039 3564 4106; x_wconf 68' lang='grc' dir='ltr'><strong>κυαναυγές</strong></span> <span class='ocrx_word' id='word_1_578' title='bbox 3589 4038 3704 4108; x_wconf 83' lang='grc'><strong>(65)</strong></span> 
     </span>
    </p>
   </div>
   <div class='ocr_carea' id='block_1_83' title="bbox 2123 4125 3709 4199">
    <p class='ocr_par' dir='ltr' id='par_1_83' title="bbox 2123 4125 3709 4199">
     <span class='ocr_line' id='line_1_83' title="bbox 2123 4125 3709 4199; baseline 0.001 -19"><span class='ocrx_word' id='word_1_579' title='bbox 2123 4126 2477 4199; x_wconf 85' lang='grc' dir='ltr'><strong>μελαμφόρον</strong></span> <span class='ocrx_word' id='word_1_580' title='bbox 2515 4125 2720 4197; x_wconf 87' lang='grc' dir='ltr'><strong>ταύτην</strong></span> <span class='ocrx_word' id='word_1_581' title='bbox 2763 4126 2937 4180; x_wconf 73' lang='grc' dir='ltr'><strong>ἐποίει</strong></span> <span class='ocrx_word' id='word_1_582' title='bbox 2979 4129 3046 4196; x_wconf 80' lang='grc' dir='ltr'><strong>τῇ</strong></span> <span class='ocrx_word' id='word_1_583' title='bbox 3080 4127 3296 4197; x_wconf 83' lang='grc' dir='ltr'><strong>νεήλυδι</strong></span> <span class='ocrx_word' id='word_1_584' title='bbox 3367 4129 3709 4198; x_wconf 81' lang='grc' dir='ltr'><strong>καταφαίνε-</strong></span> 
     </span>
    </p>
   </div>
   <div class='ocr_carea' id='block_1_84' title="bbox 2120 4219 3707 4294">
    <p class='ocr_par' dir='ltr' id='par_1_84' title="bbox 2120 4219 3707 4294">
     <span class='ocr_line' id='line_1_84' title="bbox 2120 4219 3707 4294; baseline 0 -20"><span class='ocrx_word' id='word_1_585' title='bbox 2120 4221 2264 4275; x_wconf 89' lang='grc' dir='ltr'><strong>σθαι.</strong></span> <span class='ocrx_word' id='word_1_586' title='bbox 2309 4220 2532 4292; x_wconf 82' lang='grc' dir='ltr'><strong>’Δμέλει</strong></span> <span class='ocrx_word' id='word_1_587' title='bbox 2575 4220 2671 4274; x_wconf 78' lang='grc' dir='ltr'><strong>καὶ</strong></span> <span class='ocrx_word' id='word_1_588' title='bbox 2740 4219 3079 4274; x_wconf 59' lang='grc' dir='ltr'><strong>ἐπυνθάνετο</strong></span> <span class='ocrx_word' id='word_1_589' title='bbox 3105 4221 3213 4274; x_wconf 89' lang='grc' dir='ltr'><strong>τῶν</strong></span> <span class='ocrx_word' id='word_1_590' title='bbox 3251 4224 3558 4293; x_wconf 77' lang='grc' dir='ltr'><strong>παρόντων,</strong></span> <span class='ocrx_word' id='word_1_591' title='bbox 3585 4223 3707 4294; x_wconf 81' lang='grc' dir='ltr'><strong>ἥτις</strong></span> 
     </span>
    </p>
   </div>
   <div class='ocr_carea' id='block_1_85' title="bbox 2119 4312 3701 4386">
    <p class='ocr_par' dir='ltr' id='par_1_85' title="bbox 2119 4312 3701 4386">
     <span class='ocr_line' id='line_1_85' title="bbox 2119 4312 3701 4386; baseline 0.002 -20"><span class='ocrx_word' id='word_1_592' title='bbox 2119 4313 2256 4367; x_wconf 82' lang='grc' dir='ltr'><strong>ποτὲ</strong></span> <span class='ocrx_word' id='word_1_593' title='bbox 2279 4313 2365 4384; x_wconf 81' lang='grc' dir='ltr'><strong>είη</strong></span> <span class='ocrx_word' id='word_1_594' title='bbox 2399 4314 2433 4383; x_wconf 85' lang='grc' dir='ltr'><strong>ή</strong></span> <span class='ocrx_word' id='word_1_595' title='bbox 2494 4314 2741 4385; x_wconf 83' lang='grc' dir='ltr'><strong>μονήρης</strong></span> <span class='ocrx_word' id='word_1_596' title='bbox 2789 4312 2930 4384; x_wconf 78' lang='grc' dir='ltr'><strong>αὕτη</strong></span> <span class='ocrx_word' id='word_1_597' title='bbox 2989 4313 3086 4367; x_wconf 80' lang='grc' dir='ltr'><strong>καὶ</strong></span> <span class='ocrx_word' id='word_1_598' title='bbox 3144 4315 3574 4386; x_wconf 85' lang='grc' dir='ltr'><strong>μεγαλοπρεπὴς</strong></span> <span class='ocrx_word' id='word_1_599' title='bbox 3619 4317 3701 4369; x_wconf 80' lang='grc' dir='ltr'><strong>λέο</strong></span> 
     </span>
    </p>
   </div>
   <div class='ocr_carea' id='block_1_86' title="bbox 2119 4403 3706 4478">
    <p class='ocr_par' dir='ltr' id='par_1_86' title="bbox 2119 4403 3706 4478">
     <span class='ocr_line' id='line_1_86' title="bbox 2119 4403 3706 4478; baseline 0.001 -18"><span class='ocrx_word' id='word_1_600' title='bbox 2119 4423 2321 4476; x_wconf 91' lang='grc' dir='ltr'><strong>γουσα.</strong></span> <span class='ocrx_word' id='word_1_601' title='bbox 2356 4403 2530 4458; x_wconf 88' lang='grc' dir='ltr'><strong>Τοῦτο</strong></span> <span class='ocrx_word' id='word_1_602' title='bbox 2559 4405 2622 4474; x_wconf 84' lang='grc' dir='ltr'><strong>δὴ</strong></span> <span class='ocrx_word' id='word_1_603' title='bbox 2679 4404 2948 4474; x_wconf 77' lang='grc' dir='ltr'><strong>ξύμϐολον</strong></span> <span class='ocrx_word' id='word_1_604' title='bbox 2973 4409 3087 4469; x_wconf 81' lang='grc' dir='ltr'><strong>τοῖς</strong></span> <span class='ocrx_word' id='word_1_605' title='bbox 3117 4407 3419 4461; x_wconf 85' lang='grc' dir='ltr'><strong>ἀκούσασιν</strong></span> <span class='ocrx_word' id='word_1_606' title='bbox 3439 4409 3706 4478; x_wconf 88' lang='grc' dir='ltr'><strong>οὐμενοῦν</strong></span> 
     </span>
    </p>
   </div>
   <div class='ocr_carea' id='block_1_87' title="bbox 2119 4495 3703 4570">
    <p class='ocr_par' dir='ltr' id='par_1_87' title="bbox 2119 4495 3703 4570">
     <span class='ocr_line' id='line_1_87' title="bbox 2119 4495 3703 4570; baseline 0.002 -18"><span class='ocrx_word' id='word_1_607' title='bbox 2119 4498 2325 4569; x_wconf 82' lang='grc' dir='ltr'><strong>ἀγαθὸν</strong></span> <span class='ocrx_word' id='word_1_608' title='bbox 2343 4495 2514 4562; x_wconf 78' lang='grc' dir='ltr'><strong>ἔδοξε,</strong></span> <span class='ocrx_word' id='word_1_609' title='bbox 2541 4498 2634 4550; x_wconf 80' lang='grc' dir='ltr'><strong>καὶ</strong></span> <span class='ocrx_word' id='word_1_610' title='bbox 2663 4497 2723 4550; x_wconf 89' lang='grc' dir='ltr'><strong>τὸ</strong></span> <span class='ocrx_word' id='word_1_611' title='bbox 2747 4497 2897 4562; x_wconf 87' lang='grc' dir='ltr'><strong>τέλος</strong></span> <span class='ocrx_word' id='word_1_612' title='bbox 2921 4499 3021 4553; x_wconf 84' lang='grc' dir='ltr'><strong>οὐκ</strong></span> <span class='ocrx_word' id='word_1_613' title='bbox 3046 4501 3126 4563; x_wconf 83' lang='grc' dir='ltr'><strong>εἰς</strong></span> <span class='ocrx_word' id='word_1_614' title='bbox 3154 4500 3373 4570; x_wconf 71' lang='grc' dir='ltr'><strong>μακρὰν</strong></span> <span class='ocrx_word' id='word_1_615' title='bbox 3397 4500 3703 4570; x_wconf 74' lang='grc' dir='ltr'><strong>ἠκολούθει-</strong></span> 
     </span>
    </p>
   </div>
   <div class='ocr_carea' id='block_1_88' title="bbox 445 4582 2021 4660">
    <p class='ocr_par' dir='ltr' id='par_1_88' title="bbox 445 4583 2019 4656">
     <span class='ocr_line' id='line_1_88' title="bbox 445 4583 2019 4656; baseline 0.001 -19"><span class='ocrx_word' id='word_1_616' title='bbox 445 4596 710 4638; x_wconf 85' lang='lat' dir='ltr'><strong>terrarum</strong></span> <span class='ocrx_word' id='word_1_617' title='bbox 768 4591 976 4638; x_wconf 84' lang='lat' dir='ltr'><strong>tractus</strong></span> <span class='ocrx_word' id='word_1_618' title='bbox 1029 4583 1317 4639; x_wconf 89' lang='lat' dir='ltr'><strong>Persarum</strong></span> <span class='ocrx_word' id='word_1_619' title='bbox 1369 4586 1765 4642; x_wconf 89' lang='lat' dir='ltr'><strong>incursionibus</strong></span> <span class='ocrx_word' id='word_1_620' title='bbox 1810 4594 2019 4656; x_wconf 88' lang='lat' dir='ltr'><strong>pateret</strong></span> 
     </span>
    </p>
   </div>
   <div class='ocr_carea' id='block_1_89' title="bbox 2128 4582 3703 4660">
    <p class='ocr_par' dir='ltr' id='par_1_89' title="bbox 2128 4586 3703 4660">
     <span class='ocr_line' id='line_1_89' title="bbox 2128 4586 3703 4660; baseline 0.001 -16"><span class='ocrx_word' id='word_1_621' title='bbox 2128 4589 2364 4644; x_wconf 86' lang='grc' dir='ltr'><strong>Βασιλέα</strong></span> <span class='ocrx_word' id='word_1_622' title='bbox 2383 4589 2440 4642; x_wconf 81' lang='grc' dir='ltr'><strong>δὲ</strong></span> <span class='ocrx_word' id='word_1_623' title='bbox 2491 4591 2525 4660; x_wconf 83' lang='grc' dir='ltr'>ἡ</span> <span class='ocrx_word' id='word_1_624' title='bbox 2558 4590 2657 4659; x_wconf 79' lang='grc' dir='ltr'><strong>τῆς</strong></span> <span class='ocrx_word' id='word_1_625' title='bbox 2699 4588 2886 4652; x_wconf 80' lang='grc' dir='ltr'><strong>Ἀσίας</strong></span> <span class='ocrx_word' id='word_1_626' title='bbox 2921 4586 3036 4660; x_wconf 83' lang='grc' dir='ltr'><strong>εἶχε</strong></span> <span class='ocrx_word' id='word_1_627' title='bbox 3069 4592 3271 4660; x_wconf 83' lang='grc' dir='ltr'><strong>περαίσ.</strong></span> <span class='ocrx_word' id='word_1_628' title='bbox 3297 4593 3393 4647; x_wconf 76' lang='grc' dir='ltr'><strong>καὶ</strong></span> <span class='ocrx_word' id='word_1_629' title='bbox 3449 4592 3516 4647; x_wconf 85' lang='grc' dir='ltr'><strong>τά</strong></span> <span class='ocrx_word' id='word_1_630' title='bbox 3543 4593 3703 4646; x_wconf 80' lang='grc' dir='ltr'><strong>Βιθυ-</strong></span> 
     </span>
    </p>
   </div>
   <div class='ocr_carea' id='block_1_90' title="bbox 439 4675 2020 4745">
    <p class='ocr_par' dir='ltr' id='par_1_90' title="bbox 439 4675 2020 4745">
     <span class='ocr_line' id='line_1_90' title="bbox 439 4675 2020 4745; baseline 0.001 -16"><span class='ocrx_word' id='word_1_631' title='bbox 439 4676 691 4729; x_wconf 88' lang='lat' dir='ltr'><strong>curabat.</strong></span> <span class='ocrx_word' id='word_1_632' title='bbox 729 4675 860 4728; x_wconf 78' lang='lat' dir='ltr'><strong>Nam</strong></span> <span class='ocrx_word' id='word_1_633' title='bbox 910 4691 1034 4730; x_wconf 89' lang='lat' dir='ltr'><strong>cum</strong></span> <span class='ocrx_word' id='word_1_634' title='bbox 1080 4676 1353 4745; x_wconf 89' lang='lat' dir='ltr'><strong>prioribus</strong></span> <span class='ocrx_word' id='word_1_635' title='bbox 1402 4678 1613 4732; x_wconf 70' lang='lat' dir='ltr'><strong>saeculis</strong></span> <span class='ocrx_word' id='word_1_636' title='bbox 1661 4677 2020 4733; x_wconf 85' lang='lat' dir='ltr'><strong>Barbarorutu</strong></span> 
     </span>
    </p>
   </div>
   <div class='ocr_carea' id='block_1_91' title="bbox 439 4750 2024 4840">
    <p class='ocr_par' dir='ltr' id='par_1_91' title="bbox 439 4750 2024 4840">
     <span class='ocr_line' id='line_1_91' title="bbox 439 4750 2024 4840; baseline 0.001 -18"><span class='ocrx_word' id='word_1_637' title='bbox 439 4769 770 4840; x_wconf 85' lang='lat' dir='ltr'><strong>irruptiones</strong></span> <span class='ocrx_word' id='word_1_638' title='bbox 802 4750 1192 4825; x_wconf 83' lang='lat' dir='ltr'><strong>munitionibus</strong></span> <span class='ocrx_word' id='word_1_639' title='bbox 1226 4769 1456 4826; x_wconf 87' lang='lat' dir='ltr'><strong>subinde</strong></span> <span class='ocrx_word' id='word_1_640' title='bbox 1485 4771 1779 4826; x_wconf 82' lang='lat' dir='ltr'><strong>exstructis</strong></span> <span class='ocrx_word' id='word_1_641' title='bbox 1809 4771 2024 4840; x_wconf 84' lang='lat' dir='ltr'><strong>prepul-</strong></span> 
     </span>
    </p>
   </div>
   <div class='ocr_carea' id='block_1_92' title="bbox 2122 4681 3703 4754">
    <p class='ocr_par' dir='ltr' id='par_1_92' title="bbox 2122 4681 3703 4754">
     <span class='ocr_line' id='line_1_92' title="bbox 2122 4681 3703 4754; baseline 0.001 -18"><span class='ocrx_word' id='word_1_642' title='bbox 2122 4682 2230 4737; x_wconf 88' lang='grc' dir='ltr'><strong>νῶν</strong></span> <span class='ocrx_word' id='word_1_643' title='bbox 2259 4683 2384 4752; x_wconf 85' lang='grc' dir='ltr'><strong>ὅρια</strong></span> <span class='ocrx_word' id='word_1_644' title='bbox 2418 4681 2794 4750; x_wconf 81' lang='grc' dir='ltr'><strong>σκεπτόμενον</strong></span> <span class='ocrx_word' id='word_1_645' title='bbox 2837 4683 2986 4746; x_wconf 84' lang='grc' dir='ltr'><strong>ὅπως</strong></span> <span class='ocrx_word' id='word_1_646' title='bbox 3016 4683 3082 4737; x_wconf 84' lang='grc' dir='ltr'><strong>ἂν</strong></span> <span class='ocrx_word' id='word_1_647' title='bbox 3114 4685 3322 4754; x_wconf 85' lang='grc' dir='ltr'><strong>μηκέτι</strong></span> <span class='ocrx_word' id='word_1_648' title='bbox 3385 4686 3595 4740; x_wconf 76' lang='grc' dir='ltr'><strong>ἐσϐατά</strong></span> <span class='ocrx_word' id='word_1_649' title='bbox 3623 4684 3703 4754; x_wconf 84' lang='grc' dir='ltr'><strong>τῷ</strong></span> 
     </span>
    </p>
   </div>
   <div class='ocr_carea' id='block_1_93' title="bbox 2127 4773 3703 4848">
    <p class='ocr_par' dir='ltr' id='par_1_93' title="bbox 2127 4773 3703 4848">
     <span class='ocr_line' id='line_1_93' title="bbox 2127 4773 3703 4848; baseline 0.002 -22"><span class='ocrx_word' id='word_1_650' title='bbox 2127 4773 2356 4844; x_wconf 87' lang='grc' dir='ltr'><strong>Περσῶν</strong></span> <span class='ocrx_word' id='word_1_651' title='bbox 2416 4773 2567 4840; x_wconf 77' lang='grc' dir='ltr'><strong>γένει</strong></span> <span class='ocrx_word' id='word_1_652' title='bbox 2599 4774 2669 4825; x_wconf 83' lang='grc' dir='ltr'><strong>τὰ</strong></span> <span class='ocrx_word' id='word_1_653' title='bbox 2704 4773 2832 4845; x_wconf 79' lang='grc' dir='ltr'><strong>τῇδε</strong></span> <span class='ocrx_word' id='word_1_654' title='bbox 2887 4774 3122 4843; x_wconf 83' lang='grc' dir='ltr'><strong>γένοιτο.</strong></span> <span class='ocrx_word' id='word_1_655' title='bbox 3177 4776 3301 4830; x_wconf 86' lang='grc' dir='ltr'><strong>Τῶν</strong></span> <span class='ocrx_word' id='word_1_656' title='bbox 3367 4776 3477 4848; x_wconf 82' lang='grc' dir='ltr'><strong>γὰρ</strong></span> <span class='ocrx_word' id='word_1_657' title='bbox 3505 4778 3562 4832; x_wconf 88' lang='grc' dir='ltr'><strong>ὲν</strong></span> <span class='ocrx_word' id='word_1_658' title='bbox 3590 4780 3703 4841; x_wconf 86' lang='grc' dir='ltr'><strong>τοῖς</strong></span> 
     </span>
    </p>
   </div>
   <div class='ocr_carea' id='block_1_94' title="bbox 1789 4889 2363 4972">
    <p class='ocr_par' dir='ltr' id='par_1_94' title="bbox 1789 4889 2363 4972">
     <span class='ocr_line' id='line_1_94' title="bbox 1789 4889 2363 4972; baseline 0.005 -22"><span class='ocrx_word' id='word_1_659' title='bbox 1789 4889 1885 4952; x_wconf 88' lang='lat' dir='ltr'><strong>Du</strong></span> <span class='ocrx_word' id='word_1_660' title='bbox 1917 4891 2137 4972; x_wconf 78' lang='lat' dir='ltr'><strong>Cangii</strong></span> <span class='ocrx_word' id='word_1_661' title='bbox 2176 4899 2363 4954; x_wconf 69' lang='lat' dir='ltr'><strong>notae.</strong></span> 
     </span>
    </p>
   </div>
   <div class='ocr_carea' id='block_1_95' title="bbox 511 5011 2022 5087">
    <p class='ocr_par' dir='ltr' id='par_1_95' title="bbox 511 5011 2022 5087">
     <span class='ocr_line' id='line_1_95' title="bbox 511 5011 2022 5087; baseline 0.004 -21"><span class='ocrx_word' id='word_1_662' title='bbox 511 5011 625 5081; x_wconf 83' lang='lat'><strong>(60)</strong></span> <span class='ocrx_word' id='word_1_663' title='bbox 668 5011 778 5087; x_wconf 71' lang='lat' dir='ltr'><strong>Kal</strong></span> <span class='ocrx_word' id='word_1_664' title='bbox 807 5011 1016 5087; x_wconf 55' lang='grc' dir='ltr'><strong>,ζίζὶονκ</strong></span> <span class='ocrx_word' id='word_1_665' title='bbox 1056 5012 1311 5087; x_wconf 64' lang='lat' dir='ltr'><strong>Occurrit</strong></span> <span class='ocrx_word' id='word_1_666' title='bbox 1345 5029 1447 5069; x_wconf 77' lang='lat' dir='ltr'><strong>vox</strong></span> <span class='ocrx_word' id='word_1_667' title='bbox 1483 5015 1588 5072; x_wconf 83' lang='lat' dir='ltr'><strong>ista</strong></span> <span class='ocrx_word' id='word_1_668' title='bbox 1633 5015 1772 5071; x_wconf 85' lang='lat' dir='ltr'><strong>infra</strong></span> <span class='ocrx_word' id='word_1_669' title='bbox 1810 5032 1862 5087; x_wconf 91' lang='lat' dir='ltr'><strong>p.</strong></span> <span class='ocrx_word' id='word_1_670' title='bbox 1893 5017 2022 5072; x_wconf 70' lang='lat'><strong>225.</strong></span> 
     </span>
    </p>
   </div>
   <div class='ocr_carea' id='block_1_96' title="bbox 436 5083 1240 5148">
    <p class='ocr_par' dir='ltr' id='par_1_96' title="bbox 436 5083 1240 5148">
     <span class='ocr_line' id='line_1_96' title="bbox 436 5083 1240 5148; baseline 0.004 -13"><span class='ocrx_word' id='word_1_671' title='bbox 436 5098 494 5137; x_wconf 72' lang='grc' dir='ltr'><strong>ν.</strong></span> <span class='ocrx_word' id='word_1_672' title='bbox 528 5089 686 5134; x_wconf 76' lang='lat' dir='ltr'><strong>ttotas</strong></span> <span class='ocrx_word' id='word_1_673' title='bbox 716 5083 780 5134; x_wconf 85' lang='lat' dir='ltr'><strong>ad</strong></span> <span class='ocrx_word' id='word_1_674' title='bbox 813 5083 982 5137; x_wconf 64' lang='lat' dir='ltr'><strong>Anna}</strong></span> <span class='ocrx_word' id='word_1_675' title='bbox 1018 5098 1069 5148; x_wconf 77' lang='grc' dir='ltr'><strong>ι).</strong></span> <span class='ocrx_word' id='word_1_676' title='bbox 1112 5084 1240 5138; x_wconf 73' lang='grc'><strong>406.</strong></span> 
     </span>
    </p>
   </div>
   <div class='ocr_carea' id='block_1_97' title="bbox 512 5152 1684 5220">
    <p class='ocr_par' dir='ltr' id='par_1_97' title="bbox 512 5152 1684 5220">
     <span class='ocr_line' id='line_1_97' title="bbox 512 5152 1684 5220; baseline 0.004 -14"><span class='ocrx_word' id='word_1_677' title='bbox 512 5153 626 5219; x_wconf 83' lang='lat' dir='ltr'><strong>(6i)</strong></span> <span class='ocrx_word' id='word_1_678' title='bbox 668 5152 954 5220; x_wconf 70' lang='grc' dir='ltr'><strong>Εἰρήνην.</strong></span> <span class='ocrx_word' id='word_1_679' title='bbox 994 5153 1126 5207; x_wconf 83' lang='lat' dir='ltr'><strong>Vide</strong></span> <span class='ocrx_word' id='word_1_680' title='bbox 1161 5165 1388 5208; x_wconf 88' lang='lat' dir='ltr'><strong>stemma</strong></span> <span class='ocrx_word' id='word_1_681' title='bbox 1420 5154 1684 5212; x_wconf 70' lang='lat' dir='ltr'><strong>(Iomnen.</strong></span> 
     </span>
    </p>
   </div>
   <div class='ocr_carea' id='block_1_98' title="bbox 512 5221 2019 5292">
    <p class='ocr_par' dir='ltr' id='par_1_98' title="bbox 512 5221 2019 5292">
     <span class='ocr_line' id='line_1_98' title="bbox 512 5221 2019 5292; baseline 0.003 -17"><span class='ocrx_word' id='word_1_682' title='bbox 512 5223 626 5290; x_wconf 64' lang='lat'><strong>(62)</strong></span> <span class='ocrx_word' id='word_1_683' title='bbox 673 5223 782 5276; x_wconf 84' lang='lat' dir='ltr'><strong>Kal</strong></span> <span class='ocrx_word' id='word_1_684' title='bbox 818 5221 857 5289; x_wconf 77' lang='grc' dir='ltr'><strong>ἢ</strong></span> <span class='ocrx_word' id='word_1_685' title='bbox 895 5223 1164 5288; x_wconf 78' lang='grc' dir='ltr'><strong>Ἀλεξίῳ.</strong></span> <span class='ocrx_word' id='word_1_686' title='bbox 1224 5223 1397 5277; x_wconf 79' lang='lat' dir='ltr'><strong>Alexii</strong></span> <span class='ocrx_word' id='word_1_687' title='bbox 1441 5225 1742 5292; x_wconf 85' lang='lat' dir='ltr'><strong>Comueni,</strong></span> <span class='ocrx_word' id='word_1_688' title='bbox 1792 5225 2019 5280; x_wconf 83' lang='lat' dir='ltr'><strong>Joannis</strong></span> 
     </span>
    </p>
   </div>
   <div class='ocr_carea' id='block_1_99' title="bbox 438 5291 2020 5364">
    <p class='ocr_par' dir='ltr' id='par_1_99' title="bbox 438 5291 2020 5364">
     <span class='ocr_line' id='line_1_99' title="bbox 438 5291 2020 5364; baseline 0.001 -18"><span class='ocrx_word' id='word_1_689' title='bbox 438 5291 573 5358; x_wconf 89' lang='lat' dir='ltr'><strong>imp.</strong></span> <span class='ocrx_word' id='word_1_690' title='bbox 603 5292 694 5346; x_wconf 86' lang='lat' dir='ltr'><strong>lilii</strong></span> <span class='ocrx_word' id='word_1_691' title='bbox 728 5293 1096 5364; x_wconf 76' lang='lat' dir='ltr'><strong>pritnogeniti.</strong></span> <span class='ocrx_word' id='word_1_692' title='bbox 1129 5293 1220 5361; x_wconf 90' lang='lat' dir='ltr'><strong>qui</strong></span> <span class='ocrx_word' id='word_1_693' title='bbox 1254 5294 1468 5348; x_wconf 70' lang='lat' dir='ltr'><strong>Attalia:</strong></span> <span class='ocrx_word' id='word_1_694' title='bbox 1495 5295 1655 5364; x_wconf 90' lang='lat' dir='ltr'><strong>paulo</strong></span> <span class='ocrx_word' id='word_1_695' title='bbox 1681 5291 1806 5349; x_wconf 83' lang='lat' dir='ltr'><strong>ante</strong></span> <span class='ocrx_word' id='word_1_696' title='bbox 1832 5297 2020 5348; x_wconf 84' lang='lat' dir='ltr'><strong>deces-</strong></span> 
     </span>
    </p>
   </div>
   <div class='ocr_carea' id='block_1_100' title="bbox 438 5362 2013 5429">
    <p class='ocr_par' dir='ltr' id='par_1_100' title="bbox 438 5362 2013 5429">
     <span class='ocr_line' id='line_1_100' title="bbox 438 5362 2013 5429; baseline 0.004 -15"><span class='ocrx_word' id='word_1_697' title='bbox 438 5372 611 5424; x_wconf 86' lang='lat' dir='ltr'><strong>serat,</strong></span> <span class='ocrx_word' id='word_1_698' title='bbox 660 5363 881 5427; x_wconf 69' lang='lat' dir='ltr'><strong>conjus.</strong></span> <span class='ocrx_word' id='word_1_699' title='bbox 927 5362 1193 5424; x_wconf 79' lang='grc' dir='ltr'><strong>Βασιλεὺς</strong></span> <span class='ocrx_word' id='word_1_700' title='bbox 1229 5364 1428 5417; x_wconf 88' lang='lat' dir='ltr'><strong>dicitur</strong></span> <span class='ocrx_word' id='word_1_701' title='bbox 1470 5362 1738 5418; x_wconf 88' lang='lat' dir='ltr'><strong>Ciunamo</strong></span> <span class='ocrx_word' id='word_1_702' title='bbox 1768 5365 2013 5429; x_wconf 84' lang='lat' dir='ltr'><strong>Alexius,</strong></span> 
     </span>
    </p>
   </div>
   <div class='ocr_carea' id='block_1_101' title="bbox 436 5431 2015 5503">
    <p class='ocr_par' dir='ltr' id='par_1_101' title="bbox 436 5431 2015 5503">
     <span class='ocr_line' id='line_1_101' title="bbox 436 5431 2015 5503; baseline 0.001 -18"><span class='ocrx_word' id='word_1_703' title='bbox 436 5432 564 5498; x_wconf 86' lang='lat' dir='ltr'><strong>quia</strong></span> <span class='ocrx_word' id='word_1_704' title='bbox 603 5446 634 5485; x_wconf 86' lang='lat' dir='ltr'><strong>a</strong></span> <span class='ocrx_word' id='word_1_705' title='bbox 668 5441 824 5503; x_wconf 89' lang='lat' dir='ltr'><strong>patre</strong></span> <span class='ocrx_word' id='word_1_706' title='bbox 854 5431 1206 5503; x_wconf 88' lang='lat' dir='ltr'><strong>imperatorio</strong></span> <span class='ocrx_word' id='word_1_707' title='bbox 1259 5432 1418 5487; x_wconf 88' lang='lat' dir='ltr'><strong>titulo</strong></span> <span class='ocrx_word' id='word_1_708' title='bbox 1460 5433 1692 5489; x_wconf 88' lang='lat' dir='ltr'><strong>donatus</strong></span> <span class='ocrx_word' id='word_1_709' title='bbox 1721 5434 1923 5502; x_wconf 85' lang='lat' dir='ltr'><strong>fuerat,</strong></span> <span class='ocrx_word' id='word_1_710' title='bbox 1958 5445 2015 5487; x_wconf 94' lang='lat' dir='ltr'><strong>ut</strong></span> 
     </span>
    </p>
   </div>
   <div class='ocr_carea' id='block_1_102' title="bbox 2121 5018 3701 5089">
    <p class='ocr_par' dir='ltr' id='par_1_102' title="bbox 2121 5018 3701 5089">
     <span class='ocr_line' id='line_1_102' title="bbox 2121 5018 3701 5089; baseline 0.004 -16"><span class='ocrx_word' id='word_1_711' title='bbox 2121 5027 2314 5073; x_wconf 87' lang='lat' dir='ltr'><strong>auctor</strong></span> <span class='ocrx_word' id='word_1_712' title='bbox 2364 5025 2450 5074; x_wconf 81' lang='lat' dir='ltr'><strong>est</strong></span> <span class='ocrx_word' id='word_1_713' title='bbox 2488 5018 2729 5076; x_wconf 86' lang='lat' dir='ltr'><strong>Nicetas.</strong></span> <span class='ocrx_word' id='word_1_714' title='bbox 2782 5021 2858 5077; x_wconf 86' lang='lat' dir='ltr'><strong>De</strong></span> <span class='ocrx_word' id='word_1_715' title='bbox 2902 5023 3075 5078; x_wconf 79' lang='lat' dir='ltr'><strong>Alexii</strong></span> <span class='ocrx_word' id='word_1_716' title='bbox 3115 5025 3299 5080; x_wconf 77' lang='lat' dir='ltr'><strong>uxoris</strong></span> <span class='ocrx_word' id='word_1_717' title='bbox 3334 5037 3527 5089; x_wconf 84' lang='lat' dir='ltr'><strong>morte,</strong></span> <span class='ocrx_word' id='word_1_718' title='bbox 3565 5042 3701 5079; x_wconf 65' lang='lat' dir='ltr'><strong>non.</strong></span> 
     </span>
    </p>
   </div>
   <div class='ocr_carea' id='block_1_103' title="bbox 2124 5089 3700 5171">
    <p class='ocr_par' dir='ltr' id='par_1_103' title="bbox 2124 5089 3700 5171">
     <span class='ocr_line' id='line_1_103' title="bbox 2124 5089 3700 5171; baseline 0.004 -28"><span class='ocrx_word' id='word_1_719' title='bbox 2124 5089 2270 5171; x_wconf 76' lang='lat' dir='ltr'><strong>nulla</strong></span> <span class='ocrx_word' id='word_1_720' title='bbox 2302 5103 2331 5141; x_wconf 86' lang='lat' dir='ltr'><strong>a</strong></span> <span class='ocrx_word' id='word_1_721' title='bbox 2370 5091 2526 5145; x_wconf 89' lang='lat' dir='ltr'><strong>nobis</strong></span> <span class='ocrx_word' id='word_1_722' title='bbox 2549 5093 2838 5146; x_wconf 88' lang='lat' dir='ltr'><strong>observata</strong></span> <span class='ocrx_word' id='word_1_723' title='bbox 2868 5093 2920 5148; x_wconf 87' lang='lat' dir='ltr'><strong>in</strong></span> <span class='ocrx_word' id='word_1_724' title='bbox 2954 5094 3184 5162; x_wconf 70' lang='grc' dir='ltr'><strong>ιιι-αιΐυιο</strong></span> <span class='ocrx_word' id='word_1_725' title='bbox 3215 5104 3505 5152; x_wconf 83' lang='lat' dir='ltr'><strong>stetntuate</strong></span> <span class='ocrx_word' id='word_1_726' title='bbox 3540 5097 3700 5152; x_wconf 78' lang='lat' dir='ltr'><strong>Coru-</strong></span> 
     </span>
    </p>
   </div>
   <div class='ocr_carea' id='block_1_104' title="bbox 2119 5173 2335 5214">
    <p class='ocr_par' dir='ltr' id='par_1_104' title="bbox 2119 5173 2335 5214">
     <span class='ocr_line' id='line_1_104' title="bbox 2119 5173 2335 5214; baseline 0.009 -2"><span class='ocrx_word' id='word_1_727' title='bbox 2119 5173 2335 5214; x_wconf 78' lang='lat' dir='ltr'><strong>llClIICO.</strong></span> 
     </span>
    </p>
   </div>
   <div class='ocr_carea' id='block_1_105' title="bbox 2188 5228 3700 5305">
    <p class='ocr_par' dir='ltr' id='par_1_105' title="bbox 2188 5228 3700 5305">
     <span class='ocr_line' id='line_1_105' title="bbox 2188 5228 3700 5305; baseline 0.006 -24"><span class='ocrx_word' id='word_1_728' title='bbox 2188 5228 2328 5305; x_wconf 39' lang='grc' dir='ltr'><strong>(θό).</strong></span> <span class='ocrx_word' id='word_1_729' title='bbox 2351 5229 2570 5305; x_wconf 24' lang='grc' dir='ltr'><strong>Τὸμτοῦ</strong></span> <span class='ocrx_word' id='word_1_730' title='bbox 2607 5231 2870 5305; x_wconf 49' lang='lat' dir='ltr'><strong>Euocat:</strong></span> <span class='ocrx_word' id='word_1_731' title='bbox 2905 5234 3270 5305; x_wconf 74' lang='grc' dir='ltr'><strong>κυαναυγές.</strong></span> <span class='ocrx_word' id='word_1_732' title='bbox 3302 5237 3547 5305; x_wconf 87' lang='lat' dir='ltr'><strong>Purpura</strong></span> <span class='ocrx_word' id='word_1_733' title='bbox 3594 5237 3700 5292; x_wconf 88' lang='lat' dir='ltr'><strong>fcr-</strong></span> 
     </span>
    </p>
   </div>
   <div class='ocr_carea' id='block_1_106' title="bbox 2117 5299 3698 5378">
    <p class='ocr_par' dir='ltr' id='par_1_106' title="bbox 2117 5299 3698 5378">
     <span class='ocr_line' id='line_1_106' title="bbox 2117 5299 3698 5378; baseline 0.013 -32"><span class='ocrx_word' id='word_1_734' title='bbox 2117 5299 2328 5378; x_wconf 65' lang='lat' dir='ltr'><strong>rugiuei</strong></span> <span class='ocrx_word' id='word_1_735' title='bbox 2364 5300 2584 5378; x_wconf 59' lang='lat' dir='ltr'><strong>coloris.</strong></span> <span class='ocrx_word' id='word_1_736' title='bbox 2616 5300 2799 5360; x_wconf 87' lang='lat' dir='ltr'><strong>Gloss.</strong></span> <span class='ocrx_word' id='word_1_737' title='bbox 2831 5301 2928 5358; x_wconf 86' lang='lat' dir='ltr'><strong>Gr.</strong></span> <span class='ocrx_word' id='word_1_738' title='bbox 2960 5303 3081 5359; x_wconf 86' lang='lat' dir='ltr'><strong>Lat.</strong></span> <span class='ocrx_word' id='word_1_739' title='bbox 3111 5321 3126 5360; x_wconf 90' lang='lat'><strong>:</strong></span> <span class='ocrx_word' id='word_1_740' title='bbox 3153 5299 3427 5378; x_wconf 73' lang='grc' dir='ltr'><strong>πορφύρα</strong></span> <span class='ocrx_word' id='word_1_741' title='bbox 3445 5309 3698 5377; x_wconf 71' lang='grc' dir='ltr'><strong>μέλαιναν</strong></span> 
     </span>
    </p>
   </div>
   <div class='ocr_carea' id='block_1_107' title="bbox 2114 5367 2576 5441">
    <p class='ocr_par' dir='ltr' id='par_1_107' title="bbox 2114 5367 2576 5441">
     <span class='ocr_line' id='line_1_107' title="bbox 2114 5367 2576 5441; baseline 0.011 -21"><span class='ocrx_word' id='word_1_742' title='bbox 2114 5367 2352 5440; x_wconf 79' lang='lat' dir='ltr'><strong>ferrugo.</strong></span> <span class='ocrx_word' id='word_1_743' title='bbox 2387 5369 2576 5441; x_wconf 83' lang='lat' dir='ltr'><strong>Virgil.</strong></span> 
     </span>
    </p>
   </div>
   <div class='ocr_carea' id='block_1_108' title="bbox 1707 5551 2435 5617">
    <p class='ocr_par' dir='ltr' id='par_1_108' title="bbox 1707 5551 2435 5617">
     <span class='ocr_line' id='line_1_108' title="bbox 1707 5551 2435 5617; baseline 0.007 -5"><span class='ocrx_word' id='word_1_744' title='bbox 1707 5551 1991 5614; x_wconf 91' lang='lat' dir='ltr'><strong>Cornelii</strong></span> <span class='ocrx_word' id='word_1_745' title='bbox 2021 5552 2212 5616; x_wconf 91' lang='lat' dir='ltr'><strong>Tollii</strong></span> <span class='ocrx_word' id='word_1_746' title='bbox 2249 5560 2435 5617; x_wconf 64' lang='lat' dir='ltr'><strong>notae.</strong></span> 
     </span>
    </p>
   </div>
   <div class='ocr_carea' id='block_1_109' title="bbox 514 5667 2008 5742">
    <p class='ocr_par' dir='ltr' id='par_1_109' title="bbox 514 5667 2008 5742">
     <span class='ocr_line' id='line_1_109' title="bbox 514 5667 2008 5742; baseline -0.004 -20"><span class='ocrx_word' id='word_1_747' title='bbox 514 5667 576 5742; x_wconf 73' lang='grc' dir='ltr'><strong>(ί)</strong></span> <span class='ocrx_word' id='word_1_748' title='bbox 613 5669 718 5742; x_wconf 74' lang='grc' dir='ltr'><strong>Καὶ</strong></span> <span class='ocrx_word' id='word_1_749' title='bbox 741 5668 945 5742; x_wconf 53' lang='grc' dir='ltr'><strong>ᾀίξιον</strong></span> <span class='ocrx_word' id='word_1_750' title='bbox 969 5671 1156 5725; x_wconf 77' lang='grc' dir='ltr'><strong>αὑτὸν</strong></span> <span class='ocrx_word' id='word_1_751' title='bbox 1175 5669 1416 5724; x_wconf 75' lang='grc' dir='ltr'><strong>λοιπόν.</strong></span> <span class='ocrx_word' id='word_1_752' title='bbox 1444 5670 1648 5742; x_wconf 81' lang='grc' dir='ltr'><strong>Δίξιος,</strong></span> <span class='ocrx_word' id='word_1_753' title='bbox 1681 5673 1770 5742; x_wconf 90' lang='lat' dir='ltr'><strong>qui</strong></span> <span class='ocrx_word' id='word_1_754' title='bbox 1817 5675 2008 5728; x_wconf 87' lang='lat' dir='ltr'><strong>semi--</strong></span> 
     </span>
    </p>
   </div>
   <div class='ocr_carea' id='block_1_110' title="bbox 442 5737 2009 5810">
    <p class='ocr_par' dir='ltr' id='par_1_110' title="bbox 442 5737 2009 5810">
     <span class='ocr_line' id='line_1_110' title="bbox 442 5737 2009 5810; baseline 0.001 -20"><span class='ocrx_word' id='word_1_755' title='bbox 442 5737 693 5792; x_wconf 82' lang='lat' dir='ltr'><strong>barbaris</strong></span> <span class='ocrx_word' id='word_1_756' title='bbox 743 5739 949 5794; x_wconf 84' lang='lat' dir='ltr'><strong>Latims</strong></span> <span class='ocrx_word' id='word_1_757' title='bbox 982 5743 1295 5810; x_wconf 13' lang='lat' dir='ltr'><strong>ligiusirrvel</strong></span> <span class='ocrx_word' id='word_1_758' title='bbox 1337 5741 1591 5795; x_wconf 83' lang='lat' dir='ltr'><strong>vasallus.</strong></span> <span class='ocrx_word' id='word_1_759' title='bbox 1622 5737 1830 5796; x_wconf 63' lang='lat' dir='ltr'><strong>Maturel</strong></span> <span class='ocrx_word' id='word_1_760' title='bbox 1870 5743 2009 5798; x_wconf 80' lang='lat' dir='ltr'><strong>libro</strong></span> 
     </span>
    </p>
   </div>
   <div class='ocr_carea' id='block_1_111' title="bbox 438 5808 2008 5877">
    <p class='ocr_par' dir='ltr' id='par_1_111' title="bbox 438 5808 2008 5877">
     <span class='ocr_line' id='line_1_111' title="bbox 438 5808 2008 5877; baseline 0.021 -32"><span class='ocrx_word' id='word_1_761' title='bbox 438 5815 658 5865; x_wconf 64' lang='grc' dir='ltr'><strong>ςτιιειιιη,</strong></span> <span class='ocrx_word' id='word_1_762' title='bbox 711 5811 955 5859; x_wconf 79' lang='lat' dir='ltr'><strong>nratimtc</strong></span> <span class='ocrx_word' id='word_1_763' title='bbox 1027 5808 1101 5864; x_wconf 56' lang='lat' dir='ltr'><strong>wml</strong></span> <span class='ocrx_word' id='word_1_764' title='bbox 1135 5808 1504 5867; x_wconf 77' lang='lat' dir='ltr'><strong>Vladislauru:</strong></span> <span class='ocrx_word' id='word_1_765' title='bbox 1561 5814 1670 5866; x_wconf 71' lang='grc' dir='ltr'><strong>Καὶ</strong></span> <span class='ocrx_word' id='word_1_766' title='bbox 1703 5813 1890 5877; x_wconf 75' lang='grc' dir='ltr'><strong>δοῦλος</strong></span> <span class='ocrx_word' id='word_1_767' title='bbox 1946 5816 2008 5866; x_wconf 68' lang='grc' dir='ltr'><strong>οὐ</strong></span> 
     </span>
    </p>
   </div>
   <div class='ocr_carea' id='block_1_112' title="bbox 2116 5675 3694 5762">
    <p class='ocr_par' dir='ltr' id='par_1_112' title="bbox 2116 5675 3694 5762">
     <span class='ocr_line' id='line_1_112' title="bbox 2116 5675 3694 5762; baseline 0.011 -35"><span class='ocrx_word' id='word_1_768' title='bbox 2116 5675 2211 5762; x_wconf 64' lang='grc' dir='ltr'><strong>βία</strong></span> <span class='ocrx_word' id='word_1_769' title='bbox 2241 5675 2405 5762; x_wconf 51' lang='grc' dir='ltr'><strong>λαχὸν</strong></span> <span class='ocrx_word' id='word_1_770' title='bbox 2433 5677 2656 5761; x_wconf 73' lang='grc' dir='ltr'><strong>ὑποδὺς,</strong></span> <span class='ocrx_word' id='word_1_771' title='bbox 2860 5680 3051 5751; x_wconf 84' lang='grc' dir='ltr'><strong>δοῦλος</strong></span> <span class='ocrx_word' id='word_1_772' title='bbox 3076 5683 3419 5755; x_wconf 78' lang='grc' dir='ltr'><strong>ἓθελόδουλος</strong></span> <span class='ocrx_word' id='word_1_773' title='bbox 3439 5705 3453 5721; x_wconf 92' lang='grc'><strong>·</strong></span> <span class='ocrx_word' id='word_1_774' title='bbox 3501 5689 3647 5762; x_wconf 77' lang='grc' dir='ltr'><strong>έρμη</strong></span> <span class='ocrx_word' id='word_1_775' title='bbox 3663 5716 3694 5731; x_wconf 84' lang='lat'><strong>-</strong></span> 
     </span>
    </p>
   </div>
   <div class='ocr_carea' id='block_1_113' title="bbox 2076 5746 2945 5820">
    <p class='ocr_par' dir='ltr' id='par_1_113' title="bbox 2076 5746 2945 5820">
     <span class='ocr_line' id='line_1_113' title="bbox 2076 5746 2945 5820; baseline 0.012 -22"><span class='ocrx_word' id='word_1_776' title='bbox 2076 5764 2082 5770; x_wconf 93' lang='grc'><strong>·</strong></span> <span class='ocrx_word' id='word_1_777' title='bbox 2116 5746 2262 5800; x_wconf 82' lang='grc' dir='ltr'><strong>νεύει</strong></span> <span class='ocrx_word' id='word_1_778' title='bbox 2292 5747 2346 5800; x_wconf 86' lang='grc' dir='ltr'><strong>δέ</strong></span> <span class='ocrx_word' id='word_1_779' title='bbox 2376 5766 2459 5802; x_wconf 85' lang='grc' dir='ltr'><strong>σοι</strong></span> <span class='ocrx_word' id='word_1_780' title='bbox 2479 5751 2637 5805; x_wconf 84' lang='grc' dir='ltr'><strong>τοῦτο</strong></span> <span class='ocrx_word' id='word_1_781' title='bbox 2665 5750 2725 5803; x_wconf 81' lang='grc' dir='ltr'><strong>τὸ</strong></span> <span class='ocrx_word' id='word_1_782' title='bbox 2755 5746 2945 5820; x_wconf 80' lang='grc' dir='ltr'><strong>λίξιον.</strong></span> 
     </span>
    </p>
   </div>
  </div>
