4096 6406
370 270 480 331 353

1568 264 2112 329 HISTORIARUM
2150 265 2298 328 LIB.
2351 266 2440 327 ΙῘ.

3547 267 3657 332 354

362 390 490 439 ἄνω
536 384 767 456 χρόνοις
831 387 931 445 τὰς
986 381 1094 433 τῶν
1160 379 1454 451 βαρϐάρων
1523 377 1965 447 ὲπιτειχιζόντων

2069 385 2276 434 sarent.
2312 378 2569 447 neglectis
2597 378 2679 442 iis,
2718 379 2897 448 pervia
2930 380 3111 435 omnia
3148 392 3303 436 erant
3333 381 3510 440 Persis
3542 387 3659 442 lini—

371 479 560 547 ὁρμὰς
578 475 813 546 ἀμελείᾳ
854 473 1319 545 περιοραθέντων,
1371 470 1600 540 εὑέφοδα
1630 471 1866 542 Πέρσαις
1899 469 1969 523 τὰ

374 572 511 640 τῆδε
576 570 851 637 ἐγένοντο,
902 566 1062 620 Ἀλλὰ
1114 565 1275 619 τοῦτο
1321 564 1423 635 μὲν
1467 564 1678 635 χρόνοις
1735 562 1971 632 ὕστερον

377 662 783 731 φιλοτιμότατα
842 658 983 728 πρὸς
1048 656 1312 728 βασιλέως
1362 655 1683 727 ἀνεπλήσθη
1746 655 1970 716 πλείους

376 752 805 822 ἁνοικισαμένου
866 751 1051 811 πόλεις
1076 767 1090 782 ·
1141 751 1264 802 τότε
1292 750 1338 802 δ’
1368 745 1461 802 οὖν
1486 747 1628 815 ἔγνω
1704 746 1970 818 πολίχνην

377 850 443 900 ἐν
474 849 587 905 τοῖς
618 844 761 898 οὕτω
795 842 1164 911 Μελαγγείοις
1202 841 1315 911 (64)
1350 841 1714 911 καλουμένοις
1753 840 1969 906 ἀνεγεῖ-

379 956 498 1009 ραι.
540 937 647 989 Τοῦ
671 938 858 1006 μέντοι
904 935 1070 1005 ἔργον
1104 932 1491 1003 προϐαίνοντος
1549 931 1757 1001 ἠγγέλη
1795 929 1968 1000 αὐτῷ,

376 1032 457 1092 ὡς
495 1032 560 1098 τῇ
596 1025 951 1097 πρεσϐυτάτῃ
979 1024 1087 1078 τῶν
1129 1021 1397 1094 βασιλέως
1437 1023 1685 1076 Ἰωάννου
1736 1022 1966 1089 θυγατέ-

381 1141 518 1193 ρων,
548 1122 614 1185 ἣν
644 1120 673 1171 ό
700 1121 924 1188 Καῖσαρ
980 1118 1225 1188 ⁴Ινγγάγετο
1290 1115 1574 1185 Ῥογέριος
1629 1114 1766 1182 (65),
1812 1116 1968 1175 νόσος

379 1206 741 1273 ἐπιγεγονυῖα
798 1204 1044 1269 ἄφυκτον
1084 1200 1399 1269 ὑπογράφει
1430 1200 1520 1253 τὸν
1568 1200 1838 1253 κίνδυνον.
1874 1200 1972 1262 Εἰς

384 1292 515 1343 ὅσον
558 1285 649 1342 οὖν
673 1290 875 1356 πέρατι
903 1286 1089 1340 δοῦναι
1117 1285 1177 1339 τὸ
1201 1286 1363 1355 ἔργον
1393 1285 1472 1357 τῷ
1494 1286 1659 1355 χώρῳ
1695 1284 1969 1354 ἐνδιατρί-

392 1383 505 1450 ψας
524 1380 622 1449 τῆς
650 1380 741 1432 ἐπὶ
773 1377 1071 1442 Βυζάντιον
1089 1376 1286 1447 εἴχετο.
1307 1377 1468 1430 Ἀλλὰ
1495 1377 1699 1447 μεταξὺ
1715 1377 1773 1429 τὸ
1793 1378 1969 1448 χρεὼν

379 1474 568 1542 ἐκείνη
600 1470 911 1538 ἀπέπλησε,
940 1470 1079 1538 γυνὴ
1116 1468 1478 1538 μεγαλόφρων
1508 1471 1565 1521 ἐν
1588 1472 1707 1531 ταῖς
1733 1469 1971 1538 μάλιστα

381 1566 479 1617 καὶ
507 1563 640 1619 πολὺ
668 1564 729 1615 τὸ
754 1562 1076 1634 ἀρρενωπὸν
1099 1561 1323 1631 ἔχουσα.
1363 1562 1506 1628 Ἐγὼ
1536 1561 1581 1613 δ’
1607 1559 1844 1614 ἐνταῦθα
1873 1560 1968 1614 τοῦ

382 1658 543 1725 λόγου
591 1656 890 1725 γενόμενος
936 1656 1017 1714 εις
1071 1655 1293 1724 μνήμην
1340 1648 1507 1723 ἦλθον
1532 1651 1629 1705 τοῦ
1677 1652 1842 1724 Ιἔργον
1870 1653 1967 1718 τῆς

2075 469 2243 531 timis,
2281 468 2375 524 sed
2406 474 2748 531 pastinolum
2793 474 3050 527 restitutm
3079 485 3205 528 sunt
3237 476 3339 530 illa:
3371 478 3657 547 imperato-

2073 562 2151 613 ris
2190 558 2544 625 liberalitate,
2598 563 2984 632 compluraque
3032 568 3098 618 ab
3130 581 3198 620 eo
3234 568 3304 622 ibi
3355 568 3656 628 instaurata

2073 653 2291 721 Oppida.
2340 651 2434 705 Illo
2492 664 2671 706 autem
2730 666 2968 722 tempore
3006 657 3055 709 in
3091 671 3151 709 ea
3198 674 3357 726 quam
3392 661 3655 730 Melangia

2074 751 2272 795 vocant
2319 743 2535 813 regione
2570 744 2827 814 oppidum
2875 746 3110 800 condere
3156 751 3455 807 constituit.
3502 754 3658 818 Quod

2072 847 2208 901 opus
2261 834 2389 887 dum
2438 846 2679 904 urgetur,
2718 837 2993 889 nuntiatur
3034 838 3259 892 Mauneli
3315 840 3477 895 tiliam
3528 855 3655 897 natu

2075 924 2361 977 maximam
2414 922 2641 978 Joannis
2697 927 3075 995 imperatoris,
3144 944 3304 997 quam
3364 931 3630 1001 Bogerius

2075 1015 2258 1067 Caesar
2281 1030 2502 1069 uxorem
2536 1016 2768 1070 habebat
2805 1020 3124 1087 gravissimo
3150 1023 3338 1076 morbo
3366 1024 3431 1076 ad
3467 1027 3656 1095 proxi-

2076 1120 2219 1157 tnum
2255 1104 2375 1159 vitae
2426 1106 2726 1175 periculum
2765 1108 3076 1165 adductum.
3125 1111 3232 1181 37
3266 1112 3450 1183 Itaque
3497 1116 3659 1171 isthic

2072 1197 2407 1264 aliquandiu,
2436 1214 2543 1268 quo
2571 1198 2877 1255 absolveret
2898 1217 3018 1270 quae
3048 1202 3342 1271 inceperat,
3368 1216 3483 1259 erat
3505 1222 3656 1261 com-

2075 1298 2337 1353 moratus,
2373 1291 2497 1342 dum
2544 1288 2858 1361 Byzantium
2892 1293 3132 1356 festinat,
3162 1294 3273 1348 fato
3305 1296 3547 1365 fungitur
3576 1298 3657 1352 fe-

2073 1379 2215 1432 mina
2254 1380 2485 1448 ingentis
2521 1383 2764 1449 spiritus,
2793 1398 3018 1453 quzeque
3048 1386 3255 1440 virilem
3289 1391 3512 1443 omnino
3540 1392 3661 1444 ani-

2073 1485 2218 1523 mum
2255 1486 2364 1540 pra:
2397 1485 2455 1524 se
2500 1470 2726 1526 ferebat.
2778 1473 2847 1525 At
2890 1488 3011 1527 cum
3052 1475 3194 1530 illius
3241 1477 3371 1531 mihi
3406 1479 3505 1533 hoc
3536 1480 3657 1535 loco

2074 1572 2318 1618 recurrat
2377 1565 2667 1631 memoria,
2721 1580 2899 1633 operae
2947 1566 3160 1621 videtur
3207 1571 3437 1637 pretium
3490 1588 3655 1627 unum

2070 1654 2213 1722 quod
2270 1669 2389 1708 eam
2444 1663 2657 1724 spectat
2717 1657 2973 1725 deinceps
3023 1658 3381 1716 admiratiOne
3433 1662 3655 1731 dignum

382 1746 447 1817 [Ρ
497 1745 590 1818 2|]
624 1746 883 1813 γυναικὸς
910 1745 1143 1814 ταυτησὶ
1168 1744 1263 1796 καὶ
1282 1744 1562 1798 είσέπειτα
1593 1742 1965 1814 θαυμάζεσθαι

2072 1760 2518 1801 commemorare.
2570 1745 2862 1816 Rogerium
2894 1749 3163 1804 Caesarem
3213 1751 3413 1815 ferunt,
3446 1768 3657 1807 tuortuo

382 1838 560 1905 ἀξίου.
594 1839 734 1890 Φασὶ
758 1837 851 1888 τὸν
878 1835 1133 1905 Καίσαρα
1176 1835 1455 1905 Ῥογέριον
1487 1837 1553 1906 τῇ
1587 1834 1836 1905 βασιλείᾳ
1872 1834 1966 1888 καὶ

382 1933 549 1986 αὐτὸν
605 1932 729 1985 κατ’
784 1932 997 1983 ἐκεῖνον
1059 1930 1549 2000 ὲποφθαλμίσαντα
1596 1930 1687 1984 τὸν
1749 1930 1964 2001 χρόνον,

383 2024 621 2095 ὁπηνίκα
650 2022 807 2077 οὔπω
840 2024 981 2094 μετὰ
1018 2023 1116 2094 τὴν
1177 2022 1447 2091 βασιλέως
1492 2022 1746 2076 Ἰωάννου
1774 2024 1962 2075 τελευο

386 2118 486 2184 τὴν
520 2117 555 2186 ἡ
592 2116 1008 2170 Κωνσταντίνου
1074 2114 1167 2168 τὸν
1226 2116 1349 2168 νέον
1406 2116 1785 2185 αὐτοκράτορα
1822 2111 1961 2184 εἶχε,

390 2207 699 2271 στασιώτας
748 2207 932 2279 ἑαυτῷ
972 2207 1167 2272 ἄλλους
1201 2224 1261 2260 τε
1317 2209 1644 2277 περιστῆσαι
1714 2208 1962 2278 συχνοὺς,

390 2299 490 2350 καὶ
538 2298 604 2368 δὴ
627 2301 717 2352 καὶ
770 2299 880 2352 τῶν
950 2317 1070 2353 τινα
1109 2298 1429 2352 Ἰταλιωτῶν
1486 2299 1679 2367 γένους
1734 2317 1959 2369 συμπα-

388 2384 635 2456 τριὼτην
662 2388 807 2457 αὑτῴ
838 2389 899 2441 τὸ
933 2387 1209 2456 πατρόθεν
1238 2388 1368 2440 ὄντα
1404 2389 1504 2441 σὺν
1555 2391 1670 2451 τοῖς
1698 2389 1836 2457 ἀμφ’
1864 2389 1964 2441 αὐ-

388 2480 486 2529 τὸν
538 2475 929 2545 ἑταιρίσασθαι
963 2480 1044 2539 εἰς
1090 2476 1488 2547 τετρακοσίους
1542 2478 1779 2546 μάλιστα
1805 2479 1961 2545 ἀγει-

390 2570 679 2640 ρομένους.
717 2566 827 2621 Ἦν
856 2568 912 2621 δὲ
943 2569 971 2619 ὁ
1003 2567 1324 2637 Ἰταλιώτης
1368 2569 1518 2636 γένει
1586 2569 1685 2639 μὲν
1725 2587 1963 2640 περιρα-

381 2663 484 2733 vi];
552 2663 646 2715 καὶ
701 2658 971 2725 ἐπίδοξος,
1032 2660 1265 2729 Καπύης
1328 2661 1385 2713 δὲ
1441 2660 1655 2724 πόλεως
1716 2662 1965 2732 ἐξάρχων

394 2754 667 2823 Ἰταλικῆς
725 2744 1291 2821 πολυανθρωποτάτης
1326 2750 1464 2817 ἄγαν
1497 2751 1593 2805 καὶ
1623 2751 1961 2821 εὐδαίμονος.

383 2846 547 2899 Attia
568 2846 625 2898 δὲ
657 2846 806 2915 αὐτῷ
842 2846 942 2914 τῆς
981 2847 1040 2897 ὲν
1065 2844 1348 2914 Βυζαντίῳ
1383 2844 1667 2914 διατριϐῆς
1703 2844 1844 2914 αὕτη
1870 2840 1961 2915 ἦν’

381 2937 510 3007 ότῷ
566 2938 825 3007 τηνικάδε
885 2937 1140 2999 Σικελίας
1210 2937 1491 3004 τυραννῶν
1562 2937 1860 3007 Ῥογέριος,
1895 2932 1957 2991 οὗ

2067 1833 2274 1890 Joanne
2320 1837 2670 1905 imperatore,
2708 1841 2935 1893 necdum
2978 1841 3294 1911 Byzantium
3351 1845 3458 1897 ttlln
3507 1847 3644 1899 obti-

2067 1935 2227 1980 nente
2257 1926 2521 1996 principe,
2554 1929 2833 1994 imperium
2868 1932 3217 1999 cogitantem,
3254 1936 3506 1988 collectos
3536 1937 3655 2004 plu-

2065 2021 2234 2074 rimos
2260 2019 2326 2072 ad
2356 2034 2481 2072 snas
2506 2032 2686 2086 partes
2714 2021 2982 2084 allexisse,
3010 2033 3167 2091 atque
3198 2027 3247 2077 in
3285 2026 3368 2079 his
3399 2029 3650 2095 gentilem

2065 2112 2356 2182 quemdam
2389 2111 2601 2178 italum,
2638 2112 2852 2182 ipsique
2903 2128 2931 2167 a
2983 2116 3181 2169 teneris
3229 2120 3387 2170 annis
3418 2118 3653 2171 faini'ia-

2068 2219 2206 2268 rem,
2255 2205 2345 2273 qui
2383 2218 2607 2258 numero
2655 2204 2721 2257 ad
2775 2220 3043 2258 summum
3084 2208 3483 2275 quadringenti.
3524 2207 3653 2260 Erat

2068 2306 2249 2351 autem
2281 2304 2335 2351 et
2366 2296 2456 2351 ille
2499 2305 2661 2366 gente
2692 2298 2913 2365 perinde
2962 2297 3147 2361 Italus,
3180 2300 3438 2352 natalium
3470 2301 3651 2368 splen-

2068 2392 2196 2443 dore
2255 2388 2479 2442 illustris
2536 2398 2592 2442 et
2631 2389 2991 2458 conspicuus,
3051 2388 3247 2457 Capua:
3307 2391 3543 2445 civitatis
3598 2393 3649 2445 in

2069 2479 2220 2533 Italia
2272 2478 2662 2548 potentissima:
2732 2481 3162 2550 clarissinueque
3231 2483 3511 2548 dominus,
3562 2484 3651 2538 cui

2068 2570 2308 2641 Byzantii
2370 2571 2743 2625 commorandi
2799 2571 2850 2624 id
2897 2587 3072 2626 causa
3132 2574 3471 2640 potissimum
3528 2575 3646 2628 fuit.

2069 2664 2329 2733 liogerius
2370 2674 2496 2719 tunc
2535 2665 2796 2733 temporis
2846 2665 3048 2719 Sicilia
3099 2674 3379 2736 tyrannus,
3430 2666 3494 2719 de
3544 2682 3653 2735 quo

2070 2756 2232 2809 inulta
2263 2755 2521 2825 deinceps
2554 2757 2903 2810 memoranda
2936 2768 3244 2823 occurrent,
3269 2774 3389 2812 cum
3416 2760 3480 2811 ad
3511 2759 3648 2811 bella

2067 2848 2473 2916 pervenerimus
2519 2848 2728 2911 Italica,
2762 2846 3023 2919 Capuano
3054 2850 3270 2904 inhians
3300 2850 3648 2919 principatui,

2066 2941 2177 2995 acri
2232 2939 2370 2993 bello
2420 2940 2693 2994 hominem
2751 2940 2982 3009 itnpcliit
3015 2960 3027 2995 :
3062 2941 3148 2995 cui
3199 2956 3319 2994 cum
3367 2941 3457 2996 ille
3506 2942 3649 2994 rosio

384 3032 557 3085 πολὺν
592 3032 648 3084 ὲν
677 3033 792 3095 τοῖς
856 3029 1081 3083 ὄπισθεν
1154 3028 1496 3101 ποιησόμεθα
1537 3029 1696 3097 λόγον
1738 3030 1958 3083 ἐπειδὰν

2069 3030 2258 3085 stendo
2291 3046 2394 3086 non
2425 3041 2592 3097 esset,
2628 3030 2945 3102 Byzantium
2979 3048 3037 3087 se
3067 3032 3316 3087 contulit.
3347 3032 3439 3088 llis
3486 3033 3652 3103 igitur

1738 3147 1837 3207 Du
1868 3145 2090 3225 Cangii
2126 3154 2315 3207 noue.

458 3248 573 3317 (δι)
613 3246 1033 3317 Melan-dore.
1061 3245 1192 3302 Vide
1220 3256 1375 3317 notas
1407 3249 1476 3300 ad
1505 3246 1694 3315 .Auna:
1738 3263 1791 3316 p.
1826 3246 1955 3300 Ml.

457 3315 572 3389 (65)
620 3318 942 3389 'lfoyéptoc.
988 3315 1154 3371 Maria
1203 3316 1494 3389 Comnena
1536 3326 1661 3370 natu
1724 3315 1957 3389 tnaxima

384 3386 621 3442 ﬁliarum
661 3386 888 3441 Joannis
926 3386 1295 3453 imperatoris,
1321 3386 1495 3439 Alexii
1529 3400 1685 3439 soror
1710 3387 1957 3457 gemella,

380 3460 583 3512 Joanui
625 3457 859 3526 Rogerio
890 3458 1089 3509 Caesari
1137 3471 1275 3509 uxor
1301 3458 1424 3509 data
1467 3465 1552 3509 est
1586 3472 1612 3505 a
1647 3467 1822 3524 patre,
1874 3458 1958 3509 cui

386 3532 483 3582 illa
516 3529 657 3582 haud
712 3528 802 3580 diu
844 3534 1119 3593 superstes
1154 3527 1288 3589 fuit;
1323 3526 1565 3580 excessit
1598 3526 1765 3588 enim,
1802 3535 1858 3579 ut
1888 3528 1960 3579 ait

385 3602 494 3653 hoc
543 3600 663 3653 loco
699 3597 1023 3659 Cinnamus,
1056 3596 1155 3649 sub
1198 3597 1405 3664 primos
1453 3596 1664 3662 imperii
1696 3593 1959 3651 Manuelis

385 3683 584 3723 annos.
621 3666 745 3721 Fuit
778 3667 1059 3733 Rogerius,
1092 3666 1135 3719 si
1162 3667 1335 3718 eidem
1367 3665 1617 3734 scriptori
1656 3665 1756 3718 hac
1804 3666 1857 3719 in
1900 3682 1958 3722 re

391 3744 529 3792 tides
576 3740 800 3806 aliqua,
838 3735 1038 3806 Capua:
1087 3734 1328 3790 civitatis
1372 3734 1426 3806 in
1478 3735 1631 3787 Italia
1680 3736 1955 3803 princeps,

385 3810 481 3875 qui
511 3823 631 3862 cum
661 3804 690 3860 ὁ
724 3806 958 3872 Rogerio
986 3804 1187 3859 Siciliae
1218 3819 1343 3872 rege
1369 3805 1808 3875 bouisomnibus
1830 3821 1959 3859 exu-

389 3874 483 3932 tus
529 3879 755 3940 inisset,
807 3876 1160 3946 Byzantium,
1218 3874 1556 3946 sedauxilii
1608 3875 1957 3942 impetrandi,

386 3964 487 4001 seu
528 3948 724 4001 ibidem
775 3944 1151 3999 commorandi
1208 3944 1414 4012 gratia,
1470 3957 1587 3997 sese
1631 3945 1959 3998 contulerat.

395 4018 593 4071 Verum
645 4018 695 4069 in
734 4032 800 4069 eo
854 4014 963 4066 falli
1012 4021 1249 4077 constat,
1281 4013 1425 4081 quod
1466 4013 1663 4080 Capuae
1700 4015 1964 4082 principis

386 4088 713 4157 dignitatem
744 4085 947 4157 tribuit,
976 4084 1226 4157 Rog‘erio,
1256 4084 1684 4157 cum_pr_inceps,
1710 4086 1814 4157 _c_ui
1848 4084 1961 4157 lio-

386 4152 572 4226 gei'ius
614 4155 857 4225 Capuam
902 4154 1145 4226 abstulit,
1182 4153 1349 4226 fuerit
1377 4152 1798 4226 _Rohe_rt_us‘lll,
1846 4154 1964 4226 qui,

391 4222 454 4279 ut
498 4222 707 4280 multis
736 4234 924 4279 narrat
964 4223 1269 4277 Alexander
1303 4223 1471 4277 abbas
1520 4222 1821 4289 Celesinus,
1852 4223 1886 4275 Ι.
1922 4238 1964 4290 ι,

391 4310 435 4349 ιι
470 4307 524 4349 et
557 4312 611 4351 Ill
650 4310 834 4349 rerum
858 4310 887 4347 a
912 4293 1146 4361 Rogerio
1174 4300 1471 4361 gestarum,
1493 4292 1546 4345 in
1586 4293 1771 4346 Sicilia
1792 4293 1965 4348 oculis

394 4368 667 4435 priVatus,
697 4367 799 4419 sub
832 4378 957 4431 rege
990 4360 1266 4435 Willelin_o
1286 4361 1325 4435 _l
1358 4363 1412 4416 in
1455 4371 1595 4416 tetro
1626 4365 1965 4435 carcere_yi-

391 4416 507 4489 {se
526 4416 924 4503 maneant.
942 4416 1177 4486 tradunt
1205 4431 1520 4503 Falcaudus
1536 4446 1589 4503 ρ.
1617 4431 1719 4485 647
1753 4441 1806 4485 et
1829 4430 1965 4503 wn-
1998 4416 2041 4471 ι)

394 4506 589 4560 lelmus
621 4500 841 4574 Tyrius,
863 4573 867 4574 ί
892 4503 929 4558 l.
963 4516 1120 4574 xrtu,
1158 4501 1273 4574 c.A7
1315 4511 1370 4574 et
1405 4501 1461 4574 8.
1490 4500 1685 4574 ANeque
1715 4503 1887 4571 potuit
1909 4501 1964 4574 is

393 4590 516 4631 esse
545 4570 687 4629 filius
719 4573 961 4643 ejusdem
1008 4570 1271 4643 Boberti;
1323 4571 1613 4643 siquidem,
1652 4570 1966 4643 rut_prodit

393 4648 536 4701 idem
560 4640 886 4707 Alexander,
928 4644 964 4695 Ι.
999 4655 1130 4704 tI,c.
1162 4642 1253 4705 64,
1285 4656 1407 4694 cum
1436 4640 1619 4708 Capua
1651 4642 1701 4694 in
1748 4640 1962 4709 Rogerii

395 4716 543 4783 regis
568 4723 893 4785 potestatem
920 4714 1248 4785 renit,a_nn_o
1276 4712 1485 4785 scilicet
1511 4710 1651 4785 1154
1681 4718 1966 4785 supererat

396 4780 641 4839 Bobefto
680 4794 886 4839 tantum
930 4782 1071 4836 filius
1121 4780 1388 4835 Bobertus
1419 4782 1474 4834 in
1512 4780 1808 4834 minoribus
1831 4795 1966 4834 con-
2014 4794 2025 4807 '

395 4857 620 4909 stitutus
660 4857 839 4918 annis,
873 4851 1083 4906 tametsi
1128 4861 1339 4905 constet
1372 4852 1668 4904 Robertum
1702 4852 1964 4919 principis

399 4927 567 4979 tilium
600 4922 1124 4990 Constantinopolim
1145 4922 1581 4990 paritegdemum
1602 4920 1958 4985 concessisse,

396 5007 562 5063 atque
620 4997 673 5048 in
704 4996 825 5063 aula
874 4992 1134 5046 Manuelis
1168 4990 1331 5063 vitam
1362 4991 1720 5063 exegisse,_ez
1752 4990 1818 5044 iis
1844 5006 1964 5059 quae

398 5057 561 5119 habet
608 5067 761 5119 card.
815 5062 1078 5116 Baronius
1122 5061 1222 5115 sub
1279 5064 1345 5112 Α.
1400 5057 1560 5113 1166.
1624 5057 1746 5113 Fuit
1804 5057 1965 5129 igitur

394 5135 632 5189 Joannes
664 5135 928 5204 liogerius
968 5146 1073 5185 non
1101 5132 1372 5204 princeps
1398 5131 1713 5204 Capuanus,
1746 5132 1840 5184 sed
1896 5145 1964 5183 ex

395 5211 586 5259 eadem
618 5222 723 5274 qua
754 5202 997 5272 Capuam
1031 5202 1305 5270 principes
1334 5204 1593 5254 oriundus
1617 5202 1809 5268 stirpe,
1837 5215 1959 5268 quae

394 5289 557 5345 gente
588 5277 973 5345 horinanuica,
1006 5280 1270 5340 ortgutdm
1305 5275 1551 5323 trahebat
1594 5274 1663 5345 ab
1713 5275 1960 5323 Ausche-

399 5342 513 5398 iulio
553 5346 622 5400 de
665 5344 970 5410 Quadrcllts
997 5346 1275 5394 AVersmto
1310 5349 1527 5405 comite,
1576 5342 1665 5407 qui
1704 5356 1806 5392 una
1839 5356 1961 5395 cum

395 5414 685 5484 I't'luUJPJIU
726 5432 753 5468 a
779 5414 1055 5468 Gaitnario
1082 5412 1422 5484 Saletnitauo
1459 5413 1699 5484 principe
1728 5411 1779 5462 iu
1814 5411 1959 5484 auxi

396 5492 523 5539 Ιιυιιι
554 5481 836 5549 evocatus,
870 5499 992 5537 cum
1033 5482 1153 5534 aliis
1206 5483 1472 5534 nobilibus
1499 5481 1739 5548 ejusdem
1786 5481 1963 5544 gentis

398 5560 449 5608 in
489 5557 695 5610 Italiam
729 5558 965 5615 transiit,
1013 5564 1172 5604 utcst
1206 5556 1343 5619 apud
1404 5550 1740 5609 Uidertcnm,
1803 5552 1836 5601 l.
1882 5564 1960 5612 ιιι,

395 5645 447 5696 p.
478 5632 583 5682 47.’
612 5630 740 5690 485,
773 5637 827 5680 et
870 5626 1102 5677 Leonem
1137 5620 1276 5685 0st.,
1327 5624 1360 5675 Ι.
1392 5635 1448 5685 ιι,
1485 5638 1531 5673 c.
1586 5623 1689 5696 63._
1730 5620 1963 5696 Proinde

393 5693 654 5755 Joannem
694 5708 837 5751 hunc
873 5695 1159 5763 Rogetium
1228 5709 1348 5746 eum
1410 5708 1527 5745 esse
1580 5693 1832 5756 arbitror,
1867 5693 1958 5758 qui

2057 3245 2426 3317 Rogeriuside
2474 3246 2733 3301 Surreulo
2795 3247 2999 3302 dicitur
3057 3247 3367 3302 Alexandro
3424 3249 3645 3317 abbati,

2061 3317 2100 3370 Ι.
2136 3332 2196 3380 ιι,
2246 3332 2295 3390 c.
2331 3316 2422 3380 60,
2467 3321 2557 3385 qui
2611 3316 2899 3372 Nuceriam
2939 3320 3204 3390 principis
3239 3318 3461 3373 lioberti
3488 3324 3644 3390 oppi-

2060 3386 2533 3455 dumAaliquandiu
2565 3397 2794 3451 tutatus,
2823 3390 3039 3440 tandem
3074 3387 3303 3442 reddere
3328 3386 3646 3454 compulsiis

2060 3467 2141 3510 est
2186 3453 2421 3525 Βοιὼ-ιο
2454 3459 2791 3531 regi,_p.i_cta
2826 3455 3296 3531 impunitate._[P.
3332 3453 3463 3531 457]
3493 3462 3649 3525 Quod

2062 3541 2195 3578 sane
2251 3542 2549 3594 cognomen
2604 3528 2734 3581 facit
2782 3537 2840 3580 ut
2893 3528 3117 3579 fratrem
3178 3526 3399 3581 [{oberti
3440 3526 3638 3584 'l'utsse

2064 3596 2394 3659 existimem,
2426 3612 2550 3650 cum
2585 3598 2712 3649 illud
2761 3599 2934 3662 ipsum
2984 3598 3252 3650 tribuatur
3305 3597 3543 3653 Roberto
3582 3601 3649 3655 ab

2067 3662 2289 3736 llugoue
2314 3665 2586 3721 Falcando
2619 3682 2673 3736 p.
2695 3666 2801 3720 645
2823 3677 2875 3719 et
2910 3665 3183 3721 Willelmo
3216 3665 3401 3736 Tyrio,
3424 3668 3457 3721 ι.
3485 3685 3646 3735 nm,

2066 3751 2117 3807 ς.
2163 3735 2199 3788 2
2247 3746 2464 3807 promer
2504 3735 2803 3807 maternam
2860 3736 3161 3807 originem;
3218 3735 3450 3792 duxerat
3497 3742 3644 3792 enim

2064 3804 2335 3878 Jordauus
2377 3804 2422 3859 ll
2472 3804 3402 3878 lioberti_pater,'Gaitelgrimam
3464 3807 3645 3878 Sergii

2068 3875 2333 3943 principis
2378 3890 2475 3929 seu
2516 3878 2669 3930 ducis
2705 3876 3035 3938 Surrentini,
3076 3878 3228 3944 cujus
3261 3878 3505 3931 meminit
3536 3875 3648 3933 Leo

2067 3946 2185 4000 Ost.
2214 3946 2249 3999 ι.
2288 3960 2371 4006 ιι,
2415 3960 2465 3998 c.
2502 3946 2590 4009 30,
2635 3946 2826 4010 filiam,
2862 3958 2920 4000 ut
2945 3958 3137 4002 auctor
3173 3957 3256 4000 est
3286 3947 3481 4001 Petrus
3528 3948 3649 4001 llia-

2067 4032 2189 4068 con.
2220 4015 2259 4067 Ι.
2284 4015 2589 4087 tv_Chrou.
2624 4015 2810 4087 Casio.
2842 4032 2893 4071 c.
2923 4018 2991 4070 98
3021 4029 3071 4071 et
3097 4016 3361 4070 Camillus
3394 4018 3645 4087 Peregri-

2066 4100 2167 4137 nus
2225 4086 2291 4138 ad
2366 4084 2653 4140 Falconem
2718 4084 3011 4141 Bmevent.
3076 4088 3279 4154 primas
3344 4084 3648 4140 obtinuisse

2064 4154 2330 4209 Joannem
2368 4154 2664 4224 Rogerium
2693 4154 2963 4209 Caesarem
3002 4158 3054 4208 in
3102 4155 3223 4207 aula
3254 4154 3644 4209 Constantino-

2067 4224 2327 4295 polita_na,
2363 4234 2686 4295 argumento
2739 4236 2863 4288 est,
2916 4227 3060 4293 quod
3103 4226 3163 4295 in
3217 4225 3641 4295 ea_syuodo,_in

2067 4292 2170 4362 qlia
2201 4292 2445 4347 Cosmas
2473 4294 2687 4347 Atticus
2720 4292 3026 4360 patriarcha
3058 4294 3161 4347 CP.
3198 4292 3483 4347 abdicatus
3543 4293 3648 4347 fuit

2069 4366 2135 4415 Α.
2177 4362 2318 4432 1144
2354 4363 2559 4431 primus
2576 4374 2699 4432 post
2727 4363 3028 4417 Mannelem
3068 4364 3444 4432 imperatorem
3496 4380 3649 4417 asse-

2071 4433 2232 4501 derit.
2288 4430 2657 4497 Quadriennio
2722 4442 2843 4501 post
2900 4432 3021 4485 fatis
3076 4431 3261 4501 functo
3342 4431 3647 4486 Raimundo

2072 4499 2351 4556 Pictavino
2385 4503 2685 4556 Antiochia:
2723 4499 2994 4571 principe,
3017 4518 3140 4556 cum
3183 4500 3498 4573 Constantia
3527 4503 3647 4573 ejus

2073 4585 2210 4624 uxor
2249 4586 2419 4641 seque
2450 4584 2503 4625 et
2532 4570 2895 4641 principatum
2950 4572 3123 4625 eidem
3156 4570 3417 4641 iManueli
3478 4570 3648 4625 tradi-

2072 4641 2264 4704 disset,
2320 4640 2644 4698 missus'est
2687 4640 2831 4696 illico
2859 4640 3099 4696 Joannes
3149 4640 3416 4711 Rngerius
3439 4641 3643 4705 Caesar,

2072 4720 2133 4763 ut
2163 4712 2307 4763 illam
2340 4713 2441 4765 sibi
2490 4712 2544 4765 in
2573 4713 2863 4766 secundam
2894 4727 3115 4765 uxorem
3158 4713 3502 4779 adiungeret.
3539 4712 3646 4765 Sed

2070 4779 2388 4835 Constantia
2428 4780 2724 4844 Czesarem,
2795 4784 2936 4850 quod
2993 4783 3047 4834 in
3112 4783 3322 4837 senium
3377 4791 3644 4850 vergeret,

2073 4861 2362 4916 aspernata
2407 4860 2513 4913 est,
2567 4851 2790 4919 ipseque
2847 4854 3007 4903 rebus
3056 4852 3272 4905 infectis
3324 4850 3640 4919 Byzantium

2074 4920 2252 4985 rediit,
2293 4932 2348 4975 et
2375 4930 2528 4974 tonsa
2571 4932 2689 4989 post
2744 4922 2993 4974 morbum
3054 4936 3207 4974 coma
3276 4921 3645 4975 monachicam

2074 5002 2273 5043 vestem
2321 4990 2514 5055 induit,
2544 4999 2601 5044 ut
2645 4990 2887 5057 pluribus
2921 4992 3084 5043 refert
3118 4989 3437 5049 Cinnamus,
3476 4991 3509 5040 Ι.
3552 5004 3636 5045 ιιι.

2071 5057 2287 5127 Bogerii
2311 5060 2544 5114 Cassaris
2581 5061 2743 5123 lilius,
2775 5061 2826 5113 ni
2850 5060 3027 5123 fallor,
3058 5060 3157 5112 fuit
3192 5062 3454 5127 ltogerins
3482 5059 3643 5119 alter,

2072 5144 2234 5196 quem
2291 5129 2504 5184 Manuel
2552 5130 2844 5198 imperator
2881 5132 2932 5182 in
2970 5129 3288 5181 Dalmatiam
3337 5128 3508 5198 misit,
3557 5130 3643 5198 cui

2071 5214 2193 5251 eum
2218 5201 2478 5268 praefecit,
2503 5203 2601 5254 sub
2630 5196 2785 5253 titulo
2814 5199 2960 5253 ducis
2992 5198 3304 5268 Sclavonite,
3331 5213 3432 5263 qua
3462 5196 3644 5264 digiti-

2073 5277 2181 5321 tate
2214 5267 2483 5338 gaudebat
2519 5273 2607 5323 ille
2634 5284 2727 5323 au.
2756 5270 2918 5331 1180,
2963 5279 3019 5322 υι
3048 5284 3111 5321 ex
3151 5267 3314 5338 variis
3367 5268 3644 5338 diploma-

2075 5335 2801 5408 tibus‘colligituraJoanne
2837 5339 3003 5393 Lucio
3022 5338 3227 5408 allatis,
3281 5336 3318 5389 Ι.
3377 5351 3451 5408 ιιι-
3500 5335 3643 5389 llist.

2072 5406 2330 5474 Dalniat.,
2380 5405 2432 5464 ὃ.
2480 5410 2585 5471 10;
2631 5411 2668 5464 l.
2723 5423 2796 5472 ιν,
2825 5423 2875 5462 c.
2913 5408 2965 5461 5.
3018 5405 3072 5459 ld
3118 5408 3263 5459 enim
3319 5405 3551 5459 suadent
3583 5415 3639 5459 et

2075 5478 2287 5548 Hugerii
2340 5495 2555 5544 nomen,
2597 5489 2653 5533 et
2685 5494 2792 5546 quo
2857 5480 2986 5548 visit
3025 5475 3310 5548 Bogerins
3353 5475 3633 5548 saeculum,

2072 5544 2429 5618 pra'tereaque
2465 5544 2784 5606 demandata
2838 5563 2868 5602 a
2912 5546 3177 5612 Manuele,
3228 5544 3314 5600 cui
3376 5546 3640 5612 merebat,

2074 5620 2418 5688 praefectura.
