4096 6436
429 297 538 360 355

1733 271 2062 333 JOANNIS
2101 265 2426 330 ClNNAMl

3601 247 3716 311 356

433 427 462 461 ιι
509 407 725 464 (Ζωβιιτο
760 397 1002 458 tcutatis,
1048 402 1105 445 ut
1152 407 1272 445 eum
1309 385 1503 456 conqu
1537 394 1655 455 post
1694 383 1891 438 multas
1923 382 2019 436 ad-

2162 381 2221 441 i,-
2241 374 2514 437 Ἰταλικάς
2541 368 2962 440 ἀναγράφοιμεν
2986 368 3188 437 μάχας.
3214 365 3307 417 ἐπὶ
3345 364 3443 432 τὴν
3472 363 3717 432 Καπύης

434 497 762 552 monitiones
793 487 1208 544 Obstittatiorettt
1262 480 1418 542 vidit,
1453 477 1844 548 imperiumque
1879 475 2016 528 vali-

433 592 552 645 dius
600 585 965 645 aﬂectantem,
1023 578 1076 631 ni
1125 575 1520 646 provideretur,
1572 568 1934 638 nequidquam
1987 580 2017 618 a

437 677 716 749 proposito
771 689 926 743 posse
975 669 1275 733 dimoveri,
1332 662 1611 718 accersitis
1661 661 1855 728 quibus
1906 667 2016 712 tuttt

437 783 647 826 summa
701 781 881 820 rerum
932 762 1044 832 38
1074 771 1216 823 erat,
1257 773 1373 826 qua:
1409 755 1727 824 agebantur,
1766 751 2020 820 proditis,

439 866 548 918 Aut
583 861 740 924 mihi,
772 859 965 925 inquit,
1001 855 1173 908 virum
1212 851 1428 912 tradite,
1466 861 1557 900 aut
1597 846 1748 900 vobis
1784 857 1927 896 curae
1953 842 2027 896 sit

441 952 786 1023 imperatoris
819 949 982 1003 ﬁliam
1021 946 1175 1000 fratri
1219 957 1340 996 meo
1389 952 1691 994 reservare.
1740 934 1803 988 lli
1854 933 2027 987 modis

441 1047 696 1103 omnibus
740 1041 1009 1097 Caesarem
1048 1037 1244 1100 adorti,
1285 1035 1336 1087 in
1376 1030 1730 1101 propinquum
1769 1025 2025 1095 Byzantio

443 1143 816 1200 suburbanum
856 1138 1220 1195 adduxerunt,
1259 1129 1415 1200 quasi
1468 1142 1552 1181 res
1601 1124 1868 1195 quaepiam
1917 1123 2026 1176 illic

445 1237 652 1306 agenda
685 1234 952 1296 instaret;
989 1239 1097 1282 tum
1135 1225 1223 1279 ubi
1265 1238 1328 1277 eo
1352 1233 1654 1282 accessere,
1687 1217 1760 1271 ibi
1797 1215 2026 1270 dimisso

445 1329 558 1393 illo,
591 1328 642 1382 in
676 1327 862 1380 urbem
900 1321 1131 1376 rediere.

2122 469 2547 541 λιχνευσάμενος
2597 465 2778 535 ἀρχὴν
2807 462 2976 524 πολὺς
3023 460 3265 512 ἐνέκειτο
3291 457 3369 527 τῷ
3424 457 3583 526 ἀνδρὶ
3616 475 3721 509 πο-

2123 564 2329 634 λεμῶν.
2357 559 2476 628 Ἐφ’
2505 554 2587 621 οἷς
2619 553 2774 619 οὗτος
2806 552 3134 625 ἀπειρηκὼς
3175 552 3276 620 τὴν
3299 553 3377 612 εις
3417 550 3722 613 Βυζάντιον

2124 657 2428 710 ἐστείλατο.
2471 653 2716 721 Καίσαρι
2772 649 2870 720 μὲν
2908 646 3002 701 οὖν
3034 646 3212 700 ταῦτα
3272 647 3605 714 ἐπράσσετο.
3648 643 3723 694 'll

2127 750 2186 803 δὲ
2230 747 2481 808 σύνοικος
2527 743 2718 813 ἐπειδὴ
2753 741 2892 812 μετὰ
2927 739 3132 799 πολλάς
3169 737 3526 807 παραινέςεις
3567 738 3725 804 ἰσχυ-

2135 839 2456 911 ρογνὼμονα
2508 833 2703 888 τοῦτον
2760 833 2908 904 ἑώρα
2962 831 3059 884 καὶ
3105 828 3295 890 δεινῶς
3354 826 3727 897 βασιλειῶντα

2133 939 2228 986 καὶ
2258 931 2368 986 οὐδ’
2414 931 2480 985 ἂν
2508 931 2560 983 sl
2589 947 2643 982 τι
2676 930 2768 982 καὶ
2826 927 3054 996 γένηται
3123 921 3568 990 μεταθησόμενον
3625 917 3725 970 τοῦ

2133 1024 2520 1089 σκοποῦ,τοῦς
2581 1021 2690 1075 τῶν
2750 1019 2944 1072 κοινῶν
2999 1015 3339 1084 ἐπιμελητὰς
3387 1014 3460 1074 ὡς
3519 1009 3728 1078 ἑαυτὴν

2137 1117 2618 1188 μεταπεμψαμένη
2643 1111 2919 1168 κοινοῦται
2945 1111 3004 1163 τὸ
3022 1111 3256 1181 πρᾶγμα
3283 1108 3398 1168 καὶ,
3422 1107 3491 1157 ’Ἡ
3510 1103 3672 1174 (φησι
3688 1104 3728 1169 ι)

2139 1211 2293 1264 αὐτοί
2327 1227 2418 1279 μοι
2455 1211 2547 1261 τὸν
2567 1207 2736 1276 ἄνδρα
2767 1203 3072 1274 παράδοτε,
3095 1202 3129 1270 ἢ
3159 1200 3292 1268 γοῦν
3325 1199 3556 1267 μελήσει
3587 1196 3734 1248 πάν·

2137 1321 2246 1366 τως
2280 1305 2409 1373 ὑμῖν
2440 1301 2536 1355 τοῦ
2573 1301 2674 1365 τὴν
2716 1296 2998 1368 βασιλείαν
3026 1294 3104 1364 τῷ
3139 1291 3354 1362 ἀδελφῷ
3386 1287 3734 1358 συν-,τηρῆσαι

443 1420 638 1491 τώμῷ.
689 1419 754 1470 'll
813 1415 910 1485 μὲν
977 1412 1155 1465 ταῦτα
1216 1401 1370 1461 εἶπεν
1397 1423 1412 1437 ν
1440 1406 1490 1458 oi.
1555 1403 1615 1458 δὲ
1664 1402 1756 1455 τὸν
1785 1397 2047 1468 Καίσαρα
2109 1397 2470 1458 παντοδαπῶς
2503 1394 2830 1454 ὑπελθόντες
2868 1389 2962 1442 ἐπί
3005 1406 3130 1442 τινα
3170 1387 3280 1439 τῶν
3311 1385 3482 1455 ἀγροῦ
3520 1382 3700 1446 Βυζαν
3729 1413 3742 1421 -

2217 1490 2224 1491 ,
2578 1487 2600 1491 _
2681 1488 2690 1491 _
2873 1485 2886 1491 _
2951 1487 2959 1491 _
3211 1481 3223 1491 .
3273 1481 3284 1491 .
3409 1477 3422 1491 .
3494 1479 3506 1491 .
3626 1473 3724 1491 ην

449 1473 570 1568 ὲιού
589 1473 630 1560 ⁸οι
655 1473 956 1581 ροαστείων
993 1504 1192 1573 ἐξῆγον
1219 1501 1409 1573 χρείας
1440 1497 1602 1569 δῆθεν
1641 1511 1788 1557 τινος
1848 1492 2034 1545 ἓνεκα.
2053 1490 2273 1559 Ἐπειδὴ
2299 1507 2358 1542 τε
2384 1491 2480 1542 ἐπὶ
2507 1487 2603 1541 τοῦ
2634 1488 2802 1540 τόπου
2869 1485 3112 1551 ἐγένετο,
3166 1481 3329 1534 αὐτὸν
3367 1477 3466 1547 μὲν
3492 1473 3733 1530 ἐνταῦθα

353 1600 362 1603 ’
446 1604 752 1675 διατρίϐειν
791 1601 1034 1670 ἀφῆκαν,
1071 1597 1120 1650 οἱ
1149 1595 1206 1649 δὲ
1236 1595 1330 1647 ἐπὶ
1379 1594 1479 1661 τὴν
1543 1589 1703 1643 πόλιν
1731 1583 1920 1659 ἦλθον.

523 1671 884 1765 5.-Εῇιιειιιοι1ἰ
921 1690 1122 1761 ingenii
1159 1689 1260 1742 fuit
1293 1685 1480 1738 Maria.
1517 1684 1665 1736 Illius
1703 1691 1883 1735 autem
1931 1694 2028 1733 co-

2207 1682 2273 1740 ε’.
2319 1683 2385 1735 Ἠ
2422 1682 2526 1752 μὲν
2558 1681 2622 1750 δὴ
2649 1679 2840 1751 Μαρία
2887 1678 3075 1732 τοιάδε
3105 1694 3190 1739 τις
3212 1671 3301 1746 ἦν.
3335 1671 3602 1735 Βασιλεὺς
3645 1671 3726 1732 δὲ,

451 1791 599 1858 guilt)
633 1787 782 1839 ubitu
822 1782 1139 1853 Byzantium
1191 1780 1441 1849 princeps
1486 1776 1667 1830 rediit.
1722 1771 1830 1827 Nec
1869 1771 2039 1825 multo

455 1879 736 1947 interiecto
769 1885 1030 1942 tempore,
1064 1871 1256 1926 locatis
1283 1871 1346 1920 ad
1391 1866 1785 1937 Rhyndacenos
1820 1876 2042 1931 campos

455 1970 672 2030 castris.
707 1967 798 2022 ubi
833 1964 1116 2020 castellum
1152 1964 1217 2015 de
1253 1977 1391 2014 uovu
1421 1964 1769 2013 exstruxerat
1805 1953 2042 2009 JOannes

458 2068 772 2134 imperator,
801 2061 946 2130 quod
984 2058 1281 2129 Lopadium
1328 2055 1488 2122 vulgo
1537 2052 1828 2122 appellant,
1858 2045 2043 2118 copias

458 2155 620 2223 cogit,
669 2161 724 2207 et
771 2151 826 2204 in
885 2148 1158 2204 Persidem
1215 2147 1473 2214 impetum
1524 2142 1706 2196 facere
1743 2139 2041 2195 constituit.

461 2245 639 2299 Persa:
681 2242 974 2312 siquidem,
1039 2238 1363 2308 posthabitis
1396 2235 1709 2298 foederibus,
1749 2233 2043 2288 Pracanam

459 2343 937 2406 expugnaverant,
990 2331 1178 2384 urbem
1245 2329 1502 2389 Isaurire,
1555 2337 1612 2380 et
1666 2326 1772 2380 alia
1825 2325 2048 2395 insuper

464 2429 660 2481 damna
692 2425 952 2478 Romanis
1001 2421 1320 2476 intulerant.
1355 2418 1540 2474 Rebus
1587 2427 1644 2472 ut
1692 2432 1791 2488 par
1833 2427 1950 2471 erat
1981 2416 2046 2470 ad

466 2519 664 2573 bcllutn
700 2513 1040 2585 compositis,
1071 2522 1246 2585 castra
1279 2512 1403 2566 inde
1433 2525 1678 2574 movens,
1711 2511 1762 2563 in
1793 2509 2046 2564 ulteriora

415 2581 847 2678 .progreditur,
905 2617 1014 2675 quo
1068 2581 1316 2656 inca‘utos
1381 2599 1658 2668 inapinate
1723 2612 2048 2669 aggressus,

467 2698 702 2768 puberes
734 2709 924 2750 omnes
961 2691 1328 2747 internecione
1365 2691 1584 2744 deleret.
1620 2689 1730 2744 Nec
1779 2689 2054 2744 aberravit

468 2787 693 2843 omnino
718 2802 746 2841 a
778 2785 1079 2856 proposito,
1110 2783 1214 2837 etsi
1244 2783 1310 2836 ad
1341 2796 1532 2836 manus
1564 2790 1780 2835 ventum
1814 2795 1919 2834 non
1947 2788 2050 2835 est.

471 2880 739 2949 Superato
767 2877 910 2932 enim
942 2875 1170 2946 Olympo
1207 2873 1390 2944 Mysiae
1435 2885 1638 2938 monte,
1677 2873 1741 2925 ad
1778 2871 2051 2925 I’ithecam

471 2989 594 3028 cum
618 2970 977 3042 pervenisset,
997 2970 1089 3025 ubi
1115 2968 1344 3023 validam
1369 2969 1484 3036 ipse
1509 2981 1690 3021 arcent
1717 2965 2050 3029 condiderat,

474 3073 634 3120 noctu
667 3063 719 3117 in
764 3076 860 3118 eos
902 3059 1130 3117 secessit
1160 3067 1392 3124 montes,
1427 3075 1532 3129 qua
1561 3057 1886 3126 confragosi,
1920 3071 2056 3127 prae-
2079 3027 2125 3090 Ο

470 3155 725 3234 ruptique
757 3164 902 3221 sunt,
935 3164 1099 3223 atque
1127 3153 1361 3207 arbustis
1385 3151 1577 3206 consiti
1607 3169 1619 3204 :
1645 3165 1831 3205 verum
1859 3149 2058 3204 accidit

477 3257 533 3302 Διι
561 3248 915 3314 ascendentes
941 3245 1115 3302 crebri
1145 3259 1176 3300 e
1209 3245 1415 3314 tesquis
1443 3257 1673 3312 vapores
1698 3250 1858 3310 caput
1890 3241 2059 3311 ipsius

473 3339 610 3396 adeo
651 3347 1002 3413 occuparent,
1035 3347 1094 3393 ut
1143 3337 1323 3394 subito
1362 3337 1676 3392 concideret
1724 3350 1902 3405 neque
1933 3350 2056 3390 sur-

474 3430 634 3500 gendi
669 3439 996 3501 potestatem
1026 3429 1273 3494 haberet,
1303 3438 1360 3484 et
1388 3429 1456 3482 ad
1486 3428 1718 3482 mediam
1751 3442 1924 3496 usque
1954 3440 2054 3480 no-

475 3536 620 3581 ctem
665 3526 843 3580 omnis
893 3540 1086 3581 sensus
1127 3523 1237 3595 39
1286 3523 1400 3578 fere
1448 3538 1644 3593 expers
1697 3533 2057 3591 permaneret.

479 3619 617 3672 Tum
637 3628 916 3672 recreatus
932 3616 1230 3687 paululum,
1250 3629 1677 3685 recuperataquc
1694 3625 2062 3683 consequente

476 3711 566 3766 die
599 3709 926 3774 valetudine,
964 3710 1078 3777 ipse
1103 3709 1319 3778 quidem
1365 3708 1640 3774 substitit;
1680 3725 1900 3764 suorum
1931 3725 2062 3765 vero

479 3813 689 3870 partem
716 3800 943 3866 dimisit,
974 3799 1243 3870 praefectis
1286 3799 1353 3853 ad
1391 3815 1502 3853 rem
1551 3802 1910 3871 peragendam
1945 3801 2062 3856 ido-

479 3897 600 3946 neis
643 3891 891 3945 ducibus.
926 3891 989 3945 Hi
1029 3890 1316 3945 confestim
1369 3890 1612 3946 hostibus
1649 3892 1866 3946 obviam
1912 3892 2061 3958 facti,

483 3986 658 4052 iisque
703 3983 1019 4051 proﬂigatis,
1062 3983 1324 4037 victorem
1369 3984 1669 4037 exercitum
1721 3999 1840 4037 eum
1881 3985 2064 4038 multi-

481 4077 604 4144 puci
637 4080 836 4143 przeda,
875 4086 1100 4129 ovantes
1137 4074 1491 4129 reduxerunt.
1520 4075 1653 4128 Dum
1683 4076 1797 4130 hrcc
1833 4087 2065 4147 aguntur

480 4170 549 4220 ab
577 4167 920 4234 imperatore,
951 4166 1149 4232 Persaa,
1178 4168 1337 4220 rebus
1367 4166 1433 4220 ad
1464 4167 1661 4221 bellum
1692 4169 1916 4236 paratis,
1939 4182 2062 4223 cmn

482 4258 687 4327 ingenti
712 4257 942 4311 militum
971 4257 1315 4311 multitudine
1339 4257 1390 4310 in
1419 4255 1836 4311 Thracesiorum
1865 4267 2062 4312 terram

2143 1775 2237 1829 τοῦ
2269 1775 2480 1837 πάθους
2515 1771 2879 1842 ἀγγελθέντος
2914 1769 3086 1840 αὐτῷ,
3119 1769 3242 1822 τότε
3274 1766 3375 1838 μὲν
3404 1767 3463 1830 ἐς
3519 1765 3732 1831 Βυζάν-

2143 1881 2260 1918 τιον
2287 1860 2441 1936 ἦλθε·
2481 1863 2619 1931 μετά
2653 1861 2711 1915 δέ
2751 1879 2879 1915 τινα
2935 1861 3132 1932 χρόνον
3163 1863 3218 1922 ὲς
3247 1858 3349 1928 τὴν
3379 1858 3471 1910 ἐπὶ
3511 1855 3738 1910 Ῥυνδαο

2147 1957 2246 2012 κοῦ
2303 1958 2672 2028 αὐλισάμενος
2725 1955 2981 2020 πεδιάδα,
3055 1953 3188 2008 ἔνθα
3253 1952 3470 2024 βασιλεί
3505 1951 3736 2021 Ἰωάννῃ

2147 2043 2414 2125 φρούριόν
2440 2071 2494 2106 τι
2524 2053 2589 2106 ὲκ
2644 2052 2842 2121 καινῆς
2892 2047 3318 2118 ἀνῳκοδομήθη,
3379 2045 3408 2100 δ
3462 2045 3739 2100 Λοπάδιον

2148 2147 2474 2220 ὠνόμασται
2507 2147 2621 2208 τοῖς
2647 2143 2886 2207 πολλοῖς,
2915 2140 3158 2194 ἐνταῦθα
3184 2142 3278 2192 τὸν
3306 2137 3540 2210 στρατὸν
3579 2139 3740 2208 ἦγει-

2153 2256 2266 2312 ρεν,
2317 2241 2373 2302 ὲς
2397 2239 2497 2308 τὴν
2528 2234 2810 2308 Περσικὴν
2855 2231 3120 2304 ἐμϐαλεῖν
3150 2229 3561 2300 διανοούμενος.
3591 2227 3739 2299 Πέρι-

2151 2349 2241 2386 σαι
2273 2332 2383 2403 γὰρ
2432 2331 2533 2394 τάς
2590 2328 2794 2399 μεταξὺ
2843 2327 3142 2398 Ῥωμαίων
3209 2325 3443 2387 σπονδάς
3490 2323 3743 2396 παραλΰ-

2153 2441 2347 2487 σαντες
2382 2422 2676 2493 Πράκανάν
2707 2437 2765 2474 τε
2808 2420 2963 2472 πόλιν
2993 2418 3311 2487 Ἰσαυρικὴν
3352 2415 3742 2487 ἐκπορθήσαν-

2151 2537 2241 2584 τες
2279 2515 2422 2573 εἷλον
2443 2519 2537 2571 καὶ
2561 2516 2791 2570 πλεῖστα
2820 2515 2954 2568 ἄλλα
3005 2513 3314 2582 Ῥωμαίους
3350 2508 3740 2581 πιεοσεζημίωο

2156 2628 2278 2664 σαν.
2318 2609 2541 2680 Ἐπειδὴ
2570 2607 2703 2676 γοῦν
2732 2608 2933 2677 ἄριστα
2962 2605 3384 2674 παρεσκεύαστο
3415 2603 3539 2674 ῆδη,
3595 2603 3740 2674 ἄρας

2154 2701 2365 2756 ἐκεῖθεν
2422 2701 2628 2770 σπουδῇ
2680 2701 2772 2751 ἐπὶ
2800 2700 2868 2751 τά
2923 2698 3111 2768 πρόσω
3160 2696 3378 2765 ἐχώρει,
3440 2694 3742 2748 κατανοῦν

2157 2795 2297 2865 ἔχων
2322 2793 2394 2856 ὡς
2432 2795 2499 2847 ἂν
2530 2792 2866 2861 ἀφυλάκτοις
2890 2789 3074 2851 αὐτοῖς
3122 2786 3458 2852 ἐξαπιναίως
3493 2785 3745 2839 ἐπελθὼν

2157 2888 2360 2960 ἡϐηδσν
2411 2887 2721 2940 ἀπολέσειε.
2788 2882 2936 2954 Πλὴν
2986 2881 3125 2934 ἀλλὰ
3154 2880 3251 2934 τοῦ
3283 2881 3382 2950 μὲν
3437 2879 3647 2932 σκοποῦ
3677 2880 3745 2931 οὐ

2158 2982 2340 3050 πάντη
2395 2979 2716 3050 διήμαρτεν.
2759 2977 2832 3030 Οὐ
2887 2977 2995 3047 μὴν
3053 2975 3147 3029 καὶ
3201 2977 3391 3046 χεῖρας
3447 2971 3646 3044 ἔχρησε
3675 2975 3746 3042 τῇ

2163 3071 2311 3140 μ’άχῃ
2380 3069 2585 3141 ἐκείνῃ.
2633 3068 2722 3127 Ὠς
2753 3067 2863 3138 γάρ
2916 3067 3085 3134 ὀξέως
3133 3066 3228 3120 τὸν
3279 3064 3490 3118 Μύσιον
3547 3063 3746 3127 διαϐὰς

2163 3162 2450 3233 Ὄλυμπον
2500 3161 2630 3231 ἄχρι
2657 3177 2719 3212 τε
2760 3161 2817 3222 ὲς
2845 3159 2940 3212 τὸν
2995 3159 3248 3230 Πιθηκᾶν
3309 3156 3424 3228 (66)
3477 3154 3744 3226 γεγονὼς,

2159 3252 2292 3306 ἔνθα
2351 3251 2618 3323 φρούριον
2661 3249 2826 3312 αὐτὸς
2881 3249 3144 3319 ἐδείματο
3187 3249 3482 3320 καρτερὸν.
3523 3246 3749 3318 νύκτωρ

2159 3345 2252 3399 διὰ
2277 3342 2578 3414 «suam
2609 3341 2758 3412 ὀρῶν
2785 3340 3102 3411 ἐπορεύετο,
3142 3339 3180 3394 ά
3203 3339 3332 3411 τῇδε
3357 3339 3754 3410 ἀποκρέματαῑ

2161 3437 2344 3510 ὑψηλά
2378 3437 2471 3490 καὶ
2521 3434 2714 3497 δεινῶς
2769 3433 2960 3498 λάσια,
3006 3432 3321 3500 ξυνέϐαινεν
3355 3431 3420 3483 ὲκ
3463 3431 3572 3483 τῶν
3603 3429 3753 3483 κατὰ

2161 3531 2262 3595 τὰς
2285 3530 2499 3602 λόχμας
2533 3528 2894 3598 ἀναγομένων
2916 3528 3108 3596 ἀτμῶν
3134 3523 3566 3596 ἐμπιπλαμένης
3593 3523 3748 3593 αὐτῷ

2162 3625 2261 3695 τῆς
2297 3621 2543 3692 κεφαλῆς
2573 3618 2770 3690 ἀθρόον
2802 3615 3214 3690 κατενηνέχθαι,
3252 3615 3330 3680 ὡς
3363 3615 3566 3686 μηκέτι
3613 3614 3752 3687 μηδὲ

2166 3718 2466 3788 ἀναστῆναι
2498 3713 2781 3769 δύνασθαι.
2815 3713 2992 3782 Μέχρι
3024 3711 3128 3780 μὲν
3151 3707 3248 3764 οὖν
3279 3708 3372 3762 καὶ
3424 3709 3552 3778 περὶ
3577 3709 3754 3778 μέσας

2165 3808 2368 3869 νύκτας
2425 3805 2613 3875 σχεδόν
2639 3820 2692 3856 τι
2724 3803 2819 3856 καὶ
2878 3798 3300 3870 ἀνεπαισθήτως
3365 3790 3513 3867 εἶχεν
3557 3793 3752 3860 αὑτοῦ,

2168 3899 2234 3972 [Ρ
2295 3897 2388 3970 22]
2425 3897 2564 3969 μετά
2585 3895 2642 3949 δὲ
2670 3894 2855 3964 ὀλίγον
2882 3891 3204 3963 ἀνασφήλας
3229 3885 3346 3943 εἶτα
3377 3889 3526 3960 ῥᾴων
3559 3889 3617 3952 ἐς
3652 3886 3755 3955 τὴν

2167 3992 2464 4062 ὑστεραίαν
2516 3985 2781 4057 γεγονὼς,
2814 3985 2981 4047 αὐτὸς
3023 3983 3124 4054 μὲν
3155 3981 3335 4053 ἡσυχῆ
3371 3981 3576 4052 ἔμεινε,
3627 3981 3753 4048 μοῖ-

2171 4101 2270 4153 ραν
2323 4083 2381 4136 δὲ
2431 4081 2528 4135 τοῦ
2601 4077 3021 4150 στρατεύματος
3084 4074 3496 4144 ἀπολεξάμενος
3556 4071 3754 4141 ἱκανὴν

2166 4176 2285 4244 ἃμα
2308 4171 2642 4244 στρατηγοῖς
2692 4169 2790 4222 ἐπὶ
2815 4169 2878 4222 τὸ
2909 4167 3073 4239 ἔργον
3113 4166 3406 4236 διαφῆκεν,
3447 4165 3498 4218 οἳ
3539 4163 3632 4216 καὶ
3653 4164 3756 4216 οὐκ

2167 4268 2225 4330 ἐς
2299 4266 2522 4335 μακράν
2581 4263 2852 4332 δυνάμεσι
2914 4257 3410 4330 περιτετυχηκότες
3490 4255 3754 4326 ἐχθρῶν,

482 4347 811 4418 irrumpunt,
861 4360 916 4403 et
965 4350 1250 4405 resistente
1295 4349 1511 4404 nemine
1557 4348 1703 4420 (nam
1750 4349 2048 4404 Theodorus

2173 4358 2364 4429 ἐπειδὴ
2397 4357 2804 4428 καθυπέρτεροι
2831 4358 2898 4425 τῇ
2927 4355 3076 4426 μάχῃ
3115 4352 3364 4420 ἐγένοντο
3399 4349 3660 4420 λαφύρων
3696 4365 3758 4401 τε

482 4451 844 4510 cognomento
889 4439 1388 4510 Contostephanus,
1421 4441 1486 4494 ad
1527 4441 1582 4494 id
1635 4441 1704 4494 ab
1737 4441 2065 4510 imperatore

487 4533 718 4598 missus,
759 4534 1002 4586 exercitu
1051 4541 1398 4600 comparato,
1455 4534 1694 4586 nondum
1748 4532 2064 4602 advenerat)

484 4621 764 4678 castellum
799 4621 873 4675 illi
907 4637 1009 4675 non
1043 4622 1200 4690 longe
1232 4638 1260 4674 a
1293 4623 1426 4675 mari
1461 4622 1730 4687 dissitutn,
1764 4624 1906 4692 quod
1946 4624 2066 4678 Cel-

485 4713 702 4766 biauum
740 4724 952 4779 vocant,
987 4714 1347 4783 populabundi
1401 4716 1606 4777 ineunt,
1656 4715 1907 4786 factaque
1958 4733 2064 4774 non

485 4805 694 4860 modica
724 4806 925 4873 praada,
952 4808 1351 4875 regrediuutur.
1381 4805 1474 4867 llis
1499 4807 1795 4876 imperator
1813 4811 2065 4877 cognitis,

487 4897 661 4963 impos
691 4897 774 4950 sui
804 4897 986 4950 statim
1019 4912 1139 4950 cum
1172 4897 1440 4952 universis
1470 4898 1641 4967 copiis
1670 4898 1834 4952 citato
1863 4899 2065 4968 impetu

482 4986 726 5042 Iconium
761 4988 1061 5052 contendit,
1093 4989 1311 5058 scriptis
1340 4989 1490 5058 prius
1518 4993 1583 5044 ad
1613 4991 1882 5045 sultanum
1922 4992 2069 5047 litte-

484 5079 583 5144 ris,
617 5077 813 5147 quibus
844 5078 1130 5132 consilium
1177 5095 1334 5134 suum
1382 5080 1679 5135 nuntiaret.
1715 5079 1916 5135 [larum
1954 5081 2069 5136 hanc

483 5167 586 5221 fuit
613 5170 880 5224 sententia
913 5189 926 5226 :
968 5188 986 5221 ι
1028 5171 1180 5226 Scire
1211 5183 1260 5226 te
1293 5173 1542 5226 Volumus
1588 5184 1786 5226 nostra:
1820 5173 1945 5228 huic
1975 5175 2066 5230 ad-

486 5275 672 5316 versus
709 5272 758 5316 te
807 5264 1138 5334 expeditioni
1190 5264 1466 5318 molimina
1517 5276 1604 5317 tua
1657 5281 1876 5318 causam
1929 5281 2066 5334 prat-

2171 4454 2320 4525 μέγα
2349 4469 2403 4505 τι
2457 4449 2852 4520 περιεϐάλοντο
2903 4447 3097 4517 χρῆμα
3157 4446 3252 4498 καὶ
3312 4444 3410 4496 σὺν
3470 4441 3764 4511 τροπαίοις

2168 4541 2380 4595 ἐκεῖθεν
2438 4536 2803 4607 ἀνέστρεψαν.
2855 4534 3124 4596 Βασιλεὺς
3153 4533 3256 4602 μὲν
3280 4531 3455 4586 ταῦτα
3485 4529 3753 4599 ἔπρασσε.

2171 4635 2378 4706 Πέρσαι
2404 4631 2461 4685 δὲ
2486 4633 2544 4684 ἐν
2569 4631 2746 4699 τούτῳ
2765 4629 3242 4695 συσκευασάμενοι
3267 4621 3486 4693 στρατῷ
3529 4623 3756 4692 μεγάλῳ

2167 4729 2237 4796 τῇ
2286 4723 2619 4795 Θρακησίων
2675 4719 3011 4791 ἐμϐάλλουσι
3056 4721 3152 4788 γῇ,
3189 4717 3404 4779 οὐδενός
3449 4731 3508 4768 τε
3572 4713 3758 4781 σφίσιν

2174 4812 2669 4884 ἀντιπρατοῦντος
2736 4810 3040 4882 (Θεόδωρος
3079 4810 3189 4881 γὰρ
3237 4804 3282 4875 ᾧ
3315 4805 3760 4872 Κοντοστέιρανος

2175 4903 2465 4974 ἐπίκλησις
2489 4898 2578 4974 ἦν,
2635 4903 2831 4955 τούτου
2854 4902 2918 4972 δὴ
2948 4902 3112 4954 ἕνεκα
3149 4902 3282 4972 πρὶς
3321 4897 3584 4970 sas-.150).
3618 4912 3759 4964 πεμ-

2175 4990 2534 5061 φθεὶςοοῦπω
2563 4991 2702 5062 ἔφθη
2743 4992 2837 5045 τὸν
2874 4989 3107 5062 στρατὸν
3137 4989 3364 5061 ἀγείρας
3407 4987 3537 5059 τῇδε
3593 5001 3761 5038 κατα-

2174 5082 2383 5154 λαϐεῖν)
2407 5083 2536 5154 ἄχρι
2561 5085 2660 5137 καὶ
2691 5083 2783 5136 ὲπί
2823 5101 2876 5135 τι
2908 5083 3018 5135 τῶν
3067 5083 3167 5134 οὐκ
3199 5082 3308 5133 ἀπὸ
3344 5080 3624 5148 θαλάσσης
3652 5095 3762 5147 χω-

2177 5174 2333 5246 ρίων,
2359 5175 2386 5227 ὃ
2416 5175 2724 5230 Κελϐιανδν
2771 5173 2886 5246 (67)
2947 5175 3299 5244 ὀνομάζεται,
3327 5171 3762 5242 προνομεύοντες

2175 5262 2362 5339 ἦλθον,
2386 5267 2542 5322 λείαν
2555 5286 2615 5322 τε
2635 5267 2708 5332 ὼς
2735 5269 2997 5339 πλείστην
3021 5270 3355 5336 ἐπαγόμενοι
3379 5264 3759 5334 ἀνεχώρησανο

1844 5379 1937 5440 Ι)υ
1980 5381 2205 5462 Cangii
2231 5392 2418 5446 noue.

559 5506 672 5574 (66)
721 5502 1008 5574 memor,
1049 5499 1430 5574 Conferendus
1467 5502 1624 5569 plane
1660 5503 1726 5555 ad
1781 5503 1921 5557 hanc
1952 5501 2062 5555 Ma-

485 5568 664 5630 ttuel'ts
691 5568 930 5640 etpedit.
966 5568 1384 5640 HisttNicL-tas,
1420 5568 1528 5634 lft,
1560 5588 1614 5627 ιι.
1658 5575 1713 5624 2.

559 5646 670 5713 (67)
711 5639 1064 5698 Κελϐιανόν.
1109 5639 1316 5713 Lydia,
1372 5658 1468 5696 seu
1527 5643 1657 5713 Asia
1712 5643 1927 5706 Minor,
1987 5644 2067 5697 sic

491 5711 660 5779 dicta,
697 5727 752 5767 ul
795 5725 986 5768 auctor
1017 5721 1101 5766 est
1151 5711 1538 5780 Pachymeres,
1583 5712 1618 5768 l.
1648 5730 1724 5780 rx,
1751 5731 1800 5769 c.
1835 5715 1888 5768 8.
1946 5715 2069 5770 Cel-

2178 5505 2323 5560 biazti
2361 5516 2571 5560 tractus
2605 5505 2808 5560 mentio
2839 5513 2922 5557 est
2965 5506 3106 5573 apud
3154 5500 3396 5573 Nicetam
3439 5501 3490 5553 in
3539 5497 3761 5573 [suat-io,

2181 5577 2215 5628 Ι.
2251 5592 2305 5637 l,
2348 5596 2399 5630 ιι.
2454 5578 2523 5640 4,
2560 5575 2760 5645 AcrOp.
2809 5592 2860 5628 e.
2918 5570 3012 5627 15‘
3049 5583 3099 5627 et
3143 5576 3212 5625 al.
3277 5571 3405 5626 Vide
3476 5583 3633 5625 notas
3695 5570 3764 5621 ad

2179 5648 2514 5702 Alexiadem.
