4096 6408
404 311 509 378 361

1638 302 2189 368 HISTORIARUM
2228 302 2378 366 LIB.
2421 301 2498 365 II.

3582 299 3689 363 3C2

405 416 708 476 κάντεῦθεν
748 416 921 489 ᾤοντο
952 412 1240 488 πρόδρομα
1283 412 1457 468 ταῦτα
1496 411 1593 483 τῆς
1616 413 1716 466 σὺν
1733 411 1811 483 τῷ
1844 411 1992 465 σουλ-

2111 411 2237 465 Forte
2268 409 2322 464 in
2351 407 2611 463 montium
2646 406 2892 466 faucibus
2918 407 3321 467 delitescerent.
3354 408 3426 466 Ea
3450 411 3691 467 admira-

396 512 502 565 τάν
533 507 759 563 ἔσεσθαι
814 504 1180 577 παρατάξεως
1236 502 1316 574 τῷ
1354 502 1450 555 τοῦ
1488 501 1652 573 ὅρους
1714 502 1793 563 ὡς
1844 500 1994 564 είκδς

399 599 718 673 ἀμςηλαφεῖ
781 596 1222 670 κρυπτομένης),
1260 592 1653 663 θαυμαζόντων
1683 590 1803 661 οὖν,
1832 592 1996 656 αὐτὸς

398 694 585 765 ἠρέμα
631 689 1033 760 διακεχυμένος
1075 689 1135 741 τ’)
1173 686 1494 759 πρόσωπονο
1535 706 1554 738 ι
1585 686 1834 757 Ἀνδρες,
1864 684 1993 754 ἔφη,

410 785 707 854 Ῥωμαῖοι,
742 782 818 851 μὴ
849 780 916 851 δὴ
951 781 1117 850 τέχνη
1151 775 1469 849 βαρϐαρικὴ
1522 774 1848 831 δεδιττέσθω
1896 774 1998 846 τὴν

400 875 692 948 ἡμετέραν
735 872 1046 942 ἀγχίνοιαν,
1090 868 1213 941 μηδ’
1238 869 1331 922 ἐπὶ
1362 868 1462 931 τάς
1493 867 1737 939 σημαίας
1774 868 1998 920 ἀπεῖναι

401 967 692 1039 ξυμϐαίνει
726 965 822 1019 τοῦ
855 963 999 1017 κατά
1031 962 1288 1032 μέτωπον
1313 961 1449 1032 ἡμῖν
1483 960 1767 1031 ὁρωμένου
1798 957 1995 1012 τούτου

402 1058 847 1131 στρατεύματος,
874 1052 1185 1126 ἀλλαχόθεν
1220 1069 1327 1105 που
1361 1050 1571 1114 ταύτας
1604 1052 1703 1104 σὺν
1732 1050 1997 1122 στρατεύε-

406 1169 541 1223 ματι
604 1150 753 1221 ἄλλῳ
818 1150 1079 1219 παρεῖναι
1128 1138 1329 1201 οἴεσθε.
1383 1142 1522 1198 Οὔτε
1550 1143 1660 1213 γὰρ
1701 1143 1864 1212 ἑτέρα
1916 1159 2000 1205 τις

406 1249 578 1318 μοῖρα
612 1245 905 1313 δυνάμεως
949 1239 1368 1306 ὑπολέλειπται,
1405 1231 1584 1307 οἶμαι,
1614 1236 1873 1305 Πέρσαις,
1905 1236 2003 1288 καὶ

401 1341 477 1394 τὰ
503 1340 705 1409 σημεῖα
734 1336 792 1391 δὲ
831 1335 1015 1404 σφίσιν
1042 1331 1210 1386 αὑτοῦ
1274 1348 1379 1384 που
1430 1332 1525 1383 καὶ
1569 1330 1663 1383 ἐπὶ
1715 1331 1780 1400 τῇ
1820 1329 2000 1398 λόχμῃ

402 1433 628 1485 ἑστᾶσιν
653 1432 712 1485 ὲν
760 1428 840 1500 τῷ
868 1428 1086 1498 ἀφανεῖ,
1129 1425 1195 1479 ἶν’
1220 1424 1481 1489 ἐπιδείξει
1504 1424 1742 1496 πλήθους
1765 1422 2004 1493 ἐκπλήτ-

400 1542 520 1578 τειν
541 1524 690 1594 ἡμᾶς
716 1520 917 1592 ἔχοιεν.
953 1520 1048 1589 Μὴ
1078 1517 1264 1571 τοίνυν
1292 1514 1391 1569 τοῦ
1425 1515 1669 1587 πλήθους
1697 1511 2002 1585 θαμϐείσθε

401 1619 465 1671 τὸ
504 1615 810 1689 βάρϐαρον,
872 1612 1261 1684 περιφρονεῖτε
1316 1609 1373 1664 δὲ
1438 1607 1643 1681 μᾶλλον
1697 1609 1796 1679 τῆς
1841 1606 2004 1661 ἀσθε-

399 1712 555 1773 νείας
588 1724 602 1738 ·
635 1708 697 1762 οὑ
728 1708 837 1777 γὰρ
873 1705 1122 1775 πέφυκεν
1160 1702 1392 1774 ἀλήθεια
1431 1700 1710 1772 φαντασίᾳ
1742 1699 2002 1769 συγγίνε-

2103 500 2247 556 tione
2278 499 2491 563 deﬁxis,
2526 499 2721 555 leniter
2745 500 3033 557 subridens
3066 519 3077 553 :
3116 520 3136 554 ι
3183 499 3318 569 Viri,
3353 502 3548 574 inquit,
3585 505 3695 559 Ro-

2102 594 2268 660 mani,
2299 586 2606 649 animorum
2648 603 2958 650 nostrorum
2999 595 3278 652 solertiam
3312 611 3379 652 ne
3411 599 3691 667 perturbet

2103 686 2463 742 Barbarorum
2490 694 2839 757 strategema.
2863 688 3048 758 Neque
3070 690 3213 745 enim
3238 698 3521 759 propterea
3544 695 3687 761 quod

2101 782 2171 836 ab
2202 778 2467 846 exercitu,
2495 777 2587 849 qui
2623 793 2655 834 e
2682 779 2901 850 regione
2927 780 3283 850 conspicitur,
3312 782 3503 837 abesse
3529 784 3685 853 signa

2100 871 2403 941 contingat,
2432 884 2497 925 ea
2530 868 2746 926 aliunde
2776 888 2897 926 cum
2933 872 3038 927 alio
3075 874 3321 927 exercitu
3353 872 3540 931 adfore
3571 881 3690 931 exi-

2100 962 2432 1017 stimandmn
2464 970 2567 1018 est.
2600 961 2833 1029 Nullam,
2866 972 2925 1019 ut
2973 964 3230 1030 arbitror,
3273 963 3431 1021 aliam
3480 967 3691 1022 exerci-

2106 1066 2192 1110 tus
2228 1065 2434 1125 partem
2468 1055 2669 1111 habent
2699 1056 2879 1113 Persa:
2912 1072 2927 1112 :
2964 1054 3058 1113 sed
3104 1058 3243 1113 intra
3280 1058 3500 1114 arbusta
3546 1071 3600 1116 ct
3635 1062 3687 1116 in

2107 1148 2341 1203 obscuro
2370 1146 2570 1204 habent
2594 1149 2847 1205 militaria
2877 1150 3052 1220 signa,
3077 1158 3133 1204 ut
3158 1152 3525 1208 osmntationc
3555 1155 3692 1208 mul-

2108 1240 2354 1296 titudinis
2389 1249 2653 1297 terrorem
2693 1242 2851 1299 nobis
2880 1243 3167 1298 incutiant.
3197 1242 3373 1300 Nolite
3400 1251 3689 1301 numerum

2105 1334 2465 1389 extimescere
2498 1333 2885 1403 Barbarorum,
2918 1337 3158 1406 spernite
3189 1341 3368 1406 potius
3408 1339 3692 1394 imbecilli-

2108 1434 2303 1490 tatem;
2340 1424 2405 1478 iis
2433 1425 2577 1478 enim
2612 1440 2732 1494 ιιιιιε
2772 1423 2954 1485 fucum
2998 1424 3223 1493 faciunt,
3253 1428 3406 1483 adest
3440 1444 3563 1484 raro
3600 1445 3694 1484 ve—

2107 1517 2262 1570 ritas.
2293 1516 2572 1572 Contendo
2616 1516 2782 1589 igitur
2813 1532 2935 1573 cum
2970 1518 3053 1574 his
3078 1519 3169 1590 qui
3199 1534 3382 1574 coram
3412 1532 3538 1575 sunt
3564 1538 3692 1577 cou-

2105 1615 2353 1664 serturus
2371 1605 2483 1679 Μ
2504 1622 2719 1663 manus.
2746 1606 2995 1664 Vestrum
3018 1609 3124 1664 erit
3142 1624 3265 1665 cum
3287 1611 3501 1667 caeteris
3520 1611 3693 1682 c0piis

2106 1701 2383 1772 subsequi,
2403 1716 2471 1757 ne
2488 1700 2623 1757 alias
2641 1701 2873 1757 hostium
2896 1701 3111 1757 insidiis
3128 1702 3637 1760 circumveniantur.
3664 1725 3685 1758 ι

404 1803 559 1858 σθαι.
634 1799 782 1855 Ἀλλ’
842 1796 958 1867 ἐγὼ
1032 1796 1135 1869 μὲν
1188 1796 1286 1851 σὺν
1334 1795 1448 1849 τῶν
1515 1793 1819 1864 ταγμάτων
1886 1794 2002 1857 τοῖς

2111 1792 2232 1849 Hinc
2262 1792 2473 1850 locutus
2505 1793 2797 1862 imperator
2828 1794 3027 1863 impetu
3061 1809 3258 1864 magno
3284 1797 3335 1854 in
3373 1796 3554 1851 hostes
3582 1796 3692 1851 fcr-

403 1893 771 1966 ἐμπροσθίοις
795 1892 994 1961 ἄπειμι
1048 1889 1180 1961 παρ’
1234 1888 1377 1943 αὑτά
1434 1886 1733 1959 συμμίξων
1788 1885 1996 1949 αὑτοῖς,

403 1991 551 2060 ὑμᾶς
586 1987 644 2042 δέ
672 2004 765 2059 μοι
807 1986 905 2053 ξὺν
928 1984 1007 2055 τῷ
1037 1982 1185 2055 ἄλλῳ
1212 1980 1601 2053 στρατεύματι
1625 1978 2001 2049 ξυντεταγμέ-

406 2099 532 2145 νους
566 2081 781 2135 ἐπιέναι
806 2075 1007 2150 χρεὼν,
1050 2076 1124 2147 μή
1155 2092 1286 2130 ποτε
1329 2074 1608 2146 πολεμίων
1629 2073 1851 2146 ἐνέδρας
1902 2089 2002 2126 πε-

414 2176 655 2245 ριπεσεῖν
694 2172 934 2242 γένοιτο.
967 2187 986 2221 ι
1030 2166 1197 2222 Ταῦτ’
1242 2166 1415 2222 εἰπὼν
1452 2167 1481 2221 ὁ
1510 2166 1873 2237 αὐτοκράτωρ
1907 2164 2002 2218 ἐπὶ

418 2270 552 2332 τοὺς
588 2266 855 2336 πολέμους
881 2263 1017 2330 ἵετο,
1076 2260 1262 2333 χώραν
1301 2259 1466 2325 αὑτὸς
1515 2259 1615 2330 τὴν
1637 2259 1695 2311 ἐν
1724 2256 2003 2329 ἀριστερῷ

415 2356 861 2428 κληρωσάμενος,
894 2353 992 2409 ἅτε
1016 2351 1095 2424 τῷ
1128 2349 1449 2422 μεσαιτάτῳ
1506 2346 2002 2417 ἀντιμετωποῦσαν

414 2450 513 2504 τοῦ
560 2446 667 2502 τῶν
715 2446 977 2501 ἐναντίων
1044 2441 1486 2513 στρατεύματος,
1538 2439 1669 2493 ἔνθα
1710 2438 2003 2502 πλείστους

412 2559 475 2596 τε
508 2539 599 2595 καὶ
621 2540 875 2611 ἀρίστους
928 2535 1244 2604 ξυνέϐαινεν
1305 2530 1448 2588 εἶναι
1503 2533 1752 2605 Περσῶν.
1790 2530 2001 2601 Πέρσαι

411 2634 595 2691 τιινυν
632 2634 861 2704 μάχαις,
891 2626 1067 2701 οἶμαι,
1093 2631 1215 2693 ταῖς
1262 2626 1664 2700 προλαϐούσαις
1730 2641 2002 2696 περιῃρη-

412 2729 568 2800 μένοι
589 2727 688 2796 τὴν
712 2725 940 2796 τόλμαν,
974 2722 1163 2794 ἐπειδὴ
1191 2719 1291 2794 τὴν
1329 2719 1651 2790 Ῥωμαϊκὴν
1686 2713 1825 2771 εἶδον
1859 2719 2001 2787 ῥομ-

411 2822 603 2891 φαίαν,
631 2820 733 2891 τὴν
755 2817 910 2885 τάξιν
935 2815 1298 2877 ἀπολιπόντες
1327 2812 1505 2866 οὐδενὶ
1538 2813 1730 2882 κόσμῳ
1772 2809 2003 2882 ἐφέρον·

412 2930 498 2975 το.
528 2913 585 2967 ὃς
602 2929 678 2975 ως
701 2911 867 2974 αὑτὸς
888 2909 1125 2972 ἕκαστος
1156 2905 1379 2979 πρῶτος
1406 2904 1654 2959 ὲνθένδεν
1716 2903 2004 2958 ἀπαλλάσ-

417 3018 569 3056 σοιτο
632 3000 871 3068 σπουδὴν
926 2998 1165 3070 ἔχοντες.
1212 2996 1387 3053 Ἐνθα
1438 2997 1534 3050 καὶ
1588 2995 1683 3048 τὸν
1710 2994 1939 3049 σουλτάν
1970 2995 2006 3065 ἠ

416 3096 578 3167 φήμη
608 3095 868 3167 παρεῖναι
924 3090 1236 3163 διήγγελλε.
1270 3089 1587 3160 Φευγόντων
1614 3084 1707 3143 οὖν
1730 3088 1997 3158 Ῥωμαῖοι

415 3192 486 3260 τῇ
512 3188 695 3253 διώξει
719 3186 1033 3258 ἐγκείμενοι
1080 3184 1253 3240 πολύν
1275 3202 1398 3239 τινα
1427 3183 1766 3256 κατέτριψαν
1788 3182 2002 3254 χρόνον.

418 3282 531 3333 Καὶ
563 3280 613 3333 οἱ
641 3280 739 3351 μὲν
775 3279 833 3331 ἐν
858 3277 1070 3341 τούτοις
1128 3272 1273 3349 ἦσαν
1298 3291 1312 3307 °
1352 3276 1414 3329 τὸ
1443 3276 1499 3330 δὲ
1521 3275 1651 3332 ἄλλο
1715 3274 2007 3345 Ῥωμαίων

415 3368 741 3433 στράτευμα
760 3363 903 3416 κατά
922 3360 1092 3415 νώτου
1124 3360 1604 3431 συντεταγμένους,
1633 3358 1822 3431 ὥσπερ
1849 3359 2002 3429 εἴρη-

412 3473 530 3522 ται,
566 3456 722 3510 ἐπιὸν
752 3454 812 3508 τὸ
844 3454 945 3523 μὲν
1002 3454 1221 3524 πρῶτον
1263 3451 1444 3522 λόχοις
1465 3452 1611 3506 τισὶν
1642 3451 1700 3517 ἐξ
1731 3451 2003 3521 ἀπροσδο-

418 3552 590 3619 κήτου
645 3546 947 3618 περιτυχὸν
986 3544 1278 3616 ἐτρέψατο,
1321 3541 1443 3598 εἶτα
1494 3545 1586 3598 καὶ
1650 3544 1759 3598 τῶν
1830 3543 2009 3617 ἄλλων

420 3642 656 3697 κατόπιν
703 3638 1045 3711 ἐπιθεμένων
1067 3638 1276 3703 αὑτοῖς,
1303 3637 1419 3692 ὅσοι
1452 3636 1470 3709 Ῐ
1477 3638 1517 3691 Ρ
1546 3635 1642 3710 25]
1689 3655 1748 3692 τε
1779 3636 2007 3691 Ἰκονίου

418 3736 573 3799 ἐντὸς
608 3733 865 3805 φυλακὴν
897 3727 1043 3801 εἶχον
1076 3729 1415 3804 (ἐπεξῄεσαν
1454 3730 1565 3801 γὰρ
1588 3731 1689 3802 ήδη
1727 3731 1822 3784 καὶ
1861 3724 2009 3784 οὗτοι

419 3831 801 3902 θαρσήσαντες
847 3827 926 3898 τῷ
958 3826 1049 3879 τὸν
1103 3824 1489 3897 αὐτοκράτορα
1532 3824 1755 3893 μακράν
1806 3823 2009 3878 ἄποθεν

430 3923 659 3975 Ἰκονίου
724 3918 1001 3974 ποιεῖσθαι
1030 3919 1130 3991 τὴν
1180 3916 1386 3989 δίωξιν)
1418 3918 1510 3972 καὶ
1534 3920 1647 3971 ὅσοι
1672 3920 1732 3972 ἐν
1764 3918 1843 3987 τῷ
1874 3934 2007 3970 κατ-

419 4031 572 4071 αντει
589 4014 687 4084 τῆς
713 4012 925 4075 πόλεως
952 4012 1150 4076 ὀπίσω,
1175 4011 1427 4082 καθάπερ
1450 4010 1691 4082 εἴρηται,
1721 4009 2008 4076 ἐτάξαντο,

424 4108 738 4163 κλονεῖσθαι
767 4106 869 4177 ήδη
899 4103 1126 4177 ἤρξατο.
1169 4104 1350 4175 Ὅπερ
1413 4104 1602 4174 ἐπειδὴ
1644 4105 1878 4174 τάχιστα
1920 4103 2013 4173 βα-

425 4200 608 4262 σιλεὺς
632 4200 835 4272 ἢκουσε
858 4197 1121 4268 δυνάμεις
1151 4197 1263 4251 τῶν
1301 4197 1395 4250 σὺν
1429 4195 1581 4267 αὑτῷ
1620 4197 1720 4267 τὴν
1746 4196 2013 4267 ταχίστην

423 4292 741 4362 ἐξέπεμπεν
772 4289 865 4343 ἐπ’
920 4290 1127 4355 αὑτοῖς,
1155 4281 1232 4343 ὧν
1258 4286 1713 4361 Πυρῤογεώργιός
1747 4306 1807 4342 τε
1838 4285 2011 4359 ἦρχεν

425 4388 573 4457 ἀνὴρ
594 4385 923 4456 δραστήριος
956 4383 1213 4455 μάλιστα,
1267 4381 1327 4446 ὃς
1358 4383 1453 4436 καὶ
1495 4381 1572 4453 τῷ
1602 4381 1698 4436 τοῦ
1742 4397 2015 4453 πριμικη-

2109 1897 2218 1951 tur,
2272 1886 2560 1957 locumque
2605 1895 2836 1955 occupat
2894 1886 3179 1946 sinistrum
3233 1887 3422 1945 medim
3476 1890 3690 1944 illorum

2105 1980 2393 2034 obversum
2438 1979 2596 2044 aciei,
2643 1979 2696 2034 in
2740 1993 2846 2050 qua
2889 1978 3106 2047 plurimi
3138 1978 3359 2035 stabant
3383 1982 3694 2051 optimique

2104 2068 2420 2126 Persarum.
2475 2072 2546 2124 At
2594 2068 2650 2125 hi
2694 2071 3090 2141 superioribus,
3139 2080 3198 2126 ut
3229 2073 3441 2141 opinor,
3491 2076 3694 2144 praeliis

2104 2163 2277 2219 attriti
2327 2177 2686 2234 repressaque
2723 2164 2975 2230 audacia,
3029 2164 3116 2221 ubi
3166 2166 3440 2222 Romanos
3487 2168 3690 2223 micare

2104 2255 2313 2327 gladios
2342 2255 2543 2320 vident,
2564 2256 2769 2312 relictis
2786 2256 3092 2327 ordinibus,
3114 2258 3446 2329 dissipantur
3463 2262 3686 2330 passim,

2105 2360 2430 2416 unoquoque
2468 2345 2699 2402 militum
2744 2345 2869 2401 inde
2897 2347 3129 2402 evadere
3157 2345 3301 2401 inter
3345 2347 3550 2417 primos
3592 2348 3692 2400 ad-

2106 2444 2334 2500 nitente.
2366 2444 2427 2499 In
2453 2444 2651 2516 quibus
2680 2444 2855 2516 ipsum
2887 2446 3049 2501 etiam
3079 2445 3233 2501 aiunt
3259 2446 3495 2502 adfuisse
3527 2446 3695 2502 sulta—

2107 2552 2260 2592 num.
2309 2536 2539 2593 Romani
2590 2537 2716 2593 dum
2760 2536 3093 2609 fugientibus
3124 2539 3306 2595 acrius
3352 2541 3559 2595 instant
3589 2555 3694 2595 non

2108 2646 2296 2699 parum
2351 2632 2611 2701 temporis
2655 2646 3067 2702 consumpsere.
3120 2632 3299 2703 Atque
3350 2632 3424 2687 ita
3477 2633 3697 2703 quidem

2106 2739 2229 2781 sese
2279 2740 2364 2780 res
2402 2723 2609 2780 habuit.
2660 2725 2793 2779 Alia:
2849 2724 3067 2780 interim
3108 2722 3475 2781 Romanorum
3526 2726 3696 2795 cepia:

2108 2815 2413 2881 instructis,
2448 2826 2505 2870 ut
2537 2816 2717 2879 retuli,
2751 2817 3034 2873 ordinibus
3076 2830 3104 2872 a
3156 2826 3307 2888 tergo
3342 2810 3698 2874 Succedentes

2108 2912 2284 2981 primo
2311 2910 2625 2981 quidemin
2674 2909 2897 2965 insidias
2928 2911 3213 2983 quasdam,
3249 2913 3570 2982 nec0pinato
3599 2913 3696 2965 de-

2110 3003 2275 3074 lapsa:
2313 3001 2588 3074 fugantur.
2624 3002 3008 3074 Ingruentibus
3046 3018 3261 3073 quoque
3305 3018 3333 3057 a
3371 3012 3522 3074 tergo
3575 3003 3699 3060 aliis

2113 3094 2321 3151 turbari
2371 3095 2537 3151 etiam
2591 3102 2875 3165 coeperunt
2908 3112 2924 3153 :
2957 3110 3081 3152 nam
3126 3106 3181 3151 et
3226 3105 3493 3166 quotquot
3541 3105 3700 3150 erant

2118 3188 2280 3251 Icenii
2320 3186 2641 3257 pra‘sidiarii
2688 3187 2888 3244 milites
2935 3199 3308 3254 excesserant,
3357 3205 3421 3245 ea
3474 3190 3695 3255 ﬁducia,

2114 3274 2257 3346 quod
2291 3274 2672 3346 imperatorem
2704 3275 2916 3346 longius
2942 3278 3008 3333 ab
3035 3277 3168 3334 urbe
3189 3280 3509 3350 insequendi
3536 3283 3700 3336 ardor

2116 3368 2447 3438 abripuisset
2475 3385 2489 3422 :
2522 3377 2664 3422 utet
2700 3378 2964 3442 quotquot
2994 3379 3114 3439 past
3148 3371 3446 3437 civitatem,
3475 3374 3551 3428 uti
3583 3390 3700 3429 mc-

2117 3468 2422 3524 moratum,
2474 3459 2526 3514 in
2580 3460 2773 3517 declivi
2833 3471 3121 3523 steterant.
3172 3463 3227 3518 Id
3283 3465 3442 3521 simul
3491 3468 3703 3537 accepit

2116 3550 2353 3617 Manuel,
2388 3562 2596 3624 partem
2631 3554 2911 3622 copiarum
2949 3566 3153 3625 quanta
3200 3566 3376 3626 potest
3422 3559 3700 3614 celeritate

2119 3646 2308 3711 mittit,
2356 3647 2553 3718 quibus
2597 3649 2917 3718 praepositus
2964 3648 3066 3704 fuit
3117 3649 3562 3724 Pyrrogeorgius,
3620 3654 3702 3708 vir

2120 3740 2358 3795 maxime
2388 3740 2712 3804 industrius,
2749 3741 2841 3810 qui
2875 3744 3215 3811 postmodum
3244 3746 3537 3815 primicerii
3564 3746 3703 3815 aula:

2116 3830 2380 3901 dignitate
2412 3840 2603 3886 auctus
2638 3839 2740 3898 est,
2791 3842 2845 3887 et
2878 3810 3198 3902 Churupus,
3231 3810 3374 3889 inter
3420 3810 3707 3894 ministros

2120 3922 2485 3990 imperatoris,
2518 3922 2611 3993 qui
2648 3938 2677 3976 a
2709 3938 2945 3994 purpura
2979 3936 3125 3991 sunt,
3156 3926 3402 3982 allectus.
3436 3927 3543 3982 Illis
3577 3928 3705 3983 licet

2120 4016 2526 4086 adjuvantibus,
2550 4016 2721 4073 nihilo
2752 4018 2929 4075 secius
2959 4035 3174 4075 rursum
3212 4019 3320 4093 5.5
3347 4022 3705 4077 contmbalur

2119 4108 2288 4163 acies.
2337 4110 2407 4161 At
2463 4108 2759 4178 imperator
2808 4111 2992 4165 animo
3028 4114 3529 4182 perspicacissimus
3561 4125 3617 4170 et
3650 4116 3704 4171 in

2120 4200 2285 4255 rebus
2336 4200 2721 4271 investigandis
2771 4202 3181 4271 solertissimus,
3237 4208 3467 4265 consilio
3524 4212 3703 4280 potius

2122 4306 2284 4361 quant
2313 4292 2482 4348 armis
2515 4307 2627 4348 rem
2663 4303 2775 4348 tum
2801 4308 2960 4365 egere
2988 4297 3391 4356 animadvertit.
3425 4303 3702 4359 Advocato

2120 4382 2286 4453 igitur
2314 4382 2532 4438 cuidam
2560 4397 2590 4437 e
2620 4383 2900 4451 militibus,
2929 4388 3151 4443 nomine
3183 4388 3574 4459 Bempitziotm,
3605 4398 3701 4465 qui

428 4479 548 4550 ρίου
578 4479 676 4547 τῆς
706 4474 879 4545 αὐλῆς
920 4473 1215 4545 ἐσύστερον
1232 4474 1533 4544 τετίμηται
1593 4471 1892 4543 ἀξιώματι,
1916 4471 2004 4525 καὶ

2122 4474 2471 4545 Adrianopoli
2494 4477 2754 4531 oriundus
2776 4489 2913 4547 erat,
2946 4481 3106 4546 iussit
3134 4491 3192 4535 ut
3222 4483 3496 4553 demptam
3527 4489 3705 4558 capite

422 4576 452 4627 ὁ
481 4572 743 4642 Χοεδροὺπ
770 4572 827 4633 ἐς
858 4569 986 4633 τοὺς
1010 4568 1278 4640 βασιλέως
1309 4570 1406 4623 καὶ
1440 4569 1579 4639 πρὸς
1608 4568 1712 4638 τῆς
1753 4567 2011 4639 ἁλουργί-

419 4667 510 4729 δος
526 4664 808 4735 ὑπηρέτας
826 4662 995 4716 τελῶν
1016 4662 1153 4733 (69).
1174 4663 1333 4716 Ἀλλά
1352 4663 1445 4715 καὶ
1460 4662 1671 4716 τούτων
1684 4660 2015 4733 βεϐοηθηκό-

421 4776 536 4811 των
583 4756 739 4811 οὑδὲν
796 4751 964 4830 ἦττον
994 4758 1089 4808 καὶ
1126 4754 1292 4809 πάλιν
1331 4754 1642 4808 κλονεῖσθαι
1691 4753 2011 4807 συνέϐαινεν

426 4850 578 4917 ἆπαξ
618 4849 932 4919 πεπονηκὸς
971 4847 1033 4901 τὸ
1065 4846 1483 4917 στρατιωτικόν.
1527 4846 1691 4900 Ἀλλά
1731 4846 2010 4917 βασιλεὺς,

426 4937 496 5012 ἦν
528 4941 637 5013 γὰρ
664 4940 922 5007 ὀξύτατος
942 4939 1005 4993 τὸ
1029 4939 1146 4994 δέον
1167 4940 1352 5010 εὑρεῖν
1369 4940 1465 4994 καὶ
1495 4938 2014 5010 καταστοχάσασθαι

2121 4568 2350 4638 galeam,
2376 4577 2430 4621 et
2464 4568 2710 4624 manibus
2738 4568 2789 4624 in
2823 4571 2992 4627 altum
3021 4574 3288 4630 sublatam
3320 4579 3702 4637 circumferret

2122 4662 2341 4732 ubique,
2376 4669 2704 4731 captumque
2733 4678 2857 4719 esse
2888 4665 3163 4722 sultanum
3197 4684 3390 4741 magna
3420 4688 3514 4741 per
3543 4690 3704 4729 exer-

2122 4756 2287 4811 citum
2319 4771 2449 4811 voce
2480 4755 2866 4826 proclamaret.
2898 4759 2956 4813 ld
2997 4765 3399 4832 strategematis
3436 4764 3707 4821 Βοιιιιιιιοο

2123 4862 2243 4901 rum
2290 4847 2564 4918 extemplo
2592 4847 2895 4905 sublevavit
2937 4850 3174 4916 animos,
3209 4856 3428 4925 vimque
3467 4856 3704 4911 hostium

2121 4940 2303 4995 acrius
2334 4938 2697 4995 insistentium
2742 4940 2959 5000 retudit.
2994 4942 3070 4999 lla
3109 4958 3251 5017 saepe
3281 4948 3584 5003 numerosis
3612 4964 3704 5004 eoo

1782 5090 1881 5150 Du
1918 5086 2145 5167 Cangii
2183 5094 2369 5151 notae.

500 5218 615 5287 (69)
660 5218 717 5273 P.
742 5219 813 5274 Η
843 5234 897 5273 v.
929 5218 1023 5274 25.
1069 5221 1167 5285 Ἐς
1198 5218 1343 5285 τοὺς
1373 5218 1686 5284 ,ϐασιλέως
1722 5219 1821 5273 καί
1857 5217 2011 5286 πρὸς

426 5290 539 5359 τῆς
583 5290 946 5359 ἁλουργίδος
985 5290 1292 5358 ὑπηρέτας
1333 5288 1547 5343 τελῶν.
1588 5289 1793 5359 Tollius
1824 5289 2007 5351 vertit,

428 5358 570 5417 inter
613 5358 937 5429 purpuratos
984 5362 1319 5428 imperatoris
1374 5360 1619 5415 allectus.
1656 5358 1879 5429 Verum,
1917 5368 2011 5413 aut

428 5432 609 5495 fallor,
630 5432 951 5501 dignitatem
982 5432 1139 5484 istam
1173 5434 1445 5500 spectavit
1468 5432 1635 5501 vestis
1663 5430 2009 5501 regimieura,

430 5519 533 5572 qua
559 5502 650 5570 qui
672 5498 916 5572 donatus
940 5512 1079 5563 erat,
1106 5517 1138 5554 a
1170 5498 1306 5555 veste
1339 5502 1481 5571 regia
1504 5498 1811 5556 dicebatur.
1843 5498 2009 5555 Vetus

427 5570 721 5642 inscriptio
762 5588 777 5625 :
825 5589 903 5627 τι.
956 5586 1207 5627 cuuoto.
1256 5570 1405 5625 suo.
1452 5587 1557 5625 Lis.
1622 5585 1911 5625 conm'ruo.
1956 5585 2006 5623 Α.

428 5658 617 5697 σιεγε.
657 5656 838 5697 ιιεοιλ.
866 5653 1094 5697 Βειικεε.
1120 5650 1225 5696 LIB.
1255 5657 1501 5697 PATRONO
1526 5658 1642 5698 SUO.
1666 5658 1715 5694 Β.
1744 5655 1802 5693 Il.
1829 5655 2005 5694 FECIT.

424 5714 655 5775 Contra,
713 5729 880 5783 penes
911 5730 1072 5781 quem
1113 5716 1337 5783 privata:
1366 5723 1504 5775 erat,
1550 5730 1581 5764 a
1622 5720 1757 5765 veste
1801 5713 2007 5779 privata

428 5784 633 5840 dicitur
657 5782 848 5840 in’alia
877 5782 1128 5852 inscript.
1156 5799 1171 5837 :
1196 5798 1304 5839 eis.
1338 5798 1567 5838 nmmos
1595 5797 1792 5840 οιῑιιιε
1834 5797 2004 5839 Μειλ-

773 5880 1054 5943 ΡΑτιιοι..
1098 5879 1211 5942 Gn.
1250 5879 1573 5943 CXXXIII.

2121 5232 2207 5273 τε.
2243 5234 2302 5271 Il.
2340 5233 2552 5274 υιρυε.
2584 5232 2709 5274 Αυϐ.
2741 5233 2848 5274 LIB.
2883 5235 3102 5277 VALENS.
3137 5238 3192 5280 Α.
3226 5238 3397 5279 VEST!
3433 5241 3539 5279 IMP.
3583 5242 3702 5282 Pal-

2116 5303 2287 5363 vara.
2318 5304 2536 5363 cotvrno.
2572 5305 2779 5363 yntss.
2820 5300 2926 5346 etc.
2961 5293 3054 5346 Est
3092 5292 3259 5363 igitur
3291 5312 3324 5348 a
3366 5305 3521 5360 certe,
3557 5296 3698 5355 idem

2119 5361 2210 5426 qui
2244 5360 2551 5436 gestiarius.
2579 5358 2795 5436 Papias,
2830 5358 3137 5436 οεειῦανὶιιεζ
3171 5367 3265 5436 qui
3305 5358 3532 5436 vestibus
3562 5382 3702 5436 prte-

2117 5439 2215 5506 est.
2247 5427 2571 5506 Vssrtantys
2608 5446 2732 5506 Anc.
2755 5427 3290 5506 iniuscriptionibus
3312 5435 3539 5506 aliquot.
3562 5427 3700 5494 Pro-

2118 5499 2244 5579 inde
2284 5501 2603 5569 ἀλουργίδος
2648 5501 2930 5574 ὑπηρέτης
2962 5499 3067 5579 erit
3115 5521 3151 5579 a_
3193 5499 3699 5579 purpurcit'mpera-

2116 5574 2272 5645 (oris,
2322 5585 2425 5645 seu
2480 5586 2646 5645 penes
2694 5587 2852 5645 quem
2918 5574 3086 5629 vestis
3140 5574 3694 5645 imperatorias'cura

2116 5640 2249 5717 fuit;
2284 5640 2386 5717 nisi
2439 5640 2753 5717 quis_mal_it
2794 5644 2945 5717 hisce
2979 5646 3158 5717 verbis
3185 5640 3455 5717 «Iesiguari
3501 5652 3695 5704 revin-

2110 5712 2295 5838 523,211,
2325 5710 2392 5769 de
2425 5710 2530 5783 qua
2564 5713 2827 5785 dignitate
2860 5714 3073 5772 abunde
3105 5710 3343 5775 diximus
3376 5720 3443 5776 ad
3474 5721 3697 5777 Alesia-

2146 5797 2255 5839 em.
