4096 6404
421 327 532 391 363
1705 317 2035 382 JOANNIS
2073 318 2407 382 CINNAMI

3594 313 3707 379 364

415 447 520 516 piis
555 442 742 499 utilius
791 438 896 496 fuit
940 435 1232 495 consilium
1286 431 1548 506 prudens,
1585 431 1796 506 virique
1841 435 2002 492 unius

2109 436 2205 490 τοῦ
2237 435 2520 508 πρακτέου
2551 435 2901 506 δεξιώτατος,
2955 437 3100 510 ἔγνω
3137 436 3387 504 ἐπινοίας
3421 437 3626 511 μᾶλλον
3668 441 3706 514 ἢ

415 541 588 594 virtus
615 535 925 609 clypeorum
961 529 1158 588 robore
1188 528 1440 585 validior.
1469 527 1540 581 At
1579 526 1865 583 deﬁciente
1892 528 1999 596 die,

413 631 488 686 ibi
538 635 940 700 pernoctatum.
997 622 1128 680 Inde
1174 625 1351 694 primo
1401 633 1562 676 mane
1611 621 1886 698 prolectus
1936 621 2002 676 ad

411 721 656 777 hortium
681 729 860 775 castra
882 716 1085 788 posuit,
1103 714 1246 786 quod
1266 729 1390 770 cum
1405 703 1645 784 undique
1665 711 2005 784 explorasset

413 815 673 885 adituque
705 812 846 868 haud
879 809 1042 866 facile
1074 822 1198 865 esse
1241 806 1488 870 vidisset,
1520 819 1740 861 rumore
1774 806 1840 860 ad
1882 803 2002 862 haec

413 905 856 963 lncrebrescente
908 901 963 956 in
1012 900 1153 967 dies,
1182 897 1497 956 Occidentis
1545 896 1773 969 populos
1808 886 2002 966 patriis

412 1001 623 1057 excitos
655 997 876 1055 sedibus
905 994 1112 1068 ingenti
1149 991 1494 1050 multitudine
1529 992 1596 1047 ad
1637 992 1772 1047 lines
1802 989 2004 1047 Roma-

416 1107 608 1148 norum
637 1089 990 1155 contendere,
1018 1086 1086 1141 ab
1112 1083 1517 1158 oppugnatione
1544 1085 1758 1155 quidem
1793 1085 2004 1141 destitit

416 1185 664 1257 longiore
713 1192 959 1254 tempore
1006 1189 1063 1235 et
1108 1178 1317 1250 majore
1364 1189 1646 1250 apparatu,
1697 1191 1859 1247 quam
1903 1175 1997 1248 qui

415 1279 628 1345 aderat,
661 1292 798 1347 opus
849 1275 953 1332 sibi
1003 1272 1118 1329 lore
1167 1271 1644 1337 animadvertetis;
1695 1269 1790 1326 sed
1825 1269 2002 1326 obviis

413 1373 720 1444 quibusque
753 1368 991 1424 incensis
1023 1375 1079 1420 et
1109 1363 1337 1436 perditis
1369 1363 1614 1418 recessit.
1643 1361 1849 1418 Ferunt
1885 1371 2001 1418 tum

414 1466 682 1522 militibus
714 1461 976 1518 Romanis
1007 1458 1150 1516 [uade
1187 1472 1252 1514 ac
1281 1454 1676 1512 contumeliose
1706 1453 2000 1511 Persarum

411 1561 590 1630 posita
615 1559 768 1630 juxta
801 1555 989 1612 urbem
1031 1553 1285 1624 sepulcra
1339 1549 1727 1612 tractantibus,
1760 1562 1861 1604 nec
1894 1562 2001 1602 non

413 1671 480 1711 ex
517 1656 584 1710 iis
616 1653 782 1708 multa
834 1649 1222 1706 refodientibus
1265 1645 1554 1709 cadavera,
1588 1641 1888 1714 principem
1936 1654 2004 1697 eo

412 1748 711 1803 dilllcilium
744 1753 1048 1814 temporum
1075 1745 1371 1804 momento,
1396 1735 1511 1810 46
1536 1735 2002 1807 magnanimitatis

2115 529 2301 602 ίσχύος
2329 529 2566 586 ἐνταῦθα
2592 530 2820 604 χρῄζειν
2859 531 2921 586 τὸ
2969 534 3228 604 πρᾶγμα.
3262 533 3474 587 Αὐτίκα
3521 533 3715 588 τοίνυν

2113 621 2225 678 τῶν
2245 637 2368 678 τινα
2392 623 2744 694 στρατιωτῶν
2759 623 3020 690 καλέσας,
3043 624 3710 698 Βεμπιτζιώτην(70)μέν

2111 715 2590 787 ἐπικεκλημένον,
2628 717 2841 782 πόλεως
2897 715 2955 771 δέ
2997 717 3337 789 ὡρμημένον
3387 717 3703 791 Ἀδριανοῦ,

2110 807 2334 864 ἐκέλευε
2360 811 2423 864 τὸ
2465 810 2669 880 κράνος
2712 810 2815 880 τῆς
2855 809 3109 880 κεφαλῆς
3150 811 3494 883 ἀποθέμενον
3543 810 3704 884 μετέ·

2109 902 2255 976 ωρόν
2311 921 2374 958 τε
2416 903 2551 958 αὐτὸ
2605 903 2703 958 ἐπὶ
2759 904 2859 976 τῆς
2911 903 3097 976 χειρὸς
3135 905 3448 976 πανταχόσε
3493 904 3705 977 περιδι-

2111 996 2306 1051 νοῦντα
2341 995 2441 1069 τὴν
2471 996 2564 1052 τοῦ
2607 997 2836 1053 σουλτάν
2860 997 3022 1069 δῆθεν
3050 997 3142 1051 ἐπὶ
3165 995 3260 1053 τοῦ
3290 997 3708 1070 στρατεύματος

2113 1089 2612 1161 διακηρυκεύεσθαι
2670 1090 2897 1146 ἅλωσιν.
2938 1084 3016 1146 Ob
3045 1091 3335 1162 γεγονότος
3357 1091 3708 1163 ἀνεθάρσησέ

2114 1200 2175 1238 τε
2227 1186 2578 1258 παραχρῆμα
2620 1185 2684 1240 τὺ
2749 1184 3061 1256 Ῥωμαϊκὸν
3125 1185 3383 1249 καὶτοὺς
3425 1184 3708 1247 ἐναντίους

2117 1271 2358 1346 ἰσχυρῶς
2388 1274 2751 1343 ἐγκειμένους
2786 1271 3100 1328 ἀπεώσατο.
3147 1273 3306 1326 Οῦτω
3347 1272 3611 1336 πολλάκις
3644 1271 3707 1324 ἐν

2113 1365 2393 1438 βούλευμα
2421 1367 2645 1421 συνετὸν
2681 1366 2823 1438 ύπέρ
2845 1363 3247 1437 μυριοπληθεῖς
3279 1363 3457 1436 ὢνησε
3489 1367 3704 1436 χεῖρας,

2110 1459 2208 1512 καὶ
2242 1458 2437 1530 ἀνδρὸς
2466 1460 2586 1524 ἐνὸς
2616 1458 2788 1530 ἀρετὴ
2825 1457 3041 1512 πολλῶν
3072 1456 3322 1511 ἀσπίδων
3354 1456 3707 1525 δυνατωτέρα

2109 1550 2520 1622 γίνεται.Ἀλλά
2553 1553 2675 1606 τότε
2713 1549 2834 1622 μὲν,
2859 1550 3050 1616 ἐπειδὴ
3075 1550 3310 1620 τάχιστα
3333 1546 3430 1615 νὺξ
3457 1549 3703 1618 ἐγένετο,

2109 1645 2278 1700 αὐτοῦ
2334 1663 2437 1700 που
2465 1643 2762 1718 ηὐλίσαντο
2781 1661 2795 1676 ο
2825 1642 3026 1716 ὄρθρου
3055 1640 3111 1696 δὲ
3141 1642 3284 1715 ἄρας
3325 1642 3538 1696 ἐκεῖθεν
3565 1641 3707 1713 πρὸς

2124 1737 2331 1808 Ἰκονίῳ
2354 1735 2915 1810 ἐστρατοπεδεύσατο.
2968 1735 3054 1800 Ὠς
3087 1734 3145 1790 δὲ
3173 1734 3360 1807 κύκλῳ
3394 1732 3706 1806 περιελθὼν

413 1855 523 1897 non
567 1838 795 1894 oblitum
844 1812 979 1899 suae,
1017 1831 1313 1887 inviolatus
1346 1837 1405 1883 ut
1448 1837 1763 1884 servaretur
1809 1825 2002 1882 matris

2106 1829 2207 1883 οὐκ
2236 1828 2491 1898 εύέφοδον
2512 1824 2654 1884 εῖναι
2677 1829 2813 1884 αύτδ
2850 1828 3121 1894 κατενόει,
3141 1827 3178 1900 ἡ
3205 1844 3266 1881 τε
3283 1828 3466 1900 φήμη,
3487 1827 3524 1898 ἠ
3571 1825 3704 1898 ἔθνη

413 1931 613 1987 sultani
642 1928 804 1996 cinis,
831 1923 1156 1998 praecepisse
1184 1941 1198 1978 :
1231 1920 1566 1991 dixisseque,
1595 1918 1679 1975 vel
1720 1919 2002 1974 minimum

415 2023 753 2096 sapientibus
787 2017 1138 2077 reverendam
1171 2028 1294 2072 esse
1336 2014 1677 2071 nobilitatem
1709 2010 2001 2069 infelicem.

418 2119 664 2189 Scriptas
694 2115 877 2185 itaque
901 2109 1169 2170 olliclosas
1212 2106 1503 2164 admodum
1547 2106 1761 2162 litteras
1791 2107 1858 2160 ad
1889 2104 2004 2162 sul-

417 2209 528 2264 taui
560 2205 843 2276 coniugem
880 2200 1068 2265 mittit,
1108 2200 1160 2254 in
1194 2197 1335 2253 hanc
1368 2194 1693 2251 sententiam
1729 2210 1744 2248 :
1780 2211 1800 2246 ι
1844 2190 2004 2249 Scias

413 2301 598 2364 velim,
631 2296 906 2354 sultanum
955 2291 1259 2363 maiestatis
1299 2297 1502 2346 nostra:
1546 2301 1762 2342 servum
1800 2287 2001 2353 vivere,

411 2402 470 2448 et
499 2402 788 2461 superesse
811 2385 1007 2452 adhuc,
1031 2382 1217 2438 vitatis
1242 2380 1362 2436 belli
1397 2378 1673 2450 periculis.
1708 2396 1727 2431 ι
1757 2379 1850 2434 llla
1875 2391 2004 2434 vero

414 2485 680 2556 pecudum
739 2481 959 2538 circiter
999 2479 1107 2533 duo
1138 2475 1326 2541 millia,
1360 2475 1521 2529 boum
1558 2474 1771 2546 c0piam
1809 2473 2003 2543 ingen-

414 2589 545 2645 tem,
577 2585 630 2632 et
662 2575 864 2632 cibaria
899 2572 1003 2628 alia
1035 2569 1339 2638 complura,
1366 2567 1566 2638 quibus
1591 2568 1868 2637 exciperet
1899 2566 2002 2621 im-

410 2683 743 2744 peratorem,
791 2671 1173 2740 apparaverat.
1220 2662 1327 2718 Sed
1381 2662 1469 2718 ubi
1519 2661 1748 2717 aedilicia
1799 2661 2000 2718 subur-

411 2764 574 2828 baua,
597 2761 674 2816 uti
700 2757 1139 2822 memoravimus,
1169 2752 1398 2810 Romani
1427 2753 1806 2816 incenderunt,
1833 2753 2004 2808 haud-

412 2868 686 2925 quaquam
718 2856 975 2908 exsecuta
1007 2857 1088 2904 est
1115 2846 1472 2918 propositum.
1505 2843 1600 2900 llis
1628 2844 1702 2899 ita
1730 2845 2001 2899 constitu-

411 2949 504 3014 tis,
540 2961 664 3001 cum
693 2945 806 3016 iam
839 2942 1069 2998 reditum
1107 2941 1390 2996 moliretur
1435 2937 1752 3007 imperator,
1802 2937 1998 2992 iterum

410 3041 479 3097 ad
510 3039 781 3096 sultanum
817 3037 1008 3094 scribit
1043 3034 1274 3098 litteras,
1303 3047 1366 3089 eo
1397 3037 1720 3102 argumento
1750 3047 1764 3086 :
1799 3047 1820 3082 ι
1866 3029 2001 3085 Μυί-

2107 1923 2179 1978 τά
2227 1922 2367 1998 πρδς
2419 1921 2617 1977 δύοντα
2665 1921 2824 1995 ἣλιον
2884 1921 2946 1991 ἐξ
2987 1920 3128 1976 ἐθῶν
3162 1920 3554 1975 ἐπαναστάντα
3591 1919 3706 1972 τῶν

2105 2015 2356 2089 πατρίων
2387 2018 2482 2071 ἐπὶ
2510 2014 2613 2088 τὴν
2671 2013 2963 2088 Ῥωμαίων
3001 2012 3327 2086 παμπληθεὶ
3355 2013 3562 2084 ἐμήνυε
3606 2012 3708 2080 φέ-

2109 2110 2326 2182 ρεσθαι,
2368 2109 2610 2182 ἐκάστης
2655 2107 2895 2181 ηὔξανεν
2929 2107 3166 2182 ἡμέρας,
3203 2104 3301 2163 τοῦ
3337 2107 3437 2180 μὲν
3479 2108 3705 2178 πολιορ-

2106 2204 2226 2257 κεῖν
2271 2202 2568 2276 ἀπέσχετο,
2617 2201 2816 2277 χρόνου
2875 2219 2936 2256 τε
2983 2200 3234 2267 πλείονος
3293 2201 3390 2258 καὶ
3451 2201 3706 2273 μείζονος

2106 2295 2276 2367 ἄλλης
2304 2297 2337 2368 ἢ
2370 2298 2493 2352 κατ’
2548 2298 2770 2369 ἐκείνην
2801 2295 2968 2367 δῆθεν
3026 2295 3260 2368 νομίσας
3313 2296 3700 2367 παρασκευῆςς

2105 2387 2323 2462 δῃώσας
2357 2389 2415 2444 δὲ
2445 2389 2542 2445 καὶ
2566 2388 2864 2462 ἀφανισμῷ
2888 2389 2956 2444 τὰ
2979 2389 3038 2444 ἐν
3073 2388 3204 2443 ποσὶ
3225 2387 3530 2462 παραδοὺς,
3553 2389 3701 2441 ἐκεῖ-

2107 2480 2203 2534 θεν
2258 2480 2602 2554 ἀπήλαυνεν.
2665 2482 2796 2536 Ὀτε
2835 2479 2901 2553 δὴ
2946 2480 3169 2548 λέγεται
3202 2479 3277 2543 ὡς
3307 2481 3422 2544 τοῖς
3465 2479 3572 2552 πρὸ
3597 2479 3702 2550 τῆς

2104 2573 2316 2639 πόλεως
2354 2574 2582 2647 Περσῶν
2608 2575 2803 2645 τάφοις
2854 2573 3029 2628 πολλά
3071 2572 3168 2627 τοῦ
3215 2573 3534 2644 Ῥωμαϊκοῦ
3575 2574 3701 2625 ἐνυ-

2110 2668 2402 2740 ϐρίσαντος
2443 2668 2643 2744 έκθετόι
2681 2686 2742 2722 τε
2780 2669 2891 2723 τῶν
2925 2667 3197 2739 σωμάτων
3231 2669 3307 2731 ὡς
3341 2667 3574 2722 πλεῖστα
3599 2685 3702 2719 πε-

2105 2761 2428 2832 ποιηκότος.
2466 2763 2495 2816 ὁ
2524 2761 2582 2815 δὲ
2608 2759 2720 2816 οὐδ’
2747 2761 2806 2814 ἐν
2836 2760 3197 2833 τηλικαύταις
3225 2759 3438 2830 καιρῶν
3469 2759 3699 2830 ὀξύτησι

2103 2852 2434 2924 καθυφεῖναι
2475 2853 2647 2907 θέλων
2681 2852 2778 2907 τοῦ
2814 2851 3274 2925 μεγαλοπρεποῦς
3301 2852 3399 2922 τῆς
3419 2850 3513 2906 τὸν
3538 2851 3698 2905 σουλ-

2101 2944 2204 3000 τάν
2247 2943 2582 3017 γειναμένης
2621 2946 2976 3000 παντάπασιν
3021 2944 3350 3017 ἀνύόριστον
3385 2943 3702 3016 τηρηθῆναι

2101 3037 2202 3108 τὴν
2259 3037 2410 3091 κόνιν
2465 3037 2710 3105 ἐκέλευε,
2764 3038 2965 3108 χρῆναι
3014 3039 3127 3101 τοῖς
3185 3036 3281 3092 καὶ
3327 3037 3470 3092 κατά
3520 3035 3698 3107 βραχὺ

411 3142 524 3188 tum
573 3141 625 3186 te
674 3142 1047 3200 saepenumero
1091 3126 1465 3198 quaesivimus,
1504 3125 1734 3180 necdum
1785 3123 1998 3179 inveni-

2109 3128 2488 3201 σωφρονοῦσιν
2537 3130 2708 3186 είπὼν
2743 3130 3017 3185 αἰδεῖσθαι
3069 3129 3272 3203 μᾶλλον
3323 3129 3700 3201 δυστυχοῦσαν

410 3239 550 3280 tuus.
585 3220 749 3294 Fugis
796 3221 940 3276 enim
991 3232 1228 3288 semper,
1263 3224 1425 3286 atque
1475 3217 1654 3272 instar
1693 3217 1899 3270 umbra:
1944 3223 2000 3270 te

411 3319 566 3373 nobis
615 3315 894 3372 subducis.
929 3313 1008 3369 Ne
1045 3314 1230 3383 itaque
1272 3311 1552 3366 videamur
1580 3307 1777 3365 bellum
1811 3321 2002 3380 gerere

410 3427 536 3470 cum
594 3411 817 3473 umbra,
865 3411 1083 3464 domum
1145 3407 1323 3461 denuo
1375 3403 1674 3473 repetimus
1705 3421 1720 3458 :
1750 3403 2001 3472 proximo

407 3513 592 3558 autem
625 3516 752 3556 vere
780 3497 969 3567 majori
1001 3512 1123 3553 cum
1165 3505 1428 3565 apparatu
1457 3493 1524 3550 ad
1562 3503 1614 3549 te
1641 3505 1999 3550 revertemur.

409 3592 813 3650 Providendum
845 3591 942 3646 tibi
982 3603 1049 3645 ne
1081 3598 1136 3644 et
1165 3597 1278 3642 tum
1305 3601 1525 3658 quoque
1558 3585 1740 3657 fugam
1771 3587 2002 3642 inertem

407 3698 846 3756 quaquaversum
882 3694 1155 3752 capessas.
1197 3698 1217 3732 ι

2107 3221 2419 3290 εὐγένειαν,
2468 3221 2706 3294 γράμμα
2752 3239 2811 3274 τε
2838 3222 3085 3294 χαράξας
3117 3222 3178 3276 ού
3208 3222 3400 3294 πόρρω
3443 3219 3698 3292 θρύψεως

2103 3309 2166 3366 δν
2202 3313 2359 3383 παρὰ
2403 3312 2503 3384 τὴν
2550 3313 2646 3368 τοῦ
2699 3313 2928 3366 σουλτὰν
2967 3313 3187 3384 ἔπεμπε
3247 3312 3519 3384 γαμετήν.
3570 3307 3698 3382 Εῐχε

2101 3404 2161 3459 δὲ
2194 3400 2298 3462 ὦδε
2349 3404 2412 3459 τὸ
2444 3407 2682 3479 γράμμα
2707 3422 2721 3438 ·
2762 3424 2781 3458 t
2812 3406 3023 3459 Εἰδὲναι
3067 3405 3377 3478 βουλόμεθά
3412 3422 3494 3471 σε,
3535 3405 3608 3467 ὡς
3636 3405 3700 3458 τὸ

2101 3496 2202 3566 τῆς
2252 3497 2533 3568 ἡμετέρας
2585 3495 2798 3550 παιδίον
2838 3495 3118 3568 βασιλείας
3162 3497 3192 3550 ό
3238 3496 3473 3550 σουλτάν
3501 3497 3568 3567 ζῇ
3600 3497 3698 3548 καὶ

2101 3585 2184 3641 ἔτι
2215 3587 2470 3660 περίεστι
2493 3588 2593 3652 τὰς
2626 3586 2723 3642 τοῦ
2752 3589 2994 3660 πολέμου
3018 3591 3210 3660 χεῖρας
3235 3588 3642 3659 διαπεφευγώς.
3672 3607 3690 3640 ι

2111 3679 2178 3732 Ἥ
2208 3679 2266 3734 δέ
2292 3680 2543 3752 πρόϐατα
2583 3681 2714 3752 περί
2747 3700 2850 3734 που
2882 3682 2953 3735 τὰ
2981 3681 3223 3753 δισχίλια
3262 3685 3356 3736 καὶ
3377 3682 3516 3755 βοῶν
3549 3681 3696 3752 μέγα

407 3793 464 3830 τι
491 3775 684 3846 χρῆμα
715 3775 811 3828 καὶ
831 3773 1063 3827 πλεῖστα
1093 3771 1229 3827 ἄλλα
1255 3767 1368 3825 τῶν
1401 3767 1682 3837 ἐδωδίμων
1721 3770 1782 3824 ἐν
1846 3772 2176 3843 παρασκευῇ
2248 3772 2348 3843 μέν
2412 3769 2558 3844 εἶχεν
2587 3773 2674 3844 ἐφ’
2709 3767 2754 3841 ᾧ
2824 3774 3049 3845 βασιλέα
3095 3774 3307 3838 τούτοις
3337 3775 3689 3841 δεξιὼσαιτο·

409 3874 536 3925 ἐπεὶ
561 3872 618 3925 δὲ
640 3869 775 3938 πυρὶ
800 3868 896 3931 τάς
920 3866 1026 3939 πρὸ
1062 3866 1165 3936 τῆς
1196 3863 1408 3929 πόλεως
1432 3863 1745 3935 οἰκοδομὰς,
1781 3865 2040 3936 καθάπερ
2077 3866 2316 3939 εἴρηται,
2349 3868 2411 3922 τὸ
2453 3869 2764 3940 Ῥωμαϊκὸν
2788 3870 3032 3939 ἔφλεξεν,
3061 3871 3128 3944 [Ρ
3158 3869 3254 3943 26]
3281 3869 3464 3925 ούκέτι
3492 3871 3692 3942 πέρατι

407 3967 501 4020 τὸν
536 3963 738 4018 σκοπὸν
764 3960 956 4014 ἔδωκε.
989 3958 1103 4011 Καὶ
1124 3954 1300 4012 ταῦτα
1328 3955 1430 4028 μὲν
1463 3955 1646 4010 τοιάδε
1675 3955 1800 4011 τι.νά
1834 3952 2000 4030 ἦσαν.
2042 3957 2306 4023 Βασιλεὺς
2334 3960 2412 4025 δὲ,
2450 3961 2640 4032 ἐπειδὴ
2668 3964 2766 4034 τῆς
2797 3963 3138 4034 ἀποπορείας
3178 3962 3403 4037 ἤρξατο,
3457 3963 3696 4034 γράμμα

410 4059 512 4114 καὶ
557 4057 722 4112 πάλιν
759 4055 856 4108 ἐπὶ
903 4052 1001 4107 τὸν
1047 4049 1286 4104 σουλτὰν
1326 4048 1597 4122 ἐπεμψεν.
1640 4049 1860 4120 Ἐδήλου
1889 4051 1947 4104 δὲ
2012 4053 2045 4124 ἡ
2085 4053 2274 4122 γραφὴ
2331 4053 2495 4108 τάδε·
2534 4073 2554 4107 ι
2588 4056 2771 4111 Πολλά
2813 4075 2872 4110 σε
2914 4057 3182 4122 πολλάκις
3249 4056 3694 4130 ἀναζητήσαντες

406 4153 562 4207 ούπω
589 4147 860 4220 ἐτύχομέν
901 4163 1007 4201 σοι.
1044 4142 1284 4214 Φεύγεις
1315 4142 1426 4216 γὰρ
1516 4142 1605 4197 ἀεὶ
1631 4143 1728 4196 καὶ
1757 4141 2013 4216 καθάπερ
2056 4144 2186 4198 σκιά
2249 4145 2636 4213 διολισθαίνεις
2662 4148 2846 4220 ἡμῶν.
2875 4149 2974 4203 Ἵν’
3021 4144 3116 4204 οὖν
3151 4149 3227 4224 μὴ
3276 4153 3371 4208 καὶ
3401 4153 3694 4226 δοκοίημεν

410 4247 766 4317 σκιαμαχεῖν,
821 4239 901 4311 τῷ
949 4240 1088 4305 τέως
1115 4239 1217 4313 μὲν
1246 4237 1458 4308 ἄπιμεν
1503 4236 1997 4302 παλινοστοῦντεςο
2038 4237 2202 4308 ἐαρος
2233 4239 2291 4293 δὲ
2327 4239 2428 4294 σὺν
2459 4240 2672 4311 μείζονι
2722 4244 2791 4314 τῇ
2824 4248 3153 4318 παρασκευῇ
3215 4246 3310 4301 ἐπὶ
3379 4246 3440 4301 σὲ
3462 4246 3690 4321 ἥξομεν,

405 4341 651 4410 Μελήσει
678 4336 734 4390 δέ
767 4351 851 4388 σοι
881 4332 976 4388 τοῦ
1015 4333 1092 4404 μὴ
1118 4332 1214 4386 ,καὶ
1241 4331 1364 4384 τότε
1392 4329 1631 4397 ἀναξίως
1677 4327 1856 4394 οὕτως
1885 4328 2082 4384 ἑαυτοῦ
2115 4331 2376 4401 φεύγοντι
2399 4333 2648 4406 οἴχεσθαι
2677 4335 2880 4390 διόλου.
2915 4357 2936 4392 ι

479 4434 531 4487 7.
568 4431 693 4486 Haec
742 4429 869 4495 ille;
922 4427 1130 4481 interea
1176 4423 1461 4479 Persarum
1495 4437 1688 4494 magna
1729 4423 1835 4489 vis,
1869 4438 1992 4494 quae

2169 4421 2235 4490 ζ’.
2259 4424 2449 4480 Ταῦτα
2483 4427 2582 4498 μὲν
2613 4427 2707 4483 οὖν
2734 4429 2793 4482 ἐν
2822 4429 3032 4496 τούτοις
3062 4427 3202 4504 ἦσαν
3250 4436 3320 4488 τά
3361 4433 3690 4507 γράμματα·

408 4529 661 4597 regiones
705 4521 848 4574 ultra
900 4519 1140 4572 Iconium
1190 4517 1323 4570 sitas
1354 4514 1652 4580 incolebat,
1684 4515 1776 4570 ubi
1813 4515 1994 4585 impe-

2106 4516 2335 4588 Περσῶν
2367 4515 2425 4570 δὲ
2469 4517 2520 4571 οἳ
2566 4520 2833 4576 ἀνωτάτω
2886 4523 3098 4590 πόλεως
3149 4523 3397 4597 ᾠκοῦντο
3444 4529 3692 4598 Ἰκονίου,

411 4624 630 4672 raverat
660 4613 958 4668 Tauisman
1013 4607 1127 4670 ille,
1164 4605 1425 4660 auxilium
1457 4613 1518 4660 ut
1547 4606 1714 4661 ferret
1746 4606 1994 4664 sultanus

2106 4605 2235 4662 ἔνθα
2271 4609 2559 4682 Τανισμὰν
2584 4607 2755 4684 ἦρχεν
2781 4612 3011 4678 ἐκεῖνος,
3031 4614 3293 4687 δυνάμεις
3325 4618 3400 4678 ὡς
3430 4619 3694 4687 πλείστας

406 4711 575 4775 venit,
601 4691 858 4775 illiusque
884 4699 1055 4770 copiis
1076 4699 1413 4770 adiungitur.
1439 4696 1650 4765 Quibus
1671 4699 1764 4754 ille
1793 4700 1992 4770 elatus,

407 4819 514 4858 non
557 4801 770 4871 lugere,
801 4807 861 4853 ut
889 4794 998 4868 47
1033 4801 1182 4856 ante,
1211 4794 1428 4849 voluit:
1460 4795 1592 4864 quin
1635 4794 1816 4864 potius
1843 4795 1995 4850 ordi-

409 4904 537 4950 nato
569 4891 788 4964 agmine
815 4904 936 4944 cum
967 4884 1258 4951 Romanis,
1284 4885 1380 4957 qui
1416 4893 1528 4940 tum
1560 4885 1627 4940 ad
1656 4885 1840 4941 locum
1872 4902 1999 4957 pcr-

404 4992 696 5049 veneraut,
717 4997 878 5052 quem
912 4965 1374 5034 Tiibrelitzeman
1411 4977 1702 5033 barbarico
1735 4979 1998 5034 vocabulo

411 5083 756 5145 nuncupant,
793 5073 1040 5145 praelium
1077 5071 1315 5124 initurus
1353 5069 1703 5139 deproperat.
1736 5067 1836 5124 Est
1867 5083 2000 5126 vero

405 5171 497 5236 is,
538 5170 584 5224 si
636 5168 761 5239 quis
809 5165 986 5232 alius,
1040 5161 1274 5218 dillicilis
1309 5177 1558 5228 accessu,
1599 5178 1698 5218 nec
1728 5163 2000 5232 explicato

407 5264 676 5319 duntaxat
708 5259 935 5331 agmini,
973 5257 1070 5313 sed
1105 5265 1160 5313 et
1199 5256 1389 5327 paucis
1415 5255 1820 5323 incedentibus,
1848 5273 1995 5328 azgre

407 5357 659 5426 pervius.
695 5354 832 5409 Dum
885 5360 1068 5409 castra
1121 5348 1470 5407 communire
1519 5359 1751 5419 occupat
1805 5351 1995 5418 miles,

408 5449 729 5518 imperatur,
762 5459 950 5516 'quem
1003 5445 1189 5501 acrius
1247 5445 1526 5516 pungebat
1584 5444 1766 5497 aetatis
1823 5441 1997 5511 vigor,

409 5539 611 5610 quique
644 5539 808 5610 paulo
839 5549 966 5594 ante
1000 5538 1232 5593 duxerat
1281 5552 1506 5593 uxorem
1557 5553 1624 5592 ex
1679 5534 1998 5593 Latinorum

2103 4702 2200 4756 ἐπὶ
2245 4703 2553 4776 ὁμαιχμίαν
2585 4706 2739 4777 παρά
2797 4707 2889 4761 τὸν
2924 4707 3160 4763 σουλτάν
3195 4711 3532 4783 ἀφικόμεναι
3567 4730 3697 4769 συν-

2100 4795 2298 4867 έμιξαν
2326 4797 2448 4868 ἤδησ
2466 4797 2661 4868 τούτῳ,
2693 4793 2784 4863 αἷς
2837 4799 3097 4870 ἐπαρθεὶς
3127 4801 3320 4856 οὐκέτι
3364 4803 3589 4872 φεύγειν
3617 4805 3695 4870 ὡς

2099 4888 2164 4940 τὸ
2200 4886 2470 4958 πρότερον
2522 4887 2710 4959 ἧθελε,
2765 4889 3071 4961 ταξάμενος
3105 4890 3163 4945 δὲ
3217 4891 3514 4964 Ῥωμαίοις
3566 4894 3696 4966 περί

2099 4995 2225 5033 τινα
2246 4979 2428 5051 χῶρον
2448 4979 2960 5055 Τζιὸρηλιτζημανὶ
2981 4983 3336 5057 βαρϐαρικῶς
3359 4987 3695 5060 ὠνομασμέ-

2099 5088 2193 5126 νον
2219 5071 2320 5145 ῆδη
2352 5074 2748 5147 γεγενημένοις
2786 5077 3078 5132 ἐπιθέσθαι
3122 5079 3406 5149 ἠπείγετο.
3437 5081 3598 5135 Ἐστι
3635 5080 3695 5134 δέ

2101 5165 2131 5218 ό
2153 5165 2333 5238 χῶρος
2388 5166 2752 5238 δυσπρόσοδός
2783 5185 2845 5223 τε
2877 5171 3041 5244 είπερ
3071 5189 3158 5237 τις
3208 5174 3303 5227 καὶ
3333 5173 3565 5246 ἀνδράσι
3615 5173 3694 5246 μὴ

2102 5257 2186 5311 ὄτι
2213 5275 2276 5328 γε
2305 5261 2782 5331 συντεταγμένοις,
2811 5261 2927 5317 ἀλλ’
2965 5265 3090 5320 οὐδὲ
3143 5268 3536 5338 πορευομένοις
3571 5278 3698 5320 κατ’

2092 5348 2312 5416 ὀλίγους
2357 5351 2561 5422 ῥᾳδίως
2589 5352 2916 5424 διεξίτητος.
2942 5356 3019 5408 Τὸ
3067 5356 3171 5428 μὲν
3223 5356 3321 5412 οῦν
3368 5357 3500 5412 ἀλλο
3551 5357 3694 5410 Ῥω-

2104 5442 2286 5512 μαίων
2320 5443 2644 5514 στράτευμα
2669 5445 2771 5517 ἡδη
2812 5447 2960 5517 ἀμφὶ
3019 5446 3098 5520 τῷ
3159 5449 3364 5521 χάρακι
3402 5448 3690 5501 ἐπονεῖτο·

2105 5534 2361 5605 βασιλεὺς
2387 5535 2445 5592 δὲ
2472 5536 2534 5590 τὸ
2576 5538 2676 5609 μὲν
2716 5541 2786 5612 τῇ
2825 5539 3012 5612 ἡλικίᾳ
3050 5542 3510 5615 τυραννούμενος,
3539 5538 3600 5594 τὺ
3631 5539 3694 5596 δέ

1753 5681 1852 5738 Du
1888 5673 2113 5758 Cangij
2147 5682 2333 5742 uotae.

487 5799 599 5870 {70)
632 5797 1092 5870 Βεμπιτᾷώτην.
1121 5797 1254 5856 Vide
1291 5809 1451 5856 notus
1513 5801 1579 5858 ad
1627 5802 1800 5858 Annae
1851 5818 1902 5870 p.
1955 5802 2080 5860 188.
