4096 6400
408 360 520 426 365

1624 360 2176 426 HISTORIARUM
2216 363 2370 427 LIB.
2414 363 2493 425 II.

3574 365 3679 431 366

413 493 468 529 τι
502 475 595 529 καὶ
622 475 849 545 γυναικὶ
875 476 938 530 οὐ
972 476 1511 551 πολλῷ,ξυνοικήσας
1542 479 1834 550 πρότερον,
1858 478 2002 534 κατά

2110 487 2289 549 gente,
2323 476 2545 532 militari
2595 474 2778 547 aliquo
2818 474 3095 542 facinore,
3144 478 3440 535 secundum
3497 495 3688 537 eorum

417 567 541 631 ἔθος
572 568 634 622 τδ
664 568 848 622 αὐτῶν
870 570 1247 640 αὐτουργῆσαι
1269 588 1323 625 τι
1355 573 1411 635 ὲς
1440 571 1545 641 τὴν
1577 574 1759 644 μάχην
1783 571 2000 644 ἧθελεν.

425 661 610 733 ’Δνδρὶ
631 661 742 732 γάρ
774 663 992 732 Λατίνῳ
1021 660 1139 734 (7i)
1165 664 1290 735 ἀρτι
1315 668 1553 734 γυναῖκα
1578 668 2003 739 εἰσοικισαμένῳ

417 756 495 828 μὴ
544 756 668 827 οὐχὶ
725 756 965 828 ἀριστέα
1005 758 1243 828 φανῆναι
1268 757 1534 830 αἰσχύνην
1575 758 1702 830 οὐχὶ
1726 758 1999 830 τυχοῦσαν

413 848 712 917 ἐπάγεται.
775 847 837 902 'U
898 847 998 918 μὲν
1066 840 1160 902 οὖν
1219 848 1413 920 λόχους
1470 850 1602 921 παρ’
1661 849 1903 921 ἑκάτερα
1946 851 2005 906 ἂν

414 941 662 1012 φάραγξι
707 940 830 995 δυσὶ
871 940 1157 1006 καταθείς,
1196 941 1257 995 δν
1299 941 1400 1013 μὲν
1436 943 1499 996 ἐκ
1541 942 1655 997 τῶν
1699 943 1826 997 καθ’
1865 937 2006 1014 αἷμα

415 1033 513 1085 καὶ
542 1032 834 1100 ἐγγυτάτω
856 1032 1009 1103 αὑτῷ
1034 1032 1374 1101 συνεστῶτα,
1401 1034 1460 1089 ἑν
1481 1028 1563 1099 οἷς
1592 1035 1745 1092 ἄλλοι
1776 1053 1835 1090 τε
1861 1030 2006 1108 ἦσαν

412 1122 527 1178 τῶν
555 1124 708 1195 αὐτῷ
736 1126 1093 1180 οἰκειοτάτων
1141 1127 1333 1181 πολλοὶ
1364 1128 1459 1181 καὶ
1511 1129 1568 1183 oi
1596 1131 1716 1193 ταῖς
1747 1130 2008 1200 ἀδελφαῖς

415 1211 586 1265 αὑτοῦ
638 1213 1039 1280 ξιδνοικοῦντες,
1098 1214 1158 1271 δν
1186 1214 1243 1271 δὲ
1285 1218 1379 1271 καὶ
1418 1219 1484 1273 ἐκ
1544 1219 1868 1288 καταλόγων
1914 1220 2008 1275 δύο

417 1302 854 1373 στρατιωτικῶν,
890 1299 968 1360 ὧν
1011 1308 1198 1378 ἡγεῖτο
1221 1308 1513 1375 Νικόλαος,
1572 1311 1685 1383 (72)
1717 1313 2008 1385 ἐπίκλησιν

421 1397 712 1465 Ἄγγελος,
736 1398 879 1469 ἀνὴρ
908 1400 1009 1472 τήν
1034 1414 1093 1453 τε
1140 1404 1303 1473 χεῖρα
1334 1406 1584 1470 γενναῖος
1624 1405 1719 1459 καὶ
1751 1407 2007 1477 ἀνδρείας

415 1482 480 1540 εὖ
507 1489 683 1558 ἦκων,
718 1488 917 1554 αὐτοὺς
954 1490 1054 1561 μὲν
1085 1491 1257 1547 αὑτοῦ
1286 1493 1467 1565 ἠσυχῆ
1508 1495 1692 1564 μένειν
1731 1497 2002 1566 ἐκέλευεν,

412 1579 524 1645 ἕως
553 1580 647 1634 ἐπὶ
662 1582 790 1645 τοὺς
819 1582 1117 1654 πολεμίους
1140 1586 1306 1640 αὐτὸν
1325 1586 1700 1658 ίππαζόμενον
1736 1591 1919 1648 ἴδοιεν.
1947 1587 2006 1645 Ὃ

414 1674 475 1727 δὲ
516 1675 680 1745 μόγις
706 1675 955 1743 ἀξιοῦσιν
995 1677 1253 1750 Ἰσαακίῳ
1291 1696 1353 1734 τε
1383 1681 1631 1746 πεισθεὶς
1668 1681 1749 1754 τῷ
1791 1683 2007 1756 ἀδελφῷ

416 1767 516 1820 καὶ
557 1765 785 1840 Ἰωάννῃ
828 1766 909 1839 τῷ
928 1766 1041 1822 τῶν
1080 1770 1447 1826 ’Δνατολικῶν
1480 1773 1596 1845 (75)
1633 1775 1728 1828 καὶ
1760 1777 2005 1830 Δυτικῶν

417 1855 753 1927 δομεστίκῳ,
791 1857 910 1928 ἃμα
940 1859 1126 1923 αὐτοῖς
1159 1858 1254 1912 ὲπί
1288 1877 1343 1913 τι
1374 1863 1575 1933 χωρίον
1603 1859 1789 1936 ἦλθεν,
1839 1858 1902 1919 οὗ
1941 1866 2007 1939 δὴ

418 1950 809 2019 χορταγωγίας
831 1950 999 2005 ἕνεκα
1053 1953 1165 2008 τῶν
1200 1968 1359 2020 τινας
1402 1955 1697 2028 Ῥωμαίων
1729 1960 2009 2031 σποράδας

421 2041 600 2105 ἰόντας
630 2041 805 2113 ἑώρα,
836 2044 1076 2102 ἐνταῦθά
1128 2063 1190 2100 τε
1216 2047 1284 2102 τὰ
1315 2048 1457 2102 ὅπλα
1492 2048 1891 2122 καλυψάμενος,
1931 2052 2009 2118 ὡς

426 2132 502 2203 μὴ
533 2134 595 2187 ὲκ
631 2132 728 2187 τοῦ
753 2135 1238 2206 παραλλάσσοντος
1281 2139 1523 2210 Πέρσαις
1563 2141 1865 2214 κατάδηλος
1892 2144 2006 2216 εἴη,

424 2225 532 2278 τῶν
562 2227 789 2297 Περσῶν
819 2244 980 2292 τινας
997 2227 1071 2292 ὡς
1105 2228 1166 2283 τὸ
1192 2231 1343 2294 είκδς
1372 2233 1842 2306 κακουργίσοντας
1866 2236 2007 2291 ἰέναι

428 2312 722 2385 ἐξεδέχετο.
762 2314 856 2380 Ὠς
892 2316 951 2370 δὲ
988 2317 1165 2382 οὐδεὶς
1207 2320 1509 2391 οὐδαμόθεν
1550 2322 1702 2395 αὐτῷ
1740 2327 2003 2397 κατεφαί-

428 2419 573 2469 νετο,
602 2405 706 2459 τῶν
726 2423 853 2462 τινα
904 2408 1199 2481 Ῥωμαίων
1222 2412 1725 2485 μεταπεμψάμενος
1744 2432 2009 2489 στρατιω-

425 2495 555 2559 τῶν,
618 2498 836 2571 Πέρσην
891 2500 992 2570 μὲν
1040 2502 1102 2556 τὸ
1137 2504 1317 2572 γένος,
1335 2504 1773 2577 ΠουπάκηνΠά)
1810 2508 2003 2579 ὄνομα,

425 2588 669 2658 ἀνδρεῖον
709 2592 767 2644 δὲ
800 2592 978 2657 ἄλλως
1008 2594 1103 2648 καὶ
1134 2596 1270 2650 πολὺ
1302 2596 1364 2650 τὸ
1407 2596 1737 2668 δραστήριον
1792 2599 2007 2670 ἔχοντα,

419 2679 639 2734 ἐκέλευε
668 2684 1012 2754 προσωτέρω
1044 2687 1563 2758 χωρήσοντα,εῐπου
1596 2690 1821 2761 Περσῶν
1854 2708 2007 2755 τινας

415 2773 676 2838 ἐπιόντας
690 2776 964 2846 προσίδοι,
982 2779 1391 2849 ἐπιμελέστατα
1402 2780 1854 2854 διασκοπεῖσθαι.ί
1866 2783 2005 2857 P27]

428 2864 489 2916 '0
518 2865 618 2934 μὲν
647 2862 743 2921 οὖν
766 2868 955 2940 ἀπῄει,
988 2869 1085 2922 καὶ
1114 2871 1297 2942 μικρῷ
1344 2871 1572 2944 ὕστερον
1601 2872 1841 2929 ἐπανιὼν
1864 2877 2009 2948 Περ·

417 2956 529 3011 σῶν
565 2959 626 3011 οὐ
668 2959 921 3026 πλείονας
954 2961 1065 3015 τῶν
1101 2962 1245 3018 ὀκτὼ
1285 2963 1414 3019 ιδεῖν
1462 2964 1797 3037 ίσχυρίσατο.
1849 2966 1910 3021 Ὀ
1953 2968 2010 3023 δὲ

424 3047 681 3119 βασιλεὺς
716 3054 843 3117 τοὺς
867 3054 1059 3118 ἄλλους
1102 3056 1242 3128 πρὸς
1272 3060 1393 3121 ταῖς
1427 3058 1693 3130 ἐνέδραις,
1754 3062 2010 3135 καθάπερ

2109 585 2342 631 morem.
2378 570 2527 624 vires
2562 584 2693 625 suas
2745 568 2989 624 decrevit
3039 573 3298 641 experiri.
3336 572 3465 628 Viro
3492 576 3691 645 quippe

2109 665 2325 732 Latino,
2359 665 2455 736 qui
2504 678 2679 734 nuper
2728 664 3014 736 coniugem
3051 667 3159 723 sibi
3212 667 3522 737 nuptiarum
3567 670 3693 739 jure

2106 756 2437 826 adiunxerit,
2490 756 2695 811 nullum
2751 759 2915 812 edere
2948 759 3330 830 generositatis
3378 763 3689 830 specimen,

2076 862 2213 902 .non
2278 848 2549 903 modicum
2611 858 2697 903 est
2761 849 3021 905 dedecus.
3097 850 3324 907 Insidias
3398 854 3562 923 igitur
3627 855 3689 908 itt
3794 848 3804 855 ’

2110 939 2347 993 vallibus
2378 938 2520 994 binis
2552 939 2718 1005 locat,
2758 955 2988 1009 quarum
3023 940 3210 997 alterae.
3242 944 3578 999 constabant
3622 961 3690 1000 ex

2108 1029 2346 1102 agnatis,
2382 1031 2599 1100 sibique
2639 1031 2953 1088 arctissimo
2998 1035 3281 1105 sanguinis
3328 1050 3469 1090 nexu
3505 1039 3692 1104 proxi-

2109 1124 2237 1189 mis,
2284 1138 2350 1179 ac
2397 1124 2567 1179 etiam
2619 1124 2849 1181 sororiis
2882 1141 2897 1179 :
2934 1125 3122 1183 altera:
3150 1141 3217 1183 ex
3252 1128 3461 1184 duabus
3492 1129 3695 1184 milita-

2109 1214 2262 1271 ribus
2311 1215 2633 1271 cohortibus
2678 1217 2929 1273 conﬂataa
2981 1228 3159 1286 erant,
3211 1219 3407 1289 quibus
3464 1231 3695 1291 praeerat

2110 1305 2367 1364 Nicolaus
2399 1316 2764 1380 cognomento
2799 1310 3061 1381 Angelus,
3095 1313 3180 1367 vir
3225 1313 3456 1385 impiger
3503 1332 3693 1383 manu,

2107 1408 2163 1455 et
2194 1399 2520 1455 fortitudine
2556 1402 2805 1472 insignis.
2839 1402 2947 1458 Hos
2976 1418 3169 1461 omnes
3199 1405 3362 1460 isthic
3394 1406 3695 1464 subsistere

2104 1492 2283 1563 jubet,
2321 1496 2496 1550 donec
2520 1510 2581 1551 se
2608 1496 2951 1565 conspiciant
2977 1513 3121 1570 equo
3146 1498 3468 1555 insidentem
3503 1510 3693 1555 contra

2110 1586 2297 1643 hostes
2319 1589 2597 1660 progredi.
2621 1587 2724 1644 Vix
2750 1598 2931 1645 autem
2967 1590 3284 1661 rogantibus
3307 1591 3511 1649 lsaacio
3535 1590 3695 1647 fratri

2107 1687 2164 1735 et
2184 1678 2380 1736 Joanni
2434 1681 2796 1737 Orientalium
2827 1693 2991 1751 atque
3030 1680 3459 1738 Occidentalium
3505 1683 3696 1739 dome-

2109 1772 2249 1829 stico
2283 1786 2566 1841 assensus,
2595 1775 2760 1831 simul
2789 1788 2914 1832 cum
2949 1775 3083 1845 ipsis
3112 1777 3165 1831 in
3197 1776 3374 1832 locum
3402 1776 3692 1848 quemdam

2113 1865 2502 1937 proficiscitur,
2536 1867 2627 1921 ubi
2659 1865 3033 1921 Romanorum
3068 1875 3276 1921 turmas
3301 1866 3509 1937 aliquot
3536 1881 3696 1935 spar-

2112 1960 2214 2015 sim
2249 1957 2494 2029 pabulari
2545 1957 2954 2023 animadvertit,
3001 1957 3190 2026 ibique
3236 1957 3568 2014 absconditis
3598 1973 3695 2013 ar-

2114 2052 2242 2118 mis,
2274 2064 2342 2105 ne
2388 2065 2419 2105 a
2452 2049 2633 2106 Persis
2662 2062 2727 2104 ex
2767 2063 2956 2104 eorum
2998 2050 3407 2119 comparatione
3432 2063 3698 2119 agnosce-

2112 2150 2286 2210 retur,
2348 2142 2760 2213 opperiebatur,
2808 2141 2935 2198 dum
2985 2138 3205 2208 Persae,
3257 2141 3335 2197 uti
3394 2152 3514 2198 erat
3564 2158 3694 2199 vero

2112 2237 2325 2301 simile,
2377 2236 2430 2292 in
2479 2235 2827 2305 pabulatores
2871 2235 3163 2291 irruerent.
3216 2234 3320 2292 Ubi
3367 2250 3499 2293 vero
3534 2252 3694 2293 nemo

2112 2328 2226 2402 48
2261 2331 2313 2383 in
2366 2338 2722 2396 conspectum
2771 2328 2941 2393 venit,
2995 2326 3223 2382 militem
3262 2336 3422 2383 vocat
3476 2329 3545 2383 ad
3597 2343 3690 2395 se,

2114 2420 2337 2475 Persam
2373 2420 2594 2490 quidem
2640 2434 2864 2490 genere,
2895 2420 3070 2474 virum
3105 2421 3441 2489 czeteroquin
3474 2436 3697 2492 magna-

2114 2514 2365 2576 nimum,
2421 2526 2695 2581 manuque
2742 2519 3071 2574 strenuum,
3121 2510 3345 2567 nomine
3399 2509 3691 2580 Pupacem,

2116 2605 2245 2660 huic
2292 2602 2563 2674 praecipit,
2594 2612 2653 2657 ut
2676 2602 3059 2673 progrediatur
3088 2601 3324 2673 longius,
3355 2604 3695 2673 speculetur-

2113 2711 2217 2766 que
2248 2694 2689 2762 diligentissime,
2728 2708 2854 2747 num
2890 2692 3037 2748 forte
3078 2692 3439 2750 adventantes
3474 2696 3696 2753 aliunde

2115 2787 2311 2842 Persas
2341 2785 2712 2855 conspiceret.
2745 2784 2875 2839 Abit
2905 2784 3016 2849 ille,
3061 2793 3118 2839 et
3153 2786 3353 2858 exiguo
3386 2798 3509 2857 post
3555 2798 3697 2843 tem-

2114 2892 2265 2949 pore,
2305 2877 2454 2932 baud
2482 2874 2713 2944 amplius
2740 2885 2866 2935 octo
2905 2889 2970 2931 se
2994 2874 3194 2932 vidisse
3230 2879 3526 2934 renuntiat.
3555 2877 3695 2933 Tum

2116 2985 2243 3027 vero
2278 2970 2570 3039 princeps,
2620 2966 2870 3035 reliquis,
2919 2973 2978 3019 ut
3028 2975 3155 3021 ante
3206 2967 3413 3022 dictum
3461 2977 3587 3033 est,
3642 2969 3695 3022 in

2114 3063 2328 3118 insidiis
2357 3060 2581 3121 relictis,
2612 3073 2735 3113 cnm
2772 3060 2946 3116 fratre
2974 3067 3030 3115 et
3068 3060 3395 3126 domestico,
3428 3075 3697 3129 praemon-

414 3144 655 3217 εἴρηται,
700 3146 987 3202 ἀπολιπὼν
1034 3148 1198 3213 αὐτὸς
1254 3151 1354 3204 σὺν
1402 3150 1480 3222 τῷ
1524 3152 1747 3224 ἀδελφῷ
1797 3154 1894 3208 καὶ
1929 3154 2004 3226 τῷ

2113 3164 2326 3210 strante
2381 3155 2527 3206 viam
2577 3151 2816 3221 Pupace,
2852 3163 3057 3221 quanta
3109 3155 3284 3223 potuit
3312 3154 3592 3210 celeritate
3640 3156 3692 3210 itt

414 3237 724 3309 δομεστίκῳ
744 3239 840 3293 τοῦ
868 3241 1133 3313 Πουπάκη
1166 3242 1264 3313 τὴν
1289 3243 1412 3296 ὁδὸν
1435 3245 1620 3312 σφίσιν
1648 3245 1998 3300 ὑποδεικνύν-

417 3346 534 3395 τος,
570 3324 604 3405 ᾖ
643 3332 847 3403 τάχους
890 3328 1039 3405 εἶχεν
1067 3336 1154 3388 ἐπ’
1190 3335 1430 3399 ἐκείνους
1456 3338 1679 3408 ἧλαυνε.
1730 3337 2006 3411 Γαμὸροῖς

420 3422 606 3491 μέντοι
636 3427 750 3489 τοῖς
790 3426 959 3480 αὐτοῦ
994 3428 1086 3481 ἐπὶ
1115 3427 1371 3483 τοσοῦτον
1402 3431 1787 3501 ἀγανακτῆσαι
1821 3448 2011 3503 περιο-

417 3512 667 3584 ραθεῖσιν
705 3516 946 3585 ἐγένετο,
974 3519 1049 3585 ὡς
1080 3523 1175 3574 καὶ
1202 3520 1385 3592 ὅρκοις
1417 3521 1879 3594 φρικωδεστάτους
1904 3523 2005 3577 αὕ-

415 3607 529 3660 τῶν
550 3624 610 3662 τε
639 3608 875 3665 ἕκαστον
905 3612 1001 3666 καὶ
1027 3613 1236 3676 πάντας
1264 3613 1403 3684 ὁμοῦ
1429 3614 1689 3686 ξυνδῆσαι
1719 3618 1814 3670 καὶ
1835 3634 2009 3671 κατα-

415 3696 626 3765 λασεῖν,
651 3695 687 3772 ἦ
711 3700 820 3770 μὴν
857 3701 991 3772 μηδὲ
1019 3702 1331 3776 βουλομένῳ
1364 3704 1431 3759 ἂν
1464 3704 1611 3759 οὕτω
1642 3705 1782 3779 τύχῃ
1806 3706 2010 3777 ταύτην

416 3792 758 3863 ξυνάρασθαι
781 3794 995 3865 βασιλεῖ
1013 3798 1113 3868 τὴν
1126 3802 1130 3806 ’
1142 3797 1346 3869 μάχην.
1369 3799 1637 3864 Βασιλεὺς
1657 3800 1715 3853 δὲ
1727 3799 1882 3854 obruto
1896 3802 2009 3864 τοῖς

412 3884 695 3953 ὀραθεῖσιν
729 3887 1062 3958 ἀνεμίγνυτο
1089 3889 1198 3943 τῶν
1233 3891 1482 3960 Περσῶν,
1516 3892 1613 3946 καὶ
1641 3894 1722 3957 εἰς
1745 3892 2010 3947 ὀκτωκαί-

413 3976 551 4032 δεκα
581 3979 809 4042 τούτους
848 3979 1134 4052 ἠθροῖσθαι
1163 3982 1506 4040 συνέϐαινεν.
1551 3984 1749 4039 Ἤθελε
1778 3986 1879 4056 μὲν
1906 3983 2006 4040 οὖν

2109 3261 2204 3301 eos
2242 3245 2546 3299 contendit.
2599 3243 2667 3295 At
2705 3241 2853 3296 illius
2885 3241 3314 3313 consanguinei,
3359 3241 3500 3311 quod
3547 3243 3696 3299 nullo

2110 3335 2227 3390 loco
2279 3333 2448 3389 habiti
2500 3332 2599 3386 visi
2643 3340 2847 3399 essent,
2897 3339 3042 3385 tanta
3092 3341 3411 3386 exarserunt
3444 3331 3694 3404 indigna-

2110 3429 2279 3493 tione,
2332 3435 2392 3479 ut
2449 3424 2739 3479 horrendis
2793 3425 3155 3480 sacramentis
3209 3439 3293 3486 se,
3324 3434 3379 3478 et
3426 3434 3697 3495 quotquot
3800 3478 3803 3479 ν

2114 3521 2344 3577 aderant
2370 3533 2583 3585 omnes,
2616 3518 3078 3585 constringerent,
3127 3518 3292 3572 etiam
3352 3518 3396 3572 si
3444 3517 3695 3585 iuberet,
3797 3553 3805 3561 .

2112 3613 2371 3683 deinceps
2438 3622 2541 3665 una
2595 3626 2719 3665 cum
2780 3610 3111 3679 imperatore
3180 3624 3290 3664 non
3353 3623 3415 3664 se
3465 3608 3696 3677 amplius

2107 3713 2437 3759 certaturos.
2493 3702 2585 3757 Ille
2614 3702 2759 3756 visos
2793 3700 2990 3757 Persas
3034 3716 3144 3757 non
3175 3709 3304 3756 ante
3328 3708 3414 3755 est
3447 3700 3694 3765 adortus,

2106 3811 2270 3867 quain
2320 3794 2622 3851 coivissent
2671 3806 2904 3848 numero
2964 3792 3293 3847 octodecim.
3336 3790 3473 3847 Cum
3529 3791 3698 3859 igitur

2107 3890 2267 3946 vellet
2313 3890 2654 3961 gestiretque
2726 3885 2848 3942 illos
2896 3887 3083 3944 statim
3139 3885 3417 3952 invadere,
3460 3899 3527 3939 ne
3570 3897 3694 3938 cum

2106 3992 2290 4039 essent
2313 3982 2707 4054 expeditiores,
2728 3979 2853 4049 fuga
2884 3992 2942 4035 se
2972 3978 3357 4048 proriperent;
3391 3991 3491 4031 nec
3515 3983 3697 4045 posset

1752 4119 1851 4181 Du
1888 4118 2115 4199 Cangii
2150 4125 2341 4180 nota).

488 4244 605 4315 (7i)
654 4243 846 4315 ’ᾼνδρῑ
880 4242 996 4314 γὰρ
1015 4243 1271 4311 Λατίνῳ.
1295 4243 1547 4299 Solemus
1572 4241 1749 4315 inisse
1772 4241 1849 4315 ait
1874 4241 2006 4297 ϐίης

416 4313 631 4380 namus,
670 4313 881 4370 Latinis
935 4313 1286 4384 proceribus,
1327 4316 1465 4377 sive,
1508 4314 1584 4367 uti
1642 4313 2003 4381 vocabantur,

418 4386 739 4448 baronibus,
794 4393 855 4439 ut
911 4385 1092 4440 statim
1142 4394 1270 4454 post
1304 4384 1467 4439 initas
1503 4384 1742 4454 nuptias,
1779 4384 1998 4438 fortitu-

416 4455 567 4510 dinis
596 4470 712 4511 sua:
733 4470 797 4509 ac
824 4452 1171 4510 dexteritatis
1194 4454 1465 4523 specimen
1499 4452 1721 4523 aliquod
1744 4455 1996 4516 ederent,

417 4527 473 4595 in
506 4540 772 4581 novarum
821 4535 1112 4595 nuptarum
1148 4525 1382 4594 gratiam
1419 4541 1435 4579 :
1477 4526 1622 4595 quod
1651 4524 2001 4593 potissimum

414 4593 588 4652 ﬁebat
650 4597 700 4649 in
753 4593 1099 4664 equeStribus
1152 4593 1619 4650 decertationibus
1672 4608 1737 4648 ac
1784 4601 2003 4664 torncag

418 4667 642 4730 tuentis,
672 4663 1062 4734 qum’piurimo
1093 4680 1199 4720 non
1231 4664 1393 4719 modo
1421 4676 1545 4718 cum
1580 4673 1874 4733 apparatu,
1906 4663 2003 4718 sed

416 4743 471 4790 et
500 4749 896 4802 generosorum
947 4736 1177 4790 militum
1207 4749 1479 4789 concursu
1509 4734 1761 4787 solebant
1794 4736 1999 4802 peragi,

416 4752 471 4790 ει
536 4752 896 4790 enerosorum
947 4752 1177 4790 llillllllm
1207 4752 1479 4789 CODCIII’S“
1509 4752 1761 4787 εοιθυιιηι
1794 4752 1999 4802 peragi,

412 4816 469 4860 et
500 4752 732 4861 gestivas
780 4804 1090 4872 nuptiarum
1162 4806 1513 4859 caeremonias
1550 4804 1817 4873 ludusque
1856 4818 2000 4859 cont-

417 4876 590 4943 plcre,
628 4876 682 4928 in
714 4876 916 4945 quibus
946 4890 1083 4929 nova
1135 4885 1338 4944 nupta,
1372 4874 1696 4944 ceterisque
1741 4874 2002 4929 matronis

415 4946 824 5015 spectantibus,
868 4960 1043 4999 novus
1088 4945 1293 5014 conjux
1340 4945 1483 4998 vires
1524 4959 1650 4998 suas
1678 4945 1999 5012 experieba-

413 5025 548 5069 tur:
580 5015 736 5084 cujus
780 5016 919 5069 ritus
963 5015 1172 5070 infinita
1220 5024 1471 5085 prostant
1514 5015 1781 5082 exempla.
1830 5015 2002 5067 Inter-

412 5087 543 5139 dum
597 5087 788 5148 etiam,
841 5100 951 5155 quo
998 5087 1328 5140 amasiarum
1379 5098 1633 5147 suarum,
1680 5085 1829 5138 edito
1864 5098 2003 5155 praes

414 5156 567 5210 claro
627 5156 813 5225 aliquo
861 5154 1067 5211 bellico
1118 5156 1363 5211 facinore
1409 5155 1843 5209 benevolentiam
1897 5154 2001 5209 sibi

413 5226 797 5291 conciliarent,
830 5225 1094 5280 bellorum
1126 5227 1445 5281 occasiones
1469 5225 1807 5293 quaerebant,
1842 5235 1903 5277 ιη
1946 5226 2000 5279 in

416 5296 482 5350 iis
517 5296 724 5352 bellicae
757 5298 979 5351 virtutis
1017 5295 1235 5350 laudem
1263 5306 1751 5363 consequerentur,
1790 5296 1875 5349 vel
1907 5295 2002 5350 de-

413 5366 583 5436 nique
612 5370 666 5420 in
699 5367 930 5421 solemni
950 5366 1130 5437 aliqua
1156 5368 1446 5420 venatione
1456 5376 1670 5437 _contra
1693 5366 2002 5436 ferasipsas

411 5434 795 5493 desteritatem
827 5451 985 5491 suam
1028 5434 1403 5492 ostentabant.
1454 5434 1532 5489 Eo
1566 5439 1710 5489 enim
1749 5434 2002 5501 spectant

410 5523 531 5575 qua:
552 5505 715 5561 habet
738 5517 892 5560 vetus
922 5521 1112 5577 poema
1140 5506 1492 5561 vernaculum
1525 5521 1625 5559 ms.
1650 5509 1717 5562 de
1745 5506 1998 5561 Alberico

410 5577 746 5649 Burgundiaa
771 5578 910 5631 duce
942 5579 1137 5633 lictitio
1161 5593 1177 5631 :

524 5684 614 5740 Dii
651 5683 705 5737 la
736 5685 906 5749 mine,
946 5684 1066 5736 aius
1108 5684 1206 5737 sist
1231 5682 1358 5736 moli
1397 5695 1550 5753 grmu
1594 5682 1789 5753 {olaige

523 5756 631 5822 Qui
654 5770 753 5823 por
783 5769 854 5808 un
884 5770 1011 5824 porc
1058 5772 1091 5808 a
1133 5758 1232 5807 mis
1280 5770 1374 5807 son
1409 5769 1524 5808 cors
1556 5771 1617 5807 en
1646 5759 1817 5825 gutge,

518 5827 717 5882 Auberi
756 5825 920 5892 l'aisi,
961 5827 1005 5880 si
1057 5835 1264 5894 respont
1295 5842 1417 5879 satis
1453 5827 1713 5893 outraiye,

2219 4241 2408 4303 Deme,
2454 4239 2640 4293 i‘mvoie
2679 4238 2825 4304 prius
2863 4236 2912 4290 si
2937 4236 3067 4289 haut
3090 4237 3370 4303 mariaige,

2220 4312 2334 4375 Qne
2362 4312 2478 4364 bien
2504 4309 2682 4362 devoie
2711 4314 2975 4361 monstrer
3000 4322 3121 4361 mon
3149 4307 3457 4376 uasselaige.

2178 4424 2291 4496 (⁸72)
2333 4423 2655 4496 Νικόλαος.
2697 4420 2891 4496 Frater
2938 4420 3079 4496 forte
3105 4420 3449 4476 Constantini
3500 4420 3694 4492 Angcli

2034 4497 2076 4553 D
2108 4489 2460 4572 Philadelphi
2485 4495 2551 4547 de
2579 4507 2687 4572 quo
2723 4489 2860 4570 infra
2884 4505 2948 4572 ρ.
2977 4490 3105 4547 224.

2184 4565 2297 4636 (7‘5)
2340 4564 2584 4636 Ἰωάννῃ
2599 4560 2688 4629 τῷ
2708 4561 2854 4636 τῶνΔ
2884 4560 3297 4636 Ἆγατολικῶν.
3317 4570 3427 4618 etc.
3457 4560 3693 4636 Joannes

2110 4630 2396 4698 Ax'uchns,
2433 4630 2590 4703 cujus
2633 4631 3096 4703 tueminitnNicet.
3128 4634 3180 4687 in
3226 4630 3385 4703 luas.
3422 4650 3476 4687 n.
3522 4631 3578 4686 li
3625 4633 3694 4685 12

2110 4710 2162 4763 in
2197 4707 2338 4762 Man.
2370 4706 2404 4758 Ι.
2441 4722 2480 4768 r,
2507 4701 2566 4757 Vn.
2598 4704 2650 4764 1,
2678 4711 2837 4774 etc._5
2870 4702 3027 4774 Erat,
3059 4703 3235 4774 inquit
3271 4701 3492 4774 Tyrius,
3520 4703 3556 4756 l.
3596 4717 3691 4763 xv,

2110 4796 2161 4833 (τ.
2197 4778 2290 4840 25,
2334 4778 2470 4830 inter
2494 4774 2759 4843 principes
2786 4770 2871 4845 [P.
2898 4772 3028 4845 458.]
3060 4770 3147 4845 eir'
3167 4770 3480 4844 magniﬁcus
3518 4787 3695 4845 maga:

2106 4848 2431 4903 domesticus
2486 4841 2722 4898 Joannes
2780 4841 3028 4898 ἠοηιὶηε.’
3053 4844 3129 4899 De
3186 4841 3367 4914 magni
3410 4841 3695 4914 domestici

2107 4919 2376 4991 dignitate
2411 4916 2545 4970 nihil
2581 4917 2670 4969 hic
2700 4927 2938 4991 congero
2964 4956 2979 4979 ,
3032 4930 3154 4991 cum
3192 4911 3356 4991 muita
3393 4914 3493 4967 viri
3538 4911 3688 4991 docti

2108 4981 2458 5051 advnotarint;
2494 4996 2704 5040 tantum
2734 4981 2895 5056 addo
2945 4981 3689 5056 protodomesticumtalium

2110 5061 2283 5113 videri
2326 5071 2355 5111 a
2406 5073 2478 5111 tu.
2513 5053 2819 5111 domestico
2850 5053 2903 5108 in
2936 5051 3036 5109 bac
3078 5056 3301 5117 inedita,
3328 5066 3449 5119 qua!
3490 5051 3694 5107 Medio-

2110 5130 2219 5185 lani
2243 5131 2298 5185 in
2334 5129 2449 5184 aede
2477 5125 2537 5181 S.
2567 5122 2767 5179 Vitatis
2794 5135 2998 5184 exstat.
3025 5122 3384 5193 inscriptione
3413 5139 3427 5175 :

2389 5234 2441 5274 Β.
2468 5234 2525 5273 tt.
2546 5232 2631 5273 ιη..
2658 5234 2923 5275 Αυκειιυε
2949 5234 3087 5273 rnor
3116 5217 3234 5289 (sic)
3266 5228 3397 5269 non.

2389 5304 2629 5346 Εετιευθ.
2660 5306 2770 5353 QUI.
2804 5304 2971 5345 νιιιτ.
3012 5304 3188 5343 ΑΝΝΙδ.

2390 5376 2443 5414 [ι.
2475 5375 2536 5415 Ι.
2572 5376 2675 5415 1111.
2716 5376 2772 5416 D.
2816 5373 2915 5415 1111.
2950 5376 3016 5413 ΑΡ

2389 5446 2573 5487 CUTIO.
2606 5447 2874 5487 UBERTUS
2910 5446 3003 5484 ΕΠ]
3024 5450 3058 5484 ί.

2389 5516 2580 5556 POSUI'I'
2620 5514 2793 5557 CONTR
2804 5517 2831 5554 Δ
2870 5516 2934 5553 νο

2390 5587 2524 5627 τως.
2561 5587 2682 5626 ειοε
2708 5585 3028 5626 BENEMEBEN

2387 5661 2465 5698 τι.
2500 5658 2745 5697 PATRONO
2774 5656 2894 5696 SUO.

2184 5752 2299 5821 (74)
2343 5747 2700 5817 Πουπάκην.
2730 5744 3409 5821 _St_)|ymanni_lconicttsis
3442 5743 3682 5820 proceris

2108 5816 2379 5881 ex'l'ra'tre
2411 5830 2691 5888 nchIetu.
2729 5816 2869 5873 infra
2906 5832 2959 5887 p.
2995 5817 3117 5874 1H.
