4096 6408
438 347 544 416 361

436 559 667 614 distaret
705 552 916 624 procul,
951 551 1170 608 tandem
1211 551 1266 608 id
1304 549 1760 607 comminiscitur.
1793 549 2028 622 Pupacae

435 651 692 721 imperat,
733 655 792 701 ut
843 644 1028 702 Persis
1080 644 1371 700 accederet
1425 659 1592 716 quam
1647 644 1920 714 proxime,
1971 653 2025 701 et

433 742 599 800 simul
637 757 702 796 ae
729 740 854 796 illos
897 746 1154 795 cerneret
1185 737 1471 805 advenire,
1508 736 1690 808 fugam
1730 738 2021 808 arriperet,

434 851 534 892 nec
568 833 882 897 desisteret,
921 831 1097 888 donec
1153 829 1258 885 sibi
1303 829 1716 900 adiungeretur.
1766 828 2021 884 Mandata

434 929 528 984 ille
583 932 899 991 exsecutus,
954 922 1214 978 Barbaris
1269 921 1712 992 insequentibus,
1763 921 2021 992 paulatim

433 1019 626 1084 cessit,
689 1033 796 1072 non
856 1026 1038 1072 tamen
1091 1015 1165 1070 ita
1213 1015 1510 1070 maturavit
1567 1014 1773 1086 fugam,
1831 1023 1891 1069 nt
1939 1014 2020 1068 sui

431 1109 736 1180 attingendi
785 1121 935 1178 spem
971 1106 1290 1177 prmriperet
1332 1102 1621 1168 hostibus’;
1663 1120 1786 1160 cum
1821 1119 1951 1159 vero
1985 1103 2021 1157 ii

432 1202 643 1257 fraudis
695 1200 864 1256 nescii
914 1199 981 1252 ad
1031 1195 1748 1268 imperatoremhsusque
1792 1195 2024 1250 fuissent

433 1295 716 1362 pertracti,
771 1291 906 1346 nihil
959 1291 1085 1346 inde
1141 1299 1318 1347 tamen
1362 1303 1428 1344 ex
1464 1290 1648 1344 animo
1693 1288 1783 1342 ille
1821 1303 2020 1342 conse-

429 1397 593 1443 cutus
632 1396 738 1440 est.
793 1382 916 1454 ipso
964 1384 1164 1453 quippe.
1214 1383 1618 1445 animadverso,
1660 1381 1846 1437 statim
1885 1381 2022 1452 fugae

435 1496 498 1534 se
533 1479 756 1534 dedere.
812 1475 937 1532 Mox
973 1475 1211 1545 adiuncti
1259 1474 1656 1544 quinquaginta
1707 1475 1832 1530 aliis
1888 1476 2021 1528 sub-

430 1573 810 1641 sequentibus,
861 1583 1098 1623 Anumcro
1149 1567 1390 1631 confisi,
1453 1567 1742 1622 censilium
1798 1568 2022 1637 capiunt

426 1665 758 1736 opperiundi
795 1661 1165 1731 imperatoris.
1202 1662 1321 1725 llle,
1353 1661 1456 1717 etsi
1489 1661 1722 1716 comites
1763 1670 1818 1717 ut
1851 1661 2022 1730 pluri-

432 1774 582 1812 mum
621 1756 853 1810 facinus
889 1754 1266 1823 improbarent
1297 1768 1466 1823 seque
1513 1754 1782 1808 dictarent
1827 1753 2019 1823 procul

416 1859 672 1906 semotus
708 1849 776 1903 ab
811 1848 1086 1911 exercitu,
1118 1855 1299 1900 tamen
1340 1845 1477 1900 laxis
1516 1845 1768 1908 habenis,
1801 1859 1868 1900 ne
1895 1853 2018 1899 tan-

415 1944 604 1999 -tilluiu
659 1941 883 2012 quidem
943 1950 1228 2004 moratus,
1293 1938 1623 2008 insequitur.
1685 1937 2017 2008 Aliquandiu

428 2037 652 2105 quidem
685 2033 850 2089 etiam
889 2032 1298 2088 sebastocrator
1332 2029 1434 2101 ipsi
1471 2029 1660 2086 aderat
1685 2039 1740 2085 et
1761 2045 1865 2084 una
1891 2044 2016 2085 cum

419 2143 498 2184 eo
546 2127 818 2198 fugientes
871 2125 1057 2181 hostes
1129 2138 1272 2194 equo
1311 2133 1500 2179 vectus
1529 2123 1877 2194 sequebatur.
1911 2120 2016 2178 Ubi

427 2235 561 2278 vero
596 2218 827 2290 fatigato
853 2217 966 2288 jam
997 2231 1140 2286 equo
1167 2231 1394 2286 pergere
1417 2215 1646 2271 ulterius
1676 2230 1788 2270 non
1815 2223 2014 2285 potest,

427 2313 776 2383 despondens
829 2311 1073 2365 animum
1127 2308 1414 2380 saluteque
1468 2307 1873 2378 quodammodo
1919 2307 2015 2362 de-

427 2413 670 2477 sperata,
707 2404 937 2457 fratrem
973 2401 1251 2466 obsecrat,
1291 2399 1590 2469 uxorisque
1618 2413 1683 2453 ac
1717 2399 2014 2454 liberorum

425 2509 614 2550 curam
669 2492 871 2548 habeat
925 2490 1196 2546 hortatur.
1231 2489 1301 2544 At
1332 2489 1421 2546 ille
1471 2503 1807 2545 succensens
1858 2487 2014 2544 fratri

425 2588 876 2658 exprobrausque
916 2593 1115 2639 metum
1149 2601 1165 2638 :
1203 2600 1222 2635 ι
1255 2581 1484 2648 Frater,
1541 2581 1720 2651 inquit
1745 2621 1761 2646 ,
1805 2583 2018 2638 charis-

424 2679 590 2744 siine,
628 2692 787 2733 mene
813 2677 942 2733 dum
989 2684 1274 2745 superstes
1318 2673 1395 2729 sis
1428 2674 1738 2729 existimant
1765 2674 1867 2730 sub
1905 2688 2017 2729 ma-

428 2773 590 2829 nibus
647 2780 700 2826 te
749 2771 990 2827 hostium
1043 2767 1410 2824 relicturum?
1445 2767 1594 2833 noli,
1643 2782 1849 2836 quaeso,
1903 2775 2014 2822 tam

425 2865 652 2935 indigne
681 2863 752 2918 de
783 2878 870 2919 me
902 2871 997 2917 aut
1025 2859 1256 2928 sentire,
1302 2869 1398 2916 aut
1426 2860 1595 2930 loqui.
1636 2877 1656 2912 ι
1708 2859 1846 2915 Τιιηι
1875 2858 1964 2916 ille
1995 2876 2011 2916 :

430 2978 450 3012 ι
477 2957 637 3015 Mane
677 2956 866 3028 igitur,
893 2955 991 3022 ait,
1049 2955 1224 3011 donec
1270 2962 1449 3010 tecum
1500 2950 1780 3010 Barbaros
1819 2968 2015 3025 aggre-

425 3051 569 3107 diar.
607 3067 626 3102 »
662 3047 967 3119 Imperator
997 3055 1182 3102 autem
1213 3062 1227 3102 :
1263 3064 1283 3099 ι
1327 3045 1455 3102 Post
1490 3045 1683 3100 initum
1724 3045 1969 3116 praelium
1992 3083 2008 3111 ,

1715 343 2046 407 IOANNIS
2083 341 2418 407 CINNAMI
3599 411 3602 416 _

437 482 563 522 cum
621 462 688 518 iis
737 457 937 517 collato
983 456 1123 530 pede
1170 455 1430 530 praeliari,
1477 456 1622 529 quod
1677 456 1794 528 ipse
1847 458 2010 513 adhut

2130 458 2226 511 καὶ
2249 454 2556 528 ἐσφάδαζεν
2580 453 2668 510 ἐπ’
2691 455 2893 519 αὐτοὺς
2919 454 3062 510 ίέναι
3085 470 3104 489 ο
3125 453 3279 519 ὅπως
3301 453 3492 525 μέντοι
3515 453 3593 527 μὴ
3627 458 3726 512 ᾶτε

3612 341 3726 405 3ῦ8

2129 549 2487 620 εὐζωνότεροι
2564 549 2718 612 ὅντες
2775 547 3082 620 ἀποδρᾶναι
3133 547 3416 618 δυνηθεῖεν
3476 548 3558 621 (οὐ
3613 550 3728 622 γὰρ

2128 637 2276 714 εῖχεν
2302 643 2367 696 ἐκ
2391 642 2488 696 τοῦ
2517 641 2705 712 σχεδὸν
2731 641 2916 696 αὐτῶν
2956 641 3418 696 καθιππάσασθαι
3448 643 3726 714 ἀπωτέρω

2127 737 2212 791 ἔτι
2235 735 2456 807 ἑστώς),
2501 737 2683 791 τοιάδε
2718 735 2844 791 τινὰ
2881 735 3110 792 ἐνενόει.
3173 735 3428 789 Ἐκέλευε
3455 735 3550 790 τὸν
3578 737 3728 789 Hou-

2127 833 2313 901 πάκην
2339 830 2572 900 ἔγγιστα
2595 829 2778 884 αὐτῶν
2807 828 3095 898 γεγονότα,
3124 828 3344 882 ἐπειδὰν
3385 829 3725 900 προσιόντων

2125 923 2394 986 αῐσθοιτο,
2449 923 2676 992 φεύγειν
2715 921 2948 992 δυνάμει
2987 923 3054 992 τῇ
3097 921 3247 992 πάσῃ
3294 921 3400 983 ἕως
3456 920 3558 992 ἤδη
3594 919 3726 989 παρ’

2125 1017 2293 1071 αὐτὸν
2359 1017 2592 1086 γένοιτο.
2660 1017 2720 1069 '0
2777 1017 2878 1086 μὲν
2938 1010 3034 1068 οῦν
3091 1013 3236 1067 κατὰ
3294 1012 3358 1066 τὸ
3431 1011 3724 1066 κελευσθὲν

2129 1107 2331 1171 ἐποίει,
2369 1107 2492 1161 ἐπεί
2531 1125 2590 1161 τε
2618 1106 2913 1161 διώκεσθαι
2944 1106 3082 1177 πρὸς
3121 1106 3231 1159 τῶν
3274 1103 3580 1176 Βαρϐάρων
3621 1104 3725 1175 ἡρ-

2125 1200 2256 1268 ξατο
2306 1200 2430 1272 ἤδη,
2492 1201 2694 1270 ἔφευγε
2749 1199 2976 1254 λοιπόνο
3031 1201 3093 1253 ού
3129 1203 3318 1270 μέντοι
3372 1201 3724 1255 παντάπασιν

2124 1293 2416 1363 κατετάχει
2438 1292 2529 1347 τὸν
2557 1293 2781 1365 δρόμον.
2810 1293 2897 1346 ἀεὶ
2926 1293 2982 1347 δὲ
3012 1291 3207 1346 ἐλπίδα
3238 1291 3332 1345 τοῦ
3361 1292 3722 1364 καταληφθή-

2127 1384 2318 1440 σεσθαι
2351 1385 2539 1453 σφίσιν
2567 1385 3023 1455 ἐμπαρεχόμενος
3053 1383 3250 1438 ἐλαθεν
3269 1383 3443 1448 οὕτως
3467 1379 3596 1456 ἄχρι
3621 1386 3723 1438 καὶ

2123 1478 2206 1541 εἰς
2245 1477 2470 1548 βασιλέα
2501 1477 2725 1535 τούτους
2756 1477 3251 1548 παρελκυσάμενος
3275 1493 3289 1508 ·
3319 1478 3382 1532 ού
3443 1477 3550 1549 μὴν
3594 1479 3720 1532 οὐδὲ

2123 1570 2200 1632 ὡς
2231 1568 2326 1623 τοῦ
2351 1570 2493 1623 κατὰ
2552 1571 2756 1623 σκοπὸν
2791 1569 3046 1638 βασιλεὺς
3082 1569 3296 1640 ἔτυχεν.
3351 1569 3572 1640 Ἐπειδὴ
3611 1571 3722 1642 γὰρ

2124 1663 2287 1718 αὑτὸν
2302 1659 2446 1716 εἶδον
2471 1663 2668 1717 θᾶττον
2685 1663 2719 1735 ἢ
2738 1664 2896 1732 λόγος
2918 1664 3362 1735 ἐξιππασάμενοι
3384 1663 3615 1735 ᾤχοντο·
3642 1664 3721 1728 ὡς

2122 1755 2181 1808 δὲ
2206 1756 2553 1826 πεντήκοντα
2571 1756 2781 1827 ἑτέροις
2808 1757 3039 1810 κατόπιν
3059 1757 3240 1810 αὐτῶν
3265 1755 3406 1809 ίοῦσι
3432 1755 3717 1825 συνῆλθον,

2119 1847 2200 1918 τῷ
2241 1847 2440 1920 πλήθει
2488 1847 2868 1919 θαρσήσαντες
2895 1847 3211 1918 ἐλογίζοντο
3241 1848 3343 1920 ήδη
3374 1848 3448 1912 ὡς
3483 1851 3717 1901 ἐπιόντα

2117 1939 2310 1994 τοῦτον
2334 1940 2793 2012 ὑποστησόμενοι.
2831 1941 2889 1994 '0
2915 1941 2972 1995 δέ
2997 1943 3178 1995 καίτοι
3207 1941 3381 1996 πολλὰ
3417 1941 3530 1994 τῶν
3576 1941 3718 2012 ἀμφ’

2121 2030 2292 2086 αὑτὸν
2320 2032 2423 2085 ούκ
2477 2033 2851 2087 ἐπαινούντων
2891 2033 2954 2086 τὸ
2995 2033 3308 2106 ἐγχείρημα
3352 2033 3555 2101 (πολλῷ
3606 2038 3719 2101 γὰρ

2122 2124 2367 2192 ἔφασκον
2396 2125 2500 2197 ἤδη
2542 2123 2746 2178 ἄποθεν
2791 2122 2887 2177 τοῦ
2921 2125 3330 2198 στρατεύματος
3381 2123 3579 2188 αὐτοὺς
3623 2139 3719 2189 γε·-

2124 2215 2439 2286 γενῆσθαι),
2473 2217 2618 2281 ὅλοις
2645 2217 2796 2288 ὅμως
2815 2217 3084 2288 ῥυτῆρσιν
3111 2217 3340 2272 ἐδίωκεν
3361 2217 3556 2271 οὐδένα
3588 2233 3719 2270 και-

2121 2307 2217 2377 ρὸν
2273 2307 2471 2369 ἀνιείς.
2515 2307 2698 2378 Μέχρι
2749 2309 2850 2377 μέν
2885 2303 2982 2362 οὖν
3043 2326 3188 2372 τινος
3227 2308 3526 2381 συμπαρῆν
3563 2307 3718 2377 αὐτῷ

2118 2398 2213 2453 καὶ
2237 2401 2265 2453 ὁ
2293 2398 2762 2472 σεϐαστοκρᾶτωρ
2793 2401 2889 2454 καὶ
2910 2398 3285 2466 συνιππάζετο
3311 2417 3326 2432 ’
3376 2401 3503 2454 ἐπεὶ
3536 2400 3592 2454 δέ
3614 2398 3716 2452 τοῦ

2121 2491 2294 2546 ἵππου
2331 2492 2436 2563 ἤδη
2481 2491 2653 2546 αὑτοῦ
2711 2493 3063 2566 κεκμηκότος
3115 2494 3302 2548 οὐκέτι
3361 2495 3716 2566 προσώτερον

2117 2585 2321 2656 χωρεῖν
2363 2585 2616 2654 ἠδύνατο,
2680 2585 2846 2650 αὐτὸς
2890 2588 2991 2656 μέν
3029 2585 3198 2642 αὐτοῦ
3256 2603 3360 2640 που
3407 2586 3713 2652 ἐλέλειπτο,

2117 2677 2218 2747 τήν
2247 2684 2320 2730 τε·
2338 2677 2621 2751 σωτηρίαν
2662 2678 2765 2749 ἥδη
2797 2679 3076 2747 ἀπογνοὺς
3121 2678 3296 2732 πολλὰ
3338 2679 3432 2732 τὸν
3478 2678 3714 2747 ἀδελφὸν

2117 2769 2424 2841 παρεκάλει
2455 2771 2717 2840 γυναικός
2746 2787 2806 2824 τε
2839 2770 2935 2824 καὶ
2964 2769 3172 2824 παίδων
3195 2770 3458 2840 περὶτῶν
3485 2771 3710 2826 ἐαυτοῦ.

2129 2863 2189 2918 '0
2213 2862 2270 2916 δὲ
2295 2861 2448 2935 αὐτῷ
2478 2863 2580 2934 μὲν
2605 2864 2846 2935 ἐπετίμα
2886 2867 2983 2918 καὶ
3025 2863 3126 2936 τὴν
3153 2863 3454 2935 ὀλιγωρίαν
3495 2862 3712 2916 ὠνείδι-

2117 2956 2232 3023 (ev,
2267 2951 2450 3024 «Εἶτα,
2474 2955 2671 3027 λέγων,
2691 2952 2738 3013 ὦ
2755 2957 2979 3028 φίλτατε
3005 2958 3224 3028 ἀδελφέ.
3245 2956 3426 3024 ζῶντά
3455 2974 3522 3028 με
3552 2957 3711 3011 ὑπείο

2115 3047 2296 3120 ληφας
2322 3049 2430 3104 ὑπὸ
2455 3051 2576 3114 ταῖς
2605 3050 2716 3104 τῶν
2747 3051 3026 3122 πολεμίων
3063 3069 3122 3105 σε
3147 3051 3459 3104 λελοιπέναι
3503 3051 3663 3123 χερσί
3688 3068 3707 3118 ;

423 3143 625 3215 inquit,
659 3156 824 3213 quam
853 3140 966 3196 cito
1002 3137 1150 3195 Deus
1189 3137 1406 3196 dederit
1435 3138 1502 3195 ad
1533 3147 1586 3195 te
1614 3137 1820 3194 redibo.
1851 3137 2010 3194 Nunc

2115 3143 2209 3214 Μὴ
2246 3141 2312 3197 σύ
2340 3158 2428 3212 γε·
2463 3143 2541 3216 μὴ
2566 3142 2742 3207 οὕτως
2763 3145 2998 3212 ἀναξίως
3030 3145 3227 3199 ἐαυτοῦ
3277 3146 3372 3199 καὶ
3399 3147 3586 3218 φρόνει
3608 3145 3710 3199 καὶ

423 3241 642 3310 quidem
695 3238 802 3294 alia
861 3235 1047 3292 animo
1097 3235 1485 3300 obversantur,
1535 3247 1600 3289 ac
1653 3232 1842 3289 nescio
1890 3244 2013 3300 quas

423 3331 674 3404 praclari
709 3329 1015 3400 cuiuspiam
1054 3327 1251 3384 edendi
1295 3325 1560 3382 facinoris
1615 3339 1703 3380 me
1753 3330 1901 3380 tenet
1949 3324 2014 3378 li-

427 3426 578 3483 bido.
611 3443 630 3478 ι
694 3421 792 3479 llis
850 3421 1079 3478 fratrem
1137 3420 1415 3474 allocutus
1472 3417 1636 3473 irruit
1691 3416 1745 3471 in
1801 3417 2008 3474 hostes.

423 3521 604 3590 Atque
636 3517 729 3574 ille
765 3525 880 3572 tum
913 3526 1075 3571 casus
1105 3510 1424 3583 imperatori
1463 3509 1684 3566 obvenit
1715 3528 1729 3565 :
1755 3511 1849 3581 qui
1878 3524 2010 3566 vero

421 3614 481 3668 in
528 3611 767 3675 insidiis,
801 3608 881 3663 uti
918 3604 1370 3669 memoravimus,
1407 3602 1568 3673 positi
1607 3611 1786 3668 erant,
1814 3616 2011 3669 quem-

406 3706 548 3760 ~darn
585 3717 620 3758 ε
672 3700 1020 3772 magnat’rbus
1067 3695 1383 3754 Cotemem
1439 3695 1662 3750 nomine
1715 3692 2008 3749 confestim

421 3799 647 3853 mittunt
679 3795 789 3866 5o
817 3793 912 3864 qui
930 3791 1322 3847 sciscitaretur
1348 3803 1514 3858 quem
1548 3787 1753 3844 exitum
1788 3785 2008 3842 habuis-

408 3901 545 3946 sent
575 3889 642 3944 ab
677 3891 1007 3957 imperatore
1039 3891 1268 3937 tentata.
1293 3879 1501 3938 Verum
1538 3881 1681 3936 hunc
1711 3879 2008 3948 imperator

412 3985 488 4038 ad
524 3997 621 4037 eos
655 3994 847 4036 rursus
879 3975 1132 4040 missum,
1169 3987 1350 4045 quam
1385 3973 1495 4029 cito
1535 3971 1701 4042 jussit
1742 3971 2005 4030 celerare.

417 4075 845 4144 Praetergressus
887 4069 981 4126 ille
1034 4067 1379 4139 adiacentem
1431 4065 1665 4133 collem,
1719 4063 1913 4120 incidit
1951 4065 2007 4121 in

416 4183 610 4240 agmen
659 4165 940 4223 Persicum
982 4161 1214 4220 militum
1264 4166 1709 4233 quingentorum,
1762 4160 1906 4231 quod
1972 4173 2005 4215 a

417 4271 568 4332 tergo
585 4261 727 4316 haud
758 4257 948 4330 procul
971 4273 1096 4314 cum
1127 4255 1384 4313 universa
1424 4253 1544 4310 acie
1569 4253 2008 4324 subsequebatur

409 4358 696 4412 sultanus.
751 4352 864 4408 Hos
919 4361 978 4407 ut
1026 4351 1189 4418 vidit,
1245 4349 1454 4406 directa
1510 4349 1694 4404 statim
1736 4348 1893 4402 hasta
1947 4349 2004 4402 in

2117 3235 2269 3306 λέγε.
2297 3255 2316 3290 ι
2354 3236 2462 3291 Τοῦ
2493 3237 2562 3306 δ’,
2591 3257 2612 3290 ι
2647 3238 2811 3293 Ἀλλὰ
2839 3239 2947 3293 κᾶν
2975 3242 3159 3311 μεῖνον
3189 3238 3324 3309 γοῦν
3350 3239 3426 3302 ὼς
3476 3239 3709 3309 συνέψο-

2116 3330 2217 3401 μαί
2239 3347 2323 3385 σοι
2352 3330 2452 3403 τὴν
2470 3332 2562 3385 ἐπὶ
2591 3335 2720 3397 τοὺς
2741 3331 3066 3403 Βαρδάρους
3104 3332 3291 3402 ίόντι,›
3319 3331 3708 3404 προστιθέντος

2110 3426 2228 3489 τοῖς
2259 3422 2464 3494 λόγοις,
2495 3441 2517 3476 ι
2541 3425 2698 3479 Μετὰ
2717 3425 2818 3496 τὴν
2847 3425 3196 3496 συμπλοκὴν,
3227 3445 3247 3479 ι
3293 3425 3420 3498 ἔφη,
3459 3444 3479 3478 ι
3509 3425 3706 3480 θᾶττον

2111 3513 2181 3583 ἢν
2219 3512 2347 3584 διδῷ
2405 3512 2560 3579 Θεὸς,
2591 3514 2688 3570 ἐπὶ
2727 3514 2785 3568 oi
2816 3515 2962 3586 ῆξωο
2994 3515 3071 3578 ὡς
3098 3514 3196 3570 νῦν
3233 3531 3298 3584 γε
3327 3516 3465 3588 πρὸς
3492 3516 3706 3586 ἑτέροις

2111 3605 2205 3660 τὸν
2233 3605 2360 3660 νοῦν
2389 3606 2522 3677 ἔχω,
2547 3606 2643 3660 καί
2678 3623 2746 3679 με
2783 3609 2816 3677 ἡ
2853 3607 2950 3663 τοῦ
2983 3608 3480 3680 ἀνδραγαθίζεσθαι
3509 3610 3706 3665 ἐπιθυ-

2115 3696 2215 3768 μία
2265 3697 2457 3763 δεινῶς
2519 3701 2611 3770 ἐφ’
2680 3701 2883 3772 ἑαυτὴν
2936 3701 3108 3758 ἕλκει.
3141 3721 3160 3755 ι
3215 3703 3382 3758 Ταῦτ’
3415 3702 3588 3758 εἰπὼν
3621 3703 3704 3775 τῷ

2111 3788 2328 3861 ἀδελφῷ
2364 3789 2461 3862 τὴν
2497 3791 2590 3846 ἐπὶ
2616 3793 2743 3856 τοὺς
2771 3794 3069 3864 πολεμίους
3092 3795 3346 3868 ἤλαυνεν.
3371 3795 3483 3849 Καὶ
3503 3795 3572 3848 τὸ.
3598 3797 3706 3864 μὲν

2113 3881 2260 3936 κατὰ
2277 3881 2371 3936 τὸν
2407 3881 2633 3952 βασιλέα
2654 3885 2782 3956 τῇδε
2813 3886 3073 3957 ἐφέροντο
3097 3901 3111 3916 ο
3171 3887 3221 3941 oi
3253 3885 3299 3940 δ’
3317 3886 3410 3940 ἐπὶ
3457 3886 3566 3940 τῶν
3605 3885 3702 3939 λό-

2112 3989 2247 4043 χων,
2277 3972 2532 4045 καθάπερ
2600 3971 2841 4046 εἴρηται,
2867 3977 3195 4048 τεταγμένοι
3247 3977 3356 4032 τῶν
3377 3977 3490 4032 ..ἐπὶ
3538 3976 3700 4048 δόξης

2109 4065 2231 4119 τινὰ
2244 4063 2534 4137 ἐπίκλησιν
2548 4065 2860 4138 Κοτέρτζην
2877 4066 2983 4139 ὅπη
3010 4067 3140 4122 ποτέ
3156 4067 3327 4138 τύχης
3352 4066 3480 4138 ἔσχε
3498 4066 3697 4139 [Ρ.281

2108 4154 2181 4209 τὰ
2226 4155 2370 4211 κατὰ
2387 4157 2482 4210 τὸν
2511 4155 2742 4229 βασιλέα
2769 4159 2968 4230 μαθεῖν
3000 4162 3205 4232 σπουδῇ
3239 4161 3516 4232 ἔπεμψαν.
3551 4161 3697 4215 Ἀλλ’

2107 4246 2275 4302 αὑτὸν
2328 4247 2430 4316 μέν
2477 4246 2736 4319 βασιλεὺς
2792 4245 2954 4314 αὖθις
3013 4251 3102 4304 ἐπ’
3153 4251 3402 4315 ἐκείνους
3449 4251 3699 4320 ἐπεμψεν

2107 4339 2268 4409 ἥκειν
2331 4339 2431 4412 τὴν
2477 4342 2744 4412 ταχίστην
2809 4343 3075 4408 κελεύσας
3109 4343 3330 4408 αὐτούς.
3387 4343 3444 4396 '0
3482 4343 3540 4398 δέ
3567 4343 3696 4414 ἄρτι

416 4449 606 4504 hostes
644 4445 753 4499 ruit
785 4443 1078 4514 pluresque
1113 4441 1332 4498 fortiter
1361 4440 1674 4497 dimicando
1708 4440 1762 4494 in
1801 4449 2000 4495 terram

2113 4430 2301 4501 βουνόν
2357 4449 2481 4486 τινα
2539 4431 2953 4506 παρακείμενον
3002 4434 3229 4489 διελθὼν
3282 4435 3389 4503 ὅλῳ
3439 4437 3696 4528 Περσικῷ

401 4537 736 4609 prosternit.
793 4534 1030 4590 Tantum
1085 4532 1299 4590 facinus
1353 4533 1610 4590 admirati
1665 4531 1763 4599 illi,
1815 4531 2000 4588 nescio

405 4645 524 4700 quo
559 4640 789 4699 stupore
844 4627 1083 4699 perculsi
1141 4633 1290 4683 sunt.
1343 4625 1553 4681 Interea
1593 4624 1722 4681 dum
1760 4625 1873 4680 haec
1902 4638 2000 4695 ge-

415 4721 792 4792 runtur,.jam
845 4735 1015 4790 prope
1071 4718 1552 4789 conspiciebantur
1609 4718 1799 4773 accita:
1832 4716 2002 4787 jussu

401 4814 761 4885 imperatoris
787 4813 1186 4876 Romanorum,
1219 4826 1343 4881 quae
1373 4810 1672 4876 latuerant,
1708 4819 1769 4866 ut
1794 4812 2000 4866 dictum

411 4915 535 4974 est,
595 4907 650 4960 in
683 4903 917 4970 insidiis,
954 4903 1158 4971 (θρίω,
1210 4915 1345 4970 quas
1397 4911 1683 4972 postquam
1715 4906 2002 4956 advertere

405 4995 593 5051 Persae
637 5003 848 5066 partem
896 4992 1170 5047 exercitus
1202 4991 1515 5062 imperatori
1552 4991 1608 5046 in
1658 5000 1868 5062 tergum
1897 4991 2000 5066 inte

410 5065 888 5156 inittuntieamque
913 5095 971 5138 ut
993 5084 1354 5139 adventantes
1379 5080 1654 5136 Romanos
1682 5065 2000 5150 prohiberet

403 5179 619 5250 jube..t.
647 5177 766 5234 Jarn
793 5177 943 5232 enim
979 5175 1122 5231 intra
1161 5177 1296 5231 retia
1325 5175 1645 5231 conclusum
1678 5173 1830 5228 illum
1878 5186 1997 5228 esse

408 5271 836 5328 arbitrabantur.
871 5269 1003 5324 Dum
1037 5283 1164 5325 suas
1193 5269 1274 5323 sic
1306 5276 1640 5337 componunt
1686 5267 1853 5333 acies,
1890 5264 1997 5320 im-

403 5375 625 5437 perator
678 5363 869 5420 defixae
933 5364 991 5417 in
1028 5371 1231 5418 terram
1286 5364 1454 5417 hasta:
1503 5360 1747 5422 innixus,
1796 5359 1889 5414 dat
1939 5360 1993 5414 in

407 5457 680 5514 mandatis
721 5456 974 5526 Pupacze,
1009 5456 1102 5526 qui
1140 5464 1252 5510 tum
1290 5455 1392 5525 ipsi
1421 5454 1636 5518 aderat,
1675 5462 1732 5508 ut
1775 5461 1996 5508 curaret

407 5552 634 5617 sedulo,
699 5565 767 5605 ne
821 5551 1098 5605 Romanos
1157 5565 1186 5603 a
1239 5548 1491 5618 proximo
1547 5548 1688 5604 colle
1739 5557 1995 5601 arcerent

405 5639 584 5696 Persae
617 5661 630 5698 :
670 5641 742 5696 ita
777 5643 980 5711 quippe
1011 5640 1151 5706 fore,
1185 5651 1246 5695 ut
1281 5641 1465 5696 omnis
1515 5639 1620 5695 sibi
1657 5639 1990 5694 interclude-

404 5739 554 5788 retur
582 5733 782 5789 exitus.
817 5731 926 5788 Sed
951 5733 1095 5787 enim
1127 5732 1375 5803 Pupaces
1406 5733 1695 5789 consilium
1727 5746 1990 5800 respuens

395 5824 746 5897 imperatoris
771 5843 794 5884 ς
825 5847 844 5882 ι
880 5826 1099 5895 Desine,
1125 5827 1320 5899 inquit,
1349 5829 1575 5898 desine;
1608 5841 1786 5886 nonne
1815 5827 1988 5896 vides,

2027 4489 2081 4551 D

2107 4523 2430 4594 ἐντυγχάνει
2479 4525 2856 4596 στρατεύματι
2913 4526 2972 4590 ἐς
3016 4526 3413 4590 πεντακοσίους
3453 4523 3696 4596 μάλιστα.

2108 4616 2506 4688 ξυνισταμένῳ,
2554 4608 2617 4670 οῦ
2671 4618 2904 4671 κατόπιν
2958 4618 3020 4671 οὐ
3081 4617 3265 4688 πολλῷ
3311 4618 3514 4673 ἄποθεν
3552 4635 3693 4672 παν-

2106 4710 2301 4782 στρατὶ
2335 4710 2362 4762 ό
2399 4709 2626 4762 σουλτὰν
2673 4711 2972 4782 ἐπορεύετο
3017 4710 3172 4782 Ἅμα
3216 4729 3278 4766 τε
3317 4706 3411 4766 οῦν
3459 4705 3568 4765 εἶδε
3595 4710 3694 4763 καὶ

2100 4801 2221 4874 ἃμα
2259 4802 2319 4856 τὸ
2377 4802 2506 4873 δόρυ
2564 4801 2750 4866 ίθύνας
2795 4803 2917 4857 κατ’
2969 4804 3151 4858 αὐτῶν
3197 4803 3309 4857 ἵετο
3367 4801 3596 4863 πολλούς
3629 4817 3690 4854 τε

2101 4894 2395 4964 δορατίσας
2425 4895 2524 4958 είς,
2545 4895 2648 4964 γῆν
2672 4895 2914 4950 ἔϐαλλεν.
2947 4897 3009 4950 Οί
3037 4897 3093 4950 δὲ
3125 4895 3317 4967 ὥσπερ
3337 4897 3417 4959 είς
3448 4893 3690 4964 ἀφασίαν

2101 4987 2558 5059 ἐμπεπτωκότες,
2591 4988 2905 5059 ἑστήκεσαν
2952 4989 3347 5060 ἀτρεμοῦντες.
3423 4989 3512 5041 Ἐν
3555 4981 3598 5055 ᾧ
3630 4986 3688 5039 δὲ

2098 5079 2276 5134 ταῦτα
2319 5079 2532 5149 ἐγίνετο
2562 5081 2853 5153 Ῥωμαίων
2885 5081 3149 5152 δυνάμεις
3191 5083 3246 5135 αί
3285 5079 3387 5143 τὰς
3437 5079 3685 5149 ἐνέδρας,

2099 5174 2354 5246 καθάπερ
2367 5174 2606 5247 είρηται,
2632 5173 3054 5246 συμπληροῦσαι
3069 5173 3236 5241 ἐγγὺς
3258 5171 3684 5243 παρεφάνησαν,

2100 5266 2366 5338 βασιλέως
2398 5266 2592 5334 αὐτὰς,
2605 5266 2860 5338 καθάπερ
2891 5265 3134 5338 εἴρηται,
3153 5264 3686 5337 μεταπεμψαμένου·

2096 5359 2126 5413 ὅ
2156 5361 2597 5433 συμβαλλόμενοι
2653 5361 2887 5430 Πέρσαι,
2916 5360 3090 5432 μέρος
3147 5360 3551 5431 ἀποτεμόμενοι
3585 5360 3687 5427 τῆς

2098 5454 2382 5524 στρατιᾶς,
2416 5453 2561 5507 κατὰ
2617 5453 2790 5506 νώτου
2843 5454 3019 5524 τούτῳ
3071 5452 3368 5522 γεγονότας
3432 5452 3686 5506 ἐκέλευον

2094 5545 2351 5617 ἐμποδὼν
2396 5546 2692 5617 Ῥωμαίοις
2722 5543 2971 5599 ἐπιοῦσιν
3015 5545 3294 5600 ἵστασθαι.
3330 5547 3521 5617 ’ῼοντο
3574 5548 3686 5614 γὰρ

2095 5641 2198 5713 ἤδη
2220 5639 2443 5712 ἀρκύων
2475 5637 2628 5703 ἐντὸς
2660 5638 2824 5693 αὐτὸν
2867 5638 3364 5709 περιποιησάμενοι
3412 5637 3580 5708 ἔχειν.
3617 5637 3682 5690 Οί

2099 5737 2198 5806 μὲν
2229 5730 2323 5788 οὖν
2353 5735 2498 5788 κατὰ
2526 5733 2700 5786 ταῦτα
2741 5732 2963 5786 ἐποίουν
2989 5750 3003 5763 θ
3032 5732 3061 5784 ὁ
3088 5731 3147 5786 δὲ
3179 5731 3346 5801 ὀρθίῳ
3378 5730 3457 5801 τῷ
3491 5729 3680 5799 δόρατι

2094 5827 2238 5884 κατὰ
2300 5828 2402 5897 γῆς
2444 5825 2810 5897 ,ἐρεισάμενος
2863 5824 3073 5890 ἵστατο,
3121 5823 3215 5878 τόν
3267 5840 3327 5876 τε
3381 5823 3680 5892 Πουπάκην
