4096 6412
403 322 515 390 369

1632 324 2182 390 HISTORIARUM
2226 331 2377 394 LIB.
2420 336 2504 396 II.

3587 338 3694 402 370

409 441 742 514 (παρίστατο
772 440 883 513 γὰρ
906 439 1013 513 ἤδη
1070 440 1273 513 τούτῳ)
1295 440 1517 496 ἐκέλευε
1548 444 1738 514 τηρεῖν
1764 436 2007 511 ἀκριϐῶς

2117 446 2356 516 domine,
2386 456 2592 521 quanta
2620 449 2674 505 in
2700 450 2840 506 mala
2863 449 3178 523 praecipites
3208 451 3475 506 ruamus?
3504 453 3701 511 salutis

411 536 489 606 μὴ
514 534 612 588 καὶ
634 534 745 590 ἀπὸ
779 535 875 589 τοῦ
908 536 1145 607 ἄγχιστα
1175 536 1365 607 βουνοῦ
1401 535 1634 606 διείρεαι
1664 536 1905 607 Πέρσαις
1938 534 2003 587 τὸ

420 627 739 696 Ῥωμαϊκὸν
778 628 1015 697 γένοιτο,
1063 629 1366 682 κάντεῦθεν
1413 629 1767 685 παντάπασιν
1805 628 2005 692 ἁδιεξί-

407 736 551 790 τητα
611 719 767 791 αὐτῷ
822 720 1001 775 ἔσται.
1067 720 1211 775 Ἀλλ’
1255 723 1284 775 ὁ
1338 722 1641 793 Πουπάκης
1689 720 2004 776 τούναντίον

409 814 556 885 ἥπερ
585 814 752 877 αὐτὸς
781 813 1039 867 ἐϐούλετο
1065 814 1499 886 προφερόμενοςο
1530 834 1550 867 ι
1574 815 1827 879 Μέθεςτὸ
1853 815 1999 880 λίαν,

412 907 591 974 ἔλεγε,
620 906 811 977 μέθες,
836 901 883 961 ὦ
923 907 1184 962 δέσποτα.
1229 908 1343 979 Οὐχ
1371 909 1508 980 ὁρᾷς
1537 902 1594 962 οἷ
1620 909 1807 963 κακῶν
1829 908 2005 977 γενοί-

412 1002 600 1072 μεθα;
634 1003 857 1071 Μνῆσαι
889 1002 953 1072 δὴ
1010 1002 1290 1075 σωτηρίας
1336 1003 1437 1070 τῆς
1482 1002 1701 1060 ἑαυτοῦ,
1729 1022 1748 1056 ι
1797 1002 1857 1057 ’0
1902 1001 2005 1071 μὲν

407 1093 649 1148 τοσαῦτα
678 1095 776 1149 καὶ
803 1095 976 1149 πλείω
1006 1095 1214 1151 τούτων
1227 1096 1419 1166 εἰπὼν,
1452 1099 1650 1169 ἐπειδὴ
1683 1097 1761 1169 μὴ
1789 1094 2005 1150 πείθειν

409 1181 554 1257 εἶχε,
586 1187 728 1242 κατὰ
765 1188 827 1242 τὸ
872 1188 1168 1245 κελευσθὲν
1219 1191 1415 1248 ἐποίει.
1458 1191 1521 1246 '0
1556 1192 1613 1246 δὲ
1642 1190 1898 1261 βασιλεὺς
1917 1186 2001 1258 (οὔ

410 1281 523 1350 γὰρ
571 1281 702 1351 ὲξῆν
753 1281 905 1354 αὖτῷ
968 1283 1047 1355 μὴ
1112 1285 1238 1356 οὐχὶ
1314 1287 1419 1341 σὺν.
1478 1285 1676 1357 ἀτιμίᾳ
1736 1281 1833 1337 τοῦ
1885 1280 2002 1334 λοι-

410 1373 519 1429 ποῦ
575 1374 914 1445 διαδρᾶναι)
963 1379 1078 1442 τοῖς
1152 1379 1253 1449 μὲν
1315 1379 1635 1451 λεγομένοις
1692 1376 2004 1448 προσέσχεν

406 1466 672 1537 οὐδαμοῦ,
734 1467 846 1522 τῶν
908 1468 969 1523 δὲ
1006 1469 1289 1541 πολεμίων
1322 1470 1482 1535 αὖθις
1538 1469 2003 1538 καθιππευσάμε-

406 1573 501 1620 νος
550 1558 647 1611 καὶ
718 1559 900 1613 αὐτῶν
940 1559 1038 1613 ἕνα
1078 1561 1327 1630 κτείνας,
1386 1562 1516 1627 τοὺς
1578 1563 1805 1627 λοιποὺς
1869 1582 2001 1619 συν-

407 1652 699 1725 ετάραξεν,
756 1653 947 1719 ἀδείας
995 1672 1057 1710 τε
1110 1655 1255 1710 οὕτω
1314 1656 1618 1728 λαϐόμενος
1676 1659 1774 1714 ἐπί
1805 1677 1857 1714 τι
1893 1662 1999 1733 γή-

408 1747 579 1844 λοφον
611 1745 780 1802 ἀνιὼν
842 1747 998 1844 ἔστη,
1039 1748 1178 1844 Δἔνθα
1233 1749 1499 1844 Ῥωμαῖοι
1552 1751 1705 1844 άλλοι
1750 1771 1811 1807 τε
1849 1753 2002 1825 αύτῷ
2028 1782 2078 1844 Β

409 1841 758 1911 συνέστησαν
800 1841 898 1896 καὶ
944 1841 1053 1913 πρό
1092 1859 1155 1910 γε
1197 1842 1421 1897 πάντων
1475 1841 1749 1916 Ἰωάννης,
1800 1844 1861 1898 ὃν
1899 1845 1997 1899 ἆτε

409 1934 735 2005 ἀδελφιδοῦν
789 1934 941 2006 αὐτῷ
991 1936 1120 1990 ὄντα
1179 1937 1238 1999 ἐς
1267 1936 1329 1990 τὸ
1363 1936 1474 1991 τῶν
1520 1937 1999 2009 πρωτοσεϐάστων

409 2030 630 2100 χρόνοις
659 2029 891 2100 ὕστερον
924 2030 1277 2101 ἀνεγράψατο
1322 2029 1565 2101 ἀξίωμα.
1627 2028 1689 2083 Ὅ
1750 2030 1852 2100 μὲν
1903 2022 2000 2083 οὖν

416 2126 668 2196 βασιλεὺς
726 2123 922 2180 τοῦτον
983 2125 1077 2180 τὸν
1128 2125 1337 2197 τρόπον
1398 2125 1730 2196 περισωθεὶς
1786 2123 2001 2180 ἐκεῖθεν

417 2217 811 2288 ἀπηλλάττετο.
846 2217 1126 2289 ίδροῦντος
1151 2216 1303 2288 αύτῷ
1336 2218 1535 2291 κομιδῇ
1570 2217 1666 2273 τοῦ
1700 2218 1872 2273 ἵππου
1904 2220 2001 2274 καὶ

417 2310 608 2374 δεινῶς
654 2311 1071 2376 πνευστιῶντας.
1139 2312 1201 2365 '0
1254 2310 1312 2366 δὲ
1354 2311 1680 2383 δομέστικος
1745 2312 2004 2384 Ἰωάννης

418 2410 515 2459 τοῦ
556 2404 814 2474 βασιλέως
848 2405 930 2459 ἔτι
960 2407 1076 2470 τοῖς
1100 2405 1385 2476 πολεμίοις
1406 2406 1822 2476 ἐμπλεκομένου
1840 2405 2002 2459 κατό-

418 2514 517 2551 πιν
545 2497 920 2567 ἀπολειφθεὶς,
964 2497 1155 2562 δείσας
1190 2496 1266 2569 μὴ
1308 2496 1419 2552 τῶν
1472 2498 1749 2567 πολεμίων
1811 2500 2001 2555 ἄλλοτε

415 2590 593 2646 ἄλλων
635 2590 724 2647 ἀεὶ
775 2591 921 2645 κατὰ
967 2592 1294 2663 συστήματα
1342 2592 1758 2663 ἐκφαινομένων
1793 2593 2004 2663 ἕρημος

416 2683 671 2753 βοηθείας
702 2684 779 2738 ὣν
809 2684 915 2740 ὑπὸ
944 2688 1103 2758 χερσὶ
1137 2687 1352 2756 γένοιτο
1379 2689 1502 2750 ταῖς
1535 2687 1739 2753 αὐτῶν,
1770 2686 2005 2758 σκήψεις

409 2778 513 2847 οὐχ
546 2779 723 2847 ὑγιεῖς
752 2795 907 2843 τινας
933 2779 1028 2833 ἐπὶ
1060 2779 1396 2852 ξυμφέροντι
1436 2780 1513 2853 τῷ
1534 2782 1703 2836 αὐτοῦ
1728 2782 2006 2836 ἀνέπλατ-

2112 542 2330 597 tandem
2367 544 2683 600 memineris
2722 551 2849 600 tute.
2883 563 2903 597 ι
2941 543 3069 600 Haec
3098 544 3262 615 igitur
3292 543 3508 614 aliaque
3529 546 3700 601 multa

2106 630 2161 686 id
2207 646 2380 702 genus
2423 631 2750 697 clamitans,
2804 622 3161 705 posteaquam
3209 634 3346 690 nihil
3389 635 3698 703 persuasit,

2103 723 2258 792 jnssa
2286 724 2624 795 exsequitur.
2652 723 2789 781 Cum
2822 726 2969 782 enim
3000 742 3105 781 non
3148 726 3356 796 absque
3384 726 3586 797 probro
3614 727 3698 781 ro-

2104 829 2230 870 cum
2258 828 2320 871 se
2366 814 2621 872 deserere
2651 830 2811 886 posse
2838 824 3055 887 putaret
3083 816 3406 886 imperator,
3429 813 3699 883 ejusmodi

2106 908 2332 964 monitis
2374 924 2566 965 aurem
2615 910 2860 981 praebere
2896 910 3089 967 noluit.
3122 908 3361 965 Rursum
3395 910 3499 981 51
3530 910 3699 979 igitur

2105 1000 2161 1056 in
2191 1002 2375 1058 hostes
2403 1017 2749 1074 progressus,
2793 1018 2903 1059 uno
2927 1018 2996 1060 ex
3028 1003 3095 1059 iis
3124 1003 3311 1059 o‘cciso
3342 1002 3557 1058 caeteris
3589 1013 3697 1057 ter-

2108 1109 2286 1151 rorem
2320 1096 2526 1165 injecit.
2559 1097 2752 1154 Auctis
2781 1097 2907 1153 inde
2935 1097 3137 1153 animis
3167 1096 3361 1153 collem
3390 1096 3550 1167 petit,
3584 1110 3695 1166 quo

2106 1194 2163 1241 et
2191 1187 2281 1241 alii
2305 1202 2336 1242 e
2357 1186 2623 1244 Romanis
2645 1189 2982 1245 conveniunt
3002 1198 3059 1244 et
3089 1197 3218 1245 ante
3239 1202 3430 1243 omnes
3454 1186 3697 1245 Joannes

2105 1278 2293 1336 fratris
2325 1280 2493 1348 illius,
2523 1297 2687 1352 quem
2718 1292 2907 1352 postea
2939 1279 3401 1337 sehastoeratoris
3425 1279 3704 1349 dignitate

2104 1372 2351 1428 donavit.
2386 1372 2461 1427 Ita
2514 1372 2782 1429 liberatus
2834 1372 3080 1443 periculo
3122 1370 3378 1442 princeps
3424 1370 3550 1425 inde
3594 1371 3697 1425 ab-

2090 1457 2323 1533 scessit,
2356 1465 2588 1522 sudante
2621 1480 2730 1522 non
2763 1465 3036 1520 modicum
3067 1465 3361 1534 acriusque
3398 1463 3715 1519 anhelante

2103 1569 2266 1624 equo.
2318 1554 2562 1612 Joannes
2597 1571 2733 1612 vero
2762 1556 3100 1612 domesticus
3152 1553 3416 1625 implicito
3448 1555 3697 1609 hostibus

2106 1646 2434 1716 imperatore
2457 1646 2692 1704 relictus
2710 1659 2832 1718 post
2859 1658 3093 1718 tergum,
3117 1647 3324 1703 veritus
3351 1662 3420 1702 ne
3444 1647 3710 1703 hostibus-

2105 1739 2338 1794 subinde
2368 1739 2646 1794 turmatim
2680 1740 3063 1805 subeuntibus,
3103 1755 3229 1795 cum
3272 1738 3419 1793 nulla
3472 1738 3699 1793 adesset

2108 1841 2371 1900 prarterea
2412 1832 2604 1887 auxilii
2656 1848 2806 1902 spes,
2856 1833 3067 1888 veniret
3107 1834 3160 1887 in
3205 1846 3395 1887 eorum
3450 1841 3693 1899 potesta-

2106 1931 2247 1989 tem;
2285 1922 2430 1979 haud
2464 1938 2630 1980 sanos
2670 1925 2722 1979 i-n
2750 1925 2835 1980 his
2864 1941 3046 1980 rerum
3070 1924 3336 1993 angustiis
3365 1939 3476 1978 sua:
3503 1923 3696 1978 salutis

2102 2032 2273 2072 causa
2307 2025 2605 2087 praetextas
2633 2016 2945 2083 meditatus,
2978 2016 3155 2071 locum
3194 2016 3249 2070 in
3281 2030 3392 2086 quo
3433 2025 3547 2069 tum
3576 2021 3713 2069 erat:

2101 2122 2226 2164 esse
2250 2108 2469 2164 dicebat
2499 2108 2736 2165 maxime
2771 2116 3163 2179 opportunum,
3207 2121 3277 2164 ac
3312 2120 3539 2161 necesse
3570 2120 3695 2160 esse

2102 2211 2164 2258 ut
2193 2202 2284 2273 qui
2319 2202 2389 2257 ad
2416 2216 2597 2270 regem
2631 2216 2691 2257 se
2720 2198 3216 2263 conferre'velleut,
3252 2214 3317 2254 eo
3345 2197 3709 2268 potissimum

2103 2294 2223 2350 loco
2257 2310 2381 2353 sese
2417 2295 2761 2367 colligerent:
2796 2295 2930 2351 Cum
2982 2294 3151 2366 igitur
3208 2292 3473 2364 plurimos
3518 2308 3583 2346 ex
3626 2289 3695 2345 iis

2105 2384 2202 2456 qui
2237 2401 2266 2441 a
2305 2386 2502 2443 castris
2534 2386 2835 2456 pergebant
2881 2384 2949 2439 ad
2979 2382 3304 2454 principem,
3348 2380 3716 2447 detinuisset,

2105 2493 2294 2536 eorum
2330 2492 2431 2548 ope
2463 2489 2718 2535 servatus
2739 2480 2806 2533 ad
2837 2478 3225 2548 imperatorem
3253 2474 3419 2529 venit.
3453 2474 3695 2531 Joannes

2107 2579 2292 2625 autem
2326 2567 2670 2639 Romanique
2700 2567 2792 2622 alii
2840 2566 3192 2638 imperatoris
3240 2565 3571 2619 damnarunt
3598 2574 3695 2612 au-

2107 2663 2353 2729 daciam,
2380 2663 2523 2729 quod
2574 2662 2642 2716 ad
2694 2660 3058 2716 temeritatem
3112 2659 3335 2727 propius
3382 2654 3711 2708 accederet-

2112 2756 2238 2812 Mihi
2269 2772 2401 2812 sane
2432 2756 2547 2812 haec
2573 2756 2915 2827 percensenti
2945 2751 3318 2811 mirarisuhit,
3344 2763 3449 2819 qua
3481 2745 3703 2802 ratione

408 2838 513 2935 re:
543 2838 775 2941 φάσκων
802 2838 1043 2943 μάλιστα
1168 2838 1461 2945 ἐπίκαιρον
1484 2838 1654 2928 ἐἶναι
1691 2874 1782 2928 τὸν
1824 2873 2007 2945 χῶρον

2108 2854 2163 2909 in
2201 2853 2399 2908 mediis
2434 2860 2685 2907 versatus
2737 2848 2997 2920 periculis
3038 2859 3214 2915 neque
3243 2842 3562 2899 vulneratus
3603 2838 3705 2893 illo

410 2957 475 3017 οὗ
507 2964 573 3037 δὴ
604 2966 772 3031 αὐτὸς
813 2965 989 3030 ἑστὼς
1028 2966 1212 3039 ἔτυχε,
1249 2967 1347 3021 καὶ
1391 2967 1505 3020 δεῖν
1550 2967 1751 3031 αὐτοὺς
1791 2967 2007 3038 βασιλεῖ

413 3060 747 3131 κατάντημα
784 3059 1148 3130 ποιουμένους
1172 3059 1416 3115 ἐνταῦθα
1449 3060 1650 3130 μᾶλλον
1686 3061 2004 3131 ἠθροῖσθαι.

417 3152 656 3216 Πολλοὺς
710 3146 805 3208 οῦν
863 3152 974 3205 τῶν
1023 3153 1081 3216 ἐς
1118 3153 1343 3224 βασιλέα
1375 3154 1441 3207 ὲκ
1472 3152 1568 3206 τοῦ
1611 3154 2003 3224 στρατοπέδου,

416 3245 672 3315 καθάπερ
703 3244 940 3318 εἴρηται,
977 3246 1168 3301 ίόντων
1196 3245 1372 3317 τούτῳ
1402 3246 1480 3317 τῷ
1510 3249 1698 3320 τρόπῳ
1724 3248 1855 3317 παρ’
1878 3250 2011 3302 ἑαυ-

413 3336 494 3406 τῷ
524 3342 824 3408 κατασχεῖν
866 3340 1082 3409 ἴσχυσε,
1113 3340 1254 3410 πρὸς
1291 3339 1475 3394 αὐτῶν
1509 3358 1567 3394 τε
1592 3340 1885 3403 διασωθεῖς
1913 3341 2010 3393 ἐπὶ

415 3428 644 3499 βασιλέα
708 3425 893 3502 ἦλθεν.
942 3431 1071 3485 Ὅτε
1116 3432 1181 3502 δὴ
1231 3431 1395 3496 αὐτὸς
1458 3433 1717 3500 Ἰωάννης
1749 3432 1847 3487 καὶ
1897 3434 2009 3487 τῶν

412 3522 593 3576 ἄλλων
620 3521 913 3593 Ῥωμαίων
946 3523 1135 3579 πολλοὶ
1167 3524 1446 3591 ὠνείδιζόν
1478 3544 1537 3580 τε
1574 3527 1727 3596 αύτῷ
1753 3527 1852 3599 τὴν
1880 3527 2010 3581 τόλο

415 3633 530 3687 μαν
561 3616 658 3669 καὶ
687 3616 748 3670 οὐ
781 3616 971 3687 πόρρω
993 3616 1229 3687 θράσους
1261 3614 1402 3673 εἶναι
1433 3618 1502 3672 τὰ
1537 3619 1768 3674 τοιαῦτα
1810 3620 2008 3675 διετεί-

414 3725 595 3763 νοντο.
650 3708 811 3779 Ἐμοὶ
856 3709 913 3763 δὲ
962 3709 1140 3764 ταῦτα
1200 3710 1656 3784 διασκοπουμένῳ
1702 3715 2011 3784 θαυμάζειν

414 3792 653 3858 ἔπεισιν,
681 3794 833 3857 ὅπως
866 3796 923 3848 ἐν
945 3795 1096 3865 μέσῳ
1129 3794 1471 3865 τηλικούτων
1518 3796 1767 3863 γεγονότι
1827 3797 2012 3851 κινδύ-

411 3904 524 3939 νων
573 3884 638 3957 [Ρ
667 3885 761 3958 29]
821 3885 943 3939 οὐδὲ
992 3886 1298 3958 τετρῶσθαι
1348 3886 1482 3956 γοῦν
1531 3888 1655 3941 οὐδὲ
1710 3888 2010 3960 βεϐλῆσθαι

411 3978 636 4049 ἐκείνης
660 3981 759 4048 τῆς
797 3978 1014 4051 ἡμέρας
1046 3979 1348 4033 συνέπεσεν
1386 3980 1539 4051 αὐτῷ
1577 3997 1595 4016 ο
1643 3983 1755 4035 εἴτε
1806 3978 1900 4037 οὗν
1945 3984 2010 4036 ὲκ

412 4068 509 4122 τοῦ
538 4070 709 4141 συχνὰ
740 4070 885 4124 κατὰ
916 4070 1147 4124 τουτωνὶ
1192 4072 1302 4127 τῶν
1335 4071 1643 4144 Βαρϐάρων
1666 4073 2005 4144 ἀνδραγαθί-

416 4161 621 4215 σασθαι
655 4162 856 4232 πεῖραν
875 4161 973 4232 τῆς
1005 4161 1175 4215 αὐτοῦ
1228 4166 1654 4234 παρασχόμενος
1695 4166 1851 4232 σφίσι
1880 4182 2009 4233 γενο

413 4248 703 4313 ναιότητος
734 4246 1035 4316 ἀπρόσιτος
1061 4248 1349 4325 μονονουχὶ
1375 4247 1595 4313 τούτοις
1629 4249 1873 4318 ἐγένετο,
1899 4249 2012 4303 εῖτε

415 4339 515 4391 καὶ
564 4337 664 4407 τῆς
731 4336 997 4398 προνοίας
1052 4336 1218 4390 αὑτὸν
1263 4337 1894 4411 περιεπούσηςτρίποις
1928 4336 2012 4406 οἷς

2110 2947 2197 3001 die
2233 2959 2410 3015 neque
2432 2945 2592 2999 laesus
2625 2942 2810 2997 fuerit.
2842 2942 2925 2994 Ain
2953 2953 3107 3004 vero,
3134 2937 3280 3006 quod
3312 2933 3557 2990 crebrius
3580 2946 3694 2985 rem

2112 3038 2330 3094 fortiter
2364 3038 2629 3091 adversus
2676 3035 2950 3089 Barbarus
2996 3030 3252 3101 gerendo,
3311 3022 3700 3098 generositatis

2030 3133 2077 3194 α
2109 3149 2221 3187 suae
2257 3148 2363 3186 non
2411 3144 2582 3200 pauca
2620 3130 2899 3183 hactenus
2941 3124 3180 3180 dedisset
3229 3124 3551 3177 documenta
3574 3158 3589 3182 ,
3624 3116 3696 3171 ab

2111 3227 2180 3280 iis
2210 3239 2554 3294 nequaquam
2588 3224 2661 3276 sit
2689 3222 2968 3289 impetitus
3002 3234 3017 3272 ι
3055 3217 3139 3271 vel
3167 3214 3308 3284 quod
3342 3212 3522 3267 divina
3544 3210 3693 3264 illum

2108 3316 2532 3373 circumsteterit
2562 3314 2933 3376 Providentia,
2970 3320 3253 3377 tutataqne
3284 3306 3469 3369 fuerit,
3522 3303 3698 3357 modis

2109 3411 2210 3479 ipsi
2259 3409 2358 3463 soli
2397 3407 2658 3477 cognitis,
2708 3420 2813 3459 non
2850 3403 3025 3458 ausim
3075 3401 3181 3471 52
3237 3400 3395 3469 plane
3443 3395 3694 3451 deﬁnire.

2107 3500 2223 3572 Ego
2250 3500 2469 3571 quidem
2505 3506 2561 3553 ut
2590 3510 2930 3566 nequaquam
2957 3495 3009 3549 id
3035 3492 3201 3546 laudo
3231 3489 3466 3551 facinus.
3498 3485 3567 3539 ita
3599 3484 3700 3538 nec

2108 3592 2407 3649 Alexandri
2438 3589 2820 3648 commendare
2863 3586 3039 3642 ausim
3084 3584 3393 3646 audaciam,
3420 3581 3465 3635 si
3491 3580 3703 3647 absque

2109 3686 2333 3743 fortuna
2380 3696 2723 3753 quaecunque
2765 3684 2833 3735 3h
2864 3680 2957 3736 illo
3003 3689 3154 3749 gesta
3194 3685 3322 3731 sunt
3360 3683 3697 3745 spectentur,

2111 3778 2358 3849 nihilque
2388 3776 2555 3832 detur
2585 3774 2997 3831 adolescentiae.
3035 3772 3141 3825 lies
3164 3769 3361 3841 quippe
3385 3768 3585 3822 invicta
3615 3773 3703 3819 est

2105 3874 2365 3944 juventus
2396 3889 2411 3927 :
2450 3882 2506 3927 et
2542 3886 2662 3942 qua:
2692 3884 2816 3925 cum
2849 3868 3059 3922 viribus
3090 3874 3144 3919 et
3171 3863 3337 3918 animi
3384 3858 3705 3913 firmitudine

2110 3966 2363 4030 fulcitur,
2397 3965 2623 4020 omnino
2657 3961 2847 4032 nequit
2875 3957 3123 4029 superari
3159 3972 3174 4010 :
3210 3955 3303 4011 sed
3335 3954 3402 4007 de
3432 3952 3516 4007 his
3542 3957 3705 4020 prout

2112 4069 2326 4124 libitum
2367 4067 2532 4123 fuerit
2579 4065 2823 4135 quisque
2855 4061 3057 4117 sentiat
3092 4060 3251 4114 velim
3301 4072 3364 4111 ac
3393 4054 3620 4112 scriliat.
3656 4055 3705 4107 Α

2112 4160 2226 4215 suis
2271 4159 2457 4229 igitur,
2520 4168 2579 4212 ut
2630 4157 2837 4211 dictum
2890 4161 2995 4218 est,
3036 4150 3355 4221 objurgatus
3405 4147 3701 4218 princeps:

2120 4271 2139 4305 ι
2181 4252 2325 4306 Nihil
2371 4252 2509 4316 haec,
2544 4249 2744 4318 inquit,
2781 4248 2835 4301 in
2865 4260 3109 4316 praesens
3156 4243 3352 4311 juvant
3382 4258 3396 4294 :
3424 4240 3556 4310 quin
3604 4254 3706 4308 po-

2117 4346 2224 4401 tius
2256 4345 2547 4400 videndutn
2581 4343 2842 4407 maxime,
2880 4355 2947 4393 ne
2979 4340 3162 4403 plures
3198 4336 3607 4403 hodiepereant
3636 4347 3704 4385 ex

415 4430 561 4499 αὕτη
590 4428 904 4494 ἐπίσταται,
935 4429 1116 4498 λέγειν
1161 4430 1262 4498 μὲν
1292 4432 1352 4484 ού
1394 4432 1539 4484 πάνυ
1585 4432 1794 4506 saepe.
1836 4436 1912 4489 Τό
1946 4453 2007 4500 γε

2116 4436 2347 4501 nostris,
2381 4448 2504 4489 cum
2537 4432 2693 4487 multi
2727 4431 2904 4485 adhuc
2933 4445 2962 4482 a
2996 4438 3153 4497 tergo
3184 4425 3357 4480 relicti
3402 4423 3642 4478 veniant.
3680 4440 3700 4474 ι

421 4521 532 4592 μὴν
553 4523 945 4592 πεπραγμένον
972 4522 1072 4575 οὐκ
1117 4523 1176 4574 ὲν
1196 4524 1539 4589 ὲπαινετέοις
1572 4526 1736 4590 αὐτὸς
1763 4526 2009 4595 τίθεμαι.

417 4614 635 4667 Οὔκουν
682 4614 804 4667 οὐδὲ
836 4614 936 4685 τὴν
977 4614 1334 4685 Ἀλεξάνδρου
1362 4617 1569 4687 τόλμαν
1594 4619 1841 4671 ἐπαινεῖν
1875 4620 2008 4689 ἔχω,

415 4708 586 4760 ὁπότε
620 4706 697 4776 μὴ
722 4707 822 4760 σὺν
851 4706 987 4779 τύχη
1012 4707 1086 4778 (ο)
1112 4708 1179 4761 τὰ
1206 4708 1347 4761 κατὰ
1368 4709 1462 4763 τὸν
1484 4710 1654 4781 ἄνδρα
1684 4710 2011 4776 διεξετάζοι-

422 4815 510 4865 μι,
545 4799 593 4848 εί
632 4798 707 4867 μή
734 4812 821 4858 τις
852 4797 983 4867 διδῴ
1012 4815 1067 4851 τι
1101 4798 1197 4852 καὶ
1220 4798 1409 4869 ἡλικίᾳ
1459 4800 1717 4869 νεότητος
1739 4817 1754 4832 ο
1798 4800 2011 4871 ἄμαχον

418 4890 531 4960 γάρ
587 4907 639 4943 τι.
691 4889 883 4960 χρῆμα
940 4892 1133 4962 νεότης
1196 4894 1367 4957 ἐστὶν,
1418 4893 1566 4964 ίσχύῖ
1614 4894 1671 4947 δὲ
1719 4895 1812 4947 καὶ
1850 4895 2011 4966 ῥώμῃ

424 4982 868 5053 συνεργούμενον
897 4984 1325 5058 δυσμαχώτερον
1347 4988 1582 5056 γίνεται.
1649 4986 1810 5040 Ἀλλὰ
1837 4987 2013 5042 ταῦτα

425 5076 528 5143 μὲν
558 5075 635 5138 ὥς
666 5092 742 5145 πη
765 5075 920 5146 φίλον
942 5077 1163 5148 ἑκάστῳ
1192 5080 1501 5147 φρονείσθω
1530 5097 1591 5133 τε
1616 5081 1711 5133 καὶ
1742 5081 2008 5150 λεγέσθω.

426 5169 696 5233 Βασιλεὺς
724 5169 782 5222 δὲ
813 5170 986 5225 πολλὰ
1015 5172 1153 5241 πρὸς
1174 5172 1287 5225 τῶν
1316 5173 1456 5241 ἀμφ’
1487 5173 1675 5238 αὑτὸν,
1714 5172 1909 5244 ὥσπερ
1936 5176 2016 5228 εί-

2118 4527 2309 4597 ltaqnc
2338 4526 2542 4597 placuit
2569 4524 2645 4579 ibi
2677 4524 2729 4577 in
2759 4522 2899 4577 valle
2926 4520 3172 4590 proxima
3212 4517 3437 4573 insidias
3476 4528 3701 4586 ponere.

2119 4638 2240 4693 qua:
2285 4634 2426 4691 pune
2472 4617 2816 4673 venientibus
2863 4614 3070 4669 ferrent
3117 4626 3298 4681 opem,
3343 4611 3471 4665 dum
3520 4609 3704 4663 caeteri

2120 4713 2452 4783 pedetentim
2495 4718 2677 4765 castra
2730 4714 3062 4779 repeterent.
3110 4704 3205 4760 llis
3246 4705 3320 4759 ita
3368 4702 3706 4767 constitutis,

2121 4824 2242 4862 cum
2280 4806 2468 4877 paucis
2500 4822 2565 4859 ex
2599 4805 2714 4859 suis
2746 4805 3047 4872 imperator
3070 4800 3302 4856 ulterius
3334 4796 3706 4869 progreditur.

2120 4900 2377 4956 Nicolaus
2406 4912 2559 4961 vero,
2589 4895 2747 4964 cujus
2785 4908 2954 4963 supra
2995 4891 3241 4955 memini,
3279 4890 3479 4944 mansit
3530 4887 3583 4941 in
3625 4888 3709 4939 in-

2122 4991 2276 5047 sidiis
2306 5006 2430 5057 ινιιιι
2469 4988 2685 5043 duabus
2715 4985 3059 5052 cohortibus,
3113 4987 3313 5053 quibus
3358 4997 3388 5037 a
3441 4980 3711 5052 principe,

2122 5100 2243 5139 cum
2276 5081 2511 5153 primum
2565 5080 2618 5133 in
2668 5080 2869 5136 Persas
2922 5077 3111 5141 movit,
3173 5072 3463 5145 praefectus
3508 5074 3706 5137 fuerat,

2119 5174 2308 5241 Neque
2360 5174 2433 5226 ita
2469 5171 2695 5225 multum
2732 5178 3070 5239 perrexerat,
3117 5181 3240 5221 cum
3264 5164 3355 5219 ubi
3404 5165 3472 5218 ad
3514 5164 3706 5219 vallem

427 5279 616 5334 ρηται,
638 5262 1025 5333 κακιζόμενος,
1062 5284 1081 5316 ι
1114 5265 1188 5317 Οὐ
1215 5266 1377 5335 χρεία
1406 5266 1666 5321 τοιούτων
1684 5269 1819 5338 ἡμῖν
1848 5268 1908 5322 δν
1938 5266 2007 5337 τῷ

2112 5267 2409 5335 quamdam
2464 5264 2708 5334 pertigit,
2757 5263 3120 5318 adventantes
3167 5258 3437 5329 conspicit
3488 5257 3702 5312 Persas.

425 5358 684 5427 παρόντι,
705 5358 835 5427 ἔφη,
863 5358 1179 5429 βουλευτέον
1217 5360 1262 5413 δ’
1288 5361 1365 5423 ὡς
1403 5360 1483 5414 ἔνι
1528 5361 1766 5430 μάλιστα
1815 5362 1891 5433 μὴ
1921 5363 2019 5415 καὶ

2118 5361 2300 5427 Quare
2346 5359 2539 5426 paucis
2576 5371 2644 5410 ex
2695 5355 2762 5410 iis
2812 5354 2904 5425 qni
2957 5367 3140 5408 secum
3179 5361 3338 5407 erant
3377 5350 3703 5418 assumptis,

431 5449 657 5514 πλείους
699 5450 991 5522 Ῥωμαίων
1024 5452 1325 5507 ἀπολέσθαι
1377 5453 1621 5523 συμϐαίη
1674 5456 1735 5519 ἐς
1791 5455 2007 5526 ταυτηνῖ

2122 5462 2332 5523 partem
2365 5448 2523 5504 vallis
2551 5456 2783 5517 occupat
2811 5459 2825 5498 :
2862 5454 3089 5500 caeteros
3120 5444 3312 5499 collem
3341 5457 3624 5512 supcrare,
3652 5454 3706 5495 ct

1709 5574 1998 5637 Cornelii
2039 5570 2227 5634 Tullii
2264 5575 2453 5630 nota).

498 5670 1016 5746 (ο)ᾼ⁹Α.ιεξάνδρου
1056 5676 1315 5746 τόλμαν
1339 5674 1612 5728 ἐπαινεῖν
1642 5676 1781 5746 ἔχω,
1827 5677 2011 5729 ὁπότε

418 5746 507 5813 μὴ
539 5744 663 5797 σὺν
690 5746 865 5812 τύχῃ.
901 5743 1015 5798 Huc
1046 5745 1174 5798 facit
1205 5748 1268 5810 Ω.
1294 5745 1467 5799 Curtii
1504 5747 1621 5799 [luti
1672 5743 1737 5800 de
1778 5747 2012 5799 Alexan-

428 5820 527 5871 dro
566 5816 841 5883 elogium:
879 5815 1178 5871 Fatendum
1222 5826 1295 5872 est
1334 5834 1450 5871 cum
1486 5818 1775 5875 alariarum
1834 5819 2015 5873 virtuti

2119 5672 2377 5734 debuerit,
2412 5671 2529 5739 plus
2547 5667 2785 5721 debuisse
2816 5667 3082 5739 fortnam;
3117 5662 3437 5733 quamsolus
3465 5660 3706 5715 omnium.

2124 5737 2425 5800 mortalium
2459 5744 2509 5796 in
2541 5748 2851 5810 potestatem
2876 5737 3083 5791 habuit.
