4096 6412
400 341 511 408 373

1612 298 2163 386 HISTORIARUM
2206 318 2353 379 LIB.
2403 314 2485 378 II.

3562 302 3670 366 374

397 458 606 529 λεμίων
641 451 739 508 καὶ
767 451 1039 524 γενναίων
1060 446 1369 521 αὐτουργὸς
1414 443 1660 516 γεγονὼς
1686 441 1980 513 ἀριστείων

2104 437 2194 492 sita
2225 430 2767 507 agmine-revertitur
2798 428 2850 484 in
2892 431 3093 489 castra,
3137 422 3374 497 indeque
3405 420 3675 492 postridie

401 547 861 618 συντεταγμένοις
915 544 1105 601 λοιπὸν
1148 542 1244 598 ἐπὶ
1286 541 1350 595 τὸ
1409 537 1781 610 στρατόπεδον
1824 530 1982 608 ἧκεν.

404 643 646 715 Ὅρθρου
667 642 729 696 δὲ
781 638 1024 701 ἀναστὰς
1048 637 1173 694 ὀδοῦ
1200 637 1403 708 εἴχετο.
1430 634 1645 706 Πέρσαι
1664 631 1850 687 τοίνυν
1879 629 1992 702 (ἐγ-

399 753 569 807 γιστα
598 734 708 807 γάρ
726 751 835 788 που
861 730 960 791 καὶ
986 723 1136 787 οὗτοι
1169 727 1843 802 ἐνστρατοπεδευσάμενοι
1866 723 1990 780 ἐτυ-

398 834 519 907 χον)
559 832 689 905 περί
725 849 853 887 τινα
879 828 1188 901 δυσχωρίαν
1219 822 1376 887 αὖθις
1405 823 1688 895 γενομένῳ
1722 820 1800 893 τῷ
1850 817 1989 873 Ῥωο

406 927 587 998 μαίων
640 923 868 994 στρατῷ
924 924 990 977 ἐκ
1040 920 1137 976 τοῦ
1180 919 1319 991 παρ’
1368 918 1610 988 ἑκάτερα
1671 913 1991 985 ἐπιθέμενοι

402 1018 643 1089 ίσχυρῶς
662 1015 897 1080 ἐθλισον,
928 1016 1017 1070 ὅτε
1045 1012 1109 1084 δὴ
1141 1012 1235 1069 καὶ
1259 1010 1490 1076 πολλοὺς
1515 1010 1628 1065 τῶν
1650 1009 1715 1063 ἐκ
1749 1006 1992 1072 πεζικῶν

401 1108 727 1178 καταλόγων
772 1110 963 1161 πεσεῖν
984 1106 1209 1175 ἐγένετο
1240 1104 1300 1172 ἐξ
1344 1102 1527 1166 αίτίας
1577 1101 1816 1157 τοιᾶσδε.
1878 1095 1993 1154 Ἦν

401 1219 489 1267 τις
515 1202 573 1255 ἐν
600 1197 681 1266 τῷ
732 1199 1023 1269 Ῥωμαίων
1051 1196 1408 1270 στρατοπέδῳ
1468 1193 1610 1266 ἀνὴρ
1652 1192 1864 1261 ἀγαθὸς
1922 1190 1992 1246 τὰ

400 1293 647 1364 πολέμια
676 1286 721 1361 ᾧ
738 1292 1059 1364 Κριτόπλης
1086 1289 1382 1360 ἐπίκλησις
1414 1288 1619 1343 ἔκειτο.
1674 1279 1850 1351 Οὗτος
1875 1285 1941 1351 δὴ
1964 1285 1994 1337 ὀ

397 1384 546 1455 ἀιὴρ
606 1384 855 1449 πεζικῶν
888 1383 992 1453 μὲν
1024 1383 1103 1454 τῷ
1157 1383 1282 1439 τότε
1325 1383 1615 1453 δυνάμεων
1653 1376 1792 1454 ἦρχε
1820 1394 1838 1413 ο
1894 1377 1995 1447 τὴν

400 1475 564 1540 τάξιν
582 1491 644 1529 τε
667 1474 1044 1546 παρεκκλίνας
1064 1470 1313 1547 Πέρσαις
1337 1473 1403 1528 ἐκ
1429 1472 1528 1526 τοῦ
1566 1470 1757 1542 σχεδὸν
1788 1466 1996 1538 ἑπομέ-

401 1582 520 1630 νοις
553 1568 635 1631 είς
662 1568 855 1638 χεῖρας
879 1561 1033 1638 ἦλθε,
1061 1566 1142 1639 τῷ
1173 1564 1373 1636 πλήθει
1399 1581 1462 1618 τε
1496 1563 1744 1635 βιασθεὶς
1782 1562 1863 1626 εἰς
1894 1577 1995 1628 φυ-

402 1659 511 1727 γὴν
537 1658 1012 1728 άπαμκάλυπτον
1051 1657 1271 1729 ἔϐλεψε,
1322 1656 1501 1728 τούτῳ
1544 1672 1610 1709 τε
1654 1654 1734 1725 τῷ
1800 1652 1995 1723 τρόπῳ

402 1750 642 1815 πολλοὺς
655 1751 767 1806 τῶν
790 1752 931 1824 ἀμφ’
948 1750 1114 1807 αὐτὸν
1141 1749 1538 1821 ἀποϐεϐληκὼς
1556 1748 1716 1819 μόγις
1732 1744 1990 1811 ἐσώζετο.

405 1844 589 1914 Ὅπερ
640 1842 969 1914 αἰσθόμενος
1004 1844 1034 1898 ό
1060 1842 1423 1913 αὐτοκράτωρ
1476 1840 1578 1912 τὴν
1635 1837 1775 1910 ἀμφ’

403 1940 669 2008 φάλαγγα
703 1936 782 2007 τῷ
809 1935 1028 2008 ἀδελφῷ
1062 1935 1369 1999 πιστεύσας
1388 1932 1573 1997 ἀλλοις
1603 1949 1665 1987 τε
1721 1930 1835 1986 τῶν
1859 1947 1999 2001 γνη-

407 2031 694 2085 σιωτάτων
721 2029 964 2094 πολλοῖς,
992 2028 1156 2093 αὐτὸς
1181 2028 1281 2083 σὺν
1305 2026 1516 2096 ὀλίγοις
1557 2025 1622 2080 τὺ
1678 2024 1999 2093 πεπονηκὸς

410 2121 505 2175 τοῦ
537 2120 774 2191 στρατοῦ
820 2118 1239 2190 ἀνακτήσασθαι
1297 2117 1586 2189 ἠπείγετο.
1654 2115 1742 2177 Ἐς
1797 2113 2000 2185 μέσους

414 2214 594 2269 τοίνυν
615 2213 814 2278 αὐτοὺς
840 2210 1129 2283 παρελθὼν
1161 2210 1354 2282 στῆναί
1385 2225 1444 2262 τε
1464 2206 1790 2279 θαρσαλέως
1812 2207 1996 2261 ἐνεκε-

416 2305 645 2360 λεύσατο
691 2305 786 2361 καὶ
851 2304 1091 2377 Πέρσαις
1134 2302 1499 2372 ἀντεπεξῆγε.
1560 2300 1742 2369 Ὅπερ
1791 2299 1999 2352 ἐκεῖνοι

416 2399 849 2470 κατανοήσαντες
880 2397 1067 2452 οὐκέτι
1106 2396 1216 2451 ἀπὸ
1262 2394 1446 2467 χειρὸς
1510 2393 1804 2465 Ῥωμαίοις
1856 2390 1999 2461 ἐμά-

415 2508 595 2559 χοντο.
628 2488 718 2561 Τῷ
761 2490 821 2544 δὲ
868 2489 1083 2562 βασιλεῖ
1121 2487 1387 2558 ἐπιμελὲς
1433 2486 1681 2556 ἐγεγόνει
1727 2485 1878 2546 ὅπως
1927 2483 2000 2538 ἂν

414 2583 793 2654 ἀναθαρσῆσαι
820 2582 884 2637 τδ
916 2581 1225 2653 Ῥωμαϊκὸν
1254 2579 1470 2651 γένοιτο
1496 2596 1512 2613 ο
1544 2577 1647 2649 ἤδη
1670 2576 1781 2648 γὰρ
1821 2575 1899 2638 ὡς
1937 2573 2001 2627 τὸ

412 2678 548 2747 περὶ
568 2679 664 2739 τὰς
684 2676 944 2741 πεζικὰς.
960 2674 1037 2739 ὡς
1063 2674 1308 2745 εἴρηται,
1341 2671 1449 2727 τῶν
1472 2671 1761 2741 δυνάμεων
1785 2686 2001 2739 συμπε-

408 2768 509 2821 σὸν
544 2767 908 2823 ὑποκλέπτειν
950 2767 1137 2838 ἠρέμα
1171 2765 1233 2820 τὸ
1266 2765 1517 2835 γενναῖον
1555 2762 1740 2825 αὐτοῖς
1770 2760 1999 2833 ἦρξατο,

408 2854 540 2907 ἐπεὶ
576 2853 747 2926 μηδὲν
778 2850 926 2908 οὕτω
951 2852 1132 2923 ψυχήν
1168 2852 1287 2905 ἐστι
1332 2850 1658 2904 κατασεῖσαι
1712 2847 1899 2901 ἱκανὸν
1922 2848 2000 2917 (q)

409 2940 566 3006 ὦςτδ
604 2940 909 3012 ωμφύλων
939 2939 1193 3011 αἱμάτων
1219 2937 1479 3010 ἐκχύσεις
1507 2938 1571 2991 ἐκ
1596 2936 1695 2991 τοῦ
1726 2935 2001 3005 σύνεγγυς

414 3034 781 3105 καθορᾶσθαι.
827 3032 1052 3105 Ἀμέλει
1108 3031 1207 3087 καὶ
1238 3030 1298 3085 ὃν
1334 3030 1660 3085 ἐπικόλπιον
1693 3026 1810 3100 εἶχε
1834 3029 2002 3099 τόμον

2093 528 2197 585 sub
2248 541 2505 582 auroram
2565 523 2816 579 discedit.
2857 519 2928 575 At
2982 517 3197 584 Persae,
3241 530 3475 586 quorum
3527 514 3675 570 haud

2093 621 2284 693 procul
2311 623 2538 677 aberant
2572 617 2741 680 acies,
2775 613 3054 670 Romanos
3079 612 3167 682 qui
3201 625 3420 667 rursum
3451 608 3506 664 in
3536 607 3677 663 ditii-

2090 714 2182 769 ciii
2212 713 2445 784 quodam
2495 710 2716 767 stabant
2747 708 2866 763 loco
2907 705 2975 760 ab
3013 713 3244 774 utraque
3276 709 3430 774 parte
3472 697 3674 760 adorti,

2092 803 2389 862 nonnullos
2411 817 2445 859 e
2472 800 2747 874 peditibus
2776 797 3046 862 cecidere,
3072 793 3229 865 cujus
3254 792 3475 865 quidem
3506 788 3677 846 cladis

2094 913 2157 955 ea
2183 904 2439 956 narratur
2467 910 2655 953 causa.
2684 891 2780 948 Vir
2807 890 3006 947 eratin
3035 888 3406 943 Romanorum
3432 881 3674 937 exercitu

2092 989 2267 1047 armis
2299 1002 2411 1061 prae
2440 984 2652 1043 caeteris
2682 992 2967 1045 strenuus,
3012 977 3100 1033 cui
3150 989 3347 1031 nomen
3377 971 3675 1041 Critoples,

2094 1083 2270 1154 copiis
2298 1082 2508 1153 aliquot
2552 1076 2898 1150 pedestribus
2938 1069 3288 1144 prmpositus.
3331 1064 3546 1120 Relicto
3586 1062 3679 1118 ille

2094 1181 2287 1236 ordine
2313 1192 2435 1233 cum
2465 1173 2650 1230 Persis
2672 1188 2703 1227 e
2731 1171 3037 1240 propinquo
3059 1157 3521 1232 subsequentibus
3547 1170 3680 1211 con-

2096 1283 2319 1339 gressus
2346 1269 2677 1334 tandemque
2702 1259 3052 1317 multitudine
3080 1250 3468 1315 circumfusus,
3499 1245 3677 1319 palam

2096 1365 2238 1434 fuga:
2276 1377 2339 1418 se
2387 1357 2663 1417 commisit
2717 1356 2920 1425 visque
2958 1349 3144 1406 multis
3195 1357 3417 1401 suorum
3466 1335 3681 1394 amissis

2097 1467 2292 1524 sospes
2330 1451 2522 1507 evasit.
2553 1447 2711 1516 Quod
2748 1444 2841 1499 ubi
2873 1439 3142 1497 intellexit
3177 1436 3498 1505 imperator,
3529 1441 3682 1482 com-

2100 1546 2268 1601 missa
2299 1541 2455 1599 fratri
2486 1540 2717 1608 aliisque
2747 1534 2952 1605 aliquot
2993 1546 3060 1586 ex
3092 1519 3513 1594 consanguineis
3542 1518 3689 1583 acie,

2100 1635 2480 1694 laborantibus
2511 1646 2669 1702 opem
2702 1630 2912 1684 laturus
2937 1638 3058 1679 cum
3082 1619 3269 1691 paucis
3293 1617 3410 1685 ipse
3441 1612 3683 1669 festinat.

2099 1726 2157 1782 in
2201 1725 2408 1782 medios
2450 1723 2617 1795 igitur
2647 1718 2767 1774 illos
2814 1730 2934 1772 sese
2962 1711 3235 1775 inferens,
3280 1704 3495 1765 fortiter
3536 1711 3686 1757 stare

2027 1797 2072 1859 Β
2095 1819 2285 1889 iussos
2315 1829 2531 1872 rursum
2566 1814 2621 1868 in
2649 1811 2849 1867 Persas
2876 1805 3078 1865 educit.
3110 1802 3182 1859 At
3225 1799 3316 1893 illi,
3351 1811 3408 1853 re
3437 1794 3688 1850 animad-

2097 1926 2255 1967 versa
2285 1908 2534 1965 cominus
2554 1921 2666 1961 rem
2694 1916 2889 1975 gerere
2921 1901 3248 1954 detrectant.
3276 1892 3415 1947 Tum
3444 1889 3688 1959 impera-

2101 2011 2274 2059 tarem
2307 2000 2477 2057 subiit
2506 2011 2662 2065 cura,
2685 2010 2796 2067 quo
2825 2002 2985 2061 pacto
3019 1989 3389 2044 Romanorum
3418 1978 3701 2037 demissos

2098 2099 2312 2154 animos
2342 2095 2449 2167 55
2481 2102 2779 2151 recrearet.
2798 2088 2917 2145 iam
2942 2085 3089 2142 enim
3119 2081 3208 2138 illa
3238 2078 3476 2151 peditum
3501 2073 3690 2131 clades

2100 2192 2425 2247 imminuere
2448 2188 2693 2244 innatam
2722 2197 2911 2240 eorum
2945 2180 3203 2234 virtutem
3232 2177 3512 2241 coeperat;
3550 2162 3694 2221 nihil

2099 2285 2300 2357 quippe
2351 2290 2463 2338 tam
2522 2279 2759 2336 validum
2818 2276 2886 2332 ad
2944 2266 3394 2330 commovendam
3448 2270 3690 2317 mentem

2100 2355 2265 2447 quam
2321 2374 2479 2432 effusi
2537 2369 2880 2443 popularium
2941 2362 3226 2433 sanguinis
3289 2373 3321 2415 e
3386 2355 3699 2427 propinquo

2100 2476 2447 2539 conspectus.
2508 2466 2589 2521 Ad
2621 2464 2870 2519 ultimum
2911 2455 3185 2531 pretrabit
3216 2469 3246 2510 e
3282 2451 3402 2509 sinu
3436 2448 3685 2503 chartam

2100 2563 2344 2618 omnium
2375 2560 2631 2616 ordinum
2663 2554 2884 2618 nomina
2914 2550 3309 2611 continentem,
3352 2542 3522 2612 inque
3548 2539 3697 2609 ejus-

2102 2656 2250 2712 modi
2286 2669 2467 2710 rerum
2498 2651 2792 2722 angustiis,
2824 2647 2957 2718 quid
3000 2643 3198 2713 cuique
3224 2638 3490 2710 agendum
3516 2644 3688 2696 esset,

2101 2750 2335 2821 singulis
2365 2745 2705 2803 transmittit.
2735 2742 2927 2814 Magna
2958 2739 3103 2797 enim
3136 2736 3251 2808 jam
3299 2731 3532 2789 militum
3564 2741 3692 2798 pars

2102 2859 2226 2916 quas
2255 2842 2531 2900 continuis
2561 2854 2682 2896 cum
2710 2838 2868 2895 hoste
2907 2833 3114 2907 praaliis
3148 2826 3406 2897 congredi
3450 2822 3705 2885 nolebat,.

2102 2937 2310 3003 relictis
2334 2934 2622 2991 ordinibus
2651 2930 2717 2985 ad
2750 2927 3138 2998 impedimenta
3180 2936 3242 2979 se
3284 2917 3562 2974 exercitus
3601 2928 3701 2969 re-

2104 3031 2328 3093 tulerat.
2356 3026 2617 3099 neglectis
2648 3038 2820 3094 usque
2849 3020 2988 3077 adeo
3017 3012 3361 3087 imperatoris
3397 3006 3693 3071 mandatis,

410 3100 745 3197 ἐξενεγκὼν,
798 3119 845 3196 ᾧ
896 3100 1034 3198 πρὸς
1088 3125 1263 3196 ὄνομα
1318 3124 1431 3178 τῶν
1461 3126 1759 3195 ταγμάτων
1783 3123 1870 3196 [Ρ.
1905 3122 1998 3195 51]

2105 3134 2165 3179 ιιι
2202 3120 2419 3177 etiamsi
2465 3116 2711 3174 nonnulli
2746 3116 3012 3169 hactenus
3055 3116 3347 3180 eapropter
3376 3119 3564 3175 pmnas
3593 3100 3693 3157 de-

412 3194 635 3285 ἐγένετο
678 3194 914 3279 ἐκαστα,
942 3194 1033 3267 *ἐν
1070 3194 1247 3277 οὕτως
1274 3211 1429 3281 ὀξείᾳ
1456 3194 1805 3283 πραγμάτων
1856 3194 1999 3281 ῥοπῇ

2105 3215 2350 3278 dissent,
2402 3212 2586 3267 επιειτὶ
2622 3218 2802 3263 tamen
2852 3217 3043 3259 eorum
3094 3216 3213 3270 qum
3258 3198 3461 3253 ﬁebant
3490 3194 3691 3250 nullam

410 3308 622 3380 ἑκάστῃ
646 3305 708 3361 τὸ
728 3307 985 3376 ποιητέον
1001 3304 1345 3362 ἐπέστελλεν.
1368 3304 1506 3376 Ἤδη
1525 3302 1636 3375 γάρ
1658 3302 1767 3357 τῶν
1783 3300 2001 3371 ταγμά-

408 3417 521 3455 των
555 3398 634 3463 ὡς
664 3398 896 3453 πλείστα
926 3398 1252 3469 πανημέρια
1274 3398 1390 3460 τοῖς
1426 3394 1714 3466 πολεμίοις
1748 3392 2005 3449 ἀντιτάτ-

409 3489 606 3545 τεσθαι
639 3489 990 3562 ἀπειρηκότα
1018 3488 1286 3544 ἀπέλιπον
1316 3505 1377 3543 τε
1419 3487 1520 3560 τὴν
1556 3486 1711 3555 τάξιν
1766 3484 1866 3540 καὶ
1908 3485 2005 3540 ἐπὶ

408 3584 476 3636 τὸ
501 3581 897 3653 σκευοφορικὸν
928 3579 1223 3652 μετέθεντο
1256 3578 1351 3635 τοῦ
1385 3578 1644 3651 στρατοῦ,
1685 3578 1779 3632 ἐπὶ
1811 3578 2005 3633 τοσοῦ-

411 3692 509 3729 τον
539 3674 651 3728 τῶν
678 3673 944 3745 βασιλέως
993 3674 1533 3745 ἀφροντιστήσαντες
1589 3669 2002 3741 κελευσμάτων,

412 3768 495 3830 ὡς
560 3766 741 3822 καίτοι
798 3765 1014 3821 πολλῶν
1050 3767 1108 3830 ἐς
1151 3766 1373 3835 ἐκείνην
1402 3764 1505 3834 τὴν
1557 3764 1776 3835 ἡμέραν
1834 3763 1893 3828 ἐς
1941 3762 2006 3817 τὸ

415 3861 582 3933 σῶμα
622 3861 760 3933 πρὸς
804 3859 976 3915 αὐτοῦ
1032 3860 1123 3915 διά
1171 3858 1350 3915 ταῦτα
1402 3856 1819 3929 ζημιωθέντων,
1873 3856 2002 3919 τοὺς

413 3954 615 4018 ἄλλους
642 3953 753 4008 οὐδ’
787 3952 1004 4007 ἐπαΐειν
1027 3952 1137 4006 τῶν
1158 3950 1559 4022 πραττομένων
1592 3951 1900 4022 μονονουχί.
1932 3948 2007 4004 Τδ

415 4049 536 4116 γὰρ
564 4043 685 4099 λίαν
721 4044 1024 4116 φιλόψυχον
1047 4042 1405 4099 παντάπασιν
1444 4042 1861 4114 ἀνεπίμνηστον
1902 4041 2007 4113 τῆς

413 4140 624 4210 ἀρετῆς
662 4137 901 4208 γίνεται.
962 4135 1069 4193 Τδν
1104 4131 1199 4191 οὖν
1246 4136 1452 4208 τρόπον
1512 4133 1705 4190 τοῦτον
1747 4132 1838 4188 ἀεὶ
1895 4133 2006 4187 τῶν

416 4232 657 4288 κατόπιν
686 4231 806 4295 τοῖς
844 4229 1159 4302 ἔμπροσθεν
1187 4228 1671 4299 ἐπιμιγνυμένων,
1701 4228 1851 4282 ἅπαν
1895 4225 2008 4279 λοι-

417 4326 525 4381 πὸν
548 4325 613 4379 τὸ
639 4325 737 4378 τοῦ
772 4323 1018 4394 πολέμου
1054 4321 1223 4394 βάρος
1245 4322 1327 4385 είς
1354 4321 1449 4375 τὸν
1477 4318 1703 4390 βασιλέα
1737 4317 2007 4389 περιστὰν

418 4420 613 4484 δεινῶς
637 4418 832 4474 τοῦτον
860 4415 1076 4482 ἐπίεζεν
1098 4432 1115 4450 ο
1160 4414 1298 4471 ἀλλά
1356 4415 1703 4485 στρατηγικῇ
1740 4412 2008 4485 ἐμπειρίᾳ

2106 3304 2502 3377 propemodum
2528 3302 2791 3355 rationem
2816 3297 3104 3352 baberent.
3138 3288 3467 3346 lmmodicus
3494 3285 3699 3355 quippe

2105 3399 2231 3453 vitae
2263 3411 2419 3452 amor
2445 3393 2664 3450 virtutis
2691 3390 3021 3446 oblivionem
3054 3384 3277 3441 omnino
3303 3379 3527 3437 inducit.
3553 3377 3690 3431 Dum

2107 3491 2273 3562 igitur
2301 3488 2397 3560 qui
2435 3501 2630 3557 agmen
2659 3481 2986 3542 claudebant
3014 3480 3089 3534 ita
3117 3477 3377 3533 continuo
3408 3489 3469 3529 se
3494 3471 3687 3539 adjun-

2106 3595 2240 3656 gunt
2261 3583 2557 3655 prioribus,
2583 3588 2694 3635 tota
2721 3577 2825 3633 etsi
2853 3576 2906 3631 in
2930 3574 3317 3643 imperatorem
3350 3565 3693 3622 incumberet

2106 3676 2231 3733 belli
2268 3674 2462 3740 moles,
2491 3671 2715 3728 militari
2747 3680 2929 3725 tamen
2963 3674 3081 3721 arte
3120 3660 3353 3720 subinde
3384 3661 3567 3715 hostes
3598 3672 3693 3726 ag-

2107 3782 2330 3841 gressus
2378 3767 2448 3823 ab
2494 3779 2684 3821 eorum
2733 3762 2987 3818 manibus
3029 3754 3322 3813 incolumis
3369 3751 3564 3806 erasit.
3618 3747 3692 3804 lbi

2111 3873 2224 3917 tum
2259 3860 2487 3916 locanda
2518 3866 2697 3913 castra
2737 3854 3036 3908 censebant
3082 3848 3302 3919 quidam
3350 3857 3526 3911 neque
3566 3856 3691 3910 pro-

2108 3955 2466 4025 grediendum
2503 3949 2753 4004 ulterius.
2793 3946 2899 4001 Sed
2946 3957 3054 3998 non
3102 3939 3301 4012 placuit
3350 3949 3414 3991 ea
3458 3933 3707 4005 principii

2107 4044 2399 4109 sententia,
2431 4043 2562 4113 quin
2590 4040 2767 4109 potius
2797 4035 3056 4091 Romanis
3078 4047 3201 4088 esse
3226 4028 3537 4085 bellandum
3562 4040 3694 4081 cen-

2108 4138 2287 4199 sebat,
2336 4135 2461 4190 dum
2514 4132 2663 4187 nulla
2713 4130 2893 4184 adhuc
2946 4120 3321 4181 consternatio
3363 4119 3694 4174 tumultusrc

2112 4230 2330 4285 illorum
2383 4225 2681 4282 invasisset
2731 4222 2982 4284 animos,
3037 4231 3199 4285 quam
3248 4213 3428 4285 primo
3474 4226 3697 4281 quoque

2113 4333 2379 4392 tempore,
2407 4327 2504 4373 aut
2527 4330 2672 4372 anno
2708 4317 2978 4383 sequenti,
3021 4326 3142 4366 cum
3174 4307 3437 4378 angustiis
3471 4305 3696 4359 omnino

2113 4421 2517 4485 premerentur.
2542 4410 2731 4465 Satius
2762 4409 2945 4477 itaque
2977 4405 3080 4460 sibi
3110 4403 3221 4474 56
3249 4400 3422 4456 videri
3450 4399 3696 4454 hostibus

415 4516 536 4577 τοῖς
561 4511 845 4580 πολεμίοις
869 4507 1205 4573 ἀντεπεξιὼν
1236 4506 1430 4579 ἀσινὴς
1462 4483 1606 4563 οὕτω
1654 4483 2000 4575 διαγενέσθαι

2112 4483 2552 4562 Occurrendum,
2606 4498 2675 4552 iis
2723 4495 2892 4566 pulsis
2944 4493 3227 4549 habituros
3270 4493 3469 4545 tutiora
3510 4499 3691 4543 castra

418 4608 636 4674 ἴσχυσε.
667 4601 804 4655 Τότε
833 4601 899 4670 δὴ
922 4602 1033 4663 τοῖς
1060 4599 1161 4670 μὲν
1184 4598 1369 4662 ἄλλοις
1403 4596 1573 4652 αὐτοῦ
1618 4613 1723 4650 που
1766 4596 2002 4665 σκηνοῦν

414 4699 595 4751 ἐδόκει
654 4694 792 4765 μηδὲ
857 4692 1195 4765 προσωτέρω
1245 4692 1476 4763 χωρεϊνο
1522 4689 1619 4744 τὸν
1668 4688 1898 4759 βασιλέα
1945 4687 2005 4741 δὲ

416 4788 598 4844 ταῦτα
624 4786 837 4858 οὐδαμῆ
853 4786 1114 4858 ἦρεσκεν,
1146 4785 1223 4847 ὡς
1259 4782 1335 4855 μὴ
1359 4785 1419 4839 ἐν
1454 4781 1723 4854 συγχύσει
1766 4781 1862 4834 καὶ
1913 4798 2009 4834 τα-

350 4913 361 4921 -
423 4882 579 4953 ράχῳ
616 4878 946 4950 φερομένοις
993 4875 1554 4947 καταπολεμήσεσθαι
1600 4874 1806 4946 μᾶλλον
1868 4874 2006 4928 Ῥω-

422 4970 608 5038 μαίοις
650 4968 881 5039 γένηται
934 4968 969 5039 ἢ
998 4967 1202 5025 αὐτίκα
1248 4968 1284 5042 ἦ
1323 4967 1455 5038 γοῦν
1484 4970 1542 5033 ἐς
1575 4968 1755 5023 νέωτα
1785 4967 2005 5031 πάντως

416 5063 476 5126 ἐς
501 5061 606 5133 τὴν
624 5060 863 5133 ἀπορίαν
894 5060 1389 5132 συσκευαζομένοις
1416 5059 1695 5125 ἐπεξιέναι
1713 5060 1770 5115 δὲ
1800 5060 2002 5131 μᾶλλον

2112 4601 2279 4662 atque
2312 4592 2369 4646 in
2396 4590 2517 4646 loco
2545 4589 2798 4646 liberiore
2827 4600 3208 4643 consessuros.
3245 4584 3339 4638 llis
3366 4583 3549 4646 dictis,
3590 4582 3692 4635 etsi

2112 4701 2224 4741 non
2255 4699 2445 4741 omnes
2485 4683 2589 4738 sibi
2634 4680 2888 4737 assentiri
2931 4679 3413 4741 aniniadwrterct,
3460 4675 3697 4729 Tzican-

2113 4781 2314 4854 dylem,
2350 4778 2660 4848 Sinopitem.
2685 4785 2739 4831 et
2782 4775 3081 4843 Crit0plem
3125 4771 3371 4841 aliosque
3411 4784 3442 4824 e
3467 4768 3697 4823 ducibus

2112 4874 2424 4944 complures
2450 4872 2648 4928 castris
2679 4868 2926 4941 praeﬁcit.
2957 4866 3075 4938 Ipse
3100 4872 3322 4934 arrepto
3347 4861 3697 4932 imperatorio

2115 4966 2339 5032 vexillo,
2391 4974 2509 5020 tuto
2552 4965 2752 5033 impetu
2790 4976 2911 5016 cum
2959 4961 3073 5016 suis
3130 4958 3183 5012 iu
3236 4958 3447 5012 hostem
3497 4956 3691 5016 t'ertnr,

2108 5060 2414 5129 crebraque
2444 5057 2744 5127 irruptione
2792 5054 3107 5123 fatigatum,
3155 5052 3371 5106 tandem
3402 5047 3469 5102 ad
3511 5046 3697 5117 ﬁngam

1703 5218 1991 5286 Cornelii
2021 5219 2214 5283 Tolli-i
2253 5228 2444 5283 nota.

493 5362 572 5435 (ς)
635 5362 805 5418 Ἐπεί
837 5361 994 5434 μηδὲ
1026 5362 1183 5435 οὕτω
1208 5362 1429 5435 ψυχήν
1482 5363 1617 5418 ἐστι
1640 5361 2014 5435 Ῠκατασεῖο-αι

418 5431 657 5490 ικαίλόν.
690 5431 952 5490 Rescribe
978 5431 1391 5503 assensum:
1412 5435 1521 5489 huc
1550 5434 1827 5489 adducere
1875 5431 2009 5487 Livii

420 5506 624 5588 locum,
661 5506 717 5588 Ι..
741 5501 1105 5588 trinum-54:
1140 5501 1296 5585 Nihil
1330 5515 1439 5587 tum
1466 5505 1753 5588 incertum.
1774 5513 2009 5588 mentum

424 5575 804 5631 inwstimabile
828 5585 926 5636 est,
985 5589 1147 5641 quam
1192 5574 1359 5628 animi
1420 5574 1800 5629 multitudinis.
1856 5572 2011 5637 Quod

416 5650 771 5715 promptiores
828 5645 898 5698 ad
956 5643 1285 5698 subeundam
1341 5660 1545 5698 omnem
1608 5644 2009 5697 dimicationem

416 5714 702 5771 uidebatur
732 5717 1022 5783 facturum.
1050 5715 1104 5767 id
1137 5726 1330 5769 metum
1350 5716 1720 5784 pigritiamque
1745 5714 1966 5767 incussit
1991 5729 2010 5776 ,-

418 5787 538 5857 jam
580 5788 671 5857 qui
700 5788 870 5842 hastis
914 5786 1245 5857 sagittisque,
1275 5794 1326 5840 ct
1372 5802 1499 5840 rara
1552 5786 1751 5840 lanceis
1786 5784 2005 5840 vulnera

2122 5360 2267 5429 facta
2311 5354 2595 5438 .vidiasent,
2647 5372 2762 5411 cum
2819 5352 3416 5438 prisciqulllyniisqne‘
3460 5366 3698 5421 pugnare

2123 5420 2345 5489 tissimi,
2375 5436 2717 5495 pcateaquam
2779 5428 2955 5493 gladio
2999 5420 3342 5491 Hispdnionsi
3370 5420 3696 5495 detruncata

2119 5515 2363 5567 corpora,
2413 5491 2646 5551 brae/riis
2684 5491 2950 5555 abscissis,
2983 5505 3074 5547 aut
3099 5504 3212 5548 tota
3240 5494 3436 5567 σεξυτι
3466 5491 3695 5567 descent,

2118 5562 2294 5624 divisa
2334 5583 2366 5619 a
2412 5580 2630 5635 corpore
2660 5570 2857 5635 capita,
2886 5567 3225 5635 patentiaque
3272 5563 3492 5623 viscera,
3533 5572 3577 5613 et
3605 5562 3699 5635 frn-

2120 5642 2339 5694 ditatem
2376 5632 2538 5690 aliain
2566 5632 2841 5691 vulnerum
2872 5632 3149 5700 viderunt;
3181 5638 3431 5689 adversus
3457 5646 3575 5700 quw
3596 5632 3699 5685 tela

2116 5726 2347 5835 Zuosque
2393 5707 2531 5764 viros
2561 5706 2898 5778 pugnandum
2932 5715 3087 5773 esset,
3123 5704 3301 5775 pavidi
3333 5703 3485 5772 vutgo
3519 5717 3699 5757 cerus-

2153 5794 2264 5835 ιιηι.

2153 5794 2264 5836 ιιηι.
