4096 6406
424 326 532 390 375

1709 321 2038 385 JOANNIS
2075 296 2407 387 CINNAMI

3595 326 3708 392 376

421 436 719 508 compellit.
745 436 1033 492 Protracta
1061 433 1276 506 longius
1305 433 1670 500 insccutione,
1714 433 1942 490 Romani
1977 448 2008 488 a

2118 437 2304 509 ἔλεγεν
2335 436 2473 494 εἶναι
2510 436 2714 510 χρεὼν,
2762 437 2816 494 εί
2841 455 2959 502 πως
2985 436 3114 504 τοὺς
3155 436 3456 511 πολεμίους
3476 437 3710 494 ἀπωσά-

421 549 574 604 tergo
621 533 889 592 instantes
935 530 1138 587 multos
1181 531 1456 596 occidunt,
1503 531 1766 601 quosdam
1809 540 1865 586 et
1910 545 2008 586 ca-

421 628 578 696 piunt
619 625 794 696 vivos,
849 638 990 694 quos
1023 623 1167 680 inter
1193 623 1291 679 fuit
1332 623 1661 690 Pharcusas,
1703 622 1884 694 magni
1928 622 2012 678 vir

419 716 560 786 apud
595 714 796 772 Persas
823 715 1084 784 nominis,
1125 715 1218 788 qui
1251 714 1616 772 discumbenti
1658 717 1876 772 sultano
1913 731 2012 787 po-

419 810 606 864 enimn
634 809 968 881 porrigebat.
1001 808 1325 866 Pincernam
1357 809 1500 866 hunc
1529 809 1756 866 Romani
1789 818 2008 867 vocant.

421 901 556 956 Erat
583 913 765 956 autetn
799 899 1020 969 quidam
1056 900 1112 956 in
1142 899 1508 955 Barbarorum
1543 900 1810 963 exercitu,
1854 915 1946 970 qm
1980 916 2009 954 a

424 991 689 1052 llomanis
717 991 1006 1057 oriundus,
1052 991 1194 1061 apud
1240 989 1437 1046 Persas
1467 1006 1601 1048 vero
1642 991 1918 1047 enutritus
1955 1000 2011 1047 et

420 1089 724 1152 educatus,
779 1084 923 1142 forte
984 1083 1324 1157 provinciam
1380 1082 1674 1156 quamdam
1729 1086 1833 1141 sub
1895 1083 2013 1140 hate

421 1190 670 1248 tempora
714 1177 786 1235 ab
843 1177 980 1249 ipsis
1035 1179 1328 1247 regendam
1377 1185 1729 1247 susceperat,
1790 1176 2012 1234 nomine

418 1271 654 1329 Gabras.
695 1270 852 1328 Hunc
889 1280 1248 1344 posteaquam
1292 1285 1355 1328 ea
1403 1271 1491 1328 die
1529 1270 1850 1328 occiderunt
1896 1270 2014 1326 Ro-

425 1363 595 1430 mani,
623 1372 962 1434 amputatum
994 1362 1136 1420 illius
1160 1371 1326 1436 caput
1350 1363 1405 1420 in
1444 1374 1624 1421 castra
1650 1377 1834 1421 secum
1866 1371 2015 1420 attu-

420 1452 556 1509 lere.
615 1452 944 1524 Imperator,
1001 1454 1260 1524 quoniam
1317 1453 1485 1510 multa
1531 1453 1644 1525 jam
1696 1468 1804 1509 nox
1855 1462 2010 1516 erat.

420 1543 696 1616 fugientes
725 1561 830 1603 non
860 1547 1074 1615 longius
1103 1556 1447 1619 persecutus,
1475 1561 1600 1604 cum
1638 1545 1861 1618 tropaeis
1885 1545 2014 1602 inde

420 1640 718 1696 revertitur
751 1659 766 1696 :
799 1638 1174 1710 Romanisque
1218 1641 1273 1696 in
1316 1655 1532 1700 summa
1573 1653 1759 1696 rerum
1791 1647 2013 1709 pertur-

423 1733 646 1789 batione
689 1744 744 1790 et
791 1733 1000 1804 absque
1049 1735 1159 1791 ullo
1207 1735 1406 1792 ordine
1453 1733 1688 1790 inventis
1741 1731 2010 1804 (necdum

420 1824 566 1878 enim
608 1823 841 1881 sarcinis
887 1824 1262 1897 iumentorum
1310 1827 1471 1882 dorsa
1509 1823 1839 1892 exuerant),
1888 1821 2012 1876 uni-

419 1928 580 1969 versa
615 1913 904 1970 confestim
937 1915 1405 1986 circumequitans
1437 1924 1616 1972 castra
1661 1913 1889 1986 singulis
1923 1927 2012 1968 or-

421 2005 642 2059 dinibus
673 2016 1038 2076 opportunum
1068 2007 1250 2062 locum
1281 2007 1550 2078 assignat.
1581 2005 1688 2062 Sed
1715 2020 1821 2060 non
1852 2002 2010 2074 pauci

423 2096 644 2152 interim
697 2112 728 2154 e
776 2099 1040 2156 militibus
1087 2108 1301 2156 noctem
1357 2099 1412 2153 in
1457 2099 1616 2170 equis
1664 2108 2008 2168 transegere,

421 2188 567 2259 quod
599 2188 737 2245 adeo
767 2191 1064 2260 compressi
1101 2189 1444 2262 confertique
1485 2199 1712 2255 starent,
1733 2188 1840 2260 57
1859 2198 1917 2243 ut
1945 2187 2014 2242 ab

421 2281 491 2337 iis
524 2282 820 2354 nequirent
850 2283 1096 2339 desilire.
1131 2282 1226 2340 Sic
1260 2283 1425 2354 igitur
1455 2298 1561 2338 nox
1590 2282 1677 2337 illa
1713 2290 2010 2337 transacta.

419 2374 490 2429 At
517 2381 642 2430 orto
670 2373 784 2443 jam
813 2375 926 2430 sole
957 2376 1256 2446 imperator
1287 2390 1429 2446 equo
1465 2376 1518 2430 in
1567 2375 1802 2430 medium
1848 2387 2010 2431 exer-

419 2468 591 2522 citum
616 2467 890 2531 invectus,
914 2477 977 2523 ut
997 2466 1172 2524 solent
1201 2467 1514 2522 militarium
1542 2468 1796 2522 ordinum
1820 2465 2008 2528 duces,

423 2559 476 2614 in
527 2559 675 2614 hunc
727 2557 950 2620 modum
997 2559 1162 2614 verba
1195 2557 1366 2615 fecit:
1399 2577 1418 2610 ι
1452 2556 1567 2613 Viri
1604 2559 1847 2623 strenui,
1903 2573 2011 2613 non

422 2650 566 2720 quod
603 2649 954 2705 timiditatem
985 2649 1148 2705 ullam
1176 2651 1232 2705 in
1255 2650 1452 2706 animis
1483 2651 1683 2707 vestris
1709 2649 1791 2705 vel
1821 2664 2014 2720 quam-

421 2744 570 2813 piam
606 2741 768 2798 aliam
823 2741 1276 2812 deprehenderim
1314 2742 1609 2812 ignaviam,
1655 2741 1722 2797 ad
1756 2741 2011 2798 virtutem

421 2847 478 2893 et
510 2834 794 2890 audaciam
831 2849 929 2888 vos
969 2833 1310 2890 excitaturus
1343 2836 1503 2890 venio
1537 2834 1716 2906 (absit
1757 2834 1902 2890 enim
1954 2843 2014 2889 ut

422 2931 721 2999 degeneres
753 2927 863 2984 sint
899 2927 1128 2983 liomani
1155 2936 1479 2999 partamque
1509 2944 1538 2983 a
1575 2925 1868 2996 majoribus
1896 2927 2014 2999 glo-

424 3022 560 3078 riam
591 3019 930 3092 detur-pem),
965 3019 1060 3076 sed
1097 3030 1156 3074 ut
1187 3031 1506 3076 consuetum
1539 3021 1768 3076 ducibus
1795 3034 2011 3077 servem

2117 549 2272 601 μενοι
2311 533 2438 588 κατ’
2483 531 2740 598 ἐξουσίαν
2791 549 2853 586 τε
2903 530 2998 586 τδν
3035 531 3258 602 χάρακα
3308 531 3576 602 πήξονται
3608 532 3710 586 καὶ

2114 626 2490 698 σκηνώσουσιν
2515 626 2615 680 οὐκ
2637 627 2696 682 tv
2725 625 2900 696 στενῷ
2944 624 3127 697 χώρου
3160 625 3495 697 εἱρχθέντες.
3517 626 3711 680 Ταῦτα

2111 718 2310 788 λέγων,
2336 719 2528 790 ἐπειδὴ
2559 719 2635 790 μὴ
2658 718 2760 772 καὶ
2790 718 3005 780 πάντας
3022 719 3410 790 ἐνδεχομένους
3433 719 3524 774 τὸν
3545 719 3710 789 λόγον

2113 811 2285 884 ἑώρα,
2313 811 2695 884 Τζικανδύλην
2717 812 2818 883 μὶν
2849 813 2946 867 καὶ
2976 813 3313 884 Σινωπίτην,
3351 813 3488 884 πρὸς
3515 813 3574 867 δὲ
3607 813 3712 866 καὶ

2111 907 2434 979 Κριτόπλην
2455 907 2682 962 καὶτῶν
2715 906 2897 962 ἀλλων
2946 906 3181 970 πολλοὺς
3238 906 3568 978 στρατηγῶν
3627 908 3712 977 τῷ

2113 1000 2469 1072 στρατοπέδῳ
2493 998 2712 1068 ὲφίστα,
2742 1000 2772 1053 6
2801 999 2860 1054 δὲ
2880 999 3044 1064 αὐτὸς
3071 999 3172 1070 τὴν
3197 998 3490 1069 βασιλικὴν
3513 998 3712 1052 ἀνελό-

2115 1109 2279 1164 μενος
2305 1091 2553 1163 σημαίαν
2583 1091 2684 1145 σὺν
2708 1091 2824 1154 τοῖς
2852 1091 2995 1162 ἀμφ’
3025 1091 3192 1146 αὐτὸν
3237 1089 3345 1161 δλῳ
3377 1089 3580 1161 ῥυτῆρι
3613 1089 3712 1144 ἐπὶ

2111 1184 2240 1249 τοὺς
2271 1183 2550 1248 ἐναντίους
2568 1184 2791 1255 ἤλαυνε.
2843 1181 3222 1252 Καταπλήξας
3273 1198 3335 1236 τε
3400 1180 3480 1252 τῷ
3522 1179 3712 1252 ἀθρόῳ

2111 1278 2213 1349 τῆς
2239 1277 2554 1342 ἐπελάσεως
2588 1277 2672 1340 είς
2703 1275 2888 1347 φυγὴν
2927 1274 3123 1346 βλέψαι
3173 1275 3484 1346 ἠνάγκασε.
3546 1275 3710 1341 Δαμο

2114 1371 2264 1442 πρᾶς
2289 1369 2471 1425 τοίνυν
2505 1369 2811 1440 γενομένης
2842 1367 2942 1437 τῆς
2978 1365 3240 1432 διώξεως,
3287 1365 3524 1420 κατόπιν
3582 1364 3712 1418 ἀπι-

2116 1463 2384 1533 σπόμενοι
2424 1462 2692 1532 Ῥωμαῖοι
2722 1459 2958 1524 πολλοὺς
2991 1459 3265 1522 ἔκτειναν,
3297 1457 3455 1522 τινάς
3500 1456 3559 1512 δὲ
3609 1455 3713 1511 καὶ

2115 1556 2394 1628 ζωγρείαν
2452 1551 2620 1621 εἷλον,
2675 1557 2734 1610 έν
2787 1548 2869 1619 οἷς
2915 1554 3012 1609 καὶ
3065 1553 3392 1624 Φαρκουσᾶς
3439 1546 3510 1622 ἦν
3568 1549 3714 1621 ἀνὴρ

2117 1651 2272 1724 παρά
2302 1649 2544 1722 Πέρσαις
2561 1648 2860 1721 ἐπιφανὴς,
2899 1647 2961 1711 δς
2985 1645 3299 1701 δειπνοῦντι
3352 1643 3434 1713 τῷ
3473 1642 3712 1698 ωυλτάν

2117 1745 2349 1800 ἐνετίθει
2379 1744 2440 1798 τὸ
2468 1743 2710 1812 ἔκπωμα
2739 1743 2870 1797 ταῖν
2892 1742 3082 1812 χεροῖν
3113 1756 3128 1771 ο
3167 1738 3481 1810 πιγκέρνην
3515 1735 3712 1790 τοῦτον

2133 1838 2394 1908 Ῥωμαῖοι
2450 1835 2738 1890 καλοῦσιν.
2819 1831 2929 1888 Ἦν
2977 1833 3035 1887 δέ
3095 1851 3182 1897 τις
3212 1833 3273 1886 ὲν
3309 1830 3712 1902 τῇΒαρϐάρων

2122 1932 2357 2002 στρατιᾷ
2394 1930 2477 1989 είς
2526 1928 2840 1999 Ῥωμαίους
2868 1925 2971 1997 μὲν
2993 1925 3286 1994 ἀναφέρων
3331 1924 3393 1978 τὸ
3423 1923 3600 1992 γένος,
3652 1923 3715 1976 ὲν

2119 2027 2177 2081 δὲ
2209 2024 2448 2094 Πέρσαις
2476 2023 2573 2078 καὶ
2609 2021 2842 2092 τραφεὶς
2870 2019 2967 2074 καὶ
2994 2019 3257 2091 αὐξηθεὶς
3283 2017 3422 2088 τύχῃ
3460 2015 3568 2070 τινὶ
3609 2030 3713 2068 σα-

2119 2119 2391 2189 τραπείαν
2421 2115 2543 2170 κατ’
2571 2117 2752 2168 έκεῖνο
2803 2112 3002 2184 καιροῦ
3055 2112 3190 2182 παρ’
3242 2111 3435 2173 αὐτοῖς
3487 2109 3712 2162 διεῖπεο

2120 2212 2341 2283 Γαϐρᾶς
2361 2209 2513 2278 αύτῷ
2538 2208 2830 2277 ἐπίκλησις
2855 2201 2946 2278 ἦν.
2973 2204 3181 2259 Τοῦτον
3204 2204 3395 2272 ἐπειδὴ
3424 2203 3550 2257 κατ’
3574 2201 3718 2255 ὲκεί-

2120 2314 2221 2368 νην
2249 2296 2350 2368 τὴν
2390 2294 2607 2365 ἡμέραν
2651 2291 2918 2363 Ῥωμαῖοι
2945 2290 3220 2354 ἔκτειναν,
3255 2287 3504 2357 κεφαλὴν
3550 2285 3716 2353 ἀγον-

2119 2404 2211 2452 τες
2231 2386 2330 2456 τὴν
2356 2383 2525 2438 αὐτοῦ
2557 2381 2711 2455 παρὰ
2742 2382 2803 2435 τὸ
2835 2379 3202 2453 στρατόπεδον
3229 2373 3417 2450 ἦλθον.
3447 2375 3716 2438 Βασιλεὺς

2119 2477 2177 2532 δὲ
2203 2477 2416 2548 (πόρῤω
2436 2474 2546 2546 γὰρ
2563 2473 2664 2545 ἤδη
2683 2469 2752 2544 ἦν
2767 2471 2877 2526 τῶν
2892 2470 3131 2538 νυκτῶν)
3148 2468 3244 2524 καὶ
3277 2468 3358 2522 ἔτι
3374 2467 3470 2522 τοῦ
3491 2465 3716 2521 διώκειν

2119 2566 2500 2634 ἀποσχόμενος
2531 2563 2631 2616 σὺν
2660 2560 2947 2632 τροπαίοις
2973 2558 3186 2614 ἐκεῖθεν
3217 2558 3592 2627 ὑπέστρεφεν,
3655 2558 3716 2611 έν

2123 2657 2385 2729 συγχύσει
2406 2676 2465 2712 τε
2494 2657 2578 2712 ἔτι
2609 2657 2706 2710 καὶ
2740 2654 2941 2726 ἀταξία
2965 2653 3136 2725 πολλῇ
3189 2651 3499 2722 Ῥωμαίους
3532 2646 3717 2719 εὑρὼν

2121 2749 2298 2823 (οῦπω
2329 2752 2440 2822 γάρ
2471 2747 2594 2803 οὐδὲ
2623 2745 2721 2801 τοῦ
2754 2745 2897 2802 κατὰ
2930 2746 3119 2802 νώτων
3153 2743 3355 2815 ἄχθους
3386 2741 3456 2796 τὰ
3515 2755 3712 2793 σκευο-

2121 2845 2264 2916 φόρα
2287 2842 2398 2897 τῶν
2424 2842 2582 2907 ζώων
2604 2838 3062 2912 ἀπηλλάττοντο),
3103 2839 3252 2892 ἀπαν
3305 2835 3367 2890 es
3404 2831 3716 2905 στρατόπε-

2118 2937 2210 2991 δον
2232 2937 2443 3011 σπουδῃ
2477 2933 2787 3005 περιελθὼν
2857 2933 2969 2987 τῶν
2993 2931 3295 3000 ταγμάτοιν
3329 2927 3548 2997 ἑκάστῳ
3610 2923 3717 2992 τὴν

2121 3029 2513 3101 προσήκουσαν
2534 3027 2794 3096 ἐνείματο
2841 3022 3050 3096 χώραν.
3107 3020 3270 3075 Ἀλλά
3328 3018 3426 3072 καὶ
3464 3015 3540 3078 ώς
3599 3013 3716 3068 τῶν

425 3128 636 3168 morem
689 3121 745 3168 et
789 3111 1076 3168 adversum
1119 3112 1300 3168 futura
1356 3113 1598 3184 pericula
1642 3127 1737 3170 vos
1785 3113 2008 3172 reddam

2121 3117 2478 3189 στρατιωτῶν
2514 3116 2616 3170 οὐκ
2645 3112 2864 3181 ὀλίγους
2921 3111 3202 3180 ὲφίππους
3250 3101 3715 3174 διανυκτερεῦσαι

420 3202 849 3259 obfirmatiores.
877 3201 1036 3269 Quod
1063 3205 1208 3258 enim
1235 3204 1530 3275 improviso
1557 3209 1874 3276 supervenit
1901 3222 2010 3262 ma-

422 3297 535 3352 lum
566 3296 653 3352 vel
698 3295 1056 3352 fortissimam
1105 3305 1339 3355 mentem
1371 3297 1642 3354 interdum
1678 3307 1854 3368 potest
1891 3313 2016 3368 pur-

423 3391 666 3446 turhare.
719 3391 932 3446 Scitote
982 3390 1172 3461 igitur,
1236 3391 1673 3457 eommilitonrs,
1727 3392 2016 3447 imminere

429 3481 588 3536 nobis
620 3481 783 3537 hodie
812 3481 1015 3536 bellum
1054 3491 1180 3536 ante
1215 3484 1354 3538 actis
1381 3483 1598 3538 cmtcris
1626 3483 1784 3553 longe
1817 3481 2013 3551 majus,

427 3576 666 3644 illudque
694 3585 1026 3646 postremum
1072 3580 1129 3629 et
1171 3573 1421 3630 ultimum
1467 3575 1630 3630 veluti
1666 3588 1789 3630 esse
1834 3581 2017 3628 certa-

426 3681 586 3730 men,
633 3667 778 3736 quod
825 3680 989 3731 quam
1050 3665 1257 3734 optime
1310 3665 1559 3734 apparari
1609 3665 1830 3730 deccat,
1901 3672 2013 3717 tum

425 3769 649 3829 propter
675 3757 858 3826 priora
883 3771 1004 3824 qua:
1035 3757 1302 3812 hactenus
1329 3758 1594 3827 gessimus
1617 3755 1779 3821 bella,
1811 3765 1923 3810 tum
1950 3769 2017 3810 ne

427 3851 658 3907 vilescat
692 3859 770 3905 tot
815 3851 1078 3918 praeclare
1117 3846 1276 3904 factis
1310 3848 1534 3918 probata
1587 3848 1762 3903 virtus
1807 3855 2014 3912 nostra,

427 3955 598 4018 utque
630 3944 786 4001 nobis
819 3944 952 4014 ipsis
1000 3942 1250 4012 ingentes
1297 3955 1554 4010 paremus
1607 3939 1895 3995 utilitates.
1945 3935 2018 3992 Ut

425 4041 570 4096 enim
599 4038 836 4109 priorem
862 4035 1234 4090 infelicitatem
1260 4032 1594 4102 auspicatior
1617 4031 1809 4087 deinde
1831 4043 2018 4086 emeno

426 4135 518 4188 dat
552 4131 792 4195 fortuna,
823 4129 894 4184 ita
923 4129 1162 4199 priorem
1192 4125 1502 4183 felicitatem
1531 4123 1800 4181 subvertit
1829 4123 2018 4178 subseo

426 4236 554 4280 cuta
604 4224 910 4280 calamitas.
965 4221 1139 4292 igitur
1197 4235 1265 4277 ne
1321 4218 1630 4290 huiusmodi
1671 4217 1800 4288 quid
1859 4215 2016 4271 nobis

424 4317 668 4384 eveniat,
715 4317 816 4372 viri
851 4315 1325 4385 praestantissimi,
1362 4313 1661 4370 curandum
1695 4312 1750 4366 in
1800 4309 2014 4383 primis,

427 4419 488 4464 ut
518 4424 648 4465 suos
681 4409 914 4477 quisque
941 4407 1163 4462 ordines
1197 4415 1399 4470 teneat,
1433 4405 1649 4476 sibique
1695 4405 1920 4459 inducat
1961 4402 2013 4456 in

2121 3207 2388 3274 ξυνέπεσε
2421 3205 2500 3276 τῷ
2523 3203 2924 3276 ὑπερϐάλλοντι
2948 3201 3049 3272 τῆς
3081 3196 3420 3260 πυκνώσεως
3450 3194 3558 3248 οὐδ’
3587 3193 3716 3246 ὅσον

2117 3299 2394 3370 ἀποϐῆναι
2448 3297 2560 3351 τῶν
2599 3297 2784 3351 ἵππων
2841 3293 3195 3365 ἰσχύσαντας.
3275 3288 3389 3360 Τὴν
3451 3286 3550 3356 μὲν
3615 3280 3718 3339 οὖν

2117 3391 2290 3446 νύκτα
2327 3388 2390 3462 [Ρ
2418 3387 2510 3461 53]
2560 3388 2778 3457 ἐκείνην
2813 3384 2994 3448 οὕτως
3039 3383 3354 3456 ηὐλίσαντο.
3421 3379 3604 3432 Ἠλίου
3652 3376 3714 3430 δὲ

2117 3483 2246 3554 άρτι
2271 3481 2412 3551 πρὸς
2455 3481 2518 3534 τὸ
2557 3479 2659 3552 τῆς
2691 3481 2799 3548 γῆς
2863 3477 3241 3545 ὲπανάγοντος
3283 3474 3604 3544 πρόσωπον,
3652 3470 3716 3534 ἐς

2121 3578 2298 3646 μέσην
2335 3574 2579 3645 ἔφιππος
2619 3569 2912 3642 παρελθὼν
2957 3569 3058 3640 τὴν
3120 3566 3407 3639 στρατιάν,
3453 3563 3530 3628 ώς
3589 3561 3715 3627 ἔθος

2118 3670 2267 3724 ἐστὶν
2292 3664 2372 3732 οἷς
2420 3666 2838 3737 στρατιωτικῶν
2861 3663 3120 3735 ἡγεῖσθαι
3152 3661 3452 3732 ταγμάτων
3472 3655 3715 3725 συμϐαίη

2118 3781 2224 3829 νει,
2250 3763 2400 3829 ἔλεξε
2432 3762 2613 3818 τοιάδε
2632 3778 2648 3794 ο
2685 3779 2704 3813 ι
2731 3759 2960 3832 Ἀνδρες
2995 3761 3258 3828 γενναῖοι,
3287 3756 3385 3826 οὐχ
3401 3756 3476 3817 dt;
3505 3751 3714 3808 δειλίαν

2119 3857 2274 3926 ὑμῶν
2313 3853 2676 3926 καταγνοὺςῆ
2707 3870 2828 3907 τινα
2859 3852 3166 3924 μαλακείαν
3191 3849 3359 3916 ἀλλην
3383 3847 3478 3901 ἐπὶ
3507 3845 3714 3915 θάρσος

2118 3948 2242 4019 ήκω
2271 3945 2666 4018 παρακελεύων
2707 3945 2885 4015 ὑμᾶς’
2922 3944 2996 4016 μὴ
3034 3942 3209 4005 οὕτως
3251 3939 3560 4010 Ῥωμαίους
3611 3935 3711 4005 γέ-

2120 4057 2269 4094 νοιτο
2301 4041 2454 4110 σχεῖν
2481 4039 2750 4108 ἀγεννῶς,
2779 4036 2906 4109 μηδ’
2967 4036 3113 4091 οὕτω
3167 4035 3402 4105 πάτριον
3455 4029 3716 4101 αίσχῦναι

2119 4132 2281 4199 δόξαν
2301 4148 2317 4165 ⁶
2348 4132 2488 4187 ἀλλὰ
2522 4132 2687 4203 νόμον
2714 4148 2776 4186 τε
2817 4130 3014 4186 τοῦτον
3066 4127 3435 4200 στρατηγικὸν
3497 4124 3714 4194 ἐκπλη-

2123 4225 2258 4296 ρῶν,
2320 4224 2462 4296 πρὸς
2523 4223 2586 4279 τὸ
2653 4222 2848 4294 μέλλον
2909 4222 2970 4277 δὲ
3015 4219 3466 4291 ἀσφαλεστέρους
3497 4216 3716 4285 ὲνάγων

2121 4317 2290 4386 ὑμᾶς.
2336 4316 2709 4388 ’Λπροόρατον
2735 4315 2849 4387 γὰρ
2872 4312 3246 4386 ἐπερχόμενον
3274 4311 3334 4364 τὸ
3390 4310 3564 4364 δεινὸν
3615 4309 3717 4362 καὶ

2120 4409 2378 4479 γενναίαν
2407 4408 2553 4462 ἔστιν
2570 4409 2660 4463 ὅτε
2684 4403 3018 4478 ξυνετάραξε
3043 4403 3294 4473 γνώμην.
3326 4401 3471 4456 Ἰστε
3505 4399 3713 4468 τοίνυν,

427 4501 694 4567 animum,
727 4499 772 4553 si
805 4497 881 4554 illi
910 4506 1198 4554 serventur
1227 4499 1397 4566 probe
1436 4512 1535 4552 nec
1565 4513 1593 4550 a
1636 4496 1792 4552 nobis
1818 4493 2012 4550 dissol-

2121 4498 2167 4558 ὦ
2209 4501 2637 4572 συστρατιῶται,
2675 4499 2916 4570 πόλεμον
2944 4498 3078 4569 ἡμῖν
3108 4495 3449 4567 ἀπαντήσειν
3479 4493 3581 4563 τὴν
3611 4493 3733 4574 (τή-⁴

425 4604 626 4651 vantur
655 4592 900 4660 omnino,
932 4591 978 4648 si
1032 4590 1271 4661 denique
1317 4605 1539 4660 Operam
1589 4590 1823 4659 quisque
1857 4604 2014 4644 suam

421 4688 692 4758 iunxerit,
735 4694 943 4740 certam
981 4699 1080 4739 nos
1127 4685 1423 4752 adepturos
1474 4683 1759 4738 victoriam
1795 4692 1852 4739 et
1897 4696 2018 4752 quae

430 4780 833 4836 transmittetur
858 4775 970 4848 58
990 4775 1056 4830 ad
1081 4785 1330 4845 posteros
1351 4773 1577 4845 gloriam
1599 4784 2016 4830 consecuturos.

424 4872 630 4929 Contra
686 4871 733 4925 si
788 4869 871 4924 vel
921 4867 1204 4922 minitnum
1262 4867 1486 4922 ordines
1536 4865 1675 4921 solvi
1727 4865 2018 4935 contigerit

428 4979 638 5034 nosque
670 4964 736 5017 ad
774 4961 1006 5017 invicem
1043 4961 1310 5031 disjungi,
1349 4976 1448 5030 pro
1493 4971 1647 5016 certo
1688 4959 1884 5014 habete
1919 4975 2018 5014 nos

432 5059 594 5114 facile
626 5059 677 5112 in
708 5057 948 5112 hostium
981 5064 1240 5110 venturos
1265 5062 1608 5124 potestatem.
1647 5053 2019 5121 Quemadmo-

425 5153 552 5206 dum
581 5151 729 5205 enim
764 5147 987 5202 effracta
1020 5147 1259 5205 obsessa:
1306 5147 1550 5202 civitatis
1593 5149 1759 5201 latera
1807 5147 2013 5199 aditum

428 5237 873 5310 espugnantibus
918 5235 1135 5292 facilem
1168 5236 1432 5305 praebent,
1468 5236 1538 5291 ita
1565 5251 1626 5291 se
1657 5251 1742 5290 res
1770 5237 1930 5290 habet
1961 5236 2014 5290 in

427 5333 625 5387 castris
653 5340 708 5385 et
735 5331 788 5384 in
821 5330 1093 5399 explicato
1121 5331 1390 5386 exercitu.
1439 5328 1624 5399 Neque
1662 5345 1824 5398 porro
1852 5328 2014 5384 aliam

425 5425 496 5479 ob
537 5439 758 5478 causam
797 5423 960 5493 prisci
995 5423 1161 5477 duces
1201 5422 1460 5479 invenere
1491 5423 1736 5488 insidias,
1767 5424 1902 5478 aciei
1933 5423 2018 5477 in-

428 5517 810 5582 strui-tionem,
847 5516 1078 5582 primam
1112 5514 1197 5570 vel
1229 5524 1560 5585 postremam
1597 5515 1792 5581 aciem,
1825 5515 2014 5570 dextra

429 5615 524 5660 aut
571 5607 792 5660 sinistra
840 5621 1065 5672 cornua,
1113 5607 1350 5677 aquales
1384 5607 1634 5661 ordinum
1673 5609 1869 5673 series,
1908 5609 2017 5662 for-

433 5714 684 5766 mamque
734 5699 1070 5769 explicanda:
1123 5699 1280 5755 aciei.
1332 5699 1426 5755 Est
1461 5701 1602 5756 enim
1652 5701 1824 5756 instar
1867 5702 2016 5758 urbis

438 5791 715 5847 exercitus
763 5808 778 5846 :
825 5794 987 5848 cuiet
1017 5792 1187 5862 portis
1230 5807 1366 5865 opus
1399 5802 1453 5850 et
1496 5793 1737 5851 turribus
1786 5803 1839 5850 et
1879 5793 2015 5850 late-

2125 4607 2293 4663 μερον
2339 4589 2434 4643 τὸν
2503 4587 2677 4660 μείζω
2724 4603 2783 4642 τε
2816 4587 2928 4640 τῶν
2967 4584 3354 4657 προλαϐόντων
3382 4583 3479 4636 καὶ
3521 4575 3731 4663 ῶσπερς

2120 4655 2414 4753 ἀγώνισμα
2479 4655 2799 4734 τελευταῖον
2843 4679 2909 4750 δὴ
2963 4655 3127 4732 τοῦτο
3155 4675 3252 4730 καὶ
3309 4675 3540 4745 ἔσχατον
3571 4688 3586 4705 ο
3616 4655 3735 4756 καὶῖ

2121 4775 2229 4847 χρὴ
2255 4772 2709 4846 παρεσκευάσθαι
2740 4772 2926 4835 καλῶς
2961 4771 3072 4824 τῶν
3113 4787 3176 4823 τε
3227 4767 3516 4840 προτέρων
3578 4766 3716 4835 ἡμῖν

2121 4869 2352 4937 ἀγώνων
2382 4867 2547 4921 ἕνεκα
2575 4865 2671 4919 καί
2694 4865 2770 4928 ὼς
2793 4863 2862 4918 ἂν
2885 4863 2963 4934 μὴ
2991 4864 3088 4918 καὶ
3112 4861 3214 4932 τὴν
3269 4859 3564 4929 φθάσασαν
3609 4856 3715 4928 ἢδη

2120 4960 2232 5014 τῶν
2253 4958 2433 5030 ἔργων
2463 4956 2783 5028 ὲλέγξωμεν
2805 4955 3034 5026 ἀρετὴν,
3064 4953 3162 5008 καὶ
3214 4953 3402 5015 αὐτοῖς
3455 4950 3515 5003 δὲ
3577 4949 3714 5020 ἡμῖν

2119 5053 2270 5114 ὅπως
2296 5051 2552 5121 μεγάλων
2573 5049 2702 5119 ἄρτι
2733 5049 2903 5103 αἴτιοι
2949 5045 3190 5117 ἐσόμεθα
3226 5043 3551 5115 συμφορῶν.
3623 5040 3714 5104 Ὡς

2120 5146 2232 5216 γὰρ
2263 5143 2649 5215 προλαϐοῦσαν
2678 5143 2972 5213 δυστυχίαν
3007 5140 3321 5194 τελευταῖον
3365 5133 3714 5207 ἐπανορθοῦν

2121 5239 2410 5309 εὐτύχημα
2471 5239 2741 5308 πέφυκεν,
2800 5235 2979 5297 οὕτως
3007 5233 3272 5306 ἀτύχημα
3327 5230 3558 5302 ὕστερον
3607 5227 3712 5297 τὴν

2122 5330 2223 5402 ἤδη
2251 5329 2558 5400 διέφθειρεν
2581 5327 2908 5398 εὐκληρίαν.
2953 5323 3095 5380 Ἀλλ’
3125 5325 3276 5387 ὅπως
3309 5323 3385 5394 μὴ
3419 5321 3516 5375 καὶ
3573 5320 3712 5390 ἡμῖν

2120 5423 2307 5485 αὐτοῖς
2367 5419 2692 5492 τηλικοῦτόν
2732 5437 2808 5487 τι,
2857 5413 2902 5472 ὦ
2933 5417 3150 5487 λῷστοι,
3212 5416 3428 5485 γένοιτο
3493 5412 3714 5482 ξυμπε-

2122 5517 2258 5576 σεϊν,
2294 5513 2566 5582 τηρητέον
2595 5511 2670 5574 ὡς
2699 5511 2778 5565 ενι
2816 5511 3053 5581 μάλιστα
3098 5509 3200 5580 τὴν
3249 5507 3407 5572 τάξιν
3458 5504 3708 5574 ἑκάστῳ,

2121 5610 2301 5661 ἐκεῖνο
2336 5606 2518 5669 καλῶς
2550 5606 2748 5660 είδόσιν
2790 5606 2864 5668 ὡς
2901 5606 2950 5659 εί
3006 5604 3104 5674 μὲν
3166 5604 3235 5656 τὰ
3280 5605 3379 5672 τῆς
3439 5604 3712 5668 τακτικῆς

2119 5700 2450 5769 ἁπαράλυτα
2478 5700 2835 5754 παντάπασιν
2869 5701 3003 5770 ἡμῖν
3026 5699 3240 5766 γένοιτο
3268 5697 3502 5760 ἕκαστός
3555 5715 3614 5750 τε
3649 5698 3710 5750 τὸ

2121 5793 2318 5850 ἑαυτοῦ
2370 5796 2484 5860 τοῖς
2543 5793 2726 5857 ἄλλοις
2790 5794 3198 5868 ξυνεισενέγκῃ,
3266 5794 3424 5864 νικᾷν
3463 5811 3519 5847 τε
3576 5793 3707 5863 ἡμῖν
