4096 6398
335 328 441 394 377

1572 339 1860 404 HISTOR
1872 338 2129 402 [ARUM
2168 342 2319 407 LIB.
2359 344 2443 405 ΙΙ.

3523 338 3629 404 378

333 441 704 514 περιλήψεται
746 445 843 501 καὶ
874 445 1035 514 κλέος
1070 447 1292 517 ἑαυτοῖς
1333 451 1690 525 περισώζειν,
1756 453 1786 507 δ
1844 452 1927 507 ml

2048 455 2200 511 ribus
2237 466 2292 512 et
2326 455 2491 513 fossis
2516 463 2569 512 et
2600 454 2821 513 caeteris
2847 468 2968 526 qua:
2998 453 3065 509 ad
3106 450 3322 509 urbium
3363 468 3495 509 usus
3530 472 3630 511 ne-

334 538 415 599 είς
440 536 569 601 τοὺς
604 538 893 594 είσέπειτα
934 544 1159 608 πάντως
1216 544 1546 617 ἀνθρώπους
1599 550 1933 619 παραμενεῖ.

335 630 397 682 Εί
450 630 496 683 δ’
555 629 624 684 αὖ
692 632 1016 689 τούνάντιον
1059 637 1196 707 ήμῖν
1250 637 1503 709 ἀλλήλων
1524 640 1937 713 ἁποδιῃρῆσθαι

335 720 611 794 συμϐαίη,
641 723 845 779 αὐτίκα
868 726 986 781 ῐστε
1012 728 1100 783 ὅτι
1132 729 1197 801 δὴ
1218 730 1537 802 εὐχείρωτοι
1564 734 1681 797 τοῖς
1713 732 1933 804 ἐχθροῖς

334 814 599 885 ἐσόμεθα.
654 818 926 885 Καθάπερ
986 820 1097 892 γὰρ
1166 822 1643 896 πολιορκουμένης
1725 825 1937 889 πόλεως

335 906 549 977 πλευρά
571 908 942 980 διαρῤαγεῖσα
974 913 1234 985 εὐέφοδον
1262 904 1437 987 αὐτὴν
1494 920 1610 981 τοῖς
1643 917 1931 987 πολεμίοις

333 1002 503 1063 ποιεῖ,
561 998 709 1055 οὕτω
771 1001 836 1070 δὴ
891 1005 987 1057 καὶ
1038 1005 1134 1059 ἐπὶ
1187 1006 1299 1061 τῶν
1345 1010 1733 1079 στρατοπέδων
1796 1009 1932 1080 ἔχει.

345 1090 570 1161 Ἀμέλει
614 1093 708 1147 καὶ
759 1095 955 1149 τούτου
1014 1096 1177 1151 ἕνεκα
1234 1097 1384 1171 λόχοι
1407 1101 1504 1155 καὶ
1571 1103 1929 1173 παρατάξεις,

332 1183 585 1238 όπίσθιαί
616 1202 675 1239 τε
708 1188 804 1240 καὶ
834 1186 1175 1259 ὲμπρόσθιαι
1209 1189 1518 1261 φάλαγγες,
1565 1191 1632 1246 τὰ
1688 1192 1839 1259 δεξιά
1872 1210 1933 1246 τε

332 1279 435 1331 καί⁵
457 1278 712 1349 εὐώνυμα
741 1279 854 1334 τῶν
886 1280 1161 1351 κεράτων,
1194 1282 1523 1356 ίσοστοιχίαι
1552 1302 1614 1339 τε
1648 1286 1747 1339 καὶ
1793 1286 1932 1356 σχή-

332 1389 487 1442 ματα
522 1374 889 1445 παρατάξεων
913 1376 985 1447 (r)
1015 1379 1130 1441 τοῖς
1157 1378 1328 1433 πάλαι
1379 1379 1694 1451 ἀνθρώποις
1746 1380 1930 1434 ἐπινε-

328 1464 544 1533 νόηται.
582 1466 746 1531 Πόλις
776 1468 885 1538 γάρ
912 1484 998 1532 τις
1024 1470 1121 1522 καὶ
1147 1470 1210 1523 τὸ
1235 1471 1605 1542 στρατόπεδόν
1633 1473 1791 1527 ὲστι.’
1816 1473 1929 1527 Καὶ

325 1554 412 1610 δεῖ
444 1556 546 1624 μὲν
574 1558 716 1629 αὐτῇ
745 1559 952 1621 πυλῶν.
982 1560 1066 1615 δεῖ
1091 1561 1150 1616 δὲ
1188 1563 1466 1636 πλευρῶν,
1487 1564 1649 1620 δεῖδὲ
1674 1566 1927 1637 τάφρων,

328 1650 429 1701 καὶ
460 1648 648 1720 πάσης
672 1650 845 1722 άλλης
874 1652 1100 1709 πόλεσιν
1147 1654 1532 1727 ἀναλογούσης
1579 1656 1926 1723 ἀκολουθίας.

323 1740 450 1813 Χρὴ
479 1740 665 1796 τοίνυν
697 1743 843 1797 οὕτω
867 1745 1400 1816 παρασκευάσασθαι
1449 1750 1545 1803 καὶ
1573 1750 1744 1820 ἡμᾶς.
1804 1752 1926 1805 Ἔτι

323 1834 438 1905 γάρ
469 1834 604 1906 περὶ
629 1835 804 1906 μέσην
834 1854 937 1891 που
972 1839 1073 1909 τὴν
1113 1838 1387 1911 πολεμίαν
1436 1841 1605 1912 ἐσμὲν
1667 1842 1765 1897 καὶ
1815 1843 1926 1897 τῶν

336 1925 647 1997 Ῥωμαϊδος
676 1929 890 2000 μακρὸν
921 1930 1371 2003 ἀποπλανώμεθα
1399 1933 1585 2005 ὁρίων.
1617 1952 1636 1984 ι
1671 1934 1926 1989 Τοσαῦτα

328 2018 501 2075 εἰπὼν
536 2020 811 2086 συντάξας
843 2039 902 2076 τε
933 2023 1078 2078 κατά
1098 2026 1309 2097 κόσμον
1330 2026 1392 2080 τὸ
1421 2026 1748 2097 στράτευμα
1792 2028 1925 2082 εὐθὺ

331 2110 434 2182 τῆς
471 2111 694 2185 λίμνης,
726 2114 793 2185 ἢν
837 2115 1010 2170 πάλαι
1049 2118 1149 2189 μὲν
1203 2119 1300 2174 τοῦ
1360 2120 1633 2191 Σκλιηροῦ,
1670 2120 1817 2175 κατὰ
1868 2122 1927 2175 δὲ

334 2206 462 2268 τοὺς
494 2204 591 2259 νῦν
616 2207 851 2277 χρόνους
910 2207 1009 2262 τοῦ
1067 2210 1394 2284 Πουγγούση
1451 2212 1735 2280 καλοῦσιν,
1800 2211 1923 2269 ὀδοῦ

329 2296 534 2367 εἴχετο.
590 2298 740 2352 Ἐπεὶ
761 2299 808 2353 δ’
854 2299 914 2352 έν
940 2302 1065 2365 ταῖς
1112 2301 1368 2357 πεδιάσιν
1416 2304 1522 2375 ήδη
1564 2304 1786 2374 ἐγένετο
1828 2303 1926 2357 καὶ

328 2388 435 2459 τῆς
466 2390 736 2459 προτέρας
768 2392 1137 2461 στενοχωρίας
1181 2393 1242 2446 ὲν
1294 2394 1600 2467 εὐρυχώρῳ
1660 2395 1926 2449 καθίσταο

329 2496 426 2531 ται
477 2478 652 2550 τούτῳ
713 2478 782 2552 [Ῑ.
809 2481 990 2555 τόπῳ]
1052 2483 1114 2537 τὸ
1170 2486 1521 2557 στράτευμα,
1569 2486 1784 2541 κελεύει
1814 2488 1926 2541 τῶν

329 2574 686 2643 στρατιωτῶν
712 2592 821 2629 τινι
854 2577 999 2647 μέγα
1028 2596 1083 2631 τι
1142 2580 1238 2635 καὶ
1291 2580 1625 2645 ἐξάκουστον
1681 2583 1927 2654 ἀνακρα-

324 2666 481 2735 γόντι
524 2667 752 2738 Περσῶν
797 2686 923 2724 τινα
974 2673 1233 2729 καλέσαι.
1303 2674 1363 2728 '0
1391 2675 1491 2745 μὲν
1536 2671 1636 2729 οὖν
1687 2676 1830 2730 κατὰ
1862 2675 1926 2730 τδ

323 2760 623 2814 κελευσθὲν
645 2761 844 2817 ἐποίει.
878 2764 1169 2834 Προσιόντι
1194 2764 1253 2819 δὲ
1296 2765 1378 2835 τῷ
1420 2765 1607 2839 Πέρσῃ
1635 2782 1650 2797 ⁸
1684 2786 1703 2820 ι
1733 2767 1925 2822 Ταῦτα

322 2850 465 2922 πρὸς
503 2852 600 2906 τὸν
635 2853 889 2919 σουλτάν,
932 2854 1191 2925 βασιλεὺς
1230 2854 1294 2930 [Ρ
1323 2854 1415 2929 33]
1462 2856 1590 2927 ἔφη,
1643 2856 1923 2927 ἀγγελεῖς.

2040 547 2280 603 cessaria
2312 556 2629 604 accurrunt.
2666 548 2793 604 llaec
2825 548 2992 619 igitur
3012 546 3193 603 omnia
3218 560 3249 601 a
3278 547 3436 603 nobis
3465 563 3631 619 appa-

2040 642 2210 696 randa
2250 651 2400 708 sunt,
2437 641 2529 713 qui
2568 642 2624 697 in
2674 643 2852 698 medio
2886 641 2985 697 soli
3037 640 3253 696 hostilis
3285 655 3569 699 versamur
3597 658 3629 699 a

2039 733 2241 789 iinilms
2272 734 2529 789 Romanis
2561 735 2722 806 longo
2769 734 3059 791 intervallo
3110 736 3393 805 disparati.
3430 756 3450 790 ι
3503 735 3630 794 Haec

2041 836 2330 898 postquam
2383 838 2466 882 est
2511 827 2726 894 eﬂatus,
2788 827 2895 882 rite
2931 828 3226 896 composita
3271 828 3628 898 ordinataque

2038 919 2177 981 acie,
2209 920 2273 971 ad
2305 916 2579 986 paludem,
2632 933 2792 987 quam
2826 916 2954 971 olim
3007 927 3219 971 veteres
3268 916 3434 971 Scleri
3482 933 3627 972 nunc

2039 1024 2170 1065 vero
2197 1008 2466 1080 Punguste
2498 1020 2718 1073 vocant,
2759 1020 2910 1064 recta
2956 1008 3063 1063 iter
3095 1008 3344 1062 intendit.
3381 1008 3625 1077 Cumque

2039 1099 2092 1155 in
2122 1109 2371 1169 patentes
2400 1114 2627 1170 campos
2650 1098 3013 1169 pervenisset,
3040 1106 3093 1150 et
3124 1095 3332 1151 relictis
3360 1097 3622 1150 montium

2038 1194 2329 1263 angustiis,
2362 1194 2415 1248 in
2443 1203 2693 1262 porrecta
2716 1191 2936 1263 planitie
2958 1190 3279 1246 collocasset
3299 1190 3621 1254 exercitum,

2037 1287 2195 1342 militi
2223 1286 2437 1340 cuidam
2469 1286 2726 1355 imperat.
2761 1294 2820 1337 ut
2842 1282 3023 1338 altiori
3052 1290 3303 1335 contenta
3328 1294 3459 1334 voce
3484 1276 3621 1331 Per-

2036 1393 2153 1434 sam
2190 1378 2425 1448 aliquem
2457 1376 2773 1431 advocaret.
2804 1374 2857 1429 is
2888 1374 3038 1445 iussa
3076 1371 3410 1439 exsequitur.
3445 1368 3623 1424 Acce-

2036 1470 2181 1526 denti
2215 1468 2433 1525 Persa:
2465 1487 2485 1522 ι
2518 1467 2666 1531 llaec,
2696 1467 2874 1535 inquit
2925 1467 3199 1536 princeps,
3233 1461 3448 1519 sultano
3478 1476 3623 1516 nun-

2038 1563 2218 1618 tiabis.
2243 1562 2369 1617 litec
2395 1561 2491 1617 tibi
2523 1575 2619 1633 per
2643 1576 2730 1616 me
2755 1559 3024 1631 signiﬁcat
3048 1571 3278 1627 magnus
3302 1556 3620 1624 imperator,

2035 1654 2103 1709 ad
2138 1654 2315 1723 ipsum
2351 1669 2525 1725 usque
2558 1651 2801 1709 iconium
2838 1651 3129 1705 venimus:
3166 1647 3439 1718 regionem
3472 1654 3620 1699 tuam

2033 1745 2427 1815 percurrimus,
2458 1759 2671 1802 summo
2696 1743 2895 1798 ardore
2932 1753 3022 1796 tua
3066 1740 3327 1795 adversus
3357 1734 3620 1806 majesta-

2033 1846 2141 1892 tem
2180 1847 2423 1894 nostram
2472 1845 2694 1907 peccata
2740 1832 3092 1889 vindicaturi.
3141 1828 3221 1885 Tu
3260 1842 3391 1883 vero
3434 1825 3624 1896 profu-

2027 1944 2220 2000 gorum
2258 1944 2410 1985 more
2451 1928 2587 1985 alias
2630 1936 2793 1997 atque
2826 1925 2937 1997 59
2968 1924 3106 1979 alias
3140 1922 3193 1976 in
3231 1931 3406 1976 terras
3444 1916 3621 1972 denti-

2027 2033 2156 2089 gras
2184 2030 2419 2086 semper,
2464 2032 2568 2074 nec
2598 2024 2844 2072 nostrum
2894 2020 3213 2084 exspectare
3265 2014 3619 2077 conspectum

2028 2113 2220 2168 audes.
2262 2109 2715 2180 Quandoquidem
2747 2108 2915 2179 igitur
2960 2107 3014 2161 in
3055 2103 3305 2175 proprias
3336 2100 3495 2156 sedes
3524 2099 3624 2153 alr-’-

2028 2202 2323 2264 scedimus,
2344 2199 2638 2272 prmparari
2676 2208 2728 2253 te
2748 2198 2815 2253 ad
2836 2196 3037 2253 bellum
3067 2209 3230 2265 quam
3261 2194 3463 2262 optime
3484 2205 3621 2245 con-

2026 2293 2202 2359 venit,
2270 2293 2524 2361 scireque
2585 2305 2711 2345 cum
2771 2289 3006 2359 primum
3049 2302 3147 2341 ver
3194 2282 3478 2339 advenerit
3517 2292 3618 2335 nos

2026 2412 2249 2454 rursum
2305 2395 2515 2466 majore
2571 2400 2836 2465 apparatu
2888 2401 3171 2446 venturos.
3202 2407 3221 2441 ι
3271 2385 3369 2442 His
3421 2385 3614 2449 diotis,

2028 2487 2451 2561 praeceptisque,
2485 2500 2616 2555 sago
2645 2483 2865 2539 militari
2895 2481 3176 2550 cujusdam
3204 2493 3235 2534 e
3272 2477 3619 2549 magnatibus

2030 2584 2316 2646 donatum,
2349 2594 2457 2650 quo
2486 2578 2690 2634 missus
2719 2576 2787 2630 ab
2817 2575 3146 2644 imperatore
3178 2574 3614 2639 diguosceretur,

2027 2674 2261 2731 remisit.
2296 2671 2504 2740 Quibus
2534 2668 2849 2734 intellectis,
2878 2666 3128 2723 sultanus
3164 2680 3269 2720 non
3299 2663 3471 2717 multo
3498 2669 3624 2730 post

2024 2769 2236 2837 legatos
2286 2764 2455 2819 mittit
2508 2763 2576 2818 ad
2629 2762 3051 2833 imperatorem,
3100 2757 3187 2826 qui
3216 2771 3337 2811 eum
3374 2754 3440 2809 de
3490 2765 3622 2822 pace

2027 2866 2305 2931 rogarent.
2338 2856 2409 2911 At
2440 2856 2698 2927 princeps
2735 2868 2851 2909 rem
2889 2860 3077 2922 utpote
3109 2846 3334 2917 majoris
3362 2844 3619 2901 momenti

322 2943 591 3009 Βασιλεύς
644 2962 729 3000 σοι
808 2947 987 3017 μέγας
1030 2948 1207 3003 ταῦτα
1282 2950 1596 3005 ἐπιστέλλει
1641 2951 1711 3005 δι’
1762 2950 1921 3021 ἐμοῦ.

2033 2967 2082 3010 et
2144 2952 2371 3007 minime
2421 2948 2818 3020 aspernandam
2879 2945 3218 3013 expendens,
3282 2954 3407 2995 cum
3468 2934 3620 2991 varia

331 3037 586 3107 Ἦκομεν
613 3039 745 3109 ἄχρι
776 3039 875 3093 καὶ
932 3043 1014 3104 είς
1056 3042 1281 3096 ⁹Ῐκόνιον
1316 3043 1451 3097 αὐτό
1477 3060 1492 3075 ·
1542 3042 1926 3115 περιήλθομέν

2033 3053 2375 3115 praetexeret,
2410 3041 2480 3097 de
2514 3041 2602 3097 die
2649 3040 2705 3094 in
2737 3037 2881 3093 diem
2924 3034 3119 3107 legatis
3150 3044 3409 3103 responsa
3439 3028 3619 3083 facere

326 3144 422 3183 σου
588 3106 778 3201 χώραν
812 3134 1239 3203 μετελεύσεσθαι
1272 3153 1333 3190 σε
1364 3137 1464 3207 τῆς
1494 3137 1552 3200 ἐς
1581 3106 1914 3208 τηνήμετέ-

2033 3106 2308 3193 dilIerebat
2337 3152 2352 3191 :
2389 3134 2585 3200 donec,
2616 3132 2828 3201 opinor,
2855 3106 2997 3198 quid,
3013 3126 3149 3182 certi
3197 3139 3361 3195 super
3400 3121 3468 3175 iis
3499 3134 3620 3189 qua:

328 3238 432 3291 ραν
466 3220 752 3292 βασιλείαν
789 3224 1107 3296 άμαρτάδος
1164 3228 1405 3295 μάλιστα
1443 3228 1919 3300 προθυμούμενοι.

2033 3244 2100 3285 ex
2134 3226 2456 3291 Occidente,
2492 3234 2552 3279 ut
2589 3236 2753 3292 supra
2791 3220 2997 3275 dictum
3027 3225 3135 3287 est,
3164 3213 3535 3271 atterebantur
3564 3210 3618 3264 in

324 3313 399 3366 Σὺ
427 3314 473 3368 δ’
505 3313 812 3386 άνεχώρεις
834 3317 924 3371 ἀεὶ
949 3319 1094 3373 κατὰ
1132 3321 1259 3384 τοὺς
1290 3320 1593 3390 δραπέτας,
1629 3320 1801 3391 ἄλλην
1856 3339 1919 3375 τε

2033 3322 2172 3384 dies,
2206 3318 2587 3374 inattdivisset.
2744 3370 2751 3376 ,

322 3404 381 3470 ἐξ
416 3404 586 3475 ἄλλης
606 3406 857 3476 ἀμείϐων
886 3406 1041 3462 οὔπω
1075 3408 1241 3480 μέχρι
1276 3411 1371 3464 καὶ
1402 3409 1499 3465 νῦν
1530 3412 1915 3483 ἀντιμέτωπος
1956 3411 2151 3482 στῆναι
2182 3410 2318 3481 ήμῖν
2376 3407 2707 3477 ὑπέμεινας.
2738 3404 2901 3462 Ὅθεν
2959 3403 3124 3474 ἡμεῖς
3160 3400 3261 3473 μὲν
3290 3397 3497 3467 ἄπιμεν
3528 3394 3620 3448 ἐπὶ

320 3496 424 3565 τὴν
453 3496 687 3562 ἑαυτῶν,
712 3496 773 3551 σε
802 3498 859 3550 δὲ
889 3500 995 3570 χρὴ
1059 3502 1514 3565 παρεσκευάσθαι
1580 3503 1764 3566 καλῶς
1803 3502 1988 3556 ειδότα
2024 3502 2100 3565 ώς
2156 3499 2275 3571 ἅμα
2336 3494 2433 3571 ἦρι
2484 3499 2712 3568 φανέντι
2782 3497 2882 3551 σὺν
2940 3494 3152 3568 μείζονι
3206 3489 3368 3555 αὖθις
3422 3491 3515 3543 ἐπὶ
3557 3488 3619 3541 σε

318 3590 529 3661 ἥξομεν
546 3594 612 3663 τῇ
634 3595 986 3665 παρασκευῇ.
1015 3613 1034 3647 ι
1058 3596 1246 3651 Ταῦτα
1269 3596 1348 3669 τῷ
1382 3599 1571 3672 Πέρσῃ
1606 3600 1921 3669 ἐπισκήψας
1956 3596 2315 3668 ιπιθωρακίῳ
2377 3613 2437 3650 τε
2467 3595 2577 3650 τῶν
2617 3595 2711 3648 ἐπὶ
2782 3592 2942 3662 δόξης
2998 3590 3145 3653 τινὸς
3201 3587 3617 3659 δωρησάμενος.

321 3688 399 3751 ώς
429 3686 657 3757 ἔκδηλος
680 3687 769 3754 εῐη
796 3687 936 3760 πρὸς
1004 3687 1273 3759 βασιλέως
1334 3693 1634 3760 πεμφθεὶς,
1692 3691 2087 3761 ἀπεπέμψατο.
2128 3691 2191 3744 '0
2215 3690 2273 3743 δὲ
2347 3686 2601 3751 σουλτὰν,
2645 3684 2834 3757 ἐπειδὴ
2867 3682 3039 3737 ταῦτα
3097 3683 3322 3754 ἤκουσε,
3359 3680 3620 3752 πρέσϐεις

320 3782 493 3852 ὀλίγῳ
527 3781 761 3852 ὕστερον
795 3783 927 3853 περὶ⁵
958 3782 1187 3853 εἰρήνης
1248 3784 1709 3857 ἐπερωτήσοντας
1764 3784 2039 3856 επεμψεν.
2089 3782 2232 3839 Ἀλλ’
2290 3778 2360 3855 ἦν
2424 3784 2453 3836 ό
2524 3779 2784 3852 βασιλεὺς
2831 3778 3088 3849 μεγάλων
3140 3775 3307 3829 τινῶν
3362 3774 3459 3829 καὶ
3514 3774 3618 3827 οὐκ

320 3873 728 3946 εὐπαροράτων
752 3874 814 3928 τὸ
847 3876 1085 3949 πρᾶγμα
1113 3877 1511 3949 σταθμώμενος
1534 3896 1549 3912 ο
1582 3882 1777 3952 ἀμέλει
1823 3883 1921 3936 καλ⁸
1958 3882 2053 3935 ἐπὶ
2085 3878 2319 3951 σκήψεις
2375 3895 2437 3933 τε
2503 3877 2697 3934 ἄλλοτε
2726 3874 2897 3937 άλλας
2935 3872 3226 3943 ἀνεχώρει,
3276 3871 3371 3925 καὶ
3416 3870 3506 3923 ἀεὶ
3561 3871 3620 3933 ες

322 3969 426 4040 τὴν
457 3968 729 4024 ἐπιοῦσαν
769 3968 834 4022 τὸ
875 3970 979 4042 τῆς
1012 3972 1337 4042 ⁴πρεσόείας
1387 3974 1683 4029 ἀπετίθετο
1712 3975 1890 4041 τέλος,
1932 3975 2057 4042 ἓως,
2084 3970 2263 4047 οἶμαι,
2293 3971 2466 4043 σαφές
2506 3988 2565 4025 τι
2636 3970 2768 4041 περὶ
2804 3968 2916 4022 τῶν
2951 3964 3012 4031 ἐξ
3051 3965 3316 4036 ἑσπέρας,
3366 3964 3622 4033 καθάπερ

323 4066 569 4135 εἴρηται,
600 4063 1079 4134 προσδοκωμένων
1122 4064 1319 4137 μαθεῖν
1351 4066 1506 4137 αὐτῷ
1530 4068 1768 4136 γένοιτο.

396 4155 469 4211 θ’.
523 4156 684 4209 Ἐπεὶ
746 4154 805 4208 δὲ
867 4154 999 4225 περί
1060 4171 1185 4210 τινα
1244 4155 1426 4228 χῶρον
1477 4157 1700 4228 ἐγένετο
1745 4152 1808 4213 οὗ
1853 4159 1919 4232 δὴ

2096 4161 2152 4215 9.
2181 4158 2477 4228 Postquam
2508 4158 2572 4213 ad
2599 4173 2718 4212 eam
2745 4157 3021 4227 regionem
3047 4154 3214 4220 venit,
3236 4153 3326 4209 ubi
3345 4152 3622 4208 Maeander

325 4250 648 4320 Μαίανδρος
675 4247 792 4318 (75)
824 4244 927 4319 τὴν
967 4247 1199 4319 ἐκϐολὴν
1224 4251 1489 4312 ποιεῖται,
1533 4250 1642 4315 ἔξω
1663 4252 1774 4305 τῶν
1802 4257 1919 4306 έπο·

2033 4252 2222 4315 oritur,
2244 4250 2357 4321 jam
2393 4264 2513 4306 sese
2543 4251 2611 4302 ab
2642 4247 2889 4302 hostibus
2919 4255 3091 4301 tutum
3127 4254 3300 4311 ratus,
3329 4244 3620 4312 conspica-

324 4342 537 4411 λεμίων
570 4340 671 4411 ήδη
700 4337 1037 4409 γεγενῆσθαι
1084 4341 1315 4420 νομίσας
1364 4339 1594 4412 εὓῦδρόν
1633 4360 1693 4397 τε
1741 4342 1919 4406 άλλως

2033 4352 2227 4408 Iusque
2271 4340 2446 4395 locum
2500 4338 2659 4409 aquis
2702 4337 2992 4407 irriguum,
3037 4338 3129 4408 qui
3178 4335 3494 4392 ammnitate
3524 4349 3618 4389 sua

320 4429 417 4483 τὸν
448 4428 632 4499 χῶρον
660 4426 784 4481 ίδὼν
818 4427 913 4481 καὶ
946 4426 1080 4481 πολὺ
1111 4426 1173 4481 τὸ
1200 4428 1388 4499 χαρίεν
1418 4429 1722 4496 ἀνθρώπων
1759 4430 1918 4500 ὄψεσι

2033 4432 2307 4487 hominum
2337 4430 2646 4486 oblectabat
2675 4428 2912 4496 animos,
2950 4429 3211 4499 pristinos
3238 4442 3304 4480 ex
3328 4437 3455 4480 ante
3483 4424 3622 4480 actis

322 4520 737 4592 παρεχόμενον,
766 4520 1115 4589 κυνηγεσίων
1145 4520 1331 4575 ἀνέσει
1356 4520 1556 4585 πόνους
1576 4522 1707 4585 τοὺς
1724 4524 1790 4576 ὲκ
1817 4522 1921 4592 τῆς

2033 4522 2184 4578 bellis
2218 4522 2431 4577 labores
2461 4521 2808 4576 venationum
2842 4520 3119 4576 exercitiis
3146 4519 3455 4574 demulcere
3484 4532 3621 4571 con-

325 4586 516 4683 μάχη-ς
547 4586 1001 4683 παραμυθεῖσθαι
1033 4612 1235 4684 ιηθελε.
1289 4614 1580 4684 Κινήσεως
1628 4610 1723 4667 οὖν
1770 4586 1919 4679 τινος

2033 4614 2219 4670 stituit.
2250 4612 2385 4669 Cum
2429 4628 2559 4668 vero
2603 4613 2751 4668 circa
2792 4611 2984 4668 silvam
3019 4626 3049 4667 e
3079 4610 3378 4681 longinquo
3411 4611 3618 4665 moveri

322 4708 471 4777 ἀμφὶ
518 4709 589 4777 τῇ
636 4705 816 4778 λόχμῃ
867 4704 1197 4777 αἰσθόμενος
1243 4705 1573 4778 πόρρωθεν,
1608 4705 1800 4776 ἐπειδὴ
1840 4706 1916 4776 μὴ

2033 4706 2213 4762 nescio
2246 4705 2377 4774 quid
2406 4704 2751 4770 advertisset,
2774 4704 3129 4783 nequiretque
3151 4704 3459 4759 accuratius
3481 4718 3617 4783 rem,

320 4794 442 4867 εἶχε
468 4796 560 4851 διὰ
586 4798 688 4869 τὴν
720 4798 847 4852 λίαν
885 4797 1197 4853 ἀπόστασιν
1244 4797 1486 4864 ξυνεῖναι
1522 4798 1618 4853 τοῦ
1658 4799 1920 4869 φαινομέ-

2033 4799 2166 4869 quod
2207 4799 2331 4854 inde
2380 4798 2595 4854 abesset
2638 4798 2873 4869 longius,
2902 4797 3262 4853 discernere:
3302 4797 3484 4851 missis
3514 4796 3616 4849 ali-

321 4907 442 4953 νου.
469 4888 584 4944 τῶν
615 4889 747 4960 περὶ
775 4889 941 4943 αὐτόν
959 4908 1112 4954 τινας
1135 4891 1230 4944 ἐπὶ
1254 4893 1674 4962 κατασκοπήσει
1701 4890 1920 4954 στείλας

2033 4899 2156 4960 quot
2198 4905 2268 4945 ex
2313 4891 2427 4945 suis
2479 4891 2571 4961 qui
2623 4888 3068 4959 specularentur,
3120 4889 3342 4943 rescivit
3401 4888 3615 4942 tandem

326 4982 539 5051 σκηνάς
585 4982 686 5051 μὲν
734 4979 974 5035 ἐνταῦθα
1006 4981 1300 5053 ἠθροῖσθαι
1334 4983 1535 5045 πολλὰς
1571 4982 1778 5052 ἤκουσε
1798 5021 1813 5044 .
1846 4980 1919 5034 τά

2033 4980 2266 5036 conferta
2298 4981 2371 5036 ibi
2399 4996 2522 5036 esse
2554 4981 2925 5048 tabernacula,
2957 4990 3013 5036 et
3045 4990 3250 5034 motum
3280 4978 3370 5048 qui
3396 4976 3617 5045 conspi-

321 5072 370 5126 δ’
406 5074 503 5128 ἐπὶ
538 5072 637 5129 τοῦ
670 5072 871 5137 ἄλσους
899 5074 1247 5145 ταράσσοντα
1280 5074 1480 5140 ἵππους
1523 5071 1671 5129 εἶναι
1712 5074 1822 5128 τῶν
1852 5074 1913 5127 εν

2033 5082 2243 5130 teretur
2273 5075 2325 5128 in
2358 5073 2602 5141 silva,ab
2627 5076 2782 5144 equis
2803 5087 3016 5138 eorum,
3035 5073 3125 5143 qui
3154 5071 3208 5127 in
3240 5067 3611 5126 tabernaculis

1680 5197 1783 5257 Du
1813 5194 2039 5274 Cangii
2072 5201 2265 5256 notae.

397 5295 516 5368 (75)
555 5296 924 5366 Μαίανδρος.
959 5296 1246 5369 Tyrius,_l.
1281 5313 1394 5369 ενι,
1444 5312 1493 5352 c.
1544 5296 1727 5369 24___tle
1778 5296 2053 5354 Maeandro
2083 5316 2098 5352 :
2128 5296 2310 5368 Supra
2360 5297 2513 5368 cujus
2582 5298 2726 5369 ripas
2789 5298 2843 5354 in
2897 5298 3108 5369 pascuis
3133 5306 3285 5368 grate
3319 5293 3614 5351 virentibus

317 5365 503 5422 castra
554 5365 800 5422 metatus
829 5378 929 5422 est.
984 5365 1137 5423 Adde
1170 5367 1335 5424 Gesta
1367 5367 1577 5423 Ludov.
1610 5365 1694 5422 VII
1733 5383 1783 5423 c.
1823 5370 1913 5423 il.

1616 5483 1902 5547 Cornelii
1942 5481 2137 5547 Tollii
2172 5488 2366 5545 uota.

395 5584 469 5657 (Ar)
524 5583 909 5657 ’Ῑσοστοιχίαι
938 5600 1002 5639 τε
1024 5584 1125 5640 καί
1154 5584 1897 5657 σχήματρηπαρατέξεων.
2010 5583 2089 5657 τῷ
2144 5584 2392 5657 οὐραγῷ,
2461 5585 2845 5657 φυλάσσοντας
2902 5584 2972 5638 τὰ
3051 5585 3143 5638 τσα
3198 5583 3295 5657 ar.“
3334 5580 3611 5657 αλλήλων

324 5655 463 5723 Quid
511 5658 581 5709 sit
614 5658 852 5723 στοιχεῖν
873 5656 923 5726 in
960 5657 1096 5721 acie,
1131 5666 1338 5726 notum.
1364 5655 1618 5726 Allienus
1674 5655 1910 5726 Tacticis

2033 5654 2409 5726 Ξιαστὴματασ
2462 5654 2683 5709 Versare
2740 5656 2959 5720 dicitur,
3006 5672 3124 5708 cum
3165 5655 3362 5723 singuli
3396 5655 3494 5707 viri
3552 5654 3610 5707 in

320 5744 372 5780 c.
406 5725 478 5778 25
498 5743 516 5795 _:
570 5726 818 5795 Στοιχεῖν
874 5724 930 5777 δὲ
966 5726 1210 5792 λέγεται,
1248 5725 1681 5795 ἕκαστονάνδρα
1733 5727 1792 5778 ὲν
1829 5724 1908 5794 τῷ

2033 5741 2115 5777 tua
2153 5724 2367 5780 decuria
2403 5738 2546 5779 recta
2582 5726 2715 5779 serie
2756 5726 3073 5785 consistunt.
3100 5745 3130 5779 a
3158 5727 3375 5795 lochago
3401 5736 3447 5780 et
3473 5726 3611 5795 tergi

320 5793 520 5850 ἑαυτοῦ
568 5791 735 5867 λόχῳ,
765 5796 826 5849 τὸ
872 5794 960 5849 ἐπ’
994 5791 1213 5861 εὐθείας
1270 5791 1411 5851 εἶναι
1442 5794 1519 5867 τῷ
1544 5791 1762 5867 λοχαγῷ
1814 5791 1909 5851 καί

2033 5795 2147 5853 luce
2180 5798 2408 5867 a'quult'a
2442 5797 2580 5850 inter
2610 5813 2663 5852 se
2692 5798 2867 5866 spatia
2895 5808 3185 5853 servantes.
