4058 6412
509 341 615 407 379

1787 335 2117 399 JOANNlS
2149 334 2479 399 CINNAMI

3684 328 3796 394 380

507 462 692 519 erant,
726 449 886 506 avido
914 463 1012 506 ore
1040 449 1240 506 herbas
1273 446 1719 521 depascentibus.
1749 445 1870 502 Mox
1907 443 2106 504 Persas

2211 447 2334 510 ταῖς
2362 445 2593 516 σκηναῖς
2640 442 2819 514 ἀνέτῳ
2867 443 3099 516 στόματι
3134 442 3204 514 τῇ
3244 441 3355 514 πόᾳ
3398 440 3799 512 ὲγχάσκοντας.

505 563 631 604 esse
671 545 766 615 qui
827 546 1085 600 adessent
1139 545 1393 615 agnovit,
1447 543 1838 612 nominataque
1889 541 2106 597 illorum

509 644 652 697 tribu
681 640 795 712 θα
825 639 1032 693 Rantan
1061 639 1351 709 quemdam
1397 638 1532 708 ipsis
1575 652 1831 708 praeesse,
1865 638 2110 708 adeoque

507 740 812 794 secundum
857 750 1066 791 morem
1112 735 1374 792 finitimos
1422 734 1696 790 Romanos
1727 731 2106 803 depopulatum

505 829 748 887 venisse.
779 825 1081 882 Confestim
1117 825 1306 897 itaque
1329 825 1595 881 delectam
1627 822 1950 879 bellatorum
1983 838 2107 893 par-

509 932 618 977 tem
652 924 719 977 ad
765 936 861 977 eos
899 919 1251 976 insectandos
1293 916 1568 989 proﬁcisci
1599 915 1753 985 jubet
1781 935 1796 971 :
1826 917 1941 986 ipse
1975 929 2107 971 vero

505 1029 632 1071 cum
666 1013 854 1084 paucis
898 1011 1076 1067 locum
1112 1011 1396 1067 editiorem
1441 1007 1784 1074 conscendit,
1819 1024 1940 1080 quae
1973 1022 2104 1079 age-

511 1116 700 1162 rentur
725 1107 1134 1177 exploraturus.
1166 1103 1370 1160 Contra
1395 1103 1574 1160 Persa
1599 1102 1841 1159 collectis
1870 1101 2104 1160 sarcinis

507 1199 739 1254 reditum
788 1199 1073 1268 parabant.
1131 1196 1241 1252 Sed
1285 1205 1347 1250 ut
1393 1210 1454 1251 se
1495 1209 1525 1249 a
1584 1193 1847 1250 Romanis
1872 1193 2101 1264 jamjam

507 1290 920 1361 comprehendi,
957 1289 1192 1358 illosque
1217 1286 1474 1345 eifusiore
1521 1287 1724 1357 impetu
1769 1301 2104 1355 conspexere

507 1383 562 1436 in
587 1397 647 1438 se
675 1380 831 1447 ferri,
857 1379 1095 1437 obversa
1126 1380 1307 1435 fronte
1338 1381 1607 1436 restitere.
1636 1379 1704 1435 At
1733 1378 1993 1434 Romanis
2021 1379 2105 1435 in-

505 1474 801 1542 stantibus,
830 1473 1024 1544 pedem
1058 1470 1567 1540 rursum_referunt,
1599 1486 1708 1541 quo
1736 1473 1937 1540 saepius
1958 1471 2106 1542 ejus-

508 1567 656 1623 modi
710 1567 945 1637 repetito
991 1566 1124 1622 dolo
1164 1565 1375 1637 fatigati
1423 1565 1732 1635 complures
1767 1578 1798 1619 e
1842 1562 2104 1622 Romanis

507 1659 846 1727 despondere
889 1657 1130 1713 animum
1169 1659 1521 1726 reditumque
1565 1657 1898 1726 cogitarunt.
1946 1656 2100 1724 Quod

509 1749 597 1803 ubi
631 1750 930 1820 imperator
954 1748 1340 1804 animadvertit
1367 1750 1456 1820 (ex
1493 1748 1605 1802 alto
1632 1747 1802 1811 enim,
1832 1754 1891 1800 ut
1919 1745 2101 1810 retuli,

505 1849 759 1896 eventum
799 1842 877 1896 rei
913 1840 1343 1913 speculabatur),
1384 1841 1557 1897 citato
1590 1848 1854 1910 quantum
1888 1849 2104 1909 poterat

507 1949 668 1989 cursu
699 1936 904 2005 absque
926 1934 1096 1991 lorica
1116 1935 1182 1990 ad
1206 1934 1329 1992 illos
1352 1932 1650 1990 contendit.
1678 1930 1784 1989 Sed
1805 1932 1894 1988 ubi
1925 1932 2104 1988 Persa:

505 2025 771 2094 plurimos
801 2027 1172 2082 Romanorum
1217 2026 1555 2081 insecutione
1596 2024 1707 2094 iam
1751 2023 1936 2078 animo
1966 2022 2102 2078 deii-

507 2117 718 2173 cientes
743 2126 802 2174 et
849 2133 880 2172 a
919 2133 980 2174 se
1023 2119 1254 2173 invicem
1283 2117 1487 2173 divisos
1512 2122 1944 2187 conspexerunt,
1973 2111 2104 2168 reli-
2142 2099 2161 2110 ’

506 2222 644 2277 quos
683 2210 880 2278 exiguo
929 2210 1224 2264 admodum
1260 2224 1487 2264 numero
1530 2208 1655 2272 rati,
1711 2205 1953 2274 undique
1994 2205 2105 2257 cir-

507 2302 883 2370 cumveniunt,
919 2302 1141 2372 jamque
1172 2303 1316 2357 baud
1350 2301 1580 2356 multum
1623 2301 1807 2354 aberat
1847 2300 1976 2368 quin
2009 2313 2108 2354 eos

506 2393 754 2449 delerent
784 2395 1030 2461 omnino,
1069 2395 1170 2450 nisi
1207 2393 1484 2460 inopinate
1517 2391 1911 2461 superveniens
1945 2390 2105 2456 peri-

506 2487 630 2543 euio
659 2487 951 2542 exemisset
985 2488 1260 2556 princeps.
1285 2483 1421 2539 Tum
1454 2499 1583 2540 vero
1621 2482 1941 2554 fugientium
1971 2480 2107 2539 Per-

507 2595 693 2636 sarum
740 2579 1084 2635 insecutione
1114 2579 1411 2649 pluriumm
1462 2575 1722 2646 temporis
1755 2573 2104 2644 absumpsit:

507 2673 657 2728 unde
694 2689 817 2726 cum
853 2673 963 2739 jam
1008 2687 1207 2740 equum
1257 2672 1496 2728 deiicere
1540 2668 1946 2732 animadvertit,
1974 2667 2108 2724 sub-

507 2765 647 2820 stitit
696 2765 972 2833 paululum
1004 2765 1179 2819 donec
1227 2763 1364 2818 alius
1392 2777 1423 2817 e
1455 2761 1823 2818 velocioribus
1869 2760 2108 2817 adduce-

507 2865 680 2920 retur,
721 2870 886 2925 quem
934 2855 1269 2910 celeritatem
1317 2855 1608 2909 innuentes
1652 2853 1908 2921 Agrimen
1943 2865 2107 2906 voca-

506 2949 660 3005 bant.
693 2947 1066 3020 Sequentibus
1096 2956 1278 3002 autem
1303 2959 1442 3015 pone
1471 2944 1751 3014 sigillatim
1783 2951 1842 3000 et
1871 2942 2106 3014 sparsim

509 3051 774 3107 Romanis
807 3052 1040 3122 imperat
1074 3059 1134 3106 ut
1159 3050 1428 3105 instarent
1465 3049 1667 3115 acrius,
1705 3061 1878 3118 neque
1903 3045 2010 3117 61
2041 3046 2107 3102 ab

2212 537 2356 604 Τούς
2380 555 2442 590 τε
2466 531 2563 591 οὖν
2593 535 2814 607 Πέρσας
2839 535 3042 599 οἵτινες
3065 529 3179 588 εἷεν
3217 533 3419 588 αὐτίκα
3463 533 3702 588 συνεῖδεν
3734 535 3804 588 ὲκ

2209 627 2315 700 τῆς
2347 627 2621 699 σφετέρας
2655 625 2856 691 αὐτοὺς
2885 625 3161 695 ὀνομάσας
3193 622 3392 694 φυλῆς,
3437 623 3650 694 Ῥαμάν
3675 640 3806 679 τινα

2207 719 2518 791 γενεάρχην
2564 719 2753 784 αὐτοῖς
2806 717 3132 786 καταλέγων
3177 714 3345 783 εἶναι,
3406 716 3505 772 καὶ
3545 715 3623 779 ώς
3673 717 3805 770 κατ’

2210 813 2334 878 ἔθος
2363 813 2428 869 τὸ
2457 811 2645 870 αὐτῶν
2682 813 2812 877 τοὺς
2839 812 2907 866 ὲκ
2933 811 3197 880 γειτόνων
3244 807 3539 880 Ῥωμαίων
3565 807 3668 880 ήδη
3703 806 3804 862 καὶ

2209 906 2306 962 νῦν
2335 907 2746 981 λῃστεύσαντες
2773 903 3038 977 λαφύρων
3066 901 3413 973 πλησάμενοι
3441 901 3662 971 ἥκουσι.
3685 898 3804 954 Καὶ

2208 999 2276 1073 δὴ
2308 1000 2418 1055 τῶν
2450 1001 2580 1072 περὶ
2611 999 2776 1054 αύτδν
2809 996 3046 1067 συχνοὺς
3071 993 3482 1066 ἀπολεξάμενος
3522 1009 3802 1062 στρατιω-

2207 1095 2320 1152 τῶν
2377 1096 2588 1168 σπουδῇ
2639 1095 2914 1166 διαφῆκεν
2970 1094 3066 1149 ἀπὶ
3098 1091 3201 1164 τὴν
3235 1091 3443 1156 δίωξιν.
3499 1091 3559 1145 '0
3611 1089 3670 1144 δὲ
3715 1089 3803 1154 εἰς

2207 1189 2461 1244 ἀποπτόν
2495 1207 2551 1244 τι
2583 1187 2788 1261 χωρίον
2819 1184 3155 1257 ἀναδραμὼν
3184 1183 3428 1239 ενταῦθα
3464 1183 3565 1237 σὺν
3591 1182 3801 1251 ὀλίγοις

2205 1282 2764 1351 ἀποσκοπῶνϊστατο.
2781 1281 2874 1336 Ἐν
2897 1279 3113 1342 τούτοις
3133 1278 3192 1332 δὲ
3219 1279 3269 1331 oi
3287 1278 3497 1350 Πέρσαι
3522 1292 3802 1330 συσκευα-

2207 1375 2436 1448 σάμενοι
2491 1374 2710 1430 ἐκεῖθεν
2779 1372 3119 1444 ἀπήλαυνον.
3172 1371 3260 1433 Ὠς
3305 1370 3364 1423 δὲ
3394 1371 3630 1439 τάχιστα
3659 1369 3802 1440 πρὸς

2203 1469 2315 1525 τῶν
2351 1467 2644 1540 Ῥωμαίων
2669 1463 3195 1536 καταλαμσὰνεσθαι
3219 1463 3482 1536 ἧρξαντο,
3516 1461 3802 1532 σποράδην

2205 1563 2408 1627 αὐτοὺς
2437 1561 2773 1634 φερομένους
2798 1559 3020 1623 ἰδόντες.
3043 1557 3506 1626 ἀντιστραφέντες
3537 1555 3803 1624 ἀντιμέτ-

2205 1674 2350 1713 ωποι
2421 1655 2664 1710 ἵσταντο.
2747 1651 2914 1708 Ἀλλά
2978 1650 3276 1722 Ῥωμαίων
3331 1647 3800 1717 ἐπικαταλαμϐα-

2209 1750 2413 1804 νόντων
2447 1748 2596 1804 νῶτα
2626 1745 2724 1802 καὶ
2758 1745 2926 1800 πάλιν
2954 1744 3164 1800 ἐδίδουν
3182 1759 3198 1774 ο
3221 1741 3387 1797 τοῦτό
3411 1759 3473 1796 τε
3516 1741 3791 1803 πολλάκις

2207 1841 2437 1911 γεγονὸς
2492 1840 2728 1904 πολλοὺς
2761 1838 3058 1910 Ῥωμαίων
3107 1834 3428 1906 ἀπαυδῆσαι
3486 1833 3753 1905 εποίησεν
3783 1850 3801 1866 ο

2207 1934 2329 1988 ὅθεν
2352 1932 2568 1988 καὶτοῦ
2585 1931 2806 1986 διώκειν
2829 1930 3102 2002 ἀφέμενοι
3125 1928 3443 1994 παλινοδίας
3459 1929 3486 1982 ι
3495 1928 3802 1999 μέμνηντο.

2209 2026 2392 2097 Ὀπερ
2414 2026 2444 2080 δ
2477 2024 2734 2093 βασιλεὺς
2753 2025 3102 2094 κατανοήσας
3124 2022 3370 2094 (ἑστήκει
3396 2019 3507 2090 γὰρ
3535 2019 3806 2073 ἀνωτάτω

2209 2136 2338 2185 που,
2374 2117 2568 2188 ῶσπερ
2605 2114 2744 2186 ἔφην
2792 2113 3148 2187 ἀποσκοπῶν)
3201 2113 3268 2187 [Ρ
3295 2113 3412 2184 54],
3480 2114 3684 2167 αὐτίκα
3722 2113 3807 2178 ώς

2209 2209 2328 2283 εἶχε
2366 2213 2570 2282 τάχους
2603 2210 2987 2280 ἀθωράκιστος
3014 2210 3104 2263 ἐπ’
3125 2209 3372 2274 ἐκείνους
3394 2207 3613 2279 ἐχώρει.
3652 2209 3806 2278 Πέρο

2211 2324 2302 2362 σαι
2330 2307 2413 2370 δὲ,
2441 2305 2630 2375 ιπειδὴ
2659 2304 2894 2367 πολλοὺς
2927 2303 3223 2375 Ῥωμαίων
3251 2305 3317 2374 τῇ
3349 2301 3556 2368 διώξει,
3599 2302 3803 2374 ῶσπερ

2211 2402 2372 2473 ἔφην,
2409 2402 2511 2472 ήδη
2541 2401 2965 2472 ὲκκακήσαντας
2993 2400 3164 2472 χωρὶς
3185 2400 3283 2453 ἀπ’
3298 2398 3549 2471 ἀλλήλων
3575 2400 3807 2468 γεγονό-

2212 2513 2311 2556 τας
2341 2492 2505 2558 εἶδον,
2531 2493 2740 2566 κομιδῇ-
2759 2494 2980 2562 όλίγους
3005 2493 3136 2558 τοὺς
3169 2493 3366 2557 ἄλλους
3416 2495 3810 2563 κατανοήσαν-

2209 2606 2303 2650 τες
2334 2587 2682 2658 ἀμφιϐόλους
2709 2604 2768 2642 τε
2805 2587 2910 2658 ἤδη
2943 2587 3278 2658 ἐποιήσαντο
3312 2587 3407 2642 καὶ
3443 2588 3610 2656 ἐγγὺς
3634 2583 3811 2659 ἦλθον

2210 2679 2306 2735 τοῦ
2351 2681 2497 2749 μέγα
2531 2697 2586 2733 τι
2616 2681 2710 2734 καὶ
2738 2681 3044 2752 ἀνήκεστον
3077 2680 3301 2750 δρᾶσαι,
3337 2681 3387 2733 εί
3432 2679 3507 2751 μὴ
3541 2679 3810 2749 βασιλεὺς

2210 2769 2628 2842 ἀπροσδόκητος
2663 2771 2852 2833 αὐτοῖς
2885 2771 3148 2840 ἐκφανεὶς
3177 2769 3272 2825 τοῦ
3302 2770 3558 2825 κινδύνου
3601 2770 3807 2824 διεσώ-

2213 2880 2370 2918 σατο.
2400 2861 2673 2931 Φεύγουσι
2719 2863 2906 2917 τοίνυν
2955 2863 3047 2917 ἀεὶ
3101 2863 3502 2934 ἀμφεπόμενος
3555 2863 3810 2930 Πέρσαις

2213 2953 2384 3008 πολύν
2423 2971 2549 3009 τινα
2579 2954 2878 3025 κατέτριψε
2917 2954 3136 3023 χρόνον.
3167 2953 3335 3006 Ὅθεν
3363 2953 3460 3007 καὶ
3485 2953 3678 3025 ἐπειδὴ
3705 2953 3810 3009 τοῦ

2217 3047 2393 3101 ἵππου
2446 3047 2800 3119 κεκμηκότος
2853 3046 2957 3119 ήδη
3005 3046 3234 3118 ᾔσθετο,
3268 3045 3434 3110 αὐτὸς
3487 3046 3588 3118 μὲν
3630 3046 3811 3100 αὑτοῦ

509 3147 706 3200 ardore
735 3146 1103 3201 remitterent.
1133 3143 1235 3197 Alii
1262 3142 1482 3211 quidem
1513 3157 1636 3196 cum
1669 3149 1792 3210 post
1820 3139 2106 3209 plurimam

2220 3157 2326 3194 που
2361 3139 2571 3211 ἔμεινε,
2595 3138 2690 3193 τὸν
2714 3139 2774 3193 ἐν
2792 3139 2906 3202 τοῖς
2934 3139 3172 3210 μάλιστα
3213 3137 3481 3209 δρομικὸν
3519 3139 3651 3194 ὄντα
3692 3140 3814 3193 τῶν

507 3215 902 3294 iusecutionem
924 3235 1062 3292 'uiliil
1096 3237 1313 3291 demum
1346 3244 1693 3306 peragerent,
1728 3243 1786 3288 et
1808 3233 2106 3304 regionem,

2215 3234 2402 3286 ἵππων
2431 3229 2582 3300 αύτῷ
2620 3228 2959 3300 κομισθῆναι
2999 3228 3326 3299 καραδοκῶν
3348 3269 3364 3294 ,
3395 3228 3454 3282 ὃν
3481 3234 3578 3282 καὶ
3616 3230 3816 3299 Ἀγρίσ

499 3331 561 3386 in
591 3345 752 3401 quam
784 3341 1168 3401 pervenerant,
1203 3329 1479 3386 desertam
1525 3343 1628 3383 nec
1664 3325 1822 3384 facile
1857 3324 2102 3396 perviam

2216 3341 2327 3397 μην
2358 3322 2471 3396 (76)
2499 3322 2561 3376 τὸ
2595 3322 2764 3394 τάχος
2809 3322 3181 3393 αἰνιττόμενοι
3213 3322 3468 3376 ὲκάλουν.
3509 3323 3814 3394 Ῥωμαίων

499 3438 633 3479 esse
665 3424 939 3489 viderent,
989 3433 1138 3478 retro
1181 3437 1445 3478 cessere:
1480 3422 1736 3490 princeps
1781 3428 1959 3476 autem
1984 3419 2106 3474 An-

2211 3418 2310 3472 καὶ
2344 3419 2462 3480 τοῖς
2500 3417 2618 3470 ὅσοι
2647 3414 2887 3468 κατόπιν
2913 3412 3084 3467 αὐτοῦ
3117 3413 3243 3467 καθ’
3273 3413 3370 3467 ἕνα
3400 3414 3495 3468 καὶ
3520 3414 3814 3487 σποράδην

501 3517 738 3570 dronico
766 3516 1018 3585 patrueli,
1053 3517 1122 3572 de
1155 3531 1264 3586 quo
1295 3515 1460 3570 multa
1493 3529 1524 3568 a
1557 3514 1716 3570 nobis
1759 3514 1813 3568 in
1858 3511 2106 3581 superio-

2215 3510 2392 3574 ίόντες
2439 3510 2528 3564 ἀεὶ
2575 3507 3121 3576 ιπικατελάμὸανον,
3179 3506 3400 3563 ἐκέλευε
3448 3505 3668 3560 διώκειν
3720 3507 3815 3563 ἔτι

505 3608 667 3663 ribus
715 3609 855 3664 dicta
897 3617 1061 3676 sunt,
1112 3609 1166 3662 in
1216 3608 1430 3666 hostem
1487 3606 1843 3662 contendenti
1890 3607 2106 3663 obviam

2215 3603 2422 3673 μᾶλλον
2468 3601 2595 3672 μηδ’
2647 3601 2898 3656 ἀνίεσθαι
2938 3603 3041 3671 τῆς
3083 3599 3423 3672 προθυμίας.
3465 3600 3650 3654 Ἄλλοι
3701 3603 3814 3671 μὲν

507 3699 690 3754 factus
717 3714 917 3769 equum
951 3699 1123 3755 invito
1162 3708 1472 3768 extorquet,
1503 3715 1666 3769 quem
1705 3697 1793 3754 ille
1833 3697 2028 3764 insitit,
2054 3707 2106 3753 et

2217 3695 2358 3766 μετά
2382 3693 2647 3765 πλείστην
2675 3694 2810 3765 ὅσην
2836 3693 2938 3765 τὴν
2963 3693 3150 3759 δίωξιν
3169 3693 3360 3765 ἐπειδὴ
3387 3695 3555 3762 μηδὲν
3581 3698 3813 3754 ἀνύτειν

506 3805 638 3846 cum
677 3801 994 3860 exspectare
1023 3792 1094 3846 ibi
1157 3792 1420 3860 tantisper
1465 3791 1641 3859 jubet,
1678 3791 1804 3845 dum
1850 3789 2106 3859 Agrimen

2211 3783 2362 3858 εῖχον
2389 3787 2482 3841 τόν
2509 3803 2569 3840 τε
2597 3787 2779 3858 χῶρον
2815 3786 2944 3840 ἔνθα
2975 3787 3328 3841 ὲπιπλεῖστον
3373 3790 3814 3857 ἐκπεπτωκότες

509 3881 667 3938 illum
692 3881 917 3954 jamjam
951 3883 1330 3938 adducendum
1378 3893 1570 3938 nactus
1609 3897 1794 3938 secum
1841 3898 1944 3936 una
1981 3898 2106 3938 con-

2209 3875 2383 3951 ἦλθον
2431 3879 2641 3950 ἔρημόν
2685 3895 2747 3932 τε
2795 3879 2894 3932 καὶ
2925 3877 3116 3944 δεινῶς
3160 3879 3366 3934 ἄϐατον
3389 3879 3585 3949 ἔγνων,
3622 3881 3812 3938 ὀπίσω

510 3976 760 4033 tenderet
792 3977 845 4032 in
877 3977 1146 4048 praelium.
1195 3976 1417 4036 interim
1463 3979 1517 4032 in
1551 3978 1762 4034 hostem
1812 3979 2106 4047 proﬁcisci-

2210 3973 2476 4043 ἐχώρουν.
2511 3973 2574 4027 ’0
2597 3972 2656 4027 δὲ
2683 3970 2762 4041 τῷ
2793 3971 3072 4043 ὶξαδᾶλφῳ
3104 3973 3418 4044 περιτυχὼν
3447 3975 3809 4048 Ἀνδρονίκῳ,

512 4077 622 4125 tur.
654 4068 856 4140 Cupias
890 4069 1069 4127 Persae
1111 4070 1362 4128 bifariam
1410 4071 1730 4126 diviserant.
1767 4071 1952 4126 Priors
1979 4085 2106 4142 pars

2211 4060 2274 4120 οὗ
2304 4065 2473 4120 πολὺν
2503 4066 2561 4120 ὲν
2583 4066 2695 4128 τοῖς
2724 4064 3040 4136 ἔμπροσθεν
3072 4065 3461 4137 ἑποιησάμεθα
3491 4067 3674 4136 λόγον,
3698 4071 3812 4141 τὴν

509 4159 800 4215 constabat
827 4175 896 4216 eo
927 4160 1196 4230 equitatu,
1221 4160 1316 4230 qui
1351 4159 1574 4215 liberius
1602 4157 1806 4228 absque
1838 4171 2106 4214 stramen-

2209 4157 2306 4210 ἰπὶ
2336 4157 2468 4221 τοὺς
2500 4155 2804 4226 πολεμίους
2856 4157 2992 4211 ίόντι
3038 4159 3331 4228 καὶαύτῷ
3389 4161 3563 4215 πολλὰ
3603 4161 3812 4232 βιαισά-

512 4253 584 4306 tls
624 4252 888 4325 gregatim
933 4252 1195 4324 subsequi
1235 4253 1393 4308 solet.
1444 4250 1708 4322 Reliquus
1756 4251 2031 4307 exercitus
2074 4266 2106 4306 a

2212 4260 2372 4319 μενος
2396 4247 2491 4302 τὸν
2521 4248 2691 4302 ἵππον
2713 4247 3198 4317 ἀφεῖται.Ἐπι6ἀς
3229 4248 3288 4302 δὲ
3321 4248 3485 4304 αὑτὸν
3509 4249 3610 4319 μὲν
3631 4250 3811 4305 αὑτοῦ

511 4350 667 4411 tergo
718 4343 1033 4407 incedebat,
1078 4344 1376 4399 subeuntes
1427 4341 1707 4399 Romanos
1752 4351 2104 4412 excepturus.

2212 4341 2398 4411 μένειν
2438 4339 2626 4395 εἴασεν
2655 4339 2974 4411 ἐπισκήψας
3007 4339 3070 4394 ὃν
3097 4342 3318 4412 εἴρηται
3370 4342 3644 4414 Ἀγρίμην
3673 4343 3811 4397 ὅσον

514 4430 615 4486 Ubi
653 4423 797 4490 vero
817 4449 979 4490 nemo
1010 4433 1380 4492 Romanorum
1413 4435 1751 4506 conspicitur
1780 4435 2105 4492 audaciores

2213 4433 2318 4486 οὐκ
2344 4432 2449 4504 ἤδη
2482 4431 2966 4503 κομισθησόμενον
3001 4429 3193 4486 λαϐεῖν
3221 4430 3370 4486 οὕτω
3398 4448 3458 4506 τε
3507 4433 3607 4486 σὺν
3648 4433 3811 4505 αύτῷ

509 4523 714 4590 effecti,
761 4533 962 4581 coeunt
991 4527 1049 4582 in
1087 4541 1254 4581 unum
1285 4542 1500 4593 omnes,
1531 4497 1968 4599 equitatumque,
2009 4526 2102 4597 qui

2210 4526 2304 4579 ἐπὶ
2335 4497 2651 4597 την-μάνην
2683 4497 2885 4590 item,
2917 4527 2947 4579 ό
2979 4524 3038 4578 δὲ
3072 4525 3177 4596 τὴν
3201 4525 3303 4578 ἐπὶ
3337 4502 3466 4588 τούς
3500 4497 3814 4595 πολεμίους

511 4613 739 4670 liberius
769 4623 833 4674 ut
866 4615 1004 4684 dixi,
1039 4616 1308 4684 excurrit,
1339 4617 1393 4673 in
1424 4617 1604 4674 locum
1625 4633 1792 4674 unum
1817 4625 2103 4685 statuunt;

2209 4619 2461 4690 εφέρετο.
2500 4619 2744 4691 Πέρσαις
2790 4619 2851 4674 δὲ
2896 4619 3022 4691 δίχα
3063 4618 3326 4692 διῄρηται
3356 4622 3419 4678 τὸ
3453 4621 3808 4690 στράτευμα.

511 4704 679 4760 simul
709 4720 776 4762 ac
808 4715 990 4764 autem
1033 4710 1419 4780 imperatorem
1445 4711 1642 4779 solum,
1679 4727 1783 4768 nec
1827 4712 1997 4769 lorica
2022 4714 2106 4769 in-

2210 4711 2321 4766 Καὶ
2352 4713 2414 4765 τὸ
2443 4711 2546 4782 μὲν
2576 4711 2819 4783 πρόσθεν
2853 4712 2953 4784 τὴν
2989 4713 3161 4767 ἵππον
3219 4713 3572 4782 ἐπαγόμενον
3617 4715 3812 4768 πᾶσαν

513 4793 730 4862 dutum,
791 4808 982 4854 contra
1030 4814 1093 4858 se
1141 4801 1440 4858 adventare
1484 4815 1751 4872 cernunt,
1793 4806 2008 4862 irruunt
2051 4809 2106 4864 in

2210 4801 2432 4874 ἐχώρει,
2479 4803 2581 4876 ὅση
2634 4803 2767 4859 ἄνευ
2811 4806 3261 4879 ὲπιστρωμάτων
3297 4806 3538 4874 ἀγελαία
3585 4804 3814 4871 τούτοις

511 4883 691 4950 ipsum
721 4884 982 4975 universi,
1025 4890 1345 4960 sagittisque
1378 4890 1670 4962 impetum,
1705 4907 1828 4950 sese
1863 4895 2100 4952 invicem

2210 4894 2426 4948 εἵπετοο
2452 4897 2514 4949 τὸ
2552 4895 2742 4950 λοιπὸν
2781 4896 2842 4951 δὲ
2882 4898 3121 4952 κατόπιν
3143 4896 3447 4969 ἐπορεύετο
3489 4897 3816 4969 Ῥωμαίους

510 4975 745 5033 subinde
775 4976 846 5035 ad
880 4979 1138 5037 virtutem
1172 4981 1397 5040 hortati.
1432 4984 1541 5041 Sed
1575 4985 1664 5041 ille
1693 4985 1916 5043 heroico
1939 5002 2104 5060 gene-

2211 4987 2474 5052 επιόντας
2534 4988 2956 5060 ύποδεξόμενον.
3030 4991 3120 5055 Ὠς
3173 4990 3232 5044 δὲ
3301 4991 3483 5056 οὐδεὶς
3545 4990 3816 5059 οὐδαμῶς

513 5081 748 5140 rosaque
775 5068 1061 5144 plusquam
1097 5085 1380 5145 resumpto
1411 5077 1618 5145 animo,
1644 5088 1930 5151 postquam
1959 5095 2104 5151 agre

2217 5079 2514 5152 Ῥωμαίων
2585 5083 2948 5153 ὑπεφαίνετο,
3011 5083 3398 5154 θαρσήσαντες
3457 5082 3554 5137 τοῦ
3606 5081 3815 5137 λοιποῦ

513 5157 899 5218 circumveniri
943 5176 1006 5219 se
1049 5178 1213 5234 posse
1253 5165 1324 5222 ab
1366 5168 1617 5226 hostibus
1661 5171 1882 5241 agnovit
1927 5172 2105 5230 (locus

2213 5173 2486 5246 συνῄεσάν
2527 5191 2588 5230 τε
2617 5175 2876 5247 ἀλλήλοις
2927 5175 3026 5232 καὶ
3049 5177 3152 5248 τὴν
3198 5176 3366 5231 ἵππον
3414 5177 3606 5233 ἄνετον
3651 5169 3815 5248 ᾗπερ

1880 5329 1984 5391 Du
2008 5328 2234 5409 Cangii
2265 5340 2455 5394 notae.

585 5443 703 5517 (76)
754 5445 771 5502 τ

769 5448 1063 5518 Lai-plum.
1099 5447 1316 5503 Portins
1361 5446 1416 5502 in
1481 5445 1722 5503 Diction.
1773 5447 2104 5507 Graecobar-

512 5513 930 5592 primumut;
950 5513 1332 5592 ἀγριόζουδον,
1355 5518 1691 5592 θηράσιμον,
1728 5519 1944 5592 θηρίον,
1973 5519 2100 5592 θήρ.

521 5585 723 5658 Equus
764 5585 1043 5658 agrestis,
1080 5585 1662 5658 indomitus,'cquifcr.
1713 5585 1961 5645 Glossar.
1994 5585 2100 5647 nis.

518 5651 778 5727 Ecclesiae
802 5651 1166 5726 'Parisiensis,
1220 5660 1287 5713 de
1326 5651 1487 5727 equis
1521 5651 1720 5714 {Sunt
1747 5671 1922 5713 autem
1958 5662 2011 5715 hi
2037 5662 2102 5717 de

522 5726 725 5800 agresti
746 5729 1096 5800 ordiue_orti,
1125 5746 1254 5800 quos
1280 5726 1543 5800 eqrt’iferos
1578 5731 1827 5784 dicimus.
1853 5730 2097 5786 Glossar.

525 5787 857 5852 saxonicutn
893 5787 1104 5855 A‘Jii‘riei
1136 5787 1150 5855 Ξ
1183 5787 1427 5871 Equi'fer',
1459 5799 1614 5856 wiidc
1651 5816 1842 5872 cynnes
1871 5801 2020 5870 hars,
2047 5801 2100 5857 id

2209 5462 2314 5519 est,
2353 5453 2654 5526 indomitus
2685 5471 2880 5525 equus.
2911 5453 3160 5512 Glossar.
3207 5453 3542 5526 Latinogall.
3569 5455 3806 5524 equifer,

2209 5524 2540 5591 maucheval,
2576 5527 2626 5580 id
2659 5524 2773 5594 est,
2818 5526 2992 5581 mulus
3025 5542 3218 5595 equus.
3259 5524 3501 5594 Agrestis
3532 5525 3809 5595 caballus,

2209 5595 2266 5649 in
2295 5596 2459 5664 epist.
2497 5596 2520 5649 i
2557 5595 2809 5666 Gregorii
2846 5595 2914 5653 ili
2949 5613 3039 5666 pp.
3082 5599 3148 5651 ad
3185 5596 3526 5651 Bonifacium
3560 5596 3806 5665 Mogun-

2211 5666 2385 5739 tinum
2427 5667 2600 5739 episc.
2639 5684 2804 5736 equus
2846 5669 3140 5739 silvaticus,
3184 5669 3240 5722 in
3279 5669 3441 5739 epist.
3473 5667 3543 5723 15
3583 5666 3807 5724 Zacha-

2208 5737 2302 5793 riae
2333 5751 2424 5808 pp.
2459 5737 2528 5794 ad
2558 5741 2810 5796 eumdem
2852 5737 3215 5795 lionifaciutn.
