4058 6404
295 317 398 380 381

1540 325 2093 389 HISTORIARUM
2132 328 2281 392 LIB.
2327 330 2410 397 ΙΙ.

3485 338 3597 402 382

296 434 525 504 εῐρηται
579 434 907 508 φερομένην
948 436 1039 508 ἐφ’
1067 436 1165 495 ἕνα
1202 438 1384 514 χῶρον
1415 440 1674 511 ξυνάγειν
1723 441 1883 495 διενο-

1999 447 2198 512 quippe
2228 444 2411 499 densis
2441 442 2696 515 virgultis
2736 443 2948 501 obsitus
2985 443 3057 503 ab
3095 445 3271 504 altero
3322 448 3491 508 latere
3526 454 3594 512 iis

297 524 481 580 οὖντο.
528 525 754 598 Ἐπειδὴ
802 545 863 582 τε
906 526 1135 600 βασιλέα
1168 530 1330 601 μόνον
1367 532 1435 587 έκ
1472 533 1695 589 πάντων
1751 532 1889 587 Ῥω·

307 618 488 689 μαίων
533 617 930 690 ἀθωράκιστον
963 620 1050 675 ἐπ’
1091 622 1294 688 αὐτοὺς
1330 623 1479 678 ίόντα
1523 624 1885 696 κατενόησαν,

301 710 494 781 ἀθρόοι
533 710 725 765 λοιπὸν
779 712 868 767 ἐπ’
912 713 1082 769 αὐτὸν
1121 715 1406 788 ἐξεχέοντο
1441 718 1774 783 ἐντείνοντες
1824 736 1886 772 τε

292 804 367 857 τὰ
407 804 539 871 τόξα
568 805 665 863 καὶ
696 805 957 878 ἀλλήλοις
982 808 1424 882 ὲγκελευόμενοι.
1468 811 1527 867 '0
1552 811 1609 865 δὲ
1643 811 1886 883 ήρωῖκόν

298 913 426 948 τινα
466 896 560 952 καὶ
595 897 855 969 ἀνδρείας
894 900 1090 970 πρόσω
1116 901 1321 973 τρόπον
1348 901 1660 969 ἀναλαϐὼν,
1694 903 1886 975 ἐπειδὴ

297 983 584 1039 κύκλωσιν
610 1003 734 1041 τινα
758 987 930 1045 αὐτοῦ
959 988 1099 1061 πρὸς
1132 989 1243 1044 τῶν
1275 991 1557 1063 πολεμίων
1597 994 1885 1061 γεγονέναι

291 1077 543 1132 ἀδύνατα
574 1073 715 1135 εἶναι
752 1082 1004 1136 κατενόει
1045 1081 1249 1154 (χῶρος
1292 1083 1404 1154 γάρ
1432 1101 1519 1149 τις
1557 1084 1884 1157 ἀμφιλαφὴς

301 1170 369 1225 ἐκ
427 1169 657 1242 θατέρου
725 1173 1144 1245 παρακείμενος
1198 1174 1405 1246 μέρους
1456 1177 1523 1231 ἐκ
1573 1176 1755 1230 ποδῶν
1802 1178 1887 1242 είς

290 1262 463 1317 τοῦτο
508 1263 697 1328 αὐτοῖς
748 1263 1162 1336 καθειστήκει),
1191 1267 1293 1337 τὴν
1329 1266 1657 1339 συμπλοκὴν
1689 1268 1885 1325 ἀναδέ-

289 1372 478 1426 χεται,
508 1356 799 1421 πλείστους
850 1375 910 1412 τε
954 1358 1137 1412 αὐτῶν
1183 1360 1279 1413 ἐπὶ
1314 1360 1490 1431 στόμα
1534 1363 1885 1430 κατενεγκὼν

288 1448 427 1515 τοὺς
455 1447 683 1513 λοιποὺς
714 1450 799 1514 είς
836 1450 1019 1522 φυγὴν
1051 1450 1245 1521 βλέψαι
1278 1452 1755 1522 ἠνάγκασεν.”οτε
1787 1453 1886 1509 καὶ⁸

284 1542 404 1599 τῶν
434 1558 518 1606 τις
547 1542 857 1616 Βαρῦάρων
888 1544 1118 1603 ἐκείνων
1164 1544 1265 1616 τὴν
1299 1544 1571 1617 βασιλέως
1610 1546 1710 1620 οὐχ
1751 1546 1886 1603 imo-

289 1633 489 1703 μείνας
516 1634 707 1706 ἀκμὴν
734 1633 929 1699 ὕπτιός
955 1653 1015 1690 τε
1045 1636 1133 1693 διὰ
1172 1637 1333 1691 τοῦτο
1371 1637 1448 1708 τῷ
1479 1638 1668 1711 ἐδάφει
1709 1658 1883 1711 προσ-

286 1726 596 1797 ερεισθεὶς,
656 1727 848 1799 ἐπειδὴ
900 1730 1238 1800 προσωτέρω
1290 1731 1670 1804 ἱππαζόμενον
1716 1734 1883 1791 αὐτὸν

286 1817 559 1884 κατενόει,
616 1818 772 1891 βέλος
813 1820 974 1891 ἀφεὶς
1023 1821 1195 1892 ἀκρου
1253 1822 1517 1895 τυγχάνει
1572 1824 1667 1882 τοῦ
1720 1827 1882 1891 ποδὸς

285 1907 541 1971 δπισθεν,
568 1906 703 1965 ἔνθα
730 1908 872 1980 μετά
897 1910 966 1965 τὰ
1014 1910 1199 1981 σφυρά
1233 1910 1328 1966 ἐπὶ
1352 1914 1602 1983 πτέρναν
1639 1913 1673 1982 ἡ
1717 1913 1883 1981 φύσις

289 2001 663 2071 ἀναχωροῦσα
703 2001 802 2073 τὴν
840 2000 1035 2074 ἐξοχὴν
1080 2004 1343 2058 ποιεῖται.
1396 2004 1505 2057 Καὶ
1548 2005 1578 2058 ὁ
1632 2004 1735 2075 μὲν
1782 2005 1882 2060 καὶ

291 2090 551 2163 δευτέραν
588 2091 833 2162 πέμψειν
860 2094 1147 2163 ἠπείγετο,
1174 2093 1433 2166 βασιλεὺς
1458 2095 1514 2150 δὲ
1532 2097 1882 2169 προτερήσας

292 2184 395 2256 τὴν
427 2184 601 2257 ὁρμὴν
635 2186 747 2239 τῶν
780 2186 988 2257 τριχῶν
1032 2181 1185 2241 εἷλκε
1243 2186 1540 2260 ζωγρείαν,
1594 2189 1693 2244 σύν
1729 2188 1881 2261 αὐτῷ

293 2275 357 2329 δὲ
387 2276 486 2346 τὴν
518 2276 610 2331 ἐπὶ
638 2276 698 2330 τὺ
734 2278 1103 2348 στρατόπεδον
1128 2278 1223 2332 ίὼν
1260 2280 1590 2352 Ἀνδρονίκῳ
1620 2282 1875 2353 συναντᾷ.

296 2367 449 2441 Ἤδη
484 2368 593 2441 γὰρ
636 2366 734 2422 τοῦ
785 2368 1068 2440 βασιλείου
1127 2371 1442 2441 ἐνεχθέντος
1487 2371 1648 2443 αὐτῷ
1707 2374 1878 2428 ἵππου

292 2460 638 2532 ὀχησάμενος
669 2462 812 2516 κατά
864 2461 926 2535 [Ρ
970 2462 1061 2535 35]
1095 2463 1322 2534 Περσῶν
1346 2463 1442 2518 καὶ
1464 2464 1625 2529 αὐτὸς
1652 2464 1877 2536 ἧλαυνε,

296 2552 475 2611 πολλά
517 2570 575 2608 τε
627 2554 725 2625 τῆς
755 2548 851 2607 ἐπὶ
900 2555 968 2610 τὰ
1003 2554 1209 2627 πρὼσω
1247 2556 1475 2628 πορείας
1511 2556 1737 2628 εἴργων,
1780 2556 1876 2610 ἅτε

288 2646 649 2703 παντάπασιν
696 2648 934 2703 ἄνοπλον
988 2649 1119 2705 ὖντα
1171 2650 1267 2704 καὶ
1323 2651 1519 2716 αὐτὸν,
1560 2651 1749 2721 ἐπειδὴ
1802 2652 1876 2721 μὴ

283 2739 507 2793 πείθειν
536 2737 653 2814 εἶχε
677 2742 895 2815 (θάρσει
920 2742 1030 2815 γάρ
1063 2743 1160 2797 καὶ
1185 2736 1344 2807 οὗτος
1376 2744 1591 2815 ἀπείρῳ
1631 2744 1879 2815 διῳκεῖτο

281 2833 381 2887 καὶ
416 2831 574 2887 ἔπνει
602 2834 705 2901 τάς
738 2836 945 2905 μάχας,
972 2834 1236 2898 ἐπιεικῶς
1266 2834 1328 2888 τὸ
1353 2835 1482 2905 δόρυ
1512 2836 1762 2906 χειρίσας
1786 2838 1880 2889 καὶ

281 2924 387 2995 τὴν
442 2925 673 2993 ἀσπίδα,
730 2920 812 2990 οἷς
861 2926 958 2982 καὶ
1004 2927 1189 2991 αὐτοῖς
1230 2928 1329 2998 οὐχ
1363 2926 1439 2992 ὡς
1487 2927 1640 2991 ἰδίοις
1668 2928 1880 3001 ἐχρῆτο

294 3018 437 3071 ἀλλά
475 3035 626 3084 τινος
656 3019 768 3074 τῶν
809 3020 917 3074 ἀπὸ
943 3021 1102 3091 δόξης
1130 3021 1474 3091 ἀφελόμενος
1505 3020 1743 3093 ἔτυχεν),
1780 3023 1878 3079 αὐ·

288 3112 385 3165 τὸν
439 3112 537 3181 μὲν
583 3112 767 3182 ἀφῆκε
832 3113 1203 3184 πορεύεσθαι·
1232 3116 1261 3168 ό
1298 3115 1356 3168 δὲ
1389 3113 1496 3185 ὁδῷ
1526 3114 1736 3185 προῖὼν
1784 3116 1880 3170 καὶ
1910 3155 1947 3205 C

287 3210 406 3269 τοῖς
436 3206 650 3270 λοιποῖς
681 3206 939 3279 ξυνέμιξε
968 3206 1066 3261 τοῦ
1112 3207 1411 3278 Ῥωμαίων
1446 3207 1711 3280 στρατοῦ.
1763 3208 1880 3262 Πυ-

287 3299 548 3371 θομένοις
572 3316 634 3351 τε
665 3300 817 3361 ὅπως
842 3297 995 3373 αὐτῷ
1017 3300 1086 3354 τά
1113 3300 1259 3355 κατά
1293 3300 1386 3356 τὸν
1417 3300 1659 3370 πόλεμον
1702 3301 1878 3355 ἀπαν-

284 3394 482 3463 τήσειε
551 3392 702 3465 μόνῳ
751 3392 863 3446 τῶν
913 3392 1174 3448 ἀπάντων
1229 3393 1326 3447 ἐπὶ
1372 3394 1499 3458 τοὺς
1552 3391 1881 3463 Βαρδάρους

296 3484 462 3548 ἰόντι,
495 3485 627 3557 περὶ
657 3485 759 3557 μὲν
788 3484 884 3539 τοῦ
917 3486 1027 3540 τῶν
1055 3486 1332 3557 πολεμίων
1356 3486 1540 3556 φόνου,
1570 3485 1686 3551 οὓς,
1707 3485 1881 3541 καθά-

282 3595 397 3650 περ
432 3579 675 3649 εἴρηται,
719 3577 1039 3640 ἀπεκτονὼς
1070 3578 1282 3649 ἔτυχεν,
1308 3578 1658 3648 ἀπήγγελλεν
1704 3577 1878 3645 οὐδὲν,

284 3669 620 3739 καυχήσεως
644 3667 905 3737 ἀγεννοῦς
936 3668 1174 3739 ὑποψίαν
1198 3668 1880 3741 παραιτούμενος.Ἔργον

287 3760 401 3829 γὰρ
442 3761 545 3833 οὐχ
591 3759 685 3814 ὑπ’
725 3758 851 3828 ὄψιν
892 3759 1047 3814 ἐλθὸν
1089 3762 1205 3827 τοῖς
1256 3760 1332 3831 μὴ
1386 3760 1636 3830 εὐμενῶς
1656 3759 1881 3814 ἀκούειν

283 3851 576 3905 ἐθέλουσιν
625 3851 814 3923 ῥᾴδιον
864 3853 946 3915 είς
1002 3851 1324 3921 ἀνατροπὴν
1374 3851 1609 3920 γίνεται.
1660 3852 1768 3907 Τοῦ
1815 3869 1880 3920 γε

290 3942 409 4013 μὴν
447 3939 774 4011 τραύματος
806 3940 1193 4011 ἐπιμελεῖσθαι
1237 3941 1443 3996 αὐτίκα
1476 3941 1761 4010 ἐκέλευεν,
1804 3940 1882 4007 ὼς

294 4036 374 4107 μή
410 4034 835 4107 φλεγμήναντος
867 4035 1174 4109 ἀνήκεστόν
1208 4054 1261 4091 τι
1307 4036 1403 4090 καὶ
1444 4036 1731 4107 ὲπισυμϐῇ
1754 4050 1767 4064 ⁸
1790 4034 1881 4089 ὅτε

287 4129 356 4200 δὴ
396 4128 593 4197 γέγονέ
618 4145 673 4182 τι
701 4128 798 4183 καὶ
830 4129 991 4199 λόγου
1012 4130 1186 4197 ἄξιονο
1228 4130 1419 4202 ἐπειδὴ
1471 4132 1583 4201 γὰρ
1634 4133 1710 4203 μὴ
1734 4124 1884 4202 εἴχον

288 4222 443 4283 ὅπως
472 4219 626 4290 αὐτῷ
656 4221 962 4293 χρήσηται,
987 4221 1097 4275 τῶν
1132 4222 1493 4293 στρατιωτῶν
1520 4241 1606 4284 τις
1640 4223 1883 4294 ὲγχειρίυ

282 4315 403 4367 διον
436 4313 673 4379 ἑλκύσας
702 4314 872 4385 μέρος
896 4314 998 4386 τῆς
1029 4316 1193 4380 αὐτὸς
1238 4316 1407 4371 αὑτοῦ
1446 4316 1651 4386 σαρκὸς
1679 4317 1881 4388 ἀφελέ-

287 4407 422 4460 σθαι
461 4406 739 4478 διενοήθη,
780 4407 855 4470 ὡς
903 4407 970 4462 ἂν
1008 4406 1090 4463 ἔτι
1137 4409 1440 4479 διάθερμον
1472 4409 1551 4482 τῷ
1598 4408 1881 4481 τραύματι

1992 534 2440 606 obversabatur),
2489 535 2735 606 praelium
2777 536 3108 605 aggreditur,
3164 539 3456 611 multisque
3494 546 3594 601 oh-

1993 625 2284 694 ;runcatis,
2335 634 2565 684 caeteros
2604 626 2714 698 62
2754 627 2823 682 ad
2869 626 3055 697 fugam
3102 631 3399 700 compellit.
3451 635 3590 691 Tum

1989 715 2264 775 Barbarus
2307 718 2551 787 quidam,
2596 734 2703 774 non
2736 734 2904 775 ausus
2942 719 3294 790 imperatoris
3324 724 3588 796 impetum

1989 809 2253 879 experiri,
2291 808 2520 879 supinus
2559 810 2676 866 solo
2726 811 3077 874 recumbens.
3126 811 3215 866 ubi
3260 821 3589 883 praetervec-

1990 908 2102 955 tum
2139 899 2286 956 videt
2312 900 2546 972 longius.
2579 901 2686 959 telo
2713 901 2916 959 emisso
2939 911 3241 959 extremam
3278 904 3431 972 pedis
3462 920 3591 976 par-

1989 997 2098 1045 tem
2149 1006 2182 1046 a
2233 1001 2386 1062 tergo
2421 991 2625 1062 attigit,
2682 992 2773 1048 ubi
2825 990 2976 1048 circa
3025 992 3346 1059 claviculas,
3399 1010 3591 1054 versus

1986 1082 2218 1151 calcem,
2248 1083 2531 1154 quidpiam
2562 1090 2756 1141 natura
2798 1093 3024 1142 exstans
3063 1085 3325 1155 reliquit:
3352 1103 3591 1159 cumque

1988 1175 2081 1232 ille
2110 1176 2179 1231 ad
2215 1176 2377 1233 ictum
2410 1174 2763 1247 repetendum
2795 1191 2856 1235 se
2878 1178 3208 1248 accingeret,
3252 1181 3590 1249 praeveniens

1986 1270 2306 1338 imperator,
2336 1269 2795 1339 comprehensum
2825 1270 3070 1327 crinibus
3099 1271 3377 1329 hominem
3404 1273 3585 1329 vivum

1985 1364 2150 1434 cepit.
2180 1363 2313 1420 inde
2342 1364 2409 1418 ad
2442 1373 2625 1419 castra
2661 1379 2785 1421 cum
2820 1364 2915 1420 illo
2952 1374 3252 1430 revertens,
3293 1365 3489 1421 obvius
3528 1366 3589 1423 iit

1982 1453 2321 1520 Andronico,
2353 1455 2445 1524 qui
2477 1455 2592 1525 jam
2620 1455 2914 1512 adductum
2934 1471 3134 1527 equum
3162 1466 3378 1525 nactus,
3396 1468 3588 1514 contra

1986 1545 2187 1605 Persas
2224 1546 2450 1616 perinde
2480 1548 2783 1618 equitabat.
2814 1545 2999 1603 Multis
3026 1556 3207 1602 autem
3240 1548 3419 1604 verbis
3464 1547 3587 1602 [ιιι-

1985 1650 2099 1693 atra
2146 1637 2474 1693 dehortatus
2505 1654 2575 1693 ne
2609 1639 2837 1696 ulterius
2864 1640 3091 1695 inermis
3122 1648 3176 1694 et
3205 1641 3321 1710 ipse
3358 1652 3589 1695 conten-

1984 1726 2139 1785 deret
2191 1728 2544 1798 (incredibili
2596 1730 2745 1784 enim
2808 1729 3070 1800 praeditus
3122 1732 3352 1786 audacia
3410 1740 3585 1787 totum

1987 1820 2228 1890 spirabat
2260 1818 2514 1886 Martem,
2549 1820 2759 1876 hastam
2812 1830 3049 1877 tractare
3097 1835 3455 1891 parmamque
3494 1838 3588 1892 ge-

1988 1922 2136 1968 Stare
2166 1912 2630 1982 promptissimus,
2662 1911 2862 1983 quibus
2892 1923 3020 1970 tunc
3053 1928 3159 1969 non
3198 1914 3458 1983 propriis.
3486 1914 3585 1970 sed

1985 2008 2226 2077 acceptis
2271 2007 2341 2061 ab
2391 2006 2574 2077 aliquo
2607 2021 2638 2061 e
2676 2007 3024 2075 magnatihus
3071 2006 3373 2077 utebatur),
3420 2007 3589 2076 proti-

1986 2100 2281 2154 ciscentem
2333 2097 2552 2168 quidem
2606 2096 2659 2151 in
2709 2096 2952 2167 prmlium
3000 2096 3231 2164 dimisit,
3282 2096 3399 2167 ipse
3456 2109 3587 2154 vero

1987 2191 2303 2247 continuato
2329 2189 2473 2260 quod
2505 2187 2818 2246 instituerat
2852 2190 3073 2256 itinere,
3104 2191 3171 2246 ad
3207 2205 3337 2246 suos
3366 2191 3587 2246 tandem

1989 2284 2168 2342 rediit.
2204 2282 2621 2343 Sciscitantibus
2645 2296 2779 2336 vero
2808 2282 2939 2351 quid
2962 2281 3068 2339 sibi
3106 2282 3401 2338 accidisset
3428 2282 3482 2337 in
3518 2296 3585 2337 ea

1988 2391 2147 2445 quam
2180 2376 2425 2435 omnium
2459 2375 2604 2431 solus
2637 2374 2689 2429 in
2720 2373 2989 2431 Barharos
3015 2384 3336 2445 susceperat
3362 2374 3591 2444 expedi-

1989 2468 2156 2533 tione,
2194 2480 2424 2541 quaeque
2455 2464 2647 2522 fuisset
2682 2462 2865 2519 clades
2894 2462 3154 2529 hostium,
3192 2477 3355 2532 quos,
3378 2470 3438 2517 ut
3466 2479 3587 2519 me-

1987 2559 2215 2626 moravi,
2250 2558 2546 2623 occiderat,
2580 2571 2732 2612 vanae
2775 2554 2961 2627 gloriae
3004 2555 3377 2625 suspicionem
3413 2554 3591 2611 decli-

1987 2667 2145 2718 nans,
2178 2649 2314 2706 nihil
2342 2647 2560 2720 quidem
2589 2646 2894 2716 respondit.
2921 2644 3076 2715 Saepe
3113 2645 3259 2700 enim
3297 2643 3585 2714 contingit,

1984 2753 2041 2797 ut
2072 2742 2306 2813 quodvis
2331 2739 2612 2812 egregium
2652 2736 2884 2803 facinus,
2918 2736 3062 2809 quod
3109 2751 3217 2791 non
3269 2735 3369 2790 sub
3398 2733 3590 2790 oculos

1985 2833 2152 2897 cadit,
2188 2831 2350 2887 abiis
2381 2831 2475 2901 qui
2512 2828 2780 2885 malevolo
2820 2828 3004 2883 animo
3052 2827 3305 2892 audiunt,
3356 2826 3411 2881 in
3448 2841 3584 2881 con-

1988 2923 2216 2979 trarium
2262 2921 2419 2977 facile
2450 2920 2792 2977 deﬂectatur.
2837 2915 3153 2974 Curandum
3183 2927 3365 2973 autem
3395 2913 3584 2971 confe-

1984 3018 2108 3072 stim
2143 3015 2341 3070 vulnus
2371 3015 2585 3080 statuit,
2633 3027 2700 3067 ne
2742 3013 2788 3067 si
2830 3012 3155 3067 succederet
3192 3006 3580 3069 inﬂammatio.

1985 3104 2266 3176 quidpiam
2306 3103 2670 3173 periculosius
2702 3103 3014 3157 accideret:
3048 3115 3156 3170 quo
3188 3108 3299 3154 tum
3336 3108 3584 3167 tempore

1984 3213 2072 3253 res
2097 3196 2256 3259 digna
2280 3196 2479 3252 accidit
2506 3194 2614 3265 63
2641 3208 2760 3263 qtue
2793 3204 3150 3247 memoretur.
3179 3190 3315 3246 Cum
3351 3189 3488 3244 nihil
3514 3188 3582 3243 ad

1983 3302 2208 3343 manum
2262 3295 2434 3351 esset,
2487 3285 2710 3352 quidam
2762 3284 2942 3350 miles,
2996 3290 3220 3351 accepta
3275 3281 3412 3347 sica,
3470 3294 3585 3335 sua:

1983 3380 2168 3435 carnis
2189 3386 2400 3449 partem
2422 3376 2660 3447 aliquam
2694 3390 2997 3446 prmsecare
3024 3382 3200 3445 parat,
3226 3380 3287 3426 ut
3312 3387 3376 3427 ea
3401 3369 3585 3425 calens

1982 3471 2483 3545 adhuc'applicata
2534 3469 2744 3524 vulneri
2793 3477 3062 3522 tumorem
3123 3465 3447 3520 inhiberet:
3489 3460 3585 3517 sed

1983 3569 2283 3643 imperator
2318 3565 2535 3623 laudata
2565 3564 2669 3619 viri
2714 3560 3120 3626 benevolentia,
3156 3558 3210 3614 id
3243 3556 3435 3614 abnuit
3465 3554 3586 3622 qui-

1982 3664 2128 3727 dem,
2159 3659 2324 3730 jussit
2348 3673 2476 3715 vero
2504 3665 2564 3712 ut
2595 3656 2664 3713 ab
2707 3671 2816 3711 uno
2851 3670 2919 3710 ex
2962 3653 3031 3709 iis
3063 3651 3242 3722 equis,
3280 3648 3374 3719 qui
3419 3646 3588 3702 nimio

1982 3770 2144 3813 Cursu
2194 3752 2403 3823 fatigati
2451 3758 2644 3816 erant,
2696 3747 3003 3805 abscissum
3049 3744 3234 3801 carnis
3283 3739 3585 3796 frustulum

1984 3845 2197 3900 vulneri
2252 3845 2513 3899 continuo
2557 3848 2947 3912 apponeretur.
2989 3836 3281 3892 Productis
3326 3832 3456 3889 inde
3516 3830 3587 3884 ad

1983 3937 2192 3991 medias
2245 3934 2359 3990 fere
2405 3945 2598 3989 noctes
2629 3932 2960 3996 itineribus,
3003 3928 3305 3983 exercitum
3363 3921 3585 3993 repetit,

1983 4030 2077 4097 qui
2131 4028 2198 4083 ad
2253 4024 2515 4081 Maeandri
2548 4023 2728 4079 fontes
2768 4021 3106 4081 considebat,
3154 4017 3243 4071 ubi
3290 4026 3482 4083 magna
3532 4017 3589 4065 et

1984 4122 2247 4177 immensa
2274 4118 2360 4173 vis
2389 4130 2656 4188 aquarum
2698 4128 2761 4168 ex
2789 4111 2984 4185 petris,
3013 4107 3287 4164 radicibus
3322 4101 3586 4159 montium

1983 4209 2384 4281 adjacentibus,
2415 4206 2567 4261 velut
2601 4220 2667 4261 ex
2699 4203 2927 4259 inlinitis
2964 4199 3203 4255 fontibus
3232 4194 3431 4264 eil‘usa,
3464 4208 3584 4248 ma-

1982 4304 2169 4374 risque
2206 4303 2381 4358 instar
2411 4299 2898 4368 circumjecentem
2930 4293 3019 4347 hic
3049 4290 3325 4346 inundans
3361 4302 3581 4358 agrum,

1984 4399 2040 4454 in
2073 4397 2224 4452 lacus
2269 4394 2511 4466 speciem
2548 4392 2726 4462 primo
2755 4389 2975 4459 quidem
3017 4385 3386 4449 contrahitur,
3431 4381 3589 4437 dein-

288 4496 570 4570 περιθεὶς,
596 4474 742 4550 οὕτω
766 4496 866 4568 τὴν
903 4497 1219 4568 φλεγμονὴν
1239 4474 1669 4570 ἀποκρούσαιτο.
1716 4474 1878 4555 uim

1986 4503 2114 4559 ceps
2151 4502 2282 4542 vero
2333 4485 2595 4556 paulatim
2648 4481 2918 4543 diﬂluens,
2978 4477 3306 4549 profundam
3367 4474 3577 4529 fossam

287 4589 551 4663 βασιλεὺς
582 4588 682 4659 τῆς
712 4588 926 4652 εὐνοίας
955 4590 1048 4643 τὸν
1079 4589 1250 4661 ἄνδρα
1286 4589 1694 4661 ἀποδεξάμενος
1722 4596 1881 4644 τοῦτο

293 4681 398 4750 μὲν
446 4680 772 4746 διεκώλυσε,
802 4681 915 4753 τῶν
965 4680 1021 4734 δὲ
1054 4683 1121 4753 τῇ
1174 4680 1458 4753 ὁδοιπορίᾳ
1514 4680 1883 4752 κεκμηκότων

287 4775 479 4828 ἵππων
504 4773 649 4836 τινὸς
684 4771 948 4844 τεμάχιον
976 4773 1073 4844 τῆς
1104 4772 1309 4843 σαρκὸς
1339 4772 1659 4846 ἀφῃρῆσθαι
1689 4769 1883 4825 κελεύ-

292 4883 397 4928 σας
430 4864 709 4939 εὐθύωρον
754 4868 1004 4938 προσῆγε
1055 4865 1135 4936 τῷ
1172 4864 1473 4937 τραύματι.
1504 4862 1775 4932 ΙἘκεῖθέν
1820 4880 1882 4916 τε

292 4958 507 5030 μακρὸν
544 4958 872 5023 κατατείνας
896 4959 1099 5030 δρόμον
1133 4957 1288 5030 παρά
1323 4957 1497 5026 μέσας
1524 4973 1628 5010 που
1662 4954 1763 5019 τὰς
1791 4953 1885 5007 νύ-

290 5067 431 5114 κτας
482 5051 575 5106 ἐπὶ
628 5051 689 5106 τὸ
755 5051 1124 5122 στρατόπεδον
1190 5051 1503 5120 ἀφικνεῖται
1572 5048 1713 5119 πρὸς
1762 5049 1885 5112 ταῖς

287 5142 607 5215 Μαιάνδρου
659 5141 915 5207 ἐκϐολαῖς
968 5142 1277 5215 ἱδρυμένον,
1333 5140 1465 5195 ἔνθα
1521 5138 1658 5193 πολύ
1689 5156 1751 5193 τε
1787 5140 1885 5192 κοιλ¹

285 5236 532 5306 ἄμετρον
560 5234 709 5306 ὕδωρ
741 5238 827 5307 ῥεῖ
858 5234 960 5305 μὲν
1011 5236 1077 5289 ὲκ
1123 5235 1236 5288 τῶν
1279 5232 1420 5287 κατά
1459 5232 1558 5305 τὴν
1606 5232 1889 5302 ὑπωρείαν

287 5326 511 5398 πετρῶν
538 5327 615 5392 ὡς
636 5329 702 5380 ἐκ
731 5326 945 5398 μυρίων
975 5326 1362 5396 ἀναδιδόμενον
1385 5325 1694 5395 στομάτων,
1718 5324 1812 5377 τὸν
1831 5321 1890 5376 δὲ

287 5418 704 5491 παρακείμενον
750 5418 1096 5488 ὲκπελαγοῦν
1126 5419 1304 5490 χῶρον
1353 5419 1411 5480 ἐς
1457 5417 1658 5488 λίμνην
1694 5416 1796 5485 μὲν
1827 5415 1889 5470 τὸ

290 5511 513 5585 πρῶτον
555 5510 894 5577 ξυνίσταται,
927 5510 1056 5582 ἑξῆς
1101 5510 1158 5564 δὲ
1188 5510 1378 5581 προϊὸν
1420 5508 1665 5580 διώρυχά
1694 5526 1753 5561 τε
1784 5507 1889 5577 βα-

1990 4579 2252 4645 dil‘lindit,
2289 4577 2522 4647 indeque
2554 4574 2606 4633 in
2645 4573 2865 4627 ﬂuvium
2901 4569 3244 4633 eﬂormatur,
3269 4567 3350 4621 Ab
3376 4565 3590 4621 Andro-

1993 4673 2115 4728 nico
2149 4670 2383 4734 interea,
2413 4667 2503 4737 qui
2543 4666 2597 4722 in
2634 4666 2875 4729 hostem,
2910 4671 2971 4717 ut
2998 4660 3258 4725 diximus,
3298 4670 3593 4729 processe-

1992 4773 2099 4829 rat,
2145 4760 2280 4817 nihil
2324 4759 2527 4815 factum
2578 4756 2797 4827 quidem
2849 4752 3017 4815 aliud,
3061 4751 3166 4807 nisi
3217 4750 3364 4820 quod
3415 4761 3600 4819 equos

1992 4865 2300 4936 complures
2360 4878 2574 4929 eorum,
2631 4875 2767 4933 quos
2818 4858 3091 4915 ceciderat
3145 4856 3465 4925 imperator,
3527 4849 3599 4905 in-

1991 4968 2171 5014 castra
2200 4956 2331 5025 egit.
2362 4953 2455 5013 Sic
2479 4968 2601 5011 sese
2632 4967 2717 5007 res
2749 4951 3003 5007 habuere.
3032 4946 3235 5004 Versus
3262 4942 3598 5015 Byzantium

1994 5050 2165 5106 reditu
2196 5048 2444 5103 instituto
2477 5045 2791 5114 imperator,
2819 5059 2940 5098 cum
2966 5043 3019 5097 in
3054 5040 3361 5112 Bithyniam
3390 5048 3593 5109 perove-r

1992 5141 2187 5204 uisset,
2208 5137 2454 5194 liberatis
2485 5151 2550 5192 ex
2574 5134 2914 5201 Philomelio,
2936 5129 3389 5203 quemadmodum
3417 5140 3596 5193 supra.

1988 5231 2171 5295 retuli,
2205 5228 2468 5284 Romanis
2505 5228 2661 5283 sedes
2693 5227 2763 5282 ibi
2793 5224 3113 5297 assignavit,
3136 5218 3597 5293 possessiuncqu

1989 5340 2018 5379 a
2063 5338 2223 5379 sacro
2270 5323 2504 5392 quodam
2554 5322 2888 5376 monasterio
2944 5334 3039 5388 per
3094 5313 3591 5373 commutationem

1988 5422 2324 5485 comparata,
2354 5411 2441 5466 ubi
2473 5420 2529 5465 et
2556 5425 2738 5465 arcem
2778 5420 3133 5481 castrumque
3172 5405 3461 5469 exstruxit,
3492 5404 3587 5457 cui

1988 5522 2185 5564 nomen
2214 5505 2405 5561 indidit
2431 5503 2741 5559 Portarum.

287 5606 444 5661 θεῖαν
474 5607 667 5677 τέμνει
712 5605 810 5660 καὶ
838 5604 1088 5676 ποταμὸν
1150 5603 1403 5660 ἐντεῦθεν
1472 5604 1637 5658 ποιεῖ.
1681 5602 2019 5673 ’Δνδρόιικος
2055 5601 2136 5665 δὲ,
2168 5600 2434 5669 ’καθάπερ
2484 5599 2721 5670 εἴρηται,
2754 5593 3091 5665 ἐπίπροσθεν
3141 5591 3234 5647 ίὼν
3283 5592 3413 5648 ἀλλο
3480 5588 3596 5660 μὲν

288 5700 522 5769 ἔδρασεν
567 5699 744 5765 οὐδὲν,
796 5698 999 5762 ἵππους
1027 5698 1083 5751 δὲ
1116 5698 1346 5769 συχνοὺς
1419 5690 1497 5751 ὧν
1545 5695 1923 5758 ἐπιϐαίνοντες
1961 5689 2103 5763 ἦσαν
2159 5692 2208 5746 οἳ
2251 5693 2390 5763 πρὸς
2434 5691 2703 5763 βασιλέως
2753 5690 3055 5761 ἀνῇρηνται
3110 5684 3220 5738 τῶν
3274 5681 3582 5753 πολεμίων,

288 5795 385 5847 επὶ
420 5793 481 5847 τὸ
530 5792 902 5860 στρατόπεδον
952 5790 1141 5858 ἤλασε.
1200 5787 1387 5847 Ταῦτα
1440 5787 1541 5861 μὲν
1573 5787 1666 5842 οὐν
1706 5786 1880 5852 οὕτως
1920 5787 2156 5858 ἐγένετο.
2195 5786 2252 5841 '0
2317 5784 2376 5837 δὲ
2411 5784 2667 5853 eamut..-
2730 5783 2829 5855 τὴν
2882 5782 2978 5837 ἐπὶ
3020 5780 3081 5837 τὸ
3112 5777 3404 5844 Βυζάντιον
3437 5776 3593 5842 ἵετο,
