4058 6446
491 363 601 427 383

1802 357 2127 420 JOANNIS
2164 357 2493 420 CINNAMI

3676 354 3794 418 384

471 478 550 532 ἐν
581 475 806 546 Βιθυνίᾳ
844 491 902 528 τε
934 471 1174 542 γεγονὼς
1207 470 1447 529 ἐνταῦθα
1510 467 1642 528 που
1673 473 1800 536 τοὺς
1866 475 1931 526 ἐκ
1994 471 2332 541 Φιλομιλίου,
2395 475 2655 547 καθάπερ
2709 475 2926 548 εἴρηται
2980 475 3285 548 πρότερον,
3339 471 3800 547 ἀναρρυσθέντας

487 570 728 644 ᾠκίσατο
793 567 1125 637 Ῥωμαίους,
1174 568 1488 639 κτησείδιον
1535 566 1722 631 αὐτοῖς
1768 565 1880 622 τῶν
1912 564 2078 638 ίερῶν
2115 583 2262 634 τινος
2323 568 2698 641 ἀλλαξάμενος
2761 569 3030 640 σεμνείων
3052 587 3068 602 ο
3099 568 3228 623 ἔνθα
3255 565 3522 639 φρούριόν
3551 582 3613 621 τε
3639 567 3792 638 (ινφ⁹

488 664 771 734 κοδόμησε
804 661 902 715 καὶ
932 659 1114 724 Πύλας
1141 661 1275 716 αὐτὸ
1301 659 1718 732 κατωνόμακεν.

563 756 654 810 10.
704 754 819 810 Sub
851 753 990 808 idem
1025 763 1237 822 tempus
1262 753 1513 819 Cosntas,
1552 753 1644 822 qui
1671 767 1735 808 ea
1763 759 2089 821 tempestate

2265 757 2320 807 t'.
2365 749 2505 804 Ὑπὸ
2545 750 2605 806 δὲ
2651 751 2744 806 τὸν
2781 749 2947 805 αὐτὸν
2976 750 3171 822 χρόνον
3211 751 3441 821 Κοσμᾶς
3470 751 3497 805 ό
3535 753 3652 831 τοῖς
3697 753 3795 807 ἐκ·

490 865 582 906 res
604 847 1007 905 ecclesiasticas
1054 847 1464 913 moderabatur,
1501 848 1586 901 vir
1617 847 1742 901 vitae
1777 845 2094 916 integritate

485 952 544 997 et
571 941 841 1011 gravitate
870 938 1143 993 sermonis
1179 937 1428 1005 illustris,
1458 953 1488 991 a
1517 939 1647 993 sede
1687 937 1799 1009 64.
1846 938 1992 992 hanc
2024 935 2095 992 oh

491 1049 709 1090 causam
745 1031 1000 1102 depulsus
1027 1042 1133 1086 est.
1167 1030 1468 1088 Monachus
1493 1031 1715 1101 quidam
1751 1030 1964 1100 Niphon
1993 1043 2095 1083 no-

493 1129 662 1192 mine,
690 1128 784 1197 qui
811 1125 1065 1179 liberales
1090 1122 1414 1194 disciplinas
1437 1123 1811 1194 humanasque
1836 1121 2099 1178 scientias

493 1238 563 1278 ne
590 1223 818 1277 summis
847 1220 1068 1289 quidem
1099 1219 1268 1274 labris
1297 1219 1704 1287 degustaverat,
1741 1216 1843 1273 etsi
1871 1216 2044 1270 sacris
2065 1230 2095 1270 a

492 1309 722 1380 pueritia
754 1309 949 1364 litteris
973 1309 1236 1373 imbutus,
1258 1323 1384 1363 cum
1420 1307 1684 1364 Michaele
1713 1308 1832 1362 viro
1867 1307 1961 1378 pio
1988 1305 2100 1361 vir.

496 1415 718 1474 tuteqne
759 1402 957 1473 insigni
1002 1402 1432 1458 ecclesiasticam
1479 1401 1804 1473 dignitatem
1847 1409 2095 1471 regente,

495 1495 638 1550 haud
667 1508 799 1548 sana
835 1497 980 1548 circa
1007 1492 1380 1549 Christianam
1425 1492 1741 1560 religionem
1775 1493 1982 1548 sentire
2015 1491 2098 1546 vi—

494 1595 590 1636 sus
617 1589 790 1645 esset,
817 1581 1052 1651 ideoque
1084 1580 1294 1650 judicio
1320 1581 1568 1654 synodali
1599 1581 1796 1638 fuisset
1834 1581 2098 1636 condem-

497 1683 710 1736 natus,
749 1673 916 1727 barba
965 1673 1032 1728 ad
1080 1673 1221 1728 talos
1278 1689 1452 1744 usque
1510 1681 1807 1744 protensa,
1861 1673 2096 1741 derasa,

495 1765 708 1819 carceri
742 1765 1110 1832 mancipatur.
1156 1765 1229 1821 Ut
1258 1779 1388 1821 vero
1435 1767 1544 1820 vita
1591 1765 1777 1820 functo
1812 1764 2098 1830 Michaele,

497 1857 682 1912 sedem
713 1859 930 1928 excepit
959 1858 1212 1922 Cosmas,
1238 1857 1456 1930 Niphon
1481 1859 1727 1914 liberiorl
1759 1859 1943 1914 statim
1967 1873 2100 1913 usus

499 1949 743 2014 licentia,
778 1950 1024 2019 publicos
1059 1966 1385 2021 congressus
1418 1953 1526 2022 egit
1564 1953 1618 2008 in
1660 1951 1940 2022 compitis,
1971 1966 2101 2022 pra-

496 2057 702 2112 vasque
732 2059 860 2099 suas
897 2046 1187 2114 opiniones
1229 2047 1433 2117 ubique
1465 2046 1705 2113 dili'udit,
1751 2045 2097 2102 llebrazorum

501 2136 672 2192 Deum
711 2137 886 2208 palam
937 2141 1258 2210 repudians.
1308 2141 1544 2197 Amabat
1593 2140 1873 2197 hominem
1931 2156 2096 2208 supra

498 2233 716 2287 modum
745 2233 994 2300 Cosmas,
1031 2236 1464 2304 adntittebatque
1512 2237 1564 2291 in
1611 2237 1693 2292 sui
1729 2238 2096 2302 consortium,

496 2334 553 2378 et
599 2327 880 2394 superiora
937 2328 990 2381 in
1039 2341 1162 2382 eum
1210 2329 1430 2384 decreta
1475 2329 1760 2398 injustitia:
1809 2329 2096 2402 arguebat,

497 2432 809 2487 quanquam
853 2429 978 2474 tunc
1013 2420 1178 2475 etiam
1213 2420 1506 2477 immodice
1538 2422 1593 2476 in
1627 2421 1778 2476 illum
1805 2430 1861 2479 et
1895 2423 1962 2477 ad
1997 2436 2097 2491 pe-

498 2510 786 2564 tulantiam
844 2526 1019 2580 usque
1071 2527 1379 2582 propensus
1442 2514 1788 2570 atrocissime
1849 2514 2096 2585 repulsus

499 2601 700 2666 fuerat,
759 2613 814 2658 et
870 2612 1094 2672 propter
1143 2604 1397 2660 virtutem
1454 2605 1653 2662 divinis
1706 2608 2096 2678 propemodum

499 2692 755 2748 laudibus
802 2709 924 2750 eum
975 2695 1260 2763 eﬂerebat,
1294 2697 1638 2768 addebatque
1678 2699 1792 2770 jam
1835 2701 1965 2755 olim
2017 2699 2095 2756 illi

499 2786 818 2854 praedictum
863 2787 933 2842 ab
974 2803 1060 2856 eo,
1109 2789 1229 2846 fore
1277 2801 1337 2846 ut
1377 2792 1794 2862 patriarchalem
1839 2794 2097 2848 thronum

500 2879 915 2935 conscenderet.
951 2880 1078 2938 Haec
1104 2884 1288 2940 multis
1312 2901 1418 2940 non
1445 2885 1776 2956 placuerunt
1805 2903 1820 2941 :
1855 2889 2000 2943 unde
2028 2904 2095 2944 ex

503 2967 572 3021 iis
603 2969 873 3034 nonnulli,
914 2972 1114 3040 quibus
1146 2975 1493 3044 potissimum
1526 2975 1738 3033 Cosmae
1772 2978 1922 3034 salus
1951 2994 2100 3034 curae

502 3068 642 3123 erat,
692 3059 859 3116 tacite
892 3063 1222 3121 accedentes
1254 3084 1268 3121 :
1312 3085 1331 3119 ι
1373 3067 1534 3134 Quid,
1575 3070 1816 3136 aiebant,
1853 3085 1888 3125 ο
1920 3070 2100 3127 divine

503 3163 713 3222 pastor,
779 3165 947 3213 temet
987 3159 1163 3228 ipsum
1207 3161 1334 3230 lupo
1376 3163 1702 3218 concrcdis?
1732 3179 1914 3220 annon
1947 3166 2099 3222 vides

503 3258 786 3318 propterea
829 3260 880 3305 te
923 3267 951 3306 a
1006 3267 1169 3322 grege
1208 3255 1456 3323 despici?
1493 3258 1690 3312 recede
1752 3259 1820 3312 ab
1868 3258 2097 3315 exitiosa

501 3345 786 3403 societate.
817 3344 926 3417 65
962 3345 1097 3402 Cum
1144 3348 1364 3404 homine
1403 3349 1546 3404 enim
1591 3351 1767 3408 sacris
1813 3353 2100 3409 interdicto

2198 843 2619 916 κλησιαστικοτς
2681 844 2746 898 τδ
2790 844 3051 913 τηνικάδε
3105 843 3355 912 ἐφεστὼς
3413 846 3797 915 πραγμάτων,

2197 935 2340 1007 ἀνὴρ
2373 934 2476 1006 βίῳ
2506 935 2600 989 καὶ
2632 934 2780 1006 λόγῳ
2819 935 3072 1006 κόσμιος,
3129 933 3224 987 τοῦ
3273 935 3464 1004 θρόνου
3515 939 3802 991 κατεσπά-

2197 1030 2297 1102 σθη
2354 1030 2439 1084 ἐπ’
2490 1029 2642 1100 αἰτίᾳ.
2697 1028 2902 1100 τοιᾷδε.
2960 1025 3072 1082 Ἦν
3135 1043 3222 1091 τις
3283 1027 3426 1098 ἀνὴρ
3485 1034 3801 1104 μοναχικὴν

2197 1122 2599 1192 ἐπανελόμενος
2625 1120 2694 1194 [Ρ
2724 1121 2821 1194 56]
2849 1121 3152 1186 πολιτείαν,
3181 1119 3355 1190 ὄνομα
3405 1119 3636 1192 Νήφων,
3667 1141 3805 1176 παι-

2196 1215 2348 1279 δείας
2386 1217 2487 1286 μὲν
2515 1219 2615 1286 τῆς
2647 1215 2945 1285 ἐγκυκλίου
2990 1215 3086 1268 καὶ
3111 1213 3459 1286 μαθημάτων
3495 1215 3606 1268 τῶν
3636 1216 3803 1280 ἐκτὸς

2198 1307 2320 1362 οὐδὲ
2355 1307 2520 1380 μέχρι
2561 1309 2766 1380 πείρας
2813 1307 3008 1372 ἐλθὼν,
3042 1309 3154 1369 τοῖς
3195 1308 3366 1376 ίεροῖς
3395 1307 3452 1361 δέ
3482 1306 3691 1375 λογίοις
3735 1310 3803 1363 ἐκ

2200 1401 2409 1456 παίδων
2441 1402 2632 1457 ἐαυτὸν
2665 1400 2905 1466 ἐπιδούς.
2943 1395 3112 1467 Οὗτος
3158 1403 3188 1456 ό
3232 1402 3438 1473 Νήφων
3467 1401 3687 1474 Μιχαὴλ
3719 1400 3804 1454 ἔτι

2197 1496 2393 1568 ἀνδρὸς
2425 1494 2572 1567 ίεροῦ
2595 1498 2692 1550 καὶ
2715 1496 2912 1550 πολλοῦ
2936 1495 3038 1563 τὴν
3068 1495 3272 1566 ἀρετὴν
3293 1494 3386 1548 τὸν
3413 1493 3806 1565 ἐκκλησιαστι-

2200 1590 2296 1642 κέιν
2327 1588 2608 1651 διέποντος
2640 1587 2831 1658 θρόνον
2865 1587 3024 1653 δόξαν
3060 1587 3158 1657 οὐχ
3201 1585 3334 1654 ὑγιᾶ
3378 1586 3447 1640 τά
3479 1587 3536 1650 ἐς
3575 1585 3635 1640 τὸ
3664 1587 3805 1656 Χρι-

2201 1681 2437 1738 στιανῶν
2474 1681 2653 1751 δόγμα
2687 1680 2905 1744 πολλοῖς
2952 1682 3083 1751 περὶ
3111 1679 3309 1733 ἐαυτοῦ
3335 1677 3586 1742 δεδωκὼς
3615 1679 3804 1750 κρίσει

2199 1795 2260 1831 τε
2319 1777 2576 1848 συνοδικῇ
2612 1775 2726 1847 (77)
2784 1773 2874 1829 διὰ
2930 1773 3092 1827 τοῦτο
3137 1773 3548 1844 ἀποψηφισθεὶς
3595 1773 3689 1828 τόν
3739 1791 3803 1827 τε

2201 1869 2445 1937 πώγωνα
2471 1869 2646 1943 ὲκάρη
2671 1869 2800 1941 ἄχρι
2827 1871 2922 1924 καὶ
2947 1871 3042 1924 ἐπὶ
3071 1869 3255 1940 σφυρά
3286 1868 3679 1924 κατατείνοντα
3705 1869 3805 1924 καὶ

2202 1963 2395 2033 εἱρκτῇ
2441 1962 2741 2033 παρεδόθη.
2783 1960 2940 2015 Ἐπεὶ
2974 1960 3033 2014 δὲ
3085 1961 3311 2031 Μιχαὴλ
3347 1961 3449 2031 μέν
3501 1961 3713 2024 ἐκεῖνος
3743 1961 3806 2026 ἐξ

2199 2055 2516 2126 ’ἀνθρώπων
2545 2055 2648 2129 ἤδη
2674 2051 2763 2127 ἦν,
2795 2055 3028 2124 Κοσμᾶς
3053 2054 3112 2106 δὲ
3135 2053 3254 2106 ἀντ’
3283 2051 3451 2106 αὑτοῦ
3481 2052 3574 2106 τὸν
3605 2053 3804 2122 θρόνον

2204 2147 2454 2218 ἐκόσμει,
2477 2147 2678 2201 αὐτίκα
2727 2146 3043 2219 παρρησίαν
3075 2141 3231 2210 αὖθις
3257 2147 3284 2199 ό
3324 2146 3533 2217 Νήφων
3557 2144 3806 2216 ἀνελάμ⁹

2202 2241 2332 2295 ϐανε
2365 2240 2536 2310 μείζω
2592 2240 2689 2294 καὶ
2724 2240 2893 2304 πολὺς
2923 2241 2983 2294 ἐν
3026 2239 3309 2308 συλλόγοις
3360 2239 3454 2291 καὶ
3483 2239 3542 2291 ἐν
3567 2238 3805 2308 ἀγοραῖς

2199 2328 2290 2405 ἧν,
2319 2332 2449 2388 ἄλλο
2484 2348 2544 2387 τε
2583 2333 2737 2388 οὐδὲν
2781 2333 3056 2404 ἔπραττεν
3087 2333 3168 2387 ὅτι
3206 2331 3282 2404 μὴ
3321 2331 3499 2400 δόγμα
3534 2329 3804 2385 ἐκάστοτε

2197 2425 2494 2480 ἀνεκύκλει
2588 2426 2682 2479 τόν
2772 2443 2832 2479 τε
2924 2424 3194 2495 Ἐϐραίων
3300 2423 3806 2493 ἀποπροσεποιεῖτο

2199 2515 2334 2570 Θεόν
2365 2515 2501 2587 (78).
2530 2515 2644 2571 Καὶ
2675 2517 2746 2570 τά
2774 2532 2838 2583 γε
2874 2513 3099 2568 τοιαῦτα
3134 2512 3518 2584 ὲνεργολαδεῖν
3561 2510 3765 2582 ἢθελεν
3789 2526 3802 2539 ·

2200 2609 2376 2679 ἐφίλει
2403 2626 2462 2662 τε
2505 2608 2668 2662 αὐτὸν
2705 2608 3005 2679 ὑπερφυῶς
3052 2609 3080 2660 ό
3111 2607 3362 2678 Κοσμᾶς,
3402 2607 3497 2659 καὶ
3527 2601 3808 2674 ὁμιλητὴν

2198 2703 2376 2757 ἐποίει
2413 2703 2506 2755 τὸν
2539 2701 2849 2773 ἄνθρωπον,
2880 2703 2992 2756 τοῖς
3033 2716 3094 2753 τε
3140 2698 3266 2753 κατ’
3293 2697 3462 2752 αὐτοῦ
3497 2697 3560 2751 τὸ
3602 2695 3806 2766 πρότε-

2204 2812 2298 2868 ρον
2336 2791 2814 2863 ἐπεψηφισμένοις
2866 2790 3085 2846 ἀδικίαν
3108 2788 3411 2854 ἐπεκάλει,
3469 2787 3650 2841 καίτοι
3705 2789 3804 2842 καὶ

2198 2888 2323 2942 τότε
2364 2885 2434 2940 τά
2479 2886 2624 2954 ὑπὲρ
2658 2884 2754 2939 τοῦ
2797 2883 3091 2956 ἀνθρώπου
3138 2881 3661 2954 προπετευσάμενος
3701 2881 3807 2950 μὲν

2201 2977 2508 3047 πικρότατα
2541 2974 2587 3028 δ’
2619 2975 2770 3046 ὅμως
2804 2972 3232 3045 ἀποκρουσθεὶς,
3286 2972 3382 3026 καὶ
3427 2974 3529 3041 τῆς
3578 2988 3636 3024 τε
3669 2973 3804 3041 ἀρε-

2199 3069 2300 3140 τῆς
2322 3067 2486 3123 αὐτὸν
2520 3066 2830 3132 ἐπεθείαζε,
2857 3067 3082 3120 κάκεῖνο
3111 3067 3224 3128 τοῖς
3249 3063 3432 3134 λόγοις
3459 3062 3802 3135 προσετίθει,

2200 3164 2284 3217 ὅτι
2309 3163 2375 3233 δὴ
2406 3161 2678 3233 ἐτύγχανε
2707 3159 2888 3231 πολλῷ
2928 3160 3197 3232 πρότερον
3243 3159 3344 3230 τὴν
3374 3160 3433 3222 ἐς
3463 3157 3556 3210 τὸν
3600 3159 3803 3229 ἀρχιε-

2204 3256 2426 3329 ρατικδν
2472 3257 2663 3328 θρόνον
2717 3253 2988 3310 ἀνάϐασιν
3041 3254 3142 3324 ἤδη
3190 3253 3564 3324 προαγγεῖλας
3622 3252 3803 3324 αὐτῷ.

2203 3353 2319 3407 Οὐκ
2351 3352 2555 3423 ἧρεσκε
2590 3351 2765 3406 ταῦτα
2794 3352 2908 3414 τοῖς
2940 3349 3155 3412 πολλοῖς
3177 3365 3192 3380 ·
3219 3348 3344 3402 ὅθεν
3370 3347 3465 3401 καὶ
3492 3349 3541 3400 οἱ
3575 3347 3676 3416 μὲν
3700 3349 3807 3400 αὐ-

503 3437 843 3502 cohabitare,
876 3452 972 3506 per
997 3453 1057 3493 se
1083 3439 1280 3496 idonea
1314 3441 1450 3496 satis
1478 3449 1564 3497 est
1591 3445 1892 3500 accusatio.
1923 3465 1942 3498 ι
1972 3445 2099 3503 Haec

2203 3442 2334 3508 τῶν,
2363 3444 2478 3497 ὅσοι
2512 3442 2756 3513 δηλονότι
2789 3440 3050 3511 ἐκήδοντο
3085 3437 3180 3493 τοῦ
3221 3439 3443 3507 Κοσμᾶ,
3475 3437 3806 3508 προσιόντες

504 3535 559 3580 et
616 3526 810 3582 similia
863 3527 940 3582 illi
991 3529 1332 3598 ingerebant.
1384 3530 1488 3597 Qui
1540 3546 1669 3588 vero
1723 3535 2095 3602 patriarcham

504 3617 758 3682 oderant,
793 3615 1205 3674 obtestabantur
1245 3619 1450 3689 palam,
1502 3621 1966 3693 appellabantque
2002 3624 2099 3680 Dei

506 3717 563 3762 et
589 3709 937 3778 imperatoris
970 3708 1182 3765 oculos.
1211 3713 1275 3766 At
1302 3710 1394 3766 illc
1427 3711 1692 3781 neglectis
1729 3713 1797 3768 iis
1826 3715 2104 3770 mordicus

508 3799 821 3856 adhazrebat
850 3801 1118 3872 Niphoni;
1153 3818 1329 3873 neque
1358 3804 1524 3858 etiam
1557 3806 1601 3860 si
1633 3805 1766 3875 quid
1792 3806 2107 3863 immineret

508 3893 716 3957 damni,
744 3895 814 3949 ab
847 3909 913 3950 eo
950 3909 1007 3949 se
1038 3895 1222 3950 divelli
1261 3896 1574 3964 patiebatur
1605 3913 1618 3951 :
1652 3899 1796 3953 unde
1827 3913 1894 3954 ex
1936 3898 2105 3954 nimia

507 3985 880 4056 simplicitate,
908 3989 1108 4044 suimet
1143 3990 1368 4054 oblitus,
1413 4006 1637 4062 magnas
1678 3990 1912 4048 incurrit
1953 3993 2104 4048 cala-

509 4081 749 4134 mitates.
778 4079 987 4150 Quippe
1011 4097 1132 4136 cum
1168 4081 1444 4136 hominem
1471 4097 1684 4137 rursum
1711 4083 1916 4138 carceri
1952 4099 2106 4139 matt-

505 4172 677 4242 cipari
721 4173 1071 4243 praecepisset
1117 4174 1390 4244 princeps,
1455 4174 1819 4244 adessentquc
1865 4174 2101 4242 ducturi,

508 4271 684 4336 primo
706 4267 922 4335 quidem
955 4269 1097 4324 haud
1121 4268 1346 4322 multum
1372 4266 1545 4322 abfuit
1576 4269 1704 4337 quin
1735 4269 2104 4339 patriarcham

508 4373 612 4412 vox
655 4360 931 4415 deﬁceret.
981 4360 1224 4416 Collecto
1269 4362 1486 4417 dentom
1536 4363 1752 4431 spiritu,
1798 4363 1868 4420 ad
1918 4363 2104 4433 templi

511 4466 685 4519 usque
710 4449 853 4505 fores
880 4467 1224 4521 progressus,
1265 4467 1292 4506 a
1322 4454 1622 4509 satellitum
1667 4455 1916 4509 manibus
1943 4470 2110 4510 cona-

515 4555 602 4596 tus
626 4552 710 4598 est
743 4543 1018 4608 avellere;
1068 4559 1302 4614 cumque
1349 4547 1686 4602 rcluctarent
1736 4547 1796 4613 ii,
1843 4564 1946 4604 una
1980 4566 2102 4605 cum

511 4619 602 4691 illo
633 4639 716 4706 agi
749 4639 802 4691 in
834 4651 1111 4691 carcerem
1140 4638 1374 4694 volebat.
1407 4637 1536 4694 Inde
1570 4641 1742 4695 enata:
1770 4639 1824 4694 in
1859 4640 2107 4697 Ecclesia

509 4728 912 4793 contentiones,
959 4728 1076 4796 ipso
1123 4726 1318 4783 Cosma
1360 4731 1414 4783 in
1446 4731 1712 4800 judicium
1755 4741 1972 4800 vocato,
2004 4748 2106 4788 nec

2206 3536 2301 3589 ἐπὶ
2335 3534 2556 3606 σχολῆςο
2597 3551 2618 3586 ι
2651 3533 2717 3586 Τί
2761 3531 2986 3602 δήποτε,
3034 3523 3361 3600 ἐφασκον,ὧ
3409 3529 3520 3583 θεῖε
3569 3527 3803 3599 ποιμὴν,

2203 3627 2355 3696 λύκῳ
2403 3625 2684 3688 πιστεύεις
2729 3624 2960 3690 ἐαυτόν;
2993 3624 3066 3678 Ἢ
3109 3622 3210 3676 οὐκ
3260 3618 3408 3684 οίδας
3458 3620 3533 3684 ὡς
3566 3619 3807 3672 ὑποϐλέ-

2206 3717 2368 3773 πεταί
2404 3736 2463 3771 σε
2509 3717 2600 3772 διὰ
2629 3717 2791 3771 τοῦτο
2826 3716 2890 3770 τὸ
2927 3715 3218 3786 ποίμνιονς
3281 3714 3660 3786 ’Λπορράγηθι
3697 3715 3807 3782 τῆς

2205 3809 2300 3865 τοῦ
2329 3809 2608 3879 λυμεῶνος
2658 3807 2969 3873 ξυναυλίας.
2995 3806 3183 3878 Ἀνδρὶ
3212 3807 3322 3877 γάρ
3346 3806 3642 3877 ἀποελήτῳ
3671 3805 3806 3871 ξυν-

2203 3901 2512 3967 οικίζεσθαι
2594 3900 2884 3971 αὐτάρκης
2932 3899 3263 3970 κατηγορία.
3304 3917 3323 3950 ι
3360 3899 3421 3951 0i
3473 3896 3572 3966 μὲν
3622 3896 3826 3950 ταῦτα’

2205 3999 2303 4052 καὶ
2328 3996 2555 4049 τοιαῦτα
2582 3995 2767 4062 ἔλεγον
2791 4009 2807 4025 ·
2856 3996 3001 4055 ὅσοις
3030 3992 3087 4046 δέ
3117 3992 3184 4046 δι’
3218 3991 3520 4062 ἀπεχθείας
3553 3993 3581 4044 ό
3609 3994 3808 4061 ἀρχιε-

2211 4089 2339 4162 ρεὺς
2366 4083 2455 4157 ἦν,
2487 4084 2804 4139 ἀπεϐοῶντο
2832 4083 3134 4156 διαρρήδην
3184 4082 3552 4136 ἐπεκαλοῦντό
3584 4099 3641 4135 τε
3672 4083 3808 4146 τοὺς

2205 4179 2344 4234 Θεοῦ
2371 4177 2465 4231 καὶ
2502 4176 2767 4248 βασιλέως
2805 4173 3144 4244 ὀφθαλμούς.
3187 4174 3246 4227 '0
3275 4173 3330 4226 δὲ
3371 4173 3508 4227 ἀλλά
3551 4173 3662 4226 τῶν
3701 4173 3807 4243 μὲν

2207 4269 2490 4342 ὀλιγώρως
2541 4266 2657 4340 εἶχε
2719 4268 3061 4332 παντάπασι,
3097 4265 3192 4320 τοῦ
3237 4266 3295 4319 δὲ
3329 4266 3602 4336 Νήφωνος
3631 4266 3812 4337 ἀπρὶξ

2209 4363 2408 4433 εἴχετο,
2435 4361 2546 4414 οὐδ’
2581 4360 2649 4414 ἂν
2681 4361 2733 4415 εί
2761 4377 2815 4413 τι
2846 4359 2942 4412 καὶ
2971 4359 3184 4428 γένοιτο
3229 4358 3573 4411 ἀποκλᾶσθαι
3610 4360 3810 4428 ἤθελεν

2210 4452 2413 4510 αὐτοῦ·
2448 4453 2641 4524 ἀμέλει
2670 4454 2763 4506 καὶ
2793 4451 2986 4506 ἐλαθεν
3030 4451 3226 4505 ἑαυτὸν
3266 4454 3333 4522 τῇ
3369 4451 3496 4505 λίαν
3530 4451 3809 4522 ἁπλότητι

2211 4549 2269 4601 ἐν
2297 4545 2358 4601 οὐ
2403 4542 2653 4615 μετρίοις
2701 4541 3024 4614 ζημιωθείς.
3071 4543 3230 4596 Ἐπεὶ
3275 4542 3410 4611 γοῦν
3457 4561 3609 4609 ποτε,
3643 4543 3813 4614 βασι-

2213 4641 2355 4702 λέως
2377 4637 2735 4694 κελεύσαντος
2769 4637 2961 4707 εἱρκτῇ
3019 4637 3112 4688 καὶ
3137 4635 3294 4699 αὖθις
3333 4636 3556 4706 δοθῆναι
3588 4639 3679 4691 τὸν
3707 4638 3810 4691 άν-

2215 4735 2458 4806 θρωπον,
2519 4732 2776 4802 παρῆσαν
2830 4731 2881 4785 οί
2941 4729 3134 4784 τοῦτον
3189 4729 3518 4796 ἀπάξοντες,
3578 4731 3637 4784 τὸ
3697 4732 3808 4801 μὲν

510 4831 638 4873 ante
677 4820 744 4873 ab
788 4820 1118 4887 ejuscemodi
1156 4820 1481 4878 tumultibus
1525 4822 1753 4879 liberata
1791 4833 1896 4888 cst,
1937 4841 2098 4894 quam

2210 4826 2427 4897 πρῶτον
2464 4823 2664 4897 μικροῦ
2709 4823 2806 4878 καὶ
2848 4823 2928 4886 εἰς
2962 4822 3205 4893 ἀφασίαν
3236 4823 3632 4890 ἐξεπεπτώκει,
3664 4825 3806 4877 ἀνα-

511 4924 570 4962 sc
592 4909 910 4980 Byzantium
947 4910 1242 4979 imperator
1276 4913 1502 4983 recepit,
1529 4929 1690 4984 quem
1723 4917 1790 4970 ad
1827 4916 1968 4971 hanc
2003 4933 2096 4972 us-

511 5019 617 5070 que
662 5003 804 5058 diem
846 5019 932 5059 res
976 5004 1185 5061 bellicae
1234 5007 1604 5063 detinuerant.
1644 5008 1783 5062 Tum
1823 5011 1966 5064 enim
2009 5011 2100 5067 ille

515 5096 714 5151 throno
755 5095 980 5156 excidit.
1010 5111 1076 5151 eo
1106 5112 1263 5166 quem
1299 5114 1419 5153 mox
1471 5100 1715 5156 dicturus
1753 5117 1871 5156 sum
1915 5103 2096 5158 modo.

513 5187 586 5239 At
629 5184 863 5254 primum
909 5188 1124 5257 quidem
1171 5190 1464 5260 separatim
1509 5192 1766 5262 praesules
1806 5192 2096 5260 allocutus,

2206 4919 2504 4985 λεξάμενος
2533 4918 2591 4971 δὲ
2627 4918 2822 4970 ἐαυτὸν
2848 4917 2986 4984 πεζῇ
3031 4935 3089 4970 τε
3121 4915 3286 4986 μέχρι
3317 4918 3411 4969 καὶ
3441 4917 3536 4968 ἐπὶ
3563 4917 3663 4988 τὴν
3693 4915 3760 4968 αὖ

2208 5011 2322 5065 λιον
2343 5009 2438 5063 τοῦ
2465 5007 2572 5062 νεὼ
2599 5007 2888 5078 παρελθὼν
2921 5009 3178 5078 ἀποσπᾷν
3210 5009 3484 5078 ἐπεχείρει
3510 5008 3620 5060 τῶν
3649 5009 3806 5061 ἀπα-

2208 5101 2415 5170 γόντων
2439 5101 2530 5155 τὸν
2555 5099 2865 5169 ἄνθρωπον.
2903 5098 3026 5153 Τῶν
3065 5100 3121 5152 δὲ
3155 5100 3254 5152 ούκ
3285 5099 3602 5153 ἐνδιδόντων
3635 5100 3808 5166 ξυνα-

2208 5193 2484 5262 πάγεσθαι
2514 5191 2691 5263 τούτῳ
2714 5194 2814 5261 τὴν
2844 5192 2935 5245 ἐπὶ
2961 5191 3064 5263 τὴν
3103 5192 3330 5265 εἱρκτὴν
3373 5192 3560 5263 ἤθελε.
3593 5193 3804 5260 Στάσις

1883 5310 1982 5373 Du
2012 5311 2237 5392 Cangii
2267 5317 2458 5374 nota).

591 5410 709 5482 (77)
735 5412 946 5482 Κρίσει
976 5429 1041 5467 τε
1075 5413 1400 5481 συνοδικῇ.
1425 5413 1655 5468 Exstant
1684 5413 1824 5483 apud
1861 5413 2099 5470 Leonem

515 5482 797 5546 Allatitnn,
860 5487 896 5555 l.
952 5500 991 5539 ll
1050 5485 1127 5539 De
1181 5483 1556 5555 eccl.,Ot-cid.
1604 5494 1660 5538 ct
1693 5482 1904 5541 Orient.
1944 5501 2100 5555 perp.

517 5567 696 5626 c_ons.,
726 5570 777 5626 c.
812 5554 900 5620 12,
935 5570 988 5621 p.
1025 5555 1151 5622 678,
1181 5554 1465 5626 synodalia
1511 5555 1736 5626 decreta,
1771 5555 1885 5626 lata
1914 5554 2102 5611 mense

519 5622 740 5677 Octobri
795 5640 887 5678 an.
928 5627 1070 5682 1144
1099 5638 1154 5680 et
1185 5622 1376 5683 mense
1405 5625 1571 5680 Febr.
1602 5625 1742 5678 1145
1778 5642 1806 5678 a
1837 5625 2101 5681 Michaele

520 5692 831 5758 patriarcha
877 5696 974 5767 Cp.
1036 5701 1087 5750 in
1121 5695 1428 5767 Niphont-nt
1483 5695 1829 5767 Bogontilicm
1877 5697 2101 5750 haeresis

521 5774 697 5839 reum,
736 5763 1156 5839 quohlectorvm
1191 5763 1596 5824 'atttztntlatntts.
1652 5763 1790 5822 Vide
1833 5777 2097 5839 pt'wlcrca

522 5826 725 5886 Novam
758 5832 1018 5890 Biblioth.
1059 5836 1285 5903 Labbci,
1315 5855 1366 5906 p.
1401 5839 1518 5894 l‘JU.

2286 5414 2401 5485 (78)
2447 5415 2563 5469 Τόν
2613 5433 2678 5469 τε
2733 5414 3024 5485 Ἐϐραίων
3053 5415 3594 5484 ἀποπροσεποιεῖτο
3621 5415 3801 5471 Θεόν.

2205 5485 2336 5541 Inde
2368 5487 2712 5555 potissimum
2748 5488 2815 5539 de
2869 5487 3130 5555 religione
3165 5504 3328 5554 prave
3361 5488 3569 5540 sentire
3600 5488 3808 5552 depre—

2207 5561 2413 5612 hensus
2449 5566 2534 5611 est
2564 5557 2805 5626 Niph'on,
2848 5557 2990 5620 quod
3023 5560 3276 5610 adstante
3305 5557 3564 5610 universo
3596 5556 3798 5626 synodi

2207 5639 2354 5682 οωιιι
2403 5627 2657 5694 ἀνάθεμα
2705 5627 2786 5697 τῷ
2842 5627 2963 5696 Θεῷ
3021 5627 3133 5680 τῶν
3204 5628 3479 5696 Ἐϐραίων
3510 5626 3799 5680 οίῘιιιίετίί.

2208 5699 2416 5768 Synod.
2446 5713 2536 5751 an.
2566 5697 2736 5768 HM.
2757 5697 2888 5764 Quis
2915 5707 3092 5768 autem
3124 5698 3459 5750 llebrtt‘orum
3492 5697 3627 5750 Deus
3651 5698 3806 5750 dica-

2212 5767 2340 5827 tur,
2388 5768 2510 5840 vide
2572 5767 2874 5840 Arnobiunt
2928 5767 3200 5840 iuniorem
3271 5770 3322 5823 in
3377 5769 3806 5825 Conﬂictucutu

2209 5839 2505 5902 Serapione
2537 5840 2572 5894 l.
2609 5855 2622 5893 ι
2657 5839 2830 5895 initio.
