4058 6412
465 345 576 408 337

1780 340 2107 403 JOANNIS
2146 338 2480 405 (ῙῙΝΝΑΜῘ

3642 337 3756 402 3⁸38

461 459 555 530 qui
590 466 830 513 veterem
872 448 1334 512 circumﬁabitant
1373 454 1633 519 Romam,
1676 453 1970 525 Brittiique
2009 462 2066 510 et

2173 456 2269 511 ὅσα
2336 455 2436 526 τὴν
2500 452 2741 509 παλαιὰν
2801 451 3212 523 ἀμφινέμονται
3292 450 3541 523 Ῥώμην,
3599 453 3769 525 Βρετ-

461 548 733 615 Britanni,
796 557 963 618 atque
1021 548 1164 604 adeo
1220 548 1493 603 universa:
1551 547 1868 604 Occidentis
1918 550 2067 604 vires

462 651 775 699 moverunt.
834 641 1028 697 Tantae
1075 640 1444 711 expeditionis
1494 639 1549 695 in
1604 641 1842 711 speciem
1894 657 2064 699 causa

462 735 581 791 haec
609 734 905 799 ferebatur,
938 742 1000 789 ut
1029 748 1098 789 ex
1140 731 1357 802 Europa
1405 733 1459 787 in
1502 732 1691 788 Asiam
1720 732 2067 804 trajicerent,

462 828 901 897 dimicarentque
924 842 1050 882 cum
1082 827 1262 882 obviis
1294 823 1503 891 Persis,
1535 825 1771 896 indeque
1803 826 1856 880 in
1888 824 2069 881 Pala-

462 922 664 975 stinam
701 919 1121 983 contenderent,
1156 917 1415 989 templum
1452 917 1792 972 Dominicum
1832 917 2066 987 locaque

464 1022 821 1070 sacrosancta
858 1012 1167 1068 lustraturi.
1203 1010 1473 1067 Caeterum
1501 1025 1631 1065 vera
1665 1010 1826 1081 hujus
1850 1009 2070 1081 profec-

464 1105 632 1161 tionis
677 1120 839 1160 causa
876 1103 1002 1170 fuit,
1038 1112 1102 1159 ut
1142 1104 1197 1159 in
1233 1102 1463 1158 transitu
1510 1102 1880 1157 Romanorum
1923 1100 2069 1157 infe-

462 1205 677 1252 starent
720 1211 903 1266 agros,
939 1205 994 1250 et
1035 1194 1194 1250 obvia
1242 1205 1473 1264 quaeque
1519 1202 1848 1249 everterent.
1903 1190 2070 1247 Innu-

462 1304 651 1344 mcrus
695 1296 878 1343 autem
928 1286 1144 1341 illorum
1190 1294 1312 1341 erat
1356 1284 1655 1341 exercitus.
1702 1286 1773 1338 At
1819 1283 1908 1338 ubi
1953 1283 2071 1353 jam

463 1380 745 1450 proximos
793 1393 914 1434 esse
962 1377 1350 1448 Hungarorum
1403 1377 1604 1433 finibus
1648 1377 1870 1433 rescivit
1916 1378 2072 1448 prin-

463 1487 635 1542 ceps,
705 1471 1044 1528 Demetrium
1091 1470 1383 1541 quemdam
1441 1471 1952 1536 Macrembolitem,
2016 1478 2072 1524 et

462 1563 833 1617 Alexandrum
867 1572 1030 1634 gente
1058 1560 1277 1628 Italum,
1310 1560 1564 1618 Gravina:
1604 1563 1839 1617 civitatis
1871 1560 2072 1616 Italica

465 1654 597 1710 olim
628 1653 909 1719 comitem,
947 1654 1151 1724 quique
1180 1670 1210 1709 a
1251 1654 1453 1710 Sicilia:
1484 1664 1714 1727 tyranno
1745 1669 1869 1709 cum
1914 1667 2071 1708 com-

465 1747 715 1817 pluribus
756 1747 874 1803 aliis
914 1748 1354 1817 possessionibus
1386 1747 1500 1802 suis
1539 1759 1760 1811 exutus,
1796 1749 1864 1801 ad
1897 1746 2070 1815 impe-

2167 547 2274 601 τιοί
2306 546 2421 619 (8|)
2452 563 2515 600 τε
2544 546 2637 601 καὶ
2671 544 2933 618 Βρετανοὶ
2964 546 3060 598 καὶ
3103 544 3253 599 ἄπαν
3284 544 3474 609 ἁπλῶς
3512 544 3574 599 τὸ
3601 546 3769 602 ἐσπέ-

2169 657 2286 712 ριον
2317 639 2609 711 ἐκεκίνητο
2654 638 2881 710 κράτος,
2916 637 3064 705 λόγῳ
3108 635 3211 707 μὲν
3256 635 3338 707 τῷ
3378 637 3662 710 προχείρῳ
3694 639 3772 703 ὡς

2167 732 2230 798 ἐξ
2266 733 2543 804 Εὐρώπης
2572 733 2667 786 ἐπὶ
2688 732 2790 803 τὴν
2832 732 3018 785 Ἀσίαν
3050 730 3409 803 διαϐήσονται
3442 731 3688 803 Πέρσαις
3712 750 3773 785 τε

2171 826 2551 897 μαχησόμενοι
2570 826 2684 888 τοῖς
2713 823 2867 895 παρά
2896 823 3065 889 πόδας
3092 824 3189 876 καὶ
3216 824 3311 877 τὸν
3335 824 3395 876 ἐν
3430 823 3775 897 Παλαιστίνῃ

2170 917 2620 989 καταληψόμενοι
2654 914 2793 970 νεὼν
2827 916 3031 981 τόπους
3072 931 3134 970 τε
3167 916 3295 982 τοὺς
3322 915 3511 987 ἱεροὺς
3539 916 3771 987 ιστορή-

2172 1027 2387 1075 σοντες,
2414 1012 2482 1082 τῇ
2516 1026 2582 1079 γε
2627 1009 2737 1081 μὴν
2768 1007 3002 1080 ἀληθείᾳ
3046 1008 3125 1071 ὡς
3152 1009 3254 1079 τήν
3304 1024 3367 1061 τε
3399 1008 3591 1080 χώραν
3629 1008 3774 1062 Ῥω-

2174 1105 2352 1175 μαίων
2391 1103 2453 1169 ἐξ
2504 1102 2698 1173 ἐφόδου
2722 1102 3049 1167 καθέξοντες
3091 1102 3188 1156 καὶ
3218 1100 3288 1155 τὰ
3332 1102 3393 1155 ἐν
3440 1102 3571 1155 ποσὶ
3599 1117 3775 1155 κατα-

2172 1197 2520 1268 στρέψοντες.
2588 1190 2701 1249 Ἦν
2771 1194 2831 1248 δέ
2897 1194 3087 1258 αὐτοῖς
3150 1195 3186 1265 ἡ
3233 1194 3470 1264 στρατιὰ
3530 1192 3774 1264 ἀριθμοῦ

2171 1287 2467 1357 κρείσσων.
2499 1285 2772 1350 Βασιλεὺς
2817 1285 2877 1339 δὲ
2919 1284 3111 1356 ἐπειδὴ
3154 1284 3389 1354 ἄγχιστα
3429 1284 3538 1338 τῶν
3583 1283 3777 1339 Οὺννι-

2172 1380 2287 1433 κῶν
2345 1379 2514 1451 ὁρίων
2568 1379 2856 1448 γεγονέναι
2904 1377 3142 1432 ἐπύθετο
3196 1376 3444 1443 τούτους,
3510 1376 3777 1443 πρέσϐεις

2175 1471 2394 1526 ἔστελλε
2421 1470 2484 1544 [Ρ
2522 1470 2976 1544 58],Δημήτριόν
3028 1471 3093 1525 τι
3133 1488 3259 1525 τινα
3307 1469 3779 1542 Μακρεμὸολίτην

2173 1565 2269 1619 καὶ
2329 1564 2685 1635 Ἀλέξανδρον
2716 1564 2831 1637 (82)
2871 1564 3042 1632 ἄνδρα
3086 1563 3293 1617 Ἰταλὸν
3348 1563 3449 1633 μὲν
3473 1565 3536 1615 τὸ
3592 1562 3776 1631 γένος,

2172 1656 2450 1729 Γραϐίνης
2504 1657 2563 1711 δέ
2611 1657 2822 1720 πόλεως
2877 1655 3149 1727 Ἰταλικῆς
3202 1652 3429 1726 κόμητα
3481 1655 3775 1724 γεγονότα,

2174 1750 2311 1818 πρός
2342 1767 2400 1803 τε
2430 1750 2525 1804 τοῦ
2554 1750 2812 1814 Σικελίας
2839 1750 3110 1820 τυράννου
3154 1749 3274 1821 ἅμα
3314 1748 3563 1803 πλείοσιν
3593 1747 3780 1811 ἄλλοις

467 1851 701 1894 ratorem
744 1841 846 1894 hac
897 1840 964 1894 de
1006 1853 1171 1895 causa
1222 1839 1540 1905 transierat,
1592 1838 1803 1909 legatos
1844 1837 2056 1892 mittit:

2174 1812 2273 1911 τῆς
2292 1812 2367 1894 Ϋτε
2398 1841 2575 1913 ἀρχῆς
2615 1812 3060 1895 ἀποὸιδασόέντα
3110 1812 3208 1895 καί
3245 1839 3459 1907 βασιλεῖ
3486 1839 3576 1894 διά
3614 1840 3778 1893 τοῦτο

465 1931 569 1986 hoc
590 1932 716 1986 dato
746 1932 799 1985 in
835 1931 1131 1994 mandatis,
1162 1939 1223 1984 ιιι
1248 1944 1440 2008 conum
1469 1938 1705 1984 mentem
1744 1928 2061 1999 diligentius

2178 1929 2481 2001 αὐτόμολον
2530 1930 2822 1999 γεγονότα.
2893 1929 3149 1984 Ἐκέλευε
3204 1930 3262 1983 δέ
3306 1930 3409 2001 τῆς
3449 1947 3509 1984 τε
3548 1929 3780 2000 γνώμης

463 2024 847 2094 explorarent;
878 2032 933 2079 et
962 2024 1007 2078 si
1039 2022 1094 2077 in
1123 2021 1499 2077 Romanorum
1527 2022 1792 2077 damnum
1818 2023 2066 2078 dicerent

2175 2024 2666 2095 ἀποπειράσασοαι
2733 2023 2914 2094 σφῶν,
2954 2024 3051 2077 καὶ
3074 2026 3190 2093 εἷγε
3219 2026 3297 2096 μὴ
3327 2024 3423 2078 ἐπὶ
3446 2024 3526 2095 τῷ
3552 2022 3779 2096 πονηρῷ

462 2131 571 2174 non
602 2132 662 2174 se
686 2118 992 2183 advenisse,
1018 2117 1070 2172 id
1097 2116 1463 2172 sacramentis
1491 2114 1828 2172 allirmarent
1854 2135 1869 2172 :
1901 2116 2066 2188 legat]

2190 2116 2479 2188 Ῥωμαίων
2517 2117 2770 2188 ἣκουσιν,
2803 2118 2989 2186 ὅρκοις
3022 2116 3088 2171 τὸ
3116 2120 3355 2189 πρᾶγμα
3400 2117 3678 2189 βεϐαιοῦν.
3712 2116 3777 2171 Οἳ

464 2211 635 2282 igitur
668 2213 734 2266 ad
760 2210 1127 2265 Barliarorum
1162 2209 1327 2265 duces
1358 2208 1628 2280 perducti,
1672 2209 1729 2264 in
1770 2210 1914 2265 hunc
1950 2224 2066 2265 nio-

2178 2211 2273 2264 καὶ
2302 2209 2493 2281 ἐπειδὴ
2523 2210 2615 2264 ἐπὶ
2630 2210 2759 2274 τοὺς
2791 2210 2901 2264 τῶν
2924 2208 3229 2281 Βαρϐάρων
3259 2210 3467 2264 τούτων
3499 2209 3777 2281 ἡγεμόνας

468 2304 593 2359 dum
616 2303 780 2359 verba
810 2302 1059 2359 fecerunt
1090 2319 1105 2357 :
1144 2322 1163 2355 ι
1205 2302 1411 2358 Bellum
1438 2317 1547 2358 non
1572 2301 1837 2359 indictum
1865 2302 2066 2358 inferre

2177 2297 2369 2374 ἦλθον,
2402 2302 2599 2369 ἔλεξαν
2623 2302 2751 2356 τάδε
2779 2317 2795 2335 ·
2823 2320 2843 2355 ι
2866 2303 3206 2374 Ἀκήρυκτον
3232 2303 3473 2374 πόλεμον
3498 2303 3656 2371 ἄγειν
3682 2302 3779 2355 ἐπὶ

462 2397 533 2458 iis
559 2397 651 2465 qui
682 2395 881 2450 nullam
909 2395 1166 2464 injuriam
1198 2393 1466 2461 fecerunt,
1493 2394 1623 2449 nulli
1654 2395 1939 2450 hominum
1968 2405 2061 2450 aut

2176 2393 2306 2458 τοὺς
2343 2394 2510 2466 μηδὲν
2544 2392 2903 2464 ἠδικηκότας,
2940 2393 3067 2449 οὔτε
3107 2396 3256 2450 ὅσιον
3300 2394 3427 2450 οὔτε
3461 2394 3640 2460 ἄλλως
3682 2395 3778 2449 εύ-

466 2498 717 2543 sanctum
752 2503 995 2559 unquam
1038 2486 1161 2553 fuit,
1199 2498 1293 2542 aut
1333 2490 1638 2544 decorum:
1674 2490 1914 2544 maxime
1948 2491 2066 2560 qui-

2181 2488 2395 2557 πρεπές
2433 2486 2747 2557 ἀνθρώποις
2793 2486 2914 2539 ἐστὶ
2963 2487 3157 2555 γένους
3198 2505 3258 2540 τε
3308 2488 3638 2559 περιφανείᾳ
3682 2488 3782 2544 καὶ

466 2581 568 2636 bus
619 2581 917 2638 nobilitatis
965 2590 1019 2636 et
1068 2581 1327 2652 potentiae
1378 2580 1597 2635 abunde
1644 2590 1749 2636 est.
1807 2580 1869 2637 Si
1917 2583 2064 2637 enim

2180 2578 2467 2649 δυνάμεως
2506 2579 2800 2651 περιουσίᾳ
2831 2579 3075 2649 μάλιστα
3125 2580 3513 2653 κεχρημένοις.
3558 2581 3780 2635 Νικῶν-

467 2674 688 2728 vincere
724 2673 844 2728 illos
889 2673 1196 2744 contingat,
1254 2670 1560 2727 fortitudini
1602 2688 1709 2728 non
1767 2674 2073 2730 ascrtbctur

469 2766 722 2821 victoria.
758 2767 987 2833 Contra,
1030 2769 1075 2823 si
1122 2766 1248 2823 victi
1305 2767 1531 2834 fuerint,
1568 2782 1675 2821 non
1725 2782 1825 2835 pro
1867 2768 2075 2823 virtute

470 2859 726 2930 periculis
747 2860 861 2932 68
894 2874 1012 2915 sese
1049 2858 1321 2931 objecisse
1347 2858 1758 2915 iudicabuntur.
1785 2858 1894 2915 Res
1918 2868 2074 2916 utra-

469 2965 577 3020 que
607 2949 746 3004 infra
777 2950 994 3006 laudent
1029 2959 1133 3005 est.
1170 2949 1337 3006 Vobis
1362 2958 1545 3005 autem
1571 2966 1675 3006 non
1702 2950 1860 3007 aliter
1888 2951 2074 3008 licebit

469 3042 684 3099 calcare
714 3042 1084 3099 Romanorum
1126 3052 1325 3108 terras,
1372 3058 1534 3113 quam
1571 3042 1675 3098 fide
1708 3044 1946 3114 primum
1984 3043 2073 3099 in-

2180 2688 2274 2735 τες
2305 2672 2435 2743 γὰρ,
2468 2671 2535 2725 ἃν
2566 2671 2711 2726 οὕτω
2739 2672 2916 2745 τύχοι,
2942 2672 3005 2727 ού
3046 2673 3145 2728 σὺν
3190 2674 3420 2746 ἀνδρείᾳ
3464 2674 3775 2745 νικήσουσι,

2182 2762 2279 2817 καὶ
2323 2762 2635 2834 ἡσσώμενοι
2688 2763 2790 2834 οὐχ
2851 2763 2993 2835 ὑπὲρ
3042 2764 3247 2835 ἀρετῆς
3303 2764 3775 2820 κινδυνεύσουσιν.

2187 2858 2391 2929 Ἄμφω
2418 2856 2475 2912 δὲ
2518 2857 2623 2910 οὐκ
2652 2858 2937 2913 ἐπαινετά.
2987 2858 3149 2930 Ὑμῖν
3174 2858 3233 2913 δὲ
3273 2860 3395 2914 οὐδὲ
3436 2858 3613 2926 ἄλλως
3653 2859 3773 2926 ἐξέ-

2183 2964 2310 3002 σται
2350 2949 2453 3020 γῆν
2478 2948 2577 3020 τὴν
2612 2950 2901 3020 Ῥωμαίων
2931 2953 3126 3005 πατεῖν
3149 2952 3225 3023 μὴ
3262 2952 3531 3023 πρότερον
3561 2951 3779 3017 πίστεις

2187 3044 2323 3114 περὶ
2345 3043 2441 3097 τοῦ
2466 3043 2635 3111 μηδὲν
2690 3043 2973 3116 ἀδικήσειν
3000 3045 3305 3110 δεδωκότας
3337 3045 3569 3117 βασιλεῖ.
3609 3047 3777 3100 Ὥστε

470 3137 756 3205 terposita,
781 3137 992 3191 nullam
1022 3150 1119 3191 vos
1141 3134 1404 3204 jujuriam
1442 3135 1765 3204 imperatori
1805 3135 2066 3192 illaturos.

2184 3137 2236 3190 εί
2270 3136 2347 3208 μὴ
2376 3135 2701 3206 ψευδορκείν
2738 3135 3011 3205 μέλλοιτε,
3043 3136 3098 3189 τί
3130 3136 3206 3208 μὴ
3229 3137 3285 3189 ἐν
3314 3136 3395 3208 τῷ
3425 3137 3667 3209 ἐμφανεῖ
3681 3138 3778 3191 τὶν

468 3228 672 3296 Quodsi
702 3228 1059 3298 jurejurando
1094 3238 1242 3283 stare
1286 3226 1632 3294 decrevistis,
1676 3242 1776 3282 cur
1799 3241 1905 3282 non
1938 3242 2068 3297 pro-

467 3323 647 3392 palam
694 3323 895 3377 bellum
942 3321 1166 3393 geritis?
1213 3336 1337 3375 cum
1387 3319 1650 3375 Romanis
1690 3320 1835 3375 enim
1880 3318 1965 3375 vel
2001 3334 2071 3375 ex

468 3415 764 3484 improviso
813 3415 1122 3484 depugnare
1178 3413 1544 3481 periculosum
1599 3424 1689 3469 est
1732 3432 1747 3471 :
1798 3413 1882 3469 sin
1933 3413 2067 3469 illud

419 3526 423 3531 -
467 3508 630 3559 etiam
669 3519 791 3559 cum
835 3503 1077 3573 perjurio
1113 3504 1220 3558 illis
1256 3502 1493 3569 infertis,
1530 3504 1704 3559 multo
1740 3515 1890 3560 certe
1935 3519 2063 3575 gra-

467 3596 591 3651 vius
619 3597 772 3651 nefas
816 3596 962 3663 erit;
1007 3595 1166 3665 cujus
1195 3594 1363 3651 Deum
1397 3603 1453 3650 et
1480 3595 1855 3651 Romanorum
1886 3611 2065 3662 arma,

469 3687 710 3741 vindicta
741 3685 1031 3756 spectabit.
1060 3684 1130 3739 At
1158 3686 1206 3740 si
1241 3693 1425 3741 vestra
1465 3686 1681 3742 sincera
1714 3696 1797 3743 est
1821 3687 2067 3743 amicitia

469 3786 527 3830 et
556 3776 703 3831 nullo
739 3775 919 3831 fucata
955 3775 1099 3839 dolo,
1140 3775 1503 3831 sacramentis
1536 3791 1659 3832 eam
1686 3778 2068 3833 conﬁrmanti-

468 3864 597 3933 bus,
630 3865 783 3921 vobis
810 3867 1081 3935 integrum
1114 3865 1221 3919 erit
1252 3874 1312 3920 ιιι
1342 3866 1534 3922 amicis
1564 3866 1669 3921 iter
1698 3884 1795 3938 per
1833 3868 2067 3927 ditiones

468 3955 654 4012 facere
689 3956 871 4026 magni
920 3956 1297 4026 imperatoris,
1332 3958 1698 4030 bospitiisque
1732 3969 1795 4015 ut
1828 3974 1929 4031 par
1957 3975 2065 4030 est,

466 4055 634 4117 atque
681 4046 785 4101 alia
833 4047 1028 4117 quavis
1076 4047 1414 4119 benignitate
1456 4046 1590 4103 frui.
1649 4067 1670 4103 ι
1734 4048 1861 4105 Haec
1907 4051 2067 4123 legati

464 4139 678 4195 dixere.
734 4136 814 4192 Illi
871 4149 1054 4195 autem
1103 4154 1319 4205 omnes,
1371 4156 1493 4196 cum
1545 4140 1601 4196 in
1650 4142 2066 4200 tabernaculum

462 4230 707 4286 Conradi
748 4230 1178 4286 Alemannorum
1224 4230 1369 4302 regis
1412 4233 1824 4301 convenissent,
1861 4246 1923 4290 ut
1970 4236 2064 4307 qui

465 4320 617 4381 inter
655 4319 1034 4378 Occidentales
1070 4322 1321 4377 nationes
1356 4321 1660 4393 principem
1697 4324 1879 4381 locum
1916 4326 2063 4383 obti-

2183 3231 2427 3300 πόλεμον
2460 3231 2667 3299 ἄγετες
2720 3228 3020 3298 Ῥωμαίοις
3052 3228 3162 3301 γὰρ
3192 3229 3288 3284 καὶ
3328 3232 3394 3284 ἐκ
3432 3228 3529 3283 τοῦ
3569 3229 3779 3294 εὐθέως

2176 3321 2599 3393 διαρυήχεσθαι,
2653 3320 2894 3390 χαλεπὸν
2927 3321 3057 3388 ὑμῖν
3097 3320 3277 3375 ἐσται.
3336 3322 3399 3375 Εί
3433 3321 3491 3376 δὲ
3542 3324 3638 3376 καὶ
3674 3320 3779 3375 σὺν

2175 3414 2438 3485 ἐπιορκία
2467 3413 2562 3467 τὸν
2593 3413 2717 3468 κατ’
2756 3413 2942 3469 αὐτῶν
2980 3413 3269 3485 διαφέρετε
3304 3414 3573 3486 πόλεμον,
3592 3412 3777 3486 πολλῷ

2172 3502 2237 3575 δὴ
2268 3503 2656 3576 χαλεπώτερον
2680 3523 2692 3536 ο
2736 3502 2856 3573 Θεῷ
2886 3505 2995 3575 γὰρ
3028 3503 3122 3557 καὶ
3167 3506 3237 3576 τῇ
3293 3503 3582 3575 Ῥωμαίων
3627 3504 3779 3576 ίσχύῐ

2170 3598 2432 3667 πολεμεῖν
2463 3596 2716 3650 λείπεται
2752 3596 2922 3667 ὑμᾶς.
2962 3596 3025 3649 El
3050 3596 3108 3650 δὲ
3141 3599 3235 3651 καὶ
3276 3596 3527 3667 ἀληθίζει
3570 3596 3633 3651 τὸ
3680 3598 3775 3667 φί-

2171 3689 2288 3743 λιον
2316 3690 2373 3743 ἐν
2404 3689 2539 3759 ὑμῖν
2550 3731 2567 3757 ,
2596 3690 2694 3743 καὶ
2718 3688 2869 3753 δόλος
2895 3689 3073 3752 οὐδεὶς
3093 3688 3459 3760 ύποκάθηται,
3499 3687 3685 3761 ὅρκοις
3711 3690 3776 3744 τὸ

2172 3774 2408 3843 πρᾶγμα
2437 3771 2808 3844 βεϐαιώσασιν
2834 3771 3055 3836 ἐξέσται
3078 3773 3154 3836 ὼς
3206 3772 3295 3825 διὰ
3322 3771 3507 3842 φιλίας
3539 3774 3640 3843 τῆς
3669 3772 3775 3843 βα-

2175 3863 2370 3923 σιλέως
2402 3863 2645 3934 μεγάλου
2683 3863 2820 3918 ίέναι
2849 3863 2976 3934 γῆς,
3004 3861 3272 3933 ὑποδοχῆς
3301 3876 3361 3923 τε
3394 3860 3774 3926 ἀπολαύοντας

2174 3959 2255 4020 είς
2284 3956 2347 4011 τὸ
2379 3954 2526 4021 είκὸς
2553 3958 2647 4010 καὶ
2686 3955 3090 4027 φιλοφροσύνης
3117 3954 3219 4025 τῆς
3256 3954 3448 4025 ἄλλης.
3475 3973 3496 4007 ι
3536 3956 3599 4009 Ol
3630 3957 3763 4025 πρέ-

2178 4048 2330 4113 σϐεις
2374 4048 2477 4120 μὲν
2519 4049 2763 4103 τοσαῦτα
2817 4044 2975 4103 εἷπον
3009 4064 3022 4079 °
3066 4049 3115 4103 οἱ
3167 4048 3225 4103 δὲ
3268 4047 3541 4120 συνῄεσαν
3580 4045 3689 4119 γὰρ
3711 4041 3773 4109 ἐς

2171 4142 2372 4197 ταύτὸν
2426 4143 2577 4214 παρὰ
2622 4142 2721 4214 τὴν
2766 4140 3054 4214 Κορῤἁδου
3116 4139 3213 4194 τοῦ
3279 4136 3605 4210 ’Δλαμανῶν
3663 4140 3767 4208 ρηο

2174 4234 2269 4305 γὸς
2329 4238 2441 4309 (85)
2475 4235 2682 4309 σκηνὴν
2749 4235 2846 4289 an
2894 4237 2963 4289 τὰ
3014 4233 3284 4305 πρεσϐεία
3339 4230 3449 4288 τῶν
3512 4232 3620 4287 ἄνά
3668 4232 3771 4302 τὴν

2174 4330 2440 4401 ἐσπερίαν
2471 4330 2626 4401 λῆξιν
2669 4328 2932 4401 λαχόντος
2980 4326 3176 4393 ἐθνῶν,
3219 4327 3316 4381 ἐπὶ
3362 4325 3523 4397 κακῷ
3556 4324 3657 4397 μὲν
3690 4318 3771 4393 τῷ

1834 4448 1934 4511 Du
1970 4449 2195 4529 Cangii
2227 4456 2417 4514 notas.

465 4543 678 4626 ςιιςριι.
711 4541 1001 4626 fosiense,
1046 4544 1247 4626 θεηὸἓξ
1287 4544 1563 4606 Bobertus
1594 4551 1663 4606 de
1706 4551 1910 4619 Monte,
1969 4569 2061 4609 an.
2097 4566 2146 4626 ι)

474 4614 652 4694 ξμῖς
707 4613 1322 4694 Gpte_f_ridus_Viterb._,
1383 4628 1530 4689 part.
1573 4636 1728 4690 xvrt;
1783 4613 2053 4694 praeterea

472 4684 721 4747 Nicetas,
756 4686 807 4737 in
835 4684 1005 4751 Mam,
1034 4685 1071 4738 ι.
1105 4701 1143 4749 ι,
1174 4700 1225 4739 c.
1265 4687 1300 4741 4
1323 4684 1521 4751 et'seq.

545 4704 721 4747 cetus,
756 4704 807 4737 ιιι
835 4704 1005 4751 tuam,
1034 4704 1071 4738 ι.
1105 4704 1143 4749 ι,
1174 4704 1225 4739 c.
1265 4704 1300 4741 4
1323 4704 1377 4741 et
1402 4704 1461 4743 se
1507 4730 1521 4745 .

540 4754 663 4831 (ει)
702 4756 984 4831 Βρίττιοι.
1039 4756 1332 4831 Britannos
1378 4771 1431 4831 et
1466 4704 1701 4819 ιίιτίιιίοιι.
1752 4762 2062 4831 promiscue

475 4824 716 4894 appellat
747 4826 1047 4894 Cinnamus
1078 4824 1372 4881 Britanniae
1412 4830 1603 4886 insulae
1640 4824 1882 4889 incolas:
1912 4832 2055 4888 Brit«

472 4893 629 4969 tiam,
661 4909 756 4969 seu
787 4893 1037 4969 Ιξριτίαν,
1082 4897 1314 4969 insulam
1352 4898 1523 4966 ipsam
1569 4901 1893 4969 Procopius,
1933 4905 1972 4958 ι.
2003 4920 2061 4960 1v

473 4963 554 5042 ρο
580 4966 753 5042 bello
794 4963 1048 5021 Gothico.
1082 4967 1161 5020 Ad
1205 4963 1566 5035 Britanniam,
1601 4988 1697 5027 seu
1738 4963 2057 5042 Britannos,

503 5034 867 5156 P4§§lj1forte
915 5047 1125 5104 spectat
1163 5052 1446 5118 nummus,
1508 5034 1561 5095 in
1622 5058 1731 5112 quo
1785 5034 2056 5113 scriptum

503 5106 687 5159 ιΡΕιι
739 5107 847 5159 [Ν.
882 5104 1020 5159 Cum
1063 5107 1106 5159 Τ
1153 5121 1384 5159 snmno.
1419 5125 1512 5159 seu
1563 5113 1820 5159 inverso-
1857 5131 1957 5159 nm
1992 5116 2056 5159 Ω-

475 5187 537 5255 ιιι
566 5176 833 5255 ίιιᾌιιιιετο
857 5176 1377 5255 ᾏᾼΣΣΑΛῙΗῙιΝ.
1408 5180 1567 5250 Apud
1603 5176 1817 5241 Anton."
1838 5176 2053 5255 Rugus;

477 5250 578 5302 tiu.
615 5246 821 5316 Dialog.
859 5247 890 5300 6
924 5249 1196 5316 Antiquit.
1226 5246 1616 5307 Bottianarnm.

545 5319 659 5388 (82)
701 5315 1128 5384 Ἀλέξανδρον.
1163 5318 1473 5375 Alexander
1511 5323 1766 5380 Graviore
1797 5326 1852 5380 in
1903 5326 2055 5381 Italia

472 5403 680 5449 comes,
717 5403 747 5443 a
783 5390 1019 5457 liogerio
1050 5389 1255 5444 Siciliae
1296 5404 1423 5459 rege
1466 5397 1907 5461 possessionibus
1942 5400 2057 5452 suis

471 5470 695 5533 prepter
725 5462 1075 5533 rebellionem
1097 5470 1323 5533 exutus,
1348 5462 1401 5515 in
1439 5461 1766 5520 Dalmatiam
1793 5469 2051 5533 primum,

480 5544 607 5584 mox
658 5530 1188 5599 Constantinopolim
1220 5534 1288 5585 ad
1340 5533 1724 5601 imperatorem
1756 5530 2057 5593 Manuelem

475 5601 790 5675 profectus,
828 5602 1013 5675 eidem
1052 5605 1310 5675 deinceps
1344 5605 1637 5675 militavit,
1681 5608 1754 5661 uti
1807 5609 2057 5675 pluribus

477 5677 705 5741 narrant
734 5668 975 5741 Nicetas,
1003 5671 1055 5724 in
1088 5671 1232 5725 Man.
1252 5668 1296 5725 il.
1323 5687 1381 5737 ιι,
1412 5689 1466 5727 n.
1494 5674 1558 5741 6;
1593 5668 1902 5731 Alexander
1930 5679 2058 5733 abb.

473 5735 848 5816 ficlcsinus,_l_.
885 5756 940 5816 i._
955 5741 1268 5816 _l_ieI:._gest_.
1300 5735 1502 5816 finger.
1532 5735 1686 5801 Sicil.
1715 5763 1831 5816 reg.
1861 5762 1912 5802 c.
1958 5749 2055 5811 19;

479 5804 516 5859 ι.
557 5821 616 5870 ιι,
680 5821 729 5861 c.
784 5809 876 5875 σε,
912 5810 1005 5875 56,
1049 5804 1209 5867 δῖέι
1240 5813 1346 5879 53;
1380 5804 1526 5870 ῡιιιυ
1564 5804 1807 5889 arising?
1860 5820 1895 5875 l.
1930 5836 1944 5873 ι
1980 5804 2054 5875 ne

728 5104 1042 5186 1N._(_lurn_‘
1142 5107 1384 5186 supino,
1419 5104 1512 5186 seu
1554 5104 1784 5186 inverso
1806 5154 1821 5182 ,
1857 5104 1957 5186 pro
1992 5116 2057 5180 Ω,
2104 5122 2109 5127 ’

2207 4567 2311 4630 εει.
2334 4555 2513 4630 Frid.,
2536 4571 2585 4613 c.
2614 4556 2720 4623 24;
2756 4556 2881 4630 l._n,
2909 4575 2957 4611 (ι.
2986 4557 3046 4611 ll
3076 4573 3090 4622 ;
3116 4566 3170 4611 et
3201 4554 3512 4630 Willelmns
3538 4554 3761 4630 Tyrius,

2194 4667 2207 4681 .
2259 4627 2360 4692 ΞΟ,
2400 4643 2452 4682 c.
2488 4628 2522 4681 4
2556 4639 2610 4683 et
2659 4630 2747 4683 l4.
2796 4626 3050 4682 Gravime
3082 4628 3376 4683 conuiuatus
3428 4626 3600 4683 datus'
3641 4642 3769 4697 post

2168 4697 2287 4768 inec
2325 4714 2353 4751 a
2386 4697 2624 4768 Rogerio
2655 4700 2807 4760 Adae,
2838 4698 3006 4753 nobili
3039 4708 3095 4753 et
3141 4709 3373 4768 strenuo
3404 4697 3762 4768 adolescenti,

2165 4766 2291 4821 filiae
2325 4782 2436 4823 sua:
2474 4766 2694 4822 invito.
2734 4768 3041 4825 Alexander
3096 4767 3381 4823 Celcsinus
3433 4768 3471 4821 1.
3504 4767 3539 4822 5
3584 4784 3633 4825 c.
3668 4766 3764 4827 26.

2234 4837 2348 4909 (85)
2398 4835 2910 4909 ΤοῦίἏλαμανῶν
2929 4840 3145 4909 ῥητός.
3179 4836 3376 4909 Mirum
3403 4852 3567 4907 quam
3614 4839 3767 4895 Grai—

2162 4908 2272 4963 culi
2312 4910 2398 4963 isti
2436 4908 2735 4978 scriptores
2763 4910 2994 4978 principi
3023 4908 3124 4963 Suo
3150 4908 3600 4975 adblandiuntur,
3631 4913 3765 4966 dum

2165 4979 2522 5050 impera_toris
2563 4978 2778 5033 titulum
2835 4990 2891 5034 et
2934 4980 3255 5050 dignitatem
3290 4978 3419 5034 huic
3465 4980 3569 5033 soli
3608 4992 3764 5035 asse-

2163 5047 2316 5115 runt,
2354 5047 2700 5104 Germanicis
2743 5047 3015 5117 Augustis
3050 5051 3342 5119 denegauit,
3382 5064 3519 5117 quos
3570 5065 3760 5118 regum

2163 5119 2533 5188 appellatione
2586 5120 2871 5174 donandus
2930 5129 3139 5173 tantum
3197 5128 3425 5174 censent
3461 5128 3514 5173 et
3549 5121 3764 5185 volunt,

2161 5190 2316 5259 quasi
2349 5188 2663 5244 Graecorum
2707 5199 2855 5245 esset
2896 5191 2963 5245 de
3011 5190 3337 5259 dignitatum
3370 5199 3426 5259 et
3470 5189 3760 5244 titulorum

2164 5258 2580 5330 honorariorum
2627 5263 2987 5330 praerogativa
3021 5258 3339 5314 decernere.
3379 5258 3579 5313 Verum
3633 5272 3761 5314 mox

2165 5329 2572 5401 ijiiperatoriam
2608 5329 2964 5401 r’dignit’atem
3022 5330 3143 5398 plus
3212 5329 3347 5384 satis
3404 5331 3654 5399 agnoscit
3703 5330 3758 5384 in

2164 5397 2509 5472 Germanicis
2536 5397 2895 5472 principibus.
2918 5397 3056 5472 quos
3077 5415 3141 5455 eo
3168 5401 3386 5472 nomine
3408 5397 3575 5472 supra
3606 5413 3766 5468 reges

2163 5468 2334 5524 fuisse
2366 5468 2567 5524 innuit.
2604 5468 2737 5525 Vide
2780 5468 3035 5527 natas—ad
3060 5472 3230 5525 Anna:
3270 5487 3321 5539 p.
3358 5470 3449 5527 50.
3477 5468 3763 5525 Caeterum

2162 5540 2452 5596 Conradus
2480 5544 2796 5611 priusquam
2833 5543 2937 5596 iter
2964 5555 3283 5610 capesseret
3310 5556 3405 5609 per
3438 5542 3761 5596 Graecorum

2164 5613 2498 5679 provincias,
2523 5614 2758 5682 legatum
2788 5614 3011 5667 miserat
3033 5614 3099 5666 ad
3131 5611 3463 5679 Manuelem,
3485 5628 3768 5669 commea-

2164 5690 2251 5756 tus
2280 5696 2333 5735 et
2367 5686 2630 5756 trans_i_tns
2660 5684 2985 5756 impetrandi
3021 5685 3219 5755 gratia.
3248 5683 3323 5738 De
3361 5689 3457 5747 hac
3490 5686 3766 5756 legatiOnc

2163 5751 2388 5809 Nicetes
2421 5757 2473 5808 in
2506 5753 2649 5807 Man.
2687 5756 2721 5811 ί.
2757 5770 2792 5819 t,
2824 5769 2878 5807 ιι.
2914 5755 2948 5809 4
