4058 6412
299 336 409 401 389
1550 334 2106 398 HISTORIARUM
2149 335 2300 398 LIB.
2341 335 2418 396 II.

302 444 607 513 Ῥωμαιων
646 444 807 515 ἥκειν
856 442 1072 515 οὐδαμῆ
1120 440 1386 515 ἔφασκον,
1428 443 1537 499 κᾶν
1586 444 1772 516 δεήσοι
1803 445 1878 497 κα

2004 455 2180 509 nerei,
2209 447 2529 518 neutiquam
2575 460 2637 503 se
2676 446 2964 504 advenisse
2992 447 3266 518 dicebant,
3307 461 3369 509 ut
3396 454 3595 511 damna

290 535 482 606 ὅρκοις
510 534 571 589 τδ
602 536 839 605 πρᾶγμα
874 533 1226 599 πιστοῦσθαι,
1256 536 1587 607 ἐτοιμότατα
1609 537 1704 590 καὶ
1731 536 1878 590 τοῦτι

1998 536 2103 590 ulla
2135 536 2401 593 inferrent
2446 538 2751 595 Romanis:
2783 539 2829 595 si
2880 554 3107 599 necesse
3161 544 3216 600 id
3264 545 3429 617 foret,
3468 565 3592 607 rem

292 628 554 698 ποιήσειν
606 626 952 684 διετείνοντο.
1004 628 1129 682 Ἐπὶ
1168 628 1226 683 δὲ
1284 628 1657 699 Παλαιστίνην
1707 629 1878 693 αὐτοῖς

1994 632 2355 687 sacramentis
2394 645 2514 688 sese
2548 632 2883 701 lirmaturos,
2928 636 3095 708 quue
3129 654 3192 694 se
3232 638 3469 699 libenter
3507 643 3593 700 fa-

291 720 433 790 ὀρᾷν
458 718 556 791 τὴν
589 718 774 793 ὁρμὴν
829 721 927 775 καὶ
971 722 1101 785 τοὺς
1148 720 1251 793 τὴν
1284 722 1479 776 Ἀσίαν
1527 722 1878 793 λῃστεύοντας

1994 732 2181 779 cturos
2214 724 2560 790 asserebant,
2604 740 2729 781 cum
2770 726 3115 785 Palmstlnam
3154 740 3213 786 et
3242 730 3593 795 incursantes

294 809 536 882 Πέρσας.
582 812 753 877 Δόξαν
790 811 886 865 οὖν
932 811 1077 867 οὕτω
1130 814 1435 885 Ῥωμαίοις
1474 816 1568 870 καὶ
1602 816 1683 881 είς
1729 814 1878 886 ἔργω

1990 816 2181 874 Asiam
2213 817 2411 873 Persas
2442 827 2715 889 spectaret
2745 819 2813 873 ab
2848 820 2979 891 ipsis
3005 833 3257 893 suscepta
3291 828 3587 896 expeditio.

291 902 425 967 τοὺς
458 902 656 973 λόγους
692 904 893 975 ἐξῆγον
925 905 1041 959 ὅσοι
1085 922 1146 960 τε
1179 908 1239 971 ές
1274 910 1406 971 τοὺς
1446 907 1621 979 ρῆγας
1650 910 1745 962 καὶ
1773 907 1878 963 ὅσοι

1993 907 2120 965 ΙΙωο
2146 909 2411 966 Romanis
2437 912 2872 979 acceptautibus,
2917 912 3209 971 confestim
3253 932 3374 988 qua:
3417 921 3589 977 dede-

292 993 473 1058 ἄλλως
514 994 750 1060 ἐπίδοξοι
802 996 913 1048 τῶν
957 998 1018 1050 ἐν
1060 997 1247 1061 αὐτοῖς
1290 993 1455 1071 ἦσαν,
1500 998 1710 1053 δουκῶν
1745 1017 1878 1071 φημι

1994 1012 2117 1058 rant
2142 1004 2333 1069 verba,
2364 1002 2511 1060 laeto
2545 1005 2663 1073 ipso
2692 1006 3087 1061 conﬁrmavere
3116 1019 3382 1079 quotquot
3415 1014 3586 1084 regia,

294 1090 394 1142 καὶ
420 1088 702 1158 κομήτων.
765 1090 1098 1155 ἰδιάζουσαι
1148 1090 1207 1145 δὲ
1238 1091 1410 1146 ταῦτα
1452 1092 1622 1163 ἀρχαὶ
1655 1091 1749 1146 καὶ
1775 1087 1878 1147 οἷόν

1991 1105 2086 1149 aut
2114 1095 2220 1151 alia
2252 1096 2447 1167 quavis
2480 1096 2673 1151 illustri
2709 1096 2977 1169 dignitate
3009 1101 3366 1169 praestabant,
3387 1105 3586 1159 ducum

293 1196 439 1243 τινες
492 1180 791 1252 διαιρέσεις
844 1185 910 1235 ὲκ
957 1181 1053 1237 τοῦ
1090 1184 1192 1254 τῆς
1232 1183 1515 1255 βασιλείας
1559 1184 1878 1254 καθιέμεναι

1990 1183 2113 1240 dico
2139 1193 2195 1241 et
2216 1186 2501 1243 comitum.
2528 1186 2777 1243 Gaudent
2812 1202 2991 1244 autem
3028 1192 3290 1261 singulari
3321 1207 3416 1247 sua
3445 1209 3587 1263 prte-

295 1270 492 1341 ὑψους,
516 1274 888 1340 γενικωτάτου
928 1275 1075 1341 τινὸς
1097 1276 1193 1330 καὶ
1215 1276 1613 1348 ὑπερκειμένου
1649 1275 1759 1330 τῶν
1794 1275 1878 1330 άλ-

1990 1277 2233 1350 rogativa
2270 1277 2537 1348 ejusmodi
2575 1279 2890 1347 dignitates,
2924 1281 2992 1337 ab
3028 1282 3385 1352 imperatorio
3428 1284 3589 1339 fasti—

3473 342 3581 403 390

292 1362 404 1414 λων
434 1367 783 1435 πράγματος.
821 1365 1057 1438 Κόμητα
1083 1366 1185 1438 μὲν
1222 1367 1333 1439 γὰρ
1379 1367 1508 1433 δοὺξ
1537 1367 1878 1439 ὑπεραναὸέ-

1987 1369 2098 1439 gio,
2134 1370 2278 1439 quod
2324 1373 2538 1426 ueteris
2583 1372 2919 1441 praeminet,
2964 1380 3020 1428 et
3062 1386 3095 1427 ε
3140 1387 3250 1443 quo
3288 1373 3584 1444 proﬂuunt,

290 1458 457 1531 δηκε,
521 1460 689 1516 δοῦκα
742 1461 801 1515 δὲ
864 1459 932 1515 αὖ
974 1462 1077 1535 ρὴξ
1123 1463 1221 1517 καὶ
1265 1462 1408 1534 ρῆγα
1451 1460 1731 1533 βασιλεύς.
1777 1462 1878 1518 Kal

1987 1463 2389 1531 quodammodo
2446 1473 2697 1518 secretas.
2761 1462 3032 1520 Comitem
3095 1464 3208 1537 69
3269 1465 3413 1520 enim
3475 1468 3584 1521 dux

291 1552 514 1607 ὑπείκει
568 1554 634 1608 τὸ
690 1554 1127 1627 καταδεέστερον
1167 1555 1257 1609 ἀεὶ
1289 1555 1452 1625 φύσει
1489 1554 1567 1626 τῷ
1599 1555 1882 1620 ὲπέκεινα,

288 1645 533 1717 πόλεμόν
563 1664 623 1700 τε
663 1647 1012 1718 συνδιαφέρει
1055 1645 1229 1717 τούτῳ
1263 1646 1377 1719 (84)
1404 1648 1499 1701 καὶ
1535 1647 1786 1701 πείθεται
1815 1648 1885 1701 τά

1987 1552 2270 1624 praecellit,
2323 1553 2515 1609 ducem
2565 1569 2695 1609 vero
2741 1569 2860 1621 rex,
2916 1570 3099 1626 regem
3152 1559 3489 1625 imperator:
3532 1564 3587 1611 et

1987 1659 2109 1699 cum
2141 1644 2272 1700 illud
2300 1648 2444 1716 quod
2478 1647 2656 1701 minus
2682 1655 2765 1701 est
2790 1655 2983 1717 suapte
3001 1655 3195 1702 natura
3218 1650 3419 1715 potiori
3449 1649 3586 1704 sub-

288 1752 356 1805 γε
380 1735 629 1792 τοιαῦτα.
654 1737 746 1792 Διὸ
767 1739 863 1792 καὶ
892 1738 1122 1809 βασιλέα
1157 1741 1260 1811 μὲν
1301 1740 1652 1812 Ιμπεράτορα
1692 1742 1878 1797 καλεῖν

1986 1733 2193 1802 jaceat,
2236 1736 2362 1792 belli
2421 1751 2546 1792 cum
2584 1752 2652 1793 eo
2694 1738 2927 1808 partitur
2973 1752 3163 1806 Onera,
3214 1738 3269 1793 iu
3315 1740 3583 1807 ejusmodi

286 1827 417 1892 εοος
446 1830 704 1895 Λατίνοις
740 1832 860 1885 ἐστὶ
884 1833 975 1886 τὸν
999 1833 1142 1904 ὑπὲρ
1171 1833 1431 1887 ἐπέκεινα
1461 1834 1880 1905 αίνιττομένοις,

291 1920 473 1992 ρῆγας
496 1920 555 1974 δὲ
577 1924 707 1986 τοὺς
733 1922 849 1976 ὅσοι
878 1922 1143 1995 δευτέρας
1174 1924 1430 1996 είλήχασι
1453 1925 1686 1990 τάξεως.
1718 1926 1882 1981 Ἀλλά

284 2012 467 2066 ταῦτα
516 2015 617 2084 μὲν
643 2012 707 2088 [Ρ
727 2013 823 2086 39]
878 2012 1025 2069 οὑτω
1072 2016 1377 2089 διῃρήσθω.
1425 2017 1799 2072 Τελεσθέντων
1825 2018 1884 2073 δὲ

285 2104 405 2167 τοῖς
444 2102 749 2175 πρέσϐεσιν
774 2097 849 2159 ὧν
870 2104 1039 2160 ἓνεκα
1069 2106 1223 2176 παρά
1266 2107 1395 2171 τοὺς
1433 2106 1754 2179 Βαρὸἀρους
1779 2103 1882 2181 ἦλ-

292 2194 409 2263 θον,
434 2197 587 2251 αὐτοὶ
616 2198 717 2267 μὲν
746 2198 805 2262 ἐς
838 2196 1135 2262 Βυζάντιον
1184 2198 1661 2272 ἀπεκομίσθησαν,
1694 2202 1742 2256 oi
1769 2201 1883 2273 ρῆ-

292 2305 393 2355 γες
426 2288 482 2342 δὲ
508 2288 629 2343 ὀδοῦ
657 2288 719 2344 τὸ
757 2290 946 2344 λοιπὸν
992 2287 1229 2362 ετχοντὸ.
1270 2292 1348 2345 Οὑ
1398 2292 1586 2363 μέντοι
1631 2292 1881 2364 ἀλλήλοις

292 2378 625 2451 ἀνεμίγνυτο
655 2380 724 2435 τά
758 2380 1167 2454 στρατεύματα,
1219 2382 1335 2436 ἀλλ’
1358 2383 1388 2436 ό
1431 2384 1529 2454 μὲν
1575 2383 1882 2457 Ἀλαμανδς

291 2473 587 2546 πρότερος,
629 2474 816 2539 πολλῷ
847 2476 905 2529 δὲ
944 2475 1179 2529 κατόπιν
1226 2477 1255 2529 ὁ
1292 2476 1573 2547 Γερμανὸς
1611 2478 1724 2550 (85)
1750 2481 1880 2533 ἐπο-

292 2564 507 2634 ρεύετο,
534 2566 635 2619 οὑκ
667 2561 787 2621 οἴδα
819 2567 942 2620 ὅτου
965 2566 1127 2621 ἕνεκα
1171 2565 1284 2640 (86)
1325 2569 1489 2622 τοῦτο
1526 2569 1885 2642 ἐπιτηδεύονο

288 2676 403 2723 τες.
428 2661 537 2713 εἴτε
576 2662 672 2714 καὶ
701 2660 823 2716 καθ’
863 2661 1059 2715 ἑαυτὸν
1105 2662 1371 2732 ἑκάτερος
1406 2663 1710 2735 ἀξιόμαχος
1735 2660 1878 2723 εἶναι

290 2754 793 2826 φιλοτιμούμενος,
857 2757 968 2811 εῐτε
1025 2755 1119 2810 καὶ
1170 2756 1298 2811 καθ’
1364 2757 1562 2812 ἑαυτὸν
1616 2760 1879 2830 ἑκάτερος

288 2849 593 2920 ἀξιόμαχος
616 2844 759 2904 εἶναι
790 2848 1271 2919 φιλοτιμούμενος-ζ
1305 2849 1416 2903 εἴτε
1458 2851 1555 2903 καλ⁸
1584 2851 1650 2906 τά
1680 2852 1878 2924 ἐπιτή-

286 2941 409 2994 δεια
452 2943 527 3011 μὴ
565 2942 844 2995 ἐπιλιπεῖν
898 2942 1038 3011 σφᾶς
1088 2941 1504 3013 προνοούμενοι.
1562 2943 1770 3016 ’ῌεσαν
1819 2946 1878 2999 δὲ

287 3032 440 3101 ὅμως
463 3032 757 3103 ἀνάριθμοι
794 3032 885 3086 καλ⁶
913 3032 1053 3101 ὑπὲρ
1075 3032 1177 3102 τὴν
1210 3031 1365 3103 παρὰ
1420 3030 1700 3086 Θάλασσαν
1723 3034 1876 3105 ψάμ-

1991 1830 2153 1884 rebus
2195 1838 2406 1910 caetera
2465 1831 2736 1886 subditus.
2787 1830 3135 1901 Quapropter
3188 1846 3352 1903 quem
3405 1830 3579 1888 Graeci

1987 1921 2215 1994 βασιλέα
2243 1933 2462 1991 vocant,
2508 1923 2687 1978 Latini
2743 1925 3128 1994 imperatorem
3174 1925 3448 1995 appellare
3490 1942 3584 1981 so-

1985 2012 2125 2079 lent,
2159 2029 2467 2084 supremam
2498 2015 2640 2070 illius
2675 2022 3002 2085 potestatem
3042 2016 3334 2072 iunuentes
3365 2034 3378 2072 :
3422 2032 3581 2087 reges

1985 2118 2192 2173 autem,
2245 2119 2514 2180 quotquot
2560 2110 2862 2164 secundum
2916 2108 3094 2165 sortiti
3145 2119 3273 2164 sunt
3305 2111 3575 2165 ordinem.

1983 2199 2111 2255 Haec
2146 2201 2287 2271 apud
2329 2201 2450 2255 illos
2495 2201 2727 2255 liabetur
2763 2200 3063 2256 distinctio.
3096 2200 3281 2256 Rebus
3311 2202 3579 2270 expeditis

1982 2307 2213 2363 quarum
2249 2306 2416 2347 causa
2451 2292 2515 2345 ad
2547 2290 2817 2347 Barbaros
2850 2302 3134 2358 venerant,
3166 2293 3325 2362 legati
3362 2292 3579 2362 Byzan-

1983 2384 2119 2438 tium
2172 2384 2426 2439 redeunt.
2474 2384 2647 2454 Reges
2686 2397 2819 2437 vero
2866 2383 3177 2438 institutum
3228 2385 3334 2437 iter
3383 2399 3579 2454 prose-

1981 2486 2244 2550 quuntur,
2266 2493 2370 2532 nou
2397 2487 2577 2531 tamen
2605 2476 2912 2546 conjunctis
2946 2476 3180 2531 invicem
3205 2478 3536 2533 exercitibus
3560 2494 3575 2532 :

1982 2571 2134 2641 prior
2162 2570 2309 2625 enim
2350 2570 2634 2625 incedebat
2673 2568 3031 2634 Alemannus,
3066 2584 3098 2624 a
3135 2580 3287 2640 tergo
3331 2570 3578 2641 longiore

1983 2660 2267 2715 intervallo
2296 2658 2607 2715 Germanus
2652 2659 3113 2729 snbsequebatur,
3156 2661 3302 2730 quod
3353 2677 3455 2716 cur
3507 2662 3581 2715 ab

1980 2754 2050 2809 iis
2087 2754 2287 2808 factum
2326 2754 2419 2818 sit,
2461 2751 2604 2806 haud
2646 2752 2806 2821 plane
2860 2752 2993 2807 milii
3040 2761 3382 2823 compertum
3421 2770 3436 2808 :
3473 2753 3578 2808 nisi

1979 2841 2123 2899 forte
2161 2843 2306 2913 quod
2333 2844 2568 2913 quisque
2602 2844 2782 2913 justas
2831 2856 2893 2898 se
2938 2843 3125 2913 copias
3167 2846 3365 2899 ducere
3390 2846 3585 2899 crede—

1980 2946 2124 3002 rent,
2163 2947 2250 2991 aut
2294 2935 2438 3007 quod
2480 2938 2552 2991 ita
2586 2937 2975 3004 providissent,
3009 2950 3076 2991 ne
3105 2951 3286 2991 rerum
3326 2950 3585 2992 necessa-

1979 3030 2185 3085 riarum
2219 3031 2398 3099 inopia
2429 3040 2830 3100 premerentur.
2861 3029 3019 3085 lbaut
3048 3029 3396 3085 multitudine
3424 3030 3582 3083 iuuu-

295 3144 419 3197 μον.
469 3127 544 3180 Οὑ
593 3126 783 3190 τόσαις
822 3129 849 3180 ό
885 3125 1096 3197 Ξέρξης
1138 3126 1558 3179 ἑκαλλωπίσατο
1590 3127 1874 3197 μυριάσιν,

1985 3139 2134 3178 mera
2177 3133 2233 3179 et
2271 3137 2493 3178 arenam
2542 3124 2715 3179 maris
2760 3125 3077 3188 excedente,
3129 3123 3206 3177 ita
3252 3134 3312 3178 ut
3357 3140 3461 3177 non
3498 3129 3580 3176 tot

288 3220 451 3273 ὁπότε
482 3218 646 3272 ναυσὶ
676 3218 767 3273 τὸν
801 3218 1200 3289 Ἑλλήσποντον
1229 3218 1482 3287 ἐζεύγνυ.
1520 3217 1742 3290 Ἐπειδὴ
1767 3219 1879 3290 γὰρ

288 3312 431 3382 πρὸς
491 3312 572 3384 τῷ
615 3310 815 3384 Ἴστρῳ
875 3313 1188 3382 γεγόνασιν,
1236 3311 1472 3366 ἐνταῦθα
1536 3312 1778 3382 εὐτρεπῆ
1810 3313 1879 3366 τὰ

292 3408 430 3479 πρὸς
461 3406 562 3477 τὴν
592 3406 843 3462 διάϐασιν
872 3410 900 3461 ὁ
926 3405 1179 3478 βασιλεὺς
1224 3407 1411 3470 αὑτοῖς
1462 3406 1726 3471 καθιστὰς
1760 3406 1882 3461 ὲκέ-

287 3499 417 3552 λευε
444 3500 555 3553 τῶν
581 3499 1066 3573 ὑπογραμματέων
1092 3500 1219 3563 τοὺς
1253 3499 1537 3563 πλείστους
1556 3498 1648 3553 ἐπὶ
1672 3500 1877 3571 θάτερα

290 3591 389 3645 τοῦ
420 3592 671 3661 ποταμοῦ
716 3593 1022 3664 ἑστηκότας
1042 3593 1135 3648 τὸν
1168 3594 1409 3664 ἑκάστης
1439 3594 1639 3663 φόρτον
1673 3594 1878 3662 ἀπογε-

289 3683 537 3756 γράφθαι
578 3683 735 3747 νεώς.
761 3683 851 3746 Ἐς
901 3684 1260 3756 ἐννενήκοντα
1290 3684 1404 3756 (87)
1429 3684 1611 3739 τοίνυν
1636 3684 1878 3757 ἀριθμη-

290 3779 522 3848 σάμενοι
550 3775 824 3848 μυριάδας
869 3776 931 3830 τδ
981 3776 1234 3832 ἐντεῦθεν
1256 3776 1357 3848 οὑχ
1387 3771 1491 3831 οἷοί
1520 3793 1581 3830 τε
1622 3776 1878 3850 ἀριθμεῖν

287 3874 561 3942 ἐγένοντο.

361 3970 455 4033 ιγ’.
491 3963 565 4017 Τὸ
596 3962 699 4034 μὲν
729 3961 797 4035 δὴ
828 3960 1034 4033 πλῆθος
1062 3959 1319 4016 τοσοῦτον
1344 3960 1530 4025 αὑτοῖς
1554 3956 1643 4030 ἦν.
1676 3961 1880 4032 ’Δγχοῦ

288 4057 347 4111 δὲ
381 4057 593 4119 πόλεως
651 4054 861 4110 Ναῖσοῦ
909 4055 1216 4126 γεγονόσιν,
1270 4058 1306 4126 ἢ
1359 4054 1699 4126 μητρόπολις
1768 4055 1880 4109 τῶν

290 4151 433 4204 κατά
462 4153 560 4221 τὴν
598 4149 844 4221 Auni.th
872 4150 1133 4221 τυγχάνει
1162 4145 1323 4212 οὖσα,
1352 4146 1591 4202 ἐνταῦθα
1610 4147 1640 4201 ὁ
1662 4146 1761 4220 τὴν
1778 4148 1880 4218 τῆς

1984 3215 2222 3270 millibus
2253 3214 2519 3285 gloriatus
2567 3212 2737 3268 fuerit
2780 3213 2914 3267 olim
2961 3212 3191 3280 Xerxes,
3233 3229 3358 3269 cum
3389 3213 3575 3269 Helle-

1983 3317 2234 3378 spontqu
2263 3306 2491 3361 navibus
2517 3307 2795 3377 jungeret.
2836 3305 2936 3361 Ubi
2971 3307 3038 3361 ad
3069 3305 3269 3360 Istrum
3308 3321 3575 3377 pervene-

1986 3410 2134 3467 runt,
2182 3399 2545 3470 suppeditatis
2591 3415 2712 3469 quae
2764 3401 2832 3455 ad
2877 3399 3331 3454 transmittendas
3387 3400 3577 3467 copias

1985 3494 2288 3547 necessaria
2328 3504 2507 3557 erant,
2542 3490 2764 3546 delectis
2815 3490 3013 3545 scribis
3052 3490 3144 3545 dat
3195 3491 3249 3544 in
3302 3490 3575 3545 mandatis

1981 3584 2307 3652 imperator,
2334 3592 2396 3638 ut
2432 3583 2485 3637 iu
2516 3584 2743 3637 adversa
2781 3582 3020 3636 numinis
3056 3584 3172 3652 ripa
3205 3591 3438 3648 stantes,
3474 3583 3575 3635 ad-

1979 3683 2237 3731 notarent
2264 3674 2534 3746 cujusque
2561 3690 2698 3730 onus
2735 3676 2958 3745 navigii.
3003 3674 3248 3746 Cumque
3288 3675 3357 3731 ad
3402 3691 3576 3731 nons-

1980 3767 2131 3839 ginta
2183 3782 2356 3837 usque
2411 3765 2578 3819 millia
2628 3774 3036 3830 numerassent,
3098 3765 3327 3821 ulterius
3378 3768 3579 3823 deinde

1983 3862 2234 3933 progredi
2268 3862 2639 3930 computando
2676 3873 2783 3914 nou
2819 3869 3071 3929 potuere.

2052 3967 2146 4022 15.
2184 3965 2355 4021 Tanta
2398 3977 2516 4020 erat
2559 3966 2774 4020 illorqu
2812 3965 3123 4021 multitudo.
3152 3966 3286 4020 Cum
3327 3966 3397 4023 ad
3445 3964 3575 4022 Nai‘

1979 4073 2122 4124 sum,
2148 4073 2267 4128 quae
2294 4057 2607 4125 metr0polis
2637 4064 2720 4111 est
2754 4057 2969 4111 urbium
3011 4056 3355 4124 Dacicarum,
3386 4072 3571 4112 acces-

1979 4147 2204 4213 sissent,
2242 4146 2471 4202 Michael
2504 4155 2870 4215 cognomento
2898 4144 3106 4204 Branas
3156 4146 3245 4202 cui
3284 4147 3355 4202 ab
3401 4146 3572 4219 impet-

1648 4287 1749 4347 Du
1777 4286 2003 4366 Cangii
2037 4292 2231 4349 notte.

364 4411 480 4482 (84)
531 4409 810 4481 Πόλεμόν
855 4424 925 4463 τε
965 4408 1358 4482 συνδιαφέρει
1403 4407 1614 4476 τούτῳ.
1675 4404 1873 4478 Tangit

291 4480 403 4538 hoc
434 4484 556 4536 loco
584 4482 883 4536 Cinnamus
936 4491 1176 4536 veterem
1210 4481 1528 4534 Latinorum
1583 4492 1786 4532 morem
1817 4487 1875 4532 et
1905 4529 1956 4548 ἢ
1985 4490 2041 4531 ut
2067 4490 2115 4533 et
2155 4480 2193 4548 ρ

1988 4410 2163 4462 rado:
2198 4406 2424 4462 Tantam
2475 4416 2649 4461 autem
2677 4414 2794 4476 post
2844 4420 2900 4461 se
2946 4403 3346 4459 multitudinem
3377 4406 3564 4471 traxit,

2198 4480 2380 4532 nmina
2404 4479 2473 4532 ad
2501 4481 2882 4547 navigandum,
2904 4491 3317 4543 camporumque
3338 4477 3575 4531 latitudo

292 4529 571 4621 ἷὲοὶρἷῖῦι
592 4529 925 4619 mutato
949 4529 1173 4606 agam"
1190 4529 1875 4620 ιῖἐὶρἔἦὶῖυιίἰυιιέιιειὲ
1904 4529 1958 4590 1)
1985 4529 2054 4602 ἁλι
2071 4529 2466 4603 intranti“);
2494 4529 2849 4621 animum
2871 4529 3163 4621 bideretur.
3205 4529 3410 4601 Chron.
3446 4529 3571 4601 Rei-

291 4628 417 4678 licis
447 4624 698 4677 dominos
734 4623 889 4688 sequi
920 4623 999 4675 vel
1031 4622 1284 4676 comitari
1316 4625 1661 4675 tenebantur.

368 4694 483 4763 (85)
521 4691 1213 4763 I‘spyardgiilixercitus
1253 4704 1450 4763 nempe
1495 4688 1833 4763 Francorum
1859 4727 1877 4756 ,

292 4759 433 4820 duce
463 4759 759 4817 Ludovico
804 4759 897 4816 Vll
945 4778 1095 4831 rege,
1128 4762 1221 4832 qui
1262 4762 1596 4815 Alemaunos
1629 4760 1879 4830 proxime

291 4836 619 4892 subsecutus
665 4846 772 4889 est.

367 4905 483 4975 (86)
528 4907 654 4958 Οὐκ
687 4899 823 4957 οἶδα
853 4904 995 4958 ὅτου
1034 4901 1237 4957 ἕνεκα.
1281 4898 1365 4956 Ne
1415 4900 1623 4971 populis
1658 4901 1796 4954 inter
1823 4917 1878 4955 se

296 4976 681 5028 dissidentibus
720 4975 1076 5028 contentiones
1121 4977 1409 5037 orirentur,
1455 4980 1593 5026 etut
1644 4987 1878 5025 commo-

296 5049 418 5098 dius
468 5050 586 5097 ritw
635 5045 934 5098 necessaria
982 5044 1094 5097 suis
1162 5053 1505 5111 procurarent
1552 5042 1875 5112 legionibus,

295 5117 541 5185 equisque
571 5128 618 5168 et
648 5116 908 5185 jumentis
939 5114 1007 5167 ad
1038 5116 1203 5167 buera
1231 5114 1507 5185 deputatis
1526 5115 1721 5185 pa_bula
1771 5130 1875 5185 non

295 5182 555 5255 deessent.
583 5182 661 5240 ita
694 5183 841 5239 ννιιι.
868 5184 1089 5255 Tyrius,
1135 5185 1171 5239 ι.
1200 5199 1319 5249 xvi,
1359 5199 1411 5238 c.
1449 5183 1540 5248 l9,
1571 5182 1735 5238 Gesta
1769 5182 1876 5236 Lu-

292 5262 422 5313 dov.
457 5254 566 5319 VII,
608 5258 777 5311 Matii.
821 5254 999 5319 Paris,
1029 5264 1085 5308 et
1131 5256 1247 5309 alii.

369 5328 485 5397 (87)
526 5325 629 5393 Ἐς
674 5325 1103 5391 ἐννενήκοντα.
1146 5323 1454 5378 Willeluius
1484 5321 1685 5397 Tyrius
1734 5341 1749 5377 :
1807 5321 1873 5377 Ut

293 5395 596 5451 constanter
624 5411 866 5451 asserunt
897 5400 986 5466 qui
1039 5397 1094 5466 in
1151 5410 1215 5448 ea
1261 5396 1592 5461 expeditione
1633 5395 1871 5461 fuerunt,

292 5470 351 5521 in
382 5471 495 5521 solo
531 5469 731 5521 domini
768 5465 1101 5530 imperatoris
1136 5467 1388 5519 comitatu
1437 5469 1506 5518 atl
1535 5466 1873 5533 septuaginta

295 5540 471 5591 millia
501 5540 716 5607 [uerunt
746 5538 1116 5599 (armatorum,
1158 5536 1387 5607 exceptis
1418 5536 1700 5603 peditibus,
1746 5550 1870 5603 par-

295 5614 453 5675 rults,
488 5606 536 5664 et
571 5608 901 5670 mulieribus,
956 5606 1307 5675 etiequittbus
1357 5609 1480 5660 leris
1530 5614 1821 5675 armatura:
1852 5623 1871 5659 :

293 5682 350 5733 in
384 5674 624 5735 exercitu
650 5695 770 5733 vero
816 5679 955 5747 regis
989 5674 1344 5739 Francorum,
1381 5678 1610 5729 virorum
1654 5674 1873 5741 fortium

292 5752 475 5804 loricis
502 5751 766 5804 utentium
792 5763 1040 5802 numerus
1066 5749 1134 5798 ad
1159 5748 1227 5800 70
1250 5747 1439 5810 millia,
1462 5756 1679 5812 excepta
1705 5747 1873 5799 classe

294 5827 555 5889 secunda,
592 5821 1021 5876 testimabantur.
1058 5817 1199 5873 Otho
1227 5816 1592 5888 Frisitigeusis
1630 5818 1697 5871 de
1728 5816 1873 5870 Cou-

1983 4621 2298 4689 cliersperg.
2353 4637 2446 4674 au.
2483 4618 2619 4673 H47
2654 4618 2685 4673 :'
2720 4618 2953 4684 Tamque
2994 4618 3235 4684 inﬁnitus
3266 4627 3379 4671 erat
3417 4634 3569 4671 exoro

1981 4691 2139 4751 citus,
2176 4691 2312 4760 quod
2358 4706 2421 4743 ex
2449 4706 2553 4759 quo
2583 4700 2755 4758 gentes
2807 4704 2919 4742 esse
2967 4702 3249 4756 ceperunt,
3297 4702 3569 4760 nunquam

1983 4758 2195 4814 tantum
2223 4758 2495 4813 hominum
2540 4763 2777 4829 equitum
2818 4760 2980 4812 simul
3017 4771 3063 4829 et
3097 4760 3335 4826 peditum
3360 4758 3571 4829 Amulli-

1982 4831 2219 4885 tudinem
2273 4832 2329 4885 in
2384 4846 2547 4884 unum
2580 4824 2971 4900 congregatum
3018 4824 3164 4897 fama
3213 4829 3304 4882 sit.
3350 4824 3468 4883 Odo
3498 4831 3574 4883 de

1983 4900 2215 4972 Diogilu,
2255 4903 2291 4957 l.
2325 4917 2365 4956 ιι
2394 4903 2461 4955 de
2492 4898 2747 4956 Conrado
2776 4898 2803 4956 :7
2829 4898 2994 4954 Valde
3018 4900 3365 4972 imperialiter
3391 4915 3567 4967 egres-

1980 4987 2071 5024 sus
2091 4969 2175 5025 ἐει
2204 4983 2250 5027 et
2292 4973 2471 5025 navali
2513 4980 2874 5041 apparatuhet
2909 4970 3140 5037 pedestri
3172 4969 3474 5041 exercitu;
3512 4978 3565 5023 et

1981 5043 2128 5105 bene,
2163 5043 2386 5097 habebat
2421 5038 2559 5096 enim
2583 5038 2733 5097 'tunc
2784 5039 3071 5111 Hunguros
3101 5041 3364 5094 inimicos.
3412 5038 3564 5111 idem

1981 5114 2016 5166 Ι.
2051 5125 2108 5167 ιιι
2141 5131 2156 5173 ;
2186 5115 2253 5166 Et
2294 5115 2413 5167 licet
2464 5129 2558 5183 ego
2612 5112 3027 5183 prwscripserim
3071 5122 3117 5164 et
3174 5126 3347 5183 verum
3400 5110 3467 5162 sit
3499 5114 3565 5162 de

1981 5129 2016 5166 ι.
2051 5129 2108 5167 ιιι
2141 5131 2156 5173 ;
2186 5129 2253 5166 ιιι
2294 5129 2413 5167 licet
2464 5130 2490 5165 ι’
2528 5129 2558 5166 o
2612 5129 3027 5183 praescripsertm
3071 5129 3117 5164 et
3174 5129 3347 5164 verum
3400 5129 3467 5162 su
3499 5129 3563 5162 as

1979 5185 2125 5237 illius
2158 5187 2392 5238 exercitu
2423 5129 2659 5253 inﬁnitos
2684 5184 2804 5253 jam
2828 5183 3037 5246 abiisse,
3061 5182 3359 5253 audivimus
3384 5193 3563 5253 tamen

1979 5270 2013 5307 a
2052 5252 2275 5319 ercis,
2292 5255 2382 5324 qui
2414 5249 2763 5308 numerarunt
2799 5264 3132 5324 transeuntes
3160 5249 3557 5324 (brachium-‘8.

1976 5325 2219 5393 Georgii)
2258 5318 2385 5378 eum
2435 5339 2559 5377 cum
2606 5323 2884 5395 nongentis
2941 5318 3283 5395 (nonaginta)
3327 5320 3568 5395 millibus

1976 5404 2027 5449 et
2055 5391 2355 5465 quingentis
2406 5395 2475 5450 66
2516 5391 2915 5464 transfretasse.
2952 5391 3211 5461 Denique
3245 5391 3565 5445 Gotelridus

1982 5465 2310 5532 Viterbiens,
2346 5475 2491 5536 part.
2536 5480 2649 5519 xvu
2687 5483 2700 5519 :

2116 5587 2187 5600 --
2208 5587 2363 5600 —--——
2402 5573 2678 5612 numerum
2707 5559 2754 5611 si
2781 5570 2992 5609 noscere
3022 5567 3256 5623 quirras,

2117 5629 2287 5684 millia
2319 5630 2520 5683 nti/leni
2548 5630 2733 5682 militis
2759 5641 2945 5698 agmen
2972 5635 3112 5683 erat.

1977 5724 2032 5777 in
2065 5732 2297 5794 utroque
2330 5723 2539 5783 scilicet
2575 5724 2821 5779 exercitu
2848 5719 3276 5775 Aietnannorum
3306 5726 3361 5773 et
3390 5715 3561 5773 Frau-

1977 5808 2189 5847 COI'ﬂlli.
