4058 6416
467 313 577 380 391
1789 303 2119 368 JOANNIS
2157 302 2487 367 CINNAMI
3628 299 3744 364 392

471 439 652 485 ratore
680 424 790 496 7o
830 420 1150 479 demandata
1198 428 1320 477 erat
1363 420 1656 494 provincia
1705 420 2052 492 praefectura,

2157 415 2344 488 χώρας
2377 415 2518 486 πρὸς
2564 413 2832 487 βασιλέως
2866 409 3382 485 έμπεπιστευμένος
3411 412 3586 484 ἀρχὴν
3633 414 3747 468 Μι-

467 515 925 590 qnemadmodum
953 513 1002 568 ei
1027 513 1352 583 lmperatum
1377 521 1516 578 erat,
1540 509 1846 566 necessaria
1869 509 2050 563 omnia

2154 510 2295 581 χαὴλ
2310 509 2598 580 ἐπώνυμον
2616 509 2830 580 Βρανᾶς
2841 508 3158 579 προύνοεῖτο
3175 506 3275 578 ἤδη
3299 506 3409 559 τῶν
3426 506 3750 575 ἀναγκαίων

468 606 926 666 subministravit.
957 602 1231 674 Posquam
1275 603 1345 660 ad
1387 601 1668 658 Sardicam
1696 613 1912 657 ventum
1947 608 2050 666 est,

2152 603 2358 667 αὐτοῖς,
2385 601 2528 656 οὕτω
2555 604 3040 673 προστεταγμένον
3087 599 3260 672 αὐτῷ.
3297 601 3478 672 Μέχρι
3513 599 3616 670 μὲν
3647 594 3747 654 οὖν

466 711 752 756 accessere
780 696 889 751 duo
917 710 984 751 ex
1022 694 1410 750 illustrioribus
1454 694 1578 760 viri,
1601 692 1693 763 qui
1736 700 1792 748 et
1823 706 1919 747 eos
1955 692 2054 746 hu-

2153 693 2249 748 καὶ
2293 695 2386 748 ἐπὶ
2419 693 2692 766 Σαρδικῆς
2743 695 2802 747 ὲν
2836 693 3047 757 τούτοις
3073 687 3238 764 ἦσαν,
3282 693 3413 748 ἔνθα
3444 694 3538 748 καὶ
3582 694 3748 764 ἀνδρε

469 790 724 855 maniter,
775 798 836 842 ut
889 802 988 858 par
1031 796 1170 850 erat,
1211 787 1547 854 exciperent,
1591 794 1648 840 et
1687 792 2050 840 commeatum

2149 785 2244 839 δύο
2263 787 2373 839 τῶν
2402 788 2495 840 ἐπὶ
2531 785 2691 858 δόξης
2729 785 2965 857 ἠλθέτην
2987 787 3120 858 παρ’
3155 787 3380 852 αὐτοὺς,
3407 787 3745 857 δεξιωσομέ-

469 883 696 952 prmberi
719 888 997 936 curarent.
1015 878 1166 932 Alter
1189 879 1377 932 horum
1402 877 1502 931 fuit
1525 875 1751 932 Michael
1773 875 2049 940 sebastus,

2151 894 2228 932 νω
2253 895 2313 930 τε
2344 879 2412 932 τά
2443 879 2633 932 εἰκότα
2667 879 2762 932 καὶ
2789 879 2859 931 τὰ
2889 879 3171 947 ἀναγκαῖα
3202 879 3391 949 σφίσιν
3435 879 3747 951 ὲμπορισο-

467 991 533 1030 ex
566 973 986 1042 Palaeologorum
1019 979 1204 1041 gente,
1233 972 1315 1024 vir
1349 971 1568 1040 ingenio
1591 980 1647 1026 et
1674 970 1840 1024 multa
1868 983 2050 1024 rerum

2156 968 2324 1040 μένω.
2354 964 2462 1023 Ἦν
2490 969 2590 1039 μὲν
2631 971 2659 1022 ὁ
2700 969 2880 1024 αὐτῶν
2919 971 3142 1043 Μιχαὴλ
3193 969 3460 1035 σεϐαστδς
3507 971 3572 1024 ἐκ
3625 971 3744 1023 flat-

468 1067 802 1136 experientia
833 1074 1118 1133 praestans,
1150 1063 1242 1134 qui
1269 1065 1452 1118 nescio
1478 1061 1622 1134 quod
1653 1065 1722 1117 ob
1754 1061 1960 1118 crimen
1986 1058 2053 1114 ab

2155 1060 2490 1132 λαιολόγων,
2545 1062 2686 1134 ἀνὴρ
2735 1062 2938 1126 ἱκανῶς
2985 1064 3209 1128 συνετὸς
3245 1063 3342 1117 καὶ
3395 1065 3748 1135 πραγμάτων

467 1162 798 1229 imperatore
845 1154 1055 1210 Joanne
1103 1156 1154 1210 in
1204 1156 1458 1220 exsilium
1505 1165 1683 1220 actus,
1721 1170 1750 1208 a
1803 1153 2054 1210 Manuele

2153 1153 2363 1206 πολλῶν
2410 1153 2696 1225 ἔμπειρος,
2728 1153 2788 1217 ὃς
2817 1153 3034 1224 βασιλεῖ
3076 1154 3306 1228 Ἰωάννῃ
3339 1154 3440 1208 οὐκ
3487 1151 3586 1208 οἶδ’
3616 1157 3643 1208 ὅ
3691 1171 3747 1207 τι

465 1261 756 1305 revocatus
789 1247 993 1314 fuerat;
1029 1247 1158 1303 huic
1185 1247 1466 1317 deinceps,
1498 1246 1766 1315 rebusque
1795 1245 2055 1301 Romanis

2152 1245 2616 1315 προσκεκρουκὼς
2669 1247 2938 1316 πρότερον
2998 1245 3289 1317 ὑπερόριός
3337 1263 3398 1300 τε
3450 1246 3539 1301 διὰ
3582 1245 3747 1299 τοῦτο

466 1343 892 1397 addictissimus.
962 1341 1116 1396 Alter
1173 1355 1304 1396 vero
1360 1339 1624 1408 dignitate
1683 1339 2053 1395 cbartularius

2152 1336 2396 1406 γεγονὼς
2441 1337 2579 1408 πρὶς
2615 1336 2885 1409 βασιλέως
2912 1338 3233 1392 ἀνεκαλεῖτο
3263 1338 3523 1410 Μανουὴλ
3550 1337 3743 1402 εῦνους

465 1449 688 1504 operam
735 1449 888 1489 suam
924 1433 1142 1502 utrique
1185 1432 1526 1502 impenderat
1569 1431 1919 1501 imperatori;
1959 1429 2054 1486 sed

2151 1447 2210 1482 τε
2236 1428 2386 1500 αύτῷ
2414 1431 2507 1483 καὶ
2559 1432 2671 1493 τοῖς
2705 1427 2998 1499 Ῥωμαίων
3055 1431 3294 1500 μάλιστα
3327 1431 3548 1499 ἐγένετο
3597 1431 3746 1501 πρά,

465 1525 692 1580 Joannis
732 1523 1036 1594 praesertim
1083 1523 1221 1578 adeo
1270 1521 1445 1577 fuerat
1486 1510 1917 1578 benevolentiam
1961 1536 2056 1576 cx-

2152 1536 2378 1589 γμασιν.
2422 1519 2480 1573 'O
2513 1520 2617 1589 μὲν
2642 1520 2707 1592 δὴ
2730 1519 2975 1584 τοιοῦτος
3021 1517 3110 1592 ἦν.
3148 1522 3381 1594 Ἀτερος
3412 1521 3468 1574 δὲ
3507 1539 3745 1592 χαρτου-

464 1629 676 1687 pertus,
727 1627 784 1671 ut
825 1615 1020 1672 Alexio
1051 1628 1183 1670 natu
1220 1615 1456 1671 ﬁliorum
1499 1615 1710 1686 majore
1753 1613 1918 1670 rebus
1951 1612 2054 1668 hu-

2151 1609 2337 1680 λάριος
2366 1609 2478 1679 (88)
2514 1610 2616 1680 μὲν
2647 1611 2988 1682 ἀμφοτέροιν
3018 1612 3359 1683 ἐχρημάτισε
3417 1615 3531 1665 τοῖν
3579 1611 3743 1682 βασι-

465 1711 639 1766 manis
681 1719 956 1780 exempto,
991 1709 1334 1764 mandaverit
1381 1711 1430 1765 ei
1478 1709 1795 1780 imperator,
1827 1716 1887 1762 ut
1930 1713 2054 1777 post

2153 1701 2318 1755 λέοιν.
2351 1701 2606 1773 Τοσούτῳ
2639 1720 2700 1772 γε
2730 1701 2838 1774 μὴν
2876 1703 3100 1778 Ἰωάννῃ
3147 1703 3745 1774 βασιλεῖεύνούστατος

465 1760 638 1766 ψη-
685 1760 956 1780 πψτη.
1388 1760 1430 1765 ν-
1749 1760 1795 1774 -.
1836 1760 1858 1762 ρ
1930 1760 1948 1777 .
2007 1760 2021 1762 κ

462 1817 749 1859 excessum
774 1817 932 1856 suum
958 1801 1190 1857 Manueli
1217 1805 1285 1856 ad
1307 1813 1520 1869 sceptra
1547 1811 1738 1856 vocato
1759 1799 2048 1869 imperium

2157 1793 2382 1862 γέγονεν
2405 1794 2481 1858 ῶς
2505 1760 2668 1848 ὀπῦτε
2698 1760 2924 1868 ’Ᾱλεξίῳ
2952 1795 3031 1866 τῷ
3053 1760 3416 1868 πρεσϐυτάτῳ
3444 1797 3554 1850 τῶν
3578 1760 3743 1850 υἱέων

465 1896 783 1964 resignaret.
820 1893 976 1948 Hunc
1012 1893 1087 1948 illi
1123 1893 1174 1948 in
1208 1893 1369 1948 finem
1412 1893 1695 1949 Serdicam
1728 1905 2047 1960 pervenere.

2155 1885 2217 1951 ὲξ
2252 1885 2556 1958 ἀνθρώπων
2590 1887 2922 1957 γεγενῆσθαι
2962 1887 3185 1960 ξυνέϐη,
3234 1891 3508 1960 ἐνσκῆψαι
3540 1892 3590 1945 οί
3647 1893 3742 1946 τὸν

463 1986 570 2041 Sed
600 1987 746 2042 enim
784 1985 1038 2051 Barbari,
1087 1985 1330 2055 quandiu
1378 1985 1531 2041 fuere
1565 1985 1618 2039 in
1655 1985 1789 2041 locis
1820 1982 2050 2040 dillicili-

2157 1977 2386 2047 βασιλέα
2416 1977 2557 2049 μετά
2579 1977 2838 2049 τελευτὴν
2867 1981 2968 2050 τὴν
3011 1979 3177 2034 αὐτοῦ
3212 1979 3305 2034 τὸν
3353 1981 3614 2054 Μανουὴλ
3646 1983 3742 2037 ἐπὶ

461 2079 563 2134 lius
596 2079 768 2150 (nutlti
797 2078 942 2133 enim
970 2077 1038 2134 ab
1065 2077 1205 2134 lstro
1227 2077 1450 2133 ﬂntrnine
1476 2079 1542 2133 ad
1573 2076 1852 2134 Sardicam
1880 2092 2050 2147 usque

2155 2069 2225 2122 τά
2252 2069 2507 2140 σκῆπτρα
2556 2068 2784 2124 καλέσαι
2821 2071 2916 2124 καὶ
2945 2070 3042 2142 τὴν
3097 2071 3382 2142 βασιλείαν
3419 2074 3737 2144 ἐγχειριεῖν.

461 2170 718 2240 praerupti
765 2169 1032 2232 eminent,
1085 2169 1286 2240 vixque
1335 2185 1442 2225 non
1492 2169 1756 2225 inaccessi
1811 2167 2048 2240 montes)

2156 2163 2222 2216 Oi
2254 2163 2350 2234 μὲν
2383 2157 2478 2216 οὖν
2505 2163 2710 2217 τούτων
2757 2163 2920 2218 ἕνεκα
2967 2165 3063 2218 ἐπὶ
3103 2165 3204 2237 τὴν
3244 2167 3519 2238 Σαρδικὴν
3547 2162 3741 2238 ἦλθον.

462 2260 788 2317 incedebant
842 2261 1104 2332 quietius,
1148 2262 1392 2332 nihilque
1438 2262 1507 2318 ab
1553 2262 1620 2318 iis
1661 2273 1872 2331 actum,
1905 2260 2050 2332 quod

2157 2257 2222 2312 υί
2251 2257 2308 2312 δὲ
2329 2255 2602 2329 Βάρὸαροι
2626 2257 2790 2328 μέχρι
2821 2257 2922 2328 μὲν
2950 2258 3010 2311 ὲν
3035 2258 3362 2331 δυσχωρίαις
3385 2255 3523 2330 ἦσαν
3546 2259 3744 2331 (πολὶά

465 2351 724 2406 Romanis
790 2350 1120 2421 displiceret.
1177 2351 1248 2405 At
1302 2363 1588 2422 postquam
1641 2352 1874 2424 attigere
1929 2353 2050 2410 loca

2157 2349 2267 2420 γὰρ
2284 2349 2347 2402 ὲκ
2374 2349 2467 2402 τοῦ
2501 2349 2749 2420 ποταμοῦ
2779 2349 2988 2420 Ἴστρου
3021 2350 3148 2420 ἄχρι
3195 2352 3290 2404 καὶ
3323 2351 3418 2406 ἐπὶ
3467 2353 3742 2426 Σαρδικὴν

461 2445 645 2516 plana,
706 2457 826 2514 quae
881 2443 1162 2513 regionum
1215 2443 1360 2498 circa
1409 2443 1663 2498 Dacicam
1709 2443 2050 2500 diﬂicultates

2156 2438 2259 2510 ὅρη
2277 2438 2463 2509 ἀνέχει
2499 2438 2679 2509 ὑψηλά
2713 2441 2806 2494 καὶ
2828 2440 3018 2504 δεινῶς
3057 2442 3277 2511 ἀὸατα),
3331 2447 3455 2516 σιγῇ
3502 2461 3564 2498 τε
3613 2448 3744 2516 ἔπο-

461 2536 760 2605 excipiunt,
788 2543 900 2588 tum
931 2533 1147 2589 demum
1173 2533 1426 2590 hostilem
1462 2535 1703 2588 animum
1736 2534 2047 2604 prodidere.

2161 2530 2382 2602 ρεύοντο
2422 2531 2516 2585 καὶ
2537 2531 2692 2586 οὐδὲν
2725 2533 2808 2586 ὅτι
2847 2532 3143 2604 Ῥωμαίοις
3196 2535 3259 2587 οὐ
3317 2536 3461 2589 κατὰ
3513 2536 3743 2610 γνώμην

463 2627 572 2685 Res
613 2631 817 2700 quippe
853 2627 1073 2684 venales
1119 2627 1516 2698 exponentibus
1566 2627 1800 2695 injustas
1844 2627 2052 2696 injicie-

2159 2625 2399 2681 ἐποίουν.
2437 2626 2588 2680 Ἐπεὶ⁵
2646 2625 2704 2680 δὲ
2757 2629 2880 2691 ταῖς
2931 2627 3179 2682 πεδιάσιν
3220 2629 3320 2702 ήδη
3370 2631 3632 2702 ὡμίλουν,
3681 2633 3742 2687 αῖ

461 2721 592 2786 bant
619 2734 808 2774 manus
840 2736 854 2775 :
887 2728 944 2775 et
974 2720 1019 2775 si
1055 2719 1178 2790 quis
1221 2718 1559 2788 rapientibus
1597 2717 1699 2788 7],
1735 2719 2049 2784 obsisteret,

2159 2715 2337 2770 πολλά
2369 2718 2437 2771 τὰ
2467 2716 2811 2790 δυσπρόσοδα
2843 2719 2955 2774 τῶν
2987 2721 3132 2774 κατά
3163 2720 3262 2792 τὴν
3296 2724 3537 2796 Δακικὴν
3562 2725 3743 2780 διαδέ-

461 2825 584 2866 eum
619 2811 881 2866 continuo
923 2825 1056 2867 ense
1103 2809 1526 2865 detruneabant.
1557 2808 1682 2865 Haec
1709 2809 1811 2866 etsi
1857 2825 2050 2882 perpe-

2157 2827 2344 2881 xovrat
2371 2810 2610 2882 χωρίων,
2645 2812 3014 2883 παραφαίνειν
3045 2813 3235 2867 λοιπὸν
3261 2814 3324 2868 τὸ
3353 2815 3617 2886 δυσμενὲς
3645 2819 3745 2890 ἥρ.

461 2911 762 2970 trarentur,
804 2902 1160 2960 nihilominus
1194 2903 1513 2960 movebatur
1539 2918 1633 2960 rex
1665 2903 1972 2974 Conradus,
2003 2905 2052 2960 si

2157 2902 2348 2969 ξαντο,
2376 2905 2491 2967 τοῖς
2533 2919 2594 2956 τε
2636 2903 2760 2956 κατ’
2784 2904 3060 2975 ἐμπορίαν
3091 2905 3160 2958 τὰ
3191 2903 3327 2961 ὥνια
3358 2908 3547 2977 σφίσιν
3599 2910 3741 2963 ἀπο-

462 2997 555 3068 qui
595 3006 785 3052 essent
829 2998 920 3067 qui
961 3007 1340 3068 quererentur,
1379 3011 1482 3052 nec
1525 2998 1802 3068 praebebat
1847 3013 2046 3064 aures;

2156 2995 2359 3051 διδοῦσι
2388 2998 2547 3068 χεῖρα
2569 2996 2833 3052 έπέδαλον
2864 2997 3050 3055 ἄδικον
3072 3016 3086 3031 ο
3121 2998 3186 3072 [Ρ
3245 2999 3338 3074 40]
3371 3001 3475 3055 κάν
3500 3018 3583 3066 τις
3627 3003 3743 3056 ἀπ-

462 3086 547 3140 vel
576 3085 621 3140 si
646 3083 1004 3151 auscultaret,
1044 3084 1357 3156 petulantia:
1385 3083 1438 3139 id
1470 3083 1835 3142 multitudinis
1875 3087 2048 3143 ascri-

2159 3091 2502 3161 ισχυρίσαιτο
2535 3088 2672 3159 πρὸς
2700 3089 2800 3162 τὴν
2839 3089 3122 3162 ἁρπαγὴν,
3165 3092 3356 3146 τοῦτον
3379 3092 3433 3148 δὲ
3461 3093 3741 3166 ῥομφαίας

460 3175 645 3232 bebat.
703 3175 777 3230 Ea
825 3184 1114 3248 postquam
1164 3178 1232 3233 ad
1288 3178 1676 3249 imperatorem
1724 3191 2042 3247 pervenere,

2150 3182 2312 3254 ἔργον
2353 3181 2626 3237 ἐτίθεσαν.
2659 3182 2728 3235 ’⁸0
2759 3199 2817 3234 τε
2845 3182 2946 3254 ph:
2995 3183 3273 3256 Κορράδος
3315 3186 3737 3257 ἀνεπιστρόφως

459 3268 821 3337 Prosuchum,
875 3269 1102 3326 militari
1155 3271 1357 3328 virtute
1405 3274 1787 3345 praelusignem
1839 3273 2043 3338 virum,

2147 3267 2326 3334 πάντη
2355 3264 2464 3347 τῶν
2501 3264 2804 3336 γινομένων
2837 3259 2953 3336 εἶχε
3002 3268 3097 3321 καὶ
3136 3268 3252 3330 τοῖς
3299 3268 3660 3323 ἐπικαλοῦσιν
3704 3269 3737 3340 ἢ

458 3375 583 3417 cum
624 3362 822 3432 raptim
877 3371 1070 3419 coacto
1115 3365 1333 3432 agmine
1379 3365 1644 3422 adversus
1691 3380 1786 3422 eos
1823 3365 1989 3422 mittit
2027 3383 2042 3421 :

2145 3359 2266 3414 οὐδὲ
2296 3360 2587 3431 προσεῖχεν
2615 3359 2778 3423 ὅλως,
2807 3357 2842 3430 ἢ
2885 3361 2982 3414 καὶ
3005 3359 3261 3432 προσχὼν
3287 3363 3352 3432 τῇ
3378 3360 3474 3415 τοῦ
3500 3359 3739 3432 πλήθους

458 3455 552 3525 qui
596 3454 752 3528 juxta
809 3453 1220 3526 Adrianopolim
1289 3454 1562 3514 Barbaros
1603 3467 1907 3523 assecutus,
1936 3455 2048 3526 pri-

2145 3451 2428 3523 ἀλογιστία
2481 3451 2543 3504 τδ
2599 3452 2709 3506 πᾶν
2758 3451 3133 3523 ἀπεγράφετο.
3192 3451 3413 3506 Τούτων
3475 3452 3737 3523 βασιλεὺς

459 3559 610 3600 mum
641 3544 863 3614 quidem
897 3542 1037 3598 haud
1063 3544 1224 3616 longo
1256 3544 1544 3602 intervallo
1587 3546 2040 3618 subsequebatur,

2145 3541 2402 3612 ἀκηκοὼς
2459 3542 2777 3614 στράτευμα
2825 3536 2860 3617 ᾖ
2907 3543 3105 3614 τάχους
3138 3539 3286 3616 εῖχεν
3338 3545 3454 3616 ἅμα
3489 3546 3737 3616 Προσοὺχ

460 3650 528 3690 ac
563 3635 794 3690 subinde
821 3633 1114 3690 coercebat
1156 3637 1515 3692 inordinatius
1564 3640 1906 3709 evagantinm
1953 3653 2048 3696 ex-

2147 3633 2304 3702 ἀνδρὶ
2337 3633 2739 3704 έμπειρομάχῳ
2797 3634 2933 3688 κατ’
2983 3633 3160 3688 αὐτῶν
3184 3635 3455 3705 ἐπεμψεν.
3501 3637 3597 3699 Ὃς
3639 3638 3737 3689 καὶ

459 3725 767 3781 eursiones.
828 3723 1069 3779 Tandem
1121 3726 1214 3781 ubi
1264 3739 1358 3782 eos
1408 3727 1556 3782 videt
1607 3743 1770 3797 supra
1823 3731 2044 3786 modum

2145 3722 2336 3793 ἐπειδὴ
2363 3723 2500 3793 περὶ
2528 3721 2682 3776 πόλιν
2716 3721 2998 3793 Ἀδριανοῦ
3024 3725 3235 3790 τούτοις
3259 3726 3538 3795 συνέμιξε,
3569 3727 3735 3798 μέχρι

461 3815 692 3878 feroces,
729 3813 906 3884 palam
955 3816 1118 3869 etiam
1167 3815 1320 3886 signa
1369 3816 1602 3884 confert,
1641 3819 1734 3874 tali
1767 3820 2042 3876 ocasione.

2149 3814 2249 3886 μέν
2275 3831 2420 3878 τινος
2447 3812 2556 3868 ἀπὸ
2584 3813 2925 3878 διαστάσεως
2974 3816 3180 3882 εἵπετο,
3205 3816 3305 3880 τάς
3335 3818 3608 3881 ἀτάκτους
3636 3819 3733 3870 τοῦ

461 3905 688 3973 Quidam
724 3919 792 3960 ex
833 3905 1222 3962 illustrioribus
1255 3907 1593 3975 Alemannis,
1637 3923 1865 3980 corpore
1915 3909 2046 3967 alie-

2146 3905 2386 3974 πλήοους
2423 3905 2800 3978 ἀνασειράζων
2826 3908 3025 3978 ὁρμάς.
3071 3908 3161 3973 Ὠς
3199 3909 3256 3962 δὲ
3289 3910 3382 3964 καὶ
3403 3911 3495 3963 ἐπὶ
3529 3909 3735 3980 μᾶλλον

459 4009 568 4063 cto,
603 3997 952 4068 Adrianopoli
988 4013 1047 4054 se
1077 3998 1131 4052 in
1164 4001 1550 4056 monasterium
1589 4012 1894 4072 receperat,
1918 4018 2042 4060 cum

2146 3997 2588 4070 θρασυνομένους
2619 3999 2818 4061 αὐτοὺς
2853 3999 3023 4072 ἐώρα,
3059 4001 3154 4054 καὶ
3203 4001 3468 4072 πολεμίας
3521 4002 3624 4073 ἤδη
3675 4003 3733 4055 ἐν

457 4087 724 4155 pecuniis,
751 4088 970 4158 alioque
1000 4090 1148 4144 omni
1178 4099 1459 4160 apparatu.
1495 4092 1547 4147 Id
1576 4092 1810 4149 Romani
1837 4095 2045 4166 aliquot

2143 4091 2222 4164 τῷ
2243 4092 2481 4163 ἐμφανεῖ
2515 4090 2772 4163 συνέμιξε
2804 4095 2996 4164 χεῖρας
3023 4094 3315 4158 ἀπἀίτίας
3343 4093 3580 4148 τοιᾶσδε.
3604 4093 3730 4146 Τῶν

461 4180 662 4234 milites
693 4194 762 4235 ex
799 4181 1140 4248 pedestribus
1174 4182 1421 4239 numeris
1451 4185 1788 4255 subodorati,
1817 4187 2044 4245 domici-

2143 4202 2266 4239 τινα
2301 4185 2718 4256 ὲπισημοτέρων
2756 4186 3077 4256 Ἀλαμανῶν
3107 4187 3173 4258 (ι)
3202 4185 3612 4258 μαλακισθέντα
3667 4186 3732 4238 τὸ

459 4270 613 4337 lium,
639 4272 923 4340 ipsumque
944 4273 1080 4328 adeo
1101 4283 1363 4343 aegrotum
1388 4275 1510 4346 igne
1536 4277 1754 4334 subdito
1774 4290 2038 4348 cremant,

2145 4278 2307 4350 σῶμα
2329 4279 2576 4349 σεμνεῖόν
2608 4295 2658 4332 τι
2681 4272 2796 4348 εἷχε
2830 4281 2939 4332 τῶν
2967 4279 3072 4333 ἀνὰ
3099 4280 3198 4350 τὴν
3230 4279 3386 4332 πόλιν
3438 4279 3727 4349 Ἀδριανοῦ

460 4364 646 4430 sicque
677 4363 924 4432 pecuniis
970 4355 1278 4431 potiuntur.
1310 4363 1482 4432 Quam
1533 4383 1646 4423 rem
1695 4369 1785 4425 ubi
1834 4373 2044 4442 accepit

2147 4369 2243 4424 σύν
2271 4387 2331 4423 τε
2359 4371 2608 4442 χρήμασι
2625 4371 2720 4423 καὶ
2751 4373 3034 4442 ἀποσκευῇ
3061 4373 3126 4442 τῇ
3158 4371 3343 4443 πάσῃ*
3376 4369 3413 4425 ἀ
3443 4370 3731 4440 φωράσαν-

461 4449 807 4516 Fredericus,
841 4452 1075 4509 Conradi
1110 4469 1177 4508 ex
1208 4455 1378 4511 fratre
1423 4473 1616 4528 nepos,
1661 4458 1823 4516 homo
1863 4461 2044 4518 incre-

2145 4463 2237 4526 τές
2265 4479 2408 4527 τινες
2451 4462 2740 4532 Ῥωμαίων
2767 4461 2876 4515 τῶν
2897 4463 2963 4516 ἐκ
2990 4462 3231 4527 πεζικῶν
3261 4462 3583 4532 καταλόγων
3613 4462 3729 4534 πῦρ

460 4541 698 4596 dibiliter
723 4543 893 4605 ferox,
918 4544 1118 4612 impetu
1146 4547 1456 4615 vehemens,
1473 4550 1726 4622 elatoque
1745 4553 2039 4610 admodum

2145 4573 2206 4610 τε
2228 4557 2298 4627 τῇ
2343 4556 2644 4624 καταγωγῇ
2682 4553 2907 4624 ὑφῆψαν
2963 4557 3060 4609 καὶ
3095 4556 3186 4608 τὸν
3244 4554 3533 4625 ἄνθρωπον
3581 4553 3728 4607 οὕτω

459 4631 680 4698 animo,
741 4635 1148 4706 Adrianopolim
1207 4653 1438 4708 propere
1498 4643 1756 4710 revertit,
1816 4647 2044 4702 duorum

2145 4645 2657 4718 προσαπολέσαντες
2705 4646 2775 4699 τὰ
2828 4647 3090 4718 χρήματα
3129 4645 3310 4715 ἔσχον.
3370 4648 3458 4710 Ὠς
3491 4641 3586 4699 οὖν
3640 4647 3726 4709 εἰς

460 4721 658 4777 itinere
689 4725 900 4779 dierum
935 4725 1242 4781 Conradum
1285 4741 1643 4801 praeverteris,
1673 4748 1738 4790 ac
1766 4745 2043 4793 monaste-

2143 4738 2315 4800 ἀκοὰς
2339 4737 2650 4808 Φρεδερίκῳ
2675 4737 2789 4806 (89)
2824 4738 2886 4790 τὸ
2921 4739 3147 4807 γεγονὸς
3180 4734 3312 4810 ἦλθε
3343 4738 3420 4808 τῷ
3444 4735 3724 4807 Κορράδου

460 4813 625 4877 rium,
659 4815 711 4868 in
749 4831 857 4884 quo
893 4818 1126 4884 primum
1155 4820 1451 4876 diverterat
1485 4822 1836 4893 Alemannus,
1863 4827 2046 4882 incen-

2139 4826 2429 4896 ἀδελφιδῷ,
2473 4826 2628 4898 ἀνδρὶ
2661 4827 2754 4880 ὑπ’
2803 4828 3163 4900 ἀσυμμέτρου
3196 4828 3489 4892 αὐθαδείας
3512 4829 3614 4898 τήν
3662 4844 3725 4880 τε

459 4905 558 4968 dit,
592 4906 778 4974 sicque
811 4907 936 4960 belli
976 4909 1318 4965 occasionem
1347 4911 1608 4968 Romanis
1641 4916 1804 4972 simul
1833 4932 1898 4973 ac
1925 4920 2043 4976 suis

2139 4920 2316 4992 ὁρμὴν
2337 4917 2624 4990 ἀκαοέκτῳ
2668 4920 2764 4973 καὶ
2811 4921 3071 4984 ἐπιεικῶς
3109 4921 3480 4992 φρονηματίᾳ,
3512 4919 3722 4989 σπουδῇ

459 4995 714 5064 ρι’ωὺυὶι.
799 4997 1112 5054 Prosuchus
1183 5001 1348 5070 igitur
1419 5004 1624 5062 idcirco
1690 5007 2040 5066 Fredericum

2141 5012 2470 5083 παλίνορσος
2499 5013 2594 5066 ἐπὶ
2626 5011 2722 5082 τὴν
2746 5011 3027 5084 Ἀδριανοῦ
3051 5009 3180 5086 ἦλθε
3203 5015 3384 5068 καίτοι
3412 5015 3557 5068 δυοῖν
3583 5013 3725 5082 ἡμέ-

1807 5129 1900 5192 Du
1933 5133 2159 5215 Cangii
2188 5139 2374 5194 notae.

492 5242 640 5330 “(33)
673 5243 914 5330 Ἀἷερος
1088 5247 1552 5330 χαριῑουλάριρς.
1623 5250 1863 5310 Basilius
1896 5255 2048 5311 Tzit-

2293 5255 2482 5326 Adfuit
2503 5257 2735 5326 egregius
2776 5255 2860 5329 ΙΡ.
2888 5255 3018 5330 MO]
3074 5257 3382 5314 Fridericus
3431 5261 3541 5312 dua:
3589 5256 3725 5312 Sue-

457 5315 781 5400 ziltt‘c'es,‘tle
807 5331 924 5400 quo
958 5315 1200 5400 Nicetes,
1231 5320 1264 5373 I.
1297 5334 1332 5385 I,
1374 5315 1518 5400 ιι.βᾲ
1577 5390 1642 5400 ___
1848 5393 1860 5400 _

2325 5315 2392 5400 _'
2531 5315 2554 5326 ⁷
2620 5315 2643 5326 ’
2776 5315 2788 5329 ’
2997 5315 3018 5330 ³
3202 5398 3239 5400 ᾗ
3353 5331 3574 5400 lucrum,

527 5385 653 5471 (ξρ)Δ
679 5385 1028 5471 ςρεδερίςιιρ.
1056 5388 1114 5471 _ld
1170 5391 1344 5458 ipsum
1376 5389 1544 5445 refert
1576 5390 1822 5462 Nicetas,
1848 5393 1885 5449 l.
1915 5409 1956 5463 1,
1993 5413 2050 5451 n.

2024 5420 2050 5451 a.
2293 5395 2475 5471 Equo
2495 5413 2590 5471 suo
2605 5405 2796 5471 patruo
2815 5400 2943 5469 regit
2963 5401 3173 5470 agmina
3198 5385 3626 5471 Teutdnicorunt,

460 5455 868 5524 5,60tefridus
905 5457 1108 5512 Viterb.
1187 5455 1205 5458 “
1806 5455 1818 5462 ⁷
1939 5455 1952 5463 ⁷
2289 5455 2544 5524 Hostibus
2572 5455 3104 5540 iirgeritttr,'pr0139it
3132 5471 3244 5540 ipse
3278 5469 3472 5540 forum.

1730 5577 2014 5642 Cornelii
2047 5580 2238 5643 Tollii
2278 5590 2467 5644 notae.

455 5667 592 5790 ra
645 5667 769 5724 Τῶν
819 5684 954 5723 τινα
1010 5668 1465 5742 ἐπισημοτέρων
1527 5676 1899 5748 Ἀλειμανῶν⁹
1974 5678 2057 5736 Ait

2135 5679 2354 5739 Nicctas
2397 5694 2703 5764 _cognatum
2754 5685 2899 5746 hunc
2947 5687 3118 5748 fuisse
3167 5693 3313 5764 regis
3367 5693 3535 5764 ipsius
3567 5691 3722 5752 Con-

489 5913 516 5944 ἵ
