4058 6468
436 398 547 463 399

1719 393 2042 455 JOANNIS
2083 392 2413 455 ClNNAMl

3592 382 3711 447 400

437 503 689 561 Exercitu
731 516 962 573 namque
1011 501 1301 572 peregrino
1341 508 1695 570 externoque,
1741 511 1849 556 tuin
1892 514 2016 571 pro-

2124 502 2216 555 καὶ
2236 501 2501 573 ἐπήλυδος
2547 499 2607 553 τι
2664 500 2763 571 μέν
2795 498 2888 552 ἐπὶ
2924 498 3138 569 ίετορίᾳ
3183 497 3284 566 τῆς
3322 494 3529 567 χώρας,
3551 496 3615 549 τὸ
3646 495 3710 548 δὲ

435 595 643 650 vincias
688 593 974 659 lustrante,
1009 602 1123 648 tum
1166 595 1235 648 ad
1270 595 1633 663 comparanda
1680 594 1798 649 usui
1830 608 2017 649 ncces-

435 687 579 740 saria
637 682 848 753 longius
907 693 1169 754 evagante
1225 684 1309 739 vel
1356 694 1701 747 excurrente,
1765 686 2018 753 utrinque

436 775 612 831 factas
664 789 789 832 esse
845 774 1118 845 injurias,
1187 775 1328 830 haud
1395 775 1645 843 equidem
1711 776 2014 828 mirandum

434 868 707 923 existimo.
744 883 761 919 ι
802 865 926 921 lltnc
967 877 1021 921 et
1057 867 1253 921 similia
1284 866 1588 921 Alemanni.
1622 866 1686 919 At
1727 867 2018 935 imperator

436 961 551 1015 luet:
602 959 857 1014 simulate
911 957 1017 1012 dici
1074 959 1438 1020 existimans,
1493 958 1545 1011 in
1600 959 1744 1014 hunc
1799 960 2016 1013 modum

436 1050 712 1120 rescripsit
748 1065 761 1101 :
796 1067 817 1101 ι
858 1048 1190 1118 Maiestatem
1239 1058 1484 1103 nostram
1530 1063 1632 1102 non
1664 1051 1815 1111 latet,
1849 1048 2018 1117 plebis

443 1142 707 1209 impetum
744 1140 1019 1209 quidpiam
1046 1153 1261 1208 semper
1289 1138 1474 1202 fuisse,
1494 1137 1638 1208 quod
1663 1153 1804 1206 argre
1829 1142 2022 1209 guber-

435 1234 553 1285 nari
582 1232 753 1301 possit
787 1246 848 1285 ac
882 1230 1130 1285 retineri.
1162 1229 1505 1299 Quapmpter
1547 1240 1603 1284 et
1644 1231 1805 1284 nobis
1849 1234 2018 1299 potis-

433 1324 632 1379 simum
683 1337 836 1388 curre,
865 1321 984 1386 fuit,
1036 1331 1095 1374 ut
1148 1323 1239 1390 qui
1272 1320 1492 1376 advena:
1522 1320 1652 1375 estis
1687 1328 1741 1375 et
1783 1322 2014 1385 externi,

435 1416 565 1470 dum
622 1428 718 1484 per
766 1411 1075 1483 provincias
1130 1422 1346 1467 nostras
1404 1413 1509 1466 iter
1560 1413 1755 1482 agitis,
1812 1412 2017 1466 nullnnt

435 1505 695 1560 dautnum
721 1504 1063 1573 pateretuini,
1100 1503 1401 1570 prmertim
1434 1518 1556 1557 cum
1586 1518 1681 1556 vos
1713 1504 1811 1572 ipsi
1846 1519 2019 1571 neque

435 1597 582 1652 malo
605 1598 784 1651 animo
826 1596 1130 1661 renissctis,
1166 1611 1340 1665 neque
1377 1596 1629 1662 injnriam
1660 1597 1813 1650 nobis
1840 1594 2021 1650 facere

437 1688 691 1757 possetis.
734 1686 842 1742 Nec
874 1703 1006 1742 sane
1036 1702 1127 1742 res
1156 1687 1315 1741 aliter
1344 1686 1461 1741 ﬁeri
1495 1690 1690 1756 potuit,
1725 1704 1790 1741 ne
1826 1688 2022 1744 violato

438 1778 833 1847 hospitalitatis
857 1778 978 1844 jure
1017 1778 1161 1833 male
1205 1780 1344 1848 apud
1390 1778 1637 1833 homines
1686 1778 2017 1834 audiremus.

380 1926 388 1935 ,
438 1871 890 1942 Quandoquidem
926 1886 1052 1924 vero
1080 1870 1169 1925 illa
1200 1871 1373 1937 vobis,
1406 1883 1591 1937 utpote
1622 1871 1753 1926 viris
1788 1872 2019 1940 pruden-

2125 1884 2265 1941 εἶναι
2326 1888 2501 1957 δήπου
2525 1888 2593 1940 τὰ
2614 1886 2843 1939 τοιαῦτα
2881 1884 3035 1937 δοκεῖ
3067 1901 3084 1917 υ

436 1961 684 2026 tissimis,
714 1974 770 2015 et
814 1960 868 2015 in
915 1960 1296 2031 investiganda
1328 1975 1509 2014 rerum
1545 1972 1741 2015 natura
1772 1961 2021 2016 solertis-

436 2055 591 2109 simis
615 2095 631 2120 ,
676 2054 781 2125 77
816 2053 1069 2108 videntur
1101 2066 1289 2106 carere
1318 2054 1466 2107 enini
1505 2052 1686 2121 culpa,
1725 2067 1821 2107 nos
1852 2052 2018 2107 etiam

438 2148 642 2219 gratias
682 2145 1031 2216 rrpendimus
1075 2162 1090 2199 :
1133 2158 1308 2214 neque
1346 2144 1491 2201 enim
1535 2146 1832 2200 curandum
1867 2147 2023 2201 nobis

438 2243 546 2294 erit
594 2240 646 2292 in
697 2247 995 2307 posterum,
1049 2247 1109 2291 ut
1154 2246 1354 2292 nostrae
1393 2236 1751 2293 multitudinis
1791 2238 2022 2308 impetus

438 2330 890 2399 contprimamus,
940 2327 1189 2396 quittimo
1231 2326 1570 2383 ascribemtts
1613 2327 1729 2382 haec
1762 2327 1907 2382 illius
1934 2327 2022 2381 iu-

439 2417 707 2481 scientiae,
725 2416 1166 2488 quandoquidem
1190 2417 1242 2472 id
1266 2431 1297 2471 a
1325 2418 1477 2472 vobis
1499 2418 1810 2473 edocetnur.
1830 2416 2022 2473 Vestra

439 2520 604 2592 igitur
637 2520 905 2583 intererit,
942 2534 1046 2574 non
1078 2517 1357 2587 dispersos
1403 2518 1678 2583 incedere,
1729 2533 1830 2573 nec
1859 2519 1933 2572 ita
1968 2519 2020 2572 in

440 2614 621 2667 alieno
646 2613 863 2681 evagari
897 2612 1034 2667 SIDIO.
1066 2610 1172 2665 Sed
1204 2627 1325 2665 cum
1356 2610 1429 2665 ita
1460 2610 1728 2675 videatur,
1758 2611 2023 2681 deturque

444 2704 665 2760 lit-entia
724 2705 986 2772 grcgarize
1037 2702 1367 2757 multitudini
1418 2703 1706 2770 utriusque
1750 2704 2023 2758 exercitus

441 2813 553 2869 quo
592 2796 718 2850 Velit
748 2798 977 2858 irruere,
1013 2809 1233 2849 neceSse
1265 2796 1368 2848 erit
1412 2806 1470 2847 ut
1505 2793 1613 2847 utttl
1641 2809 1671 2847 a
1701 2796 1768 2848 ab
1817 2793 2026 2864 indige-

373 2912 381 2921 -
441 2887 526 2941 nis
565 2887 757 2939 damna
796 2886 1073 2954 patiantur
1105 2886 1344 2939 advenae.
1386 2901 1405 2935 ι
1451 2884 1549 2937 llis
1585 2885 1764 2947 dictis,
1816 2884 2023 2953 legatos

440 2976 672 3029 dimisit.
707 2976 776 3028 At
808 2990 930 3028 cum
977 2974 1143 3044 probe
1180 2975 1368 3040 sciret,
1401 2988 1605 3043 quanto
1655 2973 2021 3028 Romanorum

441 3068 716 3121 exercitus
751 3082 977 3121 Illllilel‘O
1026 3066 1343 3120 bellatorum
1383 3065 1609 3119 inferior
1651 3077 1795 3121 esset
1832 3067 2024 3121 barba-

2117 596 2210 648 ἐπὶ
2231 594 2487 667 πορισμῷ
2512 593 2621 648 τῶν
2655 592 2974 661 ἀναγκαίων
3008 590 3307 660 πολλαχόσε
3340 590 3710 658 πλανωμένου

2119 688 2217 742 καὶ
2243 689 2686 760 περιτρέχοντος,
2724 686 2949 740 τοιαῦτα
2989 684 3335 755 ἑκατέρωθεν
3379 683 3708 754 ἁμαρτάνε-

2120 779 2244 832 σθαι
2277 779 2505 842 ἀπεικὸς
2531 774 2687 849 οῐμαι
2712 779 2887 831 οὐδέν.
2929 796 2947 828 ι
3000 776 3297 846 Ἀλαμανοὶ
3336 776 3437 845 μὲν
3460 773 3709 827 τοσαῦτα

2118 864 2294 923 εἷπον.
2325 868 2587 932 Βασιλεὺς
2619 870 2675 922 δέ
2708 869 2992 938 εἰρωνείαν
3022 869 3082 922 τὺ
3131 869 3367 936 πρᾶγμα
3400 865 3710 934 λογισάμε-

2119 978 2207 1025 νος
2237 962 2496 1031 ἠμείϐετο
2518 956 2620 1015 ὦδε
2643 980 2655 993 ·
2696 962 2860 1015 «03δέ
2888 960 2986 1032 τὴν
3012 962 3290 1031 ἡμετέραν
3321 960 3514 1029 λέληθε
3547 959 3713 1027 θαα-

2119 1054 2271 1109 λείαν
2295 1057 2330 1126 ἡ
2356 1054 2445 1108 τοῦ
2470 1055 2710 1126 πλήθους
2735 1057 2877 1127 ῥοπὴ
2897 1056 3214 1123 δυσάγωγον
3231 1072 3285 1106 τι
3308 1052 3441 1108 οὖσα
3467 1055 3561 1106 καὶ
3580 1051 3717 1105 δασ-

2121 1147 2271 1217 ήνιον
2322 1149 2407 1201 ἀεὶ
2456 1149 2672 1219 χρῆμα.
2722 1148 2942 1219 ’Δμέλει
2988 1147 3086 1201 καὶ
3133 1146 3223 1201 διὰ
3257 1147 3536 1216 φροντίδος
3572 1147 3715 1214 ἡμῖν

2119 1234 2206 1310 ἦν,
2242 1238 2360 1303 πῶς
2389 1239 2455 1292 ἂν
2485 1240 2574 1293 δια
2603 1240 2699 1309 τῆς
2721 1240 2995 1310 ἡμετέρας
3021 1238 3277 1295 ἀϐλαϐῶς
3302 1237 3534 1291 διελθεῖν
3561 1237 3717 1304 ὑμᾶς

2119 1329 2332 1396 γένοιτο
2362 1329 2546 1394 ξένους
2575 1331 2671 1383 καὶ
2698 1329 2975 1400 ἐπήλυδας
3030 1329 3232 1399 ἄνδρας
3276 1328 3373 1381 καὶ
3410 1327 3563 1381 οὐδὲν
3590 1327 3621 1379 ὃ
3653 1343 3713 1378 τι

2120 1424 2327 1477 ἀδικεῖν
2361 1425 2507 1492 ἡμᾶς
2544 1422 2667 1476 οὔτε
2698 1421 3210 1491 ἐπαγγελλομένους
3256 1417 3379 1473 οὔτε
3414 1418 3590 1480 ἄλλως
3619 1416 3715 1468 δε-

2119 1515 2474 1585 δυνημένους,
2508 1514 2583 1577 ὼς
2606 1514 2680 1586 μὴ
2714 1514 2895 1580 ξενίαν
2922 1511 3242 1575 ἀδικοῦντες
3268 1511 3427 1575 δόξαν
3451 1511 3550 1563 οὑκ
3570 1512 3715 1577 ἀγα.-

2123 1607 2221 1676 θὴν
2249 1608 2328 1676 (x)
2372 1606 2523 1677 παρὰ
2574 1604 2890 1676 ἀνθρώποις
2947 1603 3407 1673 ἀπενεγκώμεθα.
3455 1602 3609 1656 Ἐπεὶ
3661 1600 3714 1654 δ’

2123 1701 2253 1770 ὑμῖν
2305 1702 2399 1754 ἆτε
2432 1699 2828 1767 ξυνετωτάτοις
2880 1693 3003 1751 οὖσι
3030 1699 3126 1749 καὶ
3158 1697 3254 1760 τὰς
3294 1697 3404 1749 τῶν
3442 1695 3717 1766 πραγμά-

2124 1813 2232 1849 τιον
2253 1796 2446 1866 φύσεις
2474 1795 2655 1858 καλῶς
2679 1794 2958 1860 ἐξετάζειν
2986 1794 3371 1861 ἐπισταμένοις
3398 1791 3716 1860 ἀνέγκλητα

3149 1885 3331 1953 ἡμεῖς.
3351 1884 3446 1936 καὶ
3477 1884 3716 1953 χάριτας

2124 1983 2255 2052 ὑμῖν
2314 1980 2576 2050 όφλομεν.
2610 1980 2686 2035 Οὐ
2738 1980 2850 2049 γὰρ
2903 1979 2984 2031 ἔτι
3040 1976 3402 2048 φροντιοῦμεν
3462 1975 3611 2037 ὅπως
3643 1973 3717 2027 ἂν

2121 2074 2221 2145 τὴν
2255 2073 2478 2143 ὀχλικὴν
2530 2073 2639 2127 τῶν
2681 2072 2971 2143 ἡμετέρων
3027 2068 3472 2140 ἀναχαιτίσωμεν
3500 2067 3709 2135 ὁρμὴν,

2124 2165 2240 2218 ἀλλ’
2276 2164 2644 2236 ἐπιῤῥίψομεν
2674 2163 2848 2218 ταῦτα
2892 2166 2958 2233 τῇ
2988 2161 3081 2215 τοῦ
3110 2161 3350 2231 πλήθους
3397 2160 3711 2227 ἀλογιστία,

2123 2258 2306 2321 καθὼς
2329 2260 2488 2329 ὑμεῖς
2522 2254 2581 2311 εὖ
2612 2256 2894 2318 ποιοῦντες
2924 2257 3072 2325 ἡμᾶς
3116 2252 3415 2317 ἐδιδάξατε.
3466 2252 3714 2304 Συνοίσει

2121 2351 2300 2404 τοίνυν
2329 2350 2456 2420 ὑμῖν
2521 2350 2719 2419 μηκέτι
2769 2347 3049 2419 σποράδας
3076 2347 3176 2415 τὴν
3220 2345 3337 2398 ὁδὸν
3373 2344 3533 2407 ἱέναι,
3565 2340 3709 2411 μηδέ

2123 2441 2294 2505 οὕτως
2322 2442 2416 2494 ἐπὶ
2468 2439 2628 2511 ξένης
2674 2440 3008 2493 πλανᾶσθαι.
3068 2435 3293 2507 Ἐπειδὴ
3315 2435 3423 2507 γὰρ
3452 2435 3592 2488 οὑτω
3621 2435 3711 2487 δέ·

2123 2534 2334 2599 δοκται,
2378 2535 2473 2588 καὶ
2525 2535 2734 2587 ἀνεῖται
2770 2533 2885 2596 τοῖς
2924 2531 3161 2603 πλήθεσι
3213 2529 3345 2599 παρ’
3381 2527 3714 2598 ἀμφοτέρων

2123 2628 2246 2690 ταῖς
2301 2627 2533 2689 οίκείαις
2588 2625 2833 2696 χρῆςθαι
2895 2626 3120 2695 ὁρμαῖς,
3181 2622 3355 2676 πολλὰ
3420 2619 3558 2691 πρὸς
3594 2620 3710 2672 τῶν

2125 2712 2467 2789 αὐτοχθιίνων
2518 2717 2853 2770 πεπονθέναι
2875 2718 3002 2779 τοὺς
3034 2715 3223 2782 ξένους
3254 2714 3427 2777 είκός.
3466 2732 3486 2766 ι
3522 2711 3714 2766 Ταῦτα

2124 2810 2295 2863 εἰπὼν
2347 2810 2546 2873 αὑτοὺς
2599 2810 2699 2881 μὲν
2766 2810 3163 2880 ἀπεπέμψατο,
3200 2808 3290 2861 τὸν
3317 2807 3375 2861 δέ
3420 2805 3712 2875 Ῥωμαίων

2128 2902 2357 2971 στρατὸν
2383 2902 2577 2972 πλήθει
2613 2901 2712 2972 μὲν
2761 2902 2913 2973 παρᾶ
2974 2902 3109 2955 πολὺ
3140 2899 3236 2953 τοῦ
3262 2899 3372 2953 τῶν
3406 2898 3713 2970 Βαρϐάρων

2125 2993 2529 3064 ἐλασσούμενον
2574 2994 2756 3060 εἰδὼς,
2803 2995 3087 3067 ἐπιστήμῃ
3116 2992 3174 3046 δὲ
3210 2995 3578 3067 στρατιωτικῇ
3614 2995 3715 3046 καὶ

2126 3085 2394 3156 καρτερίᾳ
2431 3087 2497 3156 τῇ
2554 3087 2683 3155 περὶ
2730 3084 2834 3148 τὰς
2895 3064 3081 3154 μάχας
3140 3082 3382 3152 τοσοᾶτῳ
3410 3064 3475 3152 δὴ
3508 3082 3715 3150 μᾶλλον

443 3150 578 3225 rico,
611 3168 763 3213 tanto
798 3160 1029 3213 scientia
1067 3161 1142 3212 rei
1194 3158 1446 3213 militaris
1480 3166 1534 3212 et
1567 3159 1621 3213 iu
1663 3158 1860 3228 praeliis
1890 3176 2021 3212 cou-

2129 3177 2580 3242 πλεονεκτοῦντα,
2634 3174 2818 3228 τοιάδε
2871 3174 3097 3228 ἐνενόει.
3166 3168 3272 3227 Τὸν
3315 3173 3560 3243 Προσοῦχ
3614 3171 3715 3225 καὶ

443 3253 643 3308 stantia
672 3252 1002 3321 prtecellcre,
1033 3250 1294 3319 ejusmodi
1324 3251 1609 3306 consilium
1635 3252 1798 3321 capit.
1830 3249 2027 3306 Prosu-

442 3345 545 3397 cho
602 3352 658 3397 et
716 3341 1060 3412 Tzicandyhe
1118 3342 1348 3412 aliisque
1405 3342 1603 3397 ducum
1662 3341 2024 3397 Romanorum

441 3435 814 3505 c0mplttrihtts
833 3435 1012 3503 jubet,
1060 3442 1118 3487 ut
1145 3434 1397 3488 idoneum
1442 3434 1771 3489 contrahant
1815 3434 2028 3488 excrci-

441 3536 580 3590 ktm,
612 3538 666 3579 et
691 3524 1005 3579 Alemannis
1049 3540 1078 3578 α
1127 3523 1306 3579 fronte
1338 3534 1634 3594 opponant,
1669 3525 1933 3579 instructa
1970 3526 2026 3581 in

447 3618 592 3671 hunc
630 3618 845 3671 modum
888 3619 1025 3671 acie.
1085 3617 1321 3671 lutbcllis
1365 3629 1419 3670 et
1458 3617 1706 3686 gregario
1754 3615 2028 3670 exercitus

446 3708 601 3759 turba
653 3705 891 3775 longius,
935 3713 990 3759 et
1036 3720 1066 3758 a
1112 3713 1310 3775 quarto
1343 3704 1564 3759 circiter
1602 3713 1773 3759 staret
1817 3704 1971 3773 signo
2008 3723 2023 3761 :

441 3806 554 3850 tum
587 3798 766 3867 gravis
796 3806 1072 3850 armatura
1112 3804 1166 3850 ct
1194 3796 1556 3864 cataphracti,
1592 3795 1683 3864 qui
1713 3795 1910 3851 deinde
1937 3811 2030 3851 ve-

442 3889 735 3943 locissimis
764 3888 919 3957 equis
946 3896 1174 3941 utuntur
1206 3887 1445 3957 equites,
1469 3887 1704 3958 denique
1733 3886 1949 3959 Scythae
1974 3888 2027 3943 in

445 3978 648 4044 fronte,
673 3979 963 4048 Persasque
986 3986 1041 4033 ct
1061 3977 1329 4048 sagittarii
1361 3976 1612 4031 Romani.
1646 3978 1719 4032 Ita
1750 3978 2028 4033 ordinatas

445 4071 564 4140 copi
587 4085 629 4126 vs
662 4082 721 4125 ut
753 4082 1090 4140 conspexere
1133 4068 1440 4134 Alemanni,
1474 4084 1687 4125 summo
1720 4070 1890 4124 animi
1934 4084 2028 4123 ar-

441 4164 573 4215 dore
599 4161 962 4232 tumultuque.
997 4161 1048 4215 in
1075 4160 1198 4216 illos
1223 4160 1426 4231 pernici
1464 4159 1740 4216 celeritate
1772 4161 2025 4216 irruunt:

444 4256 497 4307 iit
526 4266 678 4308 atrox
727 4270 926 4324 pugna,
967 4265 1023 4308 et
1053 4254 1228 4309 caedes
1260 4253 1451 4323 ingens
1482 4252 1663 4308 editur
1696 4252 2030 4310 Alemanno—

445 4360 584 4398 rum.
611 4342 818 4415 Quippe
844 4342 1097 4410 Romani,
1120 4347 1245 4397 dum
1270 4343 1573 4399 subeuntes
1593 4344 1777 4399 hostes
1799 4343 2026 4398 militari

445 4436 637 4504 peritia
699 4434 1019 4503 excipiunt.
1072 4449 1168 4490 eos
1222 4435 1492 4489 cecidere.
1555 4433 1842 4489 Conradus
1892 4434 2027 4489 nihil

2126 3269 2218 3321 τὸν
2243 3267 2615 3339 Τζικανδύλην
2647 3269 2742 3322 καὶ
2768 3265 3058 3330 πλείστους
3081 3266 3274 3329 ἄλλους
3296 3266 3716 3335 τῶνῬωμαίων

2130 3358 2456 3429 στρατηγῶν
2481 3359 2705 3412 ἐκέλευε
2744 3358 3066 3429 στράτευμα
3098 3357 3473 3425 ἐπαγομένους
3529 3354 3717 3408 ίκανδν

2128 3451 2545 3521 ἀντιμετώπους
2587 3451 2917 3521 ’Δλαμανοῖς
2965 3447 3249 3511 ἵστασθαι,
3282 3447 3553 3512 τάξασθαι
3585 3447 3715 3517 μέν·

2127 3558 2213 3595 τοι
2241 3535 2366 3597 ὧδε.
2390 3540 2464 3595 Τὸ
2496 3541 2598 3608 μὶν
2628 3538 3055 3624 ἀπολεμώτερον
3086 3539 3184 3594 καὶ
3214 3537 3404 3608 ὥσπερ
3450 3538 3716 3605 ἀγελαῖον

2127 3631 2223 3686 τοῦ
2255 3633 2490 3705 στρατοῦ
2554 3632 2846 3705 πόρρωθεν
2899 3634 2995 3687 καὶ
3033 3632 3110 3697 ὼς
3159 3632 3269 3685 ἀπὸ
3303 3631 3550 3701 σημείων
3582 3630 3718 3701 στῆ·-

2128 3739 2219 3776 ναι
2245 3722 2558 3792 τεττάρωνο
2618 3722 2761 3791 μετά
2792 3720 2849 3775 δέ
2880 3720 3040 3775 τοῦτο
3103 3722 3230 3775 ὅσον
3286 3721 3568 3774 ὁπλιτικὸν
3615 3722 3716 3775 καὶ

2129 3814 2539 3885 κατάφρακτον*
2577 3813 2704 3883 ἐξῆς
2740 3813 2797 3867 δέ
2828 3814 2953 3877 τοὺς
2976 3813 3092 3866 ὅσοι
3116 3813 3445 3883 ταχυπόδων
3477 3811 3715 3865 ἐπέϐαι-

2128 3913 2219 3950 νον
2247 3897 2453 3949 ῖππων·
2479 3896 2793 3958 τελευταῖον
2824 3895 2879 3948 δὲ
2910 3897 3004 3948 καὶ
3040 3896 3180 3964 μετά
3214 3895 3468 3964 μέτωπον
3499 3892 3717 3956 Σκύθας

2128 3987 2246 4058 ἅμα
2272 3988 2509 4059 Πέρσαις
2538 3988 2632 4041 καὶ
2662 3987 2723 4040 τὸ
2749 3985 3041 4057 Ῥωμαίων
3063 3985 3301 4050 τοξικόν.
3318 3985 3579 4055 Ῥωμαῖοι
3613 3986 3715 4053 μὲν

2127 4081 2221 4136 οὖν
2244 4082 2383 4135 κατὰ
2398 4080 2572 4133 ταῦτα
2598 4080 2838 4141 ἐποίουν,
2880 4079 3173 4161 ’ἀλαμανοὶ
3205 4078 3263 4132 δέ
3295 4077 3369 4161 ὡς
3392 4072 3530 4131 εἶδον
3553 4076 3715 4161 θυμῷ

2130 4163 2312 4235 πολλῷ
2338 4164 2431 4217 καὶ
2478 4162 2709 4234 θορύϐῳ
2743 4159 2994 4233 ἐχόμενοι
3054 4161 3241 4232 δρόμῳ
3274 4159 3540 4231 ἐχώρουν.
3573 4160 3715 4212 Συν-

2132 4256 2344 4310 ίσταται
2375 4254 2556 4309 τοίνυν
2608 4253 2756 4325 μάχη
2825 4253 3094 4327 καρτερὰ,
3151 4251 3244 4306 καὶ⁵
3272 4251 3432 4321 φόνος
3469 4249 3713 4320 Ἀλαμα-

2130 4346 2238 4401 νῶν
2299 4345 2465 4410 πολὺς
2521 4348 2759 4414 γίνεται.
2808 4344 3076 4415 Ῥωμαῖοι
3124 4343 3235 4415 γὰρ
3298 4342 3395 4421 cbo
3425 4340 3713 4413 ἐπιστήμῃ

2130 4438 2385 4502 ἐπιόντας
2412 4438 2609 4503 αὑτοὺς
2637 4437 2996 4508 ὑφιστάμενοι
3042 4436 3305 4491 ἔκτεινον.
3338 4435 3615 4507 Κορράδος
3654 4433 3719 4488 δὲ

444 4541 630 4579 eorum
662 4542 782 4596 qua‘
808 4528 1120 4580 acciderant
1158 4530 1404 4592 edoctus,
1441 4527 1588 4582 ferox
1618 4528 1815 4593 adhuc,
1850 4527 2009 4582 tumi-

2125 4535 2278 4590 οὑπω
2306 4551 2359 4589 τι
2388 4535 2739 4603 πεπυσμένος
2772 4531 2860 4605 [Ρ.
2880 4530 2973 4603 ﬂ]
3003 4530 3113 4584 τῶν
3138 4529 3449 4599 γεγονότων
3483 4526 3716 4597 σοϐαρὸς

448 4620 662 4687 dusque
711 4618 822 4688 78
856 4629 910 4673 et
965 4635 1156 4689 magna
1215 4635 1309 4689 Spe
1362 4620 1548 4689 plenus
1603 4621 1929 4675 consederat
1975 4621 2029 4675 in

444 4712 663 4766 Cdail'is.
700 4711 767 4763 At
792 4712 1109 4779 imperator,
1144 4727 1251 4780 quo
1287 4713 1523 4780 priorem
1551 4712 1691 4766 illius
1720 4712 2028 4778 superbiam

447 4803 762 4855 retunderet
792 4803 1198 4872 sugillaretqne,
1226 4804 1433 4871 litteras
1462 4804 1609 4857 misit
1634 4818 1701 4858 eo
1735 4803 2024 4880 verborum

449 4903 704 4946 contextu
737 4908 753 4947 :
788 4911 806 4943 ι
853 4891 919 4946 Ut
947 4909 1104 4945 nemo
1130 4905 1372 4949 nostrum
1411 4896 1644 4964 ignorat,
1682 4910 1902 4964 equum,
1936 4897 2026 4964 qui

443 4986 661 5039 frenum
696 5000 802 5038 non
836 4986 1057 5053 patitur,
1088 4985 1220 5038 nihil
1254 4988 1514 5055 prodesse
1542 4989 1740 5041 sessori
1766 5001 1885 5048 suo.
1918 4987 2028 5041 imo

440 5078 693 5132 crebrius
721 5080 786 5129 ad
821 5093 1090 5145 prterupta
1124 5076 1271 5131 illum
1305 5078 1549 5145 deferre;
1585 5082 1907 5141 exercitum,
1933 5080 2021 5148 qui

446 5167 832 5234 imperantium
877 5171 1127 5221 mandata
1167 5169 1437 5224 detrectat
1477 5169 1556 5223 vel
1596 5171 1839 5239 Itt‘gligil,
1884 5172 2026 5239 ipsos

443 5271 499 5317 ut
531 5261 819 5331 plurimum
849 5258 1018 5315 duces
1065 5261 1302 5330 objicere
1348 5261 1603 5330 periculis
1637 5279 1651 5316 :
1687 5263 1759 5316 ita
1805 5264 2028 5319 minime

2128 4628 2211 4680 ἐτι
2256 4624 2499 4695 καθῆστο
2542 4624 2637 4678 καὶ
2694 4625 2786 4677 ἐπὶ
2828 4624 3082 4694 μακραῖς
3133 4622 3332 4691 ὠχεῖτο
3357 4621 3595 4673 ἐλπίσιν.
3651 4618 3717 4671 ὐ

2124 4719 2308 4775 zoivuv
2354 4716 2610 4788 βασιλεὺς
2633 4718 2732 4787 τῆς
2763 4717 3038 4786 προτέρας
3067 4714 3234 4768 αὑτὸν
3265 4712 3714 4785 ἐπικερτομῆσαι

2129 4810 2300 4864 θέλων
2335 4808 2638 4881 ὑπεροψίας
2660 4809 2951 4863 ἀπέστειλε
2985 4808 3184 4862 τοιάδε’
3221 4825 3241 4857 ι
3269 4806 3416 4861 Ἔδει
3445 4808 3545 4877 μὲν
3563 4806 3716 4876 ἡμᾶς

2130 4901 2309 4953 ἐκεῖνο
2343 4900 2523 4962 καλῶς
2586 4899 2817 4964 είδὸτας,
2850 4899 2926 4963 ὡς
2954 4898 3081 4952 οὔτε
3120 4900 3286 4962 ῖππος
3317 4899 3585 4970 κρείττων
3616 4915 3719 4965 φε-

2134 4991 2362 5063 ρόμενος
2390 4990 2612 5061 χαλινοῦ
2637 4990 2885 5062 ὀνήσειεν
2910 4991 2975 5044 ἀν
2994 4991 3087 5045 τὸν
3106 4989 3401 5059 ἐπιϐάτην,
3434 4991 3484 5043 εί
3515 4990 3589 5060 μὴ
3620 4991 3719 5043 καὶ

2133 5084 2277 5137 κατά
2312 5081 2557 5154 κρημνοῦ
2616 5082 2805 5135 τοῦτον
2837 5083 3096 5145 πολλάκις
3135 5083 3588 5151 συγκατενέγκοι,
3619 5081 3723 5133 καὶ

2134 5176 2449 5245 στράτευμα
2501 5173 2557 5227 δέ
2623 5176 2820 5238 ἐκεῖνο,
2874 5174 2902 5227 ὃ
2955 5176 3029 5245 μὴ
3098 5175 3206 5227 τῶν
3256 5172 3720 5243 στρατηγούντων

2136 5265 2343 5328 ἐπαῖοι,
2369 5264 2648 5329 κινδύνοις
2681 5264 3028 5337 περϐἀλλειν
3076 5267 3151 5330 ὡς
3204 5265 3407 5319 ἐπίπαν
3440 5258 3549 5317 οἶδε
3589 5266 3720 5329 τοὺς

1717 5419 2005 5482 Cornelii
2041 5420 2231 5483 Tollii
2266 5429 2452 5484 nolis.

512 5541 590 5610 (κ)
643 5541 737 5608 Ὡς
764 5542 850 5612 μὴ
891 5541 1099 5606 ξενίαν
1127 5540 1473 5605 ἀδικοῦντες
1491 5540 1681 5604 δόξαν
1714 5542 1825 5593 οὑκ
1870 5541 2014 5611 ἁγα-

442 5610 577 5676 οήν.
622 5610 848 5666 Sacrum
901 5616 1173 5681 quondam
1204 5615 1519 5665 mmtalilnts
1549 5623 1601 5664 et
1636 5615 1776 5663 haud
1810 5610 2010 5681 temere

440 5684 745 5751 \'_:it|.itttlitttt
781 5695 891 5734 erat
922 5680 1011 5749 jus
1043 5682 1174 5734 illul
1211 5681 1611 5751 hospitalitatis.
1668 5680 1891 5751 luder'l‘.
1941 5683 2006 5747 ρ.

442 5749 720 5819 ῼιὶκιιὶιιιιε
774 5752 936 5805 υ.ιιίὶυ
991 5751 1289 5819 Campano,
1313 5749 1612 5819 aliquando
1667 5750 1860 5815 hospiti
1910 5768 2008 5804 suo

444 5816 646 5883 lioatut,
719 5833 829 5873 tum
868 5838 991 5876 vero
1034 5816 1346 5878 lacessentis
1402 5816 1454 5876 et
1484 5823 1840 5891 provocanti:
1898 5820 2008 5873 Nec

2118 5543 2239 5606 sibi,
2303 5559 2393 5596 nec
2444 5543 2544 5608 illi,
2600 5544 2773 5597 hostes
2803 5544 3002 5610 deesse,
3043 5545 3097 5597 in
3130 5545 3321 5613 quibus
3351 5545 3597 5598 virtutem
3627 5562 3717 5598 0s-

2118 5617 2335 5665 leudant
2363 5630 2381 5667 .'
2406 5631 2458 5665 se
2490 5616 2554 5665 ab
2581 5632 2660 5678 eo,
2694 5631 2721 5667 e
2745 5617 2852 5667 i'tm
2886 5618 2929 5669 si
2963 5620 3075 5668 acie
3102 5628 3371 5681 occurrat,
3406 5617 3715 5668 declinatu-

2119 5699 2256 5806 run,
2287 5700 2349 5736 ne
2385 5685 2791 5807 [lolsgilltllCtL'tle
2810 5689 3053 5739 dextrum
3090 5688 3241 5741 t‘iolcl
3272 5705 3291 5753 ;
3331 5689 3472 5757 apud
3499 5685 3716 5740 Livium

2141 5790 2156 5806 .
2185 5770 2312 5807 stu.
2347 5773 2398 5807 c.
2511 5794 2523 5807 .

2141 5790 2156 5806 .
2185 5770 2312 5819 stu,
2347 5773 2398 5809 c.
2441 5770 2523 5809 to.
