4058 6420
331 341 435 407 (Ol

1540 345 2092 408 HISTORIARUM
2131 347 2281 410 LIB.
2317 347 2401 408 II.

3487 337 3597 404 402

331 457 635 525 ἄρχοντας,
673 453 750 524 μὴ
774 455 918 508 οὕτω
978 456 1379 527 στρατεύμασιν
1408 458 1632 528 ἐφήσειν
1653 461 1765 520 τοῖς
1796 459 1923 510 ἐαυ-

2041 474 2122 514 )ar
2169 468 2282 513 erat
2340 455 2617 526 indulgere
2658 453 2918 510 militibus
2956 451 3180 514 nostris,
3232 460 3289 506 ut
3342 453 3481 507 inter
3534 468 3595 507 se

329 548 450 599 τῶν
508 546 653 614 πρὸς
703 547 803 608 τὰς
854 547 1058 611 οἰκείας
1109 549 1348 618 ἑκάτερα
1397 548 1662 618 φέρεσθαι
1719 549 1916 618 ὁρμάς.

341 638 503 690 Ἐπεὶ
541 636 590 689 δ’
615 637 715 690 οὐκ
753 634 851 689 οἷδ’
880 639 907 690 ὅ
934 653 984 689 τι
1010 637 1202 690 παθὼν
1239 638 1303 691 σύ
1339 656 1398 691 τε
1437 638 1704 710 πρότερον
1745 655 1922 692 κατω-

327 731 653 799 λιγώρηκας
676 729 871 783 τούτου
919 733 1012 786 καὶ
1070 734 1132 786 τὸ
1179 733 1447 802 ἡμέτερον
1496 734 1553 786 δὲ
1583 736 1785 803 κράτος
1815 736 1920 788 ὅσα

329 822 434 873 καὶ
461 820 600 888 φίλῳ
658 821 1111 892 προσφερόμενον
1146 822 1246 890 τῆς
1289 824 1463 893 αὐτῆς
1493 825 1780 892 γεγονέναι
1836 842 1920 878 σοι

329 911 568 978 γνώμης
600 911 922 975 ἀνέπεισας,
970 913 1074 981 ἡδη
1105 912 1424 980 συλλόγισαι
1450 914 1574 967 τίνα
1599 915 1728 984 ὑμῖν
1765 915 1796 984 ἡ
1823 913 1920 967 τοῦ

335 999 584 1069 πλήθους
641 999 1014 1070 προύξένησεν
1065 1000 1372 1070 ἐλευθερία.
1429 1003 1777 1073 Πυνθάνομαι
1812 1003 1921 1073 γάρ

329 1090 415 1152 ὡς
467 1091 644 1159 ὀλίγος
705 1093 997 1163 Ῥωμαίων
1044 1095 1276 1163 στρατὸς
1343 1094 1671 1165 Ἀλαμανῶν
1724 1096 1921 1164 πλήθει

333 1184 440 1235 οὐκ
468 1184 931 1256 εὐκαταφρονήτῳ
961 1185 1269 1256 περιτυχὼν
1306 1188 1494 1250 κακῶς
1532 1188 1663 1241 αὐτὸ
1684 1189 1917 1243 διέθετο.

335 1275 418 1326 Τὸ
439 1275 544 1342 γὰρ
571 1274 832 1345 αὐτόχθον
881 1277 978 1330 καὶ
1033 1278 1302 1348 ἐγχώριον
1351 1279 1822 1348 ὲπικρατέστερον
1847 1279 1923 1344 ὼς

333 1365 547 1418 ἐπίπαν
598 1367 703 1419 τῶν
743 1368 1032 1437 ἐπηλύδων
1093 1371 1188 1422 καὶ
1237 1369 1405 1434 ξένων
1453 1370 1600 1438 φιλεῖ
1649 1371 1920 1438 γίνεσθαι.

344 1456 520 1527 Ἦμῖν
544 1459 599 1511 δὲ
646 1460 767 1512 οὐδὲ
820 1461 1074 1526 κολάζειν
1128 1462 1346 1528 ἐξέσται
1397 1465 1510 1527 τοῖς
1567 1463 1800 1532 πλήθεσι
1825 1462 1923 1534 τὴν

334 1549 620 1604 ἀσέϐειαν.
685 1552 804 1614 Πῶς
861 1555 1010 1623 γάρς
1070 1547 1155 1616 οἷς
1206 1554 1466 1620 καθάπαξ
1517 1555 1656 1624 πρὸς
1695 1553 1924 1625 γνώμην

335 1637 596 1709 ὲνέδομεν
659 1642 924 1712 φέρεσθαι
983 1642 1082 1714 τὴν
1122 1643 1322 1699 αὐτῶν.
1354 1646 1417 1698 Εἰ
1460 1647 1641 1700 τοίνυν
1672 1647 1766 1700 κα)⁸
1791 1645 1924 1700 αὑτό

336 1747 427 1783 σοι
481 1731 647 1798 δοκεῖ,
701 1733 994 1788 ἀνθεκτέον
1047 1737 1141 1789 καὶ
1171 1736 1337 1790 πάλιν
1388 1737 1547 1808 ἡνίας
1574 1737 1924 1808 ἀμφοτέρους

335 1821 441 1891 τῆς
471 1824 706 1892 ἀρχικῆς
752 1827 850 1880 καὶ
902 1827 1332 1898 ἀνασειραστέον
1385 1833 1503 1892 τοῖς
1540 1832 1924 1899 στρατεύμασι

336 1913 446 1975 τὰς
468 1914 667 1984 ὁρμάς.
704 1915 796 1986 Μὴ
851 1916 1043 1971 δοκοῦν
1069 1917 1126 1971 δέ
1167 1934 1270 1983 σοι,
1315 1919 1491 1972 ταῦτα
1545 1920 1644 1990 μὲν
1669 1919 1926 1991 μενετέον

340 2003 441 2054 ἐπὶ
469 2005 576 2056 τῶν
606 2006 908 2075 παρόντων.
947 2007 1021 2061 Τό
1044 2025 1106 2076 γε
1143 2007 1250 2080 μὴν
1277 2010 1676 2082 πεπραγμένον
1737 2010 1928 2081 σαφῶς

340 2097 480 2166 ἡμῖν
505 2097 840 2167 δεδηλώσθω.
869 2117 888 2152 ι

426 2193 523 2250 ις’-
555 2185 634 2240 Τὰ
665 2189 763 2274 μὲν
789 2189 852 2259 δὴ
880 2189 974 2244 τοῦ
1007 2191 1277 2262 βασιλέως
1308 2195 1367 2248 ὲν
1393 2193 1606 2258 τούτοις
1639 2196 1928 2258 ἐτελεύτα.

345 2277 629 2346 Κορράδος
661 2278 719 2331 δὲ
747 2311 750 2315 ~
779 2279 934 2334 οῠπω
993 2283 1104 2336 τῶν
1152 2283 1480 2356 ’Δλαμανοϊς
1535 2287 1929 2358 συμπεσόντων

345 2369 747 2434 ἑνωτισάμενος
797 2374 949 2426 οὐδὲν
995 2375 1200 2430 τούτων
1239 2378 1338 2446 μὲν
1371 2378 1483 2432 οὐδ’
1538 2379 1926 2451 ἐπεστράφθαι

346 2459 413 2510 τὸ
444 2461 702 2528 παράπαν
754 2464 950 2518 ἐδόκει.
1011 2466 1275 2535 Δρόμωνα
1304 2468 1361 2521 δὲ
1413 2469 1504 2522 τὸν
1533 2469 1803 2539 βασίλειον
1835 2475 1932 2528 καὶ

348 2551 454 2610 τὰς
499 2553 748 2621 συνήθεις
823 2556 1085 2626 σταλῆναί
1139 2560 1189 2612 οἱ
1253 2562 1390 2630 πρὸς
1453 2561 1717 2632 βασιλέως
1777 2566 1930 2634 ἠξίου

348 2643 623 2711 τριήρεις.
661 2645 745 2712 ἐφ’
780 2636 824 2711 ᾧ
873 2647 1009 2716 πρὸς
1034 2646 1133 2717 τὴν
1157 2648 1409 2705 διάϐασιν
1431 2653 1614 2718 αὐτοῖς
1645 2657 1930 2726 χρήσαιτο.

353 2734 467 2786 Καὶ
505 2736 550 2786 εὶ
605 2735 678 2808 μὴ
729 2735 924 2792 θᾶττον
973 2740 1233 2808 ἀφίκοντο
1285 2744 1423 2816 πρὸς
1477 2747 1661 2810 αὐτὸν,
1715 2750 1934 2819 ἠπείλει

355 2827 584 2891 πολλαῖς
638 2831 694 2892 ἐς
715 2831 890 2886 νέωτα
947 2836 1175 2904 μυριάσι
1233 2835 1334 2908 τὴν
1385 2839 1930 2913 πόλιν,περιϐαλεῖν.

355 2918 558 2987 Πρὸςδ
613 2922 929 2992 χαλεπήνας
983 2927 1011 2979 ὁ
1067 2926 1326 2997 βασιλεὺς
1383 2930 1567 2985 οὐκέτι
1621 2934 1814 3006 μέχρις
1856 2939 1938 2990 εί-

361 3010 594 3078 ρωνείαί
647 3013 738 3068 τὸν
794 3014 1033 3080 ἀλαζόνα
1084 3017 1418 3088 ἀμείϐεσθαι
1466 3021 1681 3091 ἡθελεν.
1759 3027 1924 3082 Ὅθεν

2023 550 2254 606 invicem
2282 563 2380 618 pro
2403 547 2628 601 arbitrio
2652 544 2832 600 collidi
2860 554 3188 613 pateremur.
3217 544 3280 596 At
3308 554 3593 610 postquam

2021 643 2168 698 aliud
2213 643 2356 696 forte
2407 640 2652 708 cogitans
2707 647 2763 692 tu
2823 637 2938 691 haec
2992 635 3272 706 neglexisti
3321 636 3594 702 primum,

2023 743 2377 802 nostramque
2425 733 2761 800 maiestatem
2796 743 2914 797 qua:
2960 737 3012 782 te
3055 737 3113 781 ut
3154 729 3384 779 amicum
3423 728 3488 779 de
3529 726 3598 778 iis

2023 827 2402 889 admonuerat,
2451 822 2732 886 induxisti,
2779 829 2839 874 ut
2885 824 3071 874 eadem
3103 827 3383 870 uteremur
3423 816 3599 869 indul-

2021 919 2199 989 gentia
2233 935 2246 971 :
2283 931 2428 970 nunc
2469 914 2686 969 tamlem
2727 910 2962 979 percipe,
2999 908 3127 978 quid
3170 907 3416 960 utilitatis
3447 907 3598 960 vebis

2023 1009 2319 1065 contulerit
2374 1003 2635 1074 ejusmodi
2693 1000 2910 1056 licentia
2969 998 3348 1053 tttttltittttlinis.
3403 997 3600 1064 Act-cpi

2022 1104 2166 1157 enim
2195 1101 2445 1170 exiguam
2475 1097 2846 1151 Romanorum
2876 1107 3119 1157 manum,
3149 1106 3270 1144 eum
3305 1091 3447 1142 baud
3479 1106 3606 1142 con-

2023 1193 2330 1249 temnendis
2377 1191 2800 1243 Alemannorum
2848 1184 3020 1253 copiis
3060 1196 3431 1251 congressum,
3463 1177 3606 1232 male

2023 1299 2117 1339 eas
2153 1281 2451 1351 accepisse.
2485 1278 2622 1334 Fere
2666 1278 2809 1332 enim
2843 1290 3057 1342 semper
3101 1272 3320 1334 accidit,
3356 1279 3414 1324 ut
3459 1267 3604 1320 indi-

2023 1391 2175 1446 genae
2205 1375 2428 1443 ipsoque
2459 1369 2628 1425 innati
2666 1368 2804 1432 solo,
2846 1365 3069 1420 advenis
3109 1375 3163 1417 et
3191 1362 3467 1418 extraneis
3497 1360 3606 1413 sint

2024 1468 2183 1536 longe
2238 1465 2506 1519 fortiores.
2572 1459 2758 1529 Neque
2818 1459 2977 1513 nobis
3039 1455 3182 1523 vulgi
3240 1452 3599 1524 petulantiam

2024 1559 2296 1623 castigare
2333 1557 2478 1610 licet.
2519 1553 2618 1621 Qui
2653 1552 2796 1606 enim
2838 1550 3160 1620 poterimus,
3202 1547 3402 1614 quibus
3446 1560 3606 1613 agere

2026 1666 2123 1722 pro
2156 1649 2311 1704 libittt
2348 1644 2710 1700 indulsimus?
2739 1641 2936 1696 Verum
2971 1641 3016 1695 si
3050 1649 3104 1694 et
3138 1639 3232 1692 tibi
3266 1638 3336 1691 ita
3369 1636 3606 1695 videtur,

2031 1741 2243 1794 discant
2267 1737 2435 1806 copiae
2459 1750 2602 1789 nunc
2623 1748 2812 1803 parere
2831 1734 3022 1787 ducem
3053 1729 3316 1798 imperiis,
3341 1736 3393 1782 et
3420 1742 3607 1781 carum

2031 1841 2346 1887 coerceatur
2377 1828 2634 1894 impetus.
2669 1824 2761 1878 Sin
2797 1822 2903 1877 alia
2932 1831 3016 1876 est.
3063 1818 3357 1882 sententia,
3401 1826 3611 1871 Stemus

2029 1922 2420 1994 praesentibus;
2457 1917 2760 1988 saltemqne
2788 1915 3010 1985 vulgare
3045 1912 3208 1966 liceat
3231 1909 3372 1980 quod
3395 1923 3426 1962 a
3455 1906 3619 1990 nobis

2028 2025 2235 2088 gestum
2270 2023 2372 2070 est.
2411 2031 2431 2066 ι

2105 2191 2196 2246 l6.
2228 2185 2506 2260 Ejusmodi
2539 2184 2641 2241 l'uit
2666 2181 2891 2254 epistola
2923 2176 3290 2251 imperatoris.
3327 2171 3610 2231 Conratlus

2032 2285 2258 2343 interea.
2307 2280 2541 2334 nondum
2601 2285 2852 2346 percepto
2887 2275 2952 2329 de
2988 2273 3410 2326 Alemannorum
3461 2266 3615 2320 clade

2034 2375 2249 2437 nuntio,
2282 2371 2351 2426 de
2395 2369 2560 2440 priori
2603 2367 2800 2422 ferocia
2836 2364 3115 2419 remisisse
3156 2377 3262 2415 non
3303 2359 3612 2413 videbatur.

2033 2465 2144 2537 79
2167 2463 2419 2531 Quiuinto
2456 2459 2774 2515 dromonem
2804 2453 3234 2525 imperatorium,
3255 2460 3306 2504 et
3325 2457 3610 2504 consuetas

2037 2557 2312 2620 triremes,
2341 2553 2538 2622 quibus
2566 2549 2632 2605 ad
2670 2545 3113 2602 transmittendas
3155 2542 3341 2612 cepias
3372 2548 3615 2593 uteretur

2035 2649 2102 2703 ab
2131 2649 2451 2717 imperatore
2486 2629 2818 2713 postulabat;
2869 2653 2932 2692 ac
2983 2637 3035 2690 ni
3065 2633 3353 2691 confestim
3384 2630 3617 2685 adduce-

2038 2748 2248 2802 rentur,
2277 2738 2524 2807 proximo
2548 2750 2607 2789 se
2627 2747 2772 2788 anno
2797 2729 2981 2784 multis
3009 2742 3131 2782 cum
3158 2723 3396 2778 millibus
3423 2721 3614 2774 urbem

2041 2833 2212 2902 ipsam
2271 2827 2676 2883 obvallaturum
2733 2821 3064 2878 minabatur.
3123 2813 3504 2888 Indignissime
3565 2810 3619 2863 id

2039 2925 2220 2978 ferens
2244 2923 2560 2990 imperator,
2583 2931 2690 2974 non
2717 2914 2826 2985 jam
2858 2911 3102 2972 ludicris,
3135 2909 3226 2962 sed
3253 2903 3620 2960 acerbiss'mis

2042 3015 2318 3087 arroganti
2380 3009 2708 3082 respondere
2747 3009 2898 3062 hunc
2940 3003 2997 3058 in
3047 3003 3263 3057 modum
3301 2998 3496 3051 litteris
3527 2996 3622 3048 de-

361 3101 456 3152 καὶ
486 3105 832 3174 πικροτάτοις
891 3107 1058 3161 αὑτοῦ
1116 3109 1377 3163 καθίκετο
1400 3112 1585 3181 λόγοις
1614 3117 1932 3183 ἐπιστείλας

2041 3109 2250 3164 crevit:
2292 3125 2311 3158 ι
2348 3103 2466 3161 Non
2489 3119 2555 3158 ex
2580 3095 3196 3166 multitudiuejudicare
3232 3092 3299 3145 de
3336 3091 3498 3143 rebus
3528 3102 3622 3140 so-

359 3191 578 3244 ούτωσί·
618 3215 635 3246 ι
665 3195 739 3248 Ού
798 3196 876 3267 τῷ
921 3197 1115 3270 πλήθει
1147 3201 1216 3254 τὰ
1250 3203 1553 3272 πράγματα
1579 3207 1788 3276 κρίνειν
1820 3212 1943 3265 εἱώ-

359 3281 521 3375 θασιν
559 3281 638 3349 οἷς
692 3289 784 3340 καὶ
834 3290 1043 3360 σμικρά
1109 3295 1341 3366 συνορᾷν
1375 3294 1576 3360 ἔνεστι,
1608 3301 1857 3373 ποιότητι
1883 3303 1941 3358 δὲ

361 3376 568 3443 μᾶλλον
597 3379 689 3431 καὶ
726 3381 845 3444 ταῖς
870 3381 1122 3434 ἐντεῦθεν
1152 3383 1482 3455 ὑπερϐολαῖς
1511 3405 1571 3442 τε
1621 3393 1717 3443 καὶ
1768 3393 1941 3447 ἐλλεί-

354 3466 540 3534 ψεσιν.
577 3470 788 3524 Οὐκοῦν
829 3473 924 3525 καὶ
962 3473 1088 3537 τοὺς
1119 3475 1316 3545 "Apso;
1366 3477 1607 3548 ἀθλητὰς
1637 3483 1698 3534 οὐ
1741 3484 1940 3555 πλήθει

354 3559 682 3628 διαιρετέον,
723 3561 839 3616 ἀλλ’
865 3564 1034 3636 ἀρετῇ
1068 3567 1166 3620 καὶ
1188 3567 1371 3633 πόνοις
1398 3570 1494 3624 καὶ
1513 3573 1579 3641 τῇ
1615 3575 1742 3644 περὶ
1764 3575 1940 3631 ταῦτα

357 3655 662 3725 ἐπιστήμῃ.
727 3655 825 3707 ‘Av
845 3658 940 3710 καί
996 3676 1080 3712 σοι
1131 3660 1314 3714 τοίνυν
1350 3660 1604 3718 πλεῖστον
1670 3667 1939 3743 ἀκολουθῇ

361 3743 708 3852 στράτευμα,
763 3747 900 3852 ἀλλὰ
949 3749 1086 3819 πρὸς
1140 3750 1218 3821 τῷ
1257 3751 1332 3824 μὴ
1360 3754 1543 3825 πολλῷ
1569 3756 1630 3809 τὸ
1661 3759 1943 3828 ἡμεδαπὸν

360 3835 711 3907 ὑπεραίρειν,
746 3838 923 3893 καίτοι
951 3840 1046 3894 τοῦ
1082 3842 1337 3896 πλείστου
1399 3845 1646 3918 πολλαχῆ
1673 3852 1772 3918 τῆς
1811 3853 1946 3906 Ῥω-

364 3930 548 3998 μαίων
587 3929 920 4001 διῃρημένου
959 3935 1134 4004 ἀρχῆς
1166 3975 1182 4001 ,
1241 3935 1497 4002 ἀγελαῖόν
1552 3939 1672 3993 ἐστι
1726 3942 1824 3995 καὶ
1884 3943 1947 3996 τὺ

362 4017 619 4071 πλεῖστον
676 4023 1150 4092 ἀπειροπόλεμον·
1209 4026 1499 4096 προϐάτων
1528 4029 1584 4083 δὲ
1611 4031 1807 4098 ἀγέλαι
1841 4035 1946 4090 κᾶν

363 4110 450 4173 εἰς
485 4112 818 4180 μυριοστύας
847 4113 973 4177 ὅλας
1003 4115 1320 4185 ἀριθμοίντο
1336 4118 1498 4189 σχολῇ
1528 4119 1625 4172 ἐὰν
1653 4120 1946 4193 ἀνάσχοιν-

363 4220 430 4256 το
456 4204 671 4265 λέοντος
725 4205 1101 4275 ἐπιπηδῶντος
1160 4207 1376 4271 αὑταῖς.
1413 4209 1482 4262 ’Ἡ
1518 4210 1617 4263 οὑκ
1683 4209 1839 4267 οἶσθα
1865 4215 1948 4269 ὅτι

366 4299 678 4370 καθαπερεὶ
715 4301 998 4370 στρουθίον
1030 4301 1134 4354 ὑπὸ
1190 4302 1309 4364 ταῖς
1331 4302 1629 4372 ἡμετέραις
1654 4308 1948 4378 γεγένησαι

366 4393 472 4462 ἤδη
523 4391 842 4459 παλάμαις,
895 4391 998 4444 κᾶν
1071 4391 1430 4462 θελήσωμεν,
1483 4394 1585 4446 οὐκ
1630 4394 1697 4449 ἀν
1727 4395 1950 4464 φθάνοις

2047 3201 2155 3255 lent
2183 3201 2216 3254 ii
2248 3199 2427 3268 quiet
2456 3195 2668 3252 modica
2704 3205 2844 3260 sa'pe
2883 3189 3011 3259 quid
3052 3185 3287 3248 valeant,
3326 3195 3433 3235 non
3467 3179 3621 3248 igno-

2046 3303 2188 3354 rant,
2213 3292 2304 3346 sed
2339 3306 2403 3344 ex
2428 3302 2614 3344 earum
2644 3296 2861 3346 natura,
2892 3290 2947 3336 et
2974 3280 3041 3336 iis
3071 3290 3192 3348 qua:
3222 3285 3314 3328 aut
3341 3272 3624 3327 abumlant

2043 3383 2097 3437 iu
2146 3381 2272 3445 illis,
2321 3389 2413 3433 aut
2457 3375 2735 3430 deﬁciunt.
2776 3372 2962 3441 Neque
3007 3371 3150 3422 enim
3187 3364 3374 3418 Martis
3406 3361 3622 3414 athleta:

2045 3488 2271 3528 numero
2321 3467 2708 3538 distinguendi,
2751 3465 2844 3520 sed
2880 3464 3101 3527 virtute,
3135 3457 3427 3517 laboribus,
3463 3461 3518 3506 et
3544 3451 3623 3504 rei

2046 3567 2299 3623 militaris
2335 3563 2528 3632 peritia
2558 3558 2817 3630 pensaudi
2851 3568 2996 3610 sunt.
3038 3551 3294 3620 Quamvis
3333 3547 3494 3617 igitur
3537 3543 3626 3596 iu.-

2045 3670 2178 3725 gens
2228 3665 2280 3710 te
2339 3659 2596 3721 sequatur
2646 3647 2942 3712 exercitus,
2997 3642 3261 3710 nobisque
3305 3639 3395 3692 vix
3449 3633 3634 3688 adsint.

2047 3748 2236 3814 copiae,
2295 3754 2479 3812 utpote
2531 3755 2630 3811 per
2685 3752 2846 3795 omne
2903 3735 3272 3790 Romanorum
3339 3726 3627 3796 imperium

2049 3838 2314 3893 militibus
2339 3832 2663 3898 distributis,
2700 3841 2788 3885 tua
2819 3828 2908 3883 illa
2940 3827 3094 3881 tttrba
3130 3818 3486 3890 incomposita
3519 3824 3635 3878 est,

2048 3939 2100 3986 et
2140 3927 2398 3996 majorem
2450 3935 2656 3996 partem
2714 3922 2787 3976 rei
2846 3918 3049 3974 bellica:
3097 3917 3301 3985 ignara.
3352 3908 3620 3964 l’rcmlum

2052 4036 2264 4090 greges,
2324 4028 2379 4073 et
2431 4018 2475 4072 si
2518 4015 2811 4071 multorum
2853 4011 3078 4066 millium
3133 4012 3267 4068 sint,
3319 4003 3402 4056 vix
3456 3999 3628 4052 leonis

2052 4111 2314 4169 irruentis
2366 4111 2625 4178 impetum
2670 4116 2892 4175 possunt
2929 4101 3222 4158 sustinere.
3256 4098 3336 4148 An
3386 4094 3626 4162 ignoras,

2053 4215 2106 4261 te
2130 4205 2308 4259 instar
2333 4201 2556 4256 aviculae
2577 4200 2630 4253 in
2657 4196 2855 4252 nostris
2879 4194 3048 4249 fuisse
3071 4189 3338 4250 manibus,
3364 4183 3626 4238 continuo

2051 4297 2099 4352 si
2145 4295 2504 4350 voluissemus
2549 4287 2886 4360 periturum?
2937 4284 3041 4338 llas
3088 4281 3208 4336 illos
3253 4276 3488 4332 incolere
3540 4287 3628 4326 re-

2054 4390 2242 4460 giones
2291 4385 2486 4454 cogita,
2531 4395 2757 4451 quorum
2797 4378 3030 4446 majores
3077 4375 3263 4427 urbem
3311 4369 3639 4421 universaru-

368 4484 574 4536 αὐτίκα
616 4482 1103 4552 παραπολλύμενος
1139 4499 1153 4548 ;
1199 4483 1484 4552 Ἐννόησον
1517 4487 1592 4548 ὠς
1623 4487 1821 4541 ἐκεῖνοι
1848 4491 1936 4562 τὴι

2056 4481 2209 4534 bellis
2246 4487 2645 4547 peragrarunt,
2683 4473 2944 4537 vobisque
2975 4468 3105 4536 ipsis
3126 4509 3152 4533 ,
3189 4465 3416 4530 aliisque
3446 4458 3629 4513 omni-

369 4573 556 4644 χώραν
587 4576 878 4643 κατέχουσι
934 4573 1162 4642 ταύτην,
1213 4567 1288 4627 ὧν
1341 4576 1391 4627 οἱ
1451 4576 1706 4646 πρόγονοι
1763 4582 1946 4634 πᾶσαν

376 4664 466 4734 [Ρ.
499 4662 591 4736 45]
621 4664 718 4732 τὴν
750 4664 853 4732 γῆν
881 4664 1171 4735 περιῆλθον
1209 4668 1318 4728 τοῖς
1342 4665 1551 4731 ὅπλοις,
1582 4668 1736 4738 ὑμῶν
1761 4687 1818 4722 τε
1851 4673 1948 4724 αὑ-

370 4755 483 4807 τῶν
511 4756 604 4807 καὶ
634 4753 838 4806 λοιπῶν
891 4755 1148 4807 ἁπάντων
1192 4754 1302 4808 τῶν
1333 4755 1423 4825 ὑφ’
1448 4756 1582 4826 ἡλίῳ
1619 4759 1949 4829 ἐκυρίευσαν

375 4844 572 4898 ἐθνῶν.
609 4843 794 4897 Ταῦτα
847 4844 1271 4913 ύπολογίζεσθαί
1303 4865 1361 4899 σε
1393 4846 1570 4918 χρεὼν
1607 4849 1700 4902 καὶ
1721 4854 1950 4919 προσέτι

376 4940 454 5002 ὡς
525 4939 649 4993 οὗτε
717 4939 854 5004 νεώς
905 4957 1036 4993 ποτε
1100 4940 1338 5012 ἐπιϐήσῃ
1367 4943 1469 5007 τῆς
1524 4940 1799 5012 βασιλείου
1828 4944 1952 4999 οὔτε

377 5053 431 5087 τι
461 5027 537 5087 ὧν
593 5034 800 5104 ᾔτησας
854 5033 1102 5097 ἐπιτελὲς
1131 5035 1285 5087 ἔσται
1323 5051 1406 5087 σοι
1439 5035 1570 5106 παρ’
1604 5035 1784 5106 ἡμῶν,
1817 5037 1954 5092 ἀλλά

381 5143 439 5178 σε
471 5125 570 5195 τὴν
596 5125 766 5194 αὐτὴν
791 5125 886 5178 καὶ
911 5125 1071 5178 πάλιν
1100 5125 1150 5177 οἱ
1183 5125 1291 5178 τῶν
1308 5124 1495 5180 ἵππων
1525 5127 1735 5179 οἴσουσι
1768 5128 1949 5192 πόδες.

377 5218 492 5273 Καὶ
517 5219 577 5271 ού
599 5219 774 5288 δήπου
828 5221 1099 5290 μεμπτέοι
1165 5218 1383 5284 πάντως
1426 5222 1613 5290 ἡμεῖς,
1662 5223 1710 5273 εἰ
1744 5221 1818 5290 μὴ
1841 5224 1955 5284 τοῖς

377 5312 586 5365 ἀδικεῖν
604 5310 955 5382 βουλομένοις
1018 5313 1257 5383 ρᾴστους
1307 5311 1572 5382 ποιοῦμεν
1605 5312 1856 5377 ἑαυτούς.
1880 5314 1952 5366 0-3

381 5408 492 5478 γὰρ
520 5406 720 5460 ταύτὸν
778 5405 988 5459 ἀδικεῖν
1026 5408 1121 5460 καὶ
1171 5407 1530 5476 ἀμύνεσθαι*
1584 5406 1720 5460 ἀλλά
1749 5407 1809 5458 τὸ
1860 5407 1957 5475 μὲν

378 5499 607 5570 γνώμην
640 5499 879 5569 ἢρτηται
913 5496 1145 5568 φαύλης,
1179 5498 1258 5568 τῷ
1289 5497 1347 5550 δὲ
1381 5500 1709 5568 προηγεῖται
1741 5497 1957 5559 πάντως

375 5591 870 5660 ἀσφάλειαΆΠμᾶς
899 5591 955 5643 δὲ
988 5591 1082 5643 καὶ
1121 5591 1394 5660 προλαϐὸν
1420 5592 1564 5656 ἀξιοί
1594 5590 1652 5642 τὸ
1683 5590 1951 5657 ὑπήκοον,

376 5684 520 5754 ἅπερ
544 5686 672 5738 ὅσον
695 5683 800 5737 οὐκ
834 5682 935 5755 ήδη
969 5682 1206 5752 Πέρσαις
1266 5680 1808 5750 ἀποκερδανθὴσεται
1847 5681 1959 5742 τοῖς

376 5776 440 5828 ἐκ
468 5777 760 5845 γειτόνων,
805 5773 981 5827 ταῦτα
1015 5772 1078 5843 δὴ
1125 5771 1434 5842 Ῥωμαίους
1489 5771 1726 5842 ἀμογητῖ
1755 5769 1940 5840 κτήσει

2050 4577 2150 4630 bns
2182 4576 2282 4629 sub
2317 4572 2429 4626 sole
2479 4569 2728 4640 gentibus
2775 4567 3199 4636 imperaverunt.
3243 4558 3364 4612 llaec
3407 4565 3457 4606 te
3485 4553 3628 4607 scire

2051 4666 2274 4736 perinde
2309 4679 2528 4719 necesse
2560 4672 2664 4726 est,
2694 4676 2867 4727 neque
2903 4653 3302 4726 imperatoriam
3332 4647 3399 4703 ad
3442 4656 3493 4699 te
3527 4661 3632 4696 uno

2051 4775 2214 4828 qttam
2274 4771 2467 4811 navem
2518 4763 2819 4814 venturam,
2871 4762 3043 4817 neque
3092 4745 3386 4814 quidquam
3437 4752 3629 4792 eorum

2053 4867 2173 4917 qua:
2233 4849 2513 4916 postulasti
2571 4861 2666 4899 nos
2717 4844 3054 4905 indulturus;
3104 4840 3198 4893 sed
3247 4849 3356 4902 qua
3407 4828 3628 4891 venisti,

2051 4941 2164 5010 80
2194 4954 2452 5008 equorum
2489 4935 2714 5006 pedibtts
2757 4932 2874 4986 fore
2908 4931 3002 4986 tibi
3051 4927 3410 4990 redeundum.
3441 4918 3630 4988 Neque

2055 5040 2338 5103 propterea
2371 5031 2573 5084 erimus
2603 5025 2876 5095 eulpandi,
2913 5023 2956 5077 si
2993 5020 3202 5076 inferre
3239 5017 3493 5087 injuriam
3533 5027 3630 5062 vo-

2058 5126 2297 5180 lentibus
2333 5139 2432 5178 nos
2465 5123 2648 5176 minus
2675 5120 2860 5173 faciles
2892 5131 2956 5171 ac
2985 5112 3275 5170 benevolos
3303 5107 3626 5178 prmbemus.

2059 5216 2165 5270 Res
2216 5217 2363 5271 enim
2418 5211 2802 5268 diversissima:
2849 5215 2974 5262 sunt
3025 5205 3228 5260 inferre
3277 5197 3526 5269 injuriam
3578 5202 3641 5247 et.

2057 5307 2353 5378 propellere
2386 5323 2400 5364 :
2431 5305 2558 5357 illud
2589 5318 2615 5355 a
2650 5315 2811 5370 prava
2844 5298 3120 5352 voluntate
3150 5292 3362 5364 pendet,
3397 5287 3642 5341 alterum

2057 5401 2324 5454 securitas
2356 5399 2571 5452 suadet.
2609 5393 2718 5449 Nos
2741 5389 3207 5457 verojamdudum
3241 5388 3399 5439 orant
3429 5379 3632 5434 subditi

2061 5494 2252 5557 nostri,
2283 5501 2341 5547 ut
2367 5507 2486 5562 quae
2515 5489 2674 5544 modo
2695 5503 2761 5541 ex
2785 5485 2980 5541 vicinis
3004 5480 3185 5536 Persis
3215 5475 3626 5536 viudicavimus,

2060 5599 2123 5636 ea
2180 5583 2362 5652 quiete
2410 5596 2474 5634 ac
2526 5579 2646 5634 sine
2697 5575 2942 5630 molestia
3006 5567 3318 5640 possideant
3379 5563 3631 5616 Romani.

2061 5675 2212 5742 Quod
2244 5674 2408 5743 igitur
2446 5667 2858 5728 obsecrantibus
2891 5663 3092 5720 nostris
3129 5676 3236 5714 non
3285 5657 3632 5718 indulsimus,

2064 5768 2115 5824 id
2163 5783 2306 5824 nunc
2355 5777 2406 5822 te
2449 5766 2709 5822 suadente
2757 5759 2940 5816 statim
2984 5756 3342 5827 experiemur.
3393 5751 3510 5806 riis
3540 5764 3636 5804 ac-
