4058 6434
439 324 538 388 ιιι

1677 324 2003 387 JUANNIS
2037 325 2366 388 CINNAMI

3562 309 3672 375 412

438 437 655 492 litteras
684 432 829 489 misit
863 448 879 487 :
914 452 935 485 ‹
970 430 1077 488 Res
1103 446 1292 487 omnes
1318 445 1442 486 cum
1474 432 1627 489 adest
1662 433 1902 500 fortuna,
1927 436 2011 490 vel

2130 435 2211 488 ιαὶ
2249 434 2343 486 ἐπὶ
2391 430 2490 501 τὴν
2513 428 2841 497 Φιλαδέλφου
2882 429 2997 498 ἅμα
3026 427 3287 499 ἐχώρουν,
3322 426 3385 482 τὸ
3423 426 3482 479 δ’
3505 427 3696 481 ἐντεῦ-

437 526 529 596 qui
574 524 852 579 minimum
899 524 1140 593 sapiunt,
1175 539 1447 593 nunquam
1492 525 1768 593 pensitare
1812 526 2014 590 solent,

439 621 533 672 sed
565 616 708 683 ipsas
736 630 830 684 per
861 630 918 670 se
949 614 1097 670 omni
1131 629 1353 671 casuum
1392 617 1652 671 varietate
1684 617 2012 675 denudatas.

440 707 557 762 Non
582 709 765 776 itaque
789 723 910 761 cum
939 722 1199 777 prospere
1220 709 1401 763 omnia
1430 708 1528 764 tibi
1554 710 1830 775 cederent,
1852 727 2015 782 supra

441 816 604 869 quam
640 814 707 854 ex
741 800 1002 871 dignitate
1034 810 1175 865 erat,
1203 808 1254 855 te
1288 801 1364 854 uti
1394 800 1678 856 voluimus.
1708 799 1864 857 Nunc
1892 817 2018 857 vero

441 908 565 947 cum
596 894 821 947 adversa
855 893 1253 960 quodaminodo
1283 902 1332 946 te
1357 902 1542 962 urgeat
1568 891 1806 959 fortuna,
1828 894 2015 948 iisdem

442 983 709 1039 demereri
745 981 1027 1050 obsequiis
1062 980 1203 1034 haud
1240 996 1337 1034 nos
1375 979 1596 1049 pigebit,
1627 980 1822 1049 quibus
1861 990 2015 1033 antea

444 1085 497 1129 et
525 1074 1007 1143 consanguineum,
1027 1084 1083 1128 et
1114 1082 1190 1127 tot
1221 1073 1499 1127 nationum
1527 1073 1717 1128 ducem
1749 1073 2021 1127 honorare

446 1166 673 1221 sollicite
698 1168 1031 1228 curavimus,
1054 1175 1108 1220 et
1132 1167 1197 1219 de
1225 1164 1386 1220 rebus
1413 1164 1817 1220 imminentibus
1840 1165 2021 1219 consi-

446 1257 519 1311 lia
546 1258 698 1323 dare,
725 1273 851 1312 cum
882 1257 954 1313 ob
976 1258 1084 1325 jam
1118 1259 1288 1312 dictas
1316 1273 1530 1326 causas,
1563 1268 1672 1312 tum
1701 1262 1843 1327 quod
1875 1269 2023 1313 uter-

446 1358 552 1413 que
584 1345 824 1397 eamdem
861 1344 1211 1413 proilteatnur
1244 1346 1579 1417 religionem.
1609 1348 1678 1401 At
1707 1356 1763 1402 tu
1795 1349 2017 1418 quidem

448 1434 635 1489 nescio
665 1435 782 1506 86
812 1438 1082 1506 quomodo
1121 1437 1430 1505 posthabito
1464 1441 1606 1508 quod
1642 1440 1734 1495 tibi
1770 1441 2021 1511 profutu-

446 1539 567 1578 rum
596 1535 733 1589 erat,
758 1541 855 1595 per
881 1528 1299 1595 imprudentiam
1327 1530 1467 1598 quod
1497 1530 1649 1599 pejus
1676 1538 1763 1585 est
1786 1529 2025 1601 elegisti.

449 1614 558 1670 Sed
603 1617 1042 1687 quandoquidem
1089 1634 1209 1689 qua:
1252 1620 1416 1675 semel
1460 1620 1599 1676 facta
1642 1631 1791 1686 sunt,
1823 1620 2022 1677 inl'eCIa

448 1722 571 1762 esse
600 1721 896 1779 nequeunt,
926 1728 953 1764 a
985 1713 1137 1766 nobis
1165 1713 1382 1769 silentio
1412 1725 1822 1782 praetereantur.
1850 1716 1930 1769 Ad
1959 1730 2021 1771 ea

2124 526 2215 579 θεν
2272 523 2551 597 Κοῤῥάδος
2596 523 2695 575 οὐκ
2756 520 2838 574 ἔτι
2875 520 3063 590 φέρειν
3096 522 3144 572 εί
3200 520 3337 590 πρὸς
3398 519 3699 589 Γερμανῶν

2123 615 2426 686 περιορῷτο
2492 610 2851 681 δεδυνημένος
2893 610 3231 663 παλινοστεῖν
3276 608 3437 676 ἔγνω
3502 610 3701 679 ἀμέλει

2122 708 2218 761 καὶ
2251 706 2459 775 βασιλεῖ
2501 703 2593 758 τὸν
2623 702 2827 756 σκοπὸν
2896 701 3216 765 ἐπιστείλας
3274 699 3486 770 ἐδήλου.
3530 699 3591 753 '0
3642 700 3700 753 δὲ

2120 797 2182 852 τδ
2223 798 2323 867 μὲν
2373 794 2756 865 ἀπονοσφίζειν
2786 793 3038 865 ἀλλήλων
3084 793 3211 856 τοὺς
3263 793 3439 863 ρῆγας
3471 791 3701 853 ἐθέλων,

2120 889 2182 943 τὸ
2225 889 2281 942 δὲ
2318 889 2411 941 καὶ
2448 888 2524 958 τῷ
2548 885 2823 958 ἀνθρώπῳ
2853 883 3155 953 συναλγῶν,
3183 884 3462 938 ἐπέστειλε
3497 884 3699 937 τοιάδεο

2128 1001 2147 1033 ι
2172 980 2528 1052 ’Λνθρώποις,
2568 974 2650 1044 οἷς
2693 980 2788 1033 καὶ
2817 979 2961 1032 κατά
3007 979 3182 1050 βραχὺ
3229 978 3324 1032 τοῦ
3355 982 3574 1049 φρονεῖν
3604 979 3705 1049 μέ-

2120 1074 2415 1141 τεστιν,ού
2450 1073 2545 1140 ξὺν
2578 1074 2698 1135 ταῖς
2757 1069 2952 1142 τύχαις
2996 1071 3067 1125 τὰ
3114 1070 3418 1142 πράγματα
3473 1070 3703 1140 θεωρεῖν

2124 1168 2267 1231 ἔθος,
2292 1166 2420 1221 ἀλλ’
2450 1166 2589 1219 αύτά
2615 1164 2735 1219 καθ’
2768 1164 2908 1217 αύτά
2963 1163 3322 1234 περιπετείας
3362 1163 3468 1230 ἔξω
3529 1164 3698 1227 τινός.

2125 1256 2266 1312 Οὔτε
2301 1258 2482 1311 τοίνυν
2516 1256 2899 1327 εὐθηνουμένῳ
2924 1271 3007 1308 σοι
3035 1255 3173 1325 ὑπὲρ
3200 1254 3298 1325 τὴν
3326 1252 3483 1319 ἀξίαν
3528 1271 3701 1324 προσ-

2126 1350 2386 1424 φέρεσθαι
2416 1350 2683 1421 ἔγνωμεν,
2712 1350 2807 1403 καὶ
2870 1348 2965 1403 νῦν
2988 1366 3051 1416 γε
3118 1348 3355 1420 μετρίως
3385 1347 3705 1417 δυσπραγή-

2127 1459 2297 1499 σαντα
2330 1447 2441 1508 τοῖς
2498 1444 2684 1507 αὐτοῖς
2716 1442 2811 1497 καὶ
2847 1442 3007 1496 πάλιν
3051 1458 3111 1495 σε
3151 1438 3456 1506 δεξιοῦσθαι
3505 1438 3704 1493 οὔκουν

2123 1535 2449 1607 ὀκνήσομεν,
2484 1529 2567 1599 οἷς
2632 1535 2725 1589 καὶ
2769 1534 2830 1589 τὸ
2877 1535 3141 1605 πρότερον
3166 1534 3267 1586 ὅσα
3318 1532 3412 1586 καὶ
3466 1530 3706 1598 ξυγγενῆ

2124 1628 2221 1680 καὶ
2251 1625 2584 1696 τηλικούτων
2614 1626 2785 1680 ἐθνῶν
2808 1626 3047 1696 ἄρχοντα
3090 1626 3260 1695 τιμᾷν
3302 1625 3434 1692 ἡμῖν
3475 1622 3573 1692 μὲν
3611 1620 3704 1674 διὰ

2128 1719 2365 1790 σπουδῆς
2388 1715 2478 1790 ἦν,
2513 1716 2903 1788 ξυμϐουλεύειν
2933 1733 2992 1770 τε
3030 1716 3099 1770 τὰ
3149 1714 3550 1785 παριστάμενα,
3593 1712 3705 1765 τῶν

453 1812 581 1852 vero
604 1813 722 1870 qua:
747 1801 984 1855 nomium
1007 1802 1329 1871 eﬂugerunt,
1349 1804 1587 1858 animum
1608 1820 1768 1873 quam
1794 1806 2025 1862 maxime

2130 1811 2436 1879 είρημένων
2466 1826 2526 1865 τε
2560 1810 2721 1863 ἕνεκα
2749 1810 2846 1863 καὶ
2881 1809 2976 1863 τοῦ
3016 1808 3398 1879 ὀμοθρήσκους
3427 1808 3571 1877 ἡμᾶς
3604 1805 3704 1858 ἅλ-

453 1902 730 1956 advertere
756 1917 852 1971 par
873 1911 973 1956 est.
998 1903 1273 1972 Ejusmodi
1302 1904 1498 1974 quippe
1520 1914 1601 1960 est
1626 1920 1808 1960 rerum
1834 1916 2025 1962 natura

451 2003 508 2045 ut
541 1993 649 2047 sint
684 1994 736 2048 in
777 2006 1037 2066 perpetuo
1069 1996 1246 2063 ﬂuxu,
1277 2005 1423 2051 stent
1454 2013 1731 2067 nunquam
1770 2015 1785 2053 :
1821 1999 1868 2055 si
1901 2001 2026 2070 quis

451 2083 603 2150 prior
644 2097 738 2138 eos
775 2095 1027 2156 occupat,
1054 2086 1167 2156 jam
1214 2095 1382 2141 totum
1425 2088 1587 2143 habet
1620 2105 1635 2142 :
1670 2089 2026 2160 praeterlapsa:

453 2176 696 2229 revocari
741 2177 966 2245 perinde
1011 2188 1307 2248 nequeunt.
1343 2178 1475 2233 Dum
1507 2179 1693 2248 itaque
1726 2181 1886 2235 rebus
1922 2180 2027 2236 tuis

451 2264 646 2348 aliquis
679 2279 843 2323 restat
875 2271 1099 2325 remedii
1131 2271 1302 2339 locus,
1331 2273 1474 2343 quod
1508 2273 1762 2329 conducit
1791 2274 2027 2344 utileque

449 2366 554 2421 est,
583 2359 873 2430 praripere
908 2361 1153 2419 festines.
1190 2382 1212 2417 ι

2126 1900 2311 1971 λήὶοις
2341 1897 2500 1955 εἶναι.
2531 1902 2604 1953 Συ
2639 1902 2686 1955 δ’
2713 1898 2829 1955 ἀλλ’
2873 1900 2974 1954 οὐκ
3002 1895 3103 1953 οἷδ’
3135 1899 3285 1962 ὅπως
3316 1899 3444 1966 περὶ
3471 1896 3701 1950 ἐλάσσο-

2124 2011 2213 2057 νος
2237 1993 2297 2046 τδ
2322 1994 2406 2047 σοὶ
2439 1993 2590 2062 αὐτῷ
2624 1993 2865 2058 ξυνοίσον
2888 1990 3257 2064 πεποιημένος
3283 1988 3475 2049 ἔλαθες
3506 1986 3702 2042 ἑαυτὸν

2130 2085 2190 2138 τὸ
2217 2079 2380 2157 ἦττον
2405 2086 2843 2155 αἱρετισάμενος*
2878 2083 3014 2139 ἀλλὰ
3068 2083 3227 2137 ταυτὶ
3261 2082 3363 2153 μὲν
3401 2080 3704 2150 ἐπειδήπερ

2130 2178 2279 2246 ἅπαξ
2314 2179 2580 2247 γεγονότα
2617 2176 2872 2233 ἀναλύειν
2918 2175 3068 2230 ἐστὶν
3103 2174 3391 2237 ἀδύνατον,
3419 2170 3706 2242 παρείσθω

2129 2272 2269 2334 τέως
2309 2273 2464 2342 ἡμῖν,
2500 2269 2857 2341 ιπιμελητέον
2889 2268 2936 2323 δ’
2977 2267 3052 2332 ὡς
3099 2267 3179 2321 ἔνι
3226 2266 3458 2337 μάλιστα
3486 2263 3596 2318 τῶν
3622 2262 3708 2315 ἔτι

2130 2363 2277 2433 παρ’
2320 2364 2476 2432 ἡμῖν,
2506 2359 2800 2416 τῶνκοῠπω
2855 2359 3235 2429 πεφευγότων.
3271 2354 3540 2427 Τοιαύτην
3594 2356 3710 2424 γὰρ

450 2447 566 2518 εχει
594 2450 758 2520 φύσιν
786 2452 857 2510 τὰ
895 2455 1219 2524 πράγματα,
1268 2448 1354 2527 ρἑ
1396 2456 1660 2526 συνεχῶς,
1723 2456 1939 2511 ἵσταται
2000 2455 2236 2527 οὖδαμῆσ
2291 2455 2394 2509 κάν
2437 2470 2526 2518 τις
2587 2453 2861 2525 ἀρύσηται
2920 2450 3236 2523 προλαϐὼν,
3301 2449 3460 2519 ἔσχεν
3511 2448 3613 2517 ἢδη
3647 2448 3710 2501 το

455 2542 585 2605 πᾶν,
613 2542 948 2611 παρελθόντα
977 2545 1022 2599 δ’
1051 2546 1497 2603 ἀνακαλέσασθαι
1519 2548 1717 2618 ἐπίσης
1741 2548 2026 2604 ἀδύνατον.
2065 2547 2213 2613 Ἕως
2263 2547 2447 2601 τοίνυν
2476 2545 2592 2617 ἔχει
2625 2545 2751 2601 τινά
2795 2544 3099 2615 θεραπείας
3147 2544 3219 2599 τά
3278 2544 3423 2596 κατά
3465 2540 3526 2594 σὲ
3580 2540 3710 2611 τρό-

452 2650 577 2698 πον,
607 2635 844 2691 σπεῦσον
871 2637 1117 2710 ἁρπάσαι
1140 2626 1203 2694 sb
1242 2643 1511 2696 συνοῖσον.
1541 2661 1563 2695 ι

528 2728 616 2784 i9.
642 2730 818 2798 Atque
848 2731 893 2784 is
926 2730 1027 2785 fuit
1050 2732 1292 2800 epistolae
1321 2732 1462 2790 linis.
1486 2732 1767 2791 Conradus
1794 2736 2024 2803 interea,

456 2823 710 2879 damnata
736 2822 845 2889 jam
876 2840 971 2880 sua
1005 2826 1389 2894 imprudentia,
1419 2832 1636 2887 nescius
1664 2832 1790 2901 quid
1821 2842 2025 2903 ageret,

454 2913 598 2970 haud
631 2914 815 2971 libenti
847 2918 1029 2973 animo
1071 2918 1358 2976 Germanis
1397 2937 1583 2979 comes
1626 2924 1756 2981 ibat.
1788 2923 1860 2982 Ut
1895 2942 2024 2982 vero

2495 2652 2506 2663 ο

2216 2735 2307 2793 ιϐ’.
2344 2736 2419 2790 Τὸ
2452 2735 2553 2807 μὲν
2575 2735 2640 2807 δὴ
2668 2737 2906 2808 γράμμα
2925 2735 2983 2789 ἐν
3004 2730 3215 2796 τούτοις
3235 2729 3536 2785 τετέλεστο.
3558 2731 3705 2803 Rep-

2136 2827 2293 2899 ρἀος
2331 2827 2389 2882 δὲ
2421 2828 2684 2897 ἐτύγχανε
2722 2826 2821 2897 μὲν
2861 2825 2954 2880 καὶ
2991 2824 3258 2895 πρότερον
3308 2822 3409 2895 ήδη
3445 2822 3707 2877 ἀϐουλίαν

2133 2920 2325 2975 ἑαυτοῦ
2357 2920 2681 2988 καταγνοὺς,
2712 2918 2814 2972 οὐκ
2851 2917 2992 2988 ἔχων
3019 2915 3077 2970 δὲ
3104 2915 3134 2969 ὅ
3169 2932 3224 2969 τι
3250 2914 3347 2970 καὶ
3378 2914 3624 2984 δράσειεν
3646 2914 3709 2968 ού

455 3006 524 3061 ad
566 3021 690 3061 eum
732 3007 953 3077 perlatas
991 3020 1117 3066 sunt
1147 3011 1492 3081 imperatoris
1530 3012 1747 3081 litterae,
1780 3030 1895 3070 rem
1931 3031 2025 3085 pro

2133 3013 2342 3082 σφόδρα
2400 3011 2708 3074 ἐθελούσιος
2738 3009 3043 3081 Γερμανοῖς
3088 3008 3293 3061 είπετο.
3327 3006 3462 3060 Τότε
3509 3006 3568 3060 δ’
3612 3005 3711 3060 οὖν

456 3098 610 3154 luero
635 3099 932 3168 aestimans,
956 3117 1076 3171 qua:
1104 3101 1473 3160 oﬂerebantnr
1498 3108 1654 3168 avide
1680 3108 1889 3177 accepit
1915 3117 2025 3163 sla-

2134 3104 2324 3175 ὲπςιδὴ
2352 3105 2447 3159 καὶ
2474 3103 2541 3157 τά
2564 3102 2826 3174 βασιλέως
2851 3100 2985 3170 παρ’
3015 3099 3178 3155 αὐτὸν
3197 3099 3500 3169 γράμματα
3520 3094 3711 3169 ἦλθεν,

456 3191 661 3260 timque
696 3202 841 3247 retro
874 3196 1059 3249 cessit.
1091 3195 1171 3248 Ad
1219 3194 1624 3267 Hellespontum
1667 3214 1792 3255 cum
1833 3216 2025 3269 perve-

2131 3198 2363 3271 ερμσιον
2388 3196 2589 3251 αὐτίκα
2615 3196 2677 3249 τὺ
2705 3196 2936 3266 πρᾶγμα
2966 3192 3339 3263 ἡγησάμενος,
3376 3191 3593 3256 essem
3642 3208 3705 3244 τε

459 3282 651 3345 uisset,
680 3286 997 3340 transmisso
1030 3286 1167 3342 freto
1196 3284 1562 3344 tiescendit‘in
1593 3290 1908 3359 Thraciam,
1940 3292 2029 3349 ubi

455 3374 521 3426 ad
557 3374 963 3444 imperatorem,
989 3379 1078 3447 qui
1123 3379 1192 3433 ibi
1239 3390 1350 3435 ttnn
1395 3383 1732 3447 morabatur,
1764 3386 2032 3440 accedens

455 3480 562 3519 una
604 3465 729 3523 inde
773 3485 896 3522 cum
945 3469 1036 3524 illo
1083 3469 1408 3540 Byzantium
1452 3475 1621 3529 venit.
1656 3475 1774 3542 Quo
1817 3475 1871 3531 in
1911 3475 2032 3532 loco

456 3567 582 3608 eum
625 3571 888 3626 excepere
933 3560 1187 3630 deinceps
1225 3563 1390 3618 variae
1433 3564 1601 3619 animi
1645 3564 2031 3631 reiasationes,

458 3642 813 3712 imperatoria
877 3649 1108 3717 palatia,
1170 3652 1350 3708 omnis
1415 3654 1631 3723 generis
1688 3656 2029 3725 spectacula,

455 3750 719 3803 equorum
771 3742 1104 3808 certamina,
1153 3745 1420 3814 magnifici
1468 3757 1787 3817 apparatus,
1832 3751 2033 3819 quibus

457 3827 728 3884 defessum
755 3829 1030 3888 laboribus
1051 3849 1248 3905 corpus
1271 3836 1501 3892 subinde
1527 3842 1815 3895 recreavit.
1832 3840 2030 3896 idonea

460 3918 674 3972 demunt
708 3921 1054 3989 pecuniarum
1088 3925 1240 3992 copia
1275 3926 1606 3994 sublevatus,
1638 3945 1762 3985 cum
1800 3931 2032 3986 triremi-

459 4006 558 4064 bus
608 4008 660 4066 in
710 4009 1050 4068 Palaestinam
1100 4015 1204 4071 iter
1246 4019 1509 4084 intetniit,
1540 4021 1730 4078 classis
1777 4022 2033 4093 prtei'ecto

458 4099 764 4174 Nicepltoro
816 4108 1031 4164 Dasiota
1086 4113 1135 4168 ei
1183 4114 1407 4170 ductore
1449 4127 1611 4185 atque
1698 4120 1802 4176 alia
1851 4122 2031 4178 omnia

458 4201 763 4255 necessaria
805 4203 1276 4262 subministrante.
1309 4207 1418 4277 87
1455 4208 1748 4280 Postquam
1792 4213 1914 4269 aliis
1955 4216 2028 4271 ibi

457 4288 783 4358 coniunctus
813 4297 1049 4365 regibus,
1083 4299 1150 4352 ad
1182 4300 1452 4354 viviiicutu
1488 4302 1690 4357 Christi
1724 4307 2029 4374 sepulcrum

453 4379 600 4451 iusta
658 4384 1010 4453 exsolvisset,
1059 4392 1303 4452 caeteris.
1353 4402 1512 4462 prout
1565 4396 1763 4465 cuique
1819 4398 2028 4453 libitum

459 4482 597 4538 erat,
628 4473 681 4525 in
718 4474 944 4538 patriam
980 4479 1244 4543 remissis,
1277 4481 1390 4548 ipse
1422 4484 1613 4539 iisdem
1644 4495 1839 4541 vet-tus
1871 4489 2023 4542 nario

461 4561 568 4618 bus
591 4564 717 4618 inde
742 4564 1175 4623 Thessalonicam
1203 4573 1429 4641 appulit,
1455 4575 1544 4630 ubi
1569 4586 1623 4631 et
1649 4576 2024 4647 imperatorem

2135 3291 2234 3345 σὺν
2268 3289 2430 3362 ἡδονῇ
2483 3290 2609 3353 τοὺς
2648 3288 2842 3356 λόγους
2884 3287 2980 3342 καὶ
3014 3286 3208 3341 θᾶττον
3258 3285 3434 3339 ὀπίσω
3486 3285 3707 3354 ἐχώρει,

2133 3383 2274 3456 πρὸς
2314 3381 2695 3452 Ἑλλησπόντῳ
2710 3397 2769 3433 τε
2787 3378 3027 3449 γεγονὼς
3042 3378 3131 3433 διὰ
3162 3378 3256 3432 τοῦ
3282 3376 3515 3432 ἐνταῦθα
3536 3379 3711 3446 πορθ-

2135 3474 2241 3544 μοῦ
2274 3475 2364 3528 ἐπὶ
2393 3474 2616 3545 Θρᾴκην
2647 3472 2826 3543 διέόη.
2881 3471 3051 3525 Ἔνθα
3080 3470 3158 3539 τῷ
3187 3470 3397 3542 βασιλεί
3425 3468 3711 3539 διατριϐᾑν

2134 3566 2447 3636 ποιουμένῳ
2509 3563 2859 3633 συγγεγονὼς
2922 3558 3042 3617 εἶτα
3096 3563 3189 3615 ἐπὶ
3235 3559 3530 3624 Βυζάντιον
3592 3558 3707 3630 (l6)

2132 3655 2251 3725 ἄμα
2273 3657 2422 3726 αὐτῷ
2454 3652 2638 3727 ἦλθεν.
2678 3655 2852 3709 Ἔνθα
2901 3655 3119 3717 ἀνέσεις
3147 3669 3209 3707 τι
3244 3652 3406 3705 αὐτὸν
3443 3650 3536 3704 τοῦ
3590 3650 3710 3703 λοι-

2133 3748 2239 3801 ποῦ
2269 3748 2570 3814 διεδέξαντο
2599 3750 2696 3802 καὶ
2720 3747 2988 3819 βασίλειοι
3013 3744 3364 3814 καταγωγαὶ,
3401 3742 3611 3812 θέατρά
3644 3758 3710 3795 τε

2134 3841 2455 3897 παντοδαπὰ
2478 3840 2564 3913 [Ρ.
2599 3838 2689 3912 49]
2718 3838 2812 3894 καὶ
2840 3838 3066 3909 ἅμιλλαι
3097 3838 3282 3892 ἵππων
3301 3838 3395 3890 καὶ
3427 3836 3711 3903 δεξιώσεις

2133 3929 2493 4002 λαμπραὶ,δι’
2529 3922 2605 3982 ὧν
2645 3930 2858 3999 κάμνον
2896 3926 3048 3998 αὐτῷ
3078 3928 3139 3981 τὸ
3169 3927 3329 3996 σῶμα
3375 3930 3710 4000 παρεμυθή-

2135 4039 2285 4077 σατο.
2320 4024 2429 4077 Καὶ
2456 4023 2715 4094 χρήματα
2767 4023 3167 4093 κεκομισμένος
3202 4021 3366 4076 ίκανά
3403 4023 3519 4092 ἀμα
3546 4024 3709 4095 τριή-

2134 4132 2287 4189 ρεσιν
2311 4116 2404 4169 ἐπὶ
2439 4115 2804 4186 Παλαιστίνην
2866 4114 3056 4186 ἀπῄει,
3101 4115 3425 4185 Νικηφόρον
3452 4114 3544 4168 τοῦ
3597 4117 3711 4169 Δα-

2135 4207 2332 4263 σιὼτου
2386 4207 2547 4271 πλοός
2599 4224 2661 4261 τε
2717 4206 2868 4277 αύτῷ
2923 4207 3230 4276 ἡγουμένου
3261 4207 3355 4260 καὶ
3405 4208 3710 4276 θεραπείας

2131 4301 2229 4370 τῆς
2276 4297 2445 4369 ἄλλης
2475 4298 2851 4370 προνοοῦντος.
2882 4298 3051 4351 Ἔνθα
3080 4298 3175 4351 καὶ
3206 4297 3332 4368 ρηξὶ
3378 4300 3491 4361 τοῖς
3524 4298 3710 4364 ἄλλοις

2131 4388 2304 4447 ἐλθὼν
2335 4393 2393 4455 ἐς
2426 4390 2595 4446 ταὺτὸ
2649 4392 2746 4445 καὶ
2780 4390 2850 4445 τὰ
2897 4391 3085 4445 εἰκότα
3144 4392 3238 4445 ἰπὶ
3307 4390 3387 4460 τῷ
3450 4392 3710 4463 ζωοδόχῳ

2133 4483 2376 4553 Χριστοῦ
2406 4483 2634 4553 τελέσας
2662 4483 2839 4554 τάφῳ,
2877 4481 2988 4536 τῶν
3028 4481 3204 4537 ἄλλων
3233 4482 3310 4545 ὡς
3341 4482 3542 4535 δυνατά
3573 4484 3710 4536 ἑκά-

2134 4592 2246 4644 στῳ
2273 4576 2520 4644 ἐγεγόνει
2568 4574 2660 4626 ἐπὶ
2688 4575 2788 4643 τὴν
2819 4573 3057 4642 πατρίδα
3096 4573 3495 4641 στελλομένων,
3541 4574 3707 4638 αὐτὸς

459 4656 597 4710 vidit
637 4657 845 4722 denuo,
880 4668 934 4714 et
978 4675 1101 4715 cum
1146 4678 1212 4717 eo
1255 4683 1581 4737 congressus
1623 4671 2025 4741 collocntnsque

2136 4666 2234 4721 σὺν
2258 4666 2420 4721 ναυσὶ
2449 4668 2574 4729 ταῖς
2596 4665 2918 4736 εἰρημέναις
2945 4665 3157 4720 ἐκεῖθεν
3186 4666 3378 4737 ἀχθεὶς
3430 4666 3711 4721 Θεσσαλο-

459 4756 563 4804 est.
594 4748 897 4818 Imperator
929 4768 1056 4807 vero
1093 4771 1156 4809 ea
1193 4758 1257 4813 tie
1293 4760 1489 4825 quibus
1521 4761 1752 4829 primum
1792 4764 2024 4818 invicem

2130 4761 2256 4832 νίκῃ
2293 4759 2596 4831 προσέσχεν
2626 4760 2762 4832 (l7),
2793 4758 2920 4812 ἔνθα
2953 4760 3014 4812 τὸ
3044 4759 3299 4830 δεύτερον
3357 4759 3585 4831 βασιλέα
3639 4778 3707 4815 τε

459 4852 830 4899 convenerant
863 4844 935 4900 illi
976 4846 1028 4901 in
1066 4852 1382 4906 memoriam
1422 4852 1670 4933 reduxit,
1705 4869 1825 4923 qua:
1867 4864 2025 4909 erant

2131 4853 2240 4910 εἶδε
2297 4856 2393 4910 καὶ
2415 4857 2590 4924 λόγων
2623 4853 2688 4910 αὖ
2718 4857 2813 4911 καὶ⁵
2845 4857 3065 4927 ὁμιλίας
3094 4860 3481 4927 ἐκοινώνησεν.
3527 4859 3585 4912 Ὀ
3642 4859 3708 4912 δὲ

459 4929 765 4997 huiusmodi
794 4953 808 4989 :
836 4946 893 4989 ut
915 4939 1162 4994 videlit-et
1186 4942 1395 4998 Italiam
1425 4944 1477 4998 in
1506 4929 1685 4999 dotem
1716 4946 2025 5001 restitueret

2135 4945 2389 5014 βασιλεὺς
2403 4945 2513 4998 τῶν
2530 4946 2696 4999 πάλαι
2713 4947 3268 5018 προομολογηθέντων
3290 4950 3705 5021 ἀνεμίμνησκεν

458 5021 648 5093 lrena',
678 5042 839 5097 quam
871 5030 962 5087 ille
990 5032 1095 5088 sibi
1127 5043 1416 5102 cognatam
1449 5037 1764 5106 imperatori
1796 5036 2025 5106 despon-

2133 5035 2301 5106 αὐτῷ’
2328 5031 2472 5107 ἦσαν
2538 5037 2813 5101 δὲταῦτα,
2864 5039 3012 5103 ὅπως
3061 5040 3294 5093 Ἰταλίαν
3323 5043 3403 5104 είς
3437 5042 3585 5094 ἕδνον
3632 5045 3704 5113 τῇ

1805 5152 1903 5210 Du
1932 5148 2151 5212 Canuii
2187 5160 2374 5209 noue.

532 5250 643 5321 (l6)
678 5247 824 5306 Εἶτα
868 5252 966 5307 ἐπὶ
1026 5249 1369 5312 Βυζάντιον.
1426 5250 1730 5305 Willeimus
1783 5250 2025 5321 Tyrius:

2141 5251 2177 5304 Ι.
2205 5267 2239 5306 t.
2282 5250 2356 5305 Do
2398 5249 2548 5304 Gest.
2582 5249 2756 5317 Frid.,
2796 5267 2848 5306 c.
2883 5252 2989 5307 59:
3023 5250 3301 5308 Comedus
3341 5251 3706 5310 Romanorum

458 5315 583 5385 Ipse
614 5315 677 5375 ob
710 5323 913 5388 Epheso
966 5340 1089 5375 usus
1141 5339 1243 5375 nov
1267 5326 1351 5391 gfo
1403 5315 1910 5379 Constantinonoi—t‘m
1948 5337 2035 5373 re-

460 5404 640 5444 uersus
699 5401 799 5454 est,
853 5395 942 5445 ubi
989 5410 1021 5443 a
1052 5393 1265 5444 domino
1312 5398 1620 5455 imperatore
1663 5393 1828 5444 multo
1876 5406 2035 5460 quam

459 5462 629 5526 primo
659 5463 882 5514 aduentu
914 5470 1181 5524 susceptus
1217 5463 1503 5524 honestius,
1534 5473 1638 5513 etc.
1670 5464 1784 5513 0.?0
1823 5467 1886 5512 de.
1918 5460 2038 5511 Diu-

463 5530 595 5596 giln,
623 5531 658 5584 I.
684 5546 732 5583 Vl
758 5549 772 5584 :
804 5532 1126 5583 Alemmmus
1150 5535 1399 5597 paenitens
1428 5531 1565 5600 quas!
1593 5529 2038 5595 Constantinopo-

466 5600 693 5652 limitum
732 5603 1103 5668 imperatorem
1137 5617 1237 5654 nou
1278 5608 1500 5664 viderat,
1549 5600 1692 5664 apud
1722 5617 1838 5653 eum
1865 5614 2035 5652 rever-

472 5684 559 5719 sus
591 5680 661 5720 nl
688 5670 939 5724 hiemare.

544 5738 659 5808 (i7)
717 5742 1141 5810 Θεσσαλονίκῃ
1197 5739 1563 5812 πρισέσχεν.
1609 5739 1749 5796 Otho
1806 5738 2037 5811 Frisiug.

2140 5322 2444 5386 imperator,
2483 5337 2636 5373 naves
2681 5323 2823 5389 apud
2851 5322 3229 5375 Plolcmaidem
3264 5324 3548 5390 ingressus,
3580 5324 3703 5391 [ra-

2139 5400 2269 5443 lrcm
2300 5401 2346 5443 et
2393 5392 2623 5458 amicum
2647 5407 2801 5443 suum
2825 5391 3035 5445 Mnnuel
3066 5394 3220 5457 regia:
3252 5394 3393 5445 urbis
3417 5395 3707 5458 principem

2133 5461 2192 5513 in
2221 5460 2433 5513 Achaia:
2463 5476 2553 5513 seu
2585 5457 2868 5515 Thessalia?
2885 5462 3077 5527 ﬁnibus
3102 5462 3365 5515 inveniens
3400 5457 3529 5515 adiit
3582 5457 3706 5517 cum

2137 5546 2316 5596 eoque.
2346 5540 2592 5591 tanquam
2628 5546 2692 5583 ea:
2726 5530 2879 5599 longa
2911 5534 2995 5585 vis
3025 5532 3301 5600 fatigatus.
3333 5532 3710 5600 laboribusque

2141 5600 2363 5665 fructus.
2395 5609 2442 5652 et
2466 5617 2567 5651 non
2595 5601 2795 5652 modica
2821 5601 3130 5667 infirmitate
3151 5614 3439 5662 correptus.
3483 5617 3573 5665 per
3600 5606 3708 5656 ali-

2138 5671 2275 5744 ηιιυιί
2322 5670 2568 5744 temporis
2604 5673 2936 5744 sprgtiumjbt'
2971 5672 3185 5744 quieuit.
3222 5671 3558 5744 Addi-AW”.
3592 5673 3708 5744 ’ἴγ-

2144 5741 2279 5794 riunt
2321 5742 2353 5793 i.
2385 5754 2515 5807 nu,
2555 5755 2604 5794 c.
2635 5740 2725 5808 28,
2750 5748 2803 5794 et
2829 5738 2988 5796 Gesta
3017 5739 3223 5797 Luduv.
3256 5757 3303 5796 c.
3341 5741 3430 5796 ‘27.
