4058 6424
451 358 557 423 4⁸23

1710 346 2037 409 IOANNIS
2070 346 2400 409 CINNAMI

3606 343 3724 410 ΡΞ

457 471 675 543 Scythis
721 474 935 539 captum
965 463 1135 520 fuisse
1158 471 1395 518 castrum
1428 460 1710 531 diximus),
1738 475 1910 530 neque
1946 475 2035 515 res

2142 463 2294 517 σιλέα
2328 462 2792 534 μεταπέμπεσθαι
2821 463 3012 518 τοῦτον
3043 464 3285 530 ἀκούων,
3339 484 3358 519 ι
3401 467 3464 521 Ei
3512 467 3733 536 βασιλεῖ

455 571 656 615 nostrae
693 559 781 613 hic
815 575 843 611 a
893 554 1153 611 Barbaris
1185 554 1407 621 direptae
1447 567 1544 623 pro
1578 552 1731 607 Iibitu
1766 562 1819 608 et
1845 554 2038 607 ablata:

453 653 704 707 Ῑιιίκδειιι.
749 667 769 702 ι
831 646 910 703 Ad
945 649 1060 702 haec
1110 646 1261 699 aiunt
1305 645 1639 714 indignatum
1693 646 2039 713 respondisse

454 743 751 814 principem
794 758 810 795 :
843 758 859 790 ι
904 738 1019 792 Non
1048 738 1149 791 sim
1179 750 1280 806 ego
1309 735 1417 800 ille,
1450 735 1534 788 cui
1572 733 1835 789 divinitus
1858 748 1888 787 a
1926 734 2036 790 Deo

453 834 710 887 collatum
766 842 844 884 est
879 827 1245 881 [iuntanorum
1272 826 1580 894 imperium,
1621 824 1722 878 nisi
1753 823 2037 878 confestim

452 921 694 976 audacia.-
719 917 831 990 94
859 930 1048 986 pugnas
1078 913 1330 968 dederint
1353 913 1590 982 Scythas.
1635 929 1655 965 ι
1695 911 2040 983 Quapropter

458 1013 727 1081 reliquum
780 1009 1051 1063 exercitus
1099 1020 1164 1061 eo
1203 1005 1324 1070 loci,
1352 1014 1405 1057 et
1432 1005 1499 1057 ad
1527 1006 1671 1072 ripas
1706 1014 1887 1059 castra
1925 1020 2040 1059 nte-

456 1116 630 1161 talum
664 1102 901 1172 reliquit.
932 1100 1054 1170 Ipse
1126 1098 1253 1167 quia
1285 1098 1545 1161 nondum,
1578 1098 1658 1151 uti
1685 1096 1891 1152 dictum
1932 1106 2039 1163 est,

457 1202 798 1255 advenerant
852 1208 1041 1259 naves,
1111 1192 1311 1263 aptatis
1361 1191 1729 1260 connexisque
1792 1190 1934 1245 inter
1982 1205 2043 1245 se

457 1290 674 1354 lembis,
734 1302 857 1340 cum
915 1286 1248 1353 quingentis,
1312 1282 1476 1337 exiis
1534 1281 1624 1350 qui
1659 1281 1758 1336 sibi
1790 1282 2039 1346 aderant,

456 1379 653 1435 Istrum
701 1378 1014 1446 superavit:
1051 1389 1283 1443 cumque
1336 1373 1478 1427 ultra
1534 1374 1693 1428 vellet
1718 1373 2038 1442 procedere,

463 1477 517 1528 in
583 1477 716 1527 duos
747 1471 884 1525 alios
946 1468 1282 1539 navigabiles
1350 1466 1542 1521 ﬂuvios
1574 1466 1787 1521 incidit.
1812 1466 1883 1521 Ut
1913 1482 2042 1521 vero

458 1567 663 1622 nullum
701 1565 772 1619 ibi
794 1608 797 1611 .
821 1562 1070 1633 apparuit
1114 1561 1408 1631 navigium,
1433 1573 1541 1629 quo
1574 1559 1639 1613 ad
1671 1557 2040 1627 traiectionem

460 1668 729 1723 uteretur,
782 1657 895 1710 suis
927 1652 1234 1724 imperavit,
1265 1662 1323 1704 ut
1373 1650 1642 1705 actuarias
1670 1664 1790 1716 qua:
1818 1648 1872 1701 in
1902 1647 2042 1703 Istro

456 1759 615 1805 erant
642 1747 797 1817 equis
819 1746 1124 1816 alligarent,
1154 1754 1318 1812 atque
1371 1742 1444 1796 ita
1476 1743 1540 1796 ad
1566 1741 1759 1795 ﬂuvios
1792 1750 2041 1795 transve-

457 1843 671 1897 herent.
705 1839 824 1905 Quo
853 1837 1016 1900 facto,
1073 1836 1218 1891 nullo
1277 1834 1462 1890 labore
1520 1831 2041 1903 trajecernut..Ln¢o

457 1932 648 1988 deinde
669 1929 905 1998 spatioso
924 1927 1262 1991 transmisso,
1293 1924 1358 1978 ad
1392 1936 1628 1978 montem
1666 1939 1839 1993 usque
1862 1923 2039 1994 (τένου

454 2019 668 2092 ὅρμον),
724 2018 818 2088 qni
878 2015 1314 2088 Tauroscytbica:
1369 2015 1566 2070 ﬁnibus
1605 2016 2045 2084 adjacet,perve-

456 2136 607 2175 nere.
637 2120 713 2174 lbi
741 2131 864 2172 cum
896 2129 1064 2169 vacua
1093 2128 1316 2184 prorsus
1368 2126 1433 2167 ac
1464 2113 1677 2168 deserta
1708 2113 2043 2169 invenissent

457 2207 785 2281 Srytharum
836 2215 1017 2267 castra
1082 2208 1228 2273 (nam
1255 2202 1328 2257 illi
1381 2202 1543 2272 paulo
1583 2214 1710 2259 ante
1735 2218 1794 2259 se
1826 2204 1947 2260 inde
1965 2220 2042 2259 re-

458 2301 741 2373 ceperant)
771 2299 997 2355 ulterius
1047 2299 1490 2370 progrediuntur.
1546 2298 1723 2355 Medio
1750 2308 1928 2354 autem
1955 2299 2043 2357 die

454 2412 577 2447 cmn
631 2410 697 2448 ex
756 2392 1006 2447 hostibus
1062 2406 1222 2447 nemo
1278 2400 1584 2461 appareret,
1644 2390 1897 2464 Scythas,
1947 2393 2039 2463 qni

456 2483 715 2537 nonanis
741 2480 1064 2547 militabant,
1095 2482 1273 2552 seligit
1324 2483 1641 2550 imperator,
1679 2491 1733 2536 et
1755 2482 2039 2551 Giphardo

456 2577 618 2639 dnee,
665 2573 785 2627 viro
845 2575 920 2628 rei
979 2573 1226 2628 militaris
1286 2572 1641 2644 peritissimo,
1701 2573 1888 2641 mittit,
1921 2584 2038 2628 uta

459 2679 612 2735 tergo
673 2666 989 2721 insisterent
1029 2665 1302 2731 hostibus,
1361 2666 1488 2721 etsi
1524 2665 1746 2721 daretur
1800 2667 2037 2733 occasio,

457 2772 651 2811 manus
691 2764 1065 2821 consererent,
1114 2754 1241 2810 dum
1304 2754 1419 2823 ipse
1447 2754 1592 2811 lento
1630 2755 1837 2810 interea
1869 2759 2037 2825 gradu

459 2849 903 2916 subsequeretur.
974 2843 1222 2900 Nondum
1264 2845 1554 2914 plurimum
1627 2857 2041 2916 consumpserat

456 2941 668 2994 itineris
698 2937 1027 3007 Gipbardus,
1056 2952 1177 2991 cum
1206 2936 1262 2991 in
1300 2936 1485 2992 hostes
1531 2936 1740 2992 incidit.
1767 2937 1872 2993 Sed
1903 2954 2039 3009 pra:-

456 3032 586 3085 lium
612 3029 949 3086 committere
989 3044 1094 3085 non
1117 3042 1303 3093 ausus,
1334 3030 1476 3099 quod
1500 3027 1658 3099 longe
1689 3031 2038 3087 numerosior

460 3125 825 3183 Barbarornm
860 3122 966 3179 sibi
1000 3123 1279 3178 videretur
1310 3121 1475 3189 acies,
1532 3121 1914 3193 imperatorem
1940 3137 2037 3192 per
2062 3149 2110 3211 ο

459 3215 698 3282 nuntios,
752 3224 812 3269 ut
859 3212 1149 3270 confestim
1200 3212 1311 3285 95
1341 3213 1649 3279 accederet,
1704 3213 2035 3269 sollicitavit.

458 3308 556 3363 His
609 3308 871 3379 acceptis,
923 3321 1072 3362 arma
1128 3307 1389 3360 continuo
1438 3305 1903 3375 induitprinceps,
1951 3321 2040 3360 ar-

461 3409 641 3454 n.atur
688 3401 914 3468 perinde
958 3408 1015 3453 et
1081 3405 1228 3454 totus
1266 3399 1561 3453 exercitus.
1618 3396 1740 3451 Mox
1808 3412 1839 3451 a
1886 3408 2040 3467 tergo

457 3491 688 3561 Scythas
733 3489 897 3545 simul
952 3489 1152 3554 adorti,
1220 3503 1343 3546 cum
1375 3488 1442 3542 iis
1490 3503 1684 3543 manus
1721 3499 2037 3544 conserunt.

456 3581 640 3635 Primo
702 3579 916 3650 quidem
983 3589 1182 3635 stetere
1234 3578 1469 3651 scytlm,
1531 3579 1680 3634 velut
1737 3580 2038 3637 subeuntes

456 3676 780 3741 excepturi:
818 3686 884 3727 ac
929 3670 984 3726 in
1028 3671 1346 3742 phalangem
1396 3671 1657 3740 ordinati,
1721 3672 1941 3727 voluere
1982 3680 2041 3726 ut

459 3765 685 3829 auxilia,
716 3774 827 3818 tum
863 3779 959 3832 pro
985 3777 1065 3828 se,
1104 3773 1216 3818 tum
1248 3778 1347 3832 pro
1371 3766 1547 3835 praeda
1574 3780 1737 3834 quam
1773 3764 2038 3832 fecerant,

458 3855 671 3923 primos
717 3854 949 3925 impetus
997 3856 1348 3912 sustinerent.
1392 3853 1642 3910 Validum
1673 3846 1947 3927 utrimque
1981 3858 2040 3912 lit

458 3946 724 4015 praelium.
755 3944 1074 4015 Complures
1114 3945 1342 4000 Romani
1385 3947 1641 4016 praeclare
1664 3945 1823 4002 factis
1858 3946 1927 4001 ibi
1957 3948 2040 4001 in-

462 4041 731 4104 claruere,
764 4047 926 4107 alque
953 4037 1007 4091 in
1038 4037 1228 4108 primis
1253 4038 1567 4107 imperator.
1601 4036 1856 4092 Hostibus
1893 4039 2037 4092 enim

458 4129 705 4184 cominus
727 4129 927 4182 acriter
954 4128 1295 4198 urgentibus,
1335 4128 1451 4198 ipse
1484 4128 1729 4184 invectus
1749 4126 1905 4183 hasta
1926 4129 2039 4185 dis-

458 4219 619 4274 sulvit
685 4217 958 4273 confertos
1013 4217 1367 4288 pugnantium
1400 4218 1663 4283 ordines;
1720 4232 1895 4289 neque
1923 4219 2037 4273 sin-

455 4312 679 4382 gulatim
732 4311 1017 4374 duntaxat,
1077 4310 1172 4365 sed
1220 4318 1275 4365 et
1317 4310 1475 4367 binos
1517 4309 1681 4367 simul
1744 4311 2036 4375 interdum,

2141 556 2252 609 τῶν
2288 556 2411 611 καθ’
2442 558 2589 627 ἡμᾶς
2618 557 2837 628 ἔμελεν,
2864 554 3039 619 εἶπεν.
3066 558 3166 611 οὐκ
3195 558 3263 612 ἂν
3291 557 3320 611 ὅ
3350 575 3410 611 τε
3439 560 3732 628 Δεμνίτζι-

2142 665 2240 712 κος
2274 648 2417 702 έάλω
2450 647 2614 719 (οὕτω
2640 648 2752 718 γὰρ
2780 648 2842 701 τὸ
2875 651 2986 712 τοῖς
3031 649 3291 713 Σκύθαις,
3336 648 3528 721 ῶσπερ
3568 652 3728 720 εἴρη-

2140 757 2254 798 ται.
2319 740 2537 811 αἰρεθὲν
2596 740 2915 810 ὠνομάζετο
2971 741 3283 811 φρούριον),
3336 743 3429 794 καὶ
3477 744 3547 796 τὰ
3597 742 3724 794 καθ’

2141 832 2291 900 ἡμᾶς
2327 831 2463 904 πρὸς
2498 831 2607 886 τῶν
2639 832 2947 903 Βαρϐάρων
2987 833 3112 885 κατ’
3155 830 3410 897 ἐξουσίαν
3445 833 3608 904 ῆγετό
3662 849 3727 885 τε

2142 925 2237 977 καὶ
2295 912 2545 995 ἐφέρετο.
2589 943 2609 975 ι
2663 925 2895 992 Λέγεται
2932 924 3111 978 τοίνυν
3153 926 3288 994 πρὸς
3324 924 3497 978 ταῦτα
3527 926 3727 995 διηγα-

2142 1017 2458 1084 νακτηκότα
2487 1015 2579 1067 τὸν
2613 1014 2842 1085 βασιλέα
2873 1032 2894 1066 ι
2932 1015 3044 1069 Ναὶ
3074 1014 3163 1085 δὴ,
3197 1016 3390 1081 φάναι,
3422 1014 3497 1086 μὴ
3525 1015 3592 1068 ἂν
3617 1017 3727 1068 αύ-

2141 1109 2235 1171 τος
2266 1108 2431 1177 εἴην,
2484 1101 2529 1177 ᾧ
2584 1108 2657 1161 τά
2719 1108 3013 1177 Ῥωμαίων
3075 1107 3262 1162 θεόθεν
3319 1109 3728 1176 ἐπιτέτραπται

2143 1201 2476 1269 πράγματα,
2505 1202 2556 1253 εί
2592 1199 2669 1271 μὴ
2696 1199 2896 1253 αύτὶκα
2919 1197 3030 1252 τῶν
3059 1199 3484 1270 τετολμημένων
3512 1199 3726 1253 Σκύθαι

2142 1291 2374 1346 δώσουσι
2413 1292 2593 1354 δίκας.
2630 1311 2649 1345 r
2679 1293 2772 1345 Διὸ
2793 1291 2856 1361 δὴ
2893 1291 2954 1344 τδ
2980 1289 3080 1361 μὲν
3104 1291 3291 1345 λοιπὸν
3320 1290 3413 1344 τοῦ
3458 1290 3729 1361 στρατεύ-

2147 1400 2320 1452 ματος
2355 1382 2522 1436 αὐτοῦ
2554 1400 2659 1435 που
2688 1384 2783 1437 καὶ
2813 1384 2907 1437 ἐπὶ
2953 1387 3078 1447 ταῖς
3113 1383 3303 1454 ὄχθαις
3355 1385 3726 1454 ὲνστρατοπε·

2141 1476 2467 1547 δευσόμενον
2492 1476 2697 1542 ἔλιπεν,
2715 1476 2877 1539 αὐτὸς
2907 1477 2964 1531 δὲ
2989 1477 3096 1530 τῶν
3113 1477 3251 1530 νεῶν
3265 1476 3327 1530 οὗ
3339 1493 3442 1543 πω,
3465 1476 3611 1530 καθά
3658 1492 3725 1547 sp

2142 1570 2359 1638 εἴρηται
2393 1569 2745 1639 ἀφικομένων
2770 1568 2896 1633 τοὺς
2927 1568 3162 1639 λέμϐους
3188 1568 3437 1640 ἀλλήλοις
3455 1569 3727 1640 ξυνδήσας

2144 1661 2240 1714 καὶ
2278 1661 2666 1731 ἁρμοσάμενος
2699 1663 2797 1715 σὺν
2828 1661 3211 1725 πεντακοσίοις
3237 1660 3346 1713 τῶν
3378 1660 3517 1731 ἀμφ’
3554 1661 3728 1713 αύτᾶν

2142 1754 2237 1806 τὸν
2277 1752 2491 1824 Ἴστρον
2540 1752 2692 1824 διέϐη
2744 1768 2759 1784 ⁶
2799 1753 3009 1825 μέλλων
3072 1770 3133 1808 τε
3194 1753 3528 1822 ἐπίπροσθεν
3579 1752 3726 1804 ἰέναι

2143 1844 2300 1898 δυσὶν
2333 1844 2513 1909 ἄλλοις
2550 1843 2871 1913 ἐντυγχάνει
2913 1845 3180 1913 ποταμοῖς
3218 1842 3592 1914 ναυσιπόροις.
3631 1842 3724 1904 ὀς

2141 1935 2237 1992 οὖν
2266 1938 2479 2008 οὖδαμῆ
2522 1936 2818 2008 λεμϐάδιον
2863 1936 3099 1991 ἰνταῦθα
3133 1936 3461 2005 διεφαίνετο,
3493 1929 3539 2004 ᾧ
3587 1937 3729 2007 χρή-

2146 2050 2301 2086 σαιτο
2341 2033 2408 2087 άν
2440 2049 2525 2096 τις
2555 2034 2614 2097 ἐς
2653 2032 2753 2103 τὴν
2794 2032 3125 2102 περαίωσιν,
3164 2030 3388 2084 ἐκέλευε
3429 2034 3543 2095 τοῖς
3591 2031 3725 2101 περὶ

2142 2125 2309 2179 αὐτὸν
2350 2128 2468 2188 τοῖς
2496 2125 2609 2179 τῶν
2665 2124 2852 2178 ἵππων
2890 2124 3137 2197 οὐραίοις
3182 2126 3253 2179 τὰ
3281 2126 3377 2178 ἐπὶ
3414 2126 3492 2196 τῷ
3521 2126 3727 2195 Ἴστρῳ

2141 2217 2347 2273 ἀκάτια
2405 2218 2774 2290 ξυνδήσαντας
2812 2218 2894 2281 είς
2929 2219 3056 2282 τοὺς
3094 2218 3423 2289 εἰρημένους
3457 2219 3722 2287 μετάγειν

2139 2302 2252 2356 τῶν
2307 2302 2593 2371 ποταμῶν.
2657 2299 2732 2356 Οὗ
2788 2302 3079 2370 γεγονότος
3132 2303 3374 2371 ἀμογητὶ
3421 2302 3717 2365 διέϐαινον,

2140 2389 2324 2463 χῶρόν
2373 2390 2434 2444 τέ
2488 2407 2610 2444 τινα
2658 2390 2868 2461 δολιχὸν
2899 2389 3291 2460 διαμείψαντες
3325 2391 3456 2461 ἄχρι
3490 2392 3585 2445 καὶ
3625 2392 3724 2443 ἐπὶ

2138 2483 2265 2553 ὅρος
2282 2481 2439 2534 τένου
2455 2481 2623 2550 ὅρμον
2653 2476 2838 2553 ἦλθον,
2858 2481 2993 2552 ὅπερ
3018 2480 3187 2550 άγχοῦ
3214 2480 3325 2534 τῶν
3340 2479 3715 2551 Ταυροσκυθι-

2142 2576 2248 2646 κῆς
2267 2574 2437 2645 ὁρίων
2458 2574 2664 2645 ἀνέχει.
2701 2572 2871 2626 Ἔνθα
2897 2573 2955 2625 τὸ
2976 2573 3087 2625 τῶν
3105 2573 3330 2625 Σκυθῶν
3353 2572 3722 2642 στρατόπεδον

2141 2669 2355 2741 ἀνδρῶν
2387 2668 2741 2722 παντάπασιν
2773 2668 2983 2737 ἔρημον
3007 2666 3307 2737 εὑρηκότες
3339 2665 3566 2736 (ᾤχοντο
3606 2666 3725 2734 γὰρ

2140 2762 2201 2814 οὐ
2230 2760 2414 2829 πολλῷ
2446 2759 2721 2830 πρότερον
2765 2758 3047 2828 ἀπιόντες)
3082 2757 3420 2828 προσωτέρω
3450 2756 3719 2827 ἐχώρουν.

2153 2850 2308 2905 Ἐπεὶ
2338 2849 2394 2902 δὲ
2422 2850 2567 2918 ἀμφὶ
2602 2849 2778 2919 μέσην
2805 2847 3020 2919 ἡμέραν
3054 2846 3153 2919 ήδη
3187 2842 3256 2919 ἦν
3288 2846 3383 2900 καὶ
3425 2846 3598 2908 οὐδεὶς
3625 2845 3721 2898 οὐ·

2137 2940 2286 3012 δοιμῆ
2319 2941 2598 3011 πολεμίων
2632 2939 2978 3007 διεφαίνετο,
3011 2937 3227 2998 Σκύθας
3261 2937 3389 2999 τοὺς
3415 2936 3533 2989 ὅσοι
3577 2937 3722 2990 Ῥω-

2141 3035 2327 3106 μαίοις
2356 3032 2781 3103 ξυνεστράτευον
2829 3030 3240 3099 ἀπολεξάμενος
3289 3027 3543 3099 βασιλεὺς
3582 3028 3723 3081 ὑπο-

2143 3123 2543 3198 στρατηγοῦντι
2592 3122 2887 3194 Γιφάρδῳ,
2938 3120 3100 3194 ἀνδρὶ
3157 3120 3415 3193 πολέμων
3461 3121 3721 3192 ἐμπείρῳ

2140 3216 2377 3281 πολλῶν,
2430 3215 2633 3271 αὐτοὺς
2692 3214 2791 3286 μὶν
2859 3213 3037 3267 όπίσω
3081 3212 3192 3267 τῶν
3240 3210 3518 3280 πολεμίων
3574 3211 3718 3266 ἱέναι

2139 3310 2410 3381 επεμψεν,
2441 3306 2943 3379 ίχνοσκοπήσοντάς
2977 3322 3038 3358 τε
3073 3304 3169 3358 καὶ
3197 3304 3305 3376 ὅπη
3327 3304 3530 3358 δυνατά
3556 3302 3720 3358 ἐσται

2142 3402 2590 3474 μαχησομένους,
2644 3399 2809 3463 αὐτὸς
2864 3398 2921 3452 δὲ
2958 3398 3197 3451 κατόπιν
3248 3396 3547 3467 ἐπορεύετο
3589 3412 3724 3467 σχο-

2137 3496 2440 3567 λαιότερον.
2466 3494 2582 3548 Οὐκ
2612 3495 2693 3555 είς
2735 3491 2959 3562 μακρὰν
2986 3485 3081 3544 οὖν
3110 3490 3139 3543 ό
3166 3489 3442 3560 Γιφάρδος
3470 3490 3585 3552 τοῖς
3617 3506 3723 3543 πο-

2138 3586 2354 3654 λεμίοις
2400 3580 2817 3652 ἐντετυχηκὼς,
2854 3580 3047 3651 ἐπειδὴ
3082 3581 3159 3654 μὴ
3194 3581 3422 3652 ἐθάρρει
3457 3581 3524 3651 τῇ
3575 3597 3721 3650 συμ-

2141 3676 2273 3748 ϐολῇ
2312 3676 2396 3748 (τὸ
2424 3676 2533 3745 γὰρ
2567 3674 2877 3744 Βαρϐάρων
2919 3674 3126 3743 πλῆθος
3166 3673 3407 3744 ἀριθμοῦ
3459 3677 3722 3743 κρεῖσσον

2141 3768 2291 3839 αὑτῷ
2352 3765 2684 3837 κατεφάνη),
2739 3764 2965 3835 πέμψας
3010 3766 3105 3818 ἐπὶ
3148 3765 3239 3819 τὸν
3284 3763 3509 3835 βασιλέα
3557 3766 3721 3834 ἣκειν

2140 3863 2307 3916 αὑτὸν
2342 3861 2443 3931 τὴν
2473 3860 2739 3930 ταχίστην
2770 3859 2963 3912 ἐδεῖτο.
3010 3856 3197 3912 Ταῦτα
3226 3856 3414 3928 ἐπειδὴ
3458 3856 3723 3925 βασιλεὺς

2139 3954 2401 4025 ἧκουσεν,
2432 3954 2594 4015 αὑτός
2619 3969 2681 4005 τε
2712 3951 2852 4022 πρὸς
2881 3951 2996 4013 τοῖς
3023 3948 3210 4013 ὅπλοις
3248 3949 3449 4005 αὐτίκα
3492 3948 3723 4016 ἐγένετο

2141 4049 2238 4103 καὶ
2303 4048 2366 4101 τδ
2435 4044 2755 4115 στράτευμα
2815 4041 3117 4109 ὲξώπλιστο
3162 4042 3329 4095 άπαν.
3400 4040 3604 4094 Ὀπίσω
3653 4057 3719 4093 τε

2141 4135 2367 4191 Σκυθῶν
2430 4134 2723 4199 διώξαντες
2773 4132 2855 4194 είς
2908 4132 3099 4200 χεῖρας
3148 4129 3250 4201 ἤδη
3305 4124 3471 4200 ἦλθον
3506 4131 3717 4191 αὐτοῖς.

2139 4228 2348 4284 Σκύθαι
2380 4226 2562 4279 τοίνυν
2598 4225 2661 4278 τὸ
2701 4223 2802 4294 μὲν
2835 4221 3057 4293 πρῶτον
3093 4220 3332 4291 ἔστησάν
3368 4238 3429 4274 τε
3464 4221 3540 4283 ὡς
3573 4221 3717 4275 ὑπο-

2138 4319 2419 4390 δεξάμενοι
2446 4318 2587 4386 σφᾶς
2626 4316 2723 4368 καὶ
2751 4316 2809 4378 ὲς
2846 4313 3104 4382 φάλαγγα
3135 4310 3431 4382 ταξάμενοι
3458 4312 3718 4383 βοήθειαν

457 4403 644 4456 multis
695 4415 885 4457 eorum
935 4399 1110 4456 caesis.
1182 4399 1261 4455 lta
1290 4400 1491 4456 invicto
1531 4402 1787 4473 principis
1835 4403 2035 4474 impetu

2144 4411 2293 4481 σφῶν
2318 4427 2378 4462 τε
2410 4407 2592 4462 αὐτῶν
2625 4408 2720 4460 καὶ
2763 4398 2843 4458 ὧν
2884 4404 3158 4475 ἐπήγοντο
3194 4402 3456 4474 λαφύρων
3496 4420 3718 4477 προπο-

457 4494 796 4561 proturbatis
837 4491 1104 4558 hostibus,
1158 4490 1387 4549 Romani
1435 4493 1644 4550 viribus
1700 4494 1925 4566 integris
1949 4499 2036 4551 in-

2141 4502 2350 4558 νεῖσθαι
2375 4498 2588 4571 ἡθελον,
2617 4498 2651 4568 ἦ
2681 4513 2739 4550 τε
2783 4495 3027 4565 ξυμϐολὴ
3081 4496 3424 4567 ἑκατέρωθεν
3462 4497 3556 4550 σὺν
3584 4496 3721 4549 ὠθι-

454 4598 733 4656 grnentes,
769 4595 936 4639 totam
960 4585 1129 4641 aciem
1150 4598 1460 4655 perrupere.
1484 4582 1711 4641 Plurimi
1738 4594 1851 4640 tum
1885 4587 2037 4643 ceci-

2141 4594 2263 4665 σμῷ
2311 4594 2406 4646 καὶ
2438 4591 2530 4662 βίᾳ
2554 4590 2783 4657 ἐγίνετο.
2813 4589 2942 4641 Ὅτε
2969 4588 3033 4660 δὴ
3066 4588 3250 4641 πολλοὶ
3286 4588 3385 4658 μὲν
3423 4587 3515 4640 καὶ
3558 4588 3718 4642 ἄλλοι

457 4685 584 4733 dere
613 4677 999 4745 Barbarorum,
1062 4686 1277 4733 centum
1309 4678 1529 4731 circiter
1578 4678 1744 4747 capti,
1782 4686 1949 4748 atque
1982 4680 2037 4733 in

2146 4685 2445 4755 Ῥωμαίων
2510 4682 2708 4751 ἄνδρες
2769 4681 3020 4749 ἐγένοντο
3084 4679 3306 4748 ἀγαθοὶ,
3354 4678 3607 4750 βασιλεὺς
3654 4680 3716 4733 δὲ

458 4772 525 4825 iis
587 4770 852 4831 Lazarus.
908 4770 1075 4825 animi
1107 4772 1300 4824 robore
1348 4778 1631 4839 praestans,
1656 4776 1709 4824 et
1735 4770 1876 4824 inter
1901 4768 2035 4843 Scy-

2141 4775 2353 4828 πάντων
2384 4771 2638 4843 μάλιστα.
2667 4769 2752 4842 [Ρ.
2778 4768 2868 4841 55]
2896 4769 3015 4822 Τῶν
3042 4770 3152 4840 γὰρ
3178 4770 3454 4841 πολεμίων
3480 4770 3716 4839 ἔγγιστα

457 4862 630 4916 tbicos
668 4861 993 4932 phylarchos
1046 4862 1393 4931 conspicuus.
1452 4858 1712 4929 Reliquos
1765 4875 2033 4931 equorum

2141 4866 2481 4935 ἐγκειμένων
2515 4861 2773 4934 ἰσχυρῶς,
2803 4862 2970 4927 αὐτὸς
3010 4863 3109 4916 σὺν
3139 4863 3217 4933 τῷ
3248 4863 3436 4934 δόρατι
3479 4863 3720 4915 ἐπελαύ-

453 4955 628 5008 virtus
668 4963 723 5007 et
768 4954 932 5007 densa
1009 4955 1295 5018 montium,
1327 4954 1418 5022 qui
1441 4951 1745 5023 complures
1775 4952 1847 5008 ibi
1882 4963 2027 5020 sunt,

2141 4975 2244 5012 νων
2288 4958 2381 5009 τὸν
2428 4958 2814 5026 συνασπισμὸν
2864 4957 3051 5018 αὐτοῖς
3104 4956 3280 5019 ἔλυεν,
3331 4960 3393 5010 οὐ
3438 4955 3561 5009 καθ’
3611 4956 3719 5009 ἕνα

454 5058 781 5110 servavere;
819 5044 1049 5099 Romani
1090 5055 1294 5111 autem,
1317 5053 1605 5113 postquam
1644 5055 1837 5099 cuncta
1860 5043 2031 5113 pabu-

2141 5047 2322 5116 μόνον,
2342 5043 2461 5096 ἀλλ’
2480 5042 2583 5114 ήδη
2610 5045 2704 5096 καὶ
2722 5043 2916 5097 σύνδυο
2939 5042 3170 5106 πολλοὺς
3194 5043 3420 5097 ἐκείνων
3453 5045 3723 5097 ἀποκτιν-

453 5140 746 5196 lationibus
800 5141 1241 5210 absumpserant,
1287 5150 1434 5194 retro
1485 5141 1679 5195 deinde
1728 5149 2031 5197 cesserunt.

2141 5138 2247 5200 νύς.
2276 5135 2443 5189 Ὅθεν
2486 5136 2581 5188 καὶ
2628 5134 2706 5206 τῷ
2739 5135 3102 5206 άνυποστάτῳ
3140 5136 3240 5205 τῆς
3290 5135 3556 5205 βασιλέως
3600 5152 3720 5189 πα-

455 5233 575 5297 Quo
604 5242 714 5287 tum
765 5244 1009 5300 tempore
1042 5229 1203 5286 Sotas
1266 5230 1374 5292 ille,
1411 5244 1572 5300 quem
1591 5246 1789 5300 genere
1816 5241 1870 5286 et
1899 5231 2038 5286 divi-

2141 5225 2595 5299 ρακεκινημένων
2654 5226 2858 5297 ὁρμῆς.
2926 5225 3192 5297 Ῥωμαῖοι
3259 5227 3722 5299 όλοσχερέστερον

460 5326 547 5380 tiis
604 5325 1030 5394 pra-pollentem,
1089 5335 1148 5377 ut
1202 5323 1458 5388 diximus,
1501 5331 1757 5392 ceperant
1799 5321 2035 5394 Scythae,

2141 5322 2258 5375 κατ’
2291 5319 2472 5373 αὐτῶν
2503 5316 2887 5385 ἐπιϐρίσαντες
2926 5317 3185 5388 λαμπρὰν
3218 5319 3319 5389 ἤδη
3354 5320 3455 5390 τὴν
3491 5321 3725 5386 ἐπάγω.

453 5428 668 5483 arrepta
698 5415 1010 5479 occasione,
1044 5412 1166 5482 fuga
1202 5414 1253 5467 in
1279 5423 1456 5467 castra
1490 5414 1755 5480 pervenit.

2142 5414 2245 5483 γὴν
2277 5411 2518 5464 ἐποίουν.
2549 5410 2745 5463 Πολλοὶ
2771 5410 2867 5477 μὲν
2898 5406 2991 5463 οὖν
3017 5408 3319 5480 Βαρϐάρων
3345 5411 3541 5464 ἔπεσον
3565 5451 3579 5475 ,
3614 5412 3719 5465 ἐά-

451 5506 633 5559 λωσαν
659 5506 715 5559 δὲ
748 5508 842 5559 καὶ
870 5510 949 5570 εἰς
978 5506 1170 5559 ἑκατὸν
1204 5505 1473 5575 μάλιστα,
1517 5507 1574 5557 έν
1605 5502 1685 5567 οἷς
1721 5504 1817 5559 καὶ
1878 5505 2129 5574 Λάζαρος
2169 5500 2261 5575 ἦν,
2307 5504 2447 5575 ἀνὴρ
2514 5504 2608 5556 ἐπὶ
2669 5504 2923 5557 πλεῖστον
2967 5503 3065 5573 μὲν
3107 5504 3354 5574 ἀνδρείας
3405 5504 3576 5574 ἥκων,
3619 5504 3721 5557 ἐπὶ

449 5600 566 5659 τοῖς
596 5601 653 5650 ἐν
699 5600 853 5667 σφίσι
892 5599 1192 5670 φυλάρχοις
1238 5596 1581 5660 ἀπόϐλεπτος
1644 5596 1721 5649 ῶν
1758 5612 1770 5625 ·
1804 5598 1932 5660 τοὺς
1978 5597 2021 5649 δ’
2065 5596 2256 5657 illeo;
2281 5597 2466 5650 ἵππων
2490 5614 2548 5650 τε
2580 5598 2748 5667 ἁρετὴ
2810 5598 2904 5649 καὶ
2964 5597 3020 5649 τὸ
3082 5598 3191 5651 τῶν
3229 5598 3374 5667 ὀρῶν
3412 5596 3723 5652 διεσώσατο

452 5690 661 5754 λάσιον,
693 5691 728 5742 ἃ
757 5689 884 5761 τῇδε
922 5690 1092 5743 πολλὰ
1126 5689 1525 5763 παρατέταται.
1580 5690 1844 5761 Ῥωμαίοι
1905 5692 1962 5743 δὲ
2020 5692 2086 5745 τὰ
2130 5692 2195 5743 ἐκ
2228 5690 2508 5761 προνομῆς
2540 5690 2855 5761 ἀνελόμενοι
2884 5690 3061 5744 πάντα
3087 5692 3263 5745 ὀπίσω
3286 5692 3487 5745 ’λοιπὸν
3509 5692 3726 5761 ἀνεχώ-

456 5794 605 5845 ρουν,
655 5780 742 5832 ὅτε
776 5781 842 5848 δὴ
869 5784 965 5833 καὶ
995 5782 1165 5843 Σότας
1206 5783 1435 5844 ἐκεῖνος,
1470 5781 1527 5833 ὂν
1562 5782 1779 5853 πλούτῳ
1832 5800 1889 5836 τε
1930 5783 2026 5836 καὶ
2063 5784 2237 5849 γένει,
2270 5780 2521 5851 καθάπερ
2555 5782 2791 5852 εἴρηται,
2818 5782 3163 5853 διενεγκόντα
3219 5782 3723 5855 ἀνδραποδισθῆναι.

455 5870 692 5934 Σκύθαις
752 5871 974 5943 ξυνέϐη,
1019 5874 1202 5937 ἁδείας
1252 5873 1552 5945 λαϐόμενος
1605 5876 1785 5945 φυγάς
1833 5877 1925 5929 ἐπὶ
1960 5875 2020 5927 τὸ
2062 5873 2429 5944 στρατόπεδον
2460 5869 2616 5946 ἦλθε.
