4058 6466
355 374 452 437 431
1670 356 1963 418 ΙΟΑΝΝΙΞ

2077 355 2358 414 INNAMI
2601 364 2604 368 '
3515 347 3625 411 432

357 483 498 553 capti
535 484 684 536 sunt.
717 471 1238 547 lmperatorinterca
1273 469 1415 524 fame
1440 477 1494 521 et
1541 464 1942 535 oppugnatione

2067 463 2102 515 ie‘.
2143 462 2274 532 rupi.
2303 461 2402 528 τὴν
2421 460 2720 532 Δαμάλεως
2750 477 2985 532 περαιαν
3018 462 3130 532 πῦρ
3182 463 3471 530 ἐπαφεῖναι
3503 480 3627 515 πει-

358 577 650 644 Corcyram
694 571 921 636 adeptus
976 565 1101 618 inde
1136 560 1422 625 abscessit,
1483 558 1536 611 in
1595 557 1836 610 Siciliam
1888 564 1944 608 et

2067 556 2353 625 ,ασάμενοι
2389 558 2745 623 καταγωγαῖς
2779 555 3026 626 αἰσχρῶς
3061 553 3271 606 ἐκεῖθεν
3303 553 3630 623 ἀπηλλάγη-

363 667 570 720 Italiam
602 660 1002 730 expeditionem
1040 655 1222 709 animo
1253 653 1492 714 volxens,
1523 663 1628 718 quo
1654 657 1941 715 utramque

2067 663 2146 697 rav
2171 646 2399 709 πολλοὺς
2430 647 2540 699 τῶν
2577 647 2859 718 σφετέρων
2917 645 3315 704 ἀποὸαλόντες.
3377 647 3452 697 Οὐ
3515 648 3628 713 μὴν

360 755 695 829 provinciam
724 751 970 805 Romano
994 760 1210 801 rursum
1252 741 1480 812 imperio
1502 745 1794 794 assereret.

2067 737 2150 790 ὧδ’
2177 738 2294 790 ὅσοι
2323 738 2415 790 τὸν
2443 739 2688 792 κίνδυνον
2713 739 2919 808 ἔφυγον
2935 738 3286 810 ἐρῤύσθησαν
3315 741 3372 800 ἐς
3394 738 3454 790 τὸ
3485 755 3629 790 πακ-

357 828 534 912 ’τελές.
589 843 768 898 Ναυσὶ
799 841 907 912 γὰρ
968 835 1377 908 περιτυχόντες,
1433 832 1491 887 αἳ
1555 831 1616 884 τὸ
1678 828 1940 900 δημόσιον
1976 829 2272 899 Κρήτηθεν
2300 830 2563 900 ἐκόμιζον
2627 832 2897 902 νόμισμα,
2929 832 3030 901 τῆς
3098 831 3360 900 μάχηξοί
3407 830 3628 891 πλείους

359 943 621 1012 γεγόνασι
651 936 911 1003 λάφυρον.
936 927 1204 988 Βασιλεὺς
1243 925 1300 978 δὲ
1324 923 1479 993 λιμῷ
1519 921 1616 973 καὶ
1690 917 1982 990 πολιορκίᾳ
2019 917 2119 989 τὴν
2149 919 2308 1012 πόλιν
2364 921 2874 992 παραστησάμενος
2905 922 3119 976 ἐκεῖθεν
3179 921 3460 985 ἀνέζευξε.
3516 922 3630 973 Καὶ

361 1011 456 1090 τοῦ
489 1029 679 1084 λοιποῦ
719 1025 920 1096 περίτε
954 1020 1206 1082 Σικελίας
1239 1018 1334 1071 καὶ
1362 1015 1464 1086 τῆς
1522 1013 1746 1067 Ἰταλῶν
1776 1012 2078 1064 ἐσκέπτετο
2101 1011 2208 1082 γῆς
2241 1014 2318 1076 ὼς
2351 1016 2446 1067 καὶ
2467 1015 2674 1078 ταύτας
2721 1013 3018 1084 Ῥωμαίοις
3049 1014 3418 1068 ἀνασώσαιτο.

432 1129 487 1182 6.
519 1123 588 1179 Ut
639 1129 820 1174 autem
879 1113 1088 1183 accepit
1134 1111 1468 1165 Alemannos
1494 1115 1548 1161 et
1591 1104 1866 1158 Dalmatas
1890 1111 1944 1153 et

364 1223 656 1276 l‘annoncs
716 1212 978 1264 adversus
1029 1203 1270 1259 Siciliam
1301 1199 1502 1256 bellum
1533 1193 1785 1266 apparari
1814 1191 1944 1248 edo-

364 1326 480 1368 ctus
511 1311 578 1364 de
607 1301 990 1374 impugnandis
1020 1312 1086 1353 ex
1114 1293 1410 1350 Occidente
1456 1287 1720 1344 Romanis
1789 1293 1944 1353 pacta

366 1408 505 1460 inter
535 1414 596 1456 se
644 1397 878 1452 fecisse;
914 1390 1301 1460 lagupasanem
1337 1393 1597 1452 praeterea
1653 1378 1942 1433 Persarum

362 1493 719 1566 pbylarcltum
745 1501 852 1541 una
892 1497 1017 1538 cum
1041 1481 1258 1536 sultano
1293 1475 1609 1534 decrevisse
1649 1471 1830 1566 Asiam
1864 1470 1945 1566 in—

365 1560 714 1644 cursionibus
774 1577 1033 1634 infestare
1065 1593 1080 1629 :
1121 1571 1313 1642 ipsein
1349 1569 1620 1623 Dalmatas
1642 1560 1944 1637 proﬁcisci-

377 1691 492 1749 tur,
546 1687 606 1733 ut
661 1673 1127 1739 Arcltizupanum,
1187 1663 1278 1733 qui
1310 1662 1376 1716 iis
1437 1656 1816 1749 imperitabat,
1838 1653 1948 1724 pri-

369 1747 598 1841 musque
625 1765 822 1822 bellum
881 1762 1180 1829 inceperat,
1217 1752 1504 1810 confestim
1535 1749 1692 1819 102
1716 1747 1947 1800 ulcisce-

368 1879 536 1924 retur.
591 1863 780 1918 Classe
833 1871 964 1912 vero
995 1854 1244 1909 universa
1271 1847 1466 1904 Joanni
1489 1843 1841 1901 Orientaliqu
1893 1851 1947 1894 et

368 1954 794 2014 Occidentalium
827 1950 1124 2005 tltematum
1160 1941 1460 1998 domestico
1487 1935 1800 1998 commissa,
1834 1931 1949 1998 ius-

369 2055 442 2107 sit
469 2059 524 2104 ut
558 2050 836 2102 Anconam
886 2040 1134 2095 tenderet
1179 2035 1284 2108 (est
1317 2044 1498 2087 autem
1525 2031 1748 2084 Ancona
1780 2025 1948 2080 Italiae

368 2135 697 2213 emporium)
735 2143 899 2202 atque
937 2128 1063 2184 inde
1099 2136 1351 2195 tauquam
1377 2136 1407 2176 e
1430 2121 1561 2176 sede
1592 2117 1713 2174 belli
1739 2115 1949 2170 Italiam

335 2209 676 2302 impeteret.
722 2228 794 2279 At
842 2221 1079 2278 Joannes
1141 2217 1211 2272 ad
1267 2213 1494 2270 ﬂuvium
1557 2209 1784 2265 Boosem
1827 2220 1951 2302 cum

375 2300 733 2396 pervenisset,
759 2331 972 2373 omnem
1029 2309 1265 2367 ulterius
1302 2305 1556 2378 pergendi
1590 2317 1776 2396 curam
1803 2300 1952 2370 abje-

367 2395 475 2482 cit;
510 2430 604 2470 seu
639 2409 968 2467 domesticus
1001 2405 1078 2460 rei
1105 2399 1336 2456 nauticae
1367 2397 1638 2467 imperitia
1664 2395 1768 2449 hac
1802 2400 1955 2464 parte

368 2505 704 2578 peccaverit,
760 2501 876 2554 sive
925 2491 1273 2550 suasionibus
1302 2489 1552 2544 inductus
1607 2484 1953 2546 Venetorum,

370 2616 445 2655 ne
467 2599 677 2655 scilicet
707 2591 858 2647 Italia
881 2587 1034 2659 potiti
1061 2582 1296 2639 Romani
1339 2589 1394 2636 et
1413 2581 1603 2634 vicina
1632 2592 1818 2634 eorum
1869 2590 1956 2630 re-

373 2691 553 2763 gionis
583 2696 925 2759 possessores
958 2677 1083 2734 facti
1133 2677 1281 2747 ipsos
1313 2681 1369 2727 ut
1393 2687 1500 2743 .par
1550 2678 1669 2726 erat
1715 2679 1958 2770 content-

379 2791 591 2848 nerent,
628 2788 683 2835 et
716 2775 896 2831 rarius
946 2771 1015 2827 ab
1041 2770 1110 2824 iis
1134 2767 1335 2822 auxilia
1397 2771 1742 2820 accerserent
1777 2778 1793 2816 :
1845 2767 1960 2814 sive

381 2876 546 2945 igitur
604 2872 748 2925 hanc
799 2867 916 2921 sive
948 2859 1192 2919 illamob
1233 2871 1451 2914 causam
1480 2855 1611 2910 nihil
1633 2867 1821 2908 eorum
1844 2864 1963 2920 qua:

2116 1102 2191 1166 ς’.
2229 1105 2543 1175 Πυθόμενος
2573 1107 2628 1160 δὲ
2658 1108 2742 1159 ὅτι
2776 1106 2842 1177 δὴ
2884 1105 3180 1176 Ἀλαμανοὶ
3212 1109 3304 1159 καὶ
3342 1108 3632 1176 Δαλμάται

2041 1198 2134 1248 καὶ
2172 1197 2402 1261 Παίονες
2431 1199 2525 1251 ἐπὶ
2544 1199 2634 1251 τὸν
2676 1200 2821 1253 κατὰ
2851 1199 3111 1263 Σικελίας
3143 1198 3257 1270 (40)
3292 1202 3631 1264 συσκευάζε-

2043 1287 2168 1340 σθαι
2203 1289 2447 1360 πόλεμον
2475 1292 2860 1361 μεμαθηκότες
2887 1293 3050 1344 αὑτὸν
3078 1292 3235 1344 αὐτοὶ
3254 1293 3354 1362 μὲν
3380 1293 3439 1357 ἐξ
3466 1293 3634 1346 ἐσπέ-

2048 1395 2150 1450 ρας
2196 1381 2493 1449 Ῥωμαίοις
2526 1385 2956 1456 ὲπιτεθήσεσθαι
3001 1387 3082 1449 είς
3115 1385 3414 1455 ὁμολογίαν
3455 1386 3630 1455 ἀλλή-

2055 1472 2169 1535 λοις
2204 1473 2488 1543 ξυνῆλθον,
2527 1475 2894 1544 Ἰαγουπασάν
2930 1476 2988 1529 δὲ
3017 1479 3044 1529 ό
3100 1476 3331 1545 Περσῶν
3351 1476 3632 1545 φύλαρχος

2052 1566 2129 1636 τῷ
2165 1567 2394 1620 σουλτὰν
2425 1567 2541 1637 ἅμα
2584 1568 2772 1622 Ἀσίαν
2805 1568 3093 1640 ληῖζεσθαι
3126 1568 3403 1638 ἔγνωσαν,
3461 1570 3629 1633 αὐτὸς

2055 1660 2156 1730 μὲν
2173 1661 2267 1713 ἐπὶ
2287 1659 2580 1728 Δαλμάτσς
2606 1661 2834 1730 ἐφέρετο
2848 1662 2936 1716 τὸν
2957 1665 3017 1716 ἐν
3034 1662 3216 1732 σφίσιν
3233 1662 3574 1733 ἀρχιζουπὶν
3605 1680 3635 1718 ν

2054 1753 2166 1824 (41)
2187 1754 2288 1823 ἥδη
2319 1753 2415 1807 καὶ
2441 1755 2642 1824 χειρῶν
2658 1754 2899 1823 ἄρξαντα
2927 1753 3006 1825 τῷ
3033 1757 3174 1818 τέως
3201 1755 3522 1826 ἀμυνεῖσθαι
3546 1755 3634 1808 6:5:

2055 1847 2292 1914 σπουδῆς
2327 1848 2488 1916 ἔχων,
2514 1846 2576 1899 τὸ
2609 1847 2665 1900 δὲ
2690 1848 2946 1901 ναυτικὸν
2973 1847 3120 1902 ἆπαν
3165 1845 3390 1918 Ἰωάννῃ
3421 1848 3496 1919 τῷ
3525 1849 3638 1900 τῶν

2052 1939 2392 1992 ἀνατολικῶν
2457 1941 2550 1993 καὶ
2619 1941 2898 2010 ἐσπερίων
2963 1942 3280 2010 δομεστῗκῳ
3332 1943 3637 2004 πιστεύσας

2053 2029 2275 2084 ἐκέλευε
2306 2032 2386 2102 τῷ
2443 2033 2680 2102 Ἀγκῶνι
2733 2036 3176 2106 προσεσχηκέναι
3266 2035 3525 2105 (ἓπὲνειπν
3580 2037 3639 2088 ἑὲ

2067 2121 2304 2184 Ἰταλίας
2337 2123 2492 2176 ἐστὶν
2519 2127 2546 2176 ὁ
2586 2123 2824 2194 Ἀγκὼν)
2857 2125 3110 2178 ἐντεῦθέν
3157 2142 3216 2179 τε
3252 2127 3327 2188 ὡς
3374 2125 3434 2190 ἐξ
3459 2129 3639 2194 ὀρμη-

2053 2214 2246 2284 τηρίιυ
2273 2213 2418 2268 κατὰ
2447 2214 2550 2284 τῆς
2591 2214 2827 2278 Ἰταλίας
2867 2215 3027 2270 ἱέναι.
3063 2216 3207 2268 Ἀλλ’
3253 2217 3282 2269 ὁ
3315 2217 3416 2286 μὲν
3457 2218 3643 2270 Ἰωαν-

2056 2323 2155 2372 νης
2192 2306 2355 2378 μέχρι
2386 2306 2642 2377 ποταμοῦ
2679 2307 3068 2380 Βοόσηςέλθὼν
3110 2313 3425 2381 περαιτέρω
3503 2313 3641 2365 ίέναι

2056 2397 2266 2468 οὐδαμῆ
2296 2399 2636 2470 ἐφρόντισεν.
2672 2401 2794 2455 Εἴτε
2824 2401 2880 2454 δὲ
2913 2403 3142 2474 ἀπειρίᾳ
3172 2407 3236 2476 τῇ
3269 2407 3483 2474 περὶτὰ
3510 2423 3642 2458 να)-

2067 2491 2278 2562 μαχικά
2304 2493 2468 2547 τοῦτο
2493 2493 2570 2564 τῷ
2596 2493 2914 2566 δομεστίκῳ
2943 2497 3317 2570 διημάρτητω
3371 2500 3483 2552 εἴτε
3551 2501 3645 2553 καὶ

2057 2588 2180 2649 ταῖς
2210 2585 2520 2640 Οὖεννέτων
2549 2588 2776 2659 ὴγμένῳ
2813 2588 3144 2660 ξυμϐουλαῖς
3168 2592 3245 2656 ὡς
3277 2593 3354 2665 μὴ
3411 2593 3644 2657 Ἰταλίας

2065 2676 2359 2746 ἐγκρατεῖς
2408 2677 2674 2748 Ῥωμαῖοι
2705 2684 2994 2750 γεγονότες
3033 2683 3188 2756 χώρᾳ
3218 2702 3275 2737 τε
3303 2688 3361 2738 ἐν
3391 2687 3646 2754 γειτόνων

2064 2767 2164 2837 est;
2190 2767 2563 2833 καταστάντες
2589 2773 2657 2841 τῇ
2689 2771 2870 2827 αὐτῶν
2918 2778 3275 2846 περιφρονεῖν
3320 2778 3517 2842 αὐτοὺς
3569 2779 3645 2840 ὡς

2063 2859 2125 2911 τὸ
2156 2859 2300 2924 είκὺς
2346 2859 2522 2931 ἔχον-εν
2551 2863 2644 2917 καὶ
2675 2863 2989 2938 ξυμμαχίας
3021 2869 3181 2937 ὀλίγα
3229 2870 3328 2940 τῆς
3369 2869 3430 2934 ἐξ
3465 2870 3647 2924 αὐτῶν

381 2970 447 3020 ab
494 2967 820 3033 imperatore
856 2955 1039 3024 jussus
1105 2960 1224 3007 erat
1276 2957 1567 3005 exsecutus
1631 2945 1963 3000 domesticus

2067 2951 2323 3024 χρῄζοιεν
2344 2969 2358 2983 °
2401 2953 2511 3008 εἴτε
2544 2951 2638 3008 οὗν
2666 2955 2840 3021 οὕτως
2890 2961 2988 3013 εἴτ’
3030 2962 3280 3026 ἐκείνως,
3308 2962 3464 3015 οὐδὲν
3495 2963 3648 3032 ὅμως

383 3049 908 3127 teutpuanutiliter
957 3040 1319 3111 consumpsit.
1371 3038 1478 3094 Sed
1516 3049 1572 3094 et
1619 3036 1832 3092 turbine
1864 3050 1959 3089 va-

2067 3044 2443 3115 δδομέστικος
2483 3039 2562 3099 ὧν
2599 3047 2736 3119 πρὸς
2787 3048 3057 3118 βασιλέως
3103 3053 3391 3107 ἐντέταλτο
3445 3053 3647 3124 πέρατι

379 3154 543 3210 lidius
604 3149 888 3218 ingruente
916 3135 1273 3211 (imminebat
1318 3133 1518 3204 quippe
1556 3131 1666 3200 jam
1715 3131 1958 3200 acquino-

381 3248 546 3302 ctium
573 3235 906 3306 autumnale)
966 3231 1238 3303 pleraeque
1287 3239 1456 3281 naves
1513 3222 1764 3278 laceratae
1835 3228 1962 3276 sunt

384 3333 705 3406 negligentia
770 3328 954 3392 ducis;
1035 3323 1150 3393 qui,
1215 3335 1338 3376 cum
1393 3319 1602 3374 adacta:
1663 3315 1717 3370 in
1759 3315 1960 3369 llutncn

385 3429 638 3497 utrinque
679 3421 990 3494 potuissent
1027 3415 1278 3478 subduci,
1314 3428 1408 3468 eas
1433 3411 1502 3467 ad
1534 3411 1686 3466 littus
1717 3409 1882 3463 maris
1907 3408 1960 3462 iu

385 3521 497 3575 alto
549 3517 740 3570 tenuit.
776 3512 1072 3580 Imperator
1103 3520 1233 3560 vero
1265 3501 1410 3558 facta
1435 3501 1489 3556 in
1532 3499 1853 3554 Dalmatiam
1885 3498 1962 3552 ir-

387 3612 658 3680 ruptioue.
696 3603 896 3656 llasum
943 3595 1223 3652 castellum
1273 3591 1495 3657 evertit,
1551 3599 1605 3644 et
1635 3590 1788 3644 obvia
1817 3603 1962 3658 qua:-

388 3717 494 3775 que
516 3694 869 3766 depopulatus
895 3697 979 3743 est
1005 3703 1021 3751 ;
1074 3683 1415 3740 multitudine
1435 3681 1627 3736 deinde
1658 3681 1964 3775 innumera,

387 3767 550 3862 quam
610 3786 661 3837 in
710 3779 1024 3836 servitutem
1081 3774 1380 3844 redegerat,
1427 3769 1786 3825 Constantino
1814 3767 1970 3822 seba-

389 3859 782 3947 stoliypertato,
827 3863 1147 3935 cognomine
1171 3863 1400 3931 Angelo,
1431 3859 1746 3924 commissa,
1797 3871 1971 3926 eoque

393 3971 468 4026 ibi
517 3980 638 4022 cum
701 3959 872 4029 copiis
901 3956 1112 4022 relicto,
1165 3954 1392 4008 ulterius
1423 3953 1685 4018 perrexit.
1711 3949 1972 4004 Nicabam

396 4061 669 4130 regionem
704 4052 1004 4119 ingressus,
1037 4060 1157 4116 qua:
1178 4041 1558 4112 Arcltizupano
1587 4049 1640 4096 et
1666 4040 1781 4109 ipsa
1816 4055 1974 4109 pare-

396 4155 508 4216 bat,
562 4154 829 4217 quotquot
872 4149 1025 4195 erant
1072 4138 1143 4192 ibi
1200 4135 1451 4206 praesidia
1491 4133 1636 4187 nullo
1667 4132 1850 4188 laboxe
1880 4147 1976 4188 ex-

398 4244 671 4316 pugnavit.
696 4239 810 4294 Mox
836 4233 1100 4292 Galitzam
1130 4237 1427 4292 assecutus,
1452 4243 1572 4284 cum
1598 4227 1800 4282 videret
1823 4225 1978 4296 103

399 4338 659 4393 barbaros
694 4331 968 4386 hominum
1012 4323 1363 4381 multitudine
1397 4322 1606 4392 locique
1645 4320 1979 4376 difﬁcultati-

400 4433 499 4481 lius
520 4421 870 4486 fretos,nolte
929 4419 1031 4473 sibi
1086 4431 1268 4472 arcem
1293 4415 1513 4479 dedere,
1535 4415 1729 4469 castris
1764 4415 1974 4484 positis,

403 4517 514 4570 suis
547 4513 838 4585 imperavit
887 4521 948 4564 ut
991 4509 1094 4564 tela
1136 4519 1190 4564 et
1209 4506 1422 4576 lapides
1455 4520 1484 4560 e
1514 4504 1715 4572 fundis,
1739 4509 1857 4562 sine
1875 4505 1980 4561 ulla

403 4605 806 4662 intermissione
857 4601 912 4656 in
966 4615 1062 4656 eos
1093 4601 1188 4669 qui
1231 4598 1502 4654 exteriora
1533 4599 1864 4652 munimenta
1887 4597 1981 4652 de-

405 4701 724 4764 fendebant,
774 4697 1040 4766 jacereut.
1095 4694 1174 4748 lla
1217 4694 1380 4748 tertio
1414 4692 1503 4748 die
1550 4693 1727 4747 locum
1789 4694 1840 4748 vi
1889 4709 1984 4748 ex-

406 4792 686 4867 pugnavit.
746 4789 823 4845 lbi
865 4804 986 4842 eum
1026 4786 1382 4842 barbarorum
1435 4786 1830 4840 multitudinem
1861 4799 1982 4839 cum

407 4895 670 4942 armatam
713 4893 825 4937 tum
877 4878 1179 4951 gregariam
1260 4877 1577 4946 repet-isset,
1659 4892 1779 4933 eam
1858 4877 1984 4933 inde

2060 3137 2238 3202 διδοὺς
2264 3138 2390 3209 είκῆ
2427 3139 2521 3192 τὸν
2554 3142 2750 3212 καιρὸν
2778 3142 3014 3213 ἔτριϐεν.
3051 3145 3214 3198 Ὅθεν
3255 3145 3348 3198 καὶ
3389 3146 3652 3209 λαίλαπος

2062 3229 2263 3300 ἀθρόον
2301 3233 2684 3300 ὲπιγεγονότος
2736 3234 2934 3288 πολλοῦ
2958 3236 3084 3306 (ἥδη
3116 3237 3226 3308 γάρ
3256 3239 3400 3307 ἀμφὶ
3437 3237 3649 3309 τροπὰς

2061 3316 2132 3393 ἦν
2181 3324 2586 3394 μετοπωρινὰς)
2647 3326 2848 3395 συνέϐη
2910 3326 3022 3382 τῶν
3066 3329 3203 3382 νεῶν
3259 3328 3336 3393 ὡς
3389 3329 3653 3392 πλείστας
3681 3353 3688 3359 ··

2067 3413 2409 3484 θραυσθῆναι
2440 3415 2868 3488 περιοραθείσας
2889 3417 3156 3490 ὀλιγωρία
3186 3418 3282 3472 τοῦ
3315 3421 3648 3490 στρατηγοῦ.

2078 3506 2229 3572 Ἐξδν
2263 3505 2353 3579 [Ρ.
2389 3506 2482 3579 59]
2525 3511 2635 3579 γὰρ
2666 3510 2723 3573 ἐς
2769 3511 2862 3564 τὸν
2895 3511 3139 3582 ποταμὸν
3159 3512 3489 3582 ἀναχθείσας
3518 3515 3652 3582 παρ’

2069 3599 2304 3670 ἑκάτερα
2323 3601 2502 3664 πάσας
2523 3601 2950 3673 ἀνελκυσθῆναι,
2982 3603 3010 3656 ὂ
3036 3603 3093 3656 δὲ
3125 3605 3182 3657 έν
3213 3607 3281 3676 τῇ
3313 3607 3413 3676 τῆς
3444 3605 3652 3658 θαλάσ-

2073 3710 2171 3762 σης
2223 3693 2364 3763 ἀκτῇ
2427 3693 2743 3764 μετεώρους
2832 3696 3005 3759 αὐτὰς
3067 3697 3271 3750 εἴασεν.
3343 3697 3404 3752 '0
3437 3697 3494 3751 δὲ
3559 3698 3656 3768 βα-

2073 3785 2252 3847 σιλεὺς
2282 3786 2339 3848 ἐς
2369 3786 2688 3856 Δαλματίαν
2744 3785 3000 3856 ἐμϐαλὼν
3046 3789 3110 3841 τὸ
3149 3788 3344 3844 Ῥἄσόν
3381 3807 3442 3844 τε
3487 3808 3656 3845 κατε-

2075 3873 2346 3944 στρέψατο
2367 3877 2625 3946 φρούριον
2648 3879 2743 3930 καὶ
2776 3878 2842 3930 τὰ
2875 3879 2934 3931 ἐν
2974 3879 3135 3932 ποσὶν
3167 3881 3424 3952 ἐληῖσατο
3451 3885 3650 3938 πάντα·

2076 3965 2276 4035 πλῆθός
2329 3984 2388 4020 τε
2434 3966 2736 4038 ἀνάριθμον
2798 3971 2857 4022 ἐν
2916 3969 3272 4040 δορυαλώτων
3335 3975 3503 4045 μοίρᾳ.
3552 3992 3654 4029 πε-

2079 4057 2322 4129 ποιηκὼς
2355 4060 2753 4131 Κωνσταντίνῳ
2823 4061 2933 4132 (i2)
2977 4063 3076 4132 μὲν
3106 4065 3654 4138 σεϐαστοῦπερτάτῳ,

2078 4151 2137 4204 ὃν
2192 4149 2460 4220 1Ἄγγελον
2519 4153 2819 4207 ἐπεκάλουν
2861 4194 2876 4216 ,
2949 4155 3115 4208 αὐτοῦ
3187 4159 3286 4210 σὺν
3353 4158 3651 4228 δυνάμεσιν

2082 4243 2306 4305 ἔλιπεν,
2365 4240 2393 4294 δ
2476 4241 2535 4294 δὲ
2600 4244 2934 4314 προσωτέρω
3020 4243 3216 4315 ἐχώρει
3292 4247 3542 4300 Νικαόἀν
3596 4265 3655 4299 τε

2085 4332 2408 4388 καταλαΰὼν
2432 4333 2619 4404 χώραν
2653 4334 2759 4388 ὑπὸ
2805 4336 2883 4406 τῷ
2925 4336 3344 4409 Ἀρχιζουπάνῳ
3394 4340 3657 4393 τελοῦσαν

2083 4428 2180 4480 καὶ
2237 4425 2407 4497 αὐτὴν
2465 4425 2704 4498 φρούρια
2772 4428 2871 4498 μὲν
2928 4429 2999 4482 τὰ
3047 4429 3143 4482 ὅλα
3195 4431 3294 4483 ὅσα
3351 4432 3477 4500 τῇδε
3511 4433 3656 4501 ἵδρυ-

2076 4537 2168 4573 ται
2195 4519 2343 4589 πόνῳ
2395 4519 2572 4571 οὐδενὶ
2627 4522 3038 4590 παρεστήσατο·
3079 4523 3138 4575 ὲν
3178 4522 3236 4576 δὲ
3296 4522 3529 4594 Γαλίτξῃ
3562 4540 3659 4589 γε·

2079 4608 2274 4679 γονὼς.
2303 4608 2496 4678 ἐπειδὴ
2516 4611 2643 4672 τοὺς
2667 4611 2904 4664 ἐνταῦθα
2956 4612 3278 4681 Βαρϐάρους
3333 4613 3532 4680 πλήθει
3600 4631 3659 4666 τε

2079 4704 2177 4754 καὶ
2203 4702 2269 4769 τῇ
2299 4700 2362 4752 ἐκ
2390 4698 2484 4751 τοῦ
2508 4699 2677 4751 τόπου
2700 4701 2996 4773 δυσχερείᾳ
3022 4700 3348 4764 πεποιθότας
3393 4703 3491 4754 οὐκ
3525 4703 3660 4754 ἐνδι-

2078 4791 2265 4852 δόντας
2304 4787 2451 4858 αὑτῷ
2477 4787 2536 4841 τὸ
2571 4789 2956 4858 κρησφύγετον
2988 4787 3136 4861 εὗρε,
3170 4791 3390 4860 χάρακα
3413 4789 3662 4861 πηξάμε-

2082 4900 2172 4946 νος
2207 4881 2384 4952 βέλεσι
2433 4880 2529 4932 καὶ
2549 4881 2716 4943 λίθοις
2743 4885 2853 4945 τοῖς
2889 4883 2997 4936 ἀπὸ
3055 4884 3350 4955 σφενδόνης
3406 4886 3536 4948 τοὺς
3566 4885 3661 4937 ἐπὶ

410 4979 655 5034 abduxit.
716 4973 942 5037 Deinde,
993 4983 1279 5040 postquam
1313 4967 1484 5022 reditu
1547 4968 1811 5032 instituto,
1840 4969 1960 5020 veni

2083 4976 2192 5028 τῶν
2223 4971 2580 5042 προπυργίων
2672 4972 2885 5042 βάλλειν
2925 4975 3148 5030 ἐκέλευε
3205 4977 3409 5048 μηδένα
3467 4976 3661 5049 καιρὸν

410 5071 476 5122 ad
511 5071 736 5130 ltasum,
761 5065 881 5117 illos
915 5071 973 5115 ut
1005 5059 1284 5114 Sardicam
1323 5066 1376 5112 et
1417 5057 1552 5111 alias
1617 5058 1986 5112 Romanorum

2084 5063 2356 5126 ἀνιέντας,
2383 5060 2526 5114 οὕτω
2552 5077 2610 5113 τε
2637 5063 2795 5135 τρίτῃ
2825 5064 3053 5136 ὕστερον
3115 5067 3302 5138 ἡμέρᾳ
3356 5068 3452 5121 καὶ
3515 5068 3661 5121 κατᾶ

413 5161 658 5230 regiones
725 5155 1048 5218 incolerent,
1102 5149 1326 5204 dimisit.
1384 5148 1467 5203 Ab
1523 5148 1729 5218 Angela
1790 5151 1958 5206 certio

2088 5155 2292 5227 κράτος
2310 5150 2477 5210 ίεῖλεν
2509 5157 2662 5212 αὑτό.
2700 5158 2868 5211 Ἔνθα
2897 5152 3097 5230 πλήθει
3171 5160 3462 5232 βαρϐάρων
3495 5179 3656 5234 περι-

1747 5286 1841 5348 Du
1878 5288 2094 5370 Cangii
2135 5298 2324 5353 notm.

481 5445 592 5516 (ιο)
624 5442 782 5498 Κατὰ
814 5439 1108 5516 Σικελίας.
1146 5434 1453 5516 NicetasLI.
1492 5451 1560 5516 It,
1587 5451 1642 5488 ιι.
1670 5436 1726 5516 6.

2093 5434 2586 5509 itidern_rlignit:ite
2642 5436 3211 5509 sebastohypertatus,
3282 5449 3334 5494 et
3401 5439 3664 5497 Manuelis

487 5503 598 5583 ξιι)
670 5508 1158 5583 Ἄρχιζουπτὶνοις.
1205 5506 1334 5583 Qui
1367 5505 1665 5583 Bacchinuf
1724 5503 1886 5583 infra,
1917 5520 1963 5583 _e

2094 5504 2224 5583 imp.
2240 5505 2571 5583 ἐξάδελφος,
2626 5503 3157 5583 ρειιτιιειίςξςιιὶοἰιιιι·
3181 5513 3247 5583 iu
3266 5512 3542 5583 sententia
3571 5515 3664 5565 de-

415 5574 634 5640 Nicetas
657 5574 973 5651 appellatur.
1000 5590 1054 5631 ct
1086 5577 1223 5632 idem
1251 5577 1607 5651 videturcunt
1632 5574 1832 5651 Serviat
1851 5577 1996 5651 prin-

420 5671 556 5721 ripe,
582 5645 742 5721 queui
769 5651 1096 5718 Draghinam
1134 5657 1289 5702 vocat
1338 5645 1635 5702 Dioclealcs
1669 5649 1718 5700 iu
1752 5645 1992 5701 Historia

425 5723 740 5774 Dalmatica.

496 5792 609 5856 (ω)
681 5789 1129 5854 Κωνσταντίνῳ.
1192 5787 1551 5844 Constantino
1609 5785 1837 5857 Angelo,
1902 5784 1996 5855 qui

2094 5575 2381 5648 positionis
2407 5576 2790 5648 Cosutzeipatr.
2821 5576 3040 5648 Cpolit.,
3072 5596 3162 5632 an.
3194 5580 3331 5633 1144
3353 5584 3490 5648 apud
3519 5582 3667 5634 Alla-

2097 5645 2279 5719 tium;
2334 5646 2560 5719 proinde
2617 5647 2914 5719 ﬁlius__fuit
2969 5650 3314 5704 Constantini
3372 5645 3558 5719 Augeli
3596 5667 3664 5706 ex

2097 5713 2379 5771 Tlteodora
2422 5716 2698 5774 Comuena
2747 5717 2922 5773 Alexii
2960 5720 3090 5787 iutp.
3127 5732 3269 5774 nata.
