4058 6454
428 433 538 499 433
1644 442 2006 504 HISTORIA

2113 442 2189 502 [Μ
2230 442 2387 503 LIB.
2426 441 2545 503 III.
3579 446 3709 512 434

425 546 774 621 τετυχηκὼς,
808 548 975 621 μοίρᾳ
998 566 1057 603 τε
1081 550 1179 617 τῆς
1209 542 1521 625 ὁπλιτικῆς,
1542 556 1637 610 καὶ
1662 557 1833 622 ἄλλως
1860 558 1992 627 ἀγε-

2113 556 2277 610 Γδοίης.
2324 554 2606 625 Zupanum
2656 560 2867 625 captata
2905 565 3029 626 post
3052 571 3208 611 suum
3245 555 3370 613 inde
3402 572 3682 615 recessum

424 642 595 695 λαίων
623 641 975 712 τυγχάνοντι,
996 643 1211 698 ἐκεῖθεν
1233 645 1535 701 ἀνάστατον
1558 643 1695 720 ἦγεν
1719 651 1873 705 αὐτό.
1900 654 2006 708 Καὶ

2113 648 2396 703 occasione
2452 648 2684 716 coepisse
2771 645 3042 702 Romanos
3100 648 3296 702 adoriri
3331 649 3687 720 praaliumque

426 734 561 787 αὐτὸ
590 734 711 802 μέν,
737 734 925 805 ἐπειδὴ
957 734 1359 807 παλινοστήσας
1385 737 1477 791 ἐπὶ
1500 740 1562 793 τὺ
1598 739 1791 795 Ῥἇσον
1819 739 2004 813 ἦλθεν,

2113 738 2212 808 iant
2274 738 2569 801 exarsisse,
2634 737 2796 792 motis
2848 737 3043 793 castris
3091 748 3152 793 ut
3208 754 3329 793 eum
3359 741 3689 807 opprimeret

424 824 484 876 ἐν
531 841 591 876 τε
644 824 884 895 Σαρδικῇ
937 825 1032 878 καὶ
1061 828 1175 891 τοῖς
1229 827 1408 892 ἄλλοις
1450 829 1737 901 Ῥωμαίων
1789 834 2006 902 χωρίοις

2113 844 2324 886 summa-
2375 829 2659 884 celeritate
2702 829 3001 884 contendit.
3063 828 3248 884 Atille
3281 829 3370 883 ubi
3423 830 3689 885 intenexit

424 914 1050 986 ἐγκατοικισθησόμενον
1080 916 1348 988 ἐπεμψεν,
1379 920 1410 973 ὁ
1441 920 1497 973 δὲ
1528 921 1667 992 πρὸς
1710 925 1807 975 τοῦ
1874 925 2004 992 Ἀγ-

2113 924 2400 978 adventare
2460 922 2756 987 Romanos,
2824 922 3053 977 secessit
3107 922 3161 977 in
3228 924 3489 976 montimn
3539 922 3688 990 iuga,

421 1004 583 1073 γέλου
618 1005 967 1076 πεπυσμένος
987 1007 1071 1060 ὅτι
1102 1008 1166 1077 δὴ
1211 1010 1698 1081 καιροφυλακήσας
1737 1016 1765 1071 ὁ
1797 1014 2006 1079 ζουπά-

2115 1029 2287 1085 eaque
2308 1014 2517 1070 ratione
2552 1027 2793 1084 praesens
2820 1013 3012 1067 vitavit
3036 1013 3361 1083 periculurn.
3393 1012 3694 1083 imperator

422 1113 515 1158 νος
539 1095 679 1166 μετά
705 1096 806 1167 τὴν
848 1096 1014 1151 αὐτοῦ
1069 1099 1288 1152 ἐνθένδε
1332 1101 1685 1175 ἀναχώρησιν
1738 1106 2006 1159 ἐπικατα-

2118 1106 2285 1176 igitur
2318 1106 2370 1161 in
2405 1120 2526 1161 eam
2556 1104 2831 1175 regionem
2853 1102 3081 1170 etl'usus,
3104 1113 3270 1158 totam
3300 1111 3486 1173 utpote
3504 1105 3690 1157 orbam

421 1188 633 1241 ϐαίνειν
664 1205 725 1242 τε
768 1188 1067 1258 Ῥωμαίοις
1117 1190 1323 1262 ἤρξατο
1374 1192 1469 1246 καὶ
1523 1194 1623 1265 τὴν
1678 1196 1859 1265 μάχην
1897 1195 2006 1251 ἀπὺ

2113 1196 2401 1252 defensore
2458 1195 2748 1267 populatus
2789 1204 2892 1260 est,
2950 1194 3393 1265 consumptisque
3448 1194 3695 1248 inccndio

422 1280 605 1351 χειρὸς
629 1280 730 1352 ἥδη
764 1283 1011 1350 κρατεῖν.
1046 1282 1148 1354 τὴν
1179 1283 1445 1355 ταχίστην
1476 1286 1691 1340 ἐκεῖθεν
1720 1286 2004 1358 ἀπήλαυνε

2113 1288 2379 1355 aediliciis,
2403 1304 2522 1358 quae
2576 1287 2899 1359 palatiorum
2954 1287 3075 1344 vice
3102 1287 3481 1358 Arehizupano
3512 1294 3694 1350 erant,

421 1372 839 1443 καταλήψεσθαι
870 1373 1063 1428 τοῦτον
1118 1376 1519 1448 προθυμηθείς.
1590 1379 1731 1433 Ἀλλ’
1798 1381 1827 1432 ὁ
1904 1378 2005 1450 μὲν

2113 1380 2397 1437 abscessit.

422 1460 679 1525 ἐπιόντας
727 1462 1045 1535 Ῥωμαίους
1069 1464 1326 1535 ἀκηκοὼς
1355 1469 1413 1531 ἐς
1435 1469 1538 1533 τὰς
1596 1469 1705 1524 τῶν
1735 1468 1883 1541 ὀρῶν
1945 1469 2267 1541 ἀνατρέχων
2296 1471 2605 1542 ὑπερϐολὰς
2640 1472 2733 1525 τὸν
2787 1471 2943 1543 παρά
2989 1471 3155 1534 πόδας
3186 1469 3552 1541 ἀπεδίδρασκε
3580 1465 3695 1518 κίν-

419 1555 577 1606 δυνον
610 1553 912 1645 ’βασιλεὺς
950 1556 1009 1611 δὲ
1062 1557 1158 1610 ἐπὶ
1186 1559 1287 1629 τὴν
1314 1560 1499 1632 χώραν
1522 1562 1819 1634 ἐτράπετο,
1875 1560 1993 1616 ἀλλ’
2032 1563 2203 1634 αὐτὴν
2273 1564 2375 1634 μὲν
2436 1565 2559 1618 κατ’
2594 1564 2836 1645 ἐρημίαν
2882 1562 2981 1618 τοῦ
3036 1564 3376 1625 κωλύσοντος
3438 1560 3694 1632 ὲληῖσατο

421 1646 609 1697 πᾶσαν
633 1645 728 1698 καὶ
771 1644 901 1709 τοὺς
928 1646 1167 1701 ἐνταῦθα
1194 1650 1274 1721 τῷ
1295 1650 1693 1722 ἀρχιζουπάνῳ
1721 1653 1801 1715 είς
1826 1652 2048 1723 ἀρχεῖον
2077 1651 2560 1725 ἀποτεταγμένους
2583 1654 2782 1725 δόμους
2819 1656 2957 1725 πυρὶ
2979 1652 3180 1724 φλέξας
3207 1652 3505 1724 παρῆλθεν.

492 1737 560 1801 ζ’.
608 1736 766 1790 Ἐπεὶ
791 1736 848 1790 δὲ
866 1736 1075 1808 χειμὼν
1099 1740 1202 1810 ἤδη
1226 1742 1465 1813 κατέσχε
1524 1744 1719 1811 δεινὸς,
1784 1744 1860 1807 ὡς
1915 1743 2013 1798 τοῦ

2186 1747 2237 1801 7.
2266 1744 2402 1801 Cum
2437 1762 2567 1801 vero
2614 1748 2749 1802 adeo
2798 1747 2971 1801 Valida
3032 1757 3160 1800 tunc
3211 1754 3355 1801 esset
3407 1746 3600 1806 hiems.
3632 1758 3694 1802 ut

419 1827 583 1895 φύσει
619 1827 828 1899 θερμοῦ
859 1831 990 1900 περὶ
1018 1832 1117 1902 τὴν
1151 1833 1382 1903 καρδίαν
1453 1836 2005 1909 ἀντιπεριισταμένου

2113 1839 2346 1894 naturali
2382 1839 2567 1895 calore
2595 1839 2951 1894 auimanttum
2988 1839 3134 1893 circa
3168 1854 3263 1893 cor
3301 1838 3550 1904 collecto,
3592 1855 3692 1894 ex-

417 1916 496 1985 τῷ
521 1916 671 1982 γένει
696 1916 774 1987 τῷ
806 1916 995 1989 ζωῖκῷ
1021 1919 1238 1985 πολλοῖς
1284 1922 1385 1994 ἤδη
1451 1924 1635 1996 λώϐην
1690 1928 1821 1997 περὶ
1884 1929 2001 1989 τοῖς

417 2010 613 2079 ἄκροις
638 2010 1089 2080 ἐμπεπτωκέναι,
1122 2015 1245 2069 τότε
1284 2017 1383 2087 μὲν
1409 2018 1509 2088 τῆς
1556 2020 1650 2073 ἐπὶ
1707 2021 2001 2086 Βυζάντιον

419 2100 724 2170 ἐμέμνητο,
769 2103 856 2166 Ἐς
894 2105 950 2157 δὲ
980 2105 1043 2158 τὸ
1076 2107 1231 2161 ἐπιὸν
1270 2107 1392 2172 ἔτος
1446 2108 1742 2183 φθινούσης
1769 2113 1872 2183 ἤδη
1899 2116 1998 2183 τῆς

417 2191 592 2262 ὥρας,
629 2193 837 2262 πηνίκα
874 2196 967 2249 καὶ
1013 2197 1251 2266 μάλιστα
1313 2200 1546 2269 εὑέφοδα
1600 2202 1883 2274 πολεμίοις
1930 2208 1999 2260 τὰ

418 2286 559 2336 κατὰ
585 2286 686 2356 τὴν
720 2287 993 2358 Σερῧικὴν
1048 2291 1283 2358 γίνεται,
1342 2292 1436 2346 ᾰτε
1496 2294 1591 2347 τοῦ
1648 2297 2001 2367 ἀμφιλαφοῦς

418 2376 765 2441 ἐπιλιπόντος
794 2380 896 2451 ήδη
934 2385 1048 2445 τοῖς
1094 2382 1358 2454 δένδροις,
1382 2387 1475 2440 sit".
1515 2388 1720 2441 Ναῖσὸν
1747 2389 1810 2442 τὸ
1831 2390 2000 2459 στρά-

415 2484 598 2539 τευμα
632 2470 879 2542 ἧτειρεν.
929 2474 1100 2528 Ἔνθα
1167 2475 1428 2547 δυνάμεις
1484 2481 1549 2534 ἐκ
1599 2483 1855 2546 Παιονίας
1909 2485 2002 2538 ἐπὶ

420 2563 715 2633 συμμαχίᾳ
737 2563 1056 2634 Δαλμάταις
1121 2568 1441 2624 στέλλεσθαι
1495 2572 1703 2643 μαθὼν,
1761 2576 2001 2647 σπουδὴν

416 2650 638 2707 ἐποεῖτο
659 2654 749 2707 διά
777 2655 870 2709 τοῦ
894 2657 1262 2731 Λογγομηροῦ
1287 2660 1587 2733 λεγομένου
1637 2665 1819 2738 χώρου
1880 2668 2000 2723 δια-

420 2744 674 2813 σιςάζειν
706 2747 765 2800 τὸ
797 2750 1135 2821 στράτευμα,
1187 2753 1264 2818 ὡς
1291 2757 1404 2819 τοῖς
1465 2756 1690 2812 Παίοσιν
1740 2760 1799 2813 ἐν
1850 2760 2002 2832 δεξιᾷ

417 2836 814 2908 πορευομένοις
834 2841 1103 2911 συμμίξαι
1118 2845 1331 2912 γένοιτο
1346 2845 1424 2917 τῷ
1448 2848 1738 2918 Ῥωμαίων
1760 2852 1998 2923 στρατῷ.

429 2927 585 2986 Ἐπεὶ
613 2932 672 2985 δέ
701 2934 869 3001 ἐγγὺς
895 2934 1034 2989 Σάου
1056 2935 1295 3005 ἐγένετο,
1315 2939 1401 3008 ἐφ’
1417 2940 1606 3010 ἕτερον
1630 2943 1838 2997 ἐκεῖθεν
1871 2963 2001 3016 μετ-

422 3021 549 3088 ῆλθε
606 3027 857 3095 ποταμὸν
916 3029 1128 3099 Δρυνᾶν
1164 3030 1356 3101 ὄνομα,
1376 3032 1434 3095 ὃς
1467 3034 1677 3089 ἄνωθέν
1708 3038 1871 3091 ποθεν
1903 3039 2002 3110 τὴν

426 3112 649 3187 ἐκὸολην
674 3118 993 3189 ποιούμενος
1021 3121 1259 3176 Βόσθναν
1284 3122 1396 3195 (i3)
1414 3126 1510 3195 τῆς
1532 3126 1699 3198 ἄλλης
1730 3130 2001 3200 Σερϐικῆς

2110 1939 2299 1985 treuia:
2352 1932 2721 1987 membrorum
2774 1940 2958 2001 partes
3003 1930 3334 1996 laborarent,
3393 1932 3458 1984 de
3514 1933 3701 1986 reditu-

2108 2023 2429 2095 Byzantium
2469 2022 2746 2093 cogitavit.
2780 2021 3039 2090 Sequenti
3072 2036 3198 2075 vero
3223 2036 3367 2076 anno
3401 2022 3503 2076 sub
3532 2032 3692 2077 (csta-

2111 2116 2179 2169 tis
2206 2115 2435 2181 exitum,
2460 2129 2582 2168 cum
2615 2113 2847 2167 maxime
2884 2112 3044 2184 104
3065 2113 3261 2181 pervia
3284 2121 3413 2168 sunt
3441 2114 3691 2169 hostibus

2110 2208 2163 2261 in
2203 2205 2446 2261 Serviam
2488 2205 2704 2268 itinera,
2736 2213 2792 2259 et
2851 2204 3140 2259 arboribus
3185 2219 3353 2259 comm.
3411 2204 3691 2268 decidunt,

2108 2310 2290 2353 castra
2325 2298 2392 2351 ad
2437 2294 2665 2351 Naisum
2724 2295 3022 2350 transtulit.
3055 2294 3162 2350 Sed
3196 2304 3255 2349 ut
3298 2310 3366 2349 ex
3415 2293 3692 2349 Pannonia

2109 2389 2373 2445 Dalmatis
2425 2388 2565 2443 mitti
2620 2386 2917 2442 auxiliares
2954 2386 3139 2456 copias
3184 2385 3451 2456 percepit,
3481 2401 3695 2440 summo

2108 2482 2290 2539 sunlio
2347 2480 2582 2535 annixus
2638 2486 2745 2544 est,
2778 2485 2837 2531 ut
2883 2475 3146 2532 traductis
3201 2490 3298 2545 per
3349 2474 3692 2545 religionem,

2108 2573 2498 2643 Longomerem
2554 2568 3013 2638 dictam,.copiis,
3070 2581 3193 2621 cum
3251 2565 3600 2621 Pannonibus
3662 2582 3693 2619 a

2109 2663 2302 2718 dextra
2357 2660 2736 2717 incedentibus
2783 2657 3015 2712 Romani
3079 2671 3273 2710 manus
3316 2664 3692 2710 consererent.

2108 2753 2244 2809 Cum
2275 2752 2343 2807 ad
2375 2752 2578 2807 Savum
2612 2748 2864 2820 proxime
2898 2748 3260 2817 pervenisset,
3294 2746 3361 2799 ad
3398 2745 3543 2798 aliud
3574 2744 3697 2798 inde

2110 2847 2308 2901 ﬂumen
2364 2843 2601 2907 deﬂexit,
2636 2842 2872 2911 Dryuam
2911 2838 3148 2899 nomine.
3179 2839 3320 2907 quod
3353 2836 3406 2890 ln
3434 2835 3697 2903 superiori

2107 2954 2229 2995 sese
2258 2940 2376 2994 loco
2408 2935 2694 2995 eﬂ‘undeus
2725 2933 3023 2989 Bossenam
3052 2946 3081 2984 a
3115 2930 3319 2998 reliqua
3352 2929 3542 2984 Servia
3578 2925 3697 2980 dis—

2110 3030 2395 3087 terminat.
2422 3028 2659 3083 Bossena
2693 3034 2872 3081 autem
2933 3023 3075 3078 haud
3111 3022 3294 3078 subest
3326 3016 3696 3087 Archizupaui

2110 3121 2472 3192 imperio,sed
2501 3118 2677 3172 vicina
2711 3115 2921 3172 Serviis
2940 3129 3072 3185 gens
3099 3122 3185 3169 est
3209 3129 3329 3183 qum
3356 3123 3411 3166 et
3433 3119 3562 3167 suos
3582 3124 3697 3164 mo-

426 3205 640 3279 διαιρεῖ.
666 3211 822 3265 Ἔστι
858 3213 915 3267 δὲ
941 3213 973 3283 ἡ
1009 3214 1220 3270 Βόσθνα
1250 3217 1310 3269 οὐ
1342 3217 1419 3286 τῷ
1474 3219 1715 3288 Σερϐίων
1746 3222 2004 3292 ἀρχιζου-

2113 3231 2200 3272 res
2225 3224 2281 3270 et
2306 3229 2464 3268 suum
2522 3208 2768 3279 agnoscit
2817 3205 3144 3277 principem.
3189 3204 3341 3260 Unde
3393 3218 3523 3258 vero
3572 3216 3696 3256 cum

426 3299 582 3371 πάνῳ
616 3303 707 3355 καὶ
726 3304 865 3374 αὐτὴ
895 3306 1139 3371 είκουσα,
1193 3307 1306 3361 ἀλλ’
1333 3308 1484 3373 ἔθνος
1521 3310 1625 3381 ἰδίᾳ
1656 3314 1806 3383 παρά
1835 3314 2004 3387 ταύτῃ

424 3390 521 3443 καὶ
553 3390 665 3455 ζῶν
692 3393 789 3446 καὶ
821 3395 1149 3466 ἀρχόμενον.
1190 3398 1353 3453 Ὅθεν
1386 3416 1451 3468 γε
1490 3401 1600 3470 μὴν
1630 3401 1717 3474 [Ρ.
1746 3403 2006 3476 60]οὔν-

420 3496 548 3542 νους
590 3477 893 3550 Ῥωμαίοις
929 3488 1405 3555 συγκεκρουκέναι
1432 3486 1630 3562 ξυνέϐη
1667 3492 1869 3547 αὐτίκα
1907 3494 2005 3565 δηο

423 3568 605 3624 λὼσω.
630 3566 739 3625 Ἦν
761 3590 846 3636 τις
881 3575 939 3627 ἐν
991 3575 1067 3645 τῷ
1099 3578 1405 3646 Δαλματῶν
1436 3579 1605 3645 ἔθνει,
1652 3581 1827 3653 ὄνομα
1906 3586 2008 3656 μὲν

423 3662 526 3715 οὐκ
548 3658 667 3718 οἶδα
694 3666 832 3737 ὅπερ
864 3667 1012 3738 αὑτῷ
1042 3667 1246 3736 ἔκειτο,
1285 3671 1514 3740 ἀδελφὸς
1540 3673 1597 3727 δὲ
1616 3676 1767 3747 αὐτῷ
1786 3677 2007 3742 Βέλοσις

423 3749 516 3823 ἦν,
560 3756 731 3825 ἄμφω
752 3757 963 3828 λογίμω
1000 3762 1152 3832 παρά
1192 3763 1505 3832 Δαλμάταις
1535 3767 1680 3823 ὅντε.
1720 3763 1887 3833 Οὗτος
1911 3770 2007 3824 τοῦ

423 3848 834 3917 ἀρχιζουπάνου
888 3853 988 3923 μὲν
1021 3855 1223 3927 ἀδελφῇ
1260 3856 1522 3922 ξυνοικῶν
1552 3855 1644 3931 ἦν,
1685 3860 1765 3915 τὼ
1800 3862 2007 3933 ὀφθαλ-

430 3941 515 4007 μὼ
586 3942 643 3995 δὲ
725 3946 1050 4015 πηρωθῆναι
1126 3948 1308 4019 τυχὼν
1364 3951 1554 4022 τρόπῳ
1624 3945 1779 4025 ᾧπερ
1846 3956 2008 4020 αὐτὸς

426 4032 638 4103 οὐδαμῆ
664 4037 813 4105 ἐρεῖν
840 4036 969 4107 ἔχω,
1021 4040 1080 4103 ἐς
1137 4042 1403 4096 Παιονίαν
1453 4044 1828 4117 ἀνεχώρησεν.
1889 4048 2008 4100 Ἐν-

428 4120 605 4174 ταῦθά
634 4139 694 4175 τε
729 4124 898 4178 πολύν
933 4143 1055 4181 τινα
1086 4128 1378 4199 διατρίψας
1418 4131 1612 4203 χρόνον
1642 4134 1842 4202 Γειτζᾷ
1896 4137 2008 4206 (Η)

427 4215 506 4284 τῷ
546 4219 676 4287 ρηγὶ
717 4220 1149 4291 αίδεσιμώτατος
1181 4226 1421 4295 μάλιστα
1473 4227 1735 4297 κατέστη,
1780 4229 1879 4284 ἆτε
1909 4235 2011 4302 τῆς

426 4304 493 4357 ἐκ
524 4308 733 4362 παίδων
787 4313 938 4381 αὐτῷ
961 4317 1168 4385 τροφῆς
1201 4318 1467 4384 μεταδοὺς
1509 4320 1604 4373 καὶ
1652 4320 2009 4386 παιδεύσεως.

430 4400 532 4450 Διά
554 4400 619 4469 δὴ
650 4400 825 4456 ταῦτα
850 4405 1084 4476 χάριτας
1114 4408 1294 4478 ὅφλων
1317 4410 1516 4483 Γειτζᾷ
1538 4412 1854 4482 Δαλματίαν
1876 4415 2014 4468 ὑπό-

2112 3306 2374 3363 Romanis
2405 3304 2478 3359 ibi
2511 3300 2858 3358 conﬂixerint
2911 3297 3177 3369 llungari,
3207 3312 3329 3353 mox
3365 3309 3697 3350 commemo-

2114 3398 2270 3453 rabo.
2318 3395 2448 3449 Erat
2482 3394 2622 3462 apud
2675 3389 2952 3446 Dalmatas
3003 3377 3250 3460 quidam,
3285 3386 3442 3456 cujus
3500 3400 3695 3440 nomen

2114 3489 2274 3558 quale
2304 3486 2470 3542 fuerit
2517 3487 2728 3555 ignoro,
2767 3482 2992 3538 fratrem
3038 3490 3220 3535 autem
3271 3480 3502 3534 habebat
3543 3476 3697 3533 Belo-

2113 3583 2264 3639 sim:
2298 3580 2459 3635 ambo
2514 3577 2645 3634 clari
2703 3585 2863 3632 erant
2915 3574 3058 3645 apud
3115 3587 3286 3629 suos:
3321 3572 3410 3627 hic
3472 3584 3696 3625 uxorem

2114 3674 2347 3729 duxerat
2395 3685 2639 3727 sororem
2686 3667 3075 3737 Archizupani.
3115 3663 3251 3720 Cum
3292 3680 3424 3721 vero
3469 3652 3696 3732 utroque

2114 3766 2273 3822 oculo
2306 3763 2550 3835 privatus
2578 3771 2725 3819 esset
2773 3763 2904 3833 (quo
2938 3776 3083 3817 casu.
3126 3759 3261 3813 mihi
3294 3759 3451 3829 plane
3491 3758 3693 3810 incom-

2115 3858 2384 3931 pertum),
2413 3858 2467 3912 in
2488 3855 2823 3912 Pannoniam
2843 3868 2964 3910 sese
2988 3853 3212 3923 recepit.
3242 3851 3427 3920 Longo
3450 3850 3537 3903 hic
3561 3857 3695 3903 tem-

2117 3968 2248 4022 pore
2276 3958 2644 4007 commoratus
2692 3946 2836 4019 apud
2871 3947 3095 4003 Geizam
3135 3959 3317 4016 regem
3368 3943 3604 3999 maximo
3644 3940 3695 3991 in

2115 4046 2325 4100 honore
2354 4041 2477 4108 fuit,
2503 4050 2563 4095 ut
2594 4041 2683 4109 qui
2710 4055 2738 4094 a
2775 4040 2962 4111 pueris
3007 4054 3130 4093 cum
3163 4038 3257 4092 illo
3288 4037 3557 4092 enutritus
3584 4032 3694 4087 fue-

2119 4144 2202 4190 rat
2233 4145 2286 4189 et
2331 4134 2615 4189 educatus.
2651 4131 2948 4199 EaprOpter
2977 4143 3099 4199 quo.
3136 4127 3318 4185 Geizae
3370 4127 3572 4198 gratias
3601 4141 3697 4178 re—

2119 4230 2399 4297 pemlerct,
2458 4223 2783 4279 Dalmatiam
2816 4221 2903 4275 illi-
2945 4219 3196 4276 beneﬁcii
3245 4220 3369 4290 jure
3398 4219 3694 4275 obnoxiam

2121 4322 2299 4375 facere
2325 4329 2405 4373 est
2438 4317 2669 4371 annixus
2700 4333 2717 4373 :
2746 4315 2905 4384 idque
2935 4312 3210 4369 continuis
3247 4312 3493 4369 consiliis
3521 4321 3578 4367 et
3597 4313 3696 4365 ad-

2119 4410 2521 4468 hortationibus
2546 4407 2747 4462 homini
2784 4409 3000 4461 tandem
3027 4405 3317 4475 persuasit.
3339 4404 3511 4460 Simul
3536 4414 3699 4474 atque

432 4491 659 4546 σπονδον
683 4495 835 4566 αὐτῷ
864 4499 1132 4570 καθιστᾷν
1176 4502 1479 4571 ἐπεχείρει,
1529 4505 1919 4574 ξυμϐουλεύων
1950 4523 2006 4559 τε

2123 4503 2285 4573 igitur
2315 4501 2525 4572 accepit
2563 4499 2726 4554 Geiza
2757 4499 2811 4553 in
2847 4498 3171 4552 Dalmatiam
3205 4499 3467 4568 irrupisse
3496 4498 3698 4554 Roma-

427 4584 692 4641 ἑκάστοτε
748 4589 876 4660 περὶ
964 4594 1155 4646 τούτου
1197 4597 1264 4665 τῇ
1314 4595 1563 4669 ἀειλογίᾳ
1610 4595 1823 4651 πείθειν
1881 4596 2011 4667 ἐσχε

424 4677 521 4727 τὸν
609 4676 919 4748 ἄνθρωπον.
1006 4683 1168 4737 ’Ὅθεν
1203 4684 1391 4758 ἐπειδὴ
1444 4686 1545 4757 τὴν
1624 4688 1719 4741 ἐπὶ
1788 4687 2009 4758 Δαλμα-

426 4767 551 4833 τίας
601 4769 892 4841 Ῥωμαίων
931 4776 959 4827 ὁ
1010 4776 1239 4841 Γειτζᾶς
1295 4778 1531 4848 ἤκουσεν
1582 4780 1797 4852 ὁρμὴν,
1850 4780 2012 4835 δυνάο

429 4878 556 4931 μεις
610 4862 705 4915 ἐπὶ
768 4868 1060 4940 συμμαχίᾳ
1137 4870 1452 4941 Δαλμάταις
1531 4871 1803 4942 ἔπεμψεν.
1852 4873 2011 4927 Αίτία

432 4954 534 5023 μὲν
597 4956 891 5027 Ῥωμαίοις
940 4961 1040 5028 τῆς
1097 4964 1154 5023 ἐς
1210 4964 1339 5025 τοὺς
1395 4963 1633 5026 Οῧννους
1684 4963 2010 5034 δυσμενείας

432 5045 573 5117 αὕτη
631 5043 721 5120 ἦν.
793 5050 902 5105 Τοῦ
976 5053 1034 5107 δὲ
1110 5054 1400 5125 Ῥωμαίων
1482 5055 1716 5127 στρατοῦ
1796 5073 2013 5126 προσω-

430 5139 577 5210 τέρω
634 5146 937 5213 χωροῦντος
990 5148 1043 5199 οἱ
1078 5148 1170 5201 ἐπὶ
1200 5149 1582 5219 χορταγωγίαν
1616 5149 1850 5216 ἐξιόντες
1900 5151 2014 5211 τοῖς

434 5230 661 5297 Οὗννοις
692 5235 808 5307 ὁδῷ
837 5241 1227 5309 πορευομένοις
1262 5243 1681 5312 ἐντετυχηκότες
1715 5243 1794 5305 εἰς
1825 5243 2015 5312 χεῖρας

430 5318 619 5391 ἦλθον.
667 5325 933 5391 Βασιλεὺς
981 5332 1038 5384 δὲ
1086 5333 1495 5401 συναισθήσεως
1533 5334 1681 5405 αὐτῷ
1716 5338 2016 5404 γενομένης

446 5415 707 5490 Ἰωάννην
736 5419 853 5491 ἅμα
891 5422 1266 5495 στρατεύματι
1295 5424 1386 5477 τὸν
1414 5424 1870 5494 πρωτοσέϐαστον
1900 5425 2019 5477 ἐπι-

2120 4610 2239 4661 nos,
2270 4593 2457 4662 copias
2489 4591 2696 4658 auxilio
2754 4590 3015 4645 Dalmatis
3053 4589 3332 4644 submisit.
3371 4589 3446 4644 Ea
3477 4590 3697 4660 quidem

2110 4685 2451 4740 simultatum
2482 4684 2745 4738 adversus
2775 4681 3059 4752 Hungaros
3092 4696 3258 4736 causa
3291 4679 3553 4736 Romanis
3575 4680 3697 4737 fuit.

2109 4777 2352 4834 Ulterius
2390 4776 2573 4845 itaque
2600 4775 2923 4845 procedente
2958 4774 3115 4845 105
3141 4773 3507 4830 Romanorum
3526 4790 3688 4829 excr-

2111 4872 2250 4937 citu,
2285 4870 2379 4939 qui
2411 4868 2725 4938 pabulatum
2766 4866 3016 4921 exierant
3043 4882 3165 4921 cum
3198 4865 3487 4937 "nugaris,
3523 4867 3612 4933 qui
3642 4875 3699 4920 et

2111 4961 2217 5032 ipsi
2255 4961 2360 5017 iter
2385 4961 2638 5031 agebant,
2689 4958 2904 5011 obviam
2942 4956 3103 5011 factis
3136 4972 3332 5011 manus
3381 4964 3697 5011 conserunt.

2113 5052 2233 5120 Quo
2263 5051 2479 5120 cognito
2516 5052 2808 5118 imperator
2831 5049 2885 5101 in
2915 5048 3175 5102 auxilium
3203 5062 3326 5103 eum
3350 5046 3520 5115 copiis
3542 5044 3697 5100 Joan-

2117 5163 2239 5202 nem
2284 5144 2720 5215 protosebastum
2760 5143 2945 5197 mittit.
2976 5142 3285 5197 Commisso
3333 5139 3519 5207 przelio
3551 5136 3699 5192 Hun-

2117 5241 2234 5309 εειτὶ
2265 5254 2293 5292 a
2328 5237 2589 5293 Romanis
2620 5235 2859 5303 superati
2894 5234 3016 5304 fuga
3045 5249 3104 5289 se
3136 5233 3202 5287 ad
3232 5232 3575 5302 Strymonem
3596 5228 3694 5284 ﬂu-

2122 5333 2268 5387 vium
2304 5338 2647 5398 receperunt,
2699 5328 2933 5398 indeque
2963 5329 3170 5397 aliquot
3214 5341 3284 5381 ex.
3334 5324 3449 5378 suis
3479 5323 3696 5380 amissis

2122 5424 2527 5487 abscesserunt,
2558 5435 2588 5474 a
2616 5428 2768 5490 tergo
2801 5418 3130 5474 instantibus
3158 5429 3372 5484 semper
3412 5414 3691 5471 Boruanis.

1767 5586 1863 5645 Du
1911 5580 2132 5660 Cangii
2166 5586 2356 5642 notas.

503 5727 620 5797 (4'5)
639 5726 919 5798 Βόσᾷκιιν
960 5726 1218 5790 Bossena,
1242 5744 1360 5798 qua:
1377 5726 1750 5789 Constanlino,
1772 5727 1837 5781 de
1862 5727 2007 5781 adm.

435 5796 570 5868 imp.
606 5839 622 5861 ,
675 5813 726 5852 c.
775 5796 866 5859 5‘2,
908 5799 1135 5850 Βόσωνα
1168 5796 1534 5864 nuncupatur,
1582 5800 1855 5864 principes
1885 5813 2014 5852 suos

435 5869 651 5935 habuit,
716 5884 949 5939 quorum
987 5868 1191 5927 seriem
1246 5871 1435 5925 damus
1485 5870 1536 5925 iu
1587 5868 1832 5925 Familiis
1891 5868 2013 5921 Dal-

2118 5734 2554 5865 ῐηᾚῖῗίτειτζᾷ.
2588 5788 2755 5846 Geiza
2784 5788 2845 5856 II,
2877 5788 3166 5861 Ilungariar
3190 5776 3312 5857 rex,
3343 5786 3487 5843 Bolae
3535 5801 3694 5856 cogn.

2124 5865 2273 5931 czm'i,
2288 5864 2442 5935 regis
2470 5864 2630 5918 ﬁlius.
