4058 6410
418 335 533 402 ἇ39

1703 331 2027 394 JOANNIS
2065 331 2403 398 CINNAMI

3589 339 3702 403 440

417 449 763 503 adoriuntur.
794 441 901 502 Sed
934 444 1232 515 imperator
1269 443 1458 499 videns
1493 457 1586 500 cos
1615 460 1842 500 numero
1861 460 1997 514 pan-

2116 443 2390 514 πολεμίων
2415 445 2480 498 ἐκ
2509 445 2600 499 τοῦ
2640 447 2881 515 ἁςανοῦς
2925 450 3284 522 ἐκπηδήσασα
3306 453 3420 516 τοῖς
3451 451 3508 503 ἐν
3563 453 3692 522 ἀρι-

418 543 600 596 ciorcs
656 539 981 610 contemptis
1011 539 1140 604 illis,
1169 539 1430 593 continuo
1457 539 1641 594 hostes
1669 539 1994 609 insequeba—

419 642 508 686 tur
536 629 912 700 pertinaciter,
949 643 1055 696 quo
1083 638 1170 680 aut
1205 628 1644 697 Archiznpanutn
1679 628 1855 698 ipsum
1905 643 2000 681 ea-

423 733 618 793 peret,
669 730 764 777 aut
819 722 910 792 qui
975 731 1088 776 tum
1144 719 1474 776 Pannonicis
1534 729 1765 790 praeerat
1827 719 2000 788 copiis

421 815 783 871 fortissimum
818 814 1034 868 ducem.
1084 812 1187 879 Qui
1241 815 1406 885 igitur
1449 827 1515 868 ex
1548 812 1760 870 insidiis
1780 814 1998 885 prodie-

419 915 568 971 rant,
611 905 762 960 nullo
816 905 963 960 edito
1013 904 1256 960 facinore
1310 921 1528 962 rursum
1578 905 1823 974 dissipati
1855 915 2004 958 sunt.

416 999 708 1068 Aliquanto
768 998 944 1067 spatio
1005 997 1190 1053 hostes
1238 998 1519 1054 insecutus
1580 997 1859 1066 princeps,
1912 995 2002 1048 ubi

419 1105 549 1145 suos
573 1089 875 1144 delassatos
924 1089 1182 1156 advertit,
1225 1088 1435 1144 relictis
1478 1089 1546 1144 iis
1576 1104 1641 1144 ae
1671 1088 1878 1144 duobus
1916 1101 2008 1141 as-

422 1189 656 1258 sumptis
679 1187 947 1258 cOgnatis,
979 1201 1209 1257 quorum
1242 1186 1382 1242 alter
1420 1184 1524 1241 fuit
1547 1183 1786 1241 Joannes
1809 1183 2011 1246 Ducas,

423 1281 562 1335 alter
591 1281 685 1372 gni
716 1295 940 1335 nmrem
966 1279 1199 1334 duxerat
1225 1279 1516 1334 Andronici
1549 1277 2010 1333 sebastocratoris

425 1366 616 1436 tiliam,
654 1370 876 1425 nomine
927 1368 1196 1436 Joannes,
1255 1379 1620 1440 cognomento
1649 1383 1776 1424 vero
1810 1366 2013 1423 Canta-

425 1479 692 1528 cuzcntts,
716 1477 843 1517 cum
876 1462 942 1518 iis
972 1463 1024 1517 in
1060 1462 1248 1517 hostes
1279 1463 1540 1533 perrexit.
1573 1462 1677 1517 Sed
1716 1461 1811 1515 illo
1840 1461 1909 1516 ab
1945 1461 2011 1516 iis

432 1558 616 1630 agnito
657 1573 723 1612 ex
770 1557 939 1612 armis
988 1571 1108 1626 quae
1155 1555 1326 1611 multo
1373 1555 1611 1610 obducta
1658 1561 1815 1608 erant
1849 1551 2011 1621 110

433 1667 724 1716 auro,rum
753 1659 1015 1722 prmterea
1041 1649 1286 1718 corporis
1315 1658 1520 1704 statura
1551 1647 1854 1702 excelsiore
1882 1645 2016 1699 satis

2109 538 2278 607 στερᾷ
2312 537 2608 607 Ῥωμαίοις
2642 541 2944 598 ἐπετίθετο.
2991 545 3152 599 Ἀλλᾶ
3180 545 3388 609 ταύτην
3420 544 3520 615 μὲν
3548 546 3702 597 ἐπει-

2104 628 2283 699 δήπερ
2306 629 2734 702 ὀλιγανδροῦσαν
2761 633 3018 703 βασιλεὺς
3048 635 3214 704 ἔγνω,
3248 637 3369 690 οὐδὲ
3398 637 3522 690 ὅσον
3567 638 3700 687 έπε-

2122 721 2401 790 στρὰςιςθαι
2423 722 2658 792 ἠξίωσεν
2679 740 2692 754 ·
2753 725 2842 778 ἀεὶ
2868 725 2976 798 γὰρ
3003 728 3420 797 ἁνεπιστρόφως
3451 728 3700 794 ἐδίωκεν,

2104 811 2160 864 εί
2191 830 2308 876 πως
2333 813 2366 884 ἢ
2403 814 2570 868 αὐτὸν
2589 815 2965 886 χειρώσασθαι
2995 819 3045 870 oi
3079 818 3400 884 γένοιτοτὺν
3430 818 3698 890 ἀρχιζου-

2113 906 2285 960 πάνον
2313 907 2347 976 ἢ
2373 907 2466 960 τὸν
2501 909 2654 979 παρὰ
2690 911 2803 972 τοῖς
2839 911 3065 964 Παίοσιν
3094 913 3169 974 είς
3207 912 3429 983 ἐκείνην
3465 929 3704 981 στρατη-ο

2113 997 2322 1064 γοῦντα
2349 998 2450 1069 τὴν
2473 1000 2689 1070 ἡμέραν
2721 1001 2977 1071 ἀνδρείας
3003 1000 3064 1056 εὖ
3099 1004 3330 1072 ἥκοντα.
3365 1005 3428 1056 Οί
3475 1005 3574 1073 μὲν
3606 1000 3705 1056 οὖν

2113 1092 2180 1144 ἐκ
2210 1092 2312 1160 τῆς
2342 1091 2569 1164 ἐνέδρας
2607 1095 2774 1164 μηδὲν
2805 1093 2956 1160 ἄξιον
2996 1095 3160 1164 λόγου
3205 1098 3554 1167 πεπραχότες
3591 1097 3708 1150 διε-

2111 1182 2304 1236 λύοντο
2347 1183 2526 1248 αὖθις.
2589 1186 2857 1249 Βασιλεὺς
2906 1186 2965 1240 δὲ
3009 1187 3186 1258 μικρὰ
3249 1187 3472 1252 διώξας,
3515 1187 3706 1258 ἐπειδὴ

2113 1276 2244 1338 τοὺς
2295 1277 2432 1345 ἀμφ’
2482 1277 2644 1330 αὑτὸν
2696 1278 2838 1348 ἔγνω
2871 1279 3296 1349 ἐκκακήσαντας
3341 1280 3466 1350 ἤδη,
3504 1280 3709 1340 αὐτοὺς

2120 1366 2223 1437 μὲν
2251 1367 2523 1438 παρῆλθε,
2556 1369 2651 1422 δύο
2683 1369 2740 1423 δὲ
2769 1369 3050 1439 ξυγγενῶν
3075 1369 3433 1442 παρειληφὼς
3463 1371 3572 1423 τῶν
3601 1371 3708 1422 αὐ-

2115 1459 2238 1525 τοῦ,
2267 1455 2342 1514 ὧν
2388 1461 2416 1512 ὁ
2475 1461 2574 1531 μὲν
2619 1460 2870 1533 Ἰωάννης
2901 1464 2930 1514 ὁ
2961 1463 3170 1526 Δούκας
3207 1463 3318 1533 (45)
3351 1459 3440 1534 ἦν,
3476 1462 3572 1534 μ’.
3604 1460 3708 1534 65]

2117 1554 2315 1622 ἅτερος
2345 1554 2402 1607 δὲ
2441 1553 2501 1618 ὃς
2529 1555 2628 1626 τὴν
2692 1555 3036 1626 Ἀνδρονίκου
3063 1557 3157 1610 τοῦ
3198 1557 3708 1628 σεϐαστοκράτορος

2120 1645 2299 1717 ἔγημε
2334 1647 2540 1717 παῖδα..
2569 1648 2749 1716 ὄνομα
2788 1647 3046 1719 Ἰωάννης
3080 1649 3174 1702 καὶ
3217 1649 3382 1712 αὐτὸς
3413 1649 3708 1718 ἐπίκλησιν

438 1744 763 1816 proderetur
816 1742 982 1815 (rere
1037 1743 1180 1796 enim
1218 1743 1435 1798 heroem
1498 1739 2012 1809 referebat,qnippe

2119 1737 2602 1809 Καντακουζηνὺς,
2627 1741 2726 1792 σὺν
2753 1738 2936 1804 αὐτοῖς
2971 1741 3064 1794 ἐπὶ
3091 1742 3218 1805 τοὺς
3250 1740 3546 1811 πολεμίους
3575 1741 3710 1811 ἐχώο

445 1837 540 1905 qui
565 1837 840 1907 equitandi
869 1835 1078 1890 ratione
1113 1849 1220 1889 non
1269 1833 1477 1905 vulgari
1507 1843 1562 1888 et
1595 1833 1648 1886 in
1687 1832 1856 1887 armis
1887 1841 2012 1904 “tra-

2119 1846 2223 1901 ρει.
2273 1831 2338 1885 0i.
2382 1830 2440 1884 δὲ
2494 1832 2559 1884 ἐκ
2587 1831 2688 1900 τῆς
2738 1833 3006 1896 ὁπλίσεως
3052 1833 3215 1886 αὑτὸν
3260 1835 3708 1904 κατανοήσαντες

445 1929 661 1983 etandis
701 1927 1026 1982 dexteritate
1056 1927 1215 1996 longe
1258 1925 1642 1996 przccelleret),
1679 1934 1829 1994 terga
1869 1922 2016 1978 nullo

426 2021 634 2090 pudore
696 2019 981 2074 dederunt.
1010 2017 1366 2086 Fugientibus
1418 2017 1818 2072 incumbentem
1861 2017 2016 2071 aiunt

425 2130 537 2171 uno
569 2117 734 2170 hastre
789 2115 905 2168 ictu
955 2112 1269 2184 quindecim
1315 2127 1380 2167 ex
1436 2113 1684 2168 hostibus
1726 2113 1777 2167 in
1812 2122 2014 2167 terram

427 2205 798 2277 prostravisse
833 2224 846 2260 :
887 2205 942 2259 in
979 2204 1212 2260 tumultu
1245 2202 1446 2273 quippe
1492 2210 1548 2256 et
1583 2200 1906 2257 c0nfnsione
1941 2201 2014 2256 ita

426 2298 848 2364 collidebanlur,
882 2305 943 2352 nt
975 2312 1034 2353 se
1070 2297 1305 2353 invicem
1354 2295 1720 2366 impellerent.
1751 2294 1887 2365 Ipsis
1915 2313 2014 2350 an-

428 2401 536 2446 tem
569 2391 925 2461 quadraginta
959 2390 1271 2460 prostratis,
1299 2389 1536 2460 reliquos
1566 2389 1893 2456 fudit,fusos
1926 2391 2014 2444 in-

427 2496 647 2539 secutus
681 2483 864 2554 gladio
897 2493 951 2537 et
983 2485 1140 2538 hasta
1170 2484 1224 2539 in
1259 2493 1407 2552 terga
1449 2482 1769 2552 fugientium
1801 2483 1959 2537 irruit
1997 2502 2012 2538 :

427 2592 537 2646 quo
568 2585 811 2644 tempore
843 2575 893 2628 id
927 2589 1143 2644 quoque
1178 2575 1401 2630 accidit.
1444 2573 1675 2640 Quidam
1707 2589 1775 2630 ex
1818 2574 1884 2629 iis
1919 2573 2014 2643 qui

428 2670 586 2724 hasta
621 2669 770 2738 prius
807 2673 873 2720 ah
923 2668 1258 2737 imperatore
1311 2666 1528 2722 fuerant
1557 2669 1706 2732 caesi,
1732 2683 1852 2723 cum
1889 2684 2015 2722 sur-

436 2761 666 2816 rexiSSet
696 2776 760 2815 ex
799 2760 948 2829 iapsn
977 2759 1340 2829 (nequeenim
1377 2759 1652 2814 lethaliter
1699 2759 1876 2813 fuerat
1901 2759 2016 2812 vul-

429 2852 714 2915 neratus).
763 2851 944 2922 fugam
979 2851 1104 2906 inde
1157 2851 1382 2920 pedibus
1438 2852 1602 2905 miser
1637 2851 1869 2921 paravit.
1909 2849 2011 2905 Ubi

429 2955 612 2999 autem
645 2946 697 2999 in
729 2946 1034 3015 propinquo
1085 2944 1468 3014 imperatorem
1501 2945 1791 3014 conspicit,
1824 2947 2016 2999 stricto

430 3035 608 3103 gladio
644 3035 695 3088 in
728 3050 849 3089 enm
881 3034 1026 3088 velut
1057 3048 1421 3102 percussurus
1455 3032 1735 3087 fertur.At
1763 3032 1852 3088 ille
1882 3034 2015 3102 pede

429 3127 484 3181 in
517 3136 705 3197 pet-tus
758 3127 1018 3196 impacto,
1056 3134 1368 3196 protrusnm
1409 3123 1558 3177 humi
1613 3131 1778 3194 atque
1816 3123 2010 3191 insigni

427 3218 570 3273 circa
623 3217 838 3272 Oculum
895 3217 1122 3272 vulnere
1171 3225 1416 3270 notatum
1467 3216 1740 3286 relinquit.
1798 3215 2008 3285 Equum

428 3325 560 3364 vero
606 3310 820 3364 etiamsi
875 3317 1228 3379 aggravatuut
1287 3308 1515 3362 sentiret
1567 3315 1842 3362 armorum
1875 3323 2008 3379 pou-

429 3404 582 3472 tlere,
621 3420 732 3460 non
771 3405 893 3458 ideo
929 3415 1108 3457 tamen
1137 3405 1334 3458 sistere
1369 3404 1627 3473 impetum
1665 3401 1852 3458 voluit.
1869 3401 2014 3457 Can-

431 3509 699 3551 tacuzeno
732 3507 910 3550 autem
945 3495 1163 3567 (unicus
1189 3495 1393 3566 quippe
1418 3495 1770 3563 adequitabat
1799 3509 1866 3550 ex
1911 3495 2014 3548 im-

429 3589 726 3658 peratoriis
769 3586 1038 3658 cognatis)
1067 3595 1126 3642 nt
1171 3588 1590 3656 progrederetur
1615 3596 1667 3642 et
1709 3601 1834 3641 cum
1887 3589 2012 3641 bar-

429 3678 580 3732 baris
613 3693 804 3733 manus
844 3676 1118 3732 conferret
1160 3677 1470 3744 imperavit,
1508 3687 1566 3731 ιιι
1596 3677 1854 3732 nimirum
1885 3679 2010 3732 dum

430 3771 576 3824 circa
635 3770 786 3823 illntn
841 3771 921 3824 sic
971 3777 1394 3837 occuparentur,
1449 3767 1565 3838 ipse
1627 3768 1865 3823 vicissim
1919 3784 2015 3824 eos

430 3871 837 3930 assequcretur.
869 3858 980 3914 Nec
1034 3859 1314 3914 aberravit
1357 3875 1386 3914 a
1427 3860 1676 3916 consilio.
1720 3859 2012 3928 Postquam

427 3951 572 4006 cuitu
628 3967 789 4022 quam
822 3951 1084 4007 citissime
1125 3965 1244 4006 sese
1289 3951 1342 4006 in
1396 3952 1586 4008 hostes
1637 3952 1815 4007 intulit
1844 3952 2014 4008 Joan-

425 4059 547 4109 nes,
608 4043 859 4098 Bacchi-ni
915 4043 1285 4109 Archizupaui
1335 4052 1548 4113 tergum
1603 4043 1892 4111 percussit,
1925 4053 2013 4099 to-

427 4147 648 4207 ttnnquc
694 4135 849 4189 hasta
904 4135 1406 4190 transverberasset
1436 4135 1734 4200 hominem,
1771 4135 1824 4188 ni
1877 4150 2016 4203 prm-

431 4228 768 4299 peditiSsent
796 4243 966 4282 arma.
999 4226 1049 4281 Is
1076 4236 1256 4280 autem
1304 4240 1628 4290 conversus,
1671 4225 1826 4295 ιιι
1865 4228 2017 4284 videt

438 4336 499 4375 se
523 4335 553 4373 a
587 4319 796 4373 duobus
846 4318 1031 4388 impeti
1059 4334 1072 4370 :
1099 4331 1333 4387 namque
1361 4316 1676 4386 imperatori
1703 4316 1813 4385 jam
1847 4318 2010 4372 etiam

437 4412 574 4467 alter
604 4412 793 4466 aderat
849 4410 1111 4474 Joannes,
1140 4411 1294 4481 cujus
1319 4413 1478 4465 modo
1510 4411 1714 4465 mentio
1741 4413 1880 4465 facta
1903 4422 2009 4468 est.

2119 1921 2332 1993 (χρυσῷ
2382 1920 2493 1994 γὰρ
2544 1925 2874 1994 κατακόρως
2929 1923 3198 1996 ἀλήλιπτο
3249 1925 3420 1994 πᾶσα)
3469 1923 3566 1978 καὶ
3605 1925 3710 1993 τῆς

2116 2018 2209 2072 τοῦ
2239 2017 2497 2090 σώματος
2545 2018 2604 2072 δέ
2632 2020 2949 2090 ἁναδρομῆς
2980 2037 3039 2073 τε
3081 2019 3179 2073 καὶ
3222 2019 3456 2088 εὐφυΐας
3493 2035 3707 2088 τεκμτΓ

2121 2111 2455 2181 ριωσάμενοι
2489 2111 2946 2182 μάλιστα(ἦρωσι
2985 2109 3095 2182 γὰρ
3120 2111 3362 2180 ἀτεχνῶς
3391 2107 3575 2178 ἐῴκει,
3607 2109 3708 2163 ἄτα

2116 2202 2196 2272 τῷ
2226 2202 2362 2273 ξένῳ
2391 2203 2490 2273 τῆς
2519 2203 2788 2266 ἱππασίας
2857 2204 2953 2256 καὶ¹
2979 2206 3078 2272 τῆς
3123 2201 3447 2272 ἀμφιδεξίου
3475 2201 3604 2271 περὶ
3636 2203 3710 2252 τὰ

2115 2295 2258 2348 ὅπλα
2319 2297 2590 2364 κινήσεως
2631 2295 2812 2364 πολλῷ
2843 2294 3163 2364 διενεγκὼν)
3195 2295 3344 2348 νῶτα
3387 2295 3589 2348 διδόναι
3613 2295 3707 2346 οὐ-

2114 2387 2263 2458 δαμῆ
2291 2387 2605 2458 ᾐσχύνοντο.
2645 2388 2704 2441 '0
2732 2388 2785 2441 δὲ
2813 2387 3109 2455 φεύγουσιν
3140 2387 3464 2457 ἐπιθέμενος
3482 2387 3707 2454 λέγεται

2115 2481 2197 2534 ὅτι
2231 2483 2330 2552 μιᾷ
2379 2483 2608 2552 δόρατος
2655 2481 2933 2552 προσϐολῇ
2977 2480 3377 2536 πεντεκαίδεκα
3407 2483 3514 2533 τῶν
3549 2481 3710 2533 πολε-

2120 2574 2261 2645 μίων
2286 2576 2368 2637 εἰς
2409 2575 2514 2644 γῆν
2555 2573 2806 2629 ἔϐαλλεν.
2851 2575 2942 2627 Ἐν
2981 2574 3093 2644 γὰρ
3118 2576 3339 2644 ταραχῳ
3375 2577 3470 2628 καὶ
3503 2573 3706 2642 συγχύο

2118 2683 2201 2720 σει
2237 2667 2577 2736 φερομένους
2633 2666 2961 2737 συγκρούειν
2995 2667 3250 2735 ἀλλήλοις
3287 2667 3465 2719 οὐδενὶ
3510 2667 3705 2734 κόσμῳ

2117 2758 2442 2812 συνέϐαινεν
2496 2757 2715 2821 αὐτούς’
2776 2760 3190 2829 τετταράκοντα
3239 2758 3297 2811 δὲ
3329 2757 3456 2822 τοὺς
3494 2759 3700 2820 πάντας

2115 2851 2210 2904 ἐπὶ
2255 2851 2434 2921 στόμα
2460 2852 2813 2920 κατενεγκὼν
2838 2853 2966 2914 τοὺς
3018 2851 3214 2914 ἄλλους
3251 2851 3538 2922 ἐτρέψατο,
3571 2851 3707 2920 φεύ-

2115 2943 2274 3013 γουσί
2298 2961 2358 2997 τε
2406 2943 2751 3014 ἐφεπόμενος
2795 2944 3136 2997 συνέκοπτεν
3178 2943 3267 2997 ἀεὶ
3330 2944 3473 2998 κατὰ
3529 2943 3704 2995 νώτου

2115 3036 2213 3091 καὶ
2235 3036 2382 3106 ξίφει
2407 3037 2504 3090 καὶ
2533 3036 2720 3107 δόρατι
2743 3035 3050 3108 χρώμενος.
3075 3037 3206 3090 Ὅτε
3241 3037 3504 3090 συνέπεσὲ
3525 3053 3575 3087 τι
3609 3036 3706 3090 καὶ

2115 3129 2394 3183 τοιοῐτον·
2429 3127 2538 3182 τῶν
2581 3145 2666 3191 τις
2708 3129 3391 3199 προκαταδορατισθέντων
3425 3127 3575 3198 αὐτῷ
3605 3125 3706 3180 τοῦ

2116 3220 2414 3292 πτώματος
2461 3219 2776 3288 ἀνενεγκὼν
2822 3220 2932 3291 (οὗ
2991 3223 3100 3291 γὰρ
3163 3221 3381 3289 καιρίαν
3433 3219 3703 3288 ἐτύγχανε

2119 3313 2507 3386 πεπληγμένος
2538 3312 2770 3381 ἔφευγεν
2802 3315 2867 3365 ἐκ
2894 3312 3049 3376 ποδὸς
3078 3311 3177 3383 τὴν
3221 3313 3448 3384 πορείαν
3481 3314 3508 3364 ὁ
3533 3314 3704 3374 τάλας

2119 3406 2470 3476 ποιούμενος.
2539 3404 2760 3475 Ἐπειδὴ
2816 3421 2876 3458 τε
2933 3403 3107 3475 ἀγχοῦ
3159 3404 3384 3475 βασιλέα
3439 3405 3706 3473 γεγονότα

2120 3494 2230 3552 εἶδε
2258 3497 2610 3567 σπασάμενος
2634 3497 2695 3550 τὸ
2726 3497 2880 3566 ξίφος
2922 3497 3179 3562 πατάξων
3229 3498 3457 3569 ἐφέρετο
3491 3498 3703 3552 τοῦτον.

2129 3589 2189 3641 Ὀ
2231 3588 2290 3640 δέ
2337 3587 2438 3652 λὰξ
2482 3586 2561 3657 τῷ
2615 3585 2804 3656 στήθει
2855 3585 3060 3650 ἐπιϐὰς
3114 3587 3277 3640 αὑτὸν
3339 3587 3438 3656 μὲν
3485 3589 3566 3650 είς
3599 3588 3706 3656 γῆν

2119 3679 2345 3750 ἤνεγκε,
2384 3677 2840 3746 σημειωσάμενος
2881 3675 2938 3728 δέ
2969 3675 3033 3727 ἐκ
3084 3691 3231 3739 τινος
3261 3676 3540 3743 ἐπισήμου
3574 3676 3707 3746 περὶ

2119 3771 2210 3822 τὸν
2233 3768 2514 3838 όξθαλμίιν
2543 3767 2750 3828 πάθους
2782 3766 3387 3836 παρῆλθε.Κάμν-.ντος
3409 3766 3464 3819 δὲ
3491 3765 3584 3820 τοῦ
3615 3766 3709 3818 ἵπ-

2119 3876 2226 3914 που
2245 3859 2564 3929 αίσθόμενος
2589 3859 2692 3929 ἤδη
2711 3850 2786 3926 τῷ
2808 3857 2962 3928 βάρει
2984 3859 3092 3912 τῶν
3119 3858 3299 3912 ὅπλων
3320 3857 3708 3930 παλινδρομεῖν

2125 3953 2223 4024 μὲν
2253 3951 2376 4005 οὐδὲ
2406 3951 2480 4014 ὡς
2507 3952 2690 4022 ἡθελε,
2722 3950 2799 4020 τῷ
2847 3951 2904 4003 δὲ
2934 3950 3376 4021 Καντακουζηνῷ
3417 3951 3709 4021 (ἐτύγχανε

2121 4047 2229 4116 γὰρ
2277 4046 2378 4117 ήδη
2413 4045 2518 4098 τῶν
2547 4043 2813 4115 βασιλέως
2840 4041 3234 4113 ἐποχούμενο)
3268 4044 3489 4096 ἐκέλευε
3519 4045 3711 4111 πρόσω

2118 4137 2435 4208 χωρήσαντι
2463 4134 2874 4206 συμμίγνυσθαι
2898 4137 3010 4196 τοῖς
3034 4133 3356 4206 βαρϐάροις,
3380 4134 3454 4198 ὡς
3471 4133 3537 4187 ἂν
3557 4133 3705 4186 οὕτω

2117 4234 2184 4302 τῇ
2217 4230 2349 4301 πρὸς
2369 4227 2533 4281 αὑτὸν
2549 4227 2776 4297 ἀσχολίᾳ
2797 4229 3224 4280 ἐπικαταλαὸεῖν
3246 4228 3384 4294 σφᾶς
3419 4228 3513 4278 καὶ
3539 4225 3708 4278 αὐτὸν

2118 4325 2346 4392 γένοιτο.
2371 4321 2478 4374 Καὶ
2496 4321 2652 4390 ἔτυχέ
2668 4337 2731 4387 γε
2748 4320 2842 4373 τοῦ
2862 4319 3089 4375 σκοποῦ.
3116 4319 3335 4388 Ἐπειδὴ
3356 4319 3709 4389 γὰρτάχιστα

2115 4414 2227 4468 τῶν
2257 4413 2534 4484 πολεμίων
2577 4415 2606 4465 ὁ
2646 4413 2899 4480 Ἰωάννης
2951 4410 3188 4478 ἐγγύθεν
3226 4412 3466 4478 ἐγένετο,
3502 4411 3707 4478 Βακχί-

437 4505 654 4572 Septem
712 4505 878 4574 igitur
928 4518 1148 4558 suorum
1199 4503 1388 4558 ascitis
1441 4517 1567 4558 cum
1627 4503 2009 4560 Cantacnzeno

2116 4523 2204 4560 νον
2233 4505 2324 4556 τὸν
2358 4502 2764 4575 ἁρχιζουπάνον
2785 4504 2936 4553 παὲει
2953 4500 3052 4570 μὲν
3073 4491 3215 4553 κατὰ
3226 4500 3321 4552 τοῦ
3341 4500 3706 4570 μεταφρένου,

433 4595 800 4666 congreditur,
837 4595 1006 4663 fitque
1042 4594 1241 4648 collato
1271 4595 1404 4660 pede
1434 4596 1701 4664 prmlium.
1751 4594 1857 4651 Sed
1885 4597 2016 4652 dum

428 4689 659 4744 subinde
715 4689 983 4742 advenere
1049 4688 1410 4758 undecunque
1468 4687 1706 4754 barbari,
1746 4689 1797 4742 in
1838 4700 2019 4744 extre-

430 4795 580 4834 mum
629 4777 934 4849 periculum
980 4776 1246 4832 adductus
1274 4786 1364 4831 est
1404 4776 1840 4842 Cantacnzenus,
1870 4789 1924 4833 et
1950 4779 2018 4833 ab

429 4872 498 4925 iis
523 4869 718 4924 fuisset
743 4869 1124 4931 obtruncatus,
1151 4867 1253 4922 nisi
1287 4869 1584 4938 imperator
1612 4883 1678 4923 ex
1711 4871 2019 4940 prOpinquo

431 4964 770 5019 subvenietts
826 4963 1130 5018 discrimini
1177 4977 1300 5016 eum
1359 4965 1673 5018 exemisset.
1705 4965 1774 5018 At
1833 4979 2033 5033 neque-

441 5058 559 5126 ipse
607 5071 803 5125 expers
861 5054 964 5110 fuit
1024 5055 1379 5110 discriminis.
1410 5053 1624 5124 Quippe
1659 5069 1782 5109 cum
1829 5057 2012 5109 animo

437 5157 736 5216 reputaret,
763 5148 806 5202 si
843 5158 1159 5203 occurreret
1197 5148 1262 5200 iis
1306 5147 1398 5214 qui
1451 5162 1677 5200 numero
1723 5145 1900 5200 adhuc
1927 5162 2014 5198 se-

432 5253 578 5307 ptem
617 5239 884 5296 Joannem
917 5242 1421 5302 circumsteterant,
1466 5239 1734 5308 integrum
1760 5237 2018 5293 forealiis

425 5334 540 5400 jam
599 5350 828 5390 numero
886 5333 1148 5388 trecentis
1209 5343 1502 5398 utrumque
1556 5331 1782 5392 adoriri,
1843 5331 2018 5397 primo

432 5439 689 5493 oportere
727 5427 940 5483 censuit
975 5443 1096 5480 cum
1149 5425 1497 5478 multitudine
1551 5423 1869 5478 decernere.
1911 5425 2020 5479 lllis

431 5521 579 5572 cnim
611 5520 954 5583 cedentibus,
993 5533 1306 5572 recessuros
1360 5515 1563 5584 pariter
1612 5515 1704 5584 qui
1749 5514 2013 5569 Joannem

2117 4597 2362 4652 διελάσαι
2409 4595 2472 4647 τὸ
2516 4593 2643 4664 δόρυ
2706 4592 3119 4663 προθυμηθείς·
3185 4592 3247 4642 ού
3306 4591 3489 4660 μέντοι
3519 4609 3582 4656 γε
3611 4592 3709 4645 καὶ

2113 4688 2350 4758 ἐδυνήθη
2377 4687 2476 4756 τῆς
2507 4685 2774 4746 ὁπλίσεως
2807 4680 3192 4750 ἀντισχούσης.
3235 4681 3292 4732 ’0
3326 4680 3382 4730 δὲ
3428 4681 3693 4749 ἐπιστρα-

2119 4783 2241 4852 φεὶς
2270 4782 2412 4848 ἐγκω
2444 4778 2582 4846 πρὸς
2613 4775 2825 4844 ἀνδρῶν
2848 4773 3180 4844 διωκόμενος
3208 4773 3374 4826 δυοῖν.
3395 4774 3706 4845 Συμπαρῆν

2117 4875 2227 4944 γὰρ
2258 4871 2472 4942 βασιλεῖ
2507 4868 2602 4920 καὶ
2638 4864 2866 4933 θάτερος
2898 4866 3172 4940 Ἰωάννης,
3209 4857 3380 4935 οὗπερ
3410 4866 3510 4937 ἤδη
3535 4869 3707 4938 ἐμνή-

2121 4968 2276 5035 σθην.
2317 4961 2491 5016 οΕπτὰ
2521 4959 2653 5026 γοῦν
2680 4957 2791 5010 τῶν
2821 4956 2959 5027 ἀμφ’
2992 4955 3154 5008 αὑτὸν
3183 4958 3525 5028 ἐπαγόμενος
3565 4959 3706 5028 ξυμ-

2121 5058 2385 5111 πλέκεται
2411 5052 2490 5122 τῷ
2524 5047 2988 5118 Καντακουζηνῷ,
3012 5049 3105 5101 καὶ
3133 5050 3166 5117 ή
3198 5049 3344 5120 μάχη
3377 5052 3486 5103 ἀπὸ
3521 5054 3706 5121 χειρῆς

2119 5153 2222 5224 ἠδη
2285 5149 2517 5216 ἐγίνετο.
2564 5143 2656 5195 Ἑν
2711 5141 2889 5212 τούτῳ
2945 5140 3002 5193 δὲ
3057 5141 3164 5194 τῶν
3209 5143 3503 5213 βαρϐαρων
3539 5145 3703 5198 ἄλλου

2119 5241 2420 5312 ἀλλαχόθεν
2450 5239 2778 5308 συρρέοντος
2833 5235 2922 5287 ἀεὶ
2948 5237 3006 5287 ἐν
3041 5235 3290 5303 ἐσχάτοις
3325 5239 3352 5288 ὁ
3382 5240 3704 5290 Καντακου-

2118 5337 2277 5405 ζηνὸς
2297 5330 2388 5405 ἦν,
2411 5332 2505 5385 καὶ
2523 5333 2572 5383 εί
2599 5330 2673 5401 μὴ
2694 5327 2948 5398 βασιλεὺς
2973 5328 3209 5394 ἐγγύθεν
3228 5327 3328 5397 ἤδη
3359 5336 3703 5398 παραφανεὶς

2117 5425 2322 5492 ἑξειλεν
2375 5423 2545 5475 αὑτὸν
2582 5421 2676 5474 τοῦ
2723 5418 2994 5482 κινδύνου,
3059 5417 3298 5486 ἐδέησεν,
3331 5414 3504 5488 οἶμαι,
3539 5420 3694 5472 οὐδὲν

2123 5514 2472 5588 βαρϐαρικῆς
2499 5512 2664 5584 ἔργον
2695 5509 2973 5585 μαχαίρας
2992 5508 3250 5577 γενέσθαι
3266 5510 3358 5563 τὸν
3386 5510 3677 5581 ἄνθρωπον

1754 5659 1840 5716 [)ι
1901 5661 2116 5739 (langii
2163 5668 2351 5719 noue.

507 5784 616 5853 ($3)
699 5782 968 5853 Ἰωάννης
1011 5790 1041 5839 ὁ
1089 5788 1339 5850 Δοώιιίας.
1402 5785 1534 5840 Vile
1564 5785 2010 5840 Dlswt'ttttioncm

2116 5819 2118 5826 ι
2149 5784 2216 5839 ad
2242 5782 2571 5839 Juinvillatu.
