4058 6440
466 348 567 413 Ml

1673 353 2225 416 HISTORIARUM
2264 356 2411 416 LIB.
2457 359 2573 419 ΙῘῐ.

3620 367 3731 435 442

470 464 545 517 Οὐ
581 462 688 533 μὴν
722 462 842 516 οὐδὲ
874 461 1032 515 αὐτὸς
1073 460 1328 530 βασιλεὺς
1371 461 1477 528 ἔξω
1523 463 1772 518 κινδύνου
1807 466 2014 534 ἐγένετι

2120 511 2124 523 ,
2155 468 2605 523 circumstabant.
2642 470 2926 528 Coucitato
2968 473 3093 530 inde
3127 489 3271 544 equo
3303 475 3356 531 in
3391 477 3600 535 medios
3646 481 3731 534 in-

465 555 841 624 Λογισάμενος
875 556 982 624 γὰρ
1009 554 1084 616 ὡς
1118 554 1167 606 εί
1191 557 1305 618 τοῖς
1330 557 1423 609 τὸν
1467 557 1723 630 Ἰωάννην
1753 558 2048 613 κυκλοῦσιν

462 647 602 699 ἑπτὰ
650 647 790 710 τέως
843 646 996 700 οὖσιν
1043 647 1204 712 αὐτὸς
1253 649 1614 716 ἀντιτάξοιτο,
1663 651 1880 717 ἐξέσται
1933 657 2046 718 τοῖς

461 739 642 800 ἄλλοις
673 740 753 802 εἰς
777 741 1125 810 τριακοσίους
1157 741 1258 812 ἤδη
1300 742 1729 812 ἀριθμουμένοις
1769 747 1890 799 κατ’
1931 749 2041 816 ἀμ-

460 829 708 898 φοτέρων
742 828 877 880 ίέναι
902 869 916 891 ,
973 830 1086 881 δεῖν
1124 829 1263 898 ἔγνω
1295 833 1372 900 τῷ
1406 833 1602 903 πλήθει
1650 833 2042 907 ξυμπλακήσε-

461 919 584 972 σθαι
613 919 883 991 πρότερον
903 936 918 951 ⁶
960 921 1186 975 ἐκείνων
1210 923 1318 993 γὰρ
1347 923 1780 996 ὑποχωρούντων
1807 928 2041 995 ξυναπο-

460 1013 656 1082 στῆναι
705 1012 800 1066 καὶ
833 1013 960 1076 τοὺς
997 1013 1090 1066 τὸν
1135 1015 1388 1088 Ἰωάννην
1419 1018 1930 1089 περιστοιχίζοντας
1958 1023 2038 1075 si-

455 1103 550 1164 x’z;
599 1097 701 1173 ἦν]
735 1104 829 1156 καὶ
873 1101 937 1171 δὴ
971 1102 1062 1157 τὸν
1097 1103 1267 1156 ἵππον
1320 1107 1613 1174 μυωπίσας
1667 1109 1798 1180 περὶ
1835 1112 2037 1180 μέσους

455 1193 768 1263 εἰσήλασεν.
811 1194 978 1248 Ἀλλά
1039 1213 1165 1249 τινα
1215 1196 1422 1251 τούτων
1471 1201 1664 1254 παῖσαι
1708 1201 1787 1272 τῷ
1847 1203 2036 1273 δόρατι

454 1283 828 1355 προθυμηθεὶς
862 1284 1070 1359 [Ρ.64]
1112 1287 1304 1342 τούτου
1339 1289 1441 1359 μὲν
1470 1291 1790 1362 διήμαρτεν.
1831 1295 2032 1367 Ἰσχιά-

454 1392 610 1428 σαντι
625 1376 733 1447 γὰρ
751 1375 828 1447 τῷ
853 1377 1120 1450 βαρϐάρῳ
1152 1379 1440 1446 ξυνέϐαινε
1467 1384 1629 1454 κενὴν
1660 1385 1757 1455 τῆς
1788 1387 2034 1458 πλευρᾶς

445 1469 757 1524 διεκπεσεῖν
791 1471 891 1541 τὴν
923 1473 1150 1544 αίχμήν.
1192 1475 1327 1528 Ἀπὸ
1362 1476 1546 1546 χειρὸς
1576 1477 1633 1530 δὲ
1666 1479 1852 1533 λοιπὸν
1877 1482 2030 1553 αὖτῷ

448 1562 1026 1635 συνεπλέκετο.”οπερ
1056 1568 1082 1620 6
1121 1568 1390 1638 Βακχῖνός
1422 1587 1482 1623 τε
1513 1574 1676 1637 αὐτὸς
1705 1576 1800 1630 καὶ
1823 1577 1873 1629 oi
1898 1581 2030 1646 περὶ

443 1654 657 1709 ἐκεῖνον
707 1657 912 1722 ἰδόντες
949 1660 1206 1731 Ἰωάννην
1239 1663 1338 1731 μὲν
1366 1663 1534 1718 αὑτοῦ
1587 1667 1798 1733 ἔλιπον,
1839 1672 1931 1724 ἐπὶ
1971 1673 2029 1726 δὲ

441 1746 667 1814 βασιλέα
697 1747 886 1820 δρόμῳ
928 1744 1112 1818 ἦλθον.
1150 1753 1261 1805 Καὶ
1316 1753 1378 1806 τὸ
1420 1757 1659 1827 πρᾶγμα
1686 1761 1892 1832 φρίκης
1925 1779 2026 1832 με-

2161 560 2400 615 vehitur.
2438 560 2544 615 Sed
2577 577 2698 615 cum
2734 579 2798 618 ex
2831 564 2897 620 iis
2921 568 3207 633 quemdam
3244 569 3398 624 hasta
3429 571 3586 626 vellet
3607 573 3734 644 pcr-

2149 663 2360 719 cutcre,
2391 653 2664 708 aberravit
2717 656 2859 712 ictus
2905 658 3006 712 hac
3055 669 3217 727 atque
3265 661 3389 717 illae
3421 663 3725 721 inclinante

2148 745 2404 808 barbaro,
2455 757 2616 815 atque
2641 748 2894 804 innoxius
2922 765 2951 802 a
2982 751 3150 807 latere
3179 753 3347 809 hastae
3374 772 3558 811 mucro
3579 759 3733 813 deci-

2147 835 2242 888 dit.
2286 836 2550 908 Deinceps
2582 854 2709 892 vero
2744 852 3022 896 certamen
3055 844 3384 899 conseritur.
3418 845 3570 908 Quod
3601 865 3724 902 cum

2146 925 2452 983 Bacehinus
2490 931 2604 999 ipse
2653 942 2706 987 et
2744 935 2835 1000 qui
2869 949 2989 986 cum
3035 934 3127 988 illo
3171 947 3330 990 erant.
3368 952 3726 1008 conspexere,

2141 1022 2345 1075 omisso
2395 1021 2628 1089 Joanne,
2669 1027 2733 1076 ad
2787 1027 3168 1094 imperatorem
3215 1044 3380 1084 cursu
3428 1033 3728 1088 contende-

2143 1125 2289 1168 runt.
2323 1115 2501 1185 Atque
2528 1117 2652 1171 inde
2689 1117 2947 1174 horribile
2975 1121 3102 1188 quid
3142 1121 3329 1177 videre
3361 1133 3499 1181 erat.
3524 1123 3724 1179 Verum

2138 1206 2349 1274 abjecta
2441 1210 2688 1278 protinus
2766 1209 2919 1263 hasta
2989 1212 3288 1282 imperator
3373 1230 3557 1268 ensem
3619 1232 3728 1284 quo

2138 1299 2418 1353 accinctus
2477 1309 2593 1353 erat
2632 1301 2904 1372 stringens
2942 1303 3188 1357 crebrius
3253 1303 3304 1356 itt
3365 1319 3460 1358 eos
3516 1317 3722 1370 versat,

2137 1387 2262 1442 ferit
2318 1389 2555 1444 vicissim
2618 1401 2673 1444 et
2737 1392 2962 1456 feritur;
3013 1393 3184 1447 donec
3247 1393 3520 1462 dissipatis
3576 1396 3719 1461 aliis,

2137 1480 2188 1534 lu
2253 1481 2423 1535 illum-
2473 1493 2529 1536 et
2606 1481 2973 1546 Bacchiuum,
3027 1483 3345 1540 fortitudine
3403 1487 3713 1554 prmeellcnr

2135 1584 2240 1628 tem
2274 1584 2327 1628 et
2360 1591 2589 1644 procero
2613 1577 2903 1630 admodum
2926 1592 3154 1645 corpore
3185 1577 3384 1642 virum,
3416 1586 3524 1635 tota
3551 1581 3719 1648 pra-lii

2132 1666 2215 1720 vis
2263 1666 2420 1735 112
2478 1668 2746 1721 incubuit.
2797 1665 2925 1720 Post
2983 1666 3200 1738 longum
3256 1683 3386 1734 ergo
3439 1680 3718 1724 certamen

2133 1754 2438 1812 Bacehiuus
2471 1756 2748 1812 maxillam
2787 1757 3136 1824 imperatoris
3177 1757 3357 1826 gladio
3389 1760 3663 1828 percussit
3696 1779 3712 1816 :

451 1839 572 1892 ττὸν
617 1833 709 1908 ἦν.
744 1839 908 1894 Ἀλλὰ
943 1841 1199 1910 βασιλεὺς
1246 1844 1308 1897 τὸ
1354 1847 1454 1916 μὲν
1485 1826 1616 1918 δόρυ
1650 1826 1860 1921 μεθίει,
1901 1826 1938 1908 ὃ⁷
1968 1856 2014 1909 δὲ

2130 1872 2233 1912 nec
2257 1868 2436 1912 tamen
2462 1857 2736 1911 dissecare
2757 1857 2931 1925 potuit
2952 1857 3267 1926 depcndcus
3288 1874 3352 1913 ex
3377 1860 3528 1928 galea
3553 1877 3718 1931 super

441 1933 772 2004 παρήρτητο
843 1932 997 2002 ξίφος
1061 1936 1296 2002 ἑλκύσας
1366 1944 1565 1996 ,πυκνά
1646 1946 1781 2018 παρ’
1840 1949 2025 2014 αὐτοῖς

437 2027 742 2096 ἐστρέφετο
769 2029 949 2082 παίων
984 2030 1072 2083 ἀεὶ
1108 2033 1200 2084 καὶ
1228 2034 1550 2102 παιόμενος,
1575 2037 1680 2102 ἕως
1714 2040 1823 2094 τῶν
1847 2043 2024 2096 ἄλλων

439 2121 852 2176 σκεδασθέντων
876 2124 956 2184 εἰς
981 2124 1145 2178 αὐτόν
1182 2143 1242 2178 τε
1273 2129 1368 2180 καὶ
1399 2129 1661 2200 Βακχτνον
1687 2133 1752 2186 τὰ
1779 2135 1878 2204 τῆς
1915 2137 2022 2206 μά-

436 2231 538 2285 χης
585 2216 924 2287 ἀπεκρίνατο
962 2217 1169 2287 πάσης,
1193 2219 1418 2292 ἀνδρείᾳ
1448 2240 1508 2275 τε
1562 2224 1888 2297 διαφέροντα
1929 2231 2022 2284 καὶ

437 2307 656 2378 σώματι
713 2310 938 2381 μεγάλῳ
974 2313 1032 2375 ἐς
1067 2312 1208 2380 ἄγαν
1246 2319 1610 2388 κεχρημένον.
1646 2319 1794 2376 Μετά
1819 2323 2021 2396 πολλὴν

433 2402 567 2470 γοῦν
599 2420 723 2457 τινα
760 2403 1086 2476 συμπλοκὴν
1119 2407 1389 2478 Βακχῖνος
1425 2413 1523 2480 μὲν
1557 2411 1636 2482 τῷ
1673 2414 1890 2484 βασιλεῖ
1918 2419 2020 2488 τῆς

432 2495 686 2563 σιαγόνος
729 2497 790 2550 τὸ
822 2496 976 2566 ξίφος
1005 2499 1360 2568 κατενεγκὼν
1392 2502 1648 2573 ἔπληξεν,
1687 2507 1748 2559 οὐ
1776 2507 1884 2580 μὴν
1923 2513 2018 2563 καὶ

429 2587 672 2642 διελάσαι
700 2590 761 2642 τὸ
788 2591 853 2642 ἐκ
878 2589 970 2642 τοῦ
1013 2593 1246 2660 κράνους
1272 2594 1366 2646 ἐπὶ
1401 2594 1500 2658 τὰς
1527 2595 1680 2664 ὄψεις
1705 2600 2016 2670 ἠρτημένον

426 2681 669 2752 ἠδυνήθη
692 2683 1122 2754 παραπέτασμα.
1144 2684 1300 2738 Οὕτω
1323 2687 1505 2757 μέντοι
1542 2691 1738 2761 ἰσχυρὰ
1767 2695 1799 2763 ἠ
1827 2694 2012 2769 πληγὴ

429 2774 683 2841 γέγονεν,
711 2774 786 2837 ὼς
819 2777 949 2838 τοὺς
987 2776 1215 2844 κρίκους
1264 2779 1472 2842 ἱκανῶς
1514 2783 1580 2852 τῇ
1631 2783 1798 2852 σαρκὶ
1829 2787 2014 2860 ἐνιζή-

432 2884 634 2928 σαντας
687 2869 779 2920 ἐπὶ
831 2867 1082 2922 πλεῖστον
1124 2871 1533 2941 ἐκτυπωθῆναι.
1578 2875 1638 2927 '0
1668 2876 1722 2929 δὲ
1755 2877 2012 2948 βασιλεὺς

430 2960 530 3027 τῆς
560 2961 742 3030 χειρὸς
793 2960 886 3014 τὸν
934 2960 1212 3032 βάρϐαρον
1253 2965 1589 3034 ἀφελόμενος
1635 2968 1712 3038 τῷ
1759 2968 1902 3037 ξίφει
1932 2972 2010 3044 τῷ

434 3051 708 3122 ἐξαδέλφῳ
735 3052 1028 3123 παρεδίδου
1064 3057 1269 3125 φέρων,
1301 3056 1330 3106 6
1360 3056 1417 3108 δὲ
1452 3058 1543 3110 καὶ
1582 3059 1743 3113 πάλιν
1767 3064 1859 3116 ἐπὶ
1879 3065 2006 3129 τοὺς

2129 1951 2319 2008 oculos
2351 1951 2620 2005 velanu-u.
2653 1952 2800 2004 Adco
2823 1963 3002 2005 autem
3038 1954 3334 2009 vehemens
3361 1955 3502 2010 ictus
3535 1956 3634 2010 fuit
3658 1966 3719 2012 ut

2128 2044 2294 2108 galeae
2323 2043 2512 2098 circuli
2551 2058 2653 2096 non
2681 2044 2889 2097 modice
2911 2045 3060 2096 carui
3089 2045 3418 2101 iuluererent
3449 2057 3716 2115 notasque

2127 2135 2506 2204 imprimerent
2537 2151 2550 2187 :
2583 2144 2637 2187 at
2683 2134 2934 2202 princeps
2975 2142 3253 2203 arreptum
3294 2149 3326 2190 e
3353 2137 3566 2192 barbari
3601 2154 3722 2191 ma-

2127 2227 2286 2279 nibus
2337 2239 2520 2278 ensem
2563 2223 2790 2293 patrueli
2833 2237 2932 2278 suo
2963 2224 3209 2279 tradidit.
3244 2225 3375 2280 Inde
3422 2226 3622 2282 iterum
3660 2227 3714 2281 iu

2127 2317 2340 2372 hostem
2376 2315 2709 2370 contendere
2744 2315 3118 2370 vehementius
3157 2315 3448 2385 gestiebat,
3482 2317 3578 2372 sed
3615 2317 3710 2370 itu-

2122 2419 2308 2478 petum
2372 2405 2659 2461 inhibuere
2707 2415 2938 2475 uterque
2986 2403 3228 2463 Joannes
3274 2415 3330 2462 et
3385 2406 3711 2462 Bacchinus.

2123 2499 2334 2567 Quippe
2365 2507 2561 2564 captus
2590 2496 2857 2551 barbarus
2907 2497 3338 2552 benevolentiam
3367 2498 3660 2555 simulabat
3694 2515 3710 2554 :

2119 2590 2330 2658 capillis
2366 2589 2529 2659 igitur
2557 2587 2750 2656 capitis
2782 2587 2862 2660 sui
2895 2591 3128 2644 ostensis
3149 2590 3422 2658 ingentem
3449 2591 3713 2647 innuebat

2120 2682 2198 2737 illi
2228 2695 2585 2736 occursuram
2638 2679 3063 2734 multitudinem.
3093 2681 3168 2735 E0
3201 2683 3253 2735 in
3283 2683 3470 2750 praelio
3499 2685 3712 2740 duobus

2119 2772 2170 2827 in
2213 2788 2317 2825 una
2385 2785 2548 2825 manu
2602 2770 2784 2839 digitis
2830 2770 3078 2839 privatus
3130 2782 3215 2827 est
3272 2771 3706 2829 Cantacuzenus-

2115 2864 2358 2918 Tandem
2405 2863 2764 2934 quadraginta
2796 2862 3016 2918 circiter
3063 2864 3292 2933 captivis
3327 2866 3396 2919 ho
3432 2867 3577 2922 tibus
3606 2867 3705 2921 ad-

2113 2956 2293 3012 ductis
2345 2955 2399 3009 in
2445 2963 2626 3010 castra
2669 2969 2926 3010 reversus
2966 2965 3050 3011 est
3106 2957 3425 3027 imperator.
3463 2955 3536 3011 lbi
3582 2974 3706 3014 cum

2111 3049 2280 3104 subiit
2324 3049 2469 3102 illius
2503 3047 2787 3110 memoria,
2829 3063 2988 3116 quem
3020 3049 3180 3116 paulo
3209 3061 3335 3102 ante
3367 3060 3703 3120 prostratum

434 3145 729 3214 πολεμίους
777 3148 1082 3214 ἐσφάδαζεν
1125 3151 1304 3204 ἰέναι·
1345 3152 1460 3204 ἀλλ’
1493 3155 1793 3228 ἀμφοτέρω
1832 3177 1891 3212 τε
1929 3160 2008 3215 τὼ

2120 3155 2168 3198 et
2201 3143 2357 3210 signo
2389 3142 2536 3196 circa
2569 3141 2756 3195 oculos
2791 3152 3033 3195 notatum
3069 3141 3383 3210 reliquerat.
3406 3143 3558 3198 Hunc
3578 3159 3709 3213 ergo

444 3233 662 3288 Ίωὰννα
696 3238 792 3290 καὶ
837 3238 1102 3308 Βακχῖνος
1149 3243 1178 3293 6
1230 3242 1506 3312 βάρϐαρος
1546 3247 1799 3316 ἐπισχεῖν
1859 3251 2009 3322 αὐτῷ

425 3327 525 3393 τὴν
557 3328 732 3399 ὁρμὴν
760 3332 1010 3401 ῐσχυσαν.
1052 3333 1193 3402 Ἤδη
1221 3337 1331 3402 γὰρ
1362 3337 1424 3388 τὸ
1458 3335 1652 3392 εὔνουν
1687 3342 1896 3406 ἐκεῖνος
1923 3345 2010 3397 δε-

424 3421 768 3492 δουλωμένος
823 3425 1247 3494 ἐσχηματίζετο.
1291 3428 1402 3491 Τὰς
1456 3426 1552 3483 οὖν
1607 3431 1710 3502 τῆς
1764 3436 2009 3507 κεφαλῆς

421 3515 575 3584 αὐτῷ
601 3515 795 3587 τρίχας
823 3516 1144 3582 ὑποδεικνὺς
1169 3519 1425 3574 ἐντεῦθέν
1451 3539 1567 3586 πως
1585 3524 1645 3577 τὸ
1675 3526 2009 3583 ὑπαντιάσον

420 3609 573 3678 αὐτῷ
629 3609 833 3679 πλῆθος
882 3612 1312 3682 ὑπεσημαίνετο.
1361 3615 1450 3666 Ἐν
1499 3615 1677 3687 τούτῳ
1725 3619 1802 3689 τῷ
1858 3622 2008 3693 πόνῳ

419 3701 570 3753 δυοῖν
596 3701 625 3753 6
660 3702 1118 3778 Καντακουζηνὺς
1149 3705 1440 3760 δακτύλοιν
1478 3706 1713 3779 θατέρας
1742 3713 2007 3784 ἐστέρητο

419 3794 629 3863 χειρός.
669 3794 932 3857 Βασιλεὺς
984 3797 1040 3850 δὲ
1081 3797 1225 3866 ἀμφὶ
1279 3799 1684 3868 τετταράκοντα
1727 3805 2007 3874 πολεμίων

419 3887 774 3954 ὑπαγόμενος
804 3887 1184 3957 δορυαλώτους
1209 3889 1304 3944 ἐπὶ
1334 3889 1397 3943 τὸ
1423 3893 1795 3962 στρατόπεδον
1815 3890 2003 3966 ἦλθεν.

418 3977 550 4029 Ὅτε
594 3979 657 4048 δὴ
685 3980 945 4032 κάκείνου
989 3982 1072 4044 εἰς
1113 3982 1341 4051 μνήμην
1386 3983 1577 4044 ἐλθὼν,
1606 3985 1667 4038 ὃν
1697 3987 1795 4058 ἤδη
1831 4006 2004 4043 κατα·

368 4100 372 4103 -
417 4071 601 4124 ϐαλὼν
630 4074 694 4125 ἐκ
723 4072 818 4126 τοῦ
854 4074 996 4127 κατά
1027 4074 1118 4127 τὸν
1145 4075 1427 4145 ὀφθαλμὸν
1458 4079 1734 4148 ἐπισήμου
1761 4081 2006 4151 παρῆλθε

415 4165 968 4235 τεκμηριωσάμενος,
1013 4167 1271 4236 ἀνεζήτει
1297 4169 1488 4223 τοῦτον
1521 4172 1614 4224 ἐπὶ
1647 4171 1740 4226 τοῦ
1767 4191 2001 4245 στρατο-

415 4259 583 4311 πέδου
619 4259 682 4311 τδ
722 4261 953 4328 σημεῖον
1000 4260 1206 4314 εἰπών·
1255 4263 1475 4330 ἐγένετο
1533 4266 1717 4320 τοίνυν
1752 4269 2006 4333 κάκεῖνος

413 4362 511 4413 καὶ
541 4359 884 4434 ἁνεγνὼριζε
909 4361 1003 4416 τὸν
1051 4365 1377 4434 νενικηκότα
1417 4367 1513 4420 καὶ
1580 4368 2006 4440 ἀνεγνωρίζετο.

2117 3236 2356 3290 indicato
2407 3233 2561 3302 signo
2617 3232 2866 3301 quaesivit
2919 3233 2973 3286 in
3023 3234 3267 3287 castris:
3310 3235 3400 3302 qui
3454 3235 3705 3289 inventus

2116 3331 2338 3396 agnovit
2369 3326 2626 3380 vietor-em
2661 3336 2714 3379 et
2739 3325 2976 3379 vicissim
3005 3324 3072 3379 ab
3105 3325 3196 3380 illo
3217 3325 3434 3394 agnitus
3462 3338 3566 3381 est.
3589 3325 3704 3382 Nec

2116 3420 2186 3474 ita
2220 3419 2390 3472 multo
2417 3427 2533 3486 post
2561 3417 2721 3487 legati
2767 3417 2833 3470 ab
2878 3417 3263 3485 Archizupano
3311 3417 3362 3470 in
3397 3429 3574 3472 castra
3609 3435 3702 3472 ve-

2116 3519 2336 3576 nerunt,
2374 3510 2464 3578 qui
2518 3509 2918 3578 prarteritorum
2966 3509 3290 3564 oblivionem
3335 3510 3700 3580 deprecaren-

2117 3613 2203 3658 tur
2245 3621 2259 3657 :
2295 3601 2591 3670 statimque
2634 3600 2857 3670 juberte
2905 3599 3150 3670 principe
3184 3601 3332 3655 venit
3386 3602 3501 3672 ipse
3533 3604 3696 3658 mise-

2113 3695 2267 3749 randi
2296 3693 2532 3747 hominis
2553 3707 2615 3745 ac
2633 3691 2892 3760 supplicis
2921 3692 3109 3746 habitu
3135 3707 3150 3746 :
3177 3701 3339 3761 atque
3367 3696 3432 3746 ab
3456 3693 3698 3762 impera-

2115 3797 2231 3842 tore
2264 3785 2522 3841 benevole
2542 3796 2806 3855 exceptus
2842 3787 3048 3840 veniam
3079 3785 3256 3840 delicti
3279 3786 3534 3841 obtinuit.
3556 3787 3693 3842 Tum

2110 3877 2384 3949 paulisper
2405 3877 2562 3948 113
2590 3879 2657 3932 ab
2690 3879 2851 3931 humo
2885 3892 3206 3948 exsurgens,
3239 3877 3327 3933 ubi
3369 3880 3436 3932 ad
3463 3879 3701 3949 impera-

2113 3970 2249 4026 toris
2297 3970 2462 4040 pedes
2507 3979 2811 4039 prostratus
2855 3968 3105 4038 jacebat,
3136 3969 3491 4039 jurejurando
3543 3980 3698 4040 pacta

2110 4060 2458 4116 confirmavit
2486 4060 2757 4129 fidemque
2787 4060 2936 4115 dedit
2970 4076 3185 4116 servum
3231 4077 3289 4115 se
3320 4060 3697 4116 Romanorum

2109 4153 2257 4208 omni
2293 4163 2539 4223 tempore
2590 4150 2859 4218 futurum,
2895 4159 2948 4204 el
2984 4151 3028 4205 si
3076 4151 3127 4204 in
3161 4150 3515 4205 Occidentem
3541 4167 3693 4205 arma

2109 4258 2366 4328 princeps
2417 4254 2840 4316 circumferret,
2905 4269 3030 4309 cum
3075 4255 3287 4308 duobus
3343 4269 3402 4310 se
3457 4254 3698 4309 millibus

2109 4373 2425 4419 secuturum
2486 4361 2636 4415 illum
2691 4359 2974 4430 professus
3025 4373 3109 4416 est
3144 4379 3158 4415 :
3189 4360 3234 4415 si
3293 4375 3422 4416 vero
3474 4361 3524 4413 in
3567 4361 3696 4415 Asia

412 4461 530 4514 Οὐκ
560 4462 640 4524 είς
665 4463 884 4532 μακρὰν
915 4463 972 4516 δὲ
1003 4464 1264 4535 πρέσϐεις
1295 4470 1448 4536 παρά
1467 4467 1562 4521 τοῦ
1594 4469 2002 4540 ἀρχιξουπάνου

2120 4470 2312 4526 bellum
2337 4477 2637 4538 gereretur,
2680 4467 2941 4522 trecentis
2973 4481 3112 4537 quos
3142 4467 3291 4535 prius
3325 4467 3541 4521 mittere
3564 4482 3696 4532 cnn-

411 4567 508 4619 ἐπὶ
540 4568 601 4620 τὸ
639 4569 1014 4637 στρατόπεδον
1049 4570 1232 4624 ἵκοντο
1275 4573 1581 4644 ἀμνηστίαν
1620 4575 1772 4646 αὖτῴ
1806 4578 1995 4631 κακῶν

410 4674 810 4745 ιξαιτοῦμενοι.
883 4676 992 4730 Καὶ
1045 4677 1110 4747 δὴ
1166 4677 1433 4747 βασιλέως
1474 4680 1836 4746 κελεύσαντος
1890 4678 1995 4756 ἦκε

413 4781 556 4851 μετά
591 4782 788 4852 μικρὸν
817 4783 845 4834 6
878 4783 1022 4855 ἀνὴρ
1059 4784 1249 4857 ἱκέτην
1281 4787 1518 4842 ὲὶεεινδν
1543 4788 1736 4844 ἑαυτὸν
1757 4791 1997 4862 παρεχό-

415 4906 602 4958 μενος.
635 4892 745 4944 Καὶ
777 4892 1034 4962 βασιλεὺς
1071 4893 1172 4962 μὲν
1201 4893 1514 4949 ίιετεύοντα
1549 4897 1998 4967 προσηκάμενος,

410 4984 593 5052 ἀφῆκε
630 4984 805 5053 τούτῳ
849 4985 949 5056 τὴν
977 4987 1292 5055 ἁμαρτάδα.
1340 4988 1401 5040 ’0
1432 4988 1488 5042 δὲ
1519 4989 1610 5042 τοῦ
1643 4989 1877 5060 ἐδάφους
1912 5008 2002 5060 μι-

409 5075 542 5140 κρλιν
610 5073 938 5137 ἀνανεύσας,
999 5073 1130 5126 ἔνθα
1179 5075 1285 5145 πρὸ
1335 5075 1444 5128 τῶν
1487 5076 1754 5147 βασιλέως
1820 5079 1999 5133 ποδῶν

411 5165 572 5233 ίχνῶν
607 5164 786 5218 ἔκειτο
813 5165 1138 5220 καταϐαλὼν
1159 5167 1372 5232 ἑαυτὸν,
1394 5169 1581 5240 ὅρκοις
1601 5169 1670 5222 τὰ
1687 5171 1989 5240 δεδογμένα

407 5257 660 5321 ἐπίστου,
701 5259 889 5323 δοῦλος
929 5262 988 5322 ἐς
1051 5259 1148 5312 τὸν
1209 5262 1389 5314 πάντα
1430 5261 1654 5316 ἔσεσθαι
1699 5263 1994 5333 Ῥωμαίοις

407 5352 579 5404 αἰῶνα
644 5352 913 5422 βεϐαιῶν·
983 5352 1089 5406 κᾶν
1137 5353 1240 5418 μὲν
1281 5355 1374 5406 ἐπὶ
1410 5353 1508 5424 τὴν
1550 5355 1792 5426 ἑσπέραν
1828 5373 1993 5426 στρα-

404 5444 610 5504 τεύοιε,
647 5446 747 5497 σὺν
775 5445 1060 5515 δισχιλίοις
1090 5445 1326 5500 ἕπεσθαι
1359 5447 1654 5516 ὡμολόγει,
1689 5447 1991 5516 πολεμοῦσί

403 5554 467 5603 γε
507 5537 615 5606 μὴν
649 5539 745 5591 ἐπὶ
772 5538 876 5610 τῆς
913 5537 1103 5602 Ἀσίας
1125 5539 1258 5608 πρὸς
1292 5534 1374 5601 οἷς
1408 5541 1470 5592 τὸ
1501 5541 1768 5609 πρότερον
1807 5537 1989 5592 εἰώθει

400 5631 743 5695 τριακοσίοις
813 5631 907 5681 καὶ
968 5630 1280 5694 διακοσίους
1319 5633 1419 5700 ἤδη
1477 5631 1985 5701 προσεπιπέμπειν.

2106 4585 2363 4630 sueverat
2419 4573 2684 4627 ducentos
2742 4572 3074 4626 additurum.
3108 4571 3202 4627 llis
3257 4570 3416 4626 rebus
3456 4570 3695 4626 feliciter

2103 4680 2275 4749 gestis
2325 4677 2855 4746 Constantinopolim
2899 4677 3194 4747 imperator
3225 4681 3440 4731 rursuut
3489 4678 3672 4734 rediit.

2105 4785 2305 4840 Eodem
2340 4794 2584 4853 tempore
2617 4783 2815 4839 classis
2853 4782 3020 4838 relata
3055 4795 3143 4839 est
3173 4783 3519 4854 Byzantium,
3545 4783 3692 4839 nullo

2106 4892 2158 4945 in
2189 4891 2338 4945 Italia
2374 4887 2623 4946 confecto
2654 4889 2894 4960 negotio.
2926 4888 3001 4943 Ita
3053 4891 3273 4960 quidem
3316 4889 3687 4944 Romanorum

2103 4987 2392 5055 imperium
2420 4999 2693 5055 agnovere
2727 4985 3006 5047 Dalmatae,
3034 4996 3093 5039 ut
3125 4995 3180 5039 et
3210 4985 3371 5056 longo
3405 4994 3527 5054 post
3549 4994 3690 5038 tent-

2102 5095 2254 5147 pnrc,
2287 5093 2409 5132 cum
2456 5076 2651 5131 Uresin
2712 5078 3019 5146 principatu
3081 5077 3486 5140 deturbassent,
3523 5085 3690 5143 atque

2102 5171 2276 5224 inscio
2312 5171 2642 5238 imperatore
2670 5168 2820 5222 illum
2857 5169 3016 5222 alteri
3060 5169 3178 5234 ejus
3233 5168 3390 5222 fratri
3429 5166 3688 5220 tradidis-

2096 5274 2249 5327 sent;
2285 5263 2464 5327 veriti,
2498 5274 2554 5317 ut
2592 5278 2688 5331 par
2737 5273 2877 5325 erat,
2916 5277 2982 5315 ne
3037 5264 3083 5316 is
3137 5261 3270 5330 ipsis
3311 5269 3683 5323 succenseret,

2098 5355 2236 5408 Dcse
2268 5365 2319 5408 et
2349 5353 2508 5408 Urcsi
2544 5355 2816 5420 adductis,
2857 5354 2922 5406 ad
2948 5371 3070 5407 eum
3112 5361 3396 5417 venerunt,
3430 5352 3686 5406 dictitan-

2097 5457 2179 5499 tes
2209 5448 2256 5499 ei
2292 5447 2377 5500 cui
2431 5445 2832 5516 sulTragaturus
2885 5447 2973 5500 ille
3026 5446 3183 5508 foret,
3216 5459 3337 5500 sese
3382 5444 3679 5511 paritur-os.

2099 5537 2453 5590 Pronuntian
2486 5539 2650 5606 igitur
2672 5539 2903 5606 judicio,
2930 5537 3118 5590 Uresis
3149 5535 3354 5605 prmutii
3385 5535 3500 5588 vice
3524 5534 3679 5604 prin-

2094 5633 2178 5698 εἰν
2218 5640 2329 5684 tum
2365 5634 2431 5684 ah
2459 5632 2786 5697 imperatore
2815 5631 3072 5684 obtinuit.
3106 5630 3210 5684 Sed
3243 5631 3310 5684 de
3341 5629 3428 5683 his
3465 5638 3673 5698 postea.

403 5723 590 5774 Ταῦτα
623 5725 1006 5792 κατωρθιιικὼς
1041 5725 1297 5794 βασιλεὺς
1327 5727 1418 5777 ἐπὶ
1442 5726 1540 5794 τὴν
1592 5725 2008 5778 Κωνσταντίνου
2048 5725 2428 5795 πιλιιιδρομεῑ.
2480 5723 2572 5776 Ἐν
2634 5723 2810 5793 τούτῳ
2843 5725 2900 5775 δέ
2954 5725 3047 5776 καὶ
3083 5726 3112 5776 ὁ
3136 5723 3321 5785 στόλος
3367 5722 3477 5773 τῶν
3525 5718 3675 5787 titin

402 5819 465 5886 τῇ
490 5817 690 5890 Ἰταὶίᾳ
717 5817 1202 5889 διαπεπραγμένος
1228 5818 1382 5871 οὐδὲν
1417 5822 1470 5883 ἐς
1538 5817 1832 5881 Βιζάντιον
1891 5812 2044 5888 ἦλθε.
2089 5819 2377 5888 Δαλμάται
2408 5817 2594 5886 μέντοι
2626 5815 2769 5869 οὕτω
2792 5816 2856 5887 δὴ
2891 5817 2947 5869 τὸ
2972 5817 3026 5882 ἐς
3048 5816 3351 5885 Ῥωμαίους
3387 5815 3669 5886 ἐτήρησαν
