4058 6472
419 399 525 463 ιιι

1684 403 2010 468 ΙΟᾹΝΝΙΞ
2047 401 2381 464 CINNAMI

3581 401 3691 466 448

421 523 725 577 memoratu
748 514 969 587 dignum
997 528 1119 571 esse
1147 515 1406 570 arbitror.
1433 515 1567 571 Cum
1594 519 1737 572 enim
1774 517 1840 570 ab
1869 516 2010 571 Savo

2135 529 2280 566 μνεκα
2317 511 2412 566 καὶ
2447 511 2541 566 τοῦ
2595 510 2939 586 εὐψυχότατοι
2983 511 3291 583 Ῥωμαίους
3344 514 3486 585 ἀμφ’
3543 513 3699 587 αὑτῷ

426 619 698 669 statueret
727 609 1030 673 discedere,
1060 624 1168 678 quo
1197 609 1473 679 llungaris
1498 621 1830 677 occurreret,
1854 627 2011 666 vasa-

432 719 539 774 qtte
570 703 681 769 jam
714 699 1026 766 collegisset
1054 739 1068 762 ,
1102 701 1388 769 imperavit
1421 702 1635 755 navium
1671 702 1925 768 praifecto
1955 708 2013 755 ut.

433 792 492 847 in
527 793 756 845 alteram
788 788 939 844 ﬂuvii
969 791 1142 859 ripam
1176 791 1453 858 trajicerct
1481 793 1663 860 ibique
1693 795 2014 847 consisteret

431 896 556 936 cum
594 884 842 951 navibus,
900 896 965 935 ac
995 881 1041 937 si
1081 883 1204 951 quis
1232 898 1297 936 ex
1336 882 1591 938 Immanis
1636 884 1814 952 fugam
1843 885 2016 938 medi-

434 982 582 1028 tatus
615 987 673 1027 se
704 971 880 1041 trajici
909 972 1228 1042 postularet,
1256 975 1411 1043 quasi
1446 991 1550 1028 non
1584 976 1795 1030 videret
1834 977 2015 1030 homi-

434 1081 560 1118 nem
597 1067 730 1118 nihil
765 1074 1094 1120 moraretur.
1137 1083 1156 1118 ι
1197 1065 1292 1118 Vel
1326 1067 1368 1121 si
1398 1068 1513 1135 ipse
1538 1109 1553 1133 ,
1589 1069 1807 1133 aiebat,
1843 1069 2018 1138 impe-

437 1166 590 1210 rator
620 1155 820 1222 adero,
855 1157 1068 1225 aliaque
1117 1172 1182 1210 ac
1212 1159 1371 1211 modo
1410 1159 1662 1213 videntur
1698 1161 1749 1213 iu
1779 1161 2017 1214 animum

435 1249 746 1312 induvero,
802 1249 1165 1319 quaejussero
1215 1250 1460 1320 negligas
1516 1266 1742 1308 necesse
1791 1261 1894 1319 est,
1933 1253 2017 1308 sin

442 1354 602 1395 sccus
635 1339 852 1406 feceris,
886 1341 1146 1396 continuo
1176 1341 1298 1408 palo
1327 1343 1521 1397 affixus
1557 1345 1877 1414 supplicium
1914 1362 2020 1402 non

438 1431 688 1502 ell‘ugies.
724 1449 743 1484 ι
779 1433 852 1486 Ea
881 1435 1098 1502 quidem
1133 1435 1220 1488 ille
1274 1435 1352 1490 sic
1387 1446 1495 1490 ttun
1533 1438 1825 1501 ordinavit,
1868 1448 1925 1492 ut
1955 1441 2018 1490 ad

439 1523 722 1575 audaciam
741 1530 792 1576 et
806 1524 1309 1592 magnanimitatem
1328 1527 1552 1584 aditum.
1570 1529 2020 1595 quemadmodum

442 1612 700 1677 diximus,
755 1614 1019 1670 militibus
1059 1616 1456 1684 quodammodo
1483 1618 1703 1673 faceret.
1755 1618 1853 1674 Ubi
1880 1622 2021 1673 enim

445 1703 656 1758 nullum
684 1719 749 1760 ex
773 1716 920 1761 metu
952 1710 1331 1778 compendium
1364 1712 1535 1786 adeSl,
1560 1723 1671 1764 ltlut
1702 1713 1769 1765 ab
1803 1714 2026 1767 audacia

452 1798 769 1853 necessario
796 1803 1094 1870 petendum
1126 1812 1209 1857 est
1235 1803 1521 1858 auxilium.
1593 1804 1811 1858 Abittun
1845 1806 2025 1873 itaque

442 1891 572 1945 inde
615 1894 830 1960 paranti
861 1895 1080 1963 quidam
1133 1910 1162 1947 a
1213 1895 1473 1950 Romanis
1523 1898 1790 1964 captivis,
1823 1900 1914 1967 qui
1955 1899 2022 1952 ab

439 1982 710 2054 llungaris
736 1996 1005 2050 evaserat,
1025 1986 1246 2056 jamjam
1281 1988 1639 2041 adventurum
1668 2005 1846 2059 regem
1883 1990 2024 2042 iudi-

438 2084 551 2132 cat.
588 2074 702 2131 lloc
750 2087 973 2147 accepto
1011 2079 1170 2149 117
1200 2080 1404 2148 fnuntio
1434 2080 1736 2149 imperator
1770 2081 1853 2134 vix
1900 2097 2023 2136 sese

444 2167 731 2220 continere
768 2169 963 2235 potuit,
990 2171 1197 2224 veritus
1218 2210 1232 2234 ,
1271 2187 1336 2224 ne
1362 2187 1486 2226 cum
1520 2171 1669 2238 prior
1699 2173 1977 2227 adveniret
2006 2211 2023 2237 ,

447 2256 723 2328 fugientes
768 2257 1047 2315 Romanos
1091 2263 1310 2333 aggredi
1339 2264 1614 2319 videretur
1648 2263 2024 2333 Ilungarorum

440 2350 741 2404 exercitus.
771 2349 1034 2408 Ordinata
1063 2353 1227 2424 igitur
1255 2355 1374 2410 acie
1407 2365 1556 2410 retro
1578 2356 1764 2411 cessit.
1800 2355 1868 2410 Ut
1897 2371 2028 2411 vero
2067 2383 2070 2386 ι

447 2443 700 2497 constitit
752 2458 859 2499 non
897 2444 1075 2515 ipsum
1123 2447 1314 2501 adesse
1348 2462 1527 2518 regem
1557 2486 1575 2510 ,
1624 2448 1722 2503 sed
1768 2447 2027 2513 Belosim,

443 2534 538 2604 qtti
597 2535 805 2604 primas
853 2537 996 2606 apud
1042 2551 1167 2593 eum
1216 2539 1500 2594 obtinebat
1549 2539 1778 2609 (Banum
1833 2551 2031 2598 vocant

447 2622 715 2692 ejusmodi
749 2625 1071 2696 dignitatem
1126 2626 1387 2699 llungari)
1421 2630 1862 2700 appropinquare
1903 2648 2028 2688 cum

451 2715 724 2778 exercitu,
763 2715 817 2769 in
849 2731 971 2770 eum
1012 2717 1181 2772 citato
1212 2718 1412 2788 impetu
1450 2719 1646 2777 fertur.
1682 2721 1879 2776 Verum
1906 2737 2029 2778 cum

452 2821 561 2862 nox
592 2808 892 2877 ingrueret,
924 2824 1066 2880 equo
1088 2809 1368 2878 desiliens,
1399 2821 1544 2867 totus
1573 2822 1837 2879 armatus,
1869 2829 2033 2885 super

449 2909 672 2967 inverso
706 2921 764 2966 et
791 2913 987 2982 supino
1023 2914 1214 2986 clypeo
1263 2929 1514 2970 somnum
1549 2918 1734 2986 cepit,
1783 2919 2034 2990 idemque

452 3009 516 3053 ut
549 3001 750 3057 milites
800 3003 1045 3058 facerent
1104 3006 1418 3074 imperavit.
1470 3006 1696 3064 Postcto
1727 3017 1907 3064 autem
1949 3013 2033 3066 die

455 3090 670 3148 Belosis
716 3094 1016 3151 adventare
1070 3097 1370 3167 principem
1423 3100 1624 3154 certior
1673 3101 2033 3166 factus,cum

2111 605 2490 672 ἀγωνιεῖσθαι,
2545 604 2923 674 στρατηγικῆς
2965 604 3186 677 ἥγημαι
3246 607 3492 671 ἐπινοίας
3543 609 3700 675 ἄξιον

2112 695 2276 753 εἶναι.
2317 696 2540 766 Ἐπειδὴ
2573 696 2681 765 γὰρ
2710 696 2821 748 τῶν
2853 697 2995 750 Σὰου
3028 697 3292 766 ναμάτων
3332 696 3591 769 ἀπαίρειν
3617 699 3698 761 ὠς

2118 791 2468 845 ὑπαντιάσων
2501 791 2615 851 τοῖς
2651 788 2844 841 Παίοσι
2871 788 3271 842 συνεσκεύαστο
3305 789 3408 860 ἤδη
3432 829 3446 853 ,
3476 806 3702 860 παρηγ-

2120 885 2229 954 γύα
2255 884 2332 955 τῷ
2355 884 2455 952 τὴν
2489 883 2817 955 στολαρχίαν
2839 882 3337 953 ἐμπεπιστευμένῳ
3364 881 3573 953 θατέρᾳ
3603 884 3701 936 τοῦ

2119 974 2373 1045 ποταμοῦ
2409 974 2545 1046 ὄχθῃ
2573 972 2994 1043 προσεσχηκότα
3027 971 3194 1024 αὑτοῦ
3229 973 3325 1026 σὺν
3349 974 3472 1035 ταῖς
3507 972 3706 1037 ναυσὶν

2117 1066 2396 1130 ἵστασθαι,
2441 1065 2510 1136 ἢν
2567 1065 2624 1117 δέ
2663 1081 2794 1116 ποτε
2835 1061 3130 1132 Ῥωμαίων
3161 1079 3245 1124 τις
3277 1062 3458 1129 φυγὰς
3487 1062 3581 1114 ἐπὶ
3607 1060 3700 1130 τὴδ.

2121 1159 2316 1228 ἑτέραν
2361 1155 2452 1209 ἰὼν
2482 1153 3006 1224 διαπορθμεύεσθαι
3048 1151 3250 1220 ἀξιοίη,
3306 1152 3400 1204 τὸν
3448 1151 3506 1205 δὲ
3567 1152 3707 1205 ἀλλὰ

2125 1251 2260 1320 μηδέ
2293 1251 2427 1318 ὁρᾷν
2494 1247 2910 1318 προσποιεῖσθαι
2977 1246 3069 1298 τὸν
3153 1245 3468 1316 ἄνθρωπον.
3524 1263 3543 1296 ι
3584 1246 3711 1298 Κᾶν

2123 1343 2309 1404 αὑτὸς,
2346 1343 2524 1410 ἔλεγε,
2563 1342 2879 1410 παρέσομαι
2931 1338 3186 1410 βασιλεῦς
3218 1339 3385 1408 ἕτερα
3417 1338 3525 1391 τῶν
3561 1355 3708 1408 παρ-

2123 1434 2292 1486 όντων
2322 1435 2600 1502 ελόμενοτ,
2643 1431 3174 1502 ἀποπροσποιεῖσθαί
3223 1448 3284 1484 σε
3331 1431 3458 1494 τοὺς
3509 1429 3709 1498 λόγους

2124 1525 2324 1597 χρεὼν,
2385 1527 2416 1594 ἢ
2468 1529 2572 1596 μὴν
2623 1525 2696 1594 μὴ
2761 1525 2906 1578 οῦτω
2967 1523 3140 1576 ποιῶν
3200 1524 3293 1577 τὸν
3351 1524 3549 1577 αὐτίκα
3606 1523 3712 1576 οὑκ

2127 1619 2368 1689 ἐκφεύξῃ
2401 1617 2897 1684 ἀνασκολοπισμόν.
2931 1635 2948 1667 ι
2986 1615 3171 1669 Ταῦτα
3209 1615 3308 1681 μὲν
3363 1611 3464 1668 ὧδε
3523 1613 3712 1667 διετά-

2127 1711 2303 1777 ξατο,
2380 1709 2615 1779 θάρσους
2668 1705 2824 1776 οῗμαι
2905 1706 3080 1779 θύραν
3151 1707 3265 1769 τοῖς
3312 1705 3711 1775 στρατιώταις,

2129 1806 2265 1872 ὅπερ
2305 1803 2405 1872 ἤδη
2461 1801 2622 1870 ἔφην,
2687 1799 2941 1852 ἐντεῦθεν
3004 1797 3358 1865 ὑπανοιγνύς.
3421 1798 3536 1867 Τῆς
3599 1797 3714 1866 γὰρ

2129 1900 2192 1949 ἐκ
2230 1895 2432 1956 δειλίας
2491 1894 2735 1963 ὀνήσεως
2777 1892 2990 1962 οὐδαμῆ
3036 1891 3324 1961 παρούσης
3377 1891 3593 1960 ἀνάγκη
3653 1891 3713 1953 ἐς

2128 1991 2226 2058 τὴν
2290 1989 2385 2040 ἐπὶ¹
2442 1985 2537 2037 τοῦ
2594 1985 2832 2055 θάρσους
2896 1980 3405 2052 μετασκευάζεσθαι
3462 1981 3567 2052 [1³.
3600 1979 3714 2052 67]

2127 2082 2374 2152 ἀρωγήν.
2428 2078 2694 2131 Μέλλοντι
2733 2077 2791 2129 δὲ
2861 2077 2986 2146 ἄρτι
3040 2092 3154 2127 που.
3215 2073 3427 2127 ἐκεῖθεν
3470 2072 3718 2128 ἀπελαύ-

2128 2191 2240 2227 νειν
2307 2166 2413 2243 ἦκὲ
2478 2187 2563 2233 τις
2635 2168 2997 2241 δορυαλώτων
3045 2167 3341 2236 Ῥωμαίων
3408 2167 3585 2236 φυγὰς
3647 2166 3716 2220 ἐκ

2131 2265 2379 2319 Παιόνων
2434 2262 2534 2334 τὴν
2586 2261 2683 2314 τοῦ
2749 2261 2918 2332 ρηγδς
2977 2260 3102 2313 ὅσον
3159 2260 3262 2312 οὑκ
3316 2259 3417 2330 ἤδη
3493 2260 3717 2328 μηνύων

2130 2357 2340 2427 ἔφοδον.
2378 2355 2601 2409 Τούτων
2621 2354 2862 2416 ἀκούσας
2883 2355 2911 2406 ὁ
2933 2351 3191 2422 βασιλεὺς
3231 2352 3420 2405 οὑκέτι
3461 2351 3720 2421 κατέχειν

2130 2450 2324 2506 ἐαυτδν
2351 2442 2464 2513 οἷός
2495 2465 2555 2501 τε
2585 2447 2836 2512 ἐγένετο,
2870 2445 2947 2510 ὡς
2979 2445 3056 2516 μὴ
3090 2445 3357 2516 πρότερον
3386 2443 3721 2513 ἀφικόμενον

2130 2545 2193 2600 τδ
2232 2541 2494 2598 Οὑννικδν
2530 2539 2829 2609 φεύγουσιν
2861 2536 3150 2592 ἐπιθέσθαι
3190 2537 3362 2602 δόξειε
3403 2536 3720 2606 Ῥωμαίοις.

2133 2635 2449 2704 Ταξάμενος
2489 2633 2669 2685 τοίνυν
2707 2629 2906 2701 ἐχώρει
2947 2629 3286 2697 παλίμπους.
3324 2629 3415 2692 Ὠς
3452 2628 3508 2680 δὲ
3553 2629 3580 2681 ὁ
3619 2625 3724 2696 ρὴξ

2137 2729 2237 2799 μὲν
2267 2728 2328 2780 οὑ
2367 2724 2586 2795 παρῆν,
2623 2723 2844 2786 Βέλοσις
2877 2722 2934 2776 δὲ
2968 2724 2996 2776 ὁ
3029 2722 3099 2774 τὰ
3133 2722 3324 2791 πρῶτα
3361 2723 3494 2792 παρ’
3523 2721 3724 2788 ἐκείνῳ

2134 2819 2318 2889 φέρων
2349 2817 2596 2888 (Μπάνον
2624 2815 2735 2886 (49)
2761 2813 2970 2882 ταύτην
2997 2813 3255 2868 καλοῦσιν
3282 2813 3475 2867 Οὑννοι
3500 2815 3600 2883 τὴν
3626 2814 3726 2882 ἀρ-

2133 2914 2260 2984 χὴν)
2288 2911 2352 2965 οὑ
2385 2909 2604 2981 μακρὰν
2635 2903 2774 2961 εἶναι
2804 2905 3128 2976 ἠγγέλλετο,
3163 2907 3367 2976 σπουδῇ
3403 2907 3491 2959 ἐπ’
3515 2908 3724 2959 ἐκεῖνον

2136 3004 2383 3074 ἐφέρετο.
2425 3000 2645 3069 Ἐπειδὴ
2687 3015 2748 3052 τε
2798 2998 3190 3062 συνεσκόταζεν
3231 2998 3332 3068 ἤδη
3357 3038 3370 3058 ,
3413 2998 3509 3050 τοῦ
3553 2998 3724 3050 ἵππου

2137 3095 2349 3158 ἀποϐὰς
2384 3091 2547 3155 αὑτός
2579 3107 2637 3143 τε
2677 3091 2772 3144 ἐπὶ
2801 3091 2903 3161 τῆς
2941 3089 3169 3153 ἀσπίδος
3209 3089 3401 3143 ὑπτίου
3438 3089 3572 3159 πρὸς
3606 3092 3728 3152 τοῖς

453 3186 711 3242 universo
741 3190 982 3245 exercitu
1035 3193 1283 3257 recessit,
1320 3194 1504 3249 nescio
1537 3209 1674 3264 quos
1704 3195 1846 3250 haud
1883 3213 2030 3253 sanae

2135 3191 2320 3252 ’όπλοις
2351 3188 2566 3242 ὕπνωσε
2595 3190 2704 3250 τοῖς
2726 3185 2913 3250 αὑτοῦ,
2939 3187 3033 3239 καὶ
3057 3185 3118 3238 τδ
3149 3185 3464 3255 στράτευμα
3495 3186 3587 3236 ἐπὶ
3612 3188 3729 3248 τοῖς

451 3281 651 3332 mentis
677 3279 942 3336 simulans
962 3293 1276 3351 praetextus.
1299 3284 1418 3351 Quo
1447 3286 1590 3341 enim
1618 3285 1759 3356 fuga:
1786 3298 2032 3357 captaret

452 3369 796 3425 occasionem
820 3412 837 3437 ,
874 3373 1190 3428 mandatum
1237 3375 1344 3431 sibi
1391 3374 1574 3431 aiebat
1604 3392 1633 3430 a
1671 3393 1798 3446 rege
1823 3418 1838 3444 ,
1873 3388 1931 3432 ut
1965 3379 2033 3434 ab

455 3461 561 3516 hac
588 3462 808 3532 regione
836 3464 1184 3532 abscederet,
1224 3467 1438 3536 iterque
1467 3467 1773 3524 intenderet
1805 3471 1869 3524 ad
1896 3469 2034 3524 Bra—

453 3552 703 3608 nizobam
728 3595 744 3621 ,
775 3565 832 3611 ut
863 3557 989 3612 inde
1028 3557 1244 3614 facilius
1272 3558 1549 3614 Romanos
1597 3560 1931 3616 adoriretur.
1966 3561 2036 3615 At

455 3643 776 3714 imperator,
797 3663 919 3704 cum
955 3651 1186 3705 necdum
1223 3650 1494 3721 fugientes
1520 3652 1729 3721 insequi
1762 3662 2028 3718 cessaret,

455 3749 717 3805 superato
749 3740 932 3808 fluvio,
964 3740 1316 3798 Branizobam
1354 3746 1600 3812 pervenit
1641 3745 1822 3813 ibique
1855 3756 2034 3800 castra

465 3828 674 3895 posuit.
711 3829 880 3886 Paulo
916 3841 1038 3902 post
1070 3833 1121 3886 in
1155 3833 1316 3887 aliam
1349 3833 1638 3901 Hungaria:
1671 3846 1908 3905 partem,
1945 3837 2034 3892 ubi

461 3938 621 3979 mons
655 3934 776 3991 est,
807 3924 1053 3984 Temises
1085 3928 1155 3982 ab
1185 3928 1378 3985 incolis
1412 3929 1586 3984 dictus
1607 3970 1624 3996 ,
1669 3945 1777 4000 quo
1805 3941 2042 3987 vastaret

463 4017 772 4088 adjacentes
802 4035 982 4088 agros,
1019 4021 1178 4076 mittit
1213 4036 1337 4075 cum
1371 4023 1612 4076 exercitu
1662 4023 1930 4079 Borizem.
1965 4025 2042 4080 Ex

471 4121 662 4176 eadem
699 4121 789 4176 ille
823 4137 929 4192 qua
959 4122 1124 4179 Geiza
1161 4124 1364 4180 familia
1414 4126 1696 4181 dicebatur
1723 4143 1883 4182 esse:
1918 4144 2044 4198 pro-

459 4225 584 4282 pter
612 4223 792 4270 autem
824 4217 1010 4272 nescio
1059 4233 1221 4288 quam
1277 4218 1608 4275 simultatem
1661 4221 1729 4275 ad
1784 4220 2044 4276 Joannem

467 4307 854 4378 imperatorem
903 4309 1260 4380 profugerat,
1310 4325 1339 4364 a
1370 4326 1478 4380 quo
1527 4321 1580 4366 et
1619 4313 1828 4383 magnis
1871 4312 2042 4368 fuerat

470 4414 662 4458 auctus
693 4405 992 4460 honoribus
1017 4448 1033 4471 ,
1071 4421 1344 4474 unamque
1373 4421 1403 4462 e
1443 4407 1862 4478 consanguineis
1908 4409 2047 4462 obtio

2130 3285 2313 3346 αὑτοῖς
2359 3281 2720 3350 ξυνδιήγαγεν
2771 3278 2941 3332 ᾶπαν.
2989 3279 3068 3346 Τῇ
3118 3277 3164 3330 δ’
3196 3278 3459 3349 ὑστεραίᾳ
3507 3279 3729 3344 Βέλοσις

2135 3378 2234 3449 μὲν
2278 3376 2504 3430 ἐπιόντα
2558 3372 2784 3444 βασιλέα
2837 3371 3146 3440 πυθόμενος
3195 3368 3368 3440 ᾤχετο
3418 3373 3730 3441 πανστρατὶ

2135 3469 2364 3539 σκήψεις
2392 3466 2546 3529 τινὰς
2577 3466 2678 3534 οὐχ
2710 3465 2886 3531 ὑγιεῖς
2919 3462 3276 3525 ἀναπλάσαςο
3310 3462 3586 3531 πρόφασιν
3619 3463 3732 3535 γὰρ

2133 3563 2229 3615 τοῦ
2272 3561 2498 3630 φεύγειν
2534 3557 2964 3628 ἐκποριζὸμενος
3009 3555 3359 3626 μεμηνῦσθαι
3397 3555 3547 3626 αὑτῷ
3591 3556 3732 3627 πρὸς

2135 3655 2231 3708 τοῦ
2274 3655 2439 3723 ama;
2477 3654 2681 3721 ἔφασκε
2717 3651 2814 3718 τῆς
2854 3647 3229 3717 προκειμένης
3263 3649 3610 3702 ἀποκλίνοντι
3653 3648 3731 3714 ὡς

2137 3748 2230 3800 ἐπὶ
2261 3744 2629 3817 Βρανιτζόὸαν
2659 3741 2815 3793 πόλιν
2850 3741 3023 3806 ἰέναι,
3053 3740 3202 3801 ὅπως
3233 3737 3489 3792 ἐντεῦθεν
3524 3739 3732 3807 μᾶλλον

2149 3838 2446 3908 Ῥωμαίοις
2489 3835 2626 3888 ἰέναι
2669 3831 2846 3884 ἐλθεῖν
2884 3830 3049 3884 αὑτὸν
3088 3831 3319 3899 γένοιτο.
3368 3830 3632 3893 Βασιλεὺς
3671 3831 3733 3884 δὲ

2140 3930 2234 3985 τοῦ
2266 3931 2358 3984 καὶ
2390 3929 2501 3981 είσέ
2515 3946 2557 3981 τι
2588 3923 2809 3979 διώκειν
2838 3923 3216 3994 ἀποσχόμενος
3245 3923 3460 3984 ἐπιτὺν
3491 3923 3734 3994 ποταμὸν

2145 4023 2316 4079 ἐλθὼν
2367 4020 2710 4091 ἐπεραιοῦτο,
2755 4021 2814 4071 ἐν
2860 4016 3204 4087 Βρανιτζόϐῃ
3246 4034 3307 4069 τε
3356 4017 3596 4085 γεγονὼς
3642 4019 3734 4068 ὲν·

2146 4117 2321 4171 ταῦθα
2346 4115 2620 4181 ηὐλίζετο.
2653 4111 2849 4180 Ὀλίγῳ
2873 4110 2928 4163 δὲ
2957 4109 3185 4178 ὕστερον
3211 4109 3304 4161 καὶ
3331 4111 3454 4161 κατ’
3474 4109 3602 4162 ἄλλο
3628 4126 3733 4161 που

2147 4210 2244 4280 τῆς
2279 4207 2545 4276 υὺννικῆς
2585 4205 2779 4276 μέρος,
2812 4198 2874 4258 οὗ
2907 4203 2970 4272 δὴ
3003 4202 3064 4254 τὸ
3095 4203 3220 4274 ὅρος
3253 4203 3400 4255 ἐστὶν
3431 4203 3458 4254 ὃ
3487 4202 3732 4271 Τεμίσης

2148 4301 2283 4371 πρὸς
2315 4298 2423 4351 τῶν
2455 4296 2738 4367 ἐγχωρίων
2770 4295 3086 4365 ὠνόμασται
3108 4334 3122 4359 ,
3157 4295 3530 4364 προνομεῦσαι
3560 4294 3734 4346 διανο-

2149 4395 2300 4464 ηθεὶς
2325 4390 2561 4462 Βορίσην
2587 4389 2704 4458 ἅμα
2734 4387 3110 4458 στρατεύματι
3136 4387 3406 4456 ἔπεμπεν,
3434 4387 3492 4448 ὃς
3520 4388 3614 4440 καὶ
3642 4386 3726 4440 αὑ-

467 4507 662 4552 nuerat
691 4512 937 4553 uxorem.
980 4497 1110 4552 Eum
1146 4498 1200 4554 in
1233 4499 1410 4555 locum
1443 4510 1729 4569 postquam
1761 4502 1909 4556 venit
1941 4501 2034 4555 Bo-

2152 4487 2244 4549 τὸς
2275 4485 2340 4537 ἐκ
2363 4482 2471 4535 τῶν
2499 4480 2680 4533 αὑτῶν
2706 4480 2922 4549 ἐλέγετο
2944 4477 3020 4548 τῷ
3049 4477 3230 4548 Ἰατζᾷ
3256 4478 3458 4545 φυῆναι
3487 4477 3734 4547 σπερμά-

465 4588 646 4654 rizes,
700 4588 934 4659 majores
991 4591 1182 4656 vicos,
1236 4590 1534 4645 incolarum
1589 4591 1889 4660 frequentia
1940 4592 2047 4648 late

467 4691 727 4734 extensos
780 4679 1156 4761 omnibusque
1189 4682 1420 4737 refertos
1456 4683 1614 4738 bonis
1660 4685 2047 4740 circumeundo

469 4771 634 4840 118
668 4769 1045 4839 depopulatur.
1093 4771 1171 4825 Ad
1205 4772 1319 4827 haec
1353 4787 1474 4826 cum
1527 4772 1700 4828 trihus
1729 4772 2048 4844 Hungaricis

467 4863 825 4936 phalangibus
853 4863 1126 4920 consertis
1161 4864 1451 4932 manibus,
1481 4865 1668 4921 hostes
1696 4865 1851 4937 plane
1884 4865 2045 4932 fudit,

2151 4599 2285 4648 των,
2313 4578 2457 4633 κατὰ
2483 4576 2708 4641 διένεξιν
2733 4573 2790 4629 δέ
2814 4591 2935 4628 τινα
2950 4574 3007 4636 ἐς
3025 4571 3249 4644 βασιλέα
3280 4571 3530 4641 Ἰωάννην
3557 4571 3735 4639 φυγὰς

2152 4673 2313 4741 ἔτυχε
2351 4665 2531 4737 πολλῷ
2566 4666 2834 4736 πρότερον
2866 4662 3054 4715 ἐλθών.
3089 4660 3148 4713 '0
3188 4659 3245 4713 δὲ
3277 4660 3442 4727 τιμῆς
3473 4677 3532 4710 τε
3577 4661 3720 4725 μετέ-

2152 4765 2328 4819 δωκεν
2356 4758 2560 4819 ἱκανῶς
2590 4755 2688 4809 καὶ
2715 4753 2880 4822 κῆδος
2913 4749 3208 4817 ξυγγενοῦς
3236 4766 3378 4810 τινος
3411 4748 3613 4817 ξυνῆψε
3644 4750 3735 4802 κά-

2158 4876 2257 4932 ρης
2296 4853 2468 4924 αὐτῷ.
2506 4844 2677 4911 Οὗτος
2717 4848 2774 4900 δὲ
2805 4849 2832 4900 ὁ
2867 4843 3098 4914 Βορίσης
3134 4842 3248 4912 (50)
3285 4843 3419 4913 πρὸς
3455 4840 3530 4912 τῷ
3571 4842 3736 4914 χώρῳ

1803 4979 1894 5042 Du
1933 4975 2159 5058 Cangii
2190 4978 2380 5036 noue.

540 5081 650 5156 (49)
687 5079 962 5156 Μίεὰνίυν.
1019 5078 1134 5156 Hoc
1194 5088 1302 5156 es},
1350 5081 1579 5156 ub'amtm.
1631 5083 1818 5137 Solent
1848 5081 2048 5156 quippe

469 5152 640 5208 Graeci
681 5151 710 5202 b
762 5150 1014 5204 Latinum
1071 5155 1170 5218 per
1202 5150 1285 5219 μᾶτ
1310 5153 1525 5216 afferre,
1575 5162 1634 5205 ut
1679 5168 1743 5206 ex
1777 5151 2050 5217 exemplis

470 5238 593 5290 quae
642 5220 848 5289 profert
907 5219 1175 5275 Meursius
1207 5223 1257 5274 iu
1306 5220 1483 5276 Gloss.
1528 5223 1647 5289 plus
1675 5223 1808 5278 satis
1880 5228 2046 5290 patet.

477 5294 846 5346 ltebauorum
903 5290 1164 5360 dignitate
1218 5294 1357 5358 apud
1403 5291 1688 5358 llungarus
1712 5301 1766 5346 et
1826 5290 2049 5345 Servios

474 5362 583 5414 dixi
619 5363 684 5414 ad
731 5358 978 5415 Annam.
1008 5358 1144 5430 llacf
1173 5369 1282 5412 tum
1309 5360 1634 5430 fungebatur
1667 5363 1720 5415 in
1777 5360 2048 5427 llungaria

476 5433 624 5495 ιιηιι,
663 5438 752 5498 qui
787 5431 1052 5485 Ciunamo
1083 5429 1300 5491 Βέλοτις
1332 5429 1434 5485 hoc
1465 5433 1585 5486 Ideo
1611 5431 1835 5495 dicitur,
1862 5431 2045 5484 Geizze

481 5503 624 5569 regis
669 5501 987 5564 avunculus,
1045 5515 1153 5569 quo
1195 5500 1498 5568 imperante
1554 5516 1733 5554 rerum
1783 5513 2050 5553 summam

477 5573 742 5635 olitiuuit,
772 5573 866 5628 Uri
902 5570 1107 5626 Servize
1137 5571 1374 5634 comitis,
1418 5571 1572 5640 cujus
1593 5570 1756 5623 filiam
1794 5569 2052 5640 llelenam

481 5639 630 5704 Beli,
703 5652 1062 5704 cognomento
1129 5640 1342 5699 Caecus,
1413 5638 1504 5694 rei
1559 5641 1810 5701 duxerat,
1863 5638 2054 5692 frater.

483 5709 721 5764 ,Ιοιιιηοε
774 5709 1144 5771 'l‘hwroczius,
1190 5725 1238 5763 c.
1271 5710 1378 5762 65:
1439 5710 1582 5763 Tunc
1629 5711 1916 5762 auunculus
1958 5709 2052 5759 do-

491 5801 515 5828 t.
567 5781 618 5830 ui
652 5782 789 5847 regis
826 5781 956 5833 Bela
993 5781 1106 5832 Bon
1163 5779 1478 5833 nominatus.
1527 5782 1786 5846 gloriosus
1818 5781 1871 5828 in
1901 5776 2059 5829 milli-

497 5855 588 5901 bus
636 5850 743 5903 suis
775 5851 978 5905 irruens
1012 5864 1162 5911 super
1204 5851 1414 5910 aqmina
1475 5849 1894 5904 'l't'utouit'wuut.
1946 5863 2059 5902 tm“-

2148 5074 2311 5130 cussit
2356 5088 2442 5125 eos
2474 5082 2539 5119 ea:
2584 5062 2802 5139 adverso
2835 5057 3103 5139 gnaviter,-
3146 5067 3195 5139 e_t
3227 5071 3485 5139 magnam.
3505 5065 3733 5139 stragem

2150 5126 2273 5213 iiut
2331 5143 2382 5195 iu
2419 5138 2548 5213 illis.
2607 5134 2745 5213 Bolae
2779 5126 3092 5213 ‘haq‘inquo
3146 5129 3400 5213 ductore,
3441 5126 3732 5213 Henricuut

2150 5197 2394 5268 iiavarize
2445 5209 2636 5261 ducem
2701 5202 2836 5255 fudit
2868 5199 3077 5268 Geiza,
3109 5197 3411 5268 meminere
3469 5207 3732 5266 prmterea

2149 5266 2290 5338 Otho
2344 5280 2576 5346 Frisiug.
2625 5274 2718 5346 |._t
2759 5272 2997 5346 Degest.
3045 5267 3216 5346 Frid.,
3246 5281 3295 5319 c.
3329 5266 3421 5346 ξε,
3459 5279 3530 5346 ct_
3556 5269 3735 5346 iisde—

2149 5335 2325 5414 imis,
2364 5351 2400 5404 l.
2444 5335 2604 5410 ttt,‘c.
2655 5343 2766 5410 l2;
2809 5340 3140 5404 Guntherus,
3180 5338 3215 5392 l.
3245 5351 3298 5392 v1
3348 5336 3613 5408 Ligurini,
3667 5335 3738 5392 dc

2154 5425 2277 5477 Belo
2305 5439 2317 5473 :

2260 5491 2360 5547 Hic
2390 5489 2596 5560 placido
2629 5485 3022 5560 cultu_puerum
3054 5479 3366 5560 nun-iuerat,
3408 5479 3572 5560 utqui

2270 5561 2360 5618 Vir
2383 5549 2543 5614 bonus
2574 5567 2621 5611 et
2654 5549 2906 5624 prudens,
2937 5560 2986 5603 et
3017 5549 3306 5604 avunculus
3335 5559 3465 5604 esset
3497 5549 3734 5618 utrique.

2156 5635 2289 5689 Vide.
2320 5641 2501 5701 notata
2531 5629 2595 5680 ad
2631 5625 2840 5701 p.221.
2954 5691 2994 5701 __
3037 5693 3070 5701 ,ί
3109 5691 3121 5701 ,
3186 5688 3222 5701 η
3452 5687 3488 5701 η
3530 5687 3542 5701 .
3721 5689 3734 5700 .

2230 5705 2341 5774 (50)
2367 5697 2453 5774 οὗ
2465 5701 2614 5774 τοςᾼό
2631 5687 3086 5774 ’Βορίσηςὶίῗιιῖί
3109 5688 3422 5774 isﬁoritius
3448 5687 3736 5774 Galaman'i

2162 5757 2303 5838 regis
2327 5757 2627 5836 Illungarite
2653 5757 2901 5838 ex'rcgi‘s
2929 5764 3138 5816 Iiussiae
3157 5759 3264 5812 filia
3292 5765 3474 5838 {quam
3510 5757 3740 5838 inadul-

2162 5829 2296 5901 tci'io
2338 5829 2727 5908 dcprﬁihcusatu
2759 5832 3086 5888 Calamanus
3137 5830 3540 5898 repudiaverat)
3573 5829 3739 5890 filius,
