4058 6460
411 417 520 481 455

1695 406 2023 469 JOANNIS
2063 409 2396 469 CINNAMI

3575 405 3687 469 456

419 547 436 580 ι
477 525 649 592 Novi,
685 522 896 594 inquit,
933 523 1159 592 optime,
1192 520 1236 575 si
1269 518 1639 588 digrediuntur
1670 521 1817 582 inde,
1850 537 1989 574 nun—

2107 540 2234 592 ιητα
2280 525 2410 592 ἡμῖν
2452 522 2627 583 ἔσται,
2665 523 2757 574 καὶ
2804 523 2863 574 τὸ
2908 521 3093 575 λοιπῖν
3153 522 3248 576 ᾰτε
3311 519 3474 591 ἄρνες
3537 520 3688 572 ἔνδον

412 636 575 690 quam
626 628 678 675 te
729 618 781 672 id
825 618 983 672 nobis
1009 616 1252 687 objicere
1284 626 1645 672 cessaturum.
1691 612 1849 683 123
1892 613 1989 668 llic

415 711 603 780 igitur,
635 707 1074 777 quandoquidem
1124 707 1204 762 sic
1233 705 1406 776 placet
1441 703 1579 768 tibi,
1630 713 1808 757 castra
1847 705 1994 755 loca-

415 803 617 858 bimus.
669 799 749 855 Tu
798 813 927 855 vero
977 799 1102 853 vide
1151 814 1218 853 ne
1255 808 1364 853 tum
1413 798 1569 852 istius
1615 795 1996 864 generositatis

413 895 692 964 specimen
725 890 887 946 factis
916 891 1048 959 ipsis
1074 890 1236 944 edere
1268 904 1376 944 non
1406 889 1613 953 valeas,
1638 902 1801 956 quam
1838 886 1996 937 modo

417 1000 540 1036 cum
567 981 868 1061 necessitas
895 981 1047 1034 adest
1069 979 1215 1034 nulla
1235 987 1516 1047 tantopere
1534 985 1801 1039 ostentas,
1825 990 1998 1044 quan-

415 1079 485 1130 do
533 1076 602 1130 ab
646 1075 716 1129 lis
768 1085 908 1143 quos
955 1070 1188 1126 iudicavi
1224 1070 1358 1125 locis
1385 1110 1402 1135 ,
1449 1069 1685 1124 hostium
1726 1068 1998 1121 exercitus

421 1167 734 1236 irrumpens
783 1175 884 1218 nos
934 1162 1175 1232 graviter
1215 1160 1439 1216 afticiet.
1476 1177 1495 1212 ι
1547 1159 1641 1213 His
1671 1157 1832 1213 dictis
1868 1157 1999 1210 llai—

417 1258 650 1314 mundus
695 1255 873 1311 locum
917 1253 1102 1320 subit,
1137 1252 1230 1308 ubi
1274 1262 1538 1323 perpetuo
1583 1251 1830 1306 concludi
1872 1269 1996 1304 enm

418 1364 529 1418 fata
585 1362 964 1417 decreverant.
1013 1357 1193 1412 Persa:
1227 1364 1407 1411 autem
1457 1355 1622 1411 multa
1653 1354 1765 1424 jam
1820 1363 1995 1418 nocte,

417 1455 564 1509 unde
605 1453 806 1508 dictum
837 1460 918 1504 est
947 1450 1095 1519 ipsos
1124 1449 1402 1518 aggressi,
1436 1462 1606 1514 equus
1637 1447 1998 1516 homincSque

419 1548 665 1602 cecidere
693 1583 709 1607 ,
753 1558 878 1598 cum
913 1555 1090 1610 neque
1145 1539 1280 1594 tueri
1313 1555 1373 1594 se
1420 1554 1598 1609 neque
1652 1540 1757 1594 alio
1809 1540 2001 1608 quovis

421 1641 583 1693 modo
612 1637 845 1692 evadere
883 1643 1126 1704 possent.
1160 1630 1401 1687 Joannes
1435 1642 1616 1686 autem
1646 1630 1831 1686 Caesar
1874 1648 1998 1685 eum

419 1729 474 1782 in
503 1727 660 1782 linem
691 1767 706 1792 ,
757 1723 1217 1795 quemadnodum
1277 1721 1459 1787 retuli,
1500 1721 1841 1776 Antiochiam
1878 1737 2003 1790 pro-

417 1822 628 1881 fecttts,
661 1834 783 1872 cum
811 1817 923 1886 jam
955 1825 1117 1869 atate
1159 1815 1466 1881 provectior
1496 1813 1824 1868 Constantia:
1858 1814 2000 1867 hattd

2100 615 2528 682 ὲνσηκασοέντες
2563 613 2898 683 ονήσκοιμεν
2941 613 3095 666 οὐδὲν
3129 613 3434 682 ἀμύνεσθαι
3483 613 3685 666 ἱκανοί.

2113 707 2275 759 Ἀλλὰ
2295 708 2403 757 τών
2446 707 2543 758 σὺν
2569 705 2720 774 αύτῴ
2753 724 2835 767 τις
2864 705 3092 775 ἰταμοὺς
3117 706 3172 767 ἐς
3199 704 3292 756 τδν
3318 705 3490 776 ἄνδρα
3516 706 3690 774 ἁπερ-

2103 800 2286 870 ρίπτει
2316 799 2508 868 λόγους
2539 800 2634 851 καὶ
2678 799 2879 860 δειλίας
2909 798 3107 864 ταῦτα,
3154 797 3419 866 οὐμενοῦν
3458 812 3685 867 προμη-

2101 893 2250 956 θείας
2280 893 2467 959 ἕλεγεν
2516 887 2676 947 εἶναι.
2714 890 2858 961 Πρὸς
2899 889 3072 943 ταῦτα
3133 890 3290 959 Ουμῷ
3335 889 3686 958 Ῥεῖμοῦνὸος

2101 985 2429 1056 ύποϐληθεὶς
2461 1005 2478 1038 ι
2514 981 2668 1052 Οἶδα,
2702 979 2875 1048 εἶπεν,
2912 978 2957 1038 ὦ
2988 982 3257 1053 βέλτιστε,
3291 983 3366 1044 ώς
3395 982 3448 1034 εῐ
3499 999 3561 1050 γε
3602 986 3690 1033 ἐν-

2099 1076 2289 1132 τεῦθεν
2315 1075 2707 1147 παρέλθωμεν,
2763 1077 2824 1129 οὐ
2870 1077 3084 1147 μήποτε
3131 1075 3304 1128 ταῦτα
3362 1071 3687 1140 ὲπεγκαλιῖιν

2097 1175 2233 1242 ἡμῖν
2258 1172 2497 1225 παύσαιο
2518 1189 2533 1204 ο
2581 1169 2756 1243 ταύτῃ
2785 1171 2881 1224 καὶ
2907 1172 3068 1240 ἡμεῖς
3096 1169 3216 1239 μὲν,
3249 1167 3370 1220 ὲπεί
3399 1183 3481 1219 σοι
3512 1167 3684 1227 δικεῖ,

2100 1261 2334 1315 ἐνταῦθα
2375 1261 2752 1332 σκηνώσομεν.
2793 1263 2858 1315 σὺ
2886 1261 2943 1313 δὲ
2989 1261 3092 1330 ὅρα
3147 1261 3222 1329 μὴ
3261 1259 3361 1312 οὐκ
3428 1258 3522 1310 ἐπὶ
3574 1257 3686 1309 τῶν

2101 1354 2279 1424 ἔργων
2299 1352 2573 1408 δεικνύναι
2595 1353 2662 1424 ἥν
2690 1353 2816 1423 ἄρτι
2847 1353 3002 1406 οὐδὲν
3036 1353 3157 1405 δέον
3214 1351 3528 1418 ἐπηγγείλω
3563 1367 3691 1416 γεν-

2101 1448 2362 1516 ναιότητα
2393 1444 2578 1508 ἱκανὸς
2610 1447 2744 1516 ἡμῖν
2798 1444 2920 1520 ἔσῃ,
2961 1446 3168 1515 πηνίκα
3211 1444 3489 1512 πολεμίων
3521 1459 3689 1512 στρα-

2100 1541 2196 1604 τδς
2223 1540 2347 1594 ὅθεν
2389 1539 2553 1602 αὐτὸς
2591 1537 2730 1609 ἔφην
2754 1540 2889 1611 ἡμῖν
2923 1539 3196 1592 εἰσπεσὼν
3253 1538 3428 1610 δεινὰ.
3453 1536 3651 1605 ἐργάζε
3674 1566 3685 1573 -

2101 1651 2216 1690 ται.
2253 1650 2271 1684 ι
2336 1631 2692 1704 Ῥαῖμοῦνδος
2755 1633 2857 1703 μὲν
2906 1631 3149 1685 τοσαῦτα
3190 1630 3360 1684 εἰπὼν
3408 1631 3542 1683 εἴσω
3589 1629 3686 1680 τοῦ

2103 1721 2284 1793 χώρου
2309 1721 2552 1789 ἐγένετο,
2596 1721 2732 1775 ἔνθα
2780 1721 3174 1793 καῦείρξεσθαι
3233 1719 3480 1790 διηνεκὲς
3537 1718 3690 1786 αὑτῷ

2105 1815 2283 1867 ἔκειτο
2313 1832 2328 1847 ι
2375 1815 2660 1885 Πέρσαιδὲ
2708 1815 2895 1886 ἐπειδὴ
2947 1817 3141 1886 πόρρω
3181 1815 3288 1867 τῶν
3354 1812 3565 1866 νυκτῶν
3619 1807 3689 1880 ἦν

417 1909 750 1978 placuisset,
787 1907 952 1961 rebus
1007 1919 1238 1973 quarum
1285 1919 1446 1958 causa
1491 1914 1715 1958 venerat
1762 1905 1997 1971 infectis,

2107 1908 2232 1978 ἤδη,
2261 1906 2383 1960 ὅθεν
2402 1908 2620 1978 εἴρηται
2643 1908 2828 1972 αὐτοῖς
2861 1909 3178 1978 ἐπιθέμενοι
3226 1908 3429 1968 ἵππους
3479 1921 3538 1957 τε
3594 1905 3691 1956 καὶ

423 2000 738 2072 Byzantium
775 1999 970 2062 rediit;
1006 2010 1258 2067 aegraque
1298 2010 1426 2050 usus
1465 1996 1805 2061 Valetudine,
1840 2006 1995 2052 tonsa

417 2103 542 2160 post
610 2092 1118 2162 morbum‘coma,
1173 2086 1549 2141 monachicum
1609 2086 1852 2142 habitum
1913 2088 1996 2142 in-

419 2183 558 2235 duit.

2108 2000 2307 2063 αὑτοὺς
2341 2001 2612 2064 ἔκτειναν,
2647 2001 2802 2055 οὐδὲν
2829 2000 2952 2055 οὔτε
2976 1999 3280 2070 ἀμύνεσθαι
3323 1999 3448 2053 οὔτε
3510 1996 3690 2058 ἄλλως

2108 2089 2380 2154 σώζεσθαι
2409 2090 2826 2162 δεδυνημένους.
2858 2092 2998 2144 Ἀλλ’
3028 2074 3168 2162 ὅπερ
3196 2089 3478 2158 ἐλέγομεν,
3508 2089 3694 2141 Ἰωάν-

2107 2199 2202 2246 νης
2249 2184 2346 2244 μὲν
2367 2184 2589 2255 Καῖσαρ
2617 2186 2710 2238 ἐπὶ
2739 2184 3006 2248 τοιούτοις
3057 2187 3138 2246 εἰς
3186 2183 3522 2251 Ἀντιόχειαν
3575 2180 3689 2250 ᾔει,

417 2271 493 2326 ὧν
527 2273 586 2326 δὲ
607 2268 921 2342 ἓνεκα-ἦλθε
947 2273 1156 2343 δράσας
1179 2274 1332 2328 οὐδὲν
1361 2273 1479 2345 (ἅτε
1539 2274 1648 2346 γὰρ
1701 2272 1908 2343 ἔξωρον
1939 2271 2070 2326 ὅντα
2109 2275 2171 2325 ού
2223 2275 2322 2326 σὺν
2375 2273 2535 2344 ἡδονῇ
2605 2275 2975 2340 Κωνστάντζα
3025 2272 3188 2346 εἶδεν)
3260 2276 3354 2329 ἐπὶ
3399 2272 3692 2338 Βυζάντιον

418 2365 706 2436 ἀνεχώρει,
737 2366 892 2418 νόσου
916 2383 973 2418 τε
997 2366 1352 2436 ὲνσκηψάσης
1401 2365 1573 2434 αὐτῷ,
1627 2364 1880 2436 ὲκείρατό
1943 2380 2004 2415 τε
2043 2365 2142 2434 τὴν
2180 2365 2358 2436 κόμην
2386 2368 2480 2420 καὶ
2507 2367 2773 2436 μέλαιναν
2803 2369 3101 2439 ἠμφίεστο.

489 2459 579 2514 15.
623 2459 755 2513 Cum
783 2460 836 2512 in
891 2458 1136 2514 Ciliciam
1193 2463 1531 2530 pervenisset
1587 2460 1938 2514 Andronicus
1971 2496 1987 2521 ,

418 2553 625 2607 Toroso
680 2553 1024 2621 MepsucStia:
1074 2564 1291 2623 agente,
1375 2554 1502 2607 totis
1546 2553 1754 2606 viribus
1808 2549 1999 2605 urbem

419 2660 730 2714 oppugnare
762 2644 1098 2714 aggreditur.
1130 2642 1366 2699 Etforte
1395 2644 1598 2714 egisset
1642 2642 1845 2712 aliqnid
1884 2644 2002 2696 viro

421 2740 639 2806 dignum
667 2736 1111 2804 defectoremque
1145 2737 1386 2805 cepisset
1413 2737 1561 2792 nullo
1596 2735 1847 2805 negotio,
1894 2735 2002 2788 nisi

421 2829 631 2882 ittcrlizl‘
659 2843 716 2882 se
734 2838 787 2882 et
821 2827 1046 2882 ludicris
1079 2830 1311 2883 scenicis
1339 2838 1508 2882 totum
1542 2828 1802 2894 dedisset,
1833 2836 2000 2896 atque

421 2923 548 2975 inde
581 2936 667 2974 res
696 2920 968 2974 Romanas
998 2920 1404 2977 labefactasset.
1438 2919 1682 2976 Torosus
1710 2921 1878 2984 enim,
1907 2919 1996 2974 ubi

421 3013 719 3068 Andronici
758 3014 981 3083 agnovit
1023 3012 1331 3079 mollitiem,
1377 3030 1610 3083 eumque
1661 3014 1832 3075 luxui,
1874 3029 1998 3066 cum

423 3105 643 3157 minime
696 3111 1019 3172 oporteret,
1091 3104 1374 3175 indulgere
1439 3105 1725 3168 advertit,
1783 3116 1997 3159 noctem

421 3197 724 3252 observans
759 3194 1006 3261 illunem,
1046 3211 1152 3266 qua
1202 3197 1466 3251 immensa
1509 3197 1586 3250 vis
1621 3196 1876 3251 imbrium
1909 3195 2001 3250 de-

2177 2462 2262 2514 ιε’.
2347 2461 2691 2532 ’Λνδρόνικος
2744 2463 2800 2516 δὲ
2866 2463 3054 2533 ἐπειδὴ
3115 2462 3216 2532 τῆς
3273 2461 3514 2516 Κιλίκων
3560 2463 3694 2516 εἵσω

2107 2554 2326 2621 ἐγένετο
2356 2554 2479 2622 γῆς,
2528 2553 2765 2622 Ίέρόζου
2824 2555 2916 2606 ἐπὶ
2977 2552 3354 2622 Μόψουεστίας
3407 2553 3564 2624 διιτρ
3591 2553 3693 2620 δὴν

2105 2646 2456 2715 ποιουμένου,
2511 2646 2818 2719 πανστρατὶ
2855 2648 2936 2708 είς
2988 2646 3311 2718 πολιορκίαν
3372 2644 3691 2697 καθίστατο.

2106 2737 2216 2790 Καὶ
2238 2736 2379 2807 τάχα
2413 2737 2479 2790 ἂν
2505 2736 2760 2807 ὲξέδρασέ
2787 2755 2840 2788 τι
2879 2738 2975 2790 καὶ
3005 2739 3256 2805 γενναῖον
3287 2733 3383 2788 καὶ
3429 2736 3520 2788 τὸν
3556 2737 3694 2788 ἀπο-

2107 2829 2313 2897 στάτην
2346 2830 2404 2882 ἐν
2435 2829 2598 2900 χερσὶ
2638 2829 2779 2882 κατὰ
2811 2827 3012 2897 πολλὴν
3040 2829 3344 2896 ἐποιήσατο
3373 2826 3472 2896 τὴν
3523 2826 3692 2878 εὐπέ-

2106 2937 2282 2988 τειαν,
2311 2921 2360 2974 εἰ
2401 2920 2476 2991 μὴ
2516 2921 2824 2992 ῥαστώναις
2892 2921 2989 2975 καὶ
3033 2923 3277 2982 παιδιαῖς
3330 2921 3524 2972 ἑαυτὸν
3572 2921 3694 2982 ταῖς

2107 3014 2202 3067 ἐπὶ
2236 3014 2444 3084 σκηνῆς
2471 3013 2726 3066 ἐδεδώκει
2757 3012 2898 3066 οὕτω
2927 3029 2987 3065 τε
3043 3013 3113 3066 τὰ
3151 3011 3441 3081 Ῥωμαίων
3485 3011 3691 3082 ἔσφηλε

2109 3107 2436 3178 πράγματα.
2479 3105 2728 3176 Ἱέρόζης
2781 3104 2890 3177 γὰρ
2939 3103 3130 3176 ἐπειδὴ
3180 3105 3280 3175 τὴν
3346 3103 3688 3174 Ἀνδρονίκου

2109 3200 2254 3270 ἔγνω
2286 3199 2563 3270 μαλακίαν
2593 3199 2688 3253 καὶ
2731 3201 2829 3269 τῆς
2882 3199 3038 3253 οὐδὲν
3083 3199 3204 3252 δέον
3263 3196 3692 3269 ἐπικαθιζούσης

420 3287 1047 3357 cidcbat,eompltn'ibus
1084 3287 1428 3359 Mopsuestia:
1451 3289 1689 3344 aditibus
1727 3288 2001 3353 reseratis,

2115 3293 2265 3363 αὐτῷ
2295 3293 2526 3361 ξυνῆκεν
2554 3291 2868 3359 ἀσελγείας,
2899 3290 3072 3346 νύκτα
3119 3293 3370 3364 τηρήσας
3401 3291 3690 3362 ἀσέληνον,

424 3390 590 3448 atque
617 3377 766 3432 omni
797 3377 956 3450 124.
979 3393 1166 3434 secum
1193 3380 1386 3434 educta
1417 3380 1783 3444 multitudine,
1812 3379 2005 3433 Roma-

422 3485 522 3524 uos
589 3469 896 3540 inopinatos
956 3470 1222 3536 adoritur,
1276 3471 1454 3526 fundit
1527 3471 1803 3542 fugatque.
1879 3470 2007 3524 Haec

422 3570 708 3630 postquam
733 3560 1234 3616 seriusAndronico
1280 3573 1553 3632 comperta
1605 3574 1733 3618 sunt
1763 3563 2006 3634 (quippe,

425 3657 485 3702 ut
517 3650 778 3714 uiximus,
811 3649 962 3703 luxui
1009 3658 1066 3705 et
1106 3651 1336 3722 ignaviae
1374 3663 1484 3706 tum
1524 3667 1744 3721 operam
1796 3653 2005 3723 dabat),

313 3754 336 3760 '
427 3741 598 3796 insilit
628 3741 680 3794 in
708 3757 930 3810 equum.
962 3753 1294 3813 arreptaque
1329 3746 1482 3800 hasta
1517 3745 1570 3798 in
1599 3747 1821 3799 ordines
1853 3745 2006 3799 inve-

425 3843 549 3887 ctus
598 3832 918 3886 admiranda
986 3850 1148 3888 manu
1191 3834 1434 3889 facinora
1482 3836 1674 3890 edidit.
1737 3835 1805 3891 Ut
1863 3837 2006 3889 enim

431 3938 538 3976 non
588 3924 757 3977 semel
830 3925 1156 3991 innuimus,
1232 3929 1399 3980 animi
1457 3927 1834 3996 generositate
1913 3942 2010 3982 uc-

432 4015 564 4069 iuiui
615 4015 844 4070 inferior
895 4018 1019 4070 fuit.
1076 4019 1146 4072 At
1183 4035 1307 4072 cum
1342 4020 1568 4088 exsequi
1615 4021 1749 4073 nihil
1800 4029 2003 4090 posset,

430 4106 518 4159 vix
576 4108 780 4187 evitato
844 4109 1165 4163 discrimine
1188 4111 1536 4164 Antiochiam
1587 4113 1754 4166 venit.
1816 4113 1891 4165 Eo
1950 4113 2005 4166 in

432 4199 619 4267 praelia
651 4210 705 4252 et
731 4197 1056 4255 Theodorus
1089 4202 1592 4271 Coutostephanus,
1623 4204 1713 4272 qui
1747 4205 1814 4258 ad
1850 4204 2007 4259 seba-

428 4301 636 4344 stornm
665 4291 986 4361 dignitatem
1025 4307 1316 4360 provectus
1363 4295 1571 4359 fuerat,
1615 4311 1756 4365 equo
1809 4298 2008 4367 sagitta

427 4386 714 4451 transﬁxo,
745 4386 812 4438 ab
859 4387 1042 4457 aliquo
1083 4404 1270 4444 corn.»
1304 4391 1394 4458 qui
1422 4391 1697 4460 stipendia
1741 4393 2007 4450 Romanis

427 4479 746 4541 merebant,
800 4489 854 4532 et
909 4494 1143 4547 quocum
1193 4482 1441 4536 simultas
1497 4484 1546 4537 ei
1595 4484 2004 4551 intercedebat,

427 4572 604 4636 capite
633 4579 932 4623 truncatur.
961 4570 1154 4624 Fertur
1208 4575 1354 4625 enim
1393 4576 1482 4628 diu
1515 4588 1642 4630 ante
1675 4577 1996 4633 Theodorus

431 4663 693 4714 miserum
751 4661 900 4714 illum
949 4679 1012 4715 ex
1056 4664 1258 4729 palatio
1283 4665 1532 4730 eiecisSe,
1564 4671 1706 4736 quod
1742 4670 1792 4722 iu
1842 4671 2008 4738 ipsius

432 4755 730 4822 perniciem
765 4755 1108 4822 posttnodum
1145 4758 1336 4812 cessit.

504 5034 590 5087 16.
624 5034 756 5100 Qua:
789 5035 840 5089 in
885 5037 1073 5092 Cilicia
1126 5051 1273 5109 gesta
1326 5052 1473 5108 sunt,
1523 5045 1790 5111 ejusmodi
1845 5047 2004 5100 linem

430 5126 691 5180 habuere.
715 5129 1389 5201 Andronieusﬁyzantium
1408 5124 1712 5191 Antiochia
1731 5153 2000 5205 reversus,

430 5217 596 5270 nihilo
649 5221 854 5273 lliillOl‘c
908 5220 1026 5275 loco
1079 5235 1133 5277 et
1209 5225 1412 5279 honore
1481 5227 1738 5291 habitus,
1773 5231 2014 5295 pristina:

431 5317 628 5377 pra-ter
650 5311 959 5380 opinionem
983 5316 1653 5371 consuetudinislibertate
1673 5321 1876 5386 potitus
1901 5333 2008 5378 est.

435 5397 539 5451 Sed
594 5400 972 5467 imperatorem
1008 5405 1162 5458 aiunt
1211 5406 1346 5460 clam
1395 5423 1731 5476 assumptum
1765 5415 2008 5468 acerbis-

429 5490 564 5541 sime
594 5495 996 5557 perstriuxisse,
1027 5497 1410 5564 negligentiam
1439 5501 1493 5552 in
1527 5504 1687 5555 rebus
1719 5503 1927 5557 bellicis
1951 5515 2006 5558 et

429 5577 834 5647 intempestivas
873 5583 1142 5652 objeeisse
1170 5585 1243 5638 illi
1287 5587 1676 5645 relaxatioues.
1714 5591 2004 5661 Proitalam

2115 3384 2240 3440 καθ’
2273 3387 2340 3457 ἣν
2364 3384 2598 3449 ὑετίζειν
2626 3384 2819 3454 ἔτυχεν
2854 3383 2943 3456 [Ρ.
2971 3383 3061 3456 7i]
3110 3385 3338 3454 ἄσχετα,
3375 3383 3543 3438 πολλὰ
3595 3383 3690 3436 τοῦ

2107 3478 2492 3545 Μοψουεστίας
2521 3477 2738 3546 τείχους
2779 3477 3043 3540 διαλύσας
3090 3478 3232 3548 μέρη
3267 3475 3464 3546 ἁθρόον
3520 3491 3581 3528 τε
3629 3473 3692 3527 τὸ

2111 3572 2209 3625 σὺν
2267 3569 2416 3638 αὺτῷ
2449 3569 2594 3624 ἅπαν
2649 3569 2938 3638 ἐξαγαγὼν
2995 3570 3220 3640 πλῆθος,
3266 3567 3573 3641 προσέϐαλέ
3629 3584 3691 3621 τε

2118 3660 2419 3729 Ῥωμαίοις
2456 3659 2625 3729 μηδὲν
2658 3660 2935 3729 προειδόσι
2961 3663 3055 3712 καὶ
3085 3659 3230 3714 κατὰ
3276 3659 3478 3729 κράτος
3537 3658 3693 3726 ἐτρέ-

2108 3751 2270 3818 dato.
2321 3751 2662 3820 Ἀνδρόνικος
2695 3751 2751 3804 δὲ
2797 3751 2896 3820 ὀψὲ
2925 3751 3019 3804 τοῦ
3041 3750 3236 3824 καιροῦ
3264 3751 3693 3819 συναισθόμενος

2112 3841 2399 3913 (ἐτύγχανε
2435 3843 2567 3914 γὰρ,
2602 3843 2855 3914 καθάπερ
2885 3843 3041 3914 ἔφην,
3075 3843 3342 3916 ὀλιγωρίᾳ
3380 3842 3549 3913 πολλῇ
3584 3860 3691 3898 τινι

2110 3935 2469 4005 κεχρημένος)
2527 3936 2693 3988 ἵππον
2747 3952 2807 3988 τε
2849 3936 3013 4006 ἀνέϐη
3069 3937 3164 3988 καὶ
3225 3939 3323 3989 σὺν
3377 3937 3456 4006 τῴ
3501 3936 3690 4004 δόρατι

2109 4028 2433 4080 ἀπελαύνων
2466 4027 2606 4095 ἔργα
2637 4027 2736 4095 μὲν
2790 4027 2972 4097 χειρἰς
3025 4028 3338 4092 ἐπεδείξατο
3395 4027 3690 4098 Θαυμαστὰ

2112 4117 2209 4188 (ὡς
2231 4119 2339 4186 γὰρ
2370 4117 2628 4181 πολλάκις
2663 4118 2821 4188 ἓςςην,
2857 4120 2966 4171 τῶν
2986 4120 3084 4189 τῆς
3101 4121 3480 4190 γενναιότητος
3516 4119 3692 4187 λόγων

2109 4211 2292 4264 οὐδενὶ
2322 4212 2430 4263 τῶν
2459 4212 2710 4280 μεγάλων
2747 4211 3069 4282 ὑπεχώρει),
3103 4213 3305 4283 δρᾶσαι
3334 4214 3484 4283 ὅμως
3536 4212 3690 4266 δεδυ-

2111 4306 2350 4376 νημένος
2371 4304 2525 4357 οὐδὲν
2569 4305 2730 4372 μόγις
2767 4305 3046 4371 διαφυγὼν
3079 4306 3160 4367 εἰς
3201 4305 3535 4374 Ἀντιόχειαν
3587 4299 3688 4373 ἧλ-

2112 4398 2204 4452 Οεν
2237 4396 2370 4468 (59).
2407 4397 2496 4449 Ἐν
2525 4397 2700 4468 ταύτῃ
2726 4401 2791 4467 τῇ
2823 4399 2971 4469 μάχῃ
3015 4397 3111 4450 καὶ
3141 4397 3416 4468 Θεόδωρος
3473 4400 3502 4450 ό
3553 4399 3700 4450 Κονο

2112 4491 2441 4560 τοστέφανος
2472 4494 2530 4553 ἐς
2563 4491 2623 4543 τὸ
2651 4491 2760 4544 τῶν
2795 4491 3075 4544 σεϐαστῶν
3110 4491 3330 4559 ἀξίωμα
3384 4491 3537 4562 ἥκων
3597 4490 3694 4542 τὸν

2111 4583 2282 4636 ἵππον
2308 4581 2609 4652 τοξεύματι
2639 4581 2933 4636 ἀποϐαλὼν
2965 4583 3072 4636 ὑπό
3113 4600 3207 4636 του
3238 4583 3347 4636 τῶν
3399 4582 3695 4652 Ῥωμαίοις

2115 4675 2560 4745 μισθαρνούντων
2589 4675 2690 4744 τὴν
2716 4675 2961 4748 κεφαλὴν
2993 4676 3290 4746 ἀπηράχθη
3337 4677 3479 4730 κατὰ
3531 4677 3693 4746 ἔχθος

2111 4764 2172 4816 τὺ
2212 4765 2349 4834 πρὸς
2397 4764 2583 4818 αὐτόν.
2631 4765 2864 4832 Λέγεται
2919 4769 3028 4838 γὰρ
3083 4767 3160 4831 ὡς
3200 4769 3466 4840 ἐτύγχανε
3509 4768 3688 4838 πολλῷ

2111 4857 2384 4928 πρότερον
2415 4859 2442 4910 ὁ
2473 4859 2750 4929 Θεόδωρος
2781 4861 2873 4912 τὸν
2921 4862 3294 4933 κακοδαίμονα
3350 4863 3538 4916 τοῦτον
3590 4865 3695 4934 τῆς

2114 4949 2392 5019 βασιλείου
2430 4950 2523 5003 ἐπὶ
2555 4952 2709 5017 κακῇ
2741 4952 2817 5004 τῶ
2861 4955 3026 5006 αὐτοῦ
3061 4954 3394 5024 διωσάμεννις
3429 4957 3619 5024 αὐλῆς.

2188 5047 2282 5105 ις’.
2320 5043 2387 5094 ’Λ
2424 5042 2522 5112 μὲν
2562 5045 2654 5094 ἐπὶ
2693 5045 2942 5106 Κιλικία,
2975 5047 3092 5098 κατ’
3124 5051 3328 5099 ἐκεῖνον
3371 5050 3462 5101 τὶν
3502 5051 3697 5118 χρόνον

2114 5134 2357 5200 ἐγένετο,
2388 5135 2567 5192 τοιάδε
2598 5137 2720 5189 τινὰ
2748 5133 2908 5205 ἦσαν.
2954 5139 3294 5206 Ἀνδρόνικος
3339 5141 3395 5193 δὲ
3449 5143 3505 5206 ἐξ
3570 5143 3695 5194 ’Λν-

2112 5225 2296 5295 τιόχου
2331 5227 2541 5290 πόλεως
2564 5227 2654 5279 ἐπὶ
2681 5229 2978 5291 Βυζάντιον
3013 5229 3106 5282 ἰὼν
3153 5235 3214 5285 ἐν
3253 5232 3547 5301 βασιλείοις
3598 5237 3696 5288 κ.ὶ

2109 5319 2275 5371 πάλιν
2312 5318 2466 5372 οὐδὲν
2513 5314 2675 5389 ἦττον
2741 5322 3084 5385 ἁπόϐλεπτος
3131 5320 3200 5395 ἦν
3258 5327 3573 5396 παρρησίας
3634 5344 3695 5381 τε

2108 5408 2259 5476 παρὰ
2287 5407 2445 5472 δόξαν
2474 5408 2714 5460 ἀπέλαυε
2745 5410 2842 5476 τῆς
2880 5413 3176 5482 προτέρας.
3224 5415 3473 5482 Ἐλέγετο
3520 5418 3576 5470 δὲ
3610 5419 3693 5468 ὅτι

2105 5499 2284 5566 λάθρα
2313 5501 2502 5552 τοῦτον
2531 5502 2868 5571 παραλαϐὼν
2907 5504 3166 5573 βασιλεὺς
3210 5510 3519 5577 πικρότατα
3548 5510 3687 5562 ὲλοιι

2103 5593 2396 5664 δορήσατο,
2427 5595 2725 5666 ὀλιγωρίαν
2752 5613 2811 5649 τε
2839 5600 2970 5668 περὶ
2985 5598 3051 5653 τὰ
3086 5603 3450 5671 στρατιωτικᾶ
3499 5602 3576 5674 τῷ
3603 5604 3697 5657 ἀνε-

1749 5708 1847 5768 Du
1880 5707 2107 5787 Cangii
2139 5714 2329 5771 notre.

504 5819 615 5886 (59)
643 5824 742 5889 Εἰς
766 5824 1130 5894 Ἀντιόχειαν
1160 5825 1365 5899 ἦλθεν.
1389 5829 1521 5888 Vide
1551 5832 1878 5890 Willehutnn
1897 5833 2001 5906 Tyr

2107 5875 2111 5889 .
2147 5853 2238 5904 xx,
2272 5853 2321 5892 c.
2360 5837 2415 5891 9..
