4058 6446
507 261 610 330 ιιι

1742 263 2288 329 HISTORIARUM
2329 263 2474 324 LIB.
2521 261 2634 324 ΙΙΙ.

3671 263 3777 325 462

508 396 610 452 ραν
659 381 688 434 6
743 378 1001 451 βασιλεὺς
1048 379 1289 452 ἔννυχος,
1335 378 1528 454 ὥσπερ
1557 380 1740 436 είώθει
1771 381 1839 435 τὰ
1889 381 2083 444 πολλὰ,

2199 379 2483 449 plurimum
2511 391 2634 431 cum
2676 373 2866 430 iisdem
2904 372 3090 444 jacqu
3121 380 3496 428 concurreret.
3529 373 3776 433 lnduisse

509 473 923 542 κοιτασάμενος.
969 471 1031 526 Ἠ
1064 474 1173 546 γάρ
1194 472 1291 526 τοῦ
1327 474 1580 541 σώματος
1603 471 1754 542 αὐτῷ
1775 473 2092 542 γενναιότης

505 567 602 619 καὶ
632 566 770 636 πρὸς
798 567 1035 637 ἄρκτους
1066 565 1229 636 ἐξῆγε
1264 560 1358 620 καὶ
1385 563 1520 636 πρὸς
1540 567 1668 632 τοὺς
1697 565 1924 636 ἀγρίους
1959 564 2093 619 ἀνθ·-

506 655 710 721 ὡπλιζε
755 657 867 711 τῶν
918 657 1062 711 συῶν
1115 658 1254 729 πεζῇ
1309 657 1380 712 τά
1447 657 1677 713 πλεῖστα
1723 659 1822 712 σὺν
1857 657 2092 727 ἀκοντίῳ

509 749 978 820 ξυμπλεκόμενον.
1028 749 1278 820 Ἑλέγετο
1303 751 1360 805 δὲ
1396 750 1472 816 ὡς
1501 753 1598 806 καὶ
1613 754 1990 823 τεθωράκιστο
2020 753 2090 808 τά

508 841 702 912 πρῶτα
719 842 814 896 καὶ
846 842 1034 912 σχεδόν
1055 860 1106 895 τι
1135 843 1396 897 ἑκάστοτε
1431 843 1568 915 πρὸς
1596 847 1709 908 τοῖς
1746 847 1933 909 ὅπλοις
1996 840 2087 918 ῆν,

507 934 632 998 τὰς,
655 932 730 996 ὡς
759 933 1008 1004 ἐφέρετο,
1043 932 1136 985 τοῦ
1167 933 1669 1005 σεϐαστοκράτορος
1699 930 1734 988 Ἰ
1745 934 1971 988 σαακίου
1998 934 2093 989 καὶ

506 1024 602 1077 τοῦ
635 1024 875 1095 μεγάλου
905 1025 1250 1097 στρατάρχου
1301 1026 1706 1099 φυλαττόμενος
1768 1025 2086 1096 ἐπιεουλάς,

508 1118 610 1172 κᾶν
637 1111 796 1179 οὗτος
828 1117 980 1171 οὐδὲν
1036 1117 1166 1173 ἀλλο
1201 1119 1365 1172 αὑτὸν
1407 1119 1572 1190 μέχρι
1609 1121 1801 1182 τέλους
1860 1114 2089 1188 ἔδρασεν

507 1208 672 1278 ἄχαρι
713 1208 797 1260 δτι
831 1209 905 1278 μὴ
932 1209 1031 1272 τὰς
1072 1208 1385 1278 βασιλείους
1431 1211 1687 1279 ἀφείλετο
1754 1204 2089 1280 σφραγῖδας,

506 1301 575 1355 δι’
601 1294 674 1354 ὧν
699 1299 1174 1370 ὑποσημαίνεσθαι
1215 1301 1315 1366 τὰς
1348 1302 1560 1373 δωρεὰς
1587 1301 1843 1373 βασιλεὺς
1875 1302 2088 1354 εἴωθεν.

508 1393 584 1446 Οὐ
629 1393 736 1464 μὴν
759 1385 1190 1464 ἀπροφασίοῖτως
1220 1397 1314 1448 καὶ
1345 1395 1571 1460 ταύτας,
1612 1394 1732 1448 ἀλλ’
1771 1392 1869 1448 ἀπ’
1910 1391 2095 1455 αίτίας

506 1479 574 1556 ἧς
598 1484 760 1548 αὐτὸς
797 1485 939 1557 ἐρῶν
971 1485 1228 1556 ἔρχομαι.
1259 1480 1603 1558 Διατρίόοντι
1630 1490 1689 1540 ἐν
1733 1479 2094 1554 Μελαγγείοις

506 1577 584 1646 τῷ
617 1576 833 1647 βασιλεῖ
867 1576 996 1648 περί
1043 1586 1166 1629 τινα
1229 1577 1409 1650 χῶρον
1438 1571 1483 1647 ᾧ
1529 1575 1826 1649 Μεταϐολὴ
1897 1577 2091 1646 ὄνομα,

503 1667 655 1737 λόγοι
687 1670 1064 1739 προύφέροντο
1111 1669 1207 1723 ἐπὶ
1239 1669 1487 1742 ἀρίστου.
1523 1671 1695 1724 Ἔνθα
1754 1672 1863 1726 τῶν
1914 1670 2093 1725 ἄλλων

504 1761 766 1827 καθάπαξ
797 1762 1054 1815 ἁπάντων
1080 1762 1151 1816 τὰ
1179 1761 1446 1833 βασιλέως
1476 1763 1808 1834 ἐξαιρὸντων
1869 1762 2029 1835 ἔργα,
2061 1763 2090 1816 ὀ

515 1851 770 1919 Ἰωάννης
811 1853 879 1904 τὰ
911 1850 1006 1904 τοῦ
1036 1853 1244 1921 πατρὸς
1279 1852 1481 1923 μᾶλλον
1501 1851 1750 1924 ὑπερῆρε
1793 1856 1887 1906 καὶ
1920 1855 2093 1924 ὕπερ-

503 1943 674 1996 ετίϐει
711 1941 912 2014 πολλῷ.
968 1943 1028 1996 Ὀ
1087 1945 1189 2013 μέν
1247 1941 1343 1998 οὖν
1392 1943 1647 2014 βασιλεὺς
1685 1944 1915 2017 ἔστεργε
1976 1947 2092 2008 τοῖς

2197 480 2380 525 autem
2429 468 2652 521 loricam
2689 477 2800 519 tum
2856 466 3092 534 primum
3131 463 3284 520 aiunt
3315 463 3529 520 ac‘l'ere
3554 480 3773 537 semper

2195 561 2249 616 in
2306 561 2478 616 armis
2528 558 2736 622 fuisse,
2787 573 2894 627 quo
2944 555 3137 613 lsaacii
3201 561 3655 616 sebastocratoris
3721 571 3777 617 et

2194 653 2391 707 summi
2427 649 2766 704 exercituum
2799 648 2954 702 ducis
2977 647 3176 703 vitaret
3210 651 3478 706 insidias:
3505 651 3609 705 etsi
3640 651 3774 707 nihil

2194 744 2261 797 ad
2297 753 2602 798 extremum
2639 741 2692 795 in
2721 756 2842 796 eum
2865 742 3159 810 quidquam
3193 742 3335 797 aliud
3360 745 3615 798 statuerit
3645 760 3776 816 gra-

2195 834 2337 899 vius,
2387 847 2548 903 quam
2601 832 2746 901 quod
2795 830 2996 902 sigilla,
3029 832 3226 902 quibus
3283 833 3598 904 largitiones
3630 838 3776 890 obsi«-

2193 939 2365 997 gnare
2391 925 2752 994 imperatores
2785 923 2984 991 solent,
3013 924 3322 982 abstulerit.
3373 928 3559 998 Neque
3605 930 3659 985 id
3691 941 3775 984 tae

2194 1034 2318 1075 men
2351 1018 2462 1090 egit
2495 1013 2638 1072 nulla
2671 1019 2898 1083 ratione,
2932 1018 3026 1074 sed
3075 1018 3144 1074 ob
3179 1033 3399 1074 causam
3434 1032 3597 1092 quam
3632 1038 3775 1080 nunc

2197 1120 2628 1167 commemorare
2659 1108 2964 1180 aggredior.
2995 1110 3134 1166 Cum
3165 1107 3420 1182 princeps
3467 1110 3520 1169 in
3573 1111 3776 1171 Melan-

2197 1210 2300 1283 giis
2348 1218 2699 1276 moraretur,
2746 1209 2812 1264 ad
2860 1208 3042 1264 locum
3086 1210 3176 1265 cui
3224 1210 3490 1268 Metabole
3539 1228 3775 1279 nomen,

2197 1303 2332 1358 varii
2370 1317 2535 1372 super
2568 1314 2781 1358 caenam
2817 1301 3158 1358 habebantur
3187 1317 3501 1370 sermones;
3540 1305 3630 1360 ubi
3661 1320 3779 1361 om-

2195 1395 2360 1450 nibus
2402 1409 2490 1450 res
2543 1409 2572 1450 a
2624 1389 2871 1466 principe
2915 1404 3098 1462 gestas
3129 1410 3360 1451 uno.ore
3390 1397 3553 1468 128
3578 1401 3778 1468 pradi-

2195 1487 2448 1544 cantibus
2484 1528 2499 1553 ,
2551 1486 2787 1543 Joannes
2833 1487 3092 1558 praeclara
3149 1503 3180 1543 a
3243 1487 3510 1547 Manuelis
3555 1502 3782 1562 parente

2196 1589 2415 1650 peracta
2453 1579 2699 1635 facinora
2751 1579 2911 1650 longe
2958 1579 3154 1636 extulit
3201 1581 3569 1653 praetulitque.
3627 1581 3779 1637 llaud

2195 1684 2342 1742 :rgre
2374 1685 2496 1740 quae
2546 1669 2870 1725 dicebantur
2921 1670 3132 1739 accepit
3161 1669 3491 1738 imperator,
3533 1683 3630 1724 nec
3675 1671 3780 1725 silui

2200 1772 2408 1832 patrem
2439 1759 2685 1833 praeferri
2721 1759 2953 1820 moleste
2993 1762 3134 1815 tulit.
3164 1758 3276 1815 Etsi
3304 1776 3436 1817 vero
3457 1761 3578 1816 aliis
3612 1760 3780 1816 Joan-

2200 1867 2297 1908 nes
2363 1854 2478 1924 jam
2547 1852 2826 1908 videretur
2896 1853 3240 1922 importunus
3279 1889 3296 1917 ,
3362 1853 3534 1908 noluit
3597 1861 3778 1908 tamen

2185 1943 2512 2017 loquentem
2565 1941 2954 2010 interpellare,
3015 1955 3137 2002 cum
3194 1957 3258 1997 ea
3309 1944 3480 2013 (quod
3536 1944 3780 2016 plerique

501 2036 824 2107 λεγομένας
879 2038 974 2090 καὶ
1026 2036 1220 2107 ἠγάπα
1276 2037 1373 2090 τοῦ
1420 2037 1631 2108 πατρὸς
1662 2037 2088 2107 ἐλασσούμενος.

2199 2034 2382 2090 facere
2413 2033 2611 2104 solent)
2647 2033 2794 2089 velut
2820 2033 2944 2088 ﬁdei
2973 2047 3088 2090 sua:
3119 2031 3173 2087 in
3213 2035 3558 2092 demortuum
3604 2039 3778 2110 impe-

515 2120 606 2185 Ὦς
639 2122 684 2175 δ’
713 2120 958 2192 ἐπαχθὴς
989 2123 1104 2184 τοῖς
1131 2119 1314 2184 ἀλλοις
1383 2121 1638 2194 Ἰωάννης
1691 2118 1830 2176 εἶναι
1891 2121 2090 2190 ἐδόκει,

503 2213 540 2270 ὸ
559 2200 700 2268 δὲόὐ
745 2213 907 2284 μέχρι
937 2211 1134 2265 τούτου
1158 2213 1252 2265 τὸν
1281 2212 1442 2280 λόγον
1473 2213 1710 2284 ἵστησιν.
1749 2213 1934 2280 Ἔδοξε
1981 2216 2092 2286 γὰρ

503 2305 579 2362 ἃν
607 2305 870 2372 ἐπιδείξει
895 2307 1133 2369 πίστεως
1174 2305 1273 2375 τῆς
1309 2305 1447 2376 πρὸς
1479 2305 1574 2359 τὸν
1611 2306 1893 2377 οίχόμενον
1933 2307 2095 2360 αὐτοι

504 2398 753 2471 κράτορα
783 2398 957 2453 ταῦτα
989 2395 1308 2468 προφέρειν,
1341 2399 1502 2467 ὅπερ,
1531 2394 1708 2467 οἶμαι,
1741 2396 1926 2450 πολλοὶ
1983 2397 2092 2449 τῶν

505 2490 816 2560 ἀνθρώπων
846 2491 1022 2545 ποιεῖν
1054 2491 1236 2542 ῐσασιν
1260 2503 1278 2520 ·
1313 2491 1369 2542 αἱ
1400 2492 1510 2560 γάρ
1542 2489 1677 2560 πρὸς
1716 2493 1844 2554 τοὺς
1891 2491 2092 2561 μηκέτι

503 2581 669 2646 δντας
700 2581 884 2636 εὖνοαι
907 2583 1160 2654 ἐχέγγυοι
1191 2583 1306 2644 τοῖς
1344 2580 1633 2652 περιοῦσιν
1668 2583 2094 2654 εὐγνωμοσύνης

505 2673 608 2742 τῆς
646 2675 726 2737 εἰς
750 2675 954 2740 αὐτοὺς
974 2674 1237 2744 γίνονται.
1285 2673 1343 2728 '0
1404 2675 1504 2743 μὲν
1559 2673 1654 2728 οὖν
1696 2676 1835 2746 πρὸς
1881 2677 2093 2740 τούτοις

507 2767 603 2820 καὶ
633 2766 966 2837 δριμύτερον
1002 2765 1212 2836 ἥπτετο
1233 2769 1328 2820 καὶ
1355 2765 1667 2836 ἠγνωμόνει
1693 2767 1772 2838 τῷ
1807 2768 1928 2838 υίῷ.
1960 2768 2091 2823 Ὅτε

506 2859 574 2930 δὴ
606 2860 850 2923 στάσεως
878 2858 1218 2929 ἀναφθείσης
1254 2858 1596 2930 Ἀνδρόνικος
1646 2859 1748 2930 μὲν
1791 2854 1951 2924 οὗτος
2001 2859 2095 2913 θυ-

512 2951 726 3024 μοδακῆ
750 2969 874 3006 τινα
899 2954 956 3014 ἐς
978 2952 1071 3006 τὸν
1105 2951 1590 3024 σεδαστοκράτορα
1616 2951 1913 3025 empsim;
1959 2954 2090 3024 παρ’

507 3047 691 3117 ὀλίγον
748 3043 883 3118 ἦλθε
936 3046 1030 3100 τοῦ
1092 3046 1237 3115 ξίφει
1293 3047 1431 3117 πρὸς
1492 3045 1658 3100 αὐτοῦ
1713 3046 1812 3120 τὴν
1847 3049 2094 3119 κεφαλὴν

511 3141 850 3216 ἀφῃρῆσθαι,
901 3144 950 3196 εί
999 3140 1075 3212 μὴ
1132 3141 1390 3212 βασιλεύς
1447 3158 1506 3195 τε
1553 3140 1718 3196 αὐτοῦ
1769 3141 1870 3211 τὴν
1936 3144 2097 3210 χεῖρα

512 3236 782 3307 ὑπερέσχε
826 3235 926 3290 καὶ
989 3235 1246 3306 Ἰωάννης
1314 3237 1342 3288 6
1393 3235 1630 3300 Δούκας,
1689 3233 1744 3297 ὃς
1795 3235 1889 3287 καὶ
1932 3234 2098 3298 αὐτὸς

510 3325 801 3396 ἐξάδελφος
828 3325 907 3396 τῷ
937 3324 1152 3395 βασιλεῖ
1179 3319 1269 3396 ἦν,
1297 3323 1398 3396 τὴν
1433 3325 1676 3394 μάστιγα
1828 3321 1955 3386 τοὺς
2002 3321 2095 3375 ἶπ-

512 3436 647 3482 πους
697 3419 945 3487 ἐπείγειν
1005 3417 1240 3471 εἴθισται
1301 3415 1380 3487 τῷ
1437 3415 1583 3484 ξίφει
1663 3413 2099 3488 καταφερομένῳ

511 3511 734 3576 ὑποθεὶς
759 3511 1030 3581 ἀμϐλεῖαν
1064 3512 1157 3566 ἐπὶ
1189 3509 1292 3580 τὴν
1350 3509 1696 3580 Ἀνδρονίκου
1757 3509 1958 3577 γνάθον
2009 3510 2096 3562 ἐν·

511 3606 740 3677 εχθῆναι
769 3604 997 3674 ἐποίησε
1025 3604 1125 3675 τὴν
1159 3603 1356 3674 φοράν.
1375 3602 1432 3655 Ὀ
1460 3601 1560 3672 μὲν
1585 3598 1679 3654 οὖν
1706 3599 1896 3657 τοῦτον
1929 3601 2094 3673 ἐρρύ-

515 3697 618 3768 σθη
674 3698 767 3752 τὸν
797 3699 1004 3768 τρόπον
1041 3713 1058 3728 ο
1115 3695 1374 3766 βασιλεὺς
1412 3694 1470 3748 δέ
1500 3693 1599 3765 τὴν
1630 3695 1816 3765 χεῖρα,
1839 3691 2097 3763 καθάπερ

512 3791 675 3861 ἔφην,
699 3791 795 3845 τοῦ
835 3790 1182 3860 ’Δνδρονίκου
1211 3786 1507 3858 ὑπερσχὼν
1536 3786 1776 3858 ἐπλήγη,
1806 3787 1868 3840 οὐ
1913 3787 2098 3856 μέντοι

513 3884 739 3956 καιρίαν
773 3882 890 3937 ἀλλ’
931 3885 1055 3938 ὅσον
1082 3881 1265 3950 ὀλίγον
1299 3881 1402 3952 τὴν
1437 3880 1618 3951 σάρκα
1665 3877 1977 3950 διαστῆναι,
2028 3875 2098 3952 ἧς

510 3975 613 4048 τὴν
633 3977 794 4048 οὐλὴν
823 3977 914 4031 διά
952 3975 1069 4046 βίου
1094 3975 1189 4028 ἐπὶ
1209 3972 1426 4046 καρποῦ
1461 3972 1677 4042 ἔφερεν.
1729 3972 1792 4024 Ἠ
1854 3971 1956 4041 μὲν
2000 3967 2094 4026 οὖν

2199 2138 2434 2182 ratorem
2464 2135 2839 2199 argumentmn
2859 2127 3152 2198 protulisse
3171 2129 3321 2185 visus
3337 2139 3501 2187 esset.
3535 2130 3778 2188 Βειιονυο

2199 2217 2364 2275 lentia
2397 2219 2662 2290 siquidem
2682 2235 2789 2289 qua
2818 2218 3104 2278 delunctos
3135 2223 3550 2291 prosequimur,
3585 2224 3779 2295 pignus

2199 2319 2284 2366 est
2309 2311 2374 2365 iis
2402 2313 2491 2380 qui
2520 2311 2844 2380 superstites
2865 2317 2990 2366 sunt
3013 2321 3215 2367 nostra!
3237 2313 3294 2367 in
3316 2307 3466 2383 ipsos
3490 2317 3780 2386 gratitudio

2201 2403 2306 2458 nis.
2339 2403 2446 2458 Sed
2476 2417 2598 2457 cum
2629 2403 2684 2456 in
2723 2400 3024 2459 Manuelem
3057 2405 3312 2461 acerbius
3357 2405 3449 2462 ille
3482 2417 3535 2461 et
3569 2407 3780 2479 ingrate

2200 2486 2336 2549 satis'
2388 2496 2561 2565 magis
2602 2511 2664 2550 ac
2717 2496 2890 2566 magis
2951 2506 3386 2552 commoveretur
3418 2539 3434 2565 ,
3486 2509 3605 2556 orta
3655 2501 3782 2555 inde

2202 2592 2576 2655 contentione,
2631 2589 2976 2646 Andronicus
3032 2591 3134 2646 iste
3181 2593 3236 2646 in
3281 2592 3780 2649 sebastocratorem

2201 2683 2399 2739 infesto
2435 2685 2617 2737 animo
2647 2684 2916 2749 invectus,
2951 2682 3128 2754 gladio
3157 2694 3318 2753 caput
3355 2685 3498 2740 illius
3541 2687 3656 2741 fere
3684 2690 3783 2742 ob-

2204 2784 2533 2840 truncasset,
2563 2777 2665 2830 nisi
2711 2777 3010 2848 imperator
3053 2777 3472 2848 interposuisset
3516 2796 3780 2838 manum:

2201 2878 2257 2923 et
2283 2866 2523 2923 Joannes
2553 2867 2749 2932 Ducas,
2772 2869 2863 2938 qui
2895 2877 2948 2924 et
2977 2871 3096 2940 ipse
3128 2873 3392 2940 patruelis
3422 2869 3538 2926 erat
3569 2873 3779 2940 princi-

2203 2959 2310 3030 pis,
2335 2957 2632 3029 ﬂagellum,
2681 2976 2790 3031 quo
2813 2962 3074 3016 concitari
3093 2962 3266 3017 solent
3288 2964 3436 3034 equi,
3473 2963 3780 3019 imminenti

2201 3065 2517 3122 supponens
2551 3052 2731 3121 gladio
2766 3052 2932 3108 ictum
2961 3053 3198 3109 debilem
3231 3053 3575 3126 fractumque
3626 3072 3783 3111 aver-

2204 3143 2358 3197 tisset
2385 3142 2440 3196 in
2471 3143 2748 3196 maxillam
2772 3143 3093 3198 Andronici.
3128 3143 3208 3197 Ita
3233 3145 3454 3214 quidem
3478 3145 3780 3214 periculum

2205 3235 2399 3288 vitavit
2457 3234 2548 3289 ille
2604 3253 2618 3289 :
2669 3242 2725 3288 at
2784 3235 3086 3302 imperator
3119 3275 3134 3300 ,
3188 3235 3280 3305 qui
3339 3251 3558 3290 manum
3617 3253 3780 3306 supra

2201 3327 2575 3383 Andronicum
2623 3327 3000 3397 protenderat,
3030 3325 3225 3381 vulnus
3275 3330 3505 3398 accepit,
3555 3346 3661 3384 non
3711 3330 3779 3384 le-

2205 3420 2349 3475 thale
2390 3419 2654 3489 quidem,
2702 3420 2796 3475 sed
2845 3435 2953 3491 quo
3001 3419 3279 3489 paululum
3327 3421 3560 3477 dissecta
3615 3421 3785 3478 fuerit

2203 3529 2352 3581 caro,
2378 3515 2534 3584 cujus
2560 3513 2804 3584 quandiu
2833 3513 2966 3568 vixit
2989 3515 3301 3569 cicatricem
3346 3515 3399 3568 in
3443 3530 3608 3584 carpo
3635 3517 3778 3572 tulit.

2201 3605 2278 3661 Ita
2303 3606 2482 3661 acrior
2519 3606 2626 3661 ista
2660 3607 2936 3662 contentio
2963 3606 3588 3677 couquievit.Princeps
3654 3623 3783 3663 vero

2199 3696 2519 3767 aliquandiu
2543 3696 2810 3752 lsaacium
2841 3712 2872 3750 a
2895 3707 3188 3766 conspectu
3218 3698 3447 3752 removit
3476 3713 3490 3750 :
3517 3697 3783 3753 Joannem

2197 3804 2330 3844 vero
2358 3804 2426 3844 eo
2457 3789 2574 3859 ipso
2605 3791 2911 3845 incusatum
2941 3802 3105 3858 supra
3139 3788 3284 3843 dicta
3319 3791 3572 3844 multavit
3599 3806 3782 3860 ραιιμ,

2199 3884 2296 3938 sed
2329 3882 2485 3950 longe
2517 3897 2681 3952 quam
2713 3882 3014 3938 decernunt
3048 3873 3196 3950 leges
3218 3881 3456 3938 mitiore.
3491 3881 3690 3937 Verum
3717 3889 3784 3935 ad

2198 3977 2485 4045 superiora
2528 3978 2834 4030 redeamus.

511 4074 706 4128 τούτου
736 4071 1038 4142 φιλονεικία
1071 4070 1167 4122 ἐπὶ
1203 4067 1458 4122 τοσοῦτον
1495 4064 1836 4136 προελθοῦσα
1899 4068 2294 4138 κατεσιγάσθη.
2368 4069 2634 4132 Βασιλεὺς
2698 4068 2756 4127 δὲ
2807 4067 3079 4124 Ἰσαάκιον
3117 4068 3217 4139 μὲν
3241 4070 3336 4139 ἀφ’
3401 4069 3597 4125 ἑαυτοῦ
3632 4071 3786 4124 ἐποι-

511 4175 684 4244 ήσατο
743 4167 971 4239 ἡμερῶν
1031 4181 1196 4219 τινων
1250 4164 1402 4235 ἄχρι,
1475 4163 1734 4233 Ἰωάννην
1798 4162 1853 4215 δὲ
1912 4161 2094 4230 κρίσει
2134 4164 2415 4234 παραδοὺς
2444 4163 2602 4233 δίκην
2669 4161 2821 4232 αὑτῷ
2875 4163 2975 4234 τὴν
2999 4162 3302 4234 εἰρημένην
3335 4162 3576 4216 ἐπετίθει
3605 4165 3785 4236 πολλῷ

511 4265 611 4335 τῆς
659 4264 723 4315 ἐκ
780 4261 888 4313 τῶν
933 4259 1114 4329 νόμων
1163 4257 1400 4312 ἐλάσσω.
1441 4253 1582 4308 Ἀλλ’
1614 4254 1956 4307 ὲπανακτέον
1992 4254 2084 4305 τὸν
2123 4255 2280 4323 λόγον
2303 4255 2396 4307 ἐπὶ
2424 4256 2495 4308 τά
2521 4256 2782 4325 πρότερα.

588 4365 679 4428 ιη’.
731 4355 1072 4424 Ἐπειδήπερ
1107 4353 1134 4404 6
1172 4349 1519 4421 Ἀνδρόνικος
1561 4348 1813 4418 νυκτέρῳ
1857 4363 2093 4415 κυνηγε-

2275 4348 2437 4419 129
2470 4349 2556 4403 l8.
2598 4348 2888 4418 Postquam
2937 4347 3281 4427 Andronicus
3315 4358 3593 4403 ιιοιιιινιιςιι
3626 4367 3789 4404 vena-

514 4451 617 4520 σίῳ
681 4448 910 4520 βασιλέα
956 4445 1038 4520 [ρ.
1095 4442 1184 4516 74]
1225 4442 1579 4513 διατρίϐοντα
1652 4440 1818 4509 ἔγνω,
1875 4441 2096 4503 ίκανοζις

526 4541 791 4613 Ἰσαύρων
843 4539 952 4592 τῶν
1005 4539 1137 4606 περὶ
1177 4535 1342 4590 αὑτὸν
1377 4533 1769 4602 ὁπλισάμενος,
1801 4534 1964 4603 οἷπερ
2019 4532 2093 4596 ὡς

515 4635 659 4688 κα.τά
709 4633 914 4694 παντὸς
966 4629 1118 4700 αὐτῷ
1163 4627 1547 4695 ξυνασπίσωσι
1623 4627 1837 4688 πίστεις
1905 4625 2094 4678 ἔδοσαν

513 4727 844 4798 φθάσαντες,
879 4724 1047 4776 ἵππον
1079 4738 1139 4775 τε
1167 4718 1334 4774 αὑτοῦ
1380 4718 1470 4773 τὸν
1511 4717 1928 4790 δρομικώτατον
1991 4719 2093 4770 ὲπ-

515 4823 782 4892 αγόμενος
819 4818 916 4872 σὺν
952 4817 1136 4878 αὐτοῖς
1185 4813 1278 4866 ἐπὶ
1328 4812 1421 4867 τὸν
1480 4815 1644 4866 τόπον
1695 4808 1882 4884 ἦλθεν.
1953 4810 2096 4863 Ἀλλ’

514 4914 713 4975 αὐτοὺς
743 4911 843 4982 μέν
897 4911 1155 4979 ἀποτέρω
1197 4907 1290 4960 ἐπὶ
1344 4905 1554 4976 λόχμης
1606 4907 1697 4958 τὸν
1751 4905 1918 4957 ἵππον
1962 4901 2094 4956 καθ-

517 5005 739 5069 ἐξοντας
772 5004 1024 5072 ἔστησεν,
1060 5003 1088 5054 ὁ
1135 4999 1193 5052 δέ
1245 4999 1341 5066 ξὺν
1373 4997 1583 5068 ἡμιόνῳ
1615 4996 1782 5064 ἐγγὺς
1807 4996 1906 5066 τῆς
1941 4994 2097 5065 βασι-

2205 4444 2337 4496 tioui
2370 4459 2590 4512 operam
2623 4444 2750 4496 dare
2797 4442 3096 4510 principem
3144 4441 3427 4501 intellexit,
3463 4458 3525 4493 ex
3560 4443 3785 4508 l‘attris,

2204 4535 2292 4601 qui
2357 4535 2619 4586 adversus
2653 4531 2954 4601 quemlibet
3003 4547 3127 4586 cum
3180 4531 3297 4599 ipso
3347 4547 3407 4586 se
3457 4534 3786 4588 militaturus

2207 4628 2364 4680 iidem
2399 4627 2679 4689 dederant,
2713 4625 2950 4680 delectos
2983 4633 3177 4689 armat,
3211 4637 3599 4695 οδευιιιιιιυηιιθ
3645 4642 3787 4695 equo

2209 4718 2588 4790 pernicissimo
2620 4719 2686 4770 ad
2725 4715 2905 4771 locum
2942 4731 3065 4771 cum
3121 4717 3189 4771 iis
3220 4717 3390 4771 venit.
3442 4715 3554 4770 lllis
3600 4731 3780 4772 autem

2207 4813 2421 4881 longius
2469 4810 2521 4864 in
2570 4809 2704 4863 silva
2752 4809 2948 4866 locatis
2989 4809 3297 4879 traditoque
3345 4809 3411 4863 iis
3457 4825 3621 4879 equo,
3671 4815 3787 4881 ipse

2207 4905 2353 4958 mqu
2382 4904 2622 4957 insidens
2644 4902 2710 4954 ad
2737 4901 3149 4956 tabernaculum
3196 4901 3444 4956 succedit
3492 4903 3786 4970 imperato-

2207 4999 2303 5053 ris.
2332 4997 2408 5052 lbi
2448 5007 2560 5051 tum
2592 4997 2760 5050 tacite
2808 4995 2989 5048 desilit
3034 5004 3092 5049 et
3126 4996 3418 5064 pugionem
3469 4996 3659 5049 dextra
3709 4997 3790 5050 vi-

514 5099 652 5161 λέως
708 5092 841 5167 ῆλθε
897 5093 1130 5164 σκηνῆς,
1187 5089 1403 5152 ἀποϐάς
1457 5107 1516 5142 τε
1565 5091 1742 5160 ἡσυχῇ
1800 5085 2093 5157 ἐπορεύετο

2200 5091 2369 5148 braus
2417 5089 2565 5144 lento
2614 5089 2964 5158 progreditur
2989 5090 3158 5159 gradu
3191 5105 3206 5142 :
3252 5104 3385 5143 neve
3415 5090 3792 5155 deprehende-

517 5191 692 5260 βάδην
723 5187 1058 5259 ἐγχειρίδιον
1088 5186 1355 5238 ἐπισείων
1385 5183 1453 5254 τῇ
1495 5179 1874 5253 δεξιᾷ.”οπως
1901 5198 1964 5248 γε
1997 5179 2093 5251 μὴτ

2202 5193 2354 5239 retur
2421 5188 2488 5237 ab
2538 5181 2760 5249 aliquo,
2825 5179 3072 5235 Italicum
3127 5195 3226 5250 pro
3283 5189 3548 5235 consueto
3593 5196 3784 5250 sagum

523 5282 715 5353 μηδενὶ
748 5280 1063 5352 φωραθείη,
1113 5277 1322 5348 Ἱταλὴν
1356 5277 1482 5328 ἀντὶ
1510 5274 1608 5344 τῆς
1643 5277 1702 5341 ἐξ
1738 5275 1896 5338 ἔθους
1934 5274 2093 5326 ὑπέδι.

2206 5278 2475 5331 induerat.
2505 5273 2626 5328 Mox
2655 5289 2784 5328 vero
2815 5282 2873 5326 ut
2903 5289 2963 5328 se
2989 5277 3232 5344 agnitum
3266 5273 3398 5327 vidit
3429 5273 3649 5344 (quippe
3673 5276 3785 5343 jam

521 5377 716 5446 στολήν
748 5375 882 5447 (ϋῦ),
929 5375 1017 5436 Ὠς
1050 5373 1108 5426 δὲ
1141 5371 1282 5440 ἔγνω
1312 5371 1637 5439 καταφανὴς
1673 5367 1918 5437 γεγονὼς
1978 5367 2093 5437 (ἤδη

2206 5367 2415 5434 gladios
2479 5367 2820 5418 strinxerant
2891 5365 2983 5432 qui
3056 5365 3416 5418 dormientem
3485 5366 3785 5436 principem

517 5473 628 5540 γὰρ
661 5472 754 5523 καὶ
775 5469 903 5540 ξίφη
943 5467 1338 5539 παρεγύμνουν
1369 5467 1418 5519 oi
1449 5466 1541 5519 τὸν
1573 5463 1802 5534 βασιλέα
1833 5459 2093 5514 ὑπνοῦντα

2208 5458 2689 5523 circumstabant,
2749 5468 2910 5525 atque
2956 5456 3008 5509 in
3065 5455 3152 5510 liis
3203 5453 3441 5523 Joannes
3487 5457 3658 5526 ipsius
3716 5471 3786 5513 ex

1872 5579 1970 5639 Du
1996 5575 2215 5654 Cangii
2257 5584 2444 5637 notas.
2945 5631 2992 5650 ν,

591 5719 704 5790 (65)
741 5716 988 5786 ’[τιιλὴν
1035 5675 1291 5784 modiis“.
1348 5712 1545 5784 Sagum
1607 5709 1859 5773 militare,
1894 5708 2093 5764 nostris

2199 5716 2265 5763 tle
2325 5707 2572 5762 d‘urmcs.
2634 5703 2697 5761 V.
2739 5712 2853 5757 not.
2893 5703 2959 5757 ad
2989 5701 3236 5758 Alcxiad.
3276 5717 3328 5773 p.
3359 5703 3488 5760 401.
