4058 6422
343 339 447 401 403

1646 317 1969 381 JOANNIS
2006 316 2130 377 CIN
2143 313 2337 375 ΝΑΜΙ

3497 301 3610 368 ιδι

340 448 507 500 fratre
556 455 744 512 nepos,
788 438 877 509 qui
916 436 1151 508 primus,
1203 443 1262 486 ut
1326 430 1500 495 aiunt,
1553 427 1929 482 Andronicum

2043 422 2430 494 περιεστῶτες,
2485 421 2543 471 ἐν
2595 410 2678 482 οῖς
2733 417 2831 472 καὶ¹
2872 414 3129 488 Ἰωάννης
3172 409 3240 487 ἦν
3286 415 3314 468 ό
3345 414 3614 486 βασιλέως

337 531 699 604 adrerterat),
733 540 792 584 ut
818 528 986 600 igitur
1014 526 1066 580 id
1095 523 1231 578 vidit
1273 520 1642 583 Andronicus,
1668 517 1933 572 continuo

343 631 403 684 in
457 643 631 699 genua
678 623 853 679 ﬂexus
906 632 1209 676 exonerare
1259 630 1319 671 se
1378 612 1558 667 alvum
1620 609 1931 675 simulavit,

346 718 582 788 indeque
618 716 820 771 sensim
865 721 1012 767 retro
1037 711 1240 764 Cedens
1277 705 1431 760 abiit.
1466 704 1541 758 lia
1591 713 1824 758 conatus
1857 702 1930 755 illi

342 809 677 876 consiliaque
691 802 988 859 Andronici
1008 807 1301 862 evanuere.
1322 797 1477 852 Brevi
1494 798 1544 850 in
1555 794 1783 865 terjecto
1803 804 1936 848 tcm—

337 906 470 971 pore
487 914 609 953 cum
641 898 851 966 majore
891 894 1202 948 lsaurormn
1244 906 1406 945 manu
1445 891 1511 944 ad
1541 888 1930 958 imperatorem

340 990 730 1062 proliciscitur.
778 985 933 1051 Quod
988 984 1081 1039 ubi
1131 982 1438 1037 nuntiatum
1469 988 1555 1035 est
1581 980 1839 1047 Augustae
1868 976 1934 1031 ab

356 1083 549 1136 Alexio
580 1077 913 1148 imperatorii
949 1074 1145 1130 stabuli
1178 1072 1435 1143 praefecto
1460 1072 1932 1141 (protostralorem

344 1172 395 1225 id
430 1170 674 1226 muneris
724 1176 924 1223 vocant
954 1164 1246 1229 Romani),
1283 1162 1502 1233 quidam
1551 1163 1826 1229 ertemplo
1873 1158 1931 1212 in

344 1261 539 1334 primis
573 1259 861 1328 expeditus
901 1270 999 1310 eas
1037 1255 1267 1310 insidias
1314 1251 1550 1323 principi
1600 1250 1935 1305 iudicaturus

344 1353 624 1408 mittitur:
673 1363 907 1418 moxque
960 1347 1138 1412 lsach,
1184 1345 1342 1414 quia
1396 1343 1654 1399 barbaris
1697 1341 1935 1396 ducebat

354 1458 543 1513 genus,
579 1441 912 1511 creteroquin
960 1438 1099 1492 {ldus
1138 1451 1262 1490 cum
1308 1436 1547 1490 maxime
1588 1434 1932 1504 imperatori,

343 1552 468 1591 cum
505 1534 779 1590 trecentis
824 1531 1052 1586 armatis
1110 1530 1177 1584 ad
1210 1543 1333 1584 eum
1378 1527 1585 1598 pariter
1628 1526 1933 1594 prtiﬁt'lSCl-

344 1637 455 1681 tur.
489 1627 595 1682 Sed
631 1626 950 1695 priusquam
980 1622 1047 1679 ad
1081 1622 1255 1677 locum
1296 1619 1451 1674 lsach
1505 1620 1839 1689 perveniret,
1878 1635 1933 1672 re

344 1730 593 1788 percepta
620 1716 938 1787 imperator,
962 1714 1122 1786 13o
1176 1714 1538 1769 trementibus
1565 1712 1687 1767 aliis
1706 1721 1760 1766 et
1789 1720 1931 1765 metu

2034 513 2379 584 ἀδελφιδοῦς,
2407 512 2650 584 πρῶτος,
2694 510 2852 580 φασὶ,
2885 509 2976 563 τὸν
3021 509 3363 581 Ἀνδρόνικον
3390 509 3619 563 ὲπιὸντα

2034 605 2238 676 εἰδὼς),
2272 606 2346 670 ὡς
2378 601 2471 659 οὖν
2501 605 2644 674 ἔγνω
2672 602 2848 657 ταῦτα
2880 602 2909 654 ό
2951 601 3317 673 Ἀνδρόνικος,
3358 601 3452 655 ἐπὶ
3483 601 3619 668 γόνυ

2034 698 2242 761 κλιθεὶς
2284 697 2377 751 τὸν
2439 696 2538 765 τῆς
2584 695 2822 766 γαστρὸς
2870 694 3031 767 δῆθεν
3076 694 3399 765 ἀποκρίνειν
3446 711 3623 764 προσ-

2036 794 2277 846 εποιεῖτο
2312 790 2711 860 σκυδαλισμὸν,
2738 789 2882 843 οὕτω
2912 806 2974 842 τε
3012 789 3156 843 κατὰ
3187 788 3363 860 βραχὺ
3409 789 3621 842 ὑποπο-

2032 881 2190 946 δίσας
2246 881 2419 954 ᾤχετο
2469 879 2669 935 ἀπιών.
2721 879 2832 933 Καὶ
2882 880 2952 934 τὰ
3011 879 3113 950 μὲν
3156 880 3260 951 τῆς
3315 878 3619 949 ἐπιϐουλῆς

2033 975 2255 1043 ἐκείνης
2310 973 2550 1028 ἐνταῦθα
2589 973 2801 1027 ἐλύετο.
2870 971 3071 1043 Ὀλίγῳ
3121 971 3179 1025 δὲ
3234 970 3466 1043 ὕστερον
3520 972 3621 1026 σὺν

2034 1066 2291 1122 πλείοσιν
2329 1064 2599 1135 Ἰσαύρων
2630 1064 2777 1136 ἐξῄει
2803 1063 3024 1137 νύκτωρ
3053 1064 3146 1118 ἐπὶ
3189 1062 3418 1134 βασιλέα
3462 1063 3622 1117 στιλ-

2034 1160 2262 1232 λόμενος
2305 1173 2321 1189 ⁰
2377 1152 2552 1229 οὗπερ
2612 1156 2978 1227 ἀγγελθέντος
3056 1159 3124 1228 τῇ
3189 1154 3428 1228 βασιλίδι
3480 1154 3623 1229 πρὸς

2047 1251 2320 1318 Ἀλεξίου,
2384 1250 2446 1315 ὃς
2501 1253 2617 1314 τοῖς
2676 1250 2984 1321 βασιλικοῖς
3023 1249 3226 1320 τηνίκα
3282 1249 3625 1319 ίπποκομίαν

2034 1343 2282 1414 ἐφεστὼς
2334 1338 2404 1414 ἦν
2465 1344 2967 1416 (πρωτοστρὰτορα
3016 1342 3130 1416 (66)
3176 1340 3338 1397 τοῦτο
3391 1340 3624 1396 καλοῦσι

2045 1438 2313 1508 Ῥωμαῖοι
2355 1438 2417 1490 τὸ
2459 1434 2884 1507 λειτούργημα),
2918 1438 2977 1490 ὲν
3013 1437 3117 1508 μὲν
3163 1436 3245 1508 τῷ
3298 1435 3626 1508 παραυτίκα

2032 1531 2145 1582 τῶν
2195 1545 2281 1592 τις
2340 1526 2732 1598 εύζωνοτέρων
2777 1526 3066 1580 ἐστέλλετο
3119 1525 3379 1596 μηνύσων
3411 1523 3628 1594 βασιλεῖ

2033 1621 2133 1691 τὴν
2157 1618 2473 1692 ἐπιϐουλήν.
2502 1615 2634 1673 Εἶτα
2684 1620 2943 1687 καὶἸσὰχ
2992 1620 3132 1687 ἀνὴρ
3181 1615 3621 1690 βαρϐαρογενὴς,

2034 1712 2227 1775 εὖνους
2262 1713 2319 1765 δὲ
2352 1710 2571 1781 βασιλεῖ
2598 1710 2837 1781 μάλιστα
2868 1711 2968 1764 σὺν
2999 1710 3371 1780 όπλοφοροῦσι
3396 1725 3626 1777 τριακο-

344 1811 712 1868 consternatis
737 1811 903 1882 (forte
936 1810 1083 1863 enim
1121 1808 1201 1863 sic
1250 1822 1417 1862 casus
1449 1806 1650 1862 tulerat
1682 1814 1740 1859 ut
1771 1804 1933 1859 mulis

2043 1808 2173 1870 σξοις
2204 1806 2513 1875 ἐπέμπετο.
2560 1804 2706 1857 Ἀλλ’
2732 1803 2888 1857 οὔπω
2914 1802 3011 1856 τοῦ
3046 1802 3192 1873 Ίσάχ
3223 1803 3317 1855 ἐπὶ
3341 1801 3435 1856 τὸν
3459 1801 3627 1855 τόπον

344 1904 588 1973 plerique
614 1901 989 1970 veherentur),
1021 1900 1136 1969 ipse
1162 1913 1192 1951 a
1222 1902 1308 1952 via
1338 1909 1485 1953 recta
1513 1912 1635 1966 qua:
1658 1895 1723 1949 ad
1753 1906 1932 1949 castra

2043 1899 2308 1965 ἐλθόντος,
2346 1898 2657 1968 πυθόμενος
2688 1898 2788 1969 ἤδη
2820 1899 2885 1950 τὸ
2910 1899 3153 1968 πρᾶγμα
3187 1895 3472 1967 βασιλεὺς,
3513 1894 3629 1949 τῶν

344 2005 402 2051 et
431 1992 845 2064 hnperatorium
879 1991 1290 2047 tabernaculum
1328 1987 1607 2057 tendebat,
1634 1987 1934 2044 deﬂecten-

2043 1989 2218 2045 ἄλλων
2262 1988 2633 2057 ἀγωνιώντων
2662 1989 2757 2042 καὶ
2793 1989 3322 2059 συνταραττομένων
3361 1987 3448 2056 ἐφ’
3494 1986 3629 2040 ἐαυ-

342 2090 470 2145 dum
523 2088 775 2157 censuit;
826 2087 1042 2143 insolita
1095 2096 1279 2142 autem
1327 2095 1385 2140 et
1433 2084 1615 2140 minus
1647 2081 1931 2147 .tritailla,

2043 2083 2166 2146 τοὺς
2204 2080 2530 2154 (ἐτύγχανον
2554 2082 2667 2152 γὰρ
2691 2082 2743 2134 oi
2792 2080 3015 2144 πλείους
3043 2080 3319 2152 ὴμιονίοις
3352 2076 3499 2132 οὕτω
3525 2094 3629 2131 τυ-

347 2195 512 2251 quam
547 2179 875 2237 ostendebat
923 2194 1113 2245 inane,
1168 2193 1347 2249 neque
1394 2175 1507 2232 lato
1548 2177 1786 2248 agmine,
1839 2176 1934 2229 sed

2043 2177 2133 2245 χὸν
2162 2172 2536 2247 ἐφεζόμενοι),
2597 2173 2766 2237 αὐτὸς
2811 2172 3020 2245 χρῆναι
3054 2172 3211 2239 ἔλεγε
3264 2171 3367 2242 τῆς
3404 2169 3630 2235 εὐθείας

344 2272 658 2344 singulatim
724 2271 904 2341 spatio
939 2271 1256 2326 intermisso
1313 2270 1705 2326 incedendum.
1783 2286 1805 2319 ι
1856 2264 1932 2320 Ita

2043 2264 2475 2333 ἀποσχομένους,
2511 2266 2545 2337 ἢ
2578 2262 2671 2318 ὲπί
2721 2280 2783 2317 τε
2834 2264 2898 2317 τὸ
2960 2262 3330 2334 στρατόπεδον
3383 2260 3483 2316 καὶ
3525 2260 3629 2333 τὴν

348 2366 492 2419 enim
545 2364 919 2435 pabulatores,
970 2364 1166 2433 inquit,
1223 2361 1555 2428 videbimur,
1608 2360 1699 2430 qui
1750 2359 1818 2413 ad
1869 2373 1931 2411 ea

2043 2355 2315 2422 βασίλειον
2350 2356 2559 2428 σκηνὴν
2589 2358 2738 2425 ἄγει,
2770 2356 2871 2428 τὴν
2901 2356 3148 2428 ἀσυνήθη
3205 2356 3444 2427 ἐκείνην,
3492 2357 3634 2412 ὑπο-

351 2457 579 2511 tendunt
610 2472 732 2527 quae
770 2457 1188 2525 conspiciuntur
1211 2455 1469 2511 tentoria.
1494 2471 1514 2508 ο
1549 2452 1643 2508 Sic
1671 2452 1937 2521 intrepide

350 2551 417 2603 ad
473 2549 886 2604 tabernaculum
938 2548 1183 2619 perrexit
1243 2546 1517 2618 princeps.
1542 2544 1609 2599 Et
1650 2542 1936 2608 Joannem,

349 2641 515 2711 cujus
541 2656 703 2711 supra
731 2641 1063 2695 mentionem
1095 2639 1220 2703 feci,
1242 2653 1364 2693 cum
1391 2637 1582 2691 obvius
1612 2650 1744 2705 aper
1766 2636 1941 2690 denti-

357 2733 459 2788 bus
496 2736 783 2804 laceraret,
811 2746 870 2788 ut
914 2732 963 2786 id
992 2732 1234 2795 rescivit,
1262 2730 1521 2785 continuo
1555 2729 1622 2784 ad
1658 2744 1780 2784 eum
1810 2743 1941 2783 cou-

352 2840 546 2881 versus
582 2824 910 2889 revertitur,
967 2823 1314 2894 peractisque
1361 2822 1429 2876 iis
1469 2835 1589 2890 qtue
1624 2819 1938 2875 necessaria

350 2927 510 2973 erant
538 2917 755 2979 tandem
782 2918 1016 2972 exrcdit.
1041 2915 1214 2969 Tanta
1247 2923 1431 2969 autem
1468 2912 1635 2967 animi
1672 2914 1941 2981 magnitu-

360 3011 486 3064 dine
519 3024 633 3064 rem
669 3011 827 3064 istam
857 3007 1092 3077 accepit,
1130 3016 1188 3064 ut
1219 3020 1287 3061 ne
1334 3005 1487 3060 vultu
1520 3004 1738 3075 quidem
1776 3004 1936 3073 quid-

356 3118 522 3170 quam
557 3101 869 3155 Andronico
902 3100 1063 3154 fuerit
1098 3108 1354 3155 testatus.
1391 3097 1461 3152 At
1492 3096 1582 3154 ille
1612 3097 1770 3167 quasi
1798 3094 1938 3151 nihil

355 3209 544 3249 eorum
580 3209 702 3264 qua:
748 3193 1082 3257 acliderant,
1123 3191 1228 3247 sibi
1277 3190 1572 3255 conscius,
1616 3204 1838 3260 equum,
1868 3187 1939 3244 de

350 3299 460 3356 quo
488 3285 601 3356 jam
630 3285 864 3354 egimus,
904 3283 1092 3338 sedulo
1122 3291 1306 3350 curat,
1336 3280 1508 3337 multa
1541 3268 1760 3338 interim
1806 3294 1939 3350 pro-

350 3377 527 3449 palam
568 3379 831 3432 adversus
867 3375 1135 3431 Joannem
1175 3373 1462 3446 proferens
1498 3389 1563 3431 ac
1606 3381 1791 3431 mente
1824 3373 1941 3429 vol-

356 3478 509 3519 vens.
547 3463 699 3518 Unde
750 3474 979 3534 rogante
1019 3462 1313 3532 aliquando
1347 3465 1618 3536 principe,
1651 3465 1782 3536 quid
1827 3465 1942 3520 hac

354 3552 459 3607 sibi
495 3552 657 3607 vellet
689 3553 815 3622 equi
867 3551 1123 3607 aﬂ‘ectata
1169 3552 1349 3608 cura?
1401 3571 1419 3604 ο
1456 3552 1547 3621 Ut,
1600 3554 1777 3625 inquit
1826 3554 1938 3622 ille,

353 3641 597 3695 omnium
652 3639 782 3694 mihi
834 3638 1192 3694 infensissimi
1242 3639 1419 3696 hostis
1464 3649 1720 3698 truncato
1760 3645 1941 3713 capite

354 3732 540 3784 statim
589 3731 885 3798 aufugiam,
921 3749 939 3782 ι
998 3734 1066 3787 iis
1095 3730 1352 3789 videlicet
1386 3734 1568 3790 verbis
1610 3738 1931 3805 protoseba-

2036 2448 2220 2513 δείξας
2268 2451 2333 2520 τῇ
2388 2451 2561 2521 χειρὶ,
2616 2450 2714 2503 καὶ
2748 2451 3048 2505 ἄστειπτον
3085 2449 3246 2514 ἰέναι,
3313 2451 3391 2522 μὴ
3443 2450 3627 2521 μέντοι

2039 2536 2186 2590 κατὰ
2219 2536 2450 2601 πλάτος,
2506 2536 2624 2591 ἀλλ’
2657 2537 2755 2591 ἕνα
2801 2538 2926 2593 καθ’
2953 2538 3051 2592 ἕνα
3090 2540 3148 2592 ἐν
3194 2538 3481 2593 διαστάσει
3528 2537 3631 2611 τὴν

2050 2629 2288 2701 πορείαν
2334 2629 2687 2700 τιθεμένους.
2720 2648 2738 2681 ι
2780 2628 2939 2684 Οὕτω
2978 2628 3112 2701 γὰρ,
3145 2629 3276 2701 ἔφη,
3303 2629 3413 2683 τῶν
3440 2632 3507 2685 ὲκ
3527 2624 3628 2701 τῆς

2042 2718 2433 2789 χορταγωγίας
2468 2720 2806 2774 ἐπανιόντων
2858 2719 3121 2790 δόξαιμεν
3171 2717 3317 2774 εἷναί
3351 2737 3502 2784 τινες
3536 2721 3631 2774 ἐπὶ

2043 2812 2255 2882 σκηνάς
2289 2827 2349 2863 τε
2396 2811 2497 2875 τάς
2530 2811 2657 2881 τῇδε
2701 2811 3042 2882 φαινομένας
3074 2810 3330 2883 χωρεῖν.»
3363 2810 3633 2877 Βασιλεὺς

2044 2906 2141 2977 μὲν
2168 2904 2263 2958 οὖν
2297 2902 2471 2968 οὕτως
2495 2905 2780 2975 ἀτρέστως
2802 2905 2901 2985 sui,
2929 2904 3032 2977 τὴν
3069 2905 3278 2977 σκηνὴν
3302 2906 3629 2976 ἐπορεύετο.

2053 2996 2313 3067 Ἰωάννην
2341 2996 2400 3051 δὲ
2449 2985 2623 3066 οὗπερ
2668 2998 2798 3068 ἄρτι
2848 2998 3132 3070 ἐμνήσθην
3161 2998 3259 3063 οὓς
3289 2998 3634 3063 ὑπαντιάσας

2042 3092 2157 3154 τοῖς
2219 3089 2405 3144 ὀδοῦσι
2463 3077 2857 3161 διεσπάραξεν.
2916 3089 2984 3144 Ὃ
3034 3090 3272 3162 τάχιστα
3318 3092 3631 3162 πυθόμενος

2047 3174 2307 3255 βασιλεὺς
2332 3179 2746 3251 όπισθόρμητος
2787 3178 2879 3233 ἐπ’
2920 3180 3133 3234 ἐκεῖνον
3162 3174 3330 3254 ἦλθεν
3364 3181 3631 3253 ἐπιμελη-

2048 3272 2285 3345 σάμενός
2316 3288 2378 3325 τε
2400 3271 2472 3325 τὰ
2507 3271 2699 3324 εῐκότα
2733 3269 3055 3342 ἀπηλλάγη.
3088 3269 3248 3325 Οὕτω
3290 3271 3476 3343 μέντοι
3525 3289 3628 3343 με·

2047 3364 2379 3436 γαλοψύχως
2430 3362 2510 3435 τῷ
2562 3363 2854 3434 πράγματι
2906 3363 3302 3435 προσηνέχθη,
3362 3364 3439 3428 ὡς
3496 3364 3634 3436 μηδὲ

2045 3459 2175 3531 ἄχρι
2210 3458 2307 3512 καὶ
2343 3456 2658 3528 βλέμματος
2688 3454 3024 3527 Ἀνδρονίκῳ
3065 3457 3503 3529 προσενεχθῆναι
3529 3475 3637 3513 κα-

2044 3549 2181 3613 κῶς.
2224 3549 2286 3602 Ὀ
2310 3548 2365 3602 δὲ
2393 3547 2586 3618 ὥσπερ
2632 3549 2742 3602 τῶν
2786 3548 3202 3621 πεπραγμένων
3249 3550 3403 3604 οὐδὲν
3451 3550 3636 3621 ἐαυτῷ

2048 3638 2303 3707 ξυνειδὼς
2346 3640 2443 3695 τοῦ
2497 3657 2557 3694 τε
2615 3643 2786 3694 ἵππου
2829 3641 2889 3696 ὃν
2931 3641 3033 3714 ἤδη
3067 3641 3205 3711 ἔφην
3250 3643 3308 3707 ές
3337 3644 3478 3712 ἄγαν
3506 3644 3634 3697 ἑπι-

2043 3736 2357 3806 μεμέληται
2384 3734 2481 3790 καὶ
2509 3734 2682 3799 πολὺς
2717 3730 2785 3807 ἦν
2812 3734 2889 3807 τῷ
2918 3737 3239 3807 φαινομένῳ
3273 3737 3418 3789 κατά
3455 3734 3637 3790 Ἰωιὶν⁶

356 3835 503 3877 Stum
565 3822 817 3878 innuens.
873 3823 975 3879 Ubi
1033 3824 1201 3894 igitur
1256 3839 1459 3895 aegrum
1516 3826 1753 3883 amentia
1811 3828 1937 3883 vidit

2043 3845 2134 3883 νου
2170 3830 2267 3883 καὶ
2300 3828 2478 3898 λέγων
2504 3831 2592 3884 ἀεὶ
2618 3828 2712 3882 καὶ
2749 3830 2987 3900 φρονῶν.
3024 3828 3193 3883 Ὅθεν
3235 3829 3330 3882 καὶ
3361 3828 3637 3882 πυνθανο-

360 3911 681 3979 hominem,
736 3929 764 3965 a
813 3914 1091 3970 consortio
1131 3928 1234 3970 suo
1285 3924 1593 3984 remotum,
1634 3916 1689 3972 in
1741 3917 1937 3989 palatia

2043 3921 2213 3994 μένου
2246 3922 2379 3976 ποτὲ
2407 3920 2504 3976 τοῦ
2539 3920 2810 3993 βασιλέως
2838 3923 2891 3976 τί
2924 3920 3011 3994 [Ρ.
3045 3920 3137 3995 75]
3175 3921 3428 3995 βούλεται
3460 3920 3637 3992 τούτῳ

363 4003 747 4058 includendmn
780 4006 1014 4062 curavit.
1262 4022 1265 4029 '

2043 4014 2112 4069 τὰ
2136 4013 2239 4085 τῆς
2287 4012 2383 4067 τοῦ
2433 4012 2606 4067 ἵππου
2651 4012 2810 4065 τοῦδε
2856 4014 3279 4085 ὲπιμελήσεωςς
3331 4032 3351 4066 ι
3400 4014 3490 4078 Ὠς
3540 4013 3633 4077 ἂν,

357 4096 462 4167 ἔφη
511 4097 745 4161 ἐκεῖνος,
791 4097 885 4152 τὸν
936 4101 1159 4155 πάντων
1192 4099 1319 4171 ἐμοὶ
1360 4098 1802 4171 δυσμενέστατον
1841 4105 1943 4175 τῆς
1982 4108 2234 4178 κεφαλῆς
2295 4107 2636 4178 ἀφελόμενος
2673 4106 2974 4178 οἰχήσομαι
3013 4108 3217 4173 ἀπιὼν,
3256 4127 3276 4161 ι
3305 4109 3395 4162 διὰ
3422 4110 3635 4164 τούτων

356 4189 520 4261 δῆθεν
572 4189 662 4243 τὸν
719 4190 1186 4261 πρωτοσέσαστον
1233 4194 1635 4266 αἰνιττόμενος.
1703 4196 1794 4261 Ὠς
1851 4196 1947 4253 οὖν
1986 4200 2130 4271 ἔγνω
2196 4204 2462 4255 ἀπόνοιαν
2531 4199 2797 4256 νοσοῦντα
2840 4200 2937 4255 τὸν
2979 4199 3293 4272 ἄνθρωπον,
3345 4202 3635 4263 κοινωνίας

359 4285 611 4357 ἐκτεμὼν
641 4287 741 4359 τῆς
777 4287 945 4342 αὑτιῦ
978 4287 1440 4361 ἔμφρουρον·(67)
1468 4291 1528 4346 ἐν
1561 4291 1813 4364 παλατίῳ
1836 4293 2185 4369 καθίστησιν.

434 4381 522 4436 19.
588 4379 682 4436 Sic
724 4380 813 4435 ille
861 4381 915 4435 in
955 4380 1205 4437 ordinem
1264 4390 1422 4439 actus
1455 4394 1559 4440 est.
1602 4383 1719 4440 Rex
1761 4396 1937 4442 autem

2125 4387 2207 4444 ιϐ’.
2264 4388 2322 4442 '0
2360 4388 2462 4460 μὲν
2490 4383 2585 4443 οὖν
2609 4390 2674 4444 ὲκ
2710 4388 2892 4445 ποδὼν
2924 4390 3246 4457 ὲγένετο.’0
3277 4388 3334 4444 δὲ
3367 4388 3634 4454 Παιονίας

361 4471 655 4542 lluugaria:
694 4471 956 4526 nihildum
988 4472 1217 4528 edoctus
1250 4489 1440 4529 eorum
1485 4489 1609 4545 qua:
1630 4475 1937 4533 Andronico

2055 4481 2157 4553 ρἡ
2208 4483 2379 4552 μήπω
2415 4499 2470 4534 τι
2522 4482 2881 4551 πεπυσμένος
2937 4482 3049 4535 τῶν
3111 4481 3442 4553 Ἀνδρονίκῳ
3495 4499 3637 4553 συμθ

360 4573 675 4629 ονθιιεετιιιι,
717 4573 1003 4618 contracto
1045 4579 1112 4619 ex
1157 4565 1395 4622 thchis
1427 4576 1483 4621 et
1526 4565 1842 4624 Saxoiiibus
1888 4580 1937 4623 et

2054 4573 2429 4626 πεπτωκότων
2469 4572 2729 4644 δυνάμεις
2763 4574 2828 4626 ἐκ
2874 4590 2935 4627 τε
2985 4576 3208 4645 Τζέχων
3254 4576 3352 4629 καὶ
3384 4576 3635 4643 Σαξόνων

366 4655 519 4727 131
569 4655 689 4709 aliis
726 4658 984 4727 gentibus
1047 4658 1423 4728 compluribus
1469 4661 1755 4725 exercitu,
1813 4661 1937 4716 Bra-

2054 4661 2232 4715 ἄλλων
2265 4677 2324 4712 τε
2359 4661 2633 4715 πλείστων
2664 4663 2846 4732 ἐαυτῷ
2878 4680 2942 4716 συ
2955 4666 3299 4736 στησάμενος
3334 4667 3508 4721 ἐθνῶν
3552 4668 3635 4732 εἰς

363 4751 615 4804 nizobam
664 4751 848 4805 urbem
904 4765 1221 4822 oppugnare
1253 4753 1553 4819 contendit,
1600 4756 1772 4823 pactis
1808 4756 1947 4809 forte

361 4842 665 4908 conlidens,
692 4857 811 4912 quae
852 4858 974 4897 cum
1013 4842 1327 4900 Andronico
1367 4845 1667 4915 pepigerat.
1700 4845 1832 4913 Ejus
1868 4847 1941 4899 rei

365 4937 555 4985 nuntio
577 4928 988 5004 obstupefactus
1009 4933 1265 5005 princeps
1292 4934 1523 4990 miratus
1545 4944 1630 4989 est
1659 4933 1941 5006 perﬁdiam

356 5024 770 5099 iuungarorum,
805 5026 950 5095 quod
981 5041 1103 5097 quas
1147 5028 1511 5084 sacramentis
1559 5019 1703 5084 haud
1734 5028 1943 5098 pridem

299 5122 321 5147 ‘
348 5097 713 5190 sniciyerant
747 5120 897 5175 nulla
926 5121 994 5175 de
1015 5136 1183 5178 causa
1215 5121 1625 5192 posthaberent.
1654 5097 1950 5178 Celeritate

367 5212 531 5279 igitur
556 5225 718 5280 egere
759 5226 873 5266 rem
914 5213 1194 5284 opinatus,
1227 5204 1416 5268 versus
1455 5211 1651 5267 Istrum
1686 5213 1949 5267 continuo

370 5300 472 5353 iter
499 5300 758 5355 intendat.
787 5304 856 5356 At
885 5320 1008 5358 cum
1055 5304 1222 5359 sciret
1275 5320 1405 5359 suos
1448 5319 1788 5374 nequaquam
1827 5320 1949 5361 esse

370 5392 642 5462 llungaris
667 5410 823 5464 pares
853 5396 1078 5467 (quippe
1110 5397 1481 5451 [tertianorum
1513 5397 1680 5464 vires,
1731 5397 1949 5453 nemine

2053 4751 2152 4822 τὴν
2196 4741 2572 4823 Βρανιτζόϐης
2627 4755 2953 4826 πολιορκίαν
2999 4759 3315 4823 καθίστατο,
3349 4761 3636 4831 ἐπαρθεὶς,

2052 4836 2228 4911 οἶμαι,
2250 4836 2332 4905 οἷς
2359 4842 2704 4914 Ἀνδρόνικος
2736 4846 2884 4917 αὐτῷ
2904 4847 3433 4921 διομολογησάμενος
3454 4853 3635 4922 ἔτυχε.

2052 4936 2272 4989 Τούτων
2310 4937 2564 5005 βασιλεὺς
2602 4940 2844 5003 ἀκούσας
2880 4943 3312 5014 καταπέπληκτο
3349 4944 3450 5013 μὲν
3500 4946 3639 5012 προς

2054 5027 2155 5096 τὴν
2187 5028 2359 5097 ἀκοὴν
2384 5028 2480 5080 καὶ
2517 5027 2616 5100 τὴν
2652 5027 2874 5083 Οῠννων
2902 5031 3220 5101 ἐθαύμαζεν
3265 5035 3556 5102 ἁπιττίαν,
3586 5035 3638 5088 εί

2051 5122 2160 5172 τὼν
2189 5120 2417 5190 ἔναγχος
2452 5120 2635 5190 σφίσιν
2678 5123 3093 5191 ὀμωμοσμένων
3121 5122 3181 5188 ἐξ
3213 5125 3472 5194 οὐδεμιᾶς
3511 5123 3641 5179 ἀλο-

2054 5213 2286 5280 γήσει.ν
2365 5212 2593 5274 αἰτίαςο
2659 5211 2919 5283 ὀξύτητος
2975 5213 3022 5265 δ’
3086 5215 3237 5285 ὅμως
3294 5215 3503 5269 δεῖσθαι
3573 5215 3637 5269 τὸ

2055 5305 2288 5374 πρᾶγμα
2315 5304 2774 5376 βουλευσάμενος,
2815 5306 3019 5360 αύτίκα
3052 5307 3153 5378 τὴν
3181 5308 3273 5361 ἐπὶ
3310 5308 3400 5362 τὸν
3427 5309 3638 5380 Ἴστρον

2054 5399 2305 5468 ἐφέρετο.
2356 5396 2524 5462 Εἰδὼς
2573 5399 2630 5452 δὲ
2667 5401 2793 5463 τοὺς
2826 5401 2928 5455 σὺν
2968 5399 3120 5471 αὐτῷ
3157 5402 3261 5457 οὐκ
3303 5400 3640 5470 ἀξιομάχους

1709 5557 1802 5619 Du
1831 5556 2053 5635 Cangii
2106 5564 2294 5618 notae.

588 5681 1109 5759 Ῑζρέυτοστράτορςι.
1243 5684 1640 5759 haediguitate
1672 5687 1794 5742 vide
1826 5696 1937 5742 nol:

2049 5690 2114 5743 ad
2147 5687 2355 5759 p.127.

443 5749 552 5820 (67)
614 5749 1019 5820 Ἕμρρουρον.
1054 5752 1114 5807 ν.
1143 5753 1318 5809 Nicet.
1352 5754 1389 5810 l.
1427 5749 1507 5820 tit,
1543 5776 1592 5810 c.
1627 5762 1678 5810 *2.
