4058 6398
357 490 464 557 ιδτ
536 492 552 507 ’

1634 488 1960 567 ΙΟᾼΝΝΙΒ
1996 492 2329 558 ΟίΝΝΑΜΙ

3512 492 3623 557 λίσῖ

354 607 517 661 sisset
538 604 813 675 princeps,
847 608 1124 660 maturato
1145 575 1349 661 itinere
1371 603 1438 660 ad
1456 602 1747 673 Hungaros
1768 619 1932 677 quam

2047 604 2098 659 δὲ
2137 604 2352 676 βασιλεῖ
2415 603 2791 677 χρηματίσας.
2833 601 2894 657 Ὅ
2950 602 3008 657 δὲ
3066 601 3329 673 βασιλεὺς
3387 603 3624 656 κατόπιν

357 695 604 764 proxime
624 695 907 751 successit.
923 694 1168 766 Cumque
1192 698 1246 751 in
1270 710 1638 765 praecursores
1664 696 1931 767 quosdam

360 788 663 852 incidisset,
689 785 892 858 fugatis
923 788 1009 853 iis,
1047 788 1101 842 in
1130 789 1362 842 mediam
1403 788 1601 843 deinde
1634 788 1794 842 irruit
1834 787 1937 843 bo-

358 880 522 934 stittm
573 880 937 951 phalangem,
952 881 1257 951 .egregium
1302 894 1363 935 se
1409 880 1621 935 facinus
1666 881 1937 935 editurum

357 969 610 1029 credens.
649 970 696 1025 si
743 985 809 1023 eo
840 972 1168 1026 conterritos
1204 981 1348 1025 metu
1384 986 1673 1041 aggressus
1717 970 1940 1026 ordines

358 1064 754 1131 perturhasset.
773 1061 960 1132 Neque
992 1063 1082 1116 illa
1121 1078 1243 1118 eum
1278 1066 1501 1118 omnino
1532 1079 1656 1133 spes
1680 1063 1940 1118 frustrata

356 1166 461 1207 est.
499 1151 745 1224 Namque
782 1154 1020 1223 llungari
1066 1155 1244 1224 primo
1288 1155 1510 1225 quidem
1556 1157 1731 1226 ipsum
1769 1157 1940 1222 copiis

360 1245 482 1300 istis
509 1261 747 1315 praeesse
777 1248 1166 1326 imperatorem
1199 1250 1326 1316 rati,
1367 1249 1513 1304 nullo
1543 1251 1732 1303 ordine
1760 1252 1940 1319 fugam

358 1338 671 1406 arripiunt:
708 1353 1007 1409 eorumque
1073 1340 1225 1395 multi
1260 1340 1386 1395 dum
1428 1343 1479 1396 in
1534 1342 1765 1411 scaphas
1808 1357 1944 1397 cort-

359 1431 483 1490 ferti
512 1431 777 1497 incidunt,
814 1424 1040 1489 ﬂumine
1067 1434 1456 1492 absorbentur.
1512 1437 1585 1491 At
1615 1437 1703 1491 ubl
1743 1451 1946 1506 cogno-

356 1528 486 1580 vere
522 1526 781 1595 subsequi
819 1527 1145 1598 principem,
1178 1529 1352 1583 aoiem
1374 1543 1507 1584 vero
1553 1528 1717 1583 istam
1756 1543 1941 1599 regere

359 1620 664 1689 Basiliam;
714 1620 992 1675 sustulere
1050 1621 1266 1677 animos
1309 1632 1363 1676 et
1415 1636 1686 1677 converso
1729 1622 1946 1693 agmine

361 1714 638 1769 Romanos
686 1728 954 1786 excepere
997 1732 1013 1771 :
1049 1715 1144 1787 qui
1189 1717 1291 1771 etsi
1339 1715 1661 1770 bellatorum
1717 1729 1945 1770 numero

357 1807 610 1863 hostibus
644 1802 807 1878 longe
864 1806 1183 1873 inferiores,
1237 1809 1553 1864 sustinuere
1600 1818 1779 1862 tamen
1827 1823 1941 1864 eos.

2044 701 2142 754 σὺν
2172 700 2254 773 τῷ
2283 701 2431 773 ἄλλῳ
2463 699 2757 772 Ῥωμαίων
2801 697 3024 771 στρατῷ
3051 699 3328 771 σχολαιότε
3339 716 3433 766 ρον
3459 699 3622 769 ἔχων,

2052 794 2217 849 una;
2292 793 2595 861 Βασίλειος,
2658 792 2851 864 ὥσπερ
2911 790 3089 865 οἶμαι,
3132 791 3435 863 λαθόμενος
3499 794 3628 847 ὅτου

2040 888 2106 959 δὴ
2150 886 2314 957 χάριν
2352 887 2448 940 καὶ
2501 885 2611 939 τίνι
2657 885 3097 957 πολεμησείοντα
3148 883 3404 955 βασιλεὺς
3459 885 3625 938 αὐτὸν

2043 979 2261 1050 ἔπεμψε
2292 1020 2307 1044 ,
2359 980 2452 1033 τὸν
2507 980 2714 1051 δρόμον
2767 980 3160 1049 καταταχήσας
3230 977 3467 1046 ἔγγιστα
3526 977 3625 1030 τοῦ

2042 1070 2263 1125 Οὗννων
2322 1071 2546 1139 ἐγένετο
2619 1070 2855 1142 στρατοῦ
2889 1113 2904 1135 ,
2979 1070 3316 1140 προδρόμοις
3365 1069 3425 1122 τέ
3480 1087 3629 1122 τισιν

2042 1160 2314 1233 ἐντυχὼν,
2351 1161 2661 1233 ἐπειδήπερ
2697 1160 2965 1232 ἐτρέψατο
2991 1162 3235 1224 τούτους,
3285 1154 3406 1213 εἶτα
3442 1161 3539 1213 καὶ
3568 1160 3627 1222 ἐς

2048 1256 2223 1326 μέσην
2284 1258 2385 1325 τὴν
2443 1252 2663 1308 Ούννων
2724 1255 2986 1323 φάλαγγα
3032 1252 3320 1322 ἐμπίπτει,
3379 1251 3524 1323 μέγα
3575 1268 3629 1304 τι

2044 1343 2417 1414 κατορθώσειν
2458 1344 2709 1415 οἰόμενος
2756 1343 2844 1416 [ι’.
2878 1341 2993 1416 76],
3053 1341 3120 1396 ἀν
3175 1341 3320 1395 οὕτω
3378 1341 3630 1413 πεφοϐη-

2046 1435 2234 1504 μένοις
2280 1437 2467 1500 αύτοῖς
2521 1435 2858 1505 προσϐαλὼν
2909 1434 3246 1507 συνταράξῃ.
3312 1434 3424 1487 Καὶ
3486 1434 3630 1504 τάχα

2043 1528 2103 1581 οὐ
2135 1528 2490 1581 παντάπασιν
2525 1528 2637 1583 ἀπὸ
2685 1526 2953 1597 λογισμοῦ
2999 1527 3173 1582 ταῦτα
3201 1525 3400 1581 ὲποίει.
3434 1524 3628 1581 Οὖννοι

2044 1621 2157 1690 γὰρ
2195 1620 2256 1674 τὸ
2304 1622 2404 1691 μὲν
2462 1614 2684 1691 πρῶτον
2741 1621 2907 1676 αὐτὸν
2958 1620 3188 1691 βασιλέα
3241 1620 3337 1674 τοῦ
3386 1621 3629 1692 πολέμου

2045 1711 2201 1765 τοῦδε
2233 1714 2567 1785 στρατηγεῖν
2600 1712 2881 1784 οἰηθέντες
2917 1710 3152 1783 ἔφευγον
3191 1712 3374 1766 οὐδενὶ
3410 1713 3627 1783 κόσμῳ.

2048 1799 2237 1853 πολλοί
2292 1816 2352 1852 τε
2404 1799 2586 1853 αὐτῶν
2640 1799 2737 1854 ἀτε
2800 1799 2999 1870 ἀθρόον
3053 1803 3170 1863 τοῖς
3208 1802 3447 1869 σκάφεσι
3484 1818 3631 1872 συμ-

358 1896 549 1967 magna
608 1898 881 1968 utrimque
928 1898 1073 1954 facta
1117 1908 1201 1955 est
1234 1900 1412 1955 caedes
1443 1939 1461 1966 ,
1500 1902 1672 1955 donec
1705 1898 1942 1967 Hungari

2048 1893 2363 1947 πιπτόντων
2397 1892 2476 1964 τῷ
2516 1893 2751 1964 ποταμῷ
2786 1893 3136 1951 κατεδύοντο.
3190 1894 3279 1959 Ὠς
3307 1895 3354 1949 δ’
3381 1896 3629 1963 ἔγνωσαν

357 1959 596 2056 qui'cum
641 1959 919 2060 Stepliano
946 1990 1125 2046 Geizm
1170 1990 1282 2046 [ilio
1319 1959 1583 2047 Romanis
1611 1959 1939 2053 militabant,

2048 1984 2279 2057 βασιλέα
2312 1986 2411 2056 μὲν
2434 1959 2676 2040 διατόπιν
2693 1959 2919 2059 χωρεῖν,
2945 1987 3232 2042 Βασίλειον
3262 1988 3317 2042 δὲ
3343 1959 3436 2042 τού
3462 2006 3630 2057 στρα-

358 2080 522 2150 primi
552 2080 738 2152 fugam
763 2096 980 2152 cepere.
1014 2081 1217 2137 Mutata
1241 2082 1458 2137 demum
1485 2091 1650 2154 atque
1679 2081 1748 2139 ab
1773 2080 1943 2137 altera

361 2183 514 2240 parte
545 2172 685 2228 facta
719 2166 1077 2240 iusecutione,
1108 2173 1353 2245 Hungari
1382 2174 1476 2245 qui
1505 2189 1633 2231 cum
1668 2174 1944 2245 Stephano

359 2270 520 2316 erant
549 2260 664 2324 lere
689 2278 902 2327 omnes,
926 2280 993 2321 ex
1013 2264 1275 2321 Romanis
1306 2282 1435 2322 vero
1460 2265 1619 2322 multi
1649 2267 1899 2322 cecidere
1925 2282 1939 2319 :

362 2352 458 2407 alii
495 2353 621 2424 fuga
673 2368 900 2411 evasere
923 2356 1224 2417 incolumes
1250 2367 1414 2427 atque
1457 2357 1515 2412 in
1544 2358 1612 2414 iis
1647 2358 1753 2414 dux
1786 2355 1943 2429 133

361 2444 479 2513 ipse
505 2443 763 2502 Basilius.
796 2446 923 2503 ﬂare
963 2448 1284 2519 imperatori
1324 2450 1597 2514 nuntiata,
1626 2462 1751 2504 cum
1778 2450 1942 2503 etiam

349 2535 790 2608 £elegradenses
828 2554 873 2593 a-
915 2537 1184 2595 Romanis
1237 2539 1474 2596 deiicere
1523 2539 1662 2596 vello
1724 2540 1943 2595 allatum

363 2640 539 2698 esset,
572 2630 729 2687 valde
759 2630 884 2703 ejus
913 2633 1155 2688 animum
1195 2641 1644 2690 consternarunt.
1673 2631 1943 2696 Joannem

361 2720 527 2792 igitur
552 2721 990 2779 Cantacuaanum
1048 2724 1233 2791 mittit,
1260 2731 1374 2779 tum
1395 2733 1454 2781 ut
1486 2725 1672 2781 urbem
1703 2724 1758 2780 in
1793 2722 1944 2780 defe-

361 2813 585 2878 ctionis,
645 2824 705 2869 ut
760 2815 896 2879 dixi,
952 2819 1234 2888 proposito
1276 2818 1627 2874 ﬂuctuantem
1676 2817 1941 2885 ﬁrmaret,

369 2911 487 2955 tum
525 2911 586 2957 ut
626 2903 793 2960 humo
840 2908 1127 2961 mandaret
1175 2906 1546 2963 Romanorum
1589 2907 1853 2964 cadavera
1888 2916 1945 2963 et

361 2994 634 3066 fugientes
650 3011 995 3067 quocumque
1018 2998 1249 3055 laterent
1273 2999 1392 3056 loco
1412 3000 1796 3056 revocaret.Eo
1814 3014 1942 3056 casn

361 3087 603 3143 maxime
629 3086 880 3145 irritatus
912 3088 1203 3162 Hungaros
1232 3103 1264 3146 a
1292 3091 1673 3163 tergoinsequi
1713 3104 1941 3162 prorsus

360 3176 674 3248 gestiebat:
711 3193 1061 3252 nequaquam
1091 3194 1220 3238 vero
1250 3180 1306 3238 id
1335 3181 1550 3239 consilii
1590 3180 1942 3253 probantibus

2046 2080 2321 2151 τεύματος
2380 2081 2729 2149 ἐξηγεῖσθαι,
2793 2080 3188 2153 ἀνεθάρσησάν
3251 2099 3311 2136 τε
3363 2082 3459 2135 καὶ
3504 2084 3627 2137 ὀπι-

2047 2174 2348 2244 σθόρμητοι
2407 2174 2703 2243 γεγονότες
2776 2174 3078 2242 Ῥωμαίοις
3141 2174 3623 2230 ἀντικαθίσταντο.

2057 2266 2322 2336 Ῥωμαῖοι
2375 2266 2434 2320 δὲ
2505 2266 2689 2321 καίτοι
2736 2267 2890 2338 παρὰ
2935 2265 3074 2321 πολὺ
3130 2266 3328 2340 πλήθει
3370 2267 3480 2320 τῶν
3527 2285 3629 2321 πο-

2046 2359 2253 2429 λεμίων
2308 2358 2751 2431 ἔλασσούμενοι,
2814 2360 2967 2428 ὅμως
3018 2359 3320 2430 ὑφίσταντο
3377 2361 3623 2423 τούτους.

2045 2449 2213 2514 Φόνος
2294 2467 2354 2503 τε
2427 2450 2762 2521 ἀμφοτέρων
2837 2450 3010 2515 πολὺς
3067 2446 3159 2523 ἦν,
3213 2450 3322 2516 ἕως
3379 2452 3429 2505 οἱ
3497 2452 3629 2522 περὶ

2045 2541 2324 2611 Στέφανον
2363 2541 2455 2596 τὸν
2502 2542 2686 2608 ’ῐατζᾶ
2712 2543 2885 2598 παῖδα
2916 2542 3031 2615 (70)
3078 2541 3272 2597 Οὖννοι
3328 2541 3628 2612 Ῥωμαίοις

2051 2635 2522 2707 συστρατεύοντες
2587 2635 2856 2708 πρότερον
2931 2633 3116 2704 φυγῆς
3169 2630 3368 2705 ἦρξαν.
3423 2633 3628 2687 Παλιν-

2044 2729 2253 2798 τρόπου
2317 2727 2428 2799 γὰρ
2479 2727 2541 2782 τὸ
2611 2727 2802 2781 λοιπὸν
2857 2730 3163 2799 γενομένης
3209 2727 3311 2797 τῆς
3371 2725 3625 2794 διώξεως,

2046 2817 2270 2872 Ούννων
2358 2817 2462 2889 μὲν
2534 2817 2648 2871 τῶν
2708 2817 2808 2871 σὺν
2864 2817 2942 2888 τῷ
3001 2816 3261 2888 Στεφάνῳ
3329 2815 3521 2886 σχεδόν
3573 2833 3629 2877 τι

2050 2912 2342 2980 ἅπαντες,
2421 2910 2717 2982 Ῥωμαίων
2778 2909 2837 2964 δὲ
2884 2908 3072 2963 πολλοὶ
3130 2907 3332 2962 ἔπεσον
3386 2923 3404 2940 ·
3459 2907 3512 2960 ot
3579 2905 3627 2959 δ’

2046 3003 2199 3059 ἄλλοι
2230 3005 2379 3075 φυγῇ
2405 3004 2618 3057 ἐκεῖθεν
2644 3001 2937 3068 ἐσώζοντο,
2963 3003 3023 3055 ὲν
3051 2995 3134 3063 οἷς
3158 2986 3161 2989 ’
3185 3001 3281 3054 καὶ
3343 2997 3629 3061 Βασίλειος

2046 3096 2076 3149 ό
2100 3096 2409 3167 στρατηγὸς
2434 3090 2524 3166 ἦν.
2548 3093 2737 3149 Ταῦτα
2764 3094 2845 3166 τῷ
2862 3093 3080 3165 βασιλεῖ
3103 3092 3460 3163 ἀγγελθέντα,
3489 3091 3628 3161 πρὸς

2046 3190 2107 3246 δὲ
2140 3191 2234 3245 καλ⁵
2258 3191 2340 3245 ὅτι
2368 3189 2683 3259 Βελέγραδα
2738 3187 2895 3243 πόλιν
2923 3187 3221 3257 Ῥωμαίων
3277 3185 3514 3255 ἀφιστᾷν
3578 3183 3629 3236 οι

360 3277 648 3345 Romanis,
721 3299 740 3333 ι
768 3281 840 3335 Αι
896 3281 1091 3353 plane,
1128 3283 1330 3354 inquit,
1367 3283 1510 3347 viri,
1547 3282 1678 3338 mihi
1729 3282 1943 3339 videtur

2049 3285 2299 3340 κάτοικοι
2346 3282 2708 3348 διανοοῦνται,
2735 3281 2944 3352 πολλὴν
3000 3280 3326 3350 ἐνεποίησαν
3364 3277 3627 3348 ἀθυμίαν.

360 3380 682 3448 inglorium,
723 3382 872 3437 nullo
915 3391 1142 3453 accepto
1186 3383 1408 3438 vulnere
1451 3384 1767 3450 discedere,
1814 3387 1940 3440 dum

362 3485 464 3543 pro
525 3472 745 3529 fortuna
810 3473 1032 3528 decerto
1089 3472 1485 3530 Romanorum.
1532 3494 1551 3529 ι
1611 3474 1714 3531 Ubi
1765 3487 1944 3532 autem

365 3565 706 3635 longiusjam
733 3579 1055 3634 progressos
1097 3563 1383 3635 Hungaros
1410 3569 1643 3636 accepit,
1684 3566 1944 3637 impetum

364 3655 599 3711 remisit.
639 3652 852 3709 interea
883 3652 1302 3711 Cantacuzenus
1339 3656 1640 3719 confectis,
1695 3656 1766 3712 ob
1810 3672 1947 3727 quas

368 3748 574 3808 missus
618 3755 759 3812 erat,
805 3747 992 3812 rebus,
1042 3747 1203 3801 rediit
1236 3747 1560 3819 vinctosque
1611 3749 1839 3814 adduxit
1879 3766 1947 3804 ex

365 3838 861 3911 Belegradensibus
905 3852 1000 3895 eos
1031 3839 1121 3907 qui
1164 3839 1526 3897 deiectionem
1568 3841 1788 3897 fuerant
1827 3858 1943 3896 mo-

364 3929 471 3989 liti.
502 3928 671 3999 Igitur
700 3929 862 3993 motis
894 3929 1018 3985 inde
1043 3928 1241 3985 castris
1271 3929 1411 3986 haud
1459 3931 1643 4002 procul
1688 3932 1946 3989 Berrbtea

365 4023 590 4079 civitate
617 4021 902 4080 hiemavit.
930 4021 1118 4079 Primo
1147 4029 1334 4080 autem
1366 4038 1496 4081 vere
1516 4035 1801 4081 contracto
1842 4043 1947 4080 un-

367 4115 533 4187 dique
564 4115 811 4172 exercitu
850 4114 1048 4173 iterum
1080 4117 1133 4171 in
1166 4115 1496 4189 Hungariatn
1533 4118 1812 4188 profectus
1840 4130 1942 4186 est,

365 4221 475 4279 quo
520 4207 576 4266 in
644 4206 855 4263 medios
908 4221 1081 4279 usque
1127 4207 1264 4265 ﬁnes
1330 4217 1662 4281 penetraret.
1718 4206 1948 4278 Jamque

365 4299 658 4370 positishd
682 4295 808 4355 latri
827 4299 1001 4370 ripam
1027 4302 1228 4356 castris
1256 4314 1381 4355 cum
1412 4302 1670 4358 universo
1693 4303 1949 4362 conside-

366 4390 463 4446 bat
497 4390 781 4457 exercitu,
835 4391 1170 4462 aderantque
1224 4392 1472 4463 plurium
1511 4411 1632 4465 quae
1684 4393 1948 4466 Byzantio

364 4493 634 4540 venerant
673 4497 860 4550 naves,
925 4493 983 4537 ut
1027 4485 1216 4555 eOpias
1256 4486 1673 4543 transmitteret.
1720 4487 1788 4542 At
1856 4484 1946 4541 ubi

365 4581 610 4649 undique
649 4592 711 4634 se
745 4576 1013 4645 angustiis
1054 4577 1227 4648 premi
1282 4578 1438 4644 vidit,
1479 4577 1776 4634 Pannonia:
1822 4594 1971 4643 ru,-

2045 3378 2156 3435 Καὶ
2188 3376 2254 3447 δὴ
2296 3376 2556 3439 Ἰωάννην
2586 3374 2684 3445 μὲν
2733 3375 2825 3429 τὸν
2898 3371 3362 3440 Καντακουςηνδν
3415 3370 3475 3423 τὸ
3530 3369 3630 3438 μὲν

2047 3468 2374 3541 στηρίξαντα
2397 3469 2496 3540 τὴν
2522 3468 2677 3521 πόλιν
2705 3465 2921 3521 ἔστεὶλε
2956 3466 3234 3534 λογισμοῖς
3258 3458 3624 3524 ἀποστασίας,

2046 3562 2301 3632 καθάπερ
2332 3560 2470 3631 ἔφην
2499 3559 2623 3631 ἤδη,
2650 3560 3040 3629 σαλευομένην,
3102 3557 3164 3609 τὸ
3223 3555 3279 3609 δὲ
3336 3554 3432 3609 καὶ
3479 3554 3627 3621 ταφῇ

2043 3654 2171 3720 τοὺς
2207 3652 2497 3723 Ῥωμαίων
2522 3652 2759 3705 δώσοντα
2802 3651 3032 3723 νεκροὺς
3055 3646 3524 3718 ἀνακαλεσόμενόν
3567 3663 3628 3701 τε

2044 3747 2173 3810 τοὺς
2204 3747 2270 3797 ὲκ
2297 3744 2496 3812 φυγῆς,
2516 3743 2650 3796 ὅπου
2690 3743 2891 3809 δήποτε
2922 3740 3027 3810 γῆς
3057 3741 3158 3809 τῆς
3214 3742 3332 3793 ἐκεῖ
3388 3737 3632 3808 κρυπτό-

2049 3830 2376 3906 μενοιῆσαν.
2404 3832 2463 3886 '0
2486 3833 2542 3885 δὲ
2566 3831 2847 3902 θυμαίνων
2887 3833 3028 3896 ἀγαν
3050 3831 3143 3886 ἐπὶ
3173 3832 3283 3894 τοῖς
3311 3827 3627 3900 συμπεσοῦ-

2048 3944 2134 3980 σιν
2165 3922 2435 3992 ὲσφάδαξε
2462 3922 2565 3994 μὲν
2611 3924 2703 3975 καὶ
2734 3922 2928 3994 ἤθελεν
2955 3922 3131 3976 ὀπίσω
3159 3920 3378 3976 θύννων
3413 3918 3626 3984 διῶξαι,

2058 4017 2349 4089 Ῥωμαίων
2385 4019 2444 4072 δὲ
2481 4020 2582 4073 οὐκ
2608 4018 2979 4075 ἐπαινούντων
3002 4037 3022 4071 ι
3080 4017 3221 4073 Ἀλλ’
3254 4017 3485 4087 αἰσχύνη
3511 4032 3626 4084 μοι,

2047 4109 2256 4178 ῐλεγεν,
2293 4105 2339 4166 ὦ
2369 4111 2583 4183 ἄνδρες,
2614 4110 2727 4182 πρὸ
2749 4111 3088 4184 τραυμάτων
3139 4110 3389 4182 οίχεσθαι
3483 4110 3629 4179 ὑπὲρ

2047 4202 2152 4273 τῆς
2203 4200 2493 4274 Ῥωμαίων
2537 4201 2943 4273 ἀγωνιζόμενον
2967 4203 3287 4276 εύκληρίας.
3327 4222 3347 4255 ι
3391 4200 3546 4255 Ἐπεὶ
3569 4199 3630 4257 δὲ

2048 4296 2242 4369 τιόρρω
2271 4294 2558 4365 γεγονέναι
2587 4296 2648 4348 τὸ
2679 4295 2945 4350 Ούννικὸν
3005 4296 3234 4366 ἤκουσε,
3295 4295 3396 4365 τῆς
3449 4291 3628 4363 ὁρμῆς

2047 4390 2316 4461 ἀνεκόπη.
2360 4388 2500 4460 Ἤδη
2532 4388 2590 4444 δὲ
2617 4389 2714 4443 καὶ
2747 4388 3251 4461 όΚαντακουζηνὸς
3302 4388 3373 4442 τά
3429 4388 3516 4457 ἐφ’
3543 4383 3627 4449 οἷς

2049 4482 2275 4536 ἔσταλτο
2304 4481 2503 4551 πέρατι
2539 4481 2665 4544 δοὺς
2696 4481 2943 4548 ἐπανῆκε
2996 4480 3286 4552 δεσμώτας
3345 4479 3487 4552 ἔχων
3531 4480 3628 4533 καὶ

2049 4575 2196 4638 τοὺς,
2232 4572 2308 4636 ὼς
2339 4573 2583 4644 εἴρηται.
2612 4572 2953 4628 ἀποστασίαν
2987 4571 3279 4633 ὠδίνοντας
3299 4570 3630 4641 Βελεγραδι-

366 4676 438 4733 de
468 4669 747 4729 mittendis
777 4669 991 4723 tandem
1015 4667 1209 4739 legatis
1235 4672 1518 4741 cogitant.
1568 4670 1750 4727 Missis
1777 4671 1943 4741 igitur

2047 4662 2179 4718 τῶν.
2215 4661 2352 4716 Τότε
2385 4661 2484 4732 μὲν
2521 4662 2617 4716 οὖν
2672 4662 2886 4716 ὲκεῐθεν
2945 4659 3254 4727 ἀναζεύξας
3309 4660 3482 4731 ἀγχοῦ
3528 4659 3627 4729 τῆς

368 4765 438 4822 ad
479 4764 862 4834 imperatorem
909 4760 1041 4815 viris
1082 4760 1388 4818 illustribus
1424 4803 1441 4830 ,
1496 4762 1657 4835 135.
1696 4764 1941 4834 Captivos

366 4859 648 4917 Romanos
679 4854 939 4913 continuo
991 4866 1053 4908 se
1096 4854 1470 4923 redditurum,
1518 4857 1742 4927 insuper
1779 4856 1940 4910 etiam

368 4962 708 5023 quaecunque
760 4951 1097 5019 imperaret.
1151 4948 1623 5018 suppeditaturum
1692 4945 1946 5016 policitus

369 5054 470 5099 est.
508 5041 575 5099 At
608 5045 864 5115 princeps
908 5044 1011 5098 etsi
1050 5042 1223 5114 primo
1254 5041 1507 5103 renuenti
1561 5039 1758 5095 similis
1782 5038 1943 5092 verba

2050 4754 2778 4829 Βερῤοιαίωνδεχειμέριζε
2840 4754 3074 4829 πόλεως.
3158 4754 3362 4821 Ἐαρος
3408 4753 3467 4805 δὲ
3528 4752 3626 4815 τὰς

2051 4826 2315 4920 δυνάμεις
2351 4847 2727 4918 ἁπανταχόθεν
2783 4826 3011 4918 ἀγείρας
3066 4847 3160 4899 ὲπὶ
3207 4846 3307 4916 τὴν
3357 4844 3629 4912 Ούννικὴν

2054 4938 2213 5005 αὖθις
2261 4941 2480 5011 ἐχώρει,
2520 4939 2700 5011 ὁρμὴν
2753 4938 2895 5009 ἔχων
2954 4940 3013 5003 ἐς
3058 4938 3200 4994 αὐτὰ
3264 4954 3372 4991 που
3414 4937 3485 4989 τά
3528 4935 3631 5003 τῆς

2056 5035 2238 5108 χώρας
2266 5033 2518 5102 διαϐῆναι
2547 5034 2710 5104 μέσα.
2748 5034 2807 5086 '0
2839 5032 2941 5104 μὲν
2985 5028 3081 5088 οὖν
3131 5034 3258 5106 ἀρτι
3310 5032 3446 5104 πρδς
3509 5030 3630 5091 ταῖς

1684 5201 1783 5262 Dn
1831 5200 2045 5281 Cangii
2077 5207 2263 5263 noue.

369 5304 644 5376 bli0th._|n
676 5303 953 5373 Stephano
985 5303 1047 5358 IV
1075 5320 1189 5376 pp.,
1230 5316 1283 5360 et
1318 5304 1833 5376 Maurentiumtqui
1856 5305 1938 5358 vir
2044 5320 2167 5376 cum
2198 5320 2225 5356 a
2260 5302 2447 5376 fratre,
2480 5317 2547 5358 ex
2577 5302 2811 5376 all'ectati
2851 5303 3020 5376 regni
3044 5300 3370 5376 suspicione,
3406 5303 3630 5376 alFrtu

371 5374 692 5443 ruagniﬁeus
719 5376 1021 5444 appellatur
1065 5374 1202 5442 apud
1243 5376 1303 5429 S.
1350 5375 1671 5441 Gregorium
1712 5374 1779 5428 M.
1814 5374 1855 5431 Ι.
1897 5391 1936 5441 t,

368 5448 531 5513 epist.
564 5445 618 5518 4.
749 5445 1003 5518 Pacitym.
1028 5446 1134 5518 1.).
1163 5462 1210 5500 c.
1241 5446 1302 5502 9.
1332 5445 1411 5501 De
1453 5445 1806 5500 chartulariis
1844 5461 1940 5501 ec-

368 5515 690 5570 clesiasticis
734 5516 841 5569 erit
887 5515 1024 5569 a‘ius
1046 5517 1258 5570 dicendi
1289 5518 1457 5569 locus.

439 5584 1029 5657 (Ἰὼ-Στέφανονντὸν
1062 5585 1246 5646 Ἰατόἱ
1287 5584 1490 5638 παῖδα.
1529 5582 1813 5657 Perperam
1842 5586 1945 5641 hoc

369 5653 492 5725 loco
537 5653 835 5725 Ctttttatttus
897 5656 1251 5723 Stephanum,
1320 5657 1410 5725 qui
1464 5665 1575 5709 tum
1623 5654 1828 5711 Grant-is
1892 5665 1948 5711 et

374 5723 607 5777 Manucli
646 5726 930 5789 militabat,
967 5725 1143 5781 Geizae
1172 5723 1343 5781 lilium
1366 5726 1532 5779 fuisse
1578 5725 1788 5790 scribit,
1823 5742 1944 5780 cum

377 5792 520 5847 illius
542 5791 709 5867 frater
743 5795 925 5867 fuetjt,
952 5807 1009 5850 ut
1044 5798 1275 5867 ipsemet
1310 5795 1556 5867 agnoscit
1585 5795 1626 5851 1.
1658 5810 1735 5867 tv;
1768 5806 1821 5850 et
1845 5806 1946 5867 _tc-

376 5869 592 5916 rotantur
620 5865 818 5918 diserte
840 5863 1163 5929 Radevietts,
1198 5867 1234 5920 l.
1266 5863 1433 5926 ttt,'c.
1464 5866 1566 5931 l2;
1601 5874 1655 5920 et
1697 5864 1943 5921 Gunthe-

378 5943 495 5997 tus.
531 5931 569 5986 Ι.
595 5947 648 5988 v1
684 5932 868 6002 Ligur.
898 5956 910 5990 :
943 5952 1006 5992 ex
1050 5936 1249 6007 quibus
1276 5937 1556 6004 docemur,
1585 5934 1942 6009 Stephanum,

2046 5374 2286 5428 dericuttt
2320 5375 2451 5441 imp.
2486 5373 2757 5442 profectus
2783 5370 2948 5435 esset]
2976 5374 3042 5427 ab
3067 5388 3132 5426 eo
3164 5386 3257 5438 per
3282 5370 3548 5442 rVeuetias
3570 5374 3627 5431 iu

2047 5443 2311 5500 Graii-inut
2340 5441 2739 5507 transmissum,
2775 5458 2897 5498 cum
2927 5444 3073 5497 litem
3101 5443 3239 5497 inter
3268 5441 3464 5497 fratres
3495 5444 3628 5498 diri-

2050 5530 2198 5569 mere
2228 5529 2332 5567 non
2368 5515 2651 5581 potuisset.
2687 5513 2997 5569 Guntherns
3030 5531 3043 5568 :

2119 5584 2187 5637 At
2225 5601 2316 5639 rex
2342 5586 2460 5639 huic
2480 5583 2633 5653 ﬁnem
2669 5585 2914 5649 nequiens
2939 5584 3203 5648 imponere
3230 5582 3333 5646 liti,

2123 5653 2254 5707 Cum
2278 5655 2483 5725 majora
2509 5656 2989 5725 prentantipriunue
3014 5654 3244 5718 pondera
3267 5670 3429 5725 curre.

2124 5722 2419 5793 [)istulit'et
2446 5725 2687 5793 juvenem
2727 5722 2907 5778 Veneti
2930 5740 3022 5793 per
3047 5734 3234 5789 stagna
3267 5722 3522 5792 profundi

2124 5791 2386 5850 Providus
2412 5791 2711 5858 Argolicum
2734 5791 3047 5848 servandum
3071 5795 3212 5847 misit
3247 5794 3319 5846 ad
3351 5791 3552 5847 urbem.

2051 5865 2099 5922 Η
2123 5880 2149 5918 s
2178 5868 2449 5919 εοιιευιιιὶι
2473 5863 2712 5935 Nicetas,
2747 5864 2781 5919 I.
2813 5880 2889 5931 tv,
2921 5880 2976 5918 n.
3010 5864 3062 5919 l.
3102 5864 3208 5919 Sed
3253 5865 3319 5919 de
3353 5861 3632 5935 Stephano

2053 5944 2240 6009 agetur
2272 5952 2484 5992 rursum
2516 5933 2672 5990 infra.
