4058 6438
389 429 499 494 475
1690 416 2012 482 JOANNIS

2114 415 2390 474 lNNAMI
3551 416 3665 482 476

391 549 616 605 azdilicia
647 561 742 602 sua
769 547 890 616 igne
916 543 1161 600 consumi
1195 552 1504 612 vastarique
1535 549 1590 596 et
1625 541 1826 595 auferri
1861 556 1980 595 om-

2114 533 2314 600 τειχέων
2376 532 2672 585 συνέπεσον
2700 530 3018 600 φεύγουσιν,
3047 532 3094 585 οἱ
3123 531 3180 586 δέ
3202 530 3421 603 πρῶτον
3444 532 3546 604 μὲν
3576 533 3674 588 ἐπὶ

393 639 482 692 nia
513 653 541 690 a
576 635 836 690 Romanis
881 634 1245 703 conspiciunt,
1295 642 1406 688 tum
1441 646 1570 687 vero
1619 631 1974 696 descendunt,

2114 623 2177 693 ὴν
2207 624 2504 695 ἀκρόπολιν
2543 624 2874 696 ἀνεχώρουν,
2906 624 2982 687 ὡς
3022 624 3080 678 δὲ
3119 625 3386 693 Ῥωμαῖοι
3412 625 3523 696 πῦρ
3546 629 3673 691 ταῖς

393 729 780 796 dominumque
824 743 981 782 suum
1035 740 1288 795 magnum
1338 726 1716 794 imperatorem
1766 724 1979 794 procla-

2115 713 2391 783 ίκοδομαῖς
2426 714 2524 786 ἤδη
2556 714 2758 785 ἐνῆκαν
2791 715 2857 767 τά
2896 731 2956 767 τε
2985 714 3125 767 οἴκοι
3166 715 3490 786 διήρπαζον,
3546 718 3675 770 ἐπι-

275 887 283 894 _
395 835 548 878 mant
575 841 588 878 :
617 831 781 890 atque
827 821 929 874 hoc
971 819 1129 873 modo
1169 825 1353 872 castro
1402 817 1475 872 illi
1512 817 1812 888 potiuntur.
1845 815 1977 872 Cum

2114 808 2434 861 ιαταϐαίνειν
2460 825 2520 862 τε
2565 809 2801 880 ἤρξαντο
2843 809 2938 862 καὶ
2997 807 3188 878 κύριον
3246 809 3400 878 σφίσι
3447 809 3674 880 βασιλέα

395 916 521 970 inde
558 915 625 969 ad
674 914 975 976 civitatem,
1006 911 1153 966 cuia
1188 910 1314 966 divo
1361 909 1616 978 quodam,
1672 909 1765 978 qui
1813 909 1865 962 in
1917 923 1980 962 ea

2114 899 2262 968 ιέγαν
2342 900 2581 972 ἀναϐοᾷν
2612 944 2624 956 .
2712 900 2916 954 Τούτου
3014 901 3114 970 μὲν
3188 902 3252 970 δὴ
3327 901 3502 966 οὕτως
3581 904 3676 972 ἐγ-

395 1007 615 1071 colitur,
668 1004 939 1059 Flaviana
987 1017 1182 1059 nomen
1230 1001 1461 1057 inditum
1511 1009 1616 1064 est,
1667 1009 1978 1071 pergerent,

2114 991 2306 1060 ερατεϊς
2324 992 2587 1059 ἐγένοντο.
2609 991 2729 1046 Ἐπὶ
2745 992 2802 1045 δέ
2826 1009 2948 1046 τινα
2970 992 3124 1045 πόλιν
3137 991 3449 1064 ἐλθοντωνῆ
3469 994 3680 1049 ἐπώνυ-

397 1097 689 1168 populares
717 1110 906 1151 omnes
937 1094 1151 1150 obviam
1187 1093 1342 1149 effusi
1375 1109 1473 1164 pro
1519 1093 1664 1165 agris
1698 1094 1811 1148 suis
1861 1092 1982 1146 illos

2114 1101 2184 1148 to;
2244 1084 2321 1153 τῷ
2392 1084 2626 1138 ἐνταῦθα
2687 1085 2984 1154 τιμωμένῳ
3043 1085 3186 1155 ἁγίῳ
3241 1085 3515 1165 Φλαϐιανῇ
3557 1087 3674 1157 (77)

399 1198 614 1260 rogant,
648 1203 713 1244 ac
746 1203 814 1242 ne
844 1187 970 1258 quid
1023 1187 1078 1242 in
1115 1203 1171 1242 se
1219 1187 1434 1255 gravius
1487 1186 1780 1244 insolescat
1830 1186 2012 1279 miles!

2114 1177 2374 1246 ;έκληται,
2407 1178 2646 1246 ἐξεχεῖτο
2707 1177 2854 1241 ἀπας
2881 1179 2910 1232 ὁ
2938 1179 3112 1249 δῆμος
3140 1178 3284 1247 ὑπὲρ
3315 1179 3424 1232 τῶν
3488 1181 3680 1250 ἀγρῶν

401 1284 767 1348 obtestantur,
793 1295 982 1336 servos
1007 1295 1065 1335 se
1094 1279 1307 1335 futuros
1332 1279 1586 1348 deinceps
1613 1269 1987 1349 imperatoris,

2117 1271 2328 1339 εόμενοι
2349 1272 2444 1324 καὶ
2469 1271 2563 1325 τοῦ
2612 1271 2778 1342 μηδὲν
2809 1270 2994 1333 αὐτοῖς
3023 1272 3192 1342 ἄχαρι
3224 1271 3360 1340 πρὸς
3391 1273 3499 1324 τῶν
3539 1273 3678 1325 Ῥω-

403 1379 460 1425 et
488 1385 821 1441 quaecunque
869 1370 1068 1425 vellent
1114 1367 1344 1423 Romani
1377 1384 1436 1424 se
1470 1369 1710 1424 facturos
1739 1369 1982 1438 polliciti.

2114 1362 2267 1416 ιαίων
2331 1362 2618 1418 πείσεσθαι
2678 1363 3052 1433 στρατιωτῶν,
3106 1362 3288 1416 δοῦλοί
3345 1381 3405 1416 τε
3447 1364 3683 1434 εβασιλεί

406 1467 523 1520 Dux-
552 1465 815 1534 ejusmodi
848 1463 1237 1520 benevolentia:
1268 1461 1482 1517 illortnn
1519 1464 1749 1533 gratiam
1794 1478 1987 1532 repen-

2114 1455 2400 1526 ὀμολόγουν
2431 1457 2525 1510 καὶ
2554 1455 2722 1510 τᾶλλα
2743 1456 3032 1526 ἔπραττον,
3069 1455 3168 1508 ὅσα
3203 1455 3500 1525 Ῥωμαίοις
3552 1457 3681 1526 βου-

403 1559 559 1619 dens,
591 1571 687 1626 per
716 1571 900 1611 eorum
951 1571 1108 1626 agros
1151 1555 1326 1608 amice
1378 1569 1441 1610 ac
1483 1564 1671 1624 pacate
1705 1554 1809 1610 iter
1836 1554 1985 1611 fecit.

2114 1548 2336 1618 ,ομένοις
2366 1544 2456 1619 ἦν.
2488 1549 2594 1611 Οὒς
2618 1549 2718 1619 τῆς
2765 1549 2979 1612 εὐνοίας
3025 1548 3390 1620 ἀμειϐόμενος
3429 1553 3456 1604 ό
3483 1569 3687 1622 στρατ-

409 1648 572 1719 138
599 1646 737 1704 Cum
790 1648 915 1702 inde
959 1647 1266 1710 excederet,
1323 1645 1627 1703 Gulielmus
1677 1646 1988 1702 Bassavillae

2114 1642 2222 1712 ;γὸς
2248 1642 2323 1704 ὡς
2374 1643 2462 1696 διὰ
2511 1642 2697 1711 φιλίας
2732 1641 3027 1714 ἐπορεύετο
3047 1643 3146 1712 τῆς
3185 1642 3394 1712 χώρας.
3431 1645 3591 1712 ’Δρ-τι
3626 1643 3686 1696 δὲ

403 1740 594 1805 frater,
626 1741 716 1811 qui
753 1749 808 1794 et
856 1739 972 1805 ipse
1019 1740 1068 1792 in
1109 1740 1475 1793 Romanorum
1530 1739 1824 1794 amicitiam
1854 1755 1988 1795 con-

2114 1738 2301 1790 xsist
2326 1736 2619 1808 ἀπαίροντι
2650 1735 2936 1806 Γιλιέλμος
2959 1739 2987 1789 ό
3006 1735 3281 1791 Βασαϐίλα
3304 1736 3402 1805 μὲν
3427 1736 3681 1804 ἀδελφὸς,

406 1843 668 1898 cesserat,
704 1849 826 1886 cum
863 1830 1050 1886 fratris
1077 1832 1284 1900 litteris
1309 1833 1478 1897 venit,
1513 1834 1708 1900 quibus
1738 1842 1796 1886 ut
1822 1833 1990 1887 couti-

2114 1829 2284 1892 ιῦνους
2314 1829 2370 1882 δὲ
2400 1829 2498 1884 καὶ
2535 1829 2700 1892 αὐτὸς
2761 1829 3055 1897 Ῥωμαίοις
3087 1829 3188 1900 ήδη
3219 1827 3460 1897 γεγονὼς
3498 1831 3685 1898 γράμ-

403 1926 600 1979 denter
628 1925 730 1980 dux
778 1924 1063 1980 accederet
1103 1923 1443 1988 hortabatur,
1478 1932 1665 1994 utpote
1697 1923 1992 1992 circutnja-

2114 1938 2246 1974 λατα
2277 1921 2430 1992 παρά
2461 1921 2556 1975 τοῦ
2602 1920 2835 1991 ἀδελφοῦ
2866 1920 3116 1991 κομίζων
3146 1915 3311 1992 ἦλθεν
3358 1919 3509 1990 αύτῷ
3544 1920 3683 1992 θαρ-

404 2027 563 2072 cente
597 2019 818 2088 regione
845 2017 956 2087 jam
986 2015 1246 2071 Romanis
1280 2027 1531 2086 parente.

2099 2015 2214 2082 ῥεῖν
2245 2011 2342 2066 τοῦ
2378 2013 2566 2066 λοιποῦ
2595 2013 3038 2084 προτρεπόμενα,
3095 2012 3171 2077 ὡς
3221 2011 3282 2066 τὸ
3314 2011 3444 2082 ἑξῆς
3495 2011 3688 2083 χώρας

2098 2105 2369 2175 κατηκόου
2407 2107 2776 2176 προκειμένης
2802 2106 2974 2176 αὐτῷ.

476 2195 530 2250 5.
566 2193 895 2264 Palaeologus
941 2205 1120 2252 autem
1167 2197 1383 2262 Vescia,
1418 2205 1477 2251 ut
1521 2197 1726 2254 dictum
1765 2209 1869 2268 est,
1900 2216 1997 2270 per

2134 2195 2248 2264 .γ’.
2305 2197 2364 2251 '0
2392 2197 2448 2250 δὲ
2504 2196 2874 2265 Παλαιολόγος
2921 2197 3110 2267 ἐπειδὴ
3157 2197 3406 2263 Βεστίαν,
3437 2196 3692 2268 καθάπερ

407 2285 748 2340 conditiones
778 2287 1005 2355 potitus,
1041 2288 1105 2342 ad
1139 2286 1363 2343 Tranim
1391 2287 1541 2344 venit
1574 2307 1588 2344 :
1620 2291 1775 2361 cujus
1806 2292 1998 2348 incola:

2114 2286 2337 2357 εἴρηται,
2369 2287 2632 2360 ὁμολογίᾳ
2682 2287 3091 2358 παρεστήσατο,
3120 2289 3214 2342 ἐπὶ
3235 2289 3476 2361 ,Τρᾶνιν
3531 2284 3688 2360 ἦλθε.

408 2375 571 2428 simul
601 2389 663 2428 ac
693 2373 998 2432 Romanum
1031 2379 1331 2432 exercitum
1363 2394 1718 2451 conspexere,
1747 2400 1868 2439 cum
1903 2401 1998 2440 ne-

2114 2349 2362 2451 Γρανίται
2399 2349 2580 2434 τοίνυν
2606 2349 2706 2445 ’ὼς
2737 2349 2831 2434 τ’ὸν
2892 2349 3190 2450 Ῥωμαίων
3234 2349 3378 2434 ἔῐδον
3433 2349 3690 2449 στρατὸν,

363 2474 678 2535 lquaqnam
716 2469 904 2523 urbem
945 2470 1142 2525 dedere
1190 2471 1413 2537 vellent,
1469 2474 1650 2530 missis
1695 2477 1761 2530 ad
1807 2477 1996 2532 ducem

2114 2471 2290 2542 ἐπειδὴ
2321 2470 2676 2543 παραδιδόναι
2710 2471 2864 2540 σφίσι
2897 2471 2998 2541 τὴν
3031 2471 3190 2525 πόλιν
3224 2471 3437 2542 οὐδαμῆ
3468 2471 3691 2543 ἤθελον,

411 2559 630 2628 legatis.
667 2568 727 2614 ut
761 2560 957 2615 finibus
985 2561 1098 2616 suis
1133 2562 1450 2619 abscederet
1484 2579 1744 2635 rogavero
1776 2586 1790 2622 :
1826 2572 2016 2637 neque

413 2652 559 2706 enim
593 2653 742 2721 prius
769 2666 930 2721 quam
971 2651 1154 2707 Barim
1186 2654 1438 2723 cepisset,
1472 2655 1694 2712 Tranim
1731 2674 1893 2729 posse
1933 2661 2002 2716 ab

414 2743 506 2796 lllu
536 2744 853 2812 expugnari.
901 2744 1081 2811 Quare
1111 2744 1353 2802 collectis
1400 2747 1584 2802 decem
1627 2764 1731 2803 non
1772 2750 2002 2820 amplius

415 2833 667 2898 navibus,
701 2833 950 2890 discessit
982 2834 1105 2889 inde
1151 2843 1200 2888 et
1238 2837 1304 2888 ad
1351 2838 1536 2890 urbem
1591 2838 1768 2894 Barim
1821 2843 2001 2909 venit,

417 2939 523 2978 non
563 2935 670 2978 tam
707 2925 935 2980 militum
987 2936 1205 2981 secutus
1249 2927 1530 2982 consilium
1581 2931 1801 3001 (quippe
1833 2934 2005 2990 solers

416 3024 535 3069 erat
582 3017 868 3070 admodum
911 3023 965 3070 et
993 3017 1072 3072 rei
1111 3017 1362 3074 militaris
1408 3021 1744 3088 experientia
1791 3024 2004 3078 nemine

421 3105 689 3177 inferior),
737 3107 830 3162 sed
862 3107 1002 3177 quod
1053 3105 1276 3162 Tranim
1329 3110 1628 3178 expugnari
1665 3126 1850 3166 revera
1897 3128 2001 3167 non

2100 2563 2364 2634 πρέσϐεις
2391 2561 2542 2631 παρά
2571 2562 2662 2615 τὸν
2691 2563 2998 2634 στρατηγὸν
3038 2562 3352 2632 πέμψαντες
3381 2561 3566 2632 ἠξίουν
3602 2564 3694 2617 ἐν·

2104 2654 2255 2708 θένδε
2288 2656 2478 2708 τοῦτον
2527 2654 2805 2723 ἀπαίρειν.
2859 2655 2949 2724 Μὴ
3013 2653 3119 2727 γὰρ
3199 2655 3467 2726 πρότερον
3523 2657 3694 2726 Βᾶριν

2104 2747 2588 2818 παραστησαμένῳ
2611 2747 2848 2801 ἀδύνατα
2879 2748 3027 2818 αὐτῷ
3052 2748 3271 2801 ἔσεσθαι
3295 2749 3500 2818 Τρᾶνιν
3527 2750 3694 2804 ἑλεῖν.

2115 2839 2177 2892 Ὀ
2208 2839 2264 2892 δὲ
2307 2839 2440 2902 ναῦς
2496 2837 2699 2892 αὐτίκα
2747 2840 2808 2892 οὐ
2866 2839 3031 2893 πλέον
3089 2840 3283 2911 ῆδέκα
3352 2841 3695 2910 ἐπαγόμενος

2105 2930 2315 2984 ἐκεῖθέν
2350 2948 2409 2983 τε
2469 2931 2674 3000 μετέϐη
2707 2931 2802 2984 καὶ
2833 2933 2928 2985 ἐπί¹
2967 2932 3136 3004 Βᾶριν
3189 2928 3377 3003 ἦλθεν,
3432 2933 3530 3002 οὐχ
3570 2933 3696 2985 ὅσον

2105 3024 2218 3086 τοῖς
2255 3022 2608 3095 στρατιωτῶν
2646 3022 2828 3090 λόγοις
2858 3023 3214 3088 ἀναπεισθεὶς
3267 3026 3548 3096 (ἀγχίνους
3581 3024 3696 3096 γὰρ

2106 3109 2175 3176 ἦν
2196 3115 2290 3168 καὶ
2305 3117 2369 3184 τῇ
2395 3114 2607 3184 περὶτὰ
2631 3115 2906 3186 πολεμικά
2929 3117 3195 3187 ἐμπειρίᾳ
3217 3117 3432 3179 οὐδενὸς
3454 3117 3695 3188 ἥσσων),

420 3213 576 3268 posse
614 3199 799 3267 sciret,
848 3197 1182 3268 proindeque
1219 3207 1434 3268 tempus
1486 3201 1558 3256 ibi
1589 3209 1765 3257 terere
1815 3218 2002 3272 parum

2114 3207 2246 3261 ἀλλά
2275 3207 2477 3278 Τρᾶνιν
2519 3206 2619 3260 οὐκ
2652 3206 2928 3277 ἐπίμαχον
2957 3206 3113 3272 εἰδὼς
3146 3207 3356 3277 τρίϐειν
3419 3207 3540 3276 είκῆ
3603 3209 3697 3264 τὸν

417 3290 723 3345 consultum
758 3289 1133 3346 arbitraretur.
1171 3288 1276 3346 Sed
1306 3304 1361 3346 et
1392 3293 1459 3345 ad
1495 3292 1664 3359 ipsam
1701 3293 1876 3348 Barim
1909 3311 2005 3352 co-

419 3387 536 3452 pias
559 3388 847 3440 admovere
877 3386 1016 3441 haud
1045 3395 1152 3439 tam
1185 3386 1344 3442 facile
1369 3387 1654 3443 videbatur
1681 3404 1696 3442 :
1723 3407 1844 3445 cum
1871 3407 2008 3460 preco

424 3491 668 3546 terquam
695 3481 836 3550 quod
871 3480 1060 3540 validis
1083 3481 1392 3550 cingeretur
1418 3484 1612 3548 muris,
1647 3485 1840 3542 idoneo
1872 3487 2004 3542 bar-

2110 3298 2301 3370 καιρὺν
2333 3281 2656 3368 ’ἀσύμφορον
2680 3296 2838 3368 ᾤετο.
2905 3297 3110 3352 Ἐδόκει
3147 3299 3246 3368 μὲν
3303 3293 3397 3352 οὗν
3442 3300 3475 3368 ἡ
3527 3297 3697 3368 Βᾶρις

2109 3391 2411 3461 ἀπρόσοδος
2450 3390 2600 3458 αὐτῷ
2635 3392 2835 3461 πάντηο
2865 3390 3020 3459 τείχη
3053 3407 3112 3443 τε
3152 3390 3261 3460 γὰρ
3306 3391 3480 3459 αὐτὴν
3541 3407 3700 3458 περι-

2108 3481 2311 3546 εζώννυ
2351 3482 2620 3552 καρτερὰ,
2646 3485 2740 3536 καὶ
2787 3480 3080 3552 βαρϐάρων
3111 3481 3339 3552 στρατιὰ
3379 3483 3428 3536 οἱ
3475 3481 3574 3552 μὲν
3604 3483 3701 3536 ἐπὶ

421 3573 678 3626 bamrum
729 3572 982 3641 praesidio
1033 3583 1176 3628 esset
1214 3574 1421 3628 munita
1470 3592 1484 3629 :
1535 3591 1764 3644 quorum
1813 3579 1900 3631 alii
1953 3579 2006 3633 in

2114 3571 2219 3624 τῶν
2246 3571 2522 3636 ἐπάλξεων
2565 3572 3017 3636 όπλενδυτοῦντες
3048 3574 3364 3642 ἐνέστησαν,
3395 3575 3442 3627 οί
3485 3574 3542 3626 δέ
3604 3575 3702 3628 ἀν-

423 3662 668 3717 turribus
719 3664 914 3717 armati
967 3664 1206 3730 stabant,
1257 3665 1345 3721 alii
1394 3675 1519 3721 ante
1567 3677 1750 3737 portas
1799 3669 2010 3726 inlinito

2114 3662 2348 3733 ἀριθμός
2379 3680 2464 3726 τις
2501 3663 2690 3732 ὅμιλος
2718 3664 2904 3717 πυλῶν
2935 3681 3108 3734 προχυ
3121 3663 3307 3728 θέντες
3334 3664 3488 3727 πεζοί
3514 3682 3572 3716 τε
3603 3667 3701 3718 καὶ

423 3767 592 3822 prope
613 3769 844 3808 numero
866 3752 1019 3810 effusi
1046 3754 1255 3821 pedites
1284 3755 1601 3826 equitesque
1630 3758 1855 3828 perinde
1881 3775 2006 3815 cum

2114 3757 2300 3821 ἱππεῖς
2331 3756 2424 3821 ξὺν
2450 3759 2562 3821 τοῖς
2601 3757 2788 3820 ὅπλοις
2825 3755 3158 3828 ἐπεφέροντο
3179 3756 3348 3826 αὐτῷ.
3374 3754 3462 3828 [Ρ.
3498 3755 3589 3828 81]
3632 3757 3698 3810 'll

425 3845 596 3900 armis
631 3845 1022 3902 consistebant.
1052 3846 1134 3900 Ad
1168 3846 1280 3902 hac
1309 3857 1441 3901 aestu
1475 3847 1692 3903 insolito
1723 3848 1933 3906 fervens
1957 3860 2012 3907 et

2114 3850 2358 3906 θάλασσα
2402 3848 2459 3904 δέ
2491 3848 2740 3921 σφοδρῶς
2779 3847 3181 3919 ἐπεγειρομένη
3225 3848 3515 3903 καταδύειν
3543 3850 3704 3919 ὴπεί-

426 3936 798 3992 intumescens
829 3950 979 3991 mare
1018 3936 1239 4008 jamjam
1272 3938 1501 3993 navibus
1541 3937 1815 3995 interitum
1848 3942 2012 3997 mini-

2114 3943 2195 3996 λει
2221 3941 2321 4006 τὰς
2364 3941 2521 4005 ναῦς.
2577 3941 2638 3994 Ὀ
2697 3941 2756 3995 δὲ
2805 3941 2983 3994 καίτοι
3034 3940 3374 4012 πανταχόθεν
3414 3940 3559 4009 αὐτῷ
3590 3942 3701 3993 τῶν

427 4029 665 4084 tabatur.
699 4027 834 4086 Cum
868 4027 1036 4100 igitur
1065 4027 1234 4083 ardua
1268 4030 1448 4084 omnia
1497 4030 1740 4102 undique
1775 4045 1841 4088 ac
1870 4033 2012 4090 dim-

2116 4031 2464 4102 πραγμάτων
2521 4029 2742 4101 ἀπόρων
2768 4029 2963 4094 όντων,
2991 4030 3091 4084 οὐκ
3115 4029 3222 4098 ἔξω
3254 4033 3430 4102 πάντη
3467 4030 3702 4088 ἐλπίδων

427 4123 553 4177 cilia
585 4137 808 4193 prorsus
839 4122 1172 4188 viderentur,
1210 4138 1319 4178 non
1352 4125 1476 4180 ideo
1507 4134 1690 4181 tamen
1725 4141 1873 4197 spem
1921 4128 2012 4184 ille

2115 4123 2353 4191 ἐγένετο.
2382 4121 2460 4190 Τῇ
2498 4119 2725 4192 ἐπιούσῃ
2751 4119 2882 4188 γοῦν
2935 4121 3043 4174 τῶν
3077 4122 3332 4190 κυμάτων
3363 4123 3498 4184 τέως
3526 4125 3673 4191 ἀπηλ

427 4231 643 4271 omnem
667 4214 957 4286 abiecerat.
982 4215 1176 4271 Sedata
1199 4217 1364 4286 igitur
1382 4217 1641 4288 postridie
1669 4228 2012 4288 tempestate,

2115 4203 2385 4282 λαγμένος
2421 4210 2586 4282 ἔργου
2623 4209 2848 4280 ἔχεσθαι
2880 4210 3096 4280 ἤθελεν.
3137 4210 3226 4275 Ὦς
3269 4212 3326 4265 δὲ
3363 4214 3528 4284 μηδὲν
3550 4216 3701 4285 αὐτῷ

431 4323 544 4362 rem
579 4308 793 4378 aggredi
828 4309 1129 4364 constituit.
1157 4309 1227 4364 At
1257 4325 1381 4365 cum
1414 4311 1548 4366 nihil
1597 4312 1710 4367 fere
1759 4313 1920 4384 139
1948 4329 2012 4369 ex

2117 4307 2429 4380 προύχώρει
2448 4307 2702 4378 (τῶνγὰρ
2727 4306 3000 4377 πολεμίων
3027 4309 3075 4361 οί
3098 4307 3195 4379 μὲν
3211 4307 3394 4367 λίθους
3437 4310 3530 4362 καὶ
3570 4309 3705 4374 ξύλα

429 4399 597 4454 animi
629 4399 898 4454 sententia
935 4401 1251 4456 succederet
1284 4401 1542 4471 (hostium
1577 4404 1720 4458 enim
1751 4403 1840 4457 alii
1883 4403 2012 4474 Iupi-

2116 4402 2211 4457 καὶ
2228 4404 2337 4455 πᾶν
2357 4400 2416 4454 τὸ
2445 4417 2521 4453 πα
2529 4398 2762 4470 ρατυχὸν
2779 4399 3015 4467 νιφάδων
3029 4400 3186 4472 δίκην
3204 4403 3267 4454 ἐκ
3299 4401 3405 4454 τῶν
3424 4401 3706 4468 ἐπάλξεων

429 4490 528 4546 des
563 4501 618 4546 et
647 4491 792 4559 ligna
843 4501 897 4547 et
926 4493 1284 4560 quodcunque
1327 4496 1648 4550 occurrebat
1678 4497 1744 4550 ad
1794 4511 2012 4550 manum

2118 4494 2191 4567 ἐπ
2206 4493 2220 4514 ’
2240 4492 2406 4546 αὐτὸν
2424 4491 2690 4561 ἔπεμπον,
2707 4490 2758 4544 οἱ
2785 4490 2843 4544 δὲ
2873 4490 2968 4544 καὶ
2990 4491 3100 4544 ἀπὸ
3124 4492 3228 4560 γῆς
3248 4491 3429 4561 βέλεσι
3454 4494 3544 4546 τὸν
3566 4495 3706 4564 ἀέρα

433 4584 642 4639 nivium
675 4583 849 4640 instar
875 4599 906 4640 e
937 4587 1176 4640 turribus
1207 4587 1528 4642 emittebant
1563 4603 1577 4642 :
1611 4587 1724 4653 alii,
1757 4589 1846 4658 qui
1880 4587 2012 4642 infra

2125 4585 2423 4651 ἐσκίαζον),
2456 4584 2729 4656 ἐντροπήν
2772 4601 2895 4637 τινα
2922 4585 2981 4635 ἐν
3009 4583 3086 4654 τῷ
3111 4585 3428 4655 παραυτίκα
3470 4603 3707 4656 πεποιη-

431 4675 670 4743 stabant,
693 4674 1069 4746 frequentibus
1087 4678 1206 4733 telis
1229 4678 1836 4748 obscurabantjaerem),
1861 4681 2012 4735 inter-

2123 4677 2284 4746 μένος
2319 4677 2423 4742 ἔξω
2448 4674 2619 4746 βελῶν
2649 4674 2882 4743 ἐγίνετο,
2909 4673 3089 4742 λόγοις
3111 4691 3170 4727 τε
3201 4676 3259 4738 ἐς
3290 4677 3489 4740 αὐτοὺς
3505 4678 3709 4748 ἐχρῆτο

433 4766 754 4822 mittendam
787 4767 840 4822 in
874 4767 1124 4836 praesenti
1159 4769 1617 4839 oppugnationem
1670 4779 1820 4823 ratus
1866 4779 2012 4824 extra

2121 4769 2304 4837 ἀγαθά
2335 4769 2370 4822 δι
2399 4768 2498 4838 μὲν
2515 4766 2717 4821 αὐτίκα
2746 4771 2994 4834 ποιήσειν
3026 4767 3500 4838 ἐπαγγελλόμενος
3524 4772 3572 4822 εἰ
3606 4771 3709 4840 βα-

431 4859 530 4915 teli
568 4859 770 4928 iactum
806 4860 1033 4916 recessit
1071 4870 1124 4914 et
1163 4860 1364 4930 pacisci
1405 4874 1527 4914 cum
1557 4859 1804 4915 hostibus
1834 4863 2019 4932 C(Bpil,

437 4954 607 5007 multa
644 4953 710 5008 iis
739 4955 878 5009 bona
912 4953 1207 5023 pollicitus,
1240 4967 1360 5022 quae
1397 4966 1519 5008 sese
1545 4955 1742 5023 partim
1770 4954 2019 5009 daturum

440 5041 727 5098 confestim
752 5043 1070 5113 spondebat,
1101 5043 1146 5098 si
1181 5042 1366 5098 urbem
1394 5043 1531 5099 citra
1559 5042 1800 5113 prmlium
1827 5059 2020 5114 magno

440 5135 699 5190 dederent
722 5135 1058 5205 imperatori,
1080 5135 1273 5204 partim
1305 5135 1535 5190 subinde
1565 5135 1830 5206 speranda
1867 5136 2019 5205 inge-

439 5227 613 5283 rebat.
636 5227 904 5297 Oppidani
933 5227 1092 5284 simul
1117 5237 1279 5299 atque
1301 5229 1354 5284 id
1377 5243 1656 5298 accepere,
1690 5227 1781 5283 alii
1812 5229 2023 5300 equites

437 5323 729 5388 excedunt,
767 5321 858 5376 alii
905 5324 1134 5391 scaphas
1168 5323 1563 5393 ingrediuntur,
1603 5337 1838 5392 eumque
1883 5323 2020 5376 invi-

440 5420 560 5468 tant
583 5423 642 5469 ut
671 5415 726 5469 in
753 5414 964 5479 urbem,
991 5399 1141 5483 cujus
1167 5415 1405 5471 reclusas
1428 5415 1784 5470 ostendebant
1816 5423 2020 5482 portas,

439 5505 673 5560 veniret.
723 5507 792 5562 At
840 5508 929 5563 ille
977 5524 1047 5565 ne
1093 5506 1248 5563 dolus
1283 5508 1526 5564 subesset
1574 5507 1800 5568 veritus,
1848 5504 2023 5573 primo

441 5597 654 5654 animos
680 5599 894 5657 illorum
932 5611 1144 5657 tentare
1175 5602 1385 5658 statuit.
1415 5599 1587 5656 Jussit
1619 5599 1802 5668 itaque
1833 5611 2023 5652 navem

2123 4861 2265 4915 σιλεῖ
2306 4860 2531 4930 μεγάλῳ
2556 4857 2655 4929 τὴν
2693 4858 2850 4912 πόλιν
2877 4859 3125 4928 ἀμαχητὶ
3177 4856 3710 4931 παραθήσουσιν,ῶν

2121 4949 2178 5003 δὲ
2212 4952 2304 5002 καὶ
2333 4947 2528 5001 ἐλπίδα
2561 4947 2864 5001 ὑποτείνων
2893 4947 3044 5018 ἐξῆςο
3081 4947 3289 5002 τούτων
3320 4951 3628 5023 ἐπειδήπερ
3658 4955 3709 5006 oi.

2126 5041 2219 5095 ἐπὶ
2248 5041 2344 5112 τῆς
2368 5039 2577 5104 πόλεως
2609 5040 2870 5109 ἥκουσαν,
2908 5041 3120 5094 ἱππέων
3145 5042 3513 5112 ἐκδραμόντες
3537 5045 3709 5110 τινὲς,

2125 5137 2174 5188 οί
2195 5134 2250 5188 δὲ
2275 5134 2366 5186 καὶ
2380 5131 2692 5200 λεμϐαδίοις
2728 5132 3016 5199 ἐμϐάντες,
3058 5134 3404 5204 παρεκάλουν
3424 5137 3586 5188 αὐτὸν
3616 5138 3712 5190 ἐπὶ

2125 5227 2226 5295 τὴν
2251 5224 2406 5277 πόλιν
2431 5221 2566 5276 ἱέναι
2590 5223 3026 5292 ἀνακεκλιμένας
3048 5224 3146 5286 τὰς
3165 5222 3339 5286 πύλας
3355 5225 3713 5280 ὑποδεικνύν-

2127 5335 2240 5379 τες.
2259 5316 2314 5370 Ὀ
2329 5317 2386 5368 δέ
2399 5315 2578 5380 δείσας
2597 5316 2732 5387 ὅπερ
2747 5309 2814 5385 ἦν
2831 5315 2906 5383 μὴ
2921 5311 3165 5384 ἐξαπάτη
3185 5333 3268 5377 τις
3281 5315 3362 5385 εἴη
3377 5316 3438 5369 τὸ
3453 5318 3714 5387 πρᾶγμα,

2129 5412 2187 5474 ἐς
2211 5413 2408 5483 πεῖραν
2437 5409 2636 5482 ἐχώρει
2664 5408 2948 5479 πρότερον.
2981 5406 3237 5460 Ἐκέλευε
3262 5407 3444 5460 τοίνυν
3481 5410 3590 5463 τῶν
3615 5411 3715 5464 σὺν

2128 5503 2276 5575 αύτῷ
2297 5505 2430 5574 μίαν
2449 5503 2586 5571 νεῶν
2612 5503 2708 5555 ἐπὶ
2728 5500 3011 5572 τὴνάκτὴν
3045 5499 3370 5575 ίέναιδῆθεν
3408 5505 3717 5574 ὁρμισομέ-

2129 5612 2229 5665 νην
2246 5612 2260 5626 ·
2280 5595 2396 5648 ἀλλ’
2429 5595 2546 5666 ἅμα
2577 5610 2636 5646 τε
2665 5590 2999 5666 προσιοῦσαν
3021 5586 3165 5646 εἶδον
3191 5591 3360 5664 αὐτὴν
3381 5592 3431 5646 oi
3456 5592 3716 5665 πολέμιοι

1768 5735 1866 5795 Du
1902 5731 2126 5813 Cangii
2164 5739 2353 5794 notat.

529 5858 646 5930 (Π)
703 5857 1028 5930 «Mamurri.
1100 5858 1414 5916 Flavianum
1470 5854 1611 5914 forte
1667 5853 1922 5927 oppidum
1970 5855 2025 5912 in
2063 5852 2403 5911 Samnitibus
2437 5852 2582 5910 circa
2610 5851 2762 5910 littus
2788 5848 2931 5910 haud
2955 5850 3148 5934 procul
3177 5849 3445 5911 Turdino.
