4058 6484
374 472 486 538 477

1594 483 2138 548 HISTORIARUM
2176 490 2323 551 LIB.
2369 492 2469 557 IV.

3533 503 3651 575 478

364 590 464 642 καὶ
480 588 623 659 ἀμφὶ
649 585 775 651 τοὺς
792 589 1183 656 πεντακοσίους
1196 592 1254 656 ἐς
1270 593 1368 657 τὰς
1386 594 1636 660 ἐπάλξεις
1654 596 1956 652 ἀνέϐαινον.

2063 615 2125 654 cx
2162 603 2274 657 suis
2308 618 2468 657 unam
2505 605 2572 659 ad
2622 606 2770 662 littus
2801 610 2908 678 agi,
2950 610 3105 680 quasi
3133 624 3201 666 eo
3245 612 3641 682 appulsuram:

368 678 439 732 Ὀ
470 677 706 731 κατιδὼν
729 679 1086 751 Ἀλέξανδρος
1108 685 1275 753 μήπω
1307 689 1442 755 πρὸς
1473 688 1585 749 τοῖς
1603 687 1790 751 ὅπλοις
1813 689 1960 741 ὲκεί-

364 788 476 823 νων
502 770 887 840 γεγενημένων
923 775 1145 842 χρυσίον
1179 777 1480 847 κεχυμένον
1504 779 1596 832 ἐπὶ
1623 779 1716 832 τοῦ
1742 780 1956 835 κόλπου

370 863 556 915 λαϐὼν
582 864 851 918 ἀπέϐαινέ
908 883 965 918 τε
1006 870 1122 932 τοῖς
1154 867 1293 931 νεῶς
1345 869 1549 923 θᾶσσον
1582 873 1675 923 καὶ
1709 874 1827 935 τοῖς
1855 875 1948 927 ἐπὶ

362 959 467 1021 τῆς
501 957 711 1018 πόλεως
741 957 977 1020 δεικνὺς,
1005 979 1023 1009 ι
1057 961 1153 1023 Ὃς
1178 960 1243 1012 ἂν
1272 960 1503 1015 πλούτου
1528 963 1620 1014 καὶ
1638 963 1953 1033 ἐλευθερίας

366 1047 607 1118 ἐραστὴς
637 1048 721 1116 εἴη
764 1046 924 1117 δεῦρο
947 1050 1186 1120 παρίτω,
1239 1052 1564 1122 ἀνέκραγεν.
1614 1053 1690 1114 ὡς
1748 1054 1950 1109 αὐτίκα

364 1140 578 1193 τούτων
602 1140 1065 1209 ἀπολαυσόμενος.
1095 1161 1113 1194 ι
1152 1142 1208 1196 Ὀ
1235 1144 1334 1212 μὲν
1372 1145 1544 1198 ταῦτα
1595 1142 1737 1211 εἶπε,
1774 1148 1884 1200 τῶν
1908 1147 1954 1200 δ’

364 1236 432 1286 ὲκ
460 1234 559 1303 τῆς
593 1234 802 1296 πόλεως
834 1235 1039 1302 πλῆθος
1064 1236 1434 1307 ἐκδραμόντες
1496 1240 1632 1293 πολὺ
1694 1243 1956 1311 παραυτά

366 1323 582 1389 βασιλεῖ
610 1323 1019 1394 προσεχώρουν,
1041 1325 1134 1388 οὓς
1160 1328 1345 1396 ὅρκοις
1364 1327 1687 1382 καταλαϐὼν
1712 1332 1739 1382 ὁ
1759 1348 1954 1401 στρατ·

363 1415 505 1481 ηγὸς
547 1413 789 1477 σπεύσας
832 1416 925 1467 ἐπὶ
955 1415 1056 1486 τὴν
1110 1416 1268 1470 πόλιν
1309 1418 1497 1486 εἰσῆγε
1523 1418 1585 1472 τὸ
1611 1419 1952 1489 στράτευμα.

367 1503 530 1559 Οὕτω
558 1505 820 1575 χρυσίνου
857 1505 1107 1569 δελέατος
1129 1508 1284 1561 οὐδὲν
1318 1508 1629 1580 ἀνθρώποις
1681 1511 1956 1582 ἀπατηλόν

363 1614 527 1666 τερον
547 1596 780 1663 γίνεται.
816 1595 1004 1650 Ταῦτα
1050 1598 1276 1666 γνόντες
1322 1602 1535 1655 πολῖται
1573 1604 1622 1655 ol
1646 1603 1822 1667 ἄλλοι,
1863 1604 1956 1669 οὓς

363 1688 468 1740 οὐκ
512 1688 711 1759 ἤρεσκε
751 1686 994 1756 δηλονότι
1032 1688 1099 1741 τὰ
1125 1691 1498 1761 πραττόμενα,
1520 1692 1707 1763 δρόμῳ
1737 1694 1830 1747 ἐπὶ
1857 1695 1956 1765 τὴν

363 1779 664 1847 ἀκρόπολιν
693 1780 956 1850 ἐχώρουν,
987 1780 1140 1844 ὲντός
1160 1799 1220 1833 τε
1252 1783 1355 1854 ήδη
1391 1785 1618 1854 τειχέων
1666 1787 1956 1853 γεγονότες

364 1873 496 1943 περὶ
519 1871 627 1925 τῶν
650 1871 791 1926 ὅλων
818 1871 1111 1944 ὲμάχοντο.
1146 1868 1255 1928 Ἦν
1286 1892 1346 1931 τε
1383 1878 1619 1947 πρᾶγμα
1651 1878 1850 1931 πολλοῦ
1888 1895 1953 1948 γε

2020 717 2026 722 ι
2061 709 2221 764 quam
2270 696 2363 749 ubi
2412 698 2592 752 hostes
2628 698 2811 754 vident
2841 702 3118 767 accedere,
3151 718 3379 761 numero
3423 706 3644 764 circiter

2059 785 2333 853 quingenti
2357 795 2534 843 turres
2555 790 2949 847 conscendunt.
2968 791 3025 847 Id
3047 794 3394 864 conspicatus
3414 797 3645 855 Alexan-

2060 877 2175 940 der,
2204 893 2325 931 cum
2371 881 2597 934 necdum
2633 882 2667 936 ii
2714 898 2864 937 arma
2902 883 3222 952 induissent,
3256 902 3469 954 aurum,
3498 893 3641 961 quod

2059 981 2168 1033 prae
2217 968 2335 1019 sinu
2383 967 2612 1024 ch‘usum
2647 972 2911 1041 gestabat.
2956 975 3231 1045 accipiens
3275 979 3458 1034 statim
3506 996 3643 1038 nave

2058 1059 2334 1127 egreditur
2359 1076 2372 1114 :
2400 1070 2726 1132 ostensoque
2747 1078 2811 1118 eo
2834 1063 3120 1134 Oppidanis
3151 1066 3240 1136 qui
3264 1082 3430 1137 supra
3458 1084 3643 1125 muros

2059 1147 2293 1213 stabant,
2328 1149 2443 1203 iure
2472 1150 2632 1205 verba
2670 1152 2939 1206 exclamat
2975 1171 2988 1208 :
3022 1170 3041 1205 ι
3092 1153 3194 1222 Qui
3229 1154 3543 1212 divitiarum
3586 1169 3644 1214 et

2056 1238 2323 1293 libertatis
2370 1240 2640 1297 desiderio
2694 1244 2954 1312 tangitur,
2997 1244 3101 1301 huc
3148 1246 3391 1311 accedat,
3430 1247 3497 1303 iis
3542 1263 3643 1304 ex-

2060 1331 2257 1400 templo
2288 1330 2567 1387 fruiturus.
2613 1352 2631 1386 ι
2670 1332 2761 1389 llis
2792 1335 2951 1391 dictis
2981 1336 3169 1404 ingens
3209 1352 3240 1393 e
3278 1338 3502 1394 civitate
3541 1339 3641 1399 ad-

2061 1422 2200 1475 volat
2235 1423 2523 1476 multitudo
2553 1433 2607 1477 et
2653 1425 2965 1493 imperatori
3001 1428 3261 1483 continuo
3286 1428 3642 1501 adiungitur:

2059 1526 2291 1579 moxque
2324 1513 2428 1587 dux
2466 1513 2568 1567 [ide
2602 1513 2670 1569 ab
2711 1516 2774 1570 iis
2820 1527 3060 1586 accepta,
3092 1533 3213 1574 cum
3248 1520 3414 1575 multa
3448 1522 3645 1577 celeri-

2056 1610 2166 1654 tate
2210 1602 2505 1656 exercitum
2540 1602 2596 1656 in
2642 1603 2914 1659 civitatem
2963 1606 3277 1662 introducit.
3319 1608 3468 1664 Adeo
3510 1607 3645 1663 nihil

2058 1702 2141 1747 est
2173 1692 2239 1747 ad
2287 1693 2606 1749 inescandos
2650 1695 3055 1766 illiciendosque
3084 1696 3390 1751 mortalium
3432 1697 3644 1755 animos

2059 1798 2193 1837 auro
2227 1782 2477 1839 validius.
2518 1783 2643 1840 Hmc
2688 1796 2970 1857 postquam
3012 1803 3317 1860 cognovere
3350 1790 3497 1844 cives
3528 1789 3642 1856 alii,

2058 1875 2251 1943 quibus
2284 1875 2532 1930 videlicet
2569 1876 2728 1948 150
2757 1894 2875 1945 quae
2907 1878 3050 1933 facta
3097 1880 3313 1935 fuerant
3348 1878 3490 1935 haud
3520 1880 3642 1951 pla-

365 1965 536 2028 ὅντως
563 1965 845 2035 θαύματος
874 1965 1026 2032 ἀξιον
1052 1968 1210 2039 ὁρᾷν,
1246 1970 1371 2034 τοὺς
1403 1970 1634 2042 ἔναγχος
1666 1973 1761 2026 καὶ
1791 1972 1953 2041 φύσει

2059 1968 2271 2032 cebant,
2298 1966 2351 2021 in
2385 1982 2562 2022 arcem
2600 1970 2884 2024 confestim
2930 1985 3055 2026 sese
3098 1971 3403 2041 proripiunt
3433 1988 3448 2025 :
3482 1979 3645 2041 atque

366 2058 463 2110 καὶ
499 2057 748 2128 γνώμαις
794 2058 1204 2129 συμϐαίνοντας
1272 2062 1517 2133 σήμερον
1581 2063 1773 2137 ὥσπερ
1831 2066 1953 2119 ἐπι-

365 2149 686 2219 τειχίσματι
710 2146 789 2219 τῷ
820 2149 1010 2220 χρυσῷ
1044 2150 1458 2222 διειργμένους,
1483 2150 1658 2222 ἐχθρά
1689 2152 1955 2223 φρονοῦν·
1992 2204 2017 2223 κ

368 2255 469 2302 τας
492 2237 746 2310 ἀλλήλοις
775 2238 871 2291 καὶ
895 2238 1254 2308 διεστηκότας
1279 2242 1379 2313 ήδη
1401 2244 1515 2307 τοῖς
1536 2242 1743 2312 ἔργοις.
1768 2244 1956 2299 Ταῦτα

373 2328 477 2397 μὲν
507 2324 603 2382 οὖν
618 2331 747 2398 τῇδε
775 2329 1021 2399 ἐφέρετο.
1055 2327 1164 2384 Ἦν
1189 2332 1245 2385 δέ
1289 2349 1343 2385 τι
1391 2333 1658 2406 φρούριον
1714 2334 1819 2388 ἀνά
1854 2334 1954 2406 τὴν

372 2421 532 2474 πόλιν
555 2420 768 2492 ἕτερον,
800 2422 887 2491 ἐφ’
913 2415 975 2475 οὒ
1012 2423 1287 2476 Νικολάου
1318 2424 1412 2477 τοῦ
1444 2427 1500 2477 ὲν
1528 2425 1709 2494 ἁγίοις
1772 2427 1955 2498 ἵδρυτο

369 2511 531 2573 νεὼς,
560 2511 589 2565 δ
619 2513 714 2566 καὶ
765 2512 898 2567 αὐτὸ
945 2513 1156 2579 ἐξελεῖν
1194 2508 1223 2568 ό
1288 2518 1596 2587 στρατηγὸς
1646 2518 1956 2588 διανοηθεὶς

370 2603 551 2657 τοιάδε
585 2604 706 2659 τινὰ
738 2606 935 2661 ἐποίει.
972 2606 1219 2679 Ἀνδρας
1260 2607 1795 2679 τεθωρακισμένους
1858 2614 1957 2681 μέ-

370 2695 499 2753 λασι
528 2698 884 2767 περιστείλας
922 2698 1155 2769 ἀμφίοις
1187 2699 1441 2754 ἐκέλευεν
1468 2700 1832 2773 όρθρίσαντας
1864 2704 1957 2756 ἐπὶ

370 2792 465 2844 τὸν
487 2791 625 2845 νεὼν
661 2791 862 2856 ἐλθεῖν,
895 2793 1117 2848 ἐπειδὰν
1146 2794 1203 2847 δὲ
1242 2794 1339 2847 καὶ
1360 2793 1577 2849 ἔνδοθεν
1607 2798 1855 2865 γένοιντο
1889 2795 1957 2850 τὰ

377 2881 507 2952 ξίφη
530 2884 915 2955 σπασαμένους
940 2884 1101 2957 ἔργου
1136 2885 1385 2956 ἔχεσθαι.
1431 2887 1516 2960 [Ρ.
1581 2887 1696 2960 83.]
1752 2888 1815 2943 Οί
1855 2888 1958 2959 μὲν

374 2974 469 3028 οὖν
489 2975 660 3028 ἔωθεν
693 2974 771 3046 τῷ
797 2977 1045 3047 φρουρίῳ
1081 2977 1406 3047 προσιόντες
1461 2978 1559 3049 τὴν
1592 2978 1769 3048 πύλην
1831 2979 1956 3034 ἔκο-

377 3080 512 3120 πτον
546 3082 562 3097 ·
616 3066 665 3118 οἱ
691 3065 738 3119 δ’
789 3067 939 3121 ἔνδον
992 3069 1253 3138 μονήρεις
1323 3070 1480 3131 τινὰς
1530 3066 1673 3124 εἶναι
1730 3071 1957 3138 τούτους

375 3160 761 3231 ὑπειληφότες,
798 3161 894 3224 τὰς
925 3160 1103 3226 πύλας
1147 3163 1334 3227 αὐτοῖς
1378 3163 1825 3234 διαζυγώσαντες
1846 3167 1957 3220 ela-

373 3252 777 3321 ιδέχοντο.Κα“ι
807 3253 868 3306 τὸ
913 3253 1104 3307 λοιπὸν
1124 3254 1271 3308 οὕτω
1323 3254 1388 3326 δὴ
1456 3256 1551 3311 καὶ
1601 3256 1760 3310 τοῦτο
1818 3257 1955 3312 Ῥω-

374 3345 559 3417 μαίοις
581 3346 774 3418 ᾑρέθη.
814 3346 977 3402 Ἀλλά
1018 3349 1116 3402 καὶ
1145 3349 1342 3403 τούτου
1379 3349 1703 3414 ἑαλωκότος
1771 3352 1820 3404 οξ
1864 3352 1958 3405 ἐπὶ

369 3438 473 3508 τῆς
513 3440 868 3508 ἀκροπόλεως
914 3440 1388 3513 ἰσχυρογνώμονες
1423 3442 1505 3496 ἔτι
1555 3438 1720 3513 ἦσαν.
1776 3442 1957 3513 Μέχρι

374 3530 479 3599 μὲν
502 3525 710 3585 οὖνκαὶ
769 3535 827 3596 ἐς
882 3532 1121 3603 ἑϐδόμην
1175 3534 1391 3605 ἡμέραν
1448 3534 1596 3587 οὕτω
1651 3534 1959 3589 διετέλεσαν

372 3622 815 3695 ἀντικαθήμενοι
877 3625 1156 3695 ἀλλήλοις,
1209 3626 1421 3679 ὲπεὶδὲ
1502 3627 1597 3680 καὶ
1646 3626 1960 3691 Βασαόίλας

372 3712 612 3766 ἐνταῦθα
657 3708 789 3784 ἦλθε
845 3712 1077 3786 δύναμιν
1127 3714 1203 3779 ὡς
1259 3714 1522 3785 πλείστην
1591 3715 1954 3785 ἐπαγόμενος,

371 3804 498 3856 τότε
525 3805 590 3875 δή
628 3806 723 3858 καὶ
757 3804 965 3876 ταύτην
1048 3805 1352 3877 Ῥωμαίοις
1403 3807 1731 3877 παρέδοσαν.
1802 3809 1961 3863 Κατὰ

380 3897 541 3969 ιχθος
595 3916 659 3966 γε
700 3899 804 3972 μὴν
842 3899 902 3953 τὸ
964 3900 1106 3971 πρὸς
1184 3899 1468 3971 Ῥογέριον
1530 3899 1627 3954 ἅτε
1662 3900 1962 3974 ἀπανθρὼ-

377 4006 498 4054 πως
546 3990 736 4056 αὐτοῖς
810 3993 973 4046 ὁποῖα
1064 3994 1180 4056 τοῖς
1267 3992 1635 4062 τυραννοῦσιν
1727 3992 1961 4051 εἴθισται

376 4084 852 4155 προσφερόμενον,
928 4084 988 4147 ἐς
1045 4083 1248 4153 ἔδαφος
1326 4084 1438 4154 (78)
1499 4085 1673 4157 αὐτὴν
1705 4086 1964 4142 καθελόνο

375 4191 471 4238 τες
524 4175 769 4245 ἀφῆκαν,
821 4176 1003 4231 καίτοι
1058 4176 1234 4231 πολλά
1280 4176 1379 4230 τοῦ
1425 4178 1738 4248 στρατηγοῦ
1825 4181 1965 4250 πρὸς

378 4266 542 4322 τοῦτο
578 4269 994 4340 διενισταμένου
1023 4270 1116 4324 καὶ
1146 4270 1448 4341 χρημάτων
1473 4269 1735 4327 ὠνεῖσθαι
1758 4273 1965 4345 ταύτην

384 4359 641 4430 μεγάλων
673 4359 981 4428 ἀξιοῦντος.-
1358 4384 1361 4385 ν
1776 4400 1782 4405 -

450 4450 514 4505 δ’.
556 4452 638 4506 Τὰ
673 4453 771 4522 μὲν
796 4451 891 4507 οὖν
938 4452 1080 4508 κατὰ
1100 4454 1271 4525 Βᾶριν
1307 4454 1436 4526 τῇδε
1462 4453 1763 4526 ἐχώρησεν.
1814 4456 1878 4510 '0
1900 4456 1959 4511 δὲ

2059 2062 2200 2113 intra
2231 2076 2260 2111 ιι
2284 2060 2425 2114 mnia
2444 2060 2554 2127 jam
2579 2060 2776 2130 recepti
2799 2062 2866 2116 de
2886 2076 3098 2116 summa
3128 2076 3306 2117 rerum
3331 2066 3640 2118 decertant.

2058 2149 2157 2205 llic
2190 2166 2349 2219 porro
2382 2165 2493 2205 rem
2524 2150 2881 2207 admiratione
2904 2152 3119 2222 dignam
3150 2160 3268 2208 erat
3298 2152 3521 2217 intueri,
3548 2166 3643 2207 eos

2060 2259 2254 2313 nempe
2281 2245 2370 2313 qui
2405 2253 2457 2298 et
2487 2253 2678 2298 natura
2703 2253 2757 2299 et
2785 2244 3060 2311 voluntate
3089 2245 3319 2300 invicem
3350 2258 3525 2315 nuper
3552 2258 3644 2299 co-

2058 2336 2355 2402 haerebant,
2390 2352 2532 2390 nunc
2565 2351 2699 2391 auro
2732 2335 2878 2391 velut
2921 2351 3073 2392 muro
3099 2337 3400 2406 disjuuctos
3426 2335 3640 2393 hostili-

2062 2440 2144 2480 ter
2188 2428 2330 2481 iuter
2378 2442 2439 2481 se
2484 2441 2666 2497 agere,
2720 2426 3043 2497 diversaque
3092 2442 3316 2497 prorsus
3363 2425 3541 2482 moliri
3586 2436 3644 2483 et

2059 2519 2283 2572 sentire.
2330 2520 2507 2586 Atque
2559 2517 2604 2571 is
2646 2516 2750 2573 fuit
2796 2519 2848 2572 in
2882 2518 3014 2573 urbe
3055 2532 3237 2572 rerum
3285 2526 3480 2574 status.
3512 2516 3642 2572 Erat

2058 2617 2318 2679 prmterea
2355 2610 2406 2662 in
2440 2608 2705 2678 superiori
2756 2607 2994 2663 civitatis
3044 2617 3196 2677 parte
3230 2624 3326 2662 arx
3363 2607 3640 2677 alterahin

2059 2717 2162 2770 qua
2191 2708 2529 2756 exstructum
2560 2709 2675 2754 erat
2696 2686 2821 2753 divo
2842 2699 3063 2755 Nicolao
3088 2699 3326 2755 dicatum
3357 2699 3639 2768 templum,

2058 2809 2223 2865 quam
2284 2808 2406 2847 cum
2457 2805 2726 2859 occupare
2775 2798 3040 2846 statueret
3095 2789 3461 2860 Palazologus,
3513 2789 3641 2845 talia

2059 2884 2511 2943 comminiscitur.
2534 2882 2788 2938 Armatos
2810 2881 3038 2951 aliquot,
3063 2880 3229 2952 nigris
3256 2880 3641 2949 superindutos

2061 2978 2257 3048 palliis,
2288 2990 2502 3032 summo
2532 2990 2689 3030 unane
2722 2974 2790 3029 ad
2828 2973 3082 3042 templum
3118 2973 3201 3027 ire
3237 2972 3411 3039 jubet,
3442 2971 3641 3041 datque

2060 3072 2129 3126 iis
2160 3070 2212 3124 in
2239 3068 2531 3131 mandatis,
2563 3077 2619 3120 ut
2648 3067 2811 3123 simul
2833 3076 2995 3136 atque
3017 3066 3244 3137 ingressi
3275 3063 3406 3120 illud
3433 3073 3640 3128 essent,

2061 3170 2175 3217 tum
2201 3160 2420 3217 demum
2454 3159 2659 3215 strictis
2690 3159 2883 3230 gladiis
2916 3174 3027 3213 rem
3079 3158 3522 3229 aggrederentur.
3560 3154 3641 3211 llli

2061 3268 2190 3323 ergo
2239 3251 2343 3307 sub
2389 3265 2637 3306 auroram
2674 3250 2994 3305 accedentes
3043 3249 3112 3304 ad
3159 3262 3376 3310 arcem,
3427 3253 3638 3318 portam

2060 3344 2296 3415 pulsant.
2329 3340 2430 3409 Qui
2480 3340 2626 3395 intus
2669 3348 2849 3404 erant,
2882 3338 3176 3395 monachos
3225 3337 3491 3407 quosdam
3519 3350 3643 3392 esse

2062 3435 2326 3498 arbitrati,
2362 3433 2564 3503 apertis
2590 3432 2769 3500 januis
2800 3431 2918 3486 illos
2945 3430 3293 3486 intromisere
3324 3445 3338 3482 :
3371 3440 3534 3496 atque
3565 3426 3641 3482 ita

2062 3527 2320 3594 deinceps
2352 3540 2380 3579 a
2422 3523 2680 3579 Romanis
2713 3534 2928 3594 captum
2974 3531 3057 3579 est
3090 3519 3389 3577 castellum.
3439 3519 3640 3575 Verum

2062 3620 2116 3675 id
2151 3619 2252 3674 etsi
2286 3626 2678 3687 expugnatum,
2713 3616 3067 3671 nihilominus
3102 3613 3191 3684 qui
3225 3610 3519 3681 acropolim
3557 3618 3642 3665 te-

2066 3712 2266 3767 nebant
2297 3709 2639 3765 obstinatiori
2680 3722 2802 3763 sese
2836 3708 3127 3763 tuebantur
3155 3705 3358 3772 animo,
3403 3702 3539 3758 adeo
3582 3709 3643 3756 ut

2064 3816 2160 3872 per
2183 3809 2388 3871 septem
2425 3802 2712 3856 continuus
2751 3799 2868 3855 dies
2897 3808 3173 3854 certamen
3205 3796 3543 3868 perduraret.
3572 3793 3647 3849 At

2063 3904 2351 3967 postquam
2385 3908 2450 3949 eo
2488 3893 2719 3949 accessit
2751 3907 2872 3946 cum
2905 3889 3211 3962 ingentibus
3243 3887 3414 3958 copiis
3445 3884 3644 3940 Bassa—

2063 3988 2211 4052 villa,
2240 3997 2354 4042 tum
2386 3993 2442 4041 et
2476 3985 2618 4040 illam
2650 3982 2912 4039 Romanis
2935 3981 3256 4038 dediderunt
3283 3997 3297 4034 :
3325 3985 3485 4047 atque
3517 3975 3646 4031 odio

2065 4091 2173 4149 quo
2214 4075 2269 4130 in
2302 4074 2589 4143 Rogerium
2638 4071 2965 4144 ﬂagrabant.
3000 4065 3145 4141 quod
3177 4068 3433 4126 nimirum
3484 4065 3646 4121 inhu-

2066 4183 2226 4225 mane
2247 4165 2648 4234 crudeliterque
2673 4164 2759 4233 (ut
2788 4163 2963 4219 solent
2987 4159 3225 4233 tyranni)
3256 4160 3309 4214 in
3334 4172 3431 4214 eos
3457 4155 3646 4212 saevis-

2067 4268 2170 4324 set,
2207 4271 2333 4313 arce
2365 4256 2543 4311 diruta
2589 4254 2813 4324 soloque
2862 4259 3095 4322 aequata,
3146 4251 3472 4314 discessere,
3517 4245 3648 4301 licet

2066 4351 2175 4408 dux
2200 4349 2490 4405 obsisteret
2519 4358 2745 4415 eamque
2772 4359 2972 4415 magno
3001 4342 3162 4399 vellet
3187 4354 3387 4397 emere.

2143 4463 2297 4536 ιῑιι
2327 4461 2386 4517 4.
2415 4458 2538 4514 Haec
2564 4469 2687 4513 tum
2716 4459 2782 4513 ad
2829 4456 3010 4513 Barim
3035 4456 3334 4528 contigere,
3355 4468 3462 4526 qua
3484 4462 3642 4523 capta

378 4542 744 4614 Παλαιολόγος
785 4545 975 4618 ἐπειδὴ
1006 4545 1212 4617 ταύτην
1238 4546 1417 4617 ἔσχεν,
1461 4547 1557 4601 ἐπὶ
1604 4549 1811 4621 Τρᾶνιν
1839 4548 1958 4622 (79)

2069 4550 2402 4620 Palaaulogus
2458 4561 2647 4602 versus
2701 4544 2920 4601 Tranim
2998 4545 3234 4615 navigat.
3302 4543 3376 4598 Ea
3429 4543 3648 4599 civitate

380 4636 638 4692 ἀπέπλειο
662 4638 923 4711 ὁμολογίᾳ
957 4657 1019 4693 τε
1052 4640 1147 4694 καὶ
1205 4639 1412 4710 ταύτην
1437 4641 1958 4712 παραστησάμενος,

2067 4642 2320 4699 similiter
2335 4640 2499 4695 certis
2524 4637 2932 4693 conditionibus
2962 4638 3014 4691 in
3040 4636 3371 4692 deditionem
3396 4644 3643 4706 accepta,

382 4726 503 4784 εἶτα
562 4732 659 4786 καὶ
724 4732 1073 4799 Γιδενάτζιον
1128 4733 1240 4803 (80)
1270 4773 1284 4798 ,
1351 4734 1509 4787 πόλιν
1560 4733 1723 4803 λόγου
1773 4735 1958 4803 ἀξίαν,

2067 4733 2409 4790 Juvenatium
2451 4745 2554 4785 non
2583 4731 3037 4784 contemnendam
3063 4731 3249 4785 urbem
3301 4729 3507 4785 foedere
3540 4727 3644 4784 sibi

384 4821 723 4879 ὑπόσπονδον
774 4824 1092 4896 ἐποιήσατο.
1118 4818 1228 4879 Ἦν
1262 4824 1319 4878 δέ
1364 4842 1451 4889 τις
1488 4824 1801 4898 Ῥιτζάρδος
1847 4824 1958 4897 (8|)

2073 4826 2337 4897 adiungit.
2380 4823 2509 4878 Erat
2546 4823 2611 4877 iis
2641 4823 2694 4877 in
2724 4823 2856 4879 locis
2898 4823 3206 4879 Ricbardus
3233 4824 3451 4896 quidam
3483 4823 3649 4880 homo

1723 4966 1819 5029 Du
1854 4966 2080 5048 Cangii
2112 4974 2300 5028 notas.

462 5091 575 5161 (78)
606 5090 1000 5170 Ἐεῃξδᾳφοςκ
1054 5091 1230 5162 Atque
1255 5090 1339 5170 __id
1364 5093 1733 5170 postmodum
1754 5108 1966 5170 _caus:e
2068 5093 2277 5170 timnora
2302 5090 2607 5170 maricium,
2638 5088 2813 5170 Hum.
2836 5087 3237 5170 a_l}ari,_hod_ie
3285 5088 3641 5170 Giovenazzo.

385 5158 512 5244 fuit:
539 5158 637 5216 cur
667 5158 973 5244 Willelmus
1003 5158 1221 5244 recepta
1255 5158 1407 5244 Bari,
1432 5162 1642 5244 castelli
1673 5164 1792 5244 sui,
1821 5163 1968 5244 quod
2142 5160 2652 5244 (81)'"'Rtr£dpdoc_.
2697 5158 2958 5244 Fuituhic
2999 5158 3265 5244 Rlisfardus
3284 5158 3533 5244 “Andria
3557 5176 3649 5244 co-

386 5250 417 5287 a
471 5232 803 5311 Bargnsibus
873 5228 1394 5311 dirutttm:_itterat,
1439 5232 1646 5311 _ruinas
1704 5228 1967 5311 intuitus,
2068 5228 2497 5311 mes_,_Wi_ltelmi
2536 5232 2677 5296 regls
2702 5228 2947 5311 partibus
2976 5230 3242 5311 addictus.
3284 5228 3517 5311 Proinde
3558 5232 3644 5311 vix

387 5303 475 5381 [1)τ
492 5299 633 5381 ⁵456]
664 5302 930 5381 Barenses
952 5302 1056 5381 “sic
1101 5303 1366 5381 allocutus
1406 5302 1480 5381 _sit
1512 5322 1525 5358 :
1553 5300 1733 5381 Juxta,
1768 5303 1965 5373 inquit,
2070 5304 2253 5381 simile
2284 5302 2732 5381 videa‘tttrnve‘ro.
2760 5299 2907 5381 illum
2956 5314 3090 5381 esse
3122 5299 3214 5367 qui
3247 5313 3276 5350 a
3310 5296 3548 5381 Roberto
3582 5302 3649 5381 de

386 5368 652 5449 ὖοήὶεριιῇι
674 5388 831 5441 agam
856 5372 1064 5441 judicio
1090 5392 1105 5426 :
1142 5383 1189 5426 et
1227 5373 1355 5449 quia
1383 5373 1565 5449 damni
1603 5389 1732 5449 mete
1757 5368 1971 5449 parcere
2072 5374 2271 5437 Monte,
2305 5389 2393 5425 an.
2426 5370 2585 5435 1155,
2614 5368 2909 5449 ξὶσζιανᾴηε
2936 5372 3001 5449 αξ
3028 5368 3221 5449 Linges
3242 5383 3411 5449 cantes
3430 5368 3645 5424 Andria

388 5437 834 5520 noluististcerte
857 5437 952 5496 nec
971 5457 1064 5510 ego
1094 5437 1300 5520 vestris.
1320 5459 1441 5520 sunt
1476 5442 1717 5520 domibus
1740 5437 1973 5513 parcitu-
2074 5452 2598 5520 n_unc_upatur._‘cu_m
2631 5438 2925 5520 liobertum
2964 5437 3648 5520 Bassavillamis'_secutus

390 5529 504 5588 για.
535 5505 687 5588 Quod
714 5520 773 5588 et_
796 5505 1138 5588 factum'est:
1165 5511 1332 5566 muris
1357 5513 1506 5588 enim
1525 5505 1758 5588 primum
1788 5529 1973 5588 gqtta—
2072 5505 2402 5588 sitaDeiude
2424 5509 2741 5588 _Rich_ardus
2768 5507 2923 5588 cpjus
2953 5509 3205 5588 meminit
3227 5505 3644 5588 liobertus,_npn

388 5583 464 5661 this
495 5577 635 5661 solo,
678 5582 845 5661 totius
898 5582 1200 5661 insecutum
1253 5590 1345 5661 est.
1388 5577 1663 5661 excidium
1706 5577 1971 5661 civitatis.
2056 5582 2315 5661 Andriae,
2344 5581 2439 5637 sed
2469 5578 2867 5661 Antii-ininsula:
2901 5592 3083 5661 conte:
3132 5577 3256 5661 fuit,
3294 5578 3649 5661 siquautides

391 5653 764 5729 Barimporro
783 5651 1300 5729 Graecisﬂademerat
1326 5649 1438 5718 jam
1463 5653 1589 5729 olim
1618 5651 1972 5718 Guiscardus,
2035 5653 2506 5729 «iidemhaec-an.
2535 5648 2673 5729 Ηιᾷ
2700 5646 2958 5729 scribenti
2994 5664 3015 5729 :_
3034 5646 3143 5729 fies:
3175 5645 3429 5715 Rogerius
3449 5646 3649 5703 Sicilia:

392 5733 454 5776 ut
475 5717 1159 5801 e_s‘t_in_C_bronicp_Casin.
1194 5723 1230 5801 l_.
1267 5717 1352 5785 ut,
1383 5736 1434 5777 c.
1463 5723 1557 5801 42.
1644 5794 1656 5801 _
1686 5793 1702 5801 _
1779 5794 1811 5801 __
1867 5793 1886 5801 _

2078 5721 2466 5786 Tripolitanum
2515 5718 2938 5801 prouinciam'in
2981 5717 3172 5801 Africa.
3210 5732 3366 5780 super
3413 5732 3649 5801 gregatio:

466 5791 579 5861 ('79)
612 5790 841 5860 Τρᾶνιν.
876 5790 1016 5847 Urbs
1042 5799 1170 5846 nota
1202 5793 1255 5845 iu
1280 5805 1343 5847 ea
1372 5807 1467 5848 ora
1492 5792 1656 5848 Trani
1686 5793 1845 5851 hodie
1861 5793 1975 5849 fere
2075 5791 2322 5868 cepit.“
2347 5790 2446 5868 Itac
2470 5789 2797 5868 ςφρρᾳίιὶοηε
2838 5786 2941 5868 [νὴ
2979 5796 3027 5840 et
3063 5786 3283 5868 multum
3324 5787 3528 5868 profuit
3559 5787 3653 5868 Ri-

392 5857 593 5917 dir‘uta.
642 5857 657 5860 ’
2077 5857 2306 5916 chardus
2353 5860 2417 5913 de
2463 5857 2743 5927 Linghenc,
2777 5858 2926 5911 miles
2971 5859 3218 5925 Optimus,
3247 5858 3336 5926 qui
3386 5874 3547 5927 nuper
3589 5860 3655 5912 de

465 5932 582 6008 (80)
612 5928 1012 5993 Γιεενάτίὶον.
1041 5930 1389 5991 Juvenatium
1436 5934 1490 5990 in
1538 5934 1746 6007 Apulia;
1769 5934 1976 5992 Pcuce-
2070 5932 2366 6004 Bajocensi
2395 5929 2644 5987 comitatu
2674 5928 2798 5984 illuc
2825 5933 3146 5998 perrexerat;
3173 5937 3221 5982 et
3249 5944 3280 5982 a
3304 5944 3416 6001 regis
3432 5928 3659 6002 Rogerio
