4058 6462
353 489 464 552 479

1669 472 1995 536 JOANNIS
2033 472 2365 534 ClNNAMl

3514 462 3624 524 480

357 603 607 657 vindicta:
631 597 906 654 sumenda:
945 595 1079 651 mire
1103 593 1351 664 cupidus.
1392 589 1602 660 Quippe
1642 587 1938 650 hominem,

2073 603 2216 654 ινομα
2273 585 2413 655 ἀνὴρ
2474 582 2815 646 κολαστικὸς.
2867 581 3192 651 ’Ἄνθρωπον
3226 578 3335 650 γὰρ
3372 577 3466 632 καὶ
3537 574 3637 632 ἐπὶ

355 712 386 749 .1
418 708 524 761 quo
555 692 636 746 vel
669 691 943 746 levissime
995 697 1142 744 esset
1176 686 1437 752 oliensus,
1463 683 1620 756 quasi
1660 680 1943 737 victimam

357 786 587 847 medere,
634 783 884 836 manibus
928 781 1264 849 pedibusque
1295 789 1569 859 truncare,
1613 775 1946 841 visceraque

361 879 506 931 illius
535 876 789 933 avellere.
822 873 1090 928 levissima
1121 873 1169 926 ei
1203 871 1483 924 videbatur
1523 864 1943 922 animadversio.

360 970 534 1022 Antro
573 967 662 1022 hic
713 966 936 1021 castello
975 971 1210 1034 prazerat
1255 979 1268 1015 :
1308 962 1401 1031 qui
1458 960 1547 1014 ubi
1600 956 1946 1015 Iuvenalium

364 1058 418 1112 in
463 1059 832 1111 Romanorum
865 1063 1190 1124 potestatem
1218 1052 1440 1124 jamjam
1480 1061 1768 1107 venturum
1801 1063 1952 1103 acce-

367 1150 463 1219 pit,
498 1158 558 1202 ut
597 1148 665 1202 ab
697 1148 910 1216 incepto
943 1146 1263 1201 desisterent
1299 1143 1557 1198 Romanis
1589 1150 1952 1199 comminatus

366 1248 474 1292 est.
527 1237 632 1291 Sed
689 1237 887 1306 spretis
941 1233 1205 1307 ejusmodi
1247 1233 1412 1288 minis
1446 1229 1838 1298 Juvenatioque
1895 1226 1948 1282 in

370 1331 530 1386 Iidem
575 1339 810 1398 recepto,
863 1343 986 1383 cmn
1039 1327 1169 1394 quid
1212 1324 1472 1393 deinceps
1502 1322 1772 1392 agendum
1799 1331 1946 1376 esset

372 1421 740 1476 deliberarent
791 1417 1020 1474 Romani
1085 1415 1419 1484 ulteriusque
1483 1421 1802 1482 pergerent,
1865 1410 1955 1466 ille

371 1509 662 1566 comitibus
707 1509 830 1563 aliis
868 1508 1159 1576 adjunctus
1189 1515 1351 1576 atque
1373 1505 1508 1558 adeo
1541 1501 1643 1574 ipsi
1678 1499 1953 1557 Guilielmi

371 1602 720 1665 cancellario,
757 1617 922 1670 quem
983 1599 1313 1671 logothetam
1347 1595 1540 1658 ;Gr.rci
1581 1585 1800 1658 vocant,
1831 1607 1954 1647 cum

373 1693 444 1748 iis
502 1708 693 1749 versus
745 1690 968 1746 Tranim
1031 1689 1238 1755 tendit,
1287 1688 1473 1742 urbem
1523 1687 1698 1754 primo
1755 1684 1956 1752 impetu

376 1793 809 1851 expugnaturus.
832 1780 940 1836 llos
966 1778 1400 1847 subsequebatur
1420 1777 1691 1830 exercitus
1715 1773 1956 1844 equitum

375 1875 604 1929 duorum
651 1871 904 1935 millium,
938 1871 1176 1940 peditum
1225 1883 1354 1923 vero
1395 1868 1734 1934 aliorumque
1765 1878 1956 1918 arma-

376 1976 555 2022 torum
643 1963 866 2016 inﬁnitae
950 1959 1335 2015 multitudinis.
1396 1958 1499 2024 Qui
1581 1958 1635 2010 in

375 2073 498 2113 cum
523 2055 732 2125 exiguis
755 2055 1042 2108 admodum
1070 2052 1240 2121 copiis
1263 2050 1440 2106 relicti
1466 2049 1679 2105 fuerant
1707 2049 1957 2112 llonmni,

376 2156 490 2202 tum
547 2145 651 2201 sibi
703 2155 817 2199 tum
859 2143 1074 2198 civitati
1113 2151 1419 2197 metuentes
1471 2140 1723 2195 celeriter
1760 2141 1960 2194 Ducam

378 2243 645 2295 advocant
687 2248 742 2294 et
800 2237 1072 2292 fortunam
1125 2235 1198 2290 illi
1264 2245 1584 2304 praesentem
1619 2248 1713 2303 per
1754 2232 1965 2288 litteras

378 2337 678 2398 exponunt.
733 2327 878 2392 Quas
910 2325 998 2381 ubi
1027 2324 1117 2380 ille
1155 2324 1396 2393 accepit,
1451 2324 1612 2378 motis
1639 2322 1828 2377 eodem
1879 2323 1966 2376 die

380 2421 588 2475 castris
617 2419 682 2473 ad
715 2418 935 2472 Tranim
979 2418 1059 2473 ire
1085 2418 1280 2488 pergit.
1317 2415 1450 2472 Cum
1480 2417 1546 2470 ad
1581 2415 1754 2469 locum
1778 2431 1968 2484 quem-

383 2511 536 2575 dam,
575 2510 662 2565 cui
699 2525 894 2564 nomen
931 2507 1108 2572 Buno,
1156 2507 1429 2569 venisset,
1485 2508 1688 2575 egressi
1749 2507 1966 2561 obviam

383 2599 580 2657 incola:
617 2610 676 2657 ut
731 2602 1010 2657 civitatem
1058 2601 1195 2654 citra
1244 2608 1518 2654 certamen
1561 2598 1827 2667 reciperet
1856 2598 1968 2652 Ro-

385 2705 582 2745 manus
637 2689 909 2744 exercitus
959 2687 1413 2743 cohortabantur.
1454 2687 1560 2741 Sed
1606 2685 1765 2758 142
1798 2687 1972 2743 Ducas

386 2778 602 2855 longius
634 2777 706 2833 ibi
733 2777 1012 2832 iunuorari
1043 2776 1184 2830 haud
1211 2791 1243 2841 e
1277 2790 1338 2831 re
1371 2791 1468 2832 sua
1502 2775 1619 2830 fore
1649 2777 1970 2842 arbitratus,

392 2884 464 2922 ne
504 2867 779 2922 Richardo
811 2866 934 2922 belli
969 2881 1066 2937 pro
1096 2867 1324 2923 arbitrio
1369 2867 1588 2939 gerendi
1629 2868 1971 2924 occasionem

387 2960 674 3029 praeberet,
708 2958 760 3014 id
787 2960 840 3014 in
875 2974 1116 3029 praesens
1152 2960 1368 3030 quidem
1412 2959 1617 3024 omisit,
1649 2969 1762 3015 tum
1802 2961 1970 3016 etiam

389 3052 533 3120 quod
561 3066 627 3108 eo
667 3054 720 3106 in
761 3061 1036 3121 posterum
1087 3052 1459 3123 opportuniori
1515 3063 1758 3124 tempore
1809 3055 1974 3125 potiri

2054 678 2270 748 μικροῖς
2295 671 2966 746 αὖτῷπροσκεκρουκότα
3024 671 3099 735 ῶς
3139 672 3338 740 ίερείον
3369 666 3621 720 καταθύ-

2052 789 2166 832 σαι,
2225 769 2257 840 ἢ
2309 768 2593 837 σπλάγχνα
2643 767 2937 836 ἀνατεμεῖν
2991 766 3087 817 καὶ
3139 761 3339 832 χειρῶν
3387 759 3638 834 ἢποδῶν

2050 861 2429 933 ἀποστερῆσαι
2481 860 2706 922 κόλασις
2794 857 2945 927 αὐτῷ
2993 857 3028 928 ὴ
3092 854 3488 924 προχειροτάτη
3545 847 3636 919 ἦν.

2055 952 2228 1019 Οὗτος
2261 956 2496 1025 ΙΙἈντρου
2554 954 2652 1024 μέν
2680 948 2819 1024 ἦρχε
2851 950 3140 1022 φρουρίου,
3206 944 3556 1008 Γιθενατξίου
3582 943 3639 996 δέ

2058 1047 2474 1120 μεταποιεῖσθαι
2522 1045 2827 1115 Ῥωμαίους
2856 1040 3110 1112 ἀκηκοὼς
3137 1039 3374 1110 ἠπείλει’
3406 1037 3506 1108 μὲν
3540 1034 3640 1089 καὶ

2053 1140 2113 1194 τὸ
2138 1139 2408 1210 πρότερον
2463 1134 2807 1204 ἀποσχέσθαι
2866 1133 2968 1203 τῆς
3024 1130 3419 1202 ἐγχειρήσεως,
3467 1127 3545 1189 ὡς
3581 1125 3640 1178 δὲ

2053 1231 2163 1286 τῶν
2190 1229 2431 1285 ἀπειλῶν
2459 1226 2998 1300 ἀφροντιστήσαντες
3030 1220 3381 1283 Γιῦενάτζιόν
3404 1236 3464 1272 τε
3499 1217 3638 1270 αὐτὸ

2055 1321 2317 1392 ὁμολογίᾳ
2376 1321 2535 1392 ἔσχον
2603 1317 2699 1372 καὶ
2753 1318 2884 1386 περὶ
2938 1315 3048 1368 τῶν
3085 1313 3293 1366 λοιπῶν
3354 1311 3643 1382 προϊόντες

2057 1415 2412 1480 ἐσκέπτοντο,
2444 1411 2648 1480 κόμησί
2671 1427 2730 1464 τε
2754 1408 2935 1469 ἄλλοις
2962 1406 3060 1459 καὶ
3085 1405 3148 1472 δὴ
3181 1402 3274 1456 καὶ
3302 1401 3382 1470 τῷ
3431 1399 3642 1453 rats).—

2061 1524 2163 1579 μου
2229 1504 2591 1575 καντζιλερίῳ
2637 1503 2750 1574 (8‘2)
2805 1495 3173 1568 συγγεγονὼς,
3233 1494 3293 1548 ὃν
3350 1493 3646 1562 λογοθέτην

2059 1602 2203 1655 εἴποι
2228 1599 2294 1653 ἄν
2327 1615 2412 1660 τις
2438 1595 2734 1665 ἑλληνίζων
2764 1593 2924 1663 ἀνὴρ,
2967 1592 3069 1644 ἐπὶ
3095 1589 3301 1659 Τρᾶνιν
3330 1588 3428 1640 σὺν
3458 1587 3646 1648 αὐτοῖς

2057 1689 2220 1760 ἦλθεν
2245 1691 2320 1755 ῶς
2353 1688 2606 1744 αὐτοϐοεὶ
2634 1689 2734 1757 τὴν
2777 1687 2932 1739 πόλιν
2961 1682 3434 1751 ἀναρπασόμενος.
3485 1680 3651 1732 Ἠκο-

2058 1785 2242 1839 λούθει
2268 1786 2324 1840 δέ
2371 1785 2558 1846 αὐτοῖς
2626 1781 2960 1852 στράτευμα,
2999 1779 3187 1838 ίππείς
3223 1774 3320 1842 μὲν
3351 1773 3630 1842 δισχίλιοι,

2062 1876 2246 1940 πεζῶν
2267 1877 2324 1931 δὲ
2357 1876 2451 1929 καὶ
2480 1872 2717 1929 ὁπλιτῶν
2753 1871 2949 1942 μύριος
2978 1871 3122 1937 ἄγαν
3153 1865 3650 1933 ὄ;ιι).ος.⁹ί³ωμαῖοι

1740 1955 1960 2012 είνίῑθιθ
1996 1941 2038 1998 Β
2062 1971 2245 2024 τοίνυν
2282 1969 2381 2024 σὺν
2421 1966 2654 2039 βραχείᾳ
2691 1941 2801 2018 τινὶ
2840 1941 2938 2016 κα)⁸
2963 1956 3363 2030 ὀλιγανδρούσῃ
3417 1957 3650 2024 δυνάμει

2065 2063 2214 2118 ἔνδον
2247 2059 2670 2130 ἀπολειφθέντες
2698 2056 2828 2127 περί
2853 2072 2914 2109 τε
2950 2056 3016 2125 τῇ
3068 2053 3222 2105 πῖλει
3251 2051 3389 2120 αὐτῇ
3420 2049 3651 2109 καὶτοῖς

2065 2156 2209 2218 ὅλοις
2234 2154 2449 2208 ἔδεισαν
2465 2151 2805 2223 πράγμασιν.
2840 2148 3006 2201 Ὅθεν
3023 2144 3120 2199 καλ⁵
3149 2142 3288 2213 ταχὺ
3319 2143 3410 2195 τὸν
3437 2139 3654 2193 Δούκαν

2069 2245 2488 2319 μετεπέμποπο
2516 2242 2811 2314 γράμμασι
2831 2237 3004 2308 τύχην
3030 2235 3180 2305 αὐτῷ
3211 2235 3309 2303 τὴν
3341 2231 3651 2285 ἐνεστῶσαν

2069 2338 2551 2412 παραδηλοῦντες..
2598 2335 2658 2390 Ὀ
2673 2335 2729 2388 δέ
2755 2333 2945 2404 ἐπειδὴ
2970 2332 3038 2385 τὰ
3076 2331 3381 2401 γράμματα
3408 2326 3654 2392 ἐδέξατο,

2072 2431 2553 2501 συσκευασάμενος
2607 2424 2923 2496 αὐθημερὸν
2977 2423 3077 2493 τὴν
3109 2422 3202 2477 ἐπὶ
3255 2421 3459 2488 Τρᾶνιν
3498 2417 3645 2471 ἐπεί-

2073 2541 2221 2596 γετο.
2245 2522 2531 2593 Γενομένῳ
2557 2518 2692 2590 γοῦν
2723 2516 2854 2589 περί
2881 2533 3002 2570 τινα
3030 2514 3211 2586 χῶρον
3241 2506 3285 2581 ᾧ
3305 2511 3502 2570 Βουνὸς
3540 2510 3658 2578 (Si?)

2073 2619 2108 2687 ἡ
2157 2615 2348 2686 κλῆσις
2373 2615 2544 2678 ἐστιν,
2597 2610 2826 2682 ἐξῄεσαν
2855 2609 2903 2662 οί
2939 2607 3113 2678 ταύτῃ
3166 2603 3441 2673 ἄνθρωποι
3472 2618 3655 2652 7:101-

2073 2707 2343 2780 λήψεσθαι
2389 2705 2545 2774 σφίσι
2571 2701 2671 2775 τὴν
2713 2701 2868 2756 πόλιν
2922 2698 3166 2770 ἀμαχητὶ
3216 2697 3304 2748 τὴν
3363 2695 3658 2760 Ῥιιιμιπίιιιν

2075 2797 2514 2872 προτρεπόμενοι
2565 2793 2823 2868 στρατόν.
2868 2792 3013 2846 Ἀλλ’
3041 2794 3067 2845 ὁ
3104 2789 3317 2851 Aeting
3370 2786 3660 2853 διατριεήν

2073 2910 2198 2948 τινα
2231 2890 2467 2946 ἐνταῦθα
2513 2887 2788 2944 ποιεῖσθαι
2830 2886 3152 2955 ἀσύμφορον
3203 2882 3426 2950 οἰηθεὶς,
3465 2879 3540 2939 ὡς
3582 2880 3656 2945 μὴ

2085 2983 2391 3054 Ῥιτζάρδῳ
2431 2981 2555 3038 κατ’
2616 2978 2868 3046 ἐξουσίαν
2897 2978 2999 3049 τὴν
3034 2975 3128 3031 τοῦ
3163 2975 3402 3041 πολέμου
3433 2972 3657 3022 διοικεῖ-

2077 3079 2205 3132 σθαι
2226 3077 2387 3131 δώσει
2422 3075 2621 3147 ῥοπὴν,
2654 3071 2829 3126 ταῦτα
2859 3071 2959 3141 μὲν
3002 3071 3061 3123 ἐν
3090 3068 3169 3136 τῷ
3201 3068 3338 3128 τέως
3381 3063 3656 3133 παρῆλθε,

387 3159 452 3199 se
475 3159 637 3214 posse
688 3160 795 3198 non
831 3143 1117 3199 dillidcret.
1167 3143 1224 3199 lu
1265 3144 1602 3200 Richardum
1643 3145 1804 3215 igitur
1864 3155 1968 3202 toto

2075 3166 2304 3223 δυνατὸν
2335 3164 2394 3220 ὃν
2431 3165 2529 3221 καὶ
2554 3143 2860 3218 ⁷ιείσέτιιειτα
2913 3160 3057 3215 κατὰ
3113 3157 3304 3229 καιρὸν
3335 3155 3661 3222 ἀνθέξεσθαι

391 3235 595 3305 impetu
629 3237 936 3299 contendit,
969 3236 1058 3304 qui
1100 3236 1153 3290 in
1204 3235 1474 3291 maritimo
1505 3238 1738 3306 quodam
1771 3237 1968 3308 oppido

2074 3261 2301 3325 τούτων,
2327 3258 2425 3314 ἐπὶ
2444 3257 2504 3312 δὲ
2535 3255 2964 3328 τὺνῬιτζάρδον
2995 3255 3148 3316 ὅλαις
3167 3251 3399 3320 ἐφέρετο
3432 3250 3658 3320 ὁρμαῖς.

391 3335 506 3381 tum
543 3326 758 3396 agebat,
803 3327 892 3381 cui
945 3327 1142 3381 Barleti
1193 3342 1414 3394 nomen,
1451 3327 1543 3382 ubi
1582 3328 1747 3383 etiam
1781 3331 1970 3384 aderat

390 3417 776 3474 cancellarius.
829 3416 963 3473 Cum
1023 3418 1268 3487 proxime
1319 3418 1388 3474 ad
1424 3420 1610 3474 urbem
1646 3426 1971 3477 accessisset

393 3509 592 3572 Ducas,
648 3509 716 3563 de
748 3508 989 3563 exercitu
1024 3508 1279 3564 Ricbardi
1335 3511 1564 3564 trecenti
1611 3513 1819 3581 equites
1845 3527 1967 3567 cum

390 3601 632 3670 peditum
693 3600 982 3671 phalange,
1037 3600 1342 3670 irruptione
1385 3601 1548 3668 facta,
1601 3603 1816 3659 obviam
1862 3606 1969 3660 im-

391 3692 612 3762 proviso
668 3699 952 3745 venerunt.
1003 3689 1202 3746 Verum
1253 3705 1312 3747 re
1376 3693 1649 3761 inopinata
1686 3692 1972 3765 haudqua-

392 3797 555 3852 quaru
583 3781 865 3852 perculsus
890 3781 1084 3867 Ducas,
1117 3785 1171 3838 in
1208 3784 1431 3840 densam
1465 3800 1524 3841 se
1557 3787 1727 3841 aciem
1760 3787 1976 3858 collegit

394 3874 633 3943 totisque
660 3873 864 3928 viribus
900 3876 952 3928 in
982 3875 1166 3930 homes
1199 3875 1378 3939 irruit,
1405 3877 1495 3945 qui
1524 3876 1614 3930 vix
1641 3878 1975 3936 sustinentes

393 3966 658 4036 impetum
709 3968 849 4022 versi
895 3975 1024 4022 sunt
1068 3967 1121 4022 in
1152 3967 1352 4038 fugam.
1390 3967 1468 4022 Eo
1499 3967 1553 4021 in
1582 3969 1881 4025 certamine
1919 3978 1978 4024 ut

392 4057 580 4113 caueri
618 4072 740 4115 sese
769 4059 1039 4129 gesserint
1061 4057 1288 4114 Romani
1310 4069 1366 4114 ct
1393 4059 1762 4130 unusquisque
1787 4076 1980 4116 eorum.

390 4150 716 4222 praeclarum
745 4150 976 4206 ediderit
1011 4149 1244 4214 facinus,
1310 4150 1450 4206 haud
1507 4153 1757 4222 equidem
1799 4155 1979 4208 dicere

392 4242 622 4313 possim.
676 4241 731 4296 ld
774 4241 914 4296 fatua
951 4250 1186 4306 constat,
1241 4241 1442 4296 Ducam
1500 4241 1655 4297 hasta
1703 4242 1974 4298 invectum

393 4336 622 4405 triginta
676 4343 1004 4405 prostrasse,
1063 4337 1235 4391 donec
1272 4335 1454 4391 multis
1485 4350 1707 4392 suorum
1759 4340 1978 4394 amissis

393 4425 538 4482 intra
587 4433 773 4494 portas
824 4439 946 4481 sese
1002 4435 1346 4494 receperunt.
1411 4425 1699 4498 Fugientes
1751 4429 1978 4484 insecuti

396 4514 652 4582 ﬁomani,
690 4529 974 4589 appetente
1025 4521 1138 4590 jam
1189 4531 1365 4583 nocte.
1421 4522 1474 4576 in
1537 4533 1712 4579 castra
1775 4527 1976 4580 reversi

2080 3353 2239 3407 Ἔστι
2268 3351 2328 3406 δέ
2353 3369 2408 3407 τι
2438 3349 2826 3406 ἐπιθαλάττιον
2877 3348 3119 3417 πόλισμα
3166 3344 3374 3415 Βαρλὲτ
3408 3343 3519 3412 (ςλί)
3542 3341 3664 3394 livo-

2079 3463 2182 3518 μα,
2217 3443 2349 3499 [vlla
2376 3444 2470 3500 τὸν
2493 3442 2870 3512 καντζιλέριον
2909 3439 3225 3494 συνέϐαινεν
3257 3432 3418 3490 εἶναι.
3453 3435 3661 3490 Τούτου

2077 3538 2144 3609 δὴ
2169 3538 2405 3608 ἄγχιστα
2453 3534 2737 3604 γενομένῳ
2775 3532 2849 3604 τῷ
2887 3531 2973 3604 [Ρ.
3005 3531 3096 3602 83]
3156 3529 3334 3599 Δούκᾳ
3362 3529 3553 3590 ἱππεῖς
3596 3529 3662 3580 ἐκ

2076 3626 2179 3698 τῆς
2201 3623 2417 3679 ἐκείνου
2473 3622 2742 3692 στρατιᾶς
2773 3621 3081 3690 τριακόσιοι
3109 3618 3349 3688 μάλιστα
3387 3616 3664 3687 ἐκδρομὴν

2081 3716 2451 3787 ποιησάμενοι
2495 3713 2614 3784 ἅμα
2674 3711 2856 3775 πεζῶν
2890 3711 3135 3780 φάλαγγι
3191 3709 3459 3776 αἰφνίδιον
3489 3707 3663 3773 ὑπην-

2079 3807 2288 3872 τίαζον.
2325 3805 2387 3860 '0
2426 3804 2586 3873 δέτῷ
2618 3802 2920 3872 ἀπροὸπτῳ
2985 3801 3155 3870 μηδὲν
3195 3796 3574 3862 καταπλαγεὶς
3606 3797 3663 3858 ἐς

2081 3897 2341 3970 φάλαγγὰ
2367 3913 2427 3949 τε
2457 3894 2760 3950 ἐπυκνοῦτο
2813 3894 2951 3962 ταχὺ
2989 3895 3081 3946 καὶ
3145 3893 3241 3946 σὺν
3274 3891 3424 3959 ῥύμῃ
3457 3887 3665 3957 σφοδρᾷ

2082 3989 2205 4046 κατ’
2242 3988 2423 4044 αὐτῶν
2454 3988 2586 4050 ἵετο,
2640 3986 2776 4057 πρὸς
2832 3986 3008 4056 βραχύ
3040 4002 3098 4037 τε
3129 3985 3464 4045 ὑποστάντες
3509 3982 3665 4050 ἐτρέ-

2083 4084 2274 4154 ψαντο.
2307 4081 2477 4134 Ἔνθα
2520 4077 2816 4150 Ῥωμαίοις
2884 4077 2987 4145 μὲν
3038 4077 3150 4140 τοῖς
3208 4074 3390 4138 ἄλλοις
3427 4073 3526 4126 οὐκ
3555 4073 3666 4140 ἔχω

2084 4171 2266 4240 Αέγειν
2310 4169 2458 4231 ὅπως
2507 4166 2723 4238 ἑκάστῳ
2759 4163 3260 4237 ἀνδραγαθίσασθαι
3299 4161 3598 4228 ἐξεγένετο,
3636 4161 3667 4213 ὗ

2083 4277 2148 4332 γε
2208 4261 2316 4332 μὴν
2338 4257 2550 4323 Δούκας
2596 4258 2656 4322 ἐς
2714 4257 3048 4328 τριάκοντα,
3112 4257 3274 4326 φασιν
3346 4253 3440 4307 ἐπὶ
3489 4253 3665 4321 στόμα

2085 4349 2392 4420 κατήνεγκε
2459 4347 2554 4412 ξὺν
2586 4346 2666 4418 τῷ
2696 4345 2885 4416 δόρατι
2934 4343 3268 4404 ἐπελαύνων,
3325 4341 3431 4404 ἕως
3478 4339 3664 4392 πυλῶν

2084 4437 2234 4492 ἔνδον
2255 4435 2486 4498 πολλοὺς
2519 4434 2630 4488 τῶν
2659 4435 2939 4504 σφετέρων
2971 4430 3341 4494 ἀποϐαλόντες
3391 4429 3666 4498 ἐγένοντο.

2097 4528 2360 4598 Ῥωμαῖοι
2395 4526 2454 4580 δέ
2479 4527 2656 4580 ὀπίσω
2701 4524 3014 4591 διώξαντες,
3040 4523 3227 4593 ἐπειδὴ
3267 4520 3665 4582 συνεσκόταζεν

397 4617 550 4671 sunt,
591 4605 739 4660 nullo
788 4607 895 4663 alio
952 4617 1313 4679 praeterquam
1363 4625 1473 4664 uno
1518 4625 1583 4664 ex
1636 4611 1968 4668 conductitiis

2088 4621 2213 4691 ἤδη,
2249 4622 2344 4674 ἐπὶ
2382 4619 2446 4674 τὸ
2479 4617 2843 4691 στρατόπεδον
2892 4615 3222 4687 ἀνεχώρουν,
3275 4615 3454 4668 οὐδενὶ
3492 4613 3666 4682 ἑτέρῳ

397 4697 671 4767 equitibus
717 4698 1056 4769 interempto.
1108 4698 1273 4755 Nocte
1344 4701 1434 4755 illa
1482 4701 1554 4755 ibi
1609 4704 1979 4756 castrametati

400 4799 531 4845 sunt
574 4805 590 4843 :
631 4791 722 4845 sed
757 4792 845 4846 ubi
878 4790 1055 4846 illuxit
1087 4792 1224 4859 dies,
1283 4793 1463 4848 itineri
1511 4808 1635 4849 sese
1673 4797 1980 4850 accinxcre.

403 4881 502 4943 llis
544 4886 786 4956 acceptis
837 4884 1177 4948 Richardus,
1238 4869 1440 4942 veritus
1480 4901 1571 4952 ne,
1626 4887 1672 4940 si
1743 4889 1983 4956 undique

401 4977 892 5061 circumveniretur
925 4993 955 5032 a
996 4977 1277 5043 Romanis,
1337 4978 1590 5031 damnum
1652 4978 1793 5032 haud
1822 4976 1984 5032 facile

403 5070 750 5126 sarciendum
803 5071 1142 5135 incurreret,
1200 5071 1325 5125 inde
1379 5069 1536 5142 15.3
1587 5071 1740 5126 ocius
1790 5071 1981 5140 pedem

405 5164 591 5219 retulit
633 5172 689 5218 et
733 5163 786 5218 in
846 5164 1018 5219 Antro
1071 5178 1194 5219 sese
1238 5164 1527 5219 continuit.
1589 5163 1764 5218 Ducas
1803 5171 1980 5218 autem

2087 4713 2116 4766 ὅ
2143 4729 2195 4766 τι
2224 4711 2300 4783 μὴ
2324 4709 2436 4764 τῶν
2502 4707 2982 4780 μισθοφορούντων
3027 4705 3402 4776 ζημιωθέντες
3452 4703 3666 4773 ἱππέων

2087 4803 2216 4858 τινί.
2267 4804 2380 4873 Τὴν
2409 4801 2507 4872 μέν
2530 4797 2624 4855 οὖν
2658 4801 2830 4855 νύκτα
2859 4799 3075 4868 ἐκείνην
3098 4796 3332 4851 ἐνταῦθά
3376 4813 3478 4849 που
3513 4794 3670 4863 ηὐλί-

2091 4907 2275 4953 σαντο,
2301 4890 2418 4959 ἆμα
2439 4889 2494 4942 δὲ
2551 4888 2738 4961 ἡμέρᾳ
2794 4888 2915 4941 ὁδοῦ
2949 4889 3178 4958 εἴχοντο.
3211 4885 3384 4938 Τοῦτο
3414 4884 3602 4952 μαθὼν
3639 4887 3667 4936 ὁ

2099 4981 2430 5050 Ἰδιτζάρδος,
2468 4979 2542 5043 ὠς
2579 4979 2653 5049 μὴ
2684 4978 2959 5032 κύκλωσίν
3013 4996 3131 5031 τινα
3187 4977 3354 5031 αὐτοῦ
3394 4976 3661 5045 Ῥωμαῖοι

2088 5075 2449 5143 ποιησάμενοι
2535 5073 2815 5142 ἀνήκεστα
2899 5071 3188 5140 δράσωσι,
3248 5069 3347 5139 τὴν
3403 5069 3668 5139 ταχίστην

2087 5163 2296 5216 ἐκεῖθεν
2340 5162 2589 5232 ἐφέρετο,
2634 5163 2691 5214 ἐν
2753 5161 2969 5233 ’Δντρῳ
3019 5177 3077 5213 τε
3129 5158 3368 5229 γεγονὼς
3427 5157 3667 5211 ἐνταῦθα

1721 5301 1818 5360 Du
1868 5298 2091 5378 Cangii
2134 5304 2320 5358 nolze.

408 5427 720 5482 comitatum
755 5425 924 5497 Andri
953 5425 1161 5490 inculte,
1182 5443 1339 5497 quam
1359 5442 1521 5492 nuper
1551 5425 1686 5478 idem
1716 5441 1807 5479 rex
1831 5443 1987 5494 super

405 5495 1447 5566 imperatorem.ConstantanpOIitanum
1478 5506 1706 5564 ceperat,
1738 5499 1876 5566 dono
1899 5513 1985 5548 ac-

409 5565 637 5635 ceperat.
669 5567 739 5620 At
765 5565 1067 5620 Richardus
1100 5584 1128 5619 ιι
1162 5567 1424 5620 Cinnamo
1453 5576 1782 5620 memoratus
1815 5565 1982 5619 Anlro

408 5653 506 5689 seu
551 5636 769 5690 Andria:
819 5637 1015 5702 oppido
1070 5637 1122 5690 in
1157 5635 1449 5692 Salentinis
1496 5637 1800 5704 imperavit,
1837 5637 1982 5704 quod

412 5704 558 5784 {loco
597 5716 651 5758 et
681 5721 794 5784 _ar.t_:
837 5707 1002 5758 Anlra
1045 5708 1264 5784 fidel'ur
1311 5705 1562 5774 appellari
1607 5704 1671 5784 in.
1697 5705 1985 5784 _Ch_ro_uico

409 5771 733 5894 gasir‘telnsi,
774 5773 810 5826 l.
835 5789 908 5837 ιι,
948 5790 996 5828 c.
1045 5778 1132 5831 78.
1165 5775 1298 5832 Vide
1345 5771 1502 5832 notas
1553 5775 1618 5828 ad
1644 5775 1980 5838 Alexiadem,

489 5909 602 5975 (3'3)
651 5910 1060 5981 Καντζλιερίῳ.
1114 5915 1490 5993 Ansquctino,
1535 5915 1787 5972 Willclmi
1845 5915 1986 5984 regis

2089 5423 2437 5483 cancellario,
2472 5420 2562 5488 qui
2599 5421 2962 5476 Beneventum
3001 5419 3067 5473 ab
3108 5421 3345 5475 Adriano
3380 5435 3470 5488 pp.
3501 5434 3666 5474 occu-

2089 5435 2437 5483 cancellarto,
2472 5436 2562 5488 qut
2599 5435 2962 5476 lsi-neventum
3001 5435 3067 5473 au
3108 5435 3345 5475 Adriano
3419 5435 3470 5485 p.
3501 5435 3665 5474 occu-

2088 5505 2271 5557 patum
2327 5493 2572 5556 obsedit,
2617 5494 2695 5545 uti
2751 5502 2976 5546 narrant
3027 5491 3222 5560 'l'yrins
3261 5500 3314 5542 et
3356 5435 3665 5544 (ﬁtronimn

2084 5563 2432 5618 Ceccaucnsc
2466 5579 2558 5615 seu
2595 5562 2775 5615 Fossa:
2807 5578 2980 5626 novae,
3015 5577 3102 5615 an.
3136 5561 3270 5616 1155
3305 5560 3664 5616 Auscotinum

2089 5644 2245 5688 vocat
2279 5633 2430 5700 llugo
2466 5631 2787 5686 Falcaudns.

2162 5704 2273 5773 (85)
2299 5703 2549 5773 Βουνός.
2581 5700 2732 5773 Βιιιιο
2755 5701 2934 5754 hodie.

2160 5770 2271 5842 (84)
2319 5771 2566 5838 Βαρλέτ.
2622 5772 2906 5842 [lambin],
2960 5771 3200 5842 Barletla
3244 5770 3452 5842 _liodie_,
3497 5783 3664 5838 prope

2089 5839 2333 5969 Tit-3min,
2364 5845 2429 5898 de
2469 5859 2571 5912 qui
2625 5839 2882 5912 Uglicllus
2933 5853 3060 5896 ιυιιι.
3097 5839 3186 5896 VII
3235 5839 3364 5894 Ital.
3411 5840 3562 5895 Sacr.
3609 5855 3668 5906 ι».

2203 5935 2247 5968 ’)ο

2203 5935 2247 5968 ’)ο
