4058 6412
363 279 471 347 481

1581 274 2131 337 IIISTORIARUM
2174 274 2322 335 LIB.
2369 274 2470 336 IV.

3510 271 3617 336 482

356 398 571 465 ἔμενεν.
619 394 681 448 '0
707 392 761 445 δὲ
792 391 1003 455 Δούκας
1029 390 1089 443 τὸ
1122 390 1217 442 σὶν
1247 388 1323 459 τῷ
1386 387 1735 457 ῐιαλαιολόγῳ
1769 386 1938 457 ῥυσά-

2046 385 2287 452 aceeptis
2350 382 2631 451 l‘alacoIOgi
2680 381 2870 452 cupiis,
2907 382 2960 437 ln
2992 379 3325 437 Richardum
3363 383 3633 451 procedit,

357 504 520 555 μενος
549 486 866 555 στράτευμα
924 484 1017 536 ἐπὶ
1064 481 1374 549 Ίίτξάρδον
1409 480 1718 548 μετέΰλινε,
1757 481 1936 532 καίτοι

354 581 453 645 τῆς
521 580 652 647 περὶ
709 575 872 627 αὑτὸν
919 574 1203 642 δδνάμεως
1270 570 1452 640 πολλῷ
1506 570 1605 640 τὴν
1645 569 1936 637 Ῥωμαίων

360 669 552 741 πλήθει
593 665 1042 738 ὑπερϐαλλούσης
1069 680 1086 695 ’
1123 666 1250 727 τοὺς
1286 664 1386 734 μὲν
1426 666 1537 734 γὰρ
1589 663 1933 726 ἑξακοσίους,

353 763 416 815 οὐ
447 760 700 823 πλείονας
761 756 1078 812 συνέϐαινεν
1118 750 1279 816 εἶναι.
1330 754 1512 818 πεζῶν
1547 753 1700 816 ἄνευ,
1733 754 1782 807 οἳ
1839 754 1936 808 καὶ

355 854 511 906 αὐτοὶ
576 851 672 904 τοῦ
736 852 835 904 σὺν
898 848 976 919 τῷ
1019 846 1321 918 Ῥιτζάρδῳ
1376 845 1608 911 πεζικοῦ
1670 847 1931 899 πλείστου

354 944 678 1005 ἀποδέοντες
723 936 888 1012 ἦσαν.
954 941 1252 1011 Ῥιτζάρδῳ
1291 940 1347 994 δὲ
1380 941 1568 1002 ίππεῐς
1623 939 1726 1009 μὲν
1770 940 1933 991 ὀκτα-

356 1040 529 1089 κᾶσιοι
559 1034 654 1088 καὶ
684 1034 868 1105 χίλιοι,
896 1034 1077 1100 πεζῶν
1110 1034 1167 1089 δὲ
1196 1034 1296 1087 οὐκ
1321 1033 1689 1104 εὐαρίθμητος
1748 1033 1934 1085 εἵπετο

357 1128 607 1198 στρατιά.
654 1127 939 1190 Ἐπιόντας
998 1126 1180 1180 τοίνυν
1223 1124 1579 1195 Ῥωμαίουςό
1619 1125 1914 1192 Ῥιτζὰρδοί

356 1216 657 1284 ἁναμαθὼν
739 1216 1005 1287 ἀντεξῆγε
1068 1216 1129 1270 τὸ
1191 1215 1508 1287 στράτευμα
1584 1220 1679 1268 καὶ
1744 1217 1930 1274 αὐτός.

370 1310 584 1380 Ἐπειδὴ
615 1326 675 1362 τε
709 1309 875 1378 ἐγγὺς
907 1309 1008 1379 ήδη
1037 1308 1311 1376 ἐγένοντο,
1351 1306 1613 1377 Ῥωμαῖοι
1648 1308 1750 1377 μὲν
1769 1308 1931 1377 τριχῆ

354 1398 721 1468 διαιρεθέντες
765 1397 1028 1464 ἐτάξαντο
1081 1390 1206 1451 ὦδε.
1237 1396 1518 1450 Σκύθαιδὲ
1540 1397 1634 1450 καὶ
1670 1399 1787 1451 ὅσοι
1839 1399 1933 1450 ἐπὶ

353 1490 526 1556 τόξοις
558 1488 701 1562 ἦσαν
724 1492 861 1563 πεζῇ
888 1491 1239 1562 φαλαγγηδὸν
1279 1492 1371 1545 ἐπὶ
1385 1491 1637 1560 μέτωπον
1671 1492 1932 1562 ἔστησαν.

358 1583 605 1639 Ἱππέων
656 1583 717 1638 δὲ
754 1584 811 1648 ὲς
838 1584 1008 1655 ήμιου
1037 1581 1275 1654 μάλιστα
1311 1585 1407 1638 καὶ
1434 1585 1632 1654 μοῖραν
1647 1584 1871 1637 Σκυθῶν
1902 1586 1930 1639 ὁ
1978 1616 1988 1624 -

358 1674 573 1739 Δούκας
607 1674 748 1745 ἔχων
774 1675 938 1738 αὐτὸς
973 1676 1073 1746 μὲν
1096 1674 1196 1746 τὴν
1227 1674 1505 1741 ὀπισθίαν,
1533 1675 1844 1739 Βασαὸίλας
1873 1676 1930 1729 δὲ

2045 474 2172 528 licet
2204 474 2349 527 illius
2378 474 2651 527 exercitus
2683 473 3001 526 bellatorum
3033 485 3263 526 numero
3317 470 3626 527 Romanum

2045 558 2206 626 longe
2238 567 2542 626 superaret.
2592 556 2773 625 Neque
2821 558 2963 610 enim
3001 557 3234 627 amplius
3280 567 3630 628 erantquam

2043 647 2283 703 sexcenti
2324 646 2376 700 in
2415 646 2570 701 Ducze
2617 648 2752 707 acie,
2787 658 2986 716 praeter
3031 647 3260 716 pedites,
3293 650 3387 718 qui
3425 659 3480 705 et
3528 650 3633 719 ipsi

2043 739 2386 809 pedestribus
2415 737 2675 793 Richardi
2705 739 2877 807 copiis
2925 739 3093 794 multo
3127 749 3281 795 erant
3317 739 3631 796 inferiores;

2043 833 2093 887 1s
2134 842 2310 885 autem
2371 830 2518 885 mille
2575 830 3008 901 octingentorum
3060 832 3617 901 equitumrpeditun

2041 914 2524 978 vero'innumerzc
2570 921 2936 976 multitudinis
3005 921 3241 977 habebat
3300 923 3629 979 exercitum.

2045 1014 2115 1070 Ut
2152 1017 2316 1084 igitur
2368 1016 2661 1070 adventare
2718 1014 2994 1070 [tertianos
3045 1015 3266 1071 rescivit
3298 1016 3628 1083 Richardus,

2043 1111 2157 1181 ipse
2186 1110 2408 1180 perinde
2434 1123 2563 1165 suas
2591 1110 2778 1164 eduxit
2809 1109 2992 1179 copias
3018 1126 3033 1162 :
3059 1123 3291 1179 cumque
3316 1108 3631 1181 jam'prope

2039 1210 2245 1268 esseut,
2293 1198 2562 1255 trifariam
2615 1200 2844 1255 Romani
2890 1202 3190 1257 exercitum
3229 1202 3484 1266 divisere,
3512 1202 3632 1257 acie

2042 1295 2094 1348 itt
2133 1294 2276 1346 hunc
2300 1292 2516 1347 modum
2550 1291 2840 1347 instructa.
2871 1291 3084 1363 Srythte
3108 1302 3162 1347 et
3179 1302 3443 1363 quotquot
3474 1301 3632 1348 erant

2040 1384 2309 1454 sagittarii
2378 1384 2585 1454 pedites
2649 1383 2925 1437 turmatim
2988 1384 3039 1437 in
3109 1382 3287 1437 fronte
3349 1384 3625 1438 stabant:

2044 1477 2218 1532 Ducas
2257 1492 2378 1531 cum
2417 1476 2639 1532 dimidia
2675 1476 2921 1546 equitum
2959 1484 3114 1546 parte
3159 1487 3214 1531 et
3249 1476 3453 1545 aliquot
3490 1476 3628 1547 Scy-

2043 1570 2145 1621 this
2206 1579 2583 1637 postremum,
2636 1566 2930 1622 Bassavilla
2989 1582 3117 1621 vero
3166 1580 3291 1622 cum
3360 1569 3625 1623 comitum

2041 1673 2316 1728 nonnullis
2341 1671 2462 1728 aliis
2494 1681 2549 1726 et
2572 1680 2772 1727 etetero
2797 1672 3040 1742 equitatu
3070 1670 3306 1725 medium
3335 1670 3628 1726 obtinuere

353 1768 453 1823 σὺν
480 1769 590 1822 τῶν
613 1744 792 1823 ἀλλων
816 1744 1074 1841 κομήτων
1093 1744 1207 1824 τισὶ
1231 1770 1293 1823 τὸ
1322 1770 1511 1823 λοιπὸν
1539 1770 1678 1841 έχων
1707 1769 1931 1823 ἱππικὸν

2043 1780 2238 1833 locum.
2275 1780 2345 1832 At
2371 1778 2680 1860 Richardus
2712 1790 2835 1831 eum
2871 1789 3086 1831 summo
3123 1774 3392 1844 pugnandi
3427 1774 3625 1829 ardore

349 1860 451 1931 τὴν
476 1861 659 1931 μέσην
689 1860 988 1932 ἐκληροῦτο
1044 1861 1252 1933 χώραν.
1296 1861 1609 1932 Ῥιτζάρδος
1640 1861 1720 1927 δὲ,
1752 1861 1935 1934 πολλῷ

352 1955 612 2026 ἐχόμενος
644 1954 823 2023 θυμῷ,
855 1954 979 2008 οὐδὲ
1003 1955 1129 2009 ὅσον
1154 1954 1423 2026 τακτικῆς
1454 1972 1509 2008 τι
1556 1954 1934 2027 μεταποιήσα-

353 2048 481 2102 σθαι
506 2047 878 2118 ἀνασχόμενος
922 2046 1208 2118 ἀπήλαυνε
1257 2046 1356 2100 σὺν
1405 2048 1520 2108 τοῖς
1580 2047 1720 2117 ἀμφ’
1768 2047 1934 2101 αὑτὸν

352 2137 634 2203 ἱππεῦσιν,
656 2139 762 2201 ’έως
789 2139 847 2200 ἐς
877 2137 1008 2190 αὐτὸ
1032 2137 1093 2190 τὸ
1119 2137 1452 2207 μεσαίτατον
1471 2135 1566 2189 τοῦ
1620 2136 1933 2208 Ῥωμαϊκοῦ

353 2236 707 2302 καταντήσας
764 2233 1174 2302 στρατεύματος
1233 2229 1436 2301 στάδην
1484 2230 1585 2302 ἤδη
1623 2230 1723 2301 τὴν
1754 2230 1936 2301 μάχην

357 2326 617 2385 ἐποιεῖτο,
648 2327 743 2377 τοῦ
762 2324 904 2377 κατὰ
928 2324 1184 2393 μέτωπον
1206 2322 1422 2390 τοξικοῦ
1448 2323 1571 2376 οὐδὲ
1593 2324 1733 2375 κατᾶ
1757 2322 1935 2394 βραχὺ

353 2416 701 2485 ἁντισχόντος
726 2415 896 2485 αὐτῷ.
928 2411 1063 2468 Εἶτα
1090 2414 1156 2484 δὴ
1191 2415 1285 2467 καὶ
1316 2414 1628 2468 Βασαϐίλαν
1664 2414 1935 2485 βιασάμε-

355 2525 445 2571 zu;
466 2507 737 2579 ἐτρέψατό
779 2524 839 2561 τε
884 2512 1027 2561 κατὰ
1057 2508 1259 2578 κράτος
1312 2507 1409 2561 καὶ
1471 2512 1585 2572 τοῖς
1648 2509 1795 2578 ἀμφὶ
1842 2509 1936 2561 τὸν

356 2600 567 2654 έούκαν
630 2600 733 2671 ήδη
790 2599 1041 2652 ἐπέθετο.
1086 2600 1355 2653 Ἐνταῦθα
1408 2599 1554 2670 μάχη
1615 2601 1936 2655 συνίσταται

359 2693 626 2765 καρτερὰ,
660 2693 757 2744 καὶ
792 2692 1052 2745 πίπτουσι
1085 2692 1185 2761 μὲν
1216 2692 1326 2745 τῶν
1389 2696 1520 2763 περὶ
1552 2692 1643 2746 τὸν
1682 2691 1937 2763 Ῥιτζὰρ-

355 2788 448 2839 δον
469 2785 677 2839 πολλοί·
708 2788 804 2840 ἆτε
836 2786 891 2839 δὲ
919 2786 977 2839 ἐν
1007 2784 1191 2858 πολλῷ
1220 2784 1298 2855 τῷ
1368 2785 1565 2855 πλήθει
1605 2788 1935 2855 πιπτόντων,

357 2878 717 2949 συναίσθησις
793 2877 1021 2949 οὐδεμία
1092 2877 1171 2948 τῷ
1238 2878 1609 2949 στρατεύματι
1704 2880 1935 2947 ἐγίνετο.

368 2965 627 3034 Ὠθισμός
687 2981 748 3017 τε
772 2963 905 3032 γοῦν
939 2962 1111 3027 πολὺς
1140 2958 1211 3034 ἦν
1241 2964 1336 3017 καὶ
1361 2963 1606 3033 δοράτων
1640 2964 1777 3034 πρὸς
1807 2967 1929 3029 ταῖς

2039 1869 2309 1939 ﬂagraret.
2348 1883 2449 1923 nec
2497 1875 2721 1923 curaret
2765 1864 3024 1920 ordinare
3067 1866 3261 1928 aciem,
3318 1878 3440 1919 cum
3474 1864 3629 1932 equi-

2041 1964 2184 2017 tibus
2212 1964 2328 2016 suis
2378 1963 2430 2014 iu
2472 1963 2657 2016 hostes
2706 1958 2922 2013 fortiter
2962 1958 3258 2024 invehitur,
3290 1973 3461 2028 usque
3490 1958 3621 2012 dum

2040 2055 2233 2110 mediis
2282 2068 2470 2107 eorum
2517 2053 2688 2121 copiis
2735 2052 2952 2106 obviam
2994 2050 3190 2114 factus,
3247 2052 3447 2105 collato
3484 2054 3623 2122 pede

2040 2145 2285 2215 praelium
2344 2146 2604 2206 conserit,
2655 2144 2703 2196 ei
2754 2158 2823 2197 ne
2866 2142 3057 2196 leviter
3084 2142 3300 2210 quidem
3333 2142 3622 2197 obsisten-

2042 2240 2183 2294 tibus
2216 2239 2268 2290 iu
2301 2237 2476 2291 fronte
2509 2235 2703 2290 locatis
2732 2234 3050 2303 sagittariis.
3087 2232 3209 2287 Mox
3242 2244 3295 2288 et
3317 2232 3615 2288 Bassavilla

2040 2328 2161 2382 fuso
2195 2327 2487 2396 fugatoque
2519 2324 2572 2377 in
2602 2338 2717 2385 eos,
2751 2324 2841 2391 qui
2872 2338 2995 2377 cum
3031 2323 3177 2377 Duca
3227 2332 3403 2387 erant,
3460 2323 3626 2394 impe-

2040 2429 2151 2474 tum
2186 2420 2334 2474 l'acit.
2379 2416 2517 2471 Tum
2556 2430 2686 2494 vero
2718 2430 2847 2470 aere
2870 2415 2943 2469 ibi
2988 2414 3291 2469 instituitur
3320 2425 3623 2481 certamen,

2039 2513 2345 2577 caduntque
2390 2522 2457 2562 ex
2491 2506 2767 2572 (Richardi
2820 2504 3081 2560 militibus
3122 2508 3474 2576 quamplures
3512 2525 3527 2564 :
3569 2518 3627 2563 et

2039 2615 2183 2686 quod
2236 2615 2290 2668 in
2349 2627 2541 2681 magna
2606 2609 2829 2665 evenire
2891 2609 3029 2664 solet
3088 2609 3473 2675 multitudine,
3533 2611 3625 2665 vix

2043 2713 2189 2761 tanta
2220 2703 2395 2759 credes
2427 2704 2494 2757 ab
2537 2702 2782 2756 exercitu
2840 2700 3262 2769 percipiebatur.
3317 2698 3407 2755 Fit
3458 2701 3627 2770 igitur

2041 2796 2231 2851 crebra
2271 2792 2543 2861 utrimque
2588 2788 2882 2860 propulsio,
2909 2799 2964 2843 et
3001 2789 3275 2843 hastarum
3316 2790 3366 2842 in
3407 2789 3625 2861 clypeos

2043 2884 2397 2954 impttlsarum
2433 2880 2617 2951 fragor
2648 2877 2809 2950 144
2834 2882 3123 2933 exauditur
3166 2894 3182 2932 :
3227 2881 3401 2948 spissa
3440 2880 3625 2936 volant

2045 2975 2174 3043 tela,
2227 2984 2283 3029 et
2314 2970 2527 3027 validus
2555 2971 2756 3040 ubique
2794 2972 2852 3023 lit
2881 2968 3170 3024 conﬂictus
3206 2985 3221 3023 :
3259 2974 3431 3025 donec
3463 2972 3627 3024 vehe-

354 3054 581 3109 ἀσπίσιν
633 3053 1158 3122 ἀποκαυλιζομένων
1196 3051 1397 3116 δοῦπος
1451 3054 1730 3124 ἠγείρετοο
1763 3053 1937 3125 συχνά

2043 3068 2291 3124 mentiori
2324 3081 2447 3121 cum
2490 3066 2695 3133 impetu
2743 3079 2869 3119 sese
2910 3064 3150 3117 inferens
3184 3063 3489 3117 Richardus
3525 3063 3627 3118 bos

354 3163 414 3199 τε
445 3146 573 3217 βέλη
629 3146 925 3199 ἐπεπέτετο
985 3146 1081 3200 καὶ
1141 3145 1482 3216 πανταχόθεν
1538 3147 1837 3218 ἐστήρικτο
1874 3148 1937 3201 τὸ

355 3239 554 3303 δεινὸν,
613 3237 721 3301 ἓως
787 3236 1107 3307 Ῥιτζάρδος
1140 3238 1238 3291 σὺν
1274 3236 1426 3309 ῥύμῃ
1472 3239 1761 3308 ὲπιὸρίσας
1793 3240 1940 3294 νῶτα

358 3332 462 3400 ήδη
515 3329 805 3383 δεδωκέναι
854 3330 951 3383 καὶ
1002 3329 1225 3390 τούτους
1283 3328 1622 3399 ἠνάγκασεν.
1650 3330 1782 3383 Ὅτε
1843 3332 1938 3386 καὶ

358 3425 449 3492 μ’.
476 3420 567 3493 84]
619 3421 780 3485 αὐτὸς
837 3422 866 3475 ό
924 3420 1134 3483 Δούκας
1172 3422 1299 3490 παρ’
1345 3421 1525 3490 ὀλίγον
1553 3417 1687 3494 ἦλθε
1718 3421 1813 3475 τοῦ
1842 3424 1939 3476 καὶ

358 3517 564 3573 ἁλῶναι
589 3516 1090 3587 καταδορατισθείς.
1135 3514 1294 3569 Ἀλλὰ
1314 3515 1421 3588 γὰρ
1445 3516 1477 3585 ἡ
1508 3519 1735 3587 πρόνοια
1761 3517 1939 3570 πάντα

360 3615 418 3675 ἐς
456 3612 597 3683 ὅπερ
626 3611 700 3665 ἂν
719 3608 861 3681 αὕτη
906 3609 1055 3664 θέλει
1101 3610 1227 3678 ἀγει
1290 3610 1387 3663 καὶ
1438 3608 1664 3680 στρέφει
1720 3610 1793 3663 τά
1845 3611 1941 3664 ἀν-

359 3705 631 3776 θρώπεια.
662 3703 857 3757 Καίτοι
877 3704 958 3765 είς
1000 3699 1159 3754 τοῦτο
1188 3701 1361 3771 τύχης
1396 3698 1692 3771 Ῥωμαίοις
1719 3700 1937 3755 ἐλθοῦσι

358 3796 518 3865 νικᾷν
555 3795 702 3861 ὅμως
750 3793 842 3845 ἐπὶ
887 3790 1075 3854 τέλους
1118 3792 1355 3858 ἐγένετο.
1395 3790 1575 3860 Ἔφθη
1620 3791 1720 3858 μὲν
1766 3792 1876 3862 γὰρ
1910 3794 1939 3845 ό

362 3889 581 3949 Δούκας
621 3886 714 3938 ἐπί
752 3901 806 3939 τι
835 3885 946 3937 τῶν
980 3886 1046 3937 ἐκ
1089 3882 1240 3936 λίθου
1270 3882 1659 3952 πεποιημένων
1712 3886 1940 3954 τειχέων

361 3976 683 4044 πεφευγὼς,
710 3975 746 4029 ἃ
779 3975 887 4046 πρὸ
924 3974 1035 4027 τῶν
1090 3973 1275 4027 πυλῶν
1300 3972 1539 4027 εἰθισται
1559 3974 1779 4028 τιτάνου
1809 3974 1940 4029 ἄνευ

359 4069 395 4138 ἡ
427 4084 574 4131 τινος
603 4067 771 4137 ἄλλης
800 4064 1136 4137 ἐπικρίσεως
1184 4064 1312 4127 τοὺς
1363 4064 1638 4133 λειμῶνας
1669 4065 1940 4136 περιζωνο

364 4163 535 4225 νύειν,
608 4158 846 4215 ἐνταῦθα
922 4157 1359 4229 περισεσῶσθαι.
1424 4156 1564 4227 Ἤδη
1619 4157 1677 4210 δὲ
1730 4156 1826 4209 καὶ¹
1879 4154 1944 4208 τὸ

373 4254 663 4324 Ῥωμαίων
686 4251 909 4317 πεζικὸν
932 4253 990 4305 ἐν
1017 4249 1310 4321 ἐπιτηδείῳ
1335 4250 1561 4317 γεγονὸς
1587 4248 1769 4311 λίθους
1799 4248 1942 4301 κατὰ

359 4353 473 4404 τῶν
503 4352 637 4420 περὶ
685 4348 999 4419 Ῥιτζάρδον
1033 4344 1290 4415 ἠφίεσαν,
1334 4344 1409 4406 ὡς
1442 4342 1692 4396 ἐντεῦθεν
1719 4344 1941 4395 ἐπισυν-

2041 3174 2261 3230 quoque
2316 3169 2465 3227 terga
2515 3165 2728 3212 vertere
2790 3155 2969 3224 adegit
3002 3167 3155 3223 :quo
3212 3164 3321 3206 tum
3380 3162 3627 3222 tempore

2042 3253 2176 3323 quin
2213 3252 2367 3307 hasta
2399 3248 2717 3320 vulneratus
2742 3256 2796 3302 et
2826 3248 2940 3315 ipse
2965 3245 3142 3301 Ducas
3170 3255 3455 3313 caperetur
3478 3244 3622 3299 haud

2042 3340 2272 3396 Inuitum
2304 3337 2498 3393 abfuit.
2526 3338 2633 3391 Sed
2658 3339 2802 3392 enim
2831 3337 3011 3390 tlivma
3044 3349 3372 3406 quocunque
3404 3337 3621 3389 demum

2040 3432 2157 3487 vult
2199 3447 2284 3487 res
2318 3431 2583 3484 humanas
2612 3428 2722 3498 agit
2756 3428 3028 3494 vertitque
3067 3425 3430 3493 providentia.
3472 3424 3625 3482 Licet

2042 3526 2224 3594 itaque
2271 3524 2338 3576 ad
2366 3537 2487 3575 eam
2525 3520 2725 3575 redacti
2770 3519 3003 3574 fuissent
3047 3517 3317 3573 fortunam
3366 3517 3620 3586 Romani,

2043 3615 2401 3671 nihilominus
2429 3613 2648 3668 tandem
2679 3626 2903 3667 evasere
2930 3612 3192 3664 victores.
3211 3611 3420 3680 Quippe
3445 3609 3625 3665 Ducas

2042 3707 2183 3762 intra
2236 3706 2499 3776 quosdam
2552 3719 2617 3757 ex
2670 3700 2935 3772 lapidibus
2990 3712 3306 3771 compactos
3365 3715 3549 3757 tnuros
3591 3715 3624 3757 e

2042 3797 2284 3868 periculo
2313 3812 2375 3853 se
2407 3805 2708 3859 exemerat,
2748 3794 3056 3863 cuiusmodi
3088 3795 3294 3862 absque
3337 3794 3482 3849 calce
3529 3802 3626 3848 aut

2041 3892 2271 3946 materia
2312 3890 2478 3946 simili
2529 3898 2706 3958 prata,
2753 3903 2875 3959 quae
2925 3888 3142 3942 urbium
3200 3887 3373 3955 portis
3426 3886 3626 3942 obver-

2041 3995 2270 4050 santur,
2318 3980 2717 4039 circumvallari
2747 3981 2946 4035 solent.
2977 3979 3131 4035 Nacti
3194 3979 3400 4034 interea
3455 3979 3620 4034 etiam

2043 4058 2254 4147 pedites
2292 4073 2522 4129 Romani
2556 4074 2733 4128 locum
2777 4072 3056 4136 idoneum,
3109 4071 3313 4139 lapides
3358 4072 3621 4139 conjicie-

2044 4169 2172 4223 bant
2206 4168 2260 4222 in
2294 4167 2552 4222 Richardi
2588 4166 2838 4229 militem,
2865 4166 3001 4218 adeo
3029 4174 3084 4217 ul
3118 4163 3333 4232 plurimi
3359 4166 3449 4233 qui
3485 4163 3624 4233 fuga:

2042 4275 2103 4314 se
2130 4259 2412 4324 dederant,
2466 4258 2592 4311 inde
2640 4270 2701 4311 se
2732 4271 2952 4310 rursum
3018 4255 3491 4322 conglomerarent
3527 4255 3625 4310 ho-

2047 4360 2299 4419 stemque
2342 4350 2687 4420 impeterent.
2734 4348 2835 4403 Ubi
2873 4347 2927 4401 id
2954 4347 3088 4400 vidit
3121 4345 3449 4412 Richardus,
3498 4362 3622 4401 cum

364 4412 616 4494 ίστασολι
680 4441 780 4512 ἤδη
846 4412 957 4493 τῶν
1026 4412 1381 4507 πεφευγότων
1453 4434 1701 4498 πολλούς.
1766 4435 1938 4505 Ὅπερ

2049 4443 2325 4512 equitibus
2362 4456 2458 4494 sex
2491 4451 2547 4494 et
2578 4440 2797 4508 triginta
2837 4453 2930 4494 eos
2971 4452 3189 4492 rursum
3224 4438 3488 4492 aduritur.
3518 4439 3625 4493 Sed

360 4539 389 4588 ὁ
442 4534 756 4604 Ῥιτζάρδος
829 4531 953 4585 ἰδὼν
1036 4530 1295 4584 ἱππεῦσιν
1348 4528 1408 4592 ἒξ
1465 4527 1583 4598 ἅμα
1641 4529 1736 4581 καὶ⁸
1788 4528 1944 4598 τριά-

360 4645 530 4683 κοντα
555 4629 677 4684 κατ’
707 4626 888 4681 αὐτῶν
930 4623 1088 4686 αὖθις
1141 4624 1385 4693 ἐφέρετο.
1441 4620 1606 4676 ’Λλλὰ
1643 4639 1725 4684 τις
1751 4621 1860 4672 τῶν
1882 4620 1946 4672 ὲκ

363 4722 620 4792 Τράνεως
687 4721 769 4783 είς
828 4717 956 4780 τοὺς
1011 4717 1193 4787 ἱερέας
1263 4715 1434 4767 τελῶν
1501 4717 1643 4784 μέγα
1678 4730 1727 4764 τι
1756 4712 1945 4783 χρῆμα

362 4816 514 4869 λίθου
566 4815 626 4882 ἐξ
688 4811 1025 4885 ὑπερδεξιῶν
1079 4810 1238 4878 ἀφεὶς
1287 4808 1505 4878 κνήμης
1571 4823 1634 4860 τε
1705 4805 1945 4875 θατέρας

361 4914 611 4981 τυχήσας
657 4905 828 4977 αὐτῷ,
854 4907 934 4968 είς
994 4902 1099 4972 γῆν
1136 4901 1442 4971 ἀναχθῆναι
1502 4898 1751 4968 ἐποίησε.
1784 4900 1945 4952 Καὶό

368 5004 467 5073 μὲν
489 5002 666 5054 ἔκειτο
694 4999 1024 5069 σπαράττων
1072 4995 1177 5048 ὑπὸ
1222 4992 1418 5064 ὀδύνης
1456 4992 1676 5057 ἑαυτὸν,
1700 4994 1728 5045 ό
1749 4993 1804 5046 δὲ
1839 4994 1935 5047 καὶ

364 5096 625 5164 δευτέραν
672 5089 883 5162 κατῆρε
923 5087 1019 5141 τοῦ
1075 5086 1346 5158 τραχήλου
1388 5084 1568 5155 βολήν.
1634 5086 1855 5157 Ἐπειδή
1884 5103 1943 5139 τε

365 5186 468 5255 ήδη
508 5183 911 5254 κατηγώνιστο,
964 5181 1142 5233 καίτοι
1185 5177 1375 5231 τοῦτον
1425 5177 1597 5230 πολλά
1631 5178 1944 5234 ἱκετεύοντα

365 5280 557 5332 ὕπτιον
622 5276 919 5337 ἀνακλίνας
984 5268 1307 5342 ἐγχειρίδιον
1365 5270 1465 5341 μὲν
1531 5270 1631 5340 τῆς
1703 5272 1943 5344 γαστρὸς

364 5372 656 5438 διελαύνει,
679 5370 891 5438 ἔγκατα
922 5367 980 5420 δὲ
1012 5365 1191 5418 πάντα
1215 5366 1409 5435 ἐκχέας
1440 5357 1553 5417 οἶόν
1583 5381 1707 5417 τινα
1740 5366 1942 5437 ἐδωδὴν

364 5466 461 5519 ἐπὶ
509 5463 604 5519 τοῦ
644 5463 915 5533 στόματος
951 5460 1225 5530 παρέθετο
1253 5459 1560 5527 ὑπόδειγμα
1586 5458 1706 5512 καθ’
1743 5459 1941 5512 ἑαυτοῦ

362 5559 553 5611 τοῦτον
583 5557 648 5627 δὴ
678 5556 769 5610 τὸν
789 5555 886 5625 τῆς
920 5550 1317 5622 ἀπανθρωπίας
1340 5549 1543 5622 τρόπον
1566 5553 1940 5621 παρεσχηκότι

363 5650 443 5720 τῷ
465 5647 841 5719 κακοδαίμονι.
868 5646 976 5699 Καὶ
1016 5646 1076 5696 τὸ
1115 5643 1370 5697 ἐντεῦθεν
1415 5645 1645 5711 Ἀντρον
1669 5661 1727 5696 τε
1758 5646 1855 5696 εεαὶ
1882 5646 1942 5697 τὸ

364 5746 497 5815 περὶ
524 5742 692 5797 αὑτὸν
761 5742 1078 5812 στράτευμα
1146 5738 1439 5807 Ῥωμαίοις
1469 5738 1730 5808 ὁμολογία
1763 5756 1937 5808 πρεσ-

2052 4534 2270 4588 Tranita
2305 4531 2527 4603 quidam
2555 4532 2810 4585 sacerdos
2844 4531 3068 4600 majoris
3119 4531 3275 4586 molis
3331 4531 3561 4599 lapidem
3597 4550 3629 4585 ιι

2050 4626 2168 4681 lucu
2204 4624 2485 4693 superiore
2510 4622 2790 4689 dejiciens,
2828 4622 3012 4676 tibiam
3043 4622 3184 4675 illius
3222 4621 3447 4676 alteram
3480 4636 3630 4675 asse-

2048 4727 2225 4783 cutus,
2284 4717 2351 4769 ad
2408 4724 2609 4768 terram
2660 4715 2930 4767 hominem
2988 4713 3315 4782 prostravit,
3370 4714 3463 4782 qui
3513 4728 3624 4780 prae

2046 4809 2231 4863 dulut‘e
2280 4823 2401 4862 sese
2448 4807 2679 4861 subinde
2761 4805 3095 4860 dilacerabat
3177 4820 3241 4859 ac
3316 4805 3626 4860 vellicabat.

2046 4902 2115 4956 At
2174 4900 2369 4953 iterato
2416 4899 2523 4951 ictu
2562 4898 2759 4951 collqu
2794 4897 2937 4951 illius
2987 4912 3107 4950 cum
3139 4897 3408 4967 attigisset
3447 4911 3629 4951 Sacer-

2047 4995 2182 5055 dos,
2248 4994 2446 5045 victum
2504 4994 2719 5044 tandem
2770 4998 2826 5042 et
2887 4989 3256 5058 nequidquam
3331 4988 3625 5056 supplicent

2046 5084 2281 5152 Supillai,
2329 5084 2628 5151 adacloque
2679 5083 2733 5134 in
2770 5090 3014 5134 ventrem
3068 5080 3321 5149 pugione,
3373 5080 3627 5134 inttstina

2047 5171 2236 5226 eximit
2259 5173 2465 5236 omnia,
2496 5186 2669 5241 eaque
2693 5172 2928 5239 jacentis
2963 5171 3046 5225 ori
3078 5171 3239 5226 veluti
3294 5171 3475 5224 cibum
3526 5168 3628 5221 ali-

2044 5291 2204 5345 quem
2248 5276 2519 5341 admovet,
2554 5286 2609 5329 ut
2644 5278 2734 5347 qui
2784 5277 2835 5330 in
2865 5276 3001 5329 alios
3035 5273 3299 5344 ejusmodi
3334 5273 3629 5328 crudelita-

2048 5380 2152 5425 tem
2188 5380 2536 5435 exercnerat,
2587 5371 2638 5422 in
2696 5385 2756 5422 se
2809 5368 3029 5422 tandem
3084 5366 3227 5420 illius
3288 5364 3627 5434 experiretur

2044 5462 2374 5532 exemplum.
2414 5459 2551 5514 Tum
2588 5470 2641 5514 ct
2682 5463 2910 5514 Anll‘um
2960 5469 3013 5512 et
3064 5472 3184 5526 quae
3228 5455 3497 5510 Richardo
3527 5455 3627 5509 ad-

2046 5558 2315 5611 hzcserant
2344 5557 2511 5624 cupitae
2543 5554 2804 5609 [tertianis
2846 5566 2967 5608 sese
3001 5550 3159 5622 145
3192 5550 3489 5620 adiunxere
3520 5564 3533 5600 :
3570 5558 3627 5604 et

2043 5648 2133 5716 qui
2166 5663 2223 5703 se
2264 5648 2579 5716 neutiquam
2616 5660 2877 5700 evasuros
2922 5643 3221 5714 periculum
3257 5640 3624 5705 crediderant,

2045 5756 2165 5795 cum
2222 5743 2438 5809 tropaeis
2476 5739 2655 5794 Barim
2712 5748 2975 5793 venerunt
3017 5754 3030 5789 :
3072 5738 3161 5792 ubi
3216 5736 3451 5789 inventis
3497 5735 3629 5785 ali‘a-
