4058 6412
497 262 611 328 483

1797 261 2123 325 JOANNIS
2158 258 2485 325 CINNAMI

3663 261 3775 325 ιδι

496 377 591 429 ιίιιι
652 374 814 429 rebus
864 371 1191 428 necessariis
1245 371 1388 428 fessa
1437 369 1760 428 militaribus
1801 372 2068 430 laboribut

2187 371 2508 444 εχώρησεν·
2567 371 2618 426 οί
2670 371 2728 427 δὲ
2807 370 2929 426 οὐδὲ
2993 371 3088 426 τὸν
3170 373 3423 427 κίνδυνον
3481 373 3776 443 διαφυγεῖν

495 483 721 537 corpora
756 465 1020 520 refeccre.

565 760 620 816 5.
653 758 850 815 Paucis
900 758 1084 828 itaque
1133 759 1326 815 diebus
1381 761 1733 830 intermissis,
1776 761 1964 835 copias
1989 761 2077 818 bi-

491 851 686 906 fariam
721 851 907 922 partiri
949 853 1120 907 visum
1151 869 1332 922 opera:
1373 855 1630 924 pretium,
1661 871 1892 925 quarum
1943 869 2075 926 pars

494 943 598 998 alia
649 944 773 999 istic
823 959 944 998 cum
978 945 1114 999 duce
1141 961 1250 1000 uno
1281 958 1548 1013 maneret,
1598 947 1706 1002 alio
1743 962 1866 1002 cum
1908 947 2078 1002 altero

493 1035 560 1087 ad
597 1034 1038 1105 circumjacentia
1075 1037 1296 1091 castella
1331 1039 1633 1106 diripienda
1669 1040 1864 1094 exiret.
1897 1039 2078 1110 Atque

494 1123 655 1194 hujus
691 1134 980 1192 postrema:
1013 1140 1164 1180 curae
1199 1126 1250 1180 in
1293 1125 1493 1180 Ducam
1525 1143 1646 1182 sors
1689 1128 1904 1183 recidit.
1939 1129 2074 1184 Cum

492 1226 624 1281 ergo
647 1228 812 1284 prope
836 1213 1051 1270 adesset
1083 1216 1363 1286 Oppidum,
1387 1217 1476 1270 cui
1497 1216 1721 1273 Castrus
1739 1218 1822 1272 vir
1852 1219 2076 1274 illustris

493 1314 744 1375 praeerat,
773 1304 900 1360 illud
931 1307 1211 1361 obsidione
1238 1308 1407 1378 cingit
1434 1306 1754 1378 fortiterque
1782 1319 2074 1380 Oppugnat.

492 1397 563 1449 At
592 1410 714 1450 cum
756 1395 973 1452 tentatis
999 1399 1193 1452 crebro
1232 1397 1502 1452 maeuibus
1552 1396 1754 1452 frustra
1799 1413 1860 1454 sc
1918 1400 2072 1453 insu-

492 1498 644 1540 mere
687 1499 907 1555 Operam
945 1485 1178 1540 advertit
1207 1488 1355 1558 (nam
1399 1487 1505 1542 etsi
1562 1489 1772 1544 bellicis
1809 1491 2077 1546 machinis

494 1576 694 1645 saepius
729 1577 998 1647 pulsasset
1050 1594 1257 1644 muros,
1322 1581 1412 1634 vix
1448 1596 1612 1634 unum
1669 1581 1794 1636 inde
1842 1582 2072 1651 lapidem

402 1710 408 1716 .
495 1665 837 1734 abstulerat),
873 1668 1034 1722 motis
1086 1667 1188 1722 sub
1242 1683 1530 1737 vesperum
1559 1671 1756 1724 castris
1791 1672 1856 1726 ad
1890 1671 2076 1728 Mono-

497 1756 662 1827 polim
708 1759 900 1824 tendit,
939 1770 997 1815 ut
1043 1761 1227 1814 urbem
1275 1762 1688 1831 necopinantem
1723 1765 2071 1834 opprimeret.

499 1857 605 1914 Sed
635 1861 782 1916 circa
821 1861 964 1916 idem
1023 1872 1234 1932 tempus
1279 1864 1464 1934 copias
1517 1862 1727 1935 aliquot
1773 1867 2074 1923 emiserant

495 1951 903 2022 Monopohtani,
946 1963 1060 2009 tum
1117 1965 1174 2009 ut
1223 1955 1498 2012 Romanos
1541 1958 1912 2028 explorarent,
1960 1970 2072 2016 tum

495 2043 682 2106 etiam,
719 2042 763 2097 si
795 2052 861 2096 ad
886 2059 938 2098 tu
961 2043 1181 2100 daretur
1209 2047 1444 2113 occasio,
1474 2061 1598 2102 cum
1630 2047 1697 2104 iis
1727 2049 2071 2109 dimicarent.

495 2131 562 2188 lli
595 2132 737 2189 forte
759 2133 974 2190 fortuna
1016 2135 1070 2191 in
1109 2138 1338 2206 primam
1369 2135 1740 2195 Romanorum
1773 2142 2075 2200 incidentes

495 2227 693 2291 aciem,
729 2239 926 2280 manus
957 2240 1076 2280 cttm
1112 2227 1179 2282 iis
1209 2239 1527 2284 conserunt.
1555 2229 1708 2295 Quod
1731 2233 1891 2286 simul
1911 2241 2076 2304 atque

501 2314 788 2370 advertere
817 2315 907 2383 qui
935 2314 988 2369 in
1032 2327 1308 2384 postremo
1339 2319 1559 2374 stabant
1589 2322 1802 2388 ordine,
1837 2326 2074 2381 universi

496 2404 668 2461 ferme
724 2420 912 2459 eorum
972 2407 1186 2475 equites
1247 2418 1398 2479 terga
1471 2421 1731 2480 vertunt,
1806 2430 2077 2485 cursuque

494 2495 694 2562 ell‘uso,
751 2497 965 2552 caeteris
1011 2499 1224 2553 civibus
1263 2485 1490 2572 jamjam
1519 2503 1832 2559 adfuturum
1875 2505 2077 2561 Roma-

495 2603 689 2644 norum
719 2588 1019 2642 exercitum
1047 2589 1394 2647 annuntiant.
1420 2593 1664 2649 Peditum
1705 2605 1885 2652 autem
1917 2599 2078 2662 pleri-

493 2695 601 2750 que
649 2681 794 2749 capti
845 2688 994 2735 sunt.
1042 2679 1122 2736 Eo
1157 2683 1350 2738 nuntio
1384 2687 1681 2741 conterrita
1717 2690 1931 2755 civitas,
1988 2701 2074 2745 ut-

493 2787 708 2841 cunque
739 2773 794 2826 in
838 2775 1094 2842 praesenti
1126 2774 1372 2844 periculo
1405 2775 1567 2849 1&6
1597 2779 1714 2834 ﬁeri
1744 2793 1956 2851 poterat
1984 2799 2075 2840 re-

493 2863 792 2917 sistendum
843 2863 990 2918 hosti
1045 2864 1276 2920 censuit.
1335 2867 1562 2939 Equites
1619 2871 1802 2943 itaque
1858 2877 2074 2931 ducenti

493 2970 550 3017 et
587 2978 749 3032 supra
782 2963 928 3018 mille
961 2964 1192 3032 pedites,
1235 2977 1289 3021 et
1317 2976 1516 3037 praeter
1544 2971 1644 3026 hos
1673 2974 1861 3045 ingens
1897 2976 2078 3031 fundi-

2177 467 2657 538 προσδοκήσαντες
2711 466 2810 520 σὺν
2869 466 3157 536 τροπαίοις
3221 467 3314 521 ἐπὶ
3364 467 3534 542 Βᾶριν
3578 468 3772 542 ἦλθον.

2181 557 2378 612 Ἔνθεν
2426 556 2687 626 ἀφθόνοις
2748 560 3245 628 περιτετυχηκότες
3278 563 3394 625 τοῖς
3439 565 3776 631 ἐπιτηδείοις

2175 650 2306 712 τοὺς
2333 649 2630 719 πολεμίους
2659 650 2928 720 ἀνέψυχον
2958 651 3060 720 ἠδη
3103 653 3408 721 καμάτους.

2250 748 2314 796 ε’.
2343 743 2554 813 Χρόνου
2578 742 2637 795 δὲ
2676 744 2736 796 οὺ
2789 744 2992 796 πολλοῦ
3023 744 3405 813 διαγεγονότος
3445 747 3620 801 ἐδόκει
3649 751 3774 822 διχῆ

2175 834 2412 888 διελοῦσι
2442 835 2504 887 τὸ
2533 836 2850 905 στράτευμα
2881 836 2943 888 τὸ
2982 836 3082 905 μὲν
3128 838 3294 890 αὑτοῦ
3327 841 3425 893 σὺν
3474 841 3554 909 τῷ
3589 841 3772 912 ἑτέρῳ

2177 928 2288 1004 τῶν
2327 928 2653 998 στρατηγῶν
2697 931 2903 996 μεῖναι,
2951 929 3014 982 τὸ
3037 929 3082 982 δ’
3115 930 3244 984 ἄλλο
3274 931 3504 1004 θάτερον
3559 937 3772 1001 ἑπαγό-

2181 999 2345 1090 μενον
2393 1021 2494 1073 ἐπὶ
2545 1019 2866 1091 καταδρομῇ
2941 1023 3220 1092 φρουρίων
3287 1023 3396 1076 τῶν
3463 1026 3771 1094 περιοίκων

2179 1113 2437 1180 ἐξελθεῖν.
2477 1114 2717 1168 "Emme
2745 1114 2803 1166 as
2842 1115 2938 1168 ἐπὶ
2959 1113 3051 1168 τὸν
3093 1115 3307 1169 Δούκαν
3335 1118 3364 1168 ὁ
3418 1117 3515 1171 τοῦ
3547 1137 3767 1188 προπο-

2177 1206 2388 1260 νείσθαι
2442 1205 2669 1277 κλῆρος.
2730 1207 2929 1261 Τοίνυν
2966 1208 3061 1262 καὶ
3100 1204 3170 1281 ἦν
3219 1210 3329 1281 γάρ
3385 1227 3468 1272 τις
3509 1211 3661 1273 πόλις
3702 1212 3772 1281 ἦς

2179 1297 2432 1368 Κάστρος
2459 1299 2644 1370 ἡγεῖτο
2695 1299 2836 1370 ἀνὴρ
2871 1301 3172 1372 ἐπιφανὴς,
3221 1301 3432 1375 ταύτην
3473 1305 3771 1373 περικαθί-

2181 1407 2280 1453 σας
2309 1390 2570 1459 ἀσφαλῶς
2603 1392 2935 1462 ἐπολιόρκει.
2955 1392 3042 1456 Ὠς
3057 1393 3114 1445 δὲ
3141 1393 3410 1459 πολλάκις
3435 1394 3516 1465 τῷ
3545 1396 3711 1465 περιδ
3729 1401 3771 1438 '-

2177 1483 2256 1553 λῳ
2288 1485 2622 1555 προσραγεὶς
2644 1484 2786 1552 ἔγνω
2813 1486 3105 1554 ἀνηνύτοις
3123 1488 3420 1557 ἐπιχειρῶν
3439 1487 3526 1556 (οὐ
3539 1487 3656 1558 γὰρ
3671 1488 3772 1542 οὖν

2177 1577 2299 1630 οὐδὲ
2320 1577 2466 1630 λίθον
2490 1578 2640 1648 αὐτῷ
2653 1577 2862 1631 ἐκεῖθεν
2881 1579 3138 1650 ἀποσπᾷν
3157 1577 3436 1648 ἐξεγένετο
3465 1581 3644 1633 καίτοι
3676 1596 3778 1632 tra-

2177 1669 2278 1739 χνὰ
2303 1669 2626 1740 μαστίξαντι
2646 1671 2758 1732 τοῖς
2777 1670 3231 1740 τειχομαχικοῖς),
3247 1671 3387 1742 ἄρας
3402 1671 3613 1724 ἐκεῖθεν
3640 1671 3772 1742 περὶ

2107 1727 2150 1782 Β
2177 1727 2387 1835 λύχνων
2433 1727 2578 1834 aes;
2608 1765 2701 1818 ἐπὶ
2725 1727 3042 1818 δίονόπόλιν
3061 1727 3554 1836 (85ίιέφέρε-τομ),
3574 1727 3774 1830 ἐξαπι-

2175 1859 2342 1921 ναίως
2370 1855 2918 1928 ὲπιθήσεσθαιταύτῃ
2931 1855 3340 1925 διανοούμενος.
3357 1854 3690 1926 Ἐτύγχανον
3710 1856 3770 1908 ἃ

2175 1946 2484 2016 τηνικαῦτα
2512 1944 2879 2000 Μονοπολῖται
2899 1945 3218 2016 στράτευμα
3235 1944 3330 1998 ἐπὶ
3345 1943 3359 1960 ⁹
3371 1942 3657 2013 Ρωμαίους
3675 1945 3774 1996 ἑκ·-

2176 2038 2524 2110 πέμψαντες,
2543 2038 2618 2105 τὸ,
2639 2039 2739 2108 μὲν
2758 2039 2853 2092 ἐπὶ
2866 2040 3187 2109 κατασκοπῇ
3204 2037 3316 2091 τῶν
3344 2039 3674 2109 γινομένων,
3705 2034 3772 2089 τὸ

2177 2130 2234 2184 δὲ
2249 2132 2342 2185 καὶ
2366 2133 2475 2202 ὅπη
2506 2130 2711 2186 δυνατὰ
2731 2130 2889 2184 ἔσται
2912 2131 3523 2201 ἀντικαταστησόμενον
3553 2129 3767 2192 αὐτοῖς.

2178 2224 2331 2295 Τύχη
2365 2223 2498 2293 γοῦν
2537 2241 2642 2277 τινι
2691 2223 3060 2278 Μονοπολῐται
3109 2224 3223 2286 τοῖς
3276 2222 3638 2292 ἐμπροσθίοις
3668 2221 3764 2274 τοῦ

2190 2315 2511 2388 Ῥωμαῖκοῦ
2540 2317 2917 2387 συμμίξαντες
2943 2315 3180 2381 στρατοῦ
3218 2316 3300 2379 είς
3359 2317 3550 2385 χεῖρας
3571 2310 3759 2382 ἦλθον.

2190 2408 2354 2463 Ἀλλὰ
2389 2409 2802 2478 συναισθήσεως
2822 2407 2921 2461 καὶ
2949 2408 3065 2471 τοῖς
3111 2407 3346 2460 κατόπιν
3377 2403 3766 2474 γεγενημένης

2188 2502 2378 2564 ἱππεῖς
2411 2501 2512 2569 μὲν
2550 2500 2732 2553 αὐτῶν
2754 2501 2939 2570 σχεδόν
2967 2517 3022 2552 τι
3053 2500 3292 2562 ἅπαντες
3323 2497 3527 2568 ᾤχοντο
3555 2513 3768 2564 πεφευο

2179 2593 2357 2661 γότες,
2413 2593 2601 2662 δρόμῳ
2622 2608 2682 2644 τε
2726 2591 2807 2644 ἑτι
2849 2594 2945 2646 καὶ
2990 2590 3234 2660 ἄσθματι
3297 2589 3477 2660 πολλῷ
3505 2590 3762 2660 ἐχόμενοι

2180 2684 2426 2748 πολίταις
2477 2687 2592 2748 τοῖς
2633 2684 2816 2745 ἅλλοις
2871 2685 2961 2736 τὸν
3033 2683 3322 2754 Ῥωμαίων
3370 2682 3601 2754 στρατὸν
3634 2683 3762 2736 ὅσον

2179 2775 2280 2827 οὐκ
2309 2774 2411 2845 ἤδη
2445 2773 2790 2846 παρέσεσθαι
2831 2773 3141 2844 διήγγελον.
3191 2773 3378 2837 Πεζῶν
3409 2773 3467 2825 δὲ
3515 2771 3763 2824 πλεῖστοι

2179 2871 2448 2926 ἑάλωσαν.
2484 2873 2570 2944 ιΡ.
2603 2870 2696 2943 85]
2731 2870 2959 2934 Τούτοις
2984 2869 3422 2940 ἐκταραχθέντες
3449 2870 3482 2938 ἡ
3521 2868 3670 2931 πόλις
3697 2869 3764 2921 ὲκ

2177 2964 2285 3017 τῶν
2311 2964 2595 3035 παρόντων
2627 2966 2740 3026 τοῖς
2773 2962 3051 3032 πολεμίοις
3081 2960 3467 3025 ἀντιτάξεσθαι
3488 2960 3760 3028 ἔγνωσαν.

496 3063 671 3108 torum
706 3053 992 3110 multitudo
1026 3069 1151 3111 sese
1204 3071 1302 3126 pro
1353 3062 1524 3129 portis
1573 3062 1912 3120 oblocarunt.
1945 3065 2068 3125 Orto

2192 3058 2399 3120 Ἱππεῖς
2456 3057 2635 3111 τοίνυν
2680 3056 2822 3126 ὑπὲρ
2877 3058 3003 3120 τοὺς
3032 3055 3343 3118 διακοσίους
3387 3054 3761 3124 ἐκδραμόντες

485 3144 597 3214 jam
632 3144 719 3198 die
745 3143 922 3200 Ducas
953 3159 1079 3200 cum
1123 3147 1344 3203 dimidia
1394 3154 1670 3208 exercitus
1702 3165 1855 3223 parte
1883 3172 2074 3214 succe-

490 3236 590 3299 dit,
640 3234 848 3303 reliqua
896 3235 964 3290 ad
1007 3237 1369 3295 incursandos
1403 3242 1861 3321 circumjacentes
1911 3267 2072 3322 agros

489 3326 736 3383 dimissa.
774 3326 935 3382 Venit
961 3328 1128 3399 igitur
1159 3330 1348 3387 divisis
1389 3332 1642 3391 bifariam
1672 3341 1863 3409 copiis,
1899 3357 2074 3413 neque

492 3424 670 3470 tamen
701 3414 1131 3486 Mon0politanos
1159 3421 1418 3476 cantinuo
1441 3432 1523 3478 est
1549 3440 1857 3496 aggressus,
1886 3445 2070 3487 verum

459 3514 747 3571 tanquam
805 3510 1006 3562 mmnia
1055 3513 1434 3578 speculaturus
1489 3514 1638 3571 lento
1661 3520 1895 3588 primum
1927 3523 2073 3580 ince-

489 3595 651 3650 debat
679 3611 890 3666 gressu,
920 3607 974 3653 et
997 3600 1145 3654 velut
1173 3604 1424 3670 Oppidum
1456 3619 1554 3674 per
1613 3620 1797 3677 partes
1823 3612 2074 3682 explora-

490 3695 666 3742 turus.
730 3687 935 3743 Deinde
993 3703 1181 3743 eorum
1231 3707 1350 3760 quae
1400 3695 1452 3746 in
1497 3709 1680 3751 mente
1733 3711 1888 3754 erant
1939 3703 2071 3756 uitii

491 3780 747 3847 prodens,
785 3782 1082 3850 assumptis
1113 3797 1178 3836 ex
1202 3785 1315 3838 suis
1344 3785 1560 3856 triginta
1587 3788 1642 3842 in
1665 3792 1870 3847 medios
1889 3793 2072 3849 has-tes

489 3869 784 3922 invehitur.
833 3867 915 3924 Illi
959 3873 1211 3926 resubita
1251 3878 1548 3942 perturbati
1610 3876 1793 3948 fugam
1832 3881 2066 3938 ineunt:

489 3973 593 4015 nec
648 3962 900 4031 persequi
940 3973 1066 4017 ante
1127 3964 1335 4020 destitit
1388 3965 1587 4036 Ducas,
1621 3969 1798 4027 donec
1827 3973 1894 4028 ad
1921 3974 2070 4029 urbis

489 4067 659 4121 usque
686 4063 872 4122 portas
894 4053 1223 4124 fugientibus
1238 4072 1580 4128 progressus,
1610 4077 1775 4118 unum
1796 4079 1864 4121 ex
1894 4065 2068 4122 hosti-

488 4143 587 4196 bus
631 4143 785 4198 hasta
836 4145 1154 4201 transﬁxum
1208 4147 1276 4201 ad
1307 4156 1506 4204 terram
1535 4152 1753 4222 dejecit.
1787 4155 1918 4211 Inde
1949 4159 2064 4215 col-

484 4234 640 4290 lectis
679 4238 906 4306 captivis
942 4240 1228 4294 abscessit.
1263 4239 1492 4312 Jamque
1527 4245 1691 4300 etiam
1740 4249 1906 4304 altera
1939 4265 2064 4320 pars

485 4329 758 4382 exercitus
785 4328 841 4382 in
880 4330 1326 4398 circutnjaecntes
1355 4350 1512 4404 agros
1544 4335 1682 4392 facta
1720 4343 2058 4408 excursione,

2176 3150 2295 3218 ἅμα
2334 3147 2520 3212 πεζοῖς
2580 3147 2876 3219 πλείοσινῆ
2904 3147 3118 3216 χιλίοις,
3190 3145 3429 3216 πλήθους
3466 3143 3759 3211 σφενδοιεη·

2174 3240 2286 3293 τῶν
2308 3239 2616 3310 ἀναρίθμου
2647 3240 2880 3292 κατόπιν
2936 3240 3121 3301 αὐτοῖς
3152 3239 3450 3307 ἑπομένου,
3517 3235 3626 3305 πρὸ
3657 3236 3761 3303 τῆς

2177 3331 2384 3394 πόλεως
2411 3331 2669 3400 ἔστησαν.
2717 3330 2939 3401 Ἔπειδή
2973 3347 3036 3384 τε
3064 3330 3252 3402 ἡμέρα
3300 3330 3403 3399 ἤδη
3435 3325 3502 3399 ἦν
3526 3329 3759 3391 ἐπιστὰς

2175 3427 2205 3478 ό
2236 3426 2448 3488 Δούκας
2518 3425 2660 3496 ὑπὲρ
2694 3425 2872 3496 ἥμισυ
2919 3427 3022 3496 μὲν
3064 3424 3175 3478 τῶν
3209 3425 3565 3494 στρατιωτῶν
3593 3421 3759 3486 αὐτὸς

2176 3517 2326 3587 ἔσχε,
2361 3517 2423 3569 τὸ
2454 3516 2499 3568 δ’
2517 3514 2648 3569 ἄλλο
2675 3517 2754 3580 είς
2784 3516 3068 3587 προνομὴν
3103 3515 3212 3568 τῶν
3243 3513 3405 3584 πέριξ
3427 3514 3757 3580 ἐξέστειλεν.

2179 3586 2305 3679 ᾟει
2338 3607 2520 3660 τοίνυν
2553 3606 2674 3677 διχῆ
2705 3586 2896 3660 διελών
2925 3606 2988 3659 τὸ
3028 3606 3348 3675 στράτευμα
3377 3621 3391 3635 ο
3432 3606 3492 3658 οὐ
3522 3605 3632 3676 μὴν
3663 3607 3760 3658 καὶ

2175 3700 2465 3771 συνέμιξεν
2515 3702 2575 3754 ὲν
2618 3699 2696 3771 τῷ
2744 3700 3065 3772 παραυτίκα
3120 3698 3544 3764 Μονοπολίταις,
3615 3690 3756 3752 ἀλλὰ

2172 3793 2362 3863 σχῆμα
2392 3795 2494 3858 τῆς
2553 3793 2662 3846 τῶν
2700 3794 2932 3864 τειχέων
2983 3794 3145 3863 δῆθεν
3185 3793 3512 3864 ποιούμενος
3577 3807 3756 3844 καταο

2174 3885 2410 3956 σκοπῆς,
2470 3883 2640 3955 βάδην
2688 3886 2790 3953 μὲν
2828 3884 3028 3956 ἐχώρει
3056 3886 3116 3938 τὸ
3160 3886 3378 3956 πρῶτον
3417 3887 3512 3938 ἐπὶ
3547 3884 3756 3955 μέρους

2167 3977 2268 4050 τὴν
2291 3976 2445 4030 πόλιν
2474 3976 2637 4046 δῆθεν
2670 3978 3046 4047 περισκοπῶν.
3085 3979 3317 4032 Ἔπειτα
3345 3977 3522 4031 οὐδενὶ
3574 3977 3756 4047 προρο

2169 4067 2335 4140 ῥηθὲν
2368 4069 2665 4139 τριάκοντα
2716 4068 2826 4122 τῶν
2879 4071 3196 4140 ἀμφάὑτὺν
3217 4070 3451 4124 ἕπεσθαι
3502 4068 3600 4140 τὴν
3650 4069 3751 4121 ἐπὶ

2167 4159 2295 4224 τοὺς
2318 4161 2612 4231 πολεμίους
2671 4159 3141 4232 ἐγκελευσάμενος
3161 4162 3304 4216 κατὰ
3353 4162 3537 4232 μέσων
3566 4160 3751 4214 αὐτῶν

2169 4252 2336 4308 ἵεται.
2365 4255 2428 4307 οι
2467 4254 2524 4328 δὲ
2573 4253 2650 4324 τῷ
2698 4255 2880 4327 ἁθρόῳ
2939 4256 3388 4325 καταπλαγέντες
3440 4258 3520 4318 εἰς
3571 4254 3755 4326 φυγὴν

2167 4344 2405 4398 έκλινλνσ
2449 4347 2478 4399 ὁ
2499 4347 2556 4400 δὲ
2599 4350 2659 4400 οὐ
2685 4350 2955 4418 πρότερον
2978 4349 3149 4418 ἀνῆκε
3167 4347 3384 4402 διώκων
3406 4348 3537 4419 πρὶν
3559 4348 3592 4417 ἢ
3621 4351 3752 4410 ταὶς

486 4433 639 4470 cum.
678 4433 781 4471 non
817 4420 1046 4475 modicis
1111 4423 1235 4478 inde
1260 4429 1461 4481 avectis
1517 4431 1735 4496 praedis,
1803 4449 1906 4487 uua
1937 4451 2060 4489 cum

2174 4438 2265 4508 τῆς
2299 4439 2508 4502 πόλεως
2544 4441 2742 4504 πύλαις
2763 4441 3028 4511 φεύγουσι
3061 4444 3419 4495 συνεισέπεσε
3452 4439 3543 4494 καὶ
3582 4439 3753 4504 αὐτὸς

485 4507 654 4574 Duca,
681 4507 859 4562 Barim
887 4511 1068 4565 rediit.
1109 4513 1314 4568 Interea
1353 4516 1513 4585 legati
1538 4535 1565 4571 a
1627 4518 1872 4576 Romam)
1921 4541 2052 4592 pon-

486 4599 648 4664 tifice,
686 4617 841 4669 quem
865 4617 1055 4670 papam
1111 4609 1580 4675 appellaressoleut
1606 4611 1818 4680 Latini,
1846 4619 1912 4670 ad
1950 4615 2060 4671 Ro-

483 4705 765 4746 manorum
813 4695 976 4749 duces
1020 4697 1167 4750 missi
1226 4713 1542 4768 pervenere.
1592 4702 1741 4759 Mens
1775 4707 2062 4778 legationis

479 4791 622 4848 erat,
683 4794 742 4837 ut
763 4785 849 4838 vel
883 4797 1128 4856 uterque,
1158 4789 1239 4844 vel
1269 4793 1455 4846 eorum
1480 4795 1616 4850 alter
1646 4794 1873 4853 Romam
1907 4803 2060 4857 veni-

478 4883 586 4939 ret,
650 4891 756 4946 quo
789 4878 856 4932 de
901 4877 1067 4934 rebus
1101 4880 1316 4947 majoris
1375 4890 1632 4940 momenti
1669 4890 1896 4945 invicem
1934 4908 2058 4962 age-

478 4972 619 5021 rent.
673 4967 904 5023 Aicbant
952 4970 1149 5042 quippe
1182 4973 1489 5043 ingentibus
1529 4979 1734 5036 coactis
1768 4983 1961 5051 copiis,
1987 4987 2056 5040 ad

2167 4529 2264 4582 ἕνα
2294 4548 2354 4583 τε
2398 4532 2691 4602 δορατίσας
2720 4533 2872 4596 ἐντὸς
2911 4533 3095 4588 πυλῶν
3129 4535 3210 4597 είς
3237 4535 3339 4604 γῆν
3394 4533 3575 4586 ἑδαλε.
3635 4531 3749 4584 Τοῦ

2167 4622 2352 4675 λοιποῦ
2383 4622 2438 4675 δὲ
2467 4625 2594 4686 τοὺς
2644 4623 2952 4688 ἑαλωκότας
2999 4625 3309 4696 ἀνειληφὼς
3375 4625 3589 4680 ἐκεῖθεν
3646 4625 3744 4676 ἀν-

2165 4714 2415 4782 εζεύγνυ.
2443 4716 2583 4786 Ἤδη
2604 4715 2660 4768 δὲ
2691 4717 2866 4771 καὶτὸ
2894 4717 3024 4772 ἄλλο
3049 4707 3369 4790 στράτευμα
3397 4719 3597 4782 ίκανῶς
3629 4719 3744 4771 τῶν

2163 4806 2350 4876 κύκλῳ
2371 4807 2726 4878 καταδραμὸν
2750 4811 2848 4864 σὺν
2871 4809 3165 4881 ὠφελείαις
3195 4812 3545 4882 ἀνέστρεφεν,
3585 4811 3615 4864 δ
3646 4813 3746 4865 καὶ

2162 4898 2295 4951 αὐτὸ
2322 4899 2418 4952 σὺν
2439 4897 2517 4970 τῷ
2544 4900 2723 4974 Δούκᾳ
2769 4905 2828 4966 ὲς
2856 4902 3023 4976 Βᾶριν
3059 4899 3242 4976 ἦλθεν.
3287 4905 3377 4960 Ἐν
3401 4900 3444 4974 ᾧ
3476 4905 3534 4958 δὲ
3566 4903 3752 4959 ταῦτα

2175 4992 2414 5061 ἐγένετο,
2445 4994 2704 5063 πρέσϐεις
2742 4997 2877 5068 πρὸς
2903 4997 2997 5052 τοῦ
3037 4998 3259 5070 Ῥώμης
3289 5001 3594 5071 ἀρχιερέως
3626 4999 3748 5082 (86)

1803 5073 1898 5134 Du
1940 5075 2160 5155 Caugii
2203 5090 2390 5144 notas.

549 5157 668 5237 (85)Δ
695 5162 1241 5237 Μονόπολινᾼυώε
1273 5165 1326 5219 iu
1364 5168 1556 5235 Apulia
1602 5162 1874 5237 Peucetia,
1900 5189 2050 5232 vetc-

476 5230 626 5284 ribus
660 5233 954 5301 incognita,
988 5230 1426 5303 pulchritudine,
1448 5241 1762 5307 spleudore,
1796 5230 2053 5304 civilitati:

2158 5197 2224 5238 ac
2253 5186 2605 5262 aediﬁciorum
2637 5191 3039 5259 magniﬁcentia
3073 5193 3291 5262 nobilis,
3325 5196 3452 5251 licet
3489 5212 3594 5253 non
3628 5215 3750 5255 ma-

2161 5270 2286 5323 gna,
2321 5257 2496 5324 inquit
2527 5256 2772 5316 Leander
2811 5263 3067 5320 Albertus

1753 5335 2036 5400 Cornelii
2073 5344 2265 5404 'l‘ollii
2303 5355 2490 5409 notae.

549 5423 622 5501 (ιτ)
655 5424 837 5501 ’ᾼρᾳς
861 5425 1090 5501 ἐκεῖθεν
1134 5429 1268 5495 περὶ
1298 5432 1485 5486 λίθων
1510 5431 1668 5501 ἀρὰς
1725 5437 1824 5492 ἐπὶ
1856 5443 2054 5495 Μονό-

473 5497 657 5573 armis?
689 5495 948 5576 όφέρετο.
980 5497 1124 5576 idem
1161 5505 1432 5564 mendum,
1475 5495 1679 5576 tie'qu'o
1709 5525 1868 5576 supra
1907 5514 2042 5565 dixi-

477 5566 920 5637 musinlucerua
979 5568 1087 5632 illa,
1141 5584 1303 5637 quam
1357 5566 1607 5628 moriens
1649 5566 1888 5635 Joannes
1948 5587 2046 5635 im-

476 5644 694 5704 perator
756 5633 1045 5701 dedicavit,
1116 5633 1176 5692 et
1224 5655 1407 5704 pOSIea
1478 5653 1773 5701 monachus

478 5703 810 5757 tt'uttslatuttt.
837 5704 1020 5773 itaque
1052 5703 1424 5766 corruimus:
1459 5716 1632 5784 ’Ἄρας
1661 5703 1881 5776 ἐκεῖθεν

2160 5447 2372 5532 λύχνων
2395 5453 2670 5532 ’ἁφὰς-,επὶ
2699 5456 3005 5532 Μονόπολιν
3029 5461 3278 5532 ἐφέρετο.
3310 5460 3398 5518 Sic
3427 5463 3744 5522 Herodotus

2157 5515 2276 5586 Pot}
2297 5515 2482 5602 milia}
2530 5515 2813 5602 λυρμέατο
2847 5529 2904 5581 δὲ
2937 5515 3301 5602 περὶ’λῦχνιυν

2156 5594 2544 5674 στρατοπέδου.
2589 5579 2692 5647 Me
2748 5600 2891 5674 eirea
2953 5579 3288 5656 lucernahrum
3345 5579 3737 5674 αἷςυέιωὶοηεηι,

1832 5653 2042 5742 vitletat
2152 5660 2204 5712 id
2225 5653 2338 5742 est,
2368 5666 2878 5742 subncrepus‘culum,
2916 5690 2942 5723 ε
2984 5653 3183 5726 castris

2225 5733 2337 5802 (86)
2387 5733 2610 5804 Ῥώμης
2651 5737 2989 5808 ἀρχιερέως.
3023 5733 3242 5800 Αιίιείειιῖι
3279 5733 3346 5799 ll.
