4058 6468
399 344 511 408 485
1579 341 2128 405 HISTORIARUM
2165 340 2316 404 LIB.
2361 341 2465 406 IV.
3575 345 3689 416 486

401 460 496 514 ἐπὶ
528 461 655 525 τοὺς
716 460 1008 531 Ῥωμαίων
1062 454 1226 532 ἦλθον
1281 454 1650 530 στρατηγοὺς,
1695 455 1754 508 ὃν
1793 453 1986 508 πάπαν

2119 453 2346 509 ocianda
2415 466 2536 508 cum
2583 450 2845 508 Romanis
2900 465 3052 507 arma
3088 453 3336 526 essejam
3410 469 3682 528 paratum-

403 551 661 614 Λατίνοις
691 549 988 622 ὀνομάζειν
1039 550 1163 615 ἔθος
1203 551 1374 604 ἐστίν.
1418 547 1705 602 Ἐὅούλετο
1727 545 1784 598 δὲ
1807 545 1992 609 αὐτοῖς

2118 549 2158 597 ια
2219 541 2438 612 quidem
2485 541 2706 614 scriptis
2762 541 2920 614 147
2939 542 3008 598 ad
3033 544 3344 614 pontiﬁcem
3371 547 3572 606 litteris
3601 565 3688 607 re-

404 643 782 713 ἠπρεσὸείαῆ
823 643 994 714 ἄμφω
1027 643 1058 714 ἢ
1101 646 1192 697 τὸν
1243 644 1343 696 ἕνα
1400 641 1584 695 αὐτῶν
1643 638 1738 692 ἐπὶ
1773 637 1993 708 Ῥώμην

407 735 606 799 ἐλθεῖν,
642 737 773 806 περὶ
816 737 1069 807 μεγάλων
1100 737 1179 806 τῷ
1202 737 1456 808 ἀρχιερεῖ
1491 731 1992 804 κοινωνησόμενον.

411 825 555 894 Ἤδη
607 825 721 898 γὰρ
775 825 1027 898 (ἔφασαν)
1083 826 1345 892 δυνάμεις
1393 825 1471 890 ὡς
1517 823 1779 884 πλείστας
1833 819 1997 884 αὐτὸς

407 918 684 990 ἡθροικὼς
740 917 1033 991 Ῥωμαίοις
1099 919 1487 991 συμμαχήσειν
1537 917 1595 970 ιν
1661 914 1993 985 παρασκευῇ

409 1010 660 1077 γέγονεν.
699 1005 764 1063 Οἱ
788 1010 845 1064 δὲ
890 1009 1180 1082 Ῥωμαίων
1213 1009 1514 1083 στρατηγοὶ
1548 1007 1686 1081 πρὸς
1723 1007 1820 1077 μὲν
1841 1002 1999 1057 τοῦτο

409 1099 740 1170 γράμμασιν
793 1100 1120 1169 ἀπείπαντο,
1154 1101 1484 1155 Βασιλὰκιον
1519 1098 1577 1153 δέ
1613 1114 1738 1152 τινα
1769 1098 1827 1160 ἐς
1867 1093 1998 1156 τοὺς

412 1189 681 1260 βασιλέως
713 1190 1008 1246 τελέσαντα
1043 1192 1528 1264 ὑπογραμματεῖς,
1553 1190 1677 1243 τότε
1710 1188 1769 1242 δὲ
1811 1186 1996 1256 σφίσιν

413 1281 682 1351 ἑπόμενον
702 1283 797 1338 καὶ
818 1284 1001 1349 αὑτὸν,
1026 1285 1122 1338 σὺν
1144 1283 1350 1355 χρυσίῳ
1374 1284 1460 1354 ἐφ’
1481 1277 1525 1351 ᾧ
1560 1280 1764 1343 ἱππέας
1786 1277 1997 1332 ἐκεῖθεν

415 1374 613 1444 μισθοῦ
644 1375 875 1444 ἀγαγεῖν
902 1376 1172 1434 ἔστελλον.
1201 1378 1265 1430 Ol
1287 1377 1344 1430 δὲ
1397 1376 1491 1430 ἐπὶ
1523 1374 1616 1427 τὸν
1638 1374 1778 1427 κατὰ
1821 1372 1998 1425 Μονο-

414 1465 624 1528 πόλεως
668 1467 1132 1532 συνεσκευάζοντο
1187 1467 1448 1536 πόλεμον.
1482 1463 1855 1519 Μονοπολίται
1885 1458 2000 1513 τοί-

2099 643 2361 691 cusarunt
2430 635 2595 692 duces
2647 653 2664 691 :
2713 636 3034 691 Basilaeium
3086 653 3214 694 vero
3272 641 3559 710 quemdam
3616 657 3687 699 ex

2101 723 2443 793 imperatoris
2484 725 2682 781 scribis
2734 725 2827 794 qui
2883 737 2993 780 tum
3046 726 3178 796 ipsis
3238 731 3447 796 aderat,
3473 746 3538 788 eo
3560 747 3683 788 cum

2103 815 2351 884 pecuniis
2405 814 2474 870 ad
2530 817 2912 872 conducendos
2940 819 3186 873 mercede
3233 821 3446 889 equites
3467 823 3686 879 misere.

2102 908 2206 979 Ipsi
2245 911 2459 965 interim
2492 926 2552 966 se
2573 911 2638 965 ad
2661 914 3076 983 oppugnandam
3099 913 3426 984 Monopolim
3467 933 3692 990 compa-

2113 1010 2257 1054 rant.
2312 999 2383 1055 At
2439 1003 2691 1072 oppidani
2755 1005 3071 1072 neutiquam
3131 1004 3392 1063 Romanis
3421 1010 3690 1067 obsistere

2105 1093 2248 1156 ausi,
2304 1093 2513 1164 aliquot
2578 1096 2786 1150 dierum
2843 1094 3089 1152 inducias
3146 1097 3248 1152 sibi
3302 1099 3418 1154 dari
3480 1110 3688 1171 petunt.

2104 1184 2306 1254 quibus
2354 1185 2553 1256 elapsis
2607 1186 2654 1242 si
2701 1187 2901 1242 nullum
2979 1189 3230 1245 alicunde
3284 1193 3691 1250 submitteretur

2106 1277 2394 1342 auxilium,
2443 1279 2630 1334 urbem
2683 1280 2816 1334 citra
2867 1289 3142 1335 certamen
3184 1281 3462 1340 dedituros
3487 1300 3546 1340 se
3573 1287 3694 1355 pol-

2103 1365 2360 1423 licemur.
2416 1367 2570 1435 Quod
2601 1378 2654 1424 et
2677 1369 2873 1426 factum
2896 1379 3002 1437 est,
3033 1371 3339 1444 mensisque
3368 1375 3527 1432 unius
3556 1391 3692 1432 con-

2107 1459 2377 1514 ceduntur
2411 1461 2664 1519 induciae.

413 1575 510 1611 νυν
547 1558 842 1628 Ῥωμαίοις
879 1561 1210 1625 ἀπεναντίας
1247 1562 1383 1615 ίέναι
1420 1560 1520 1614 οὐκ
1551 1555 1991 1628 ἀποθαρσοῦντες
2032 1554 2195 1625 ῥητόν
2225 1571 2344 1608 τινα
2379 1555 2569 1625 χρόνον
2598 1556 2878 1628 ἐνδοοῆναι
2903 1558 3090 1622 αὐτοῖς
3122 1557 3329 1628 ἠξίουν,
3361 1553 3422 1614 οὗ
3452 1561 3600 1618 ἔνδον
3642 1565 3694 1619 εί

417 1651 496 1722 μὴ
521 1649 816 1721 ἐπικουρία
859 1667 945 1714 τις
975 1651 1102 1706 ὅθεν
1139 1651 1340 1722 δήποτε
1372 1651 1558 1713 αὐτοῖς
1589 1648 1842 1718 γένηται,
1896 1645 1996 1714 τὴν
2051 1645 2208 1696 πόλιν
2261 1645 2508 1717 ἀμαχητὶ
2563 1647 2880 1719 ἐγχειριεῖν.

417 1743 650 1814 σελήνης
688 1743 894 1815 ἡμέραι
949 1744 1228 1816 ἐκεχειρία
1265 1742 1667 1806 Μονοπολίταις
1719 1739 1942 1794 ἐδίδοτο.

2973 1648 3214 1718 Ἐγίνετο
3264 1649 3330 1722 δή
3363 1651 3560 1720 ταῦτα,
3592 1640 3692 1709 καὶ

491 1834 568 1902 ς’.
600 1839 711 1891 Καὶ
739 1839 788 1891 oi
822 1838 922 1909 μὲν
953 1838 1092 1911 πρὸς
1122 1837 1334 1900 τούτοις
1372 1832 1536 1908 ἦσαν.
1571 1833 1881 1896 Βασαϐίλας
1913 1832 1995 1895 δὲ,

2171 1828 2224 1884 6.
2260 1830 2395 1885 Dum
2416 1832 2531 1886 haec
2557 1831 2629 1886 ibi
2662 1842 2942 1902 geruntur,
2967 1849 3089 1889 cum
3138 1835 3446 1892 Siculorum
3482 1838 3692 1897 instare

417 1930 847 2002 στρατευμάτων
904 1930 1006 2002 ήδη
1064 1929 1362 1984 Σικελικῶν
1423 1928 1764 1998 ἐπιθεμένων
1827 1925 1997 1996 αὐτῷ,

415 2023 712 2094 γράμμασι
760 2024 888 2086 τοὺς
943 2021 1236 2093 Ῥωμαίων
1285 2021 1611 2091 μετέπεμπε
1663 2019 2003 2089 στρατηγοὺς

419 2114 615 2169 θᾶττον
641 2115 1033 2185 ἐπικουρήσειν
1069 2112 1242 2184 αὐτῷ.
1274 2112 1395 2165 Τῶν
1419 2111 1476 2166 δὲ
1517 2112 1592 2183 μὴ
1652 2111 2004 2182 προσχόντων

417 2201 500 2268 οἷς
529 2205 733 2277 ᾐτεῖτο,
787 2202 944 2270 αὖθις
996 2205 1206 2268 ἐκεῖνος
1241 2204 1470 2274 πέμψας
1519 2203 1676 2275 ἠξίου
1718 2204 1850 2273 περὶ
1894 2202 2005 2256 τῶν

417 2299 623 2353 αὐτῶν.
669 2300 936 2369 Ῥωμαῖοι
973 2297 1155 2353 τοίνυν
1203 2298 1265 2351 τὸ
1318 2298 1418 2369 μὲν
1461 2297 1678 2368 πρῶτον
1712 2296 2003 2364 ἀπέλεγον,

419 2392 523 2444 οὐκ
547 2392 632 2460 ἐφ’
657 2389 703 2461 ᾦ
743 2391 1026 2463 Βασαϐίλᾳ
1076 2393 1462 2463 συμμαχήσειν
1511 2391 1578 2443 ὲκ
1624 2389 1888 2460 βασιλέως
1917 2390 2005 2441 ὲν-

420 2482 596 2535 milia
625 2483 784 2553 ἥκειν
811 2481 1057 2546 εἰπόντες
1100 2483 1244 2554 (οὐδὲ
1301 2481 1410 2554 μὴν
1450 2481 1627 2535 ταῦτα
1659 2481 1758 2544 τὰς
1799 2479 2006 2551 μεταξὺ

423 2575 708 2630 Βασασίλα
739 2577 835 2630 καὶ
864 2576 1046 2630 αὐτῶν
1071 2575 1364 2646 βούλεσθαι
1407 2574 1747 2646 ὁμολογίας),
1784 2572 1902 2627 ἀλλ’
1931 2573 2008 2637 ὠς

425 2671 493 2722 ἂν
520 2669 765 2741 δηλονότι
797 2669 1009 2740 βασιλεῖ
1033 2669 1266 2723 Ἰταλίαν
1286 2667 1492 2738 ταύτην
1514 2668 1650 2738 πρὸς
1674 2665 1840 2720 αὐτοῦ
1869 2683 2008 2736 συμ-

429 2763 762 2831 μαχούμενοι
795 2764 1254 2834 κατακτήσαιντο.
1279 2758 1365 2833 ῖΡ.
1385 2759 1476 2831 86]
1508 2760 1570 2814 Oi
1594 2759 1693 2830 μὲν
1729 2757 1873 2812 οὕτω
1905 2757 2011 2812 Βα-

428 2851 626 2922 σαϐίλᾳ
659 2851 987 2922 ἠμείψαντο.
1032 2851 1094 2905 '0
1134 2851 1193 2904 δὲ
1241 2851 1395 2904 οὐδὲν
1439 2843 1603 2921 ἦττον
1631 2849 1758 2912 τοὺς
1810 2847 2010 2919 ἄνδρας

429 2941 659 3012 ήπειγεν
683 2939 933 3009 ἐσχάτοις
967 2939 1141 3008 λέγων
1192 2936 1583 3009 περιειλῆφθαι
1627 2936 1841 2999 κακοῖς.
1873 2935 2010 2987 Σκε-

426 3028 662 3099 ψάμὲνοι
686 3029 868 3081 τοίνυν
898 3029 962 3081 ἐκ
994 3027 1219 3096 Βάρεως
1268 3028 1349 3089 είς
1393 3025 1550 3078 πόλιν
1581 3022 1872 3094 βουτούταν
1898 3022 2010 3094 (87)

426 3117 614 3192 ἦλθον,
644 3122 856 3192 ⁴ἡμέρας
905 3120 1024 3174 ὁδὸν
1055 3119 1214 3189 ἀνδρὶ
1263 3115 1659 3188 όπλοιροροῦντι
1702 3117 2009 3187 διέχουσαν.

2107 1925 2294 1990 copias
2335 1925 2645 1980 adverteret
2683 1924 3000 1993 Bassavilla,
3077 1928 3353 1985 Romanos
3404 1931 3570 1988 duces
3624 1934 3693 1987 ad

2107 2016 2386 2071 ferendam
2405 2015 2508 2071 sibi
2539 2018 2865 2086 quantocius
2886 2032 3042 2087 opem
3061 2032 3159 2088 per
3179 2020 3390 2078 litteras
3414 2023 3693 2080 sollicitat.

2109 2109 2356 2179 Cumque
2403 2117 2790 2164 cunctarentur
2853 2109 2888 2165 ii
2946 2126 3048 2167 nec
3090 2111 3360 2182 postulata
3415 2126 3695 2184 curarent,

2111 2202 2295 2256 missis
2349 2215 2564 2255 rursum
2615 2200 2810 2271 legatis
2860 2201 3048 2257 eadem
3102 2203 3168 2258 ab
3210 2205 3278 2260 iis
3327 2203 3696 2278 eﬁlagitat.At

2111 2293 2289 2362 primo
2346 2293 2565 2363 quidem
2609 2293 2663 2348 id
2698 2308 2921 2363 prorsus
2946 2295 3260 2351 abnuerunt
3315 2297 3568 2368 Romani,
3589 2316 3696 2358 non

2110 2398 2169 2439 se
2191 2383 2259 2438 ab
2293 2371 2619 2451 imperatore
2679 2385 2921 2440 dicentes
2948 2385 3052 2440 huc
3077 2385 3274 2442 missos
3301 2402 3421 2444 esse
3452 2399 3510 2444 ut
3559 2389 3694 2446 Bas-

2111 2475 2314 2530 savillre
2361 2475 2752 2530 auxiliarentur
2805 2476 3006 2546 (neque
3049 2477 3192 2532 enim
3235 2479 3384 2533 illum
3445 2481 3587 2535 inter
3642 2491 3699 2537 et

2111 2567 2394 2622 Romanos
2447 2579 2666 2638 pactum
2724 2567 2906 2623 foedus
2967 2568 3234 2639 ejusmodi
3278 2571 3534 2642 praeferre
3563 2589 3699 2628 con-

2111 2660 2390 2728 ditiones),
2441 2658 2535 2713 sed
2569 2658 2954 2729 utconjunctis
2979 2661 3192 2717 viribus
3229 2663 3441 2719 italiam
3469 2665 3697 2735 principi

2114 2764 2327 2804 rursum
2358 2764 2604 2805 asserere
2639 2752 3078 2807 conniterentur.
3155 2752 3278 2808 llaec
3317 2755 3416 2809 etsi
3451 2755 3518 2809 ad
3568 2755 3702 2810 Bas-

2113 2841 2358 2896 savillam
2407 2857 2668 2912 reSponsa
2715 2843 3012 2912 misissent,
3070 2846 3422 2902 nihilominus
3470 2847 3704 2903 instabat

2115 2934 2225 3000 ille,
2273 2949 2502 3004 seseque
2576 2935 2627 2989 in
2676 2945 2926 2990 extrema
2983 2937 3274 2993 adductum
3318 2937 3552 3008 pericula
3603 2940 3704 2993 du-

2114 3028 2269 3082 cibus
2319 3026 2682 3097 signiﬁcabat.
2726 3025 2920 3081 llabita
2947 3042 3078 3098 ergo
3133 3027 3541 3096 deliberatione,
3573 3027 3701 3083 Bari

2120 3117 2369 3172 Butntam
2428 3118 2638 3183 urbem,
2679 3129 2941 3188 quantum
2995 3123 3079 3174 vir
3141 3135 3385 3177 armatus
3452 3123 3538 3188 die
3597 3136 3705 3177 una

443 3186 867 3284 iliades-cpiqu
895 3229 981 3276 τις
1020 3186 1245 3283 ἐκράτει
1280 3186 1569 3283 πρότερον,
1603 3210 1677 3272 ῶς
1705 3186 2011 3270 Βασαὸίλας

2120 3211 2392 3265 coniicere
2447 3219 2627 3280 potest
2663 3211 2855 3267 itinere
2880 3211 3191 3280 distantem,
3224 3227 3442 3269 venere.
3477 3213 3548 3268 At
3579 3229 3702 3270 cum

443 3306 744 3377 Ῥιτζάρδῳ
789 3304 871 3359 ἔτι
912 3303 1159 3375 περιόντι
1205 3299 1498 3372 προδοῦναι
1553 3299 1860 3368 Ῥωμαίους
1892 3299 2018 3350 σκέ-

433 3412 648 3457 πτοιτο,
704 3394 820 3448 δεῖν
871 3391 1120 3462 ἔγνωσαν
1171 3391 1266 3444 καὶ
1305 3389 1584 3459 δευτέροις
1627 3388 1791 3442 αὑτὸν
1835 3392 2017 3460 ὅρκοις

443 3487 712 3558 Ῥωμαῖοι
739 3481 1094 3548 καταλαϐεῖν,
1140 3474 1204 3536 οὗ
1251 3481 1540 3551 γεγονότος
1585 3479 1772 3533 οὐκέτι
1827 3477 2017 3533 λοιπὸν

434 3577 642 3650 ὑποψίᾳ
677 3579 736 3640 ἐς
788 3575 952 3630 αὑτὸν
989 3572 1233 3645 ἐχρῶντο
1271 3571 1520 3642 οὐδεμιᾷ.
1570 3569 1660 3624 Ἐν
1684 3569 1861 3640 τούτῳ
1906 3569 1964 3623 δὲ
1989 3571 2019 3622 ό

436 3668 693 3739 βασιλεὺς
721 3664 930 3733 στόλον,
973 3664 1319 3732 Μασαγετῶν
1367 3679 1428 3716 τε
1475 3663 1570 3716 καὶ
1599 3661 1896 3732 Γερμανῶν
1933 3663 2022 3714 ίπο

435 3764 586 3814 πέων
629 3764 726 3813 καὶ
763 3760 828 3830 δὴ
869 3759 966 3812 καὶ
1010 3755 1300 3824 Ῥωμαίων
1346 3754 1512 3808 αὐτὸν
1569 3753 2017 3825 ἐμπλησάμενος,

435 3852 514 3912 εἰς
571 3847 803 3901 Ἰταλίαν
861 3845 1135 3917 επεμψεν.
1173 3841 1354 3917 Ἧρχε
1412 3843 1470 3898 δὲ
1525 3843 1868 3912 Μασαγετῶν
1921 3844 2020 3913 μὲν

447 3938 797 4002 ἰωαννὰκιος
825 3938 886 3992 ὃν
918 3937 1238 4010 Κριτόπλην
1267 3935 1593 4002 ἐπεκάλουν,
1628 3934 1930 4006 Γερμανῶν
1963 3935 2022 3988 δὲ

449 4031 823 4102 Ἀλέξανδρος,
849 4029 1224 4101 Λογγιϐἀρδος
1256 4029 1356 4100 μὲν
1386 4029 1446 4082 τὸ
1469 4031 1648 4097 γένος,
1695 4027 1814 4081 λίαν
1843 4025 1902 4080 δὲ
1933 4027 2024 4080 εὐ-

437 4125 638 4189 νοϊκῶς
659 4125 801 4195 ἔχων
828 4123 884 4189 ἔς
905 4141 966 4177 τε
1003 4123 1306 4194 Ῥωμαίους
1339 4122 1435 4174 καὶ
1459 4123 1525 4174 τὰ
1549 4120 1814 4192 βασιλέως
1877 4118 2022 4188 πρά-

437 4233 650 4290 γματα.
692 4218 833 4270 Πᾶσι
887 4215 1073 4286 μέντοι
1107 4213 1359 4285 Ἰωάννης
1395 4214 1689 4284 ἐφεστήκει
1735 4212 2024 4282 ἐπίκλησιν

441 4311 730 4377 Ἄγγελος.
787 4307 977 4361 Ταῦτα
1027 4305 1217 4376 μαθὼν
1271 4305 1300 4356 ὁ
1340 4303 1633 4374 Γιλιὲλμου
1683 4303 2024 4374 στράταρχος

439 4402 538 4453 καὶ
565 4401 639 4462 ὡς
669 4400 697 4450 ὁ
747 4397 1037 4467 Ῥωμαίων
1067 4394 1299 4467 στρατὸς
1330 4395 1510 4449 ἔπεισι
1541 4395 1662 4447 κατ’
1687 4392 1858 4447 αὐτοῦ
1897 4394 2026 4446 Ἀν-

2119 3298 2305 3354 nescio
2362 3300 2485 3370 quis
2536 3298 2647 3368 jam
2714 3300 3376 3372 percrebuissetnumor,
3428 3305 3704 3361 Richardo

2118 3389 2295 3444 adhuc
2330 3389 2622 3458 superstite
2645 3388 2698 3444 in
2729 3390 3000 3446 Romanos
3041 3392 3402 3460 proditionem
3455 3393 3702 3448 molitum

2118 3495 2243 3537 esse
2280 3480 2654 3546 Bassavillam,
2695 3483 3065 3538 necessarium
3099 3494 3359 3554 putarunt
3399 3484 3436 3539 ii
3467 3486 3707 3540 secundo

2121 3573 2392 3628 hominem
2407 3574 2760 3644 jurejurando
2777 3575 3116 3645 obstringere
3134 3575 3327 3647 158;
3349 3576 3491 3646 quod
3517 3575 3606 3633 ubi
3629 3575 3710 3630 l'a-

2121 3677 2266 3720 ctum
2301 3675 2405 3730 est,
2435 3652 2650 3721 omnem
2668 3667 2924 3738 deinceps
2945 3666 3014 3723 ab
3041 3668 3131 3724 illo
3163 3669 3526 3740 suspicionem
3553 3685 3708 3724 amo-

2123 3756 2423 3812 vere.lnter
2445 3757 2560 3812 bazc
2581 3756 2810 3813 classem
2830 3773 2896 3813 ex
2926 3756 3246 3830 Massagetis
3311 3758 3710 3831 Germanisque

2121 3849 2415 3918 equitibus,
2477 3863 2580 3905 nec
2629 3863 2735 3904 non
2787 3848 2952 3905 etiam
2985 3848 3248 3908 Romanis
3304 3850 3588 3907 conﬂatam
3650 3854 3707 3907 in

2123 3940 2334 3994 Italiam
2391 3941 2544 3998 misit
2590 3941 2908 4012 imperator.
2944 3941 3262 4014 Massagetis
3287 3955 3517 4013 praeerat
3541 3943 3709 4001 Joan-

2124 4032 2316 4088 nacius
2351 4041 2713 4104 cognomento
2745 4033 3038 4104 Critoples,
3061 4033 3350 4092 Germanis
3376 4034 3706 4103 Alexander,

2124 4140 2286 4199 gente
2313 4128 2529 4198 quidem
2594 4127 3011 4197 Longobardus,
3034 4127 3369 4197 ceteroquin
3402 4126 3706 4184 ﬁdissimus

2124 4219 2385 4274 Romanis
2424 4218 2789 4289 principisque
2846 4217 3009 4274 rebus
3053 4217 3481 4274 addictissimus.
3512 4217 3708 4274 Omni-

2126 4312 2228 4366 bus
2284 4319 2465 4366 autem
2526 4309 2827 4380 imperabat
2870 4306 3106 4364 Joannes
3141 4309 3402 4378 Angelus.
3453 4307 3579 4364 Haec
3617 4307 3708 4363 ubi

2127 4400 2345 4456 rescivit
2381 4400 2428 4455 is
2454 4399 2546 4469 qui
2581 4398 2832 4455 Gulielmi
2880 4399 3050 4467 copiis
3089 4397 3378 4468 prazl‘eetus
3408 4409 3547 4464 erat,
3573 4407 3629 4455 et
3652 4407 3713 4453 ut

438 4508 571 4562 τρον
604 4507 665 4544 τε
710 4487 1130 4560 πολιορκοῦντες
1184 4488 1280 4541 καὶ
1325 4487 1504 4557 χωρία
1554 4487 1622 4540 τὰ
1654 4485 1782 4557 τῇδε
1829 4501 2011 4554 προνο-

2129 4491 2351 4547 obsesso
2393 4492 2584 4554 Antro,
2618 4489 2952 4560 direptisque
3015 4491 3162 4559 agris
3224 4489 3615 4559 adjacentibus,
3657 4489 3711 4544 in

2056 4533 2102 4590 D

443 4587 673 4656 μεύοντε
711 4625 725 4650 ,
751 4583 960 4639 ἐκεῖθεν
977 4585 1070 4636 ἐπὶ
1089 4583 1244 4637 πόλιν
1264 4581 1556 4650 Μαλφέτον
1586 4579 1695 4651 (88)
1721 4579 2011 4648 ἀσφαλείας

2134 4601 2196 4641 se
2256 4585 2534 4640 Romanus
2593 4586 2944 4640 centenderet
2997 4586 3290 4652 exercitus,
3349 4585 3473 4641 inde
3526 4599 3716 4642 versus

445 4677 646 4739 ἱκανῶς
676 4677 906 4746 ἔχουσαν
940 4676 1107 4728 παντὶ
1153 4673 1232 4743 τῷ
1283 4669 1504 4744 στρατῷ
1551 4666 1705 4740 ἦλθε.
1763 4665 2025 4738 Ῥωμαῖοι

440 4772 501 4825 δε
526 4770 729 4823 Βόσκον
754 4768 1015 4840 φρούριον
1059 4765 1358 4837 Ῥιτζάρδῳ
1377 4765 1478 4833 μὲν
1502 4763 1699 4834 ἐκείνῳ
1729 4764 2025 4833 κατήκοον,

442 4864 645 4934 ὀχυρὸν
666 4863 724 4915 δὲ
751 4865 910 4932 εἴπερ
935 4877 988 4913 τι
1018 4859 1111 4913 καὶ
1149 4858 1327 4923 ἄλλως
1365 4855 1728 4926 δυσπρόσοδον
1761 4853 1827 4909 ὃν
1857 4871 2029 4909 κατα-

446 4957 678 5028 στρέψαι
705 4954 1080 5025 διενοήθησαν.
1105 4950 1274 5006 Ἔνθα
1295 4950 1502 5010 ἐκεῖνος
1527 4947 1632 5001 ὑπδ
1657 4948 1755 5018 τῆς
1777 4947 1918 5016 ἄγαν
1940 4965 2028 5016 φι-

445 5052 699 5120 ὶῗοτιμίας
747 5050 843 5102 καὶ
886 5046 1043 5112 ζώων
1082 5046 1218 5115 γένη
1255 5042 1579 5097 παντοδαπὰ
1625 5044 1851 5112 ἔτρεφεν
1895 5041 2027 5094 ἰδια-

447 5145 676 5210 ζούσαις
727 5146 785 5198 ὲν
836 5140 1162 5213 διατριϐαῖς,
1217 5137 1420 5192 ἄπονόν
1474 5152 1598 5188 τινα
1645 5135 1822 5204 Θήραν
1862 5133 2031 5188 ὁπότε

450 5239 698 5311 βούλοιτο
748 5239 901 5310 αὐτῷ
955 5234 1326 5306 παρεχόμενα.
1395 5229 1638 5300 Ὀλίγους
1685 5229 1864 5280 τοίνυν
1919 5227 2031 5280 τῶν

453 5335 584 5402 περὶ
604 5334 765 5388 αὑτὸν
794 5333 1135 5400 ἐπαγόμενος
1158 5331 1187 5381 ὁ
1216 5324 1424 5388 Δούκας
1444 5318 1576 5394 ἦλθε
1604 5319 2031 5391 περισκοπήσων

453 5422 609 5476 αὑτό.
671 5419 893 5486 Ἐπειδὴ
923 5418 980 5470 δὲ
1031 5417 1198 5485 ἐγγὺς
1248 5415 1494 5482 ἐγένετο,
1556 5409 1934 5479 θαρσήσαντες
1981 5409 2033 5461 oi

2135 4672 2488 4744 Malphetum,
2533 4674 2791 4743 oppidum
2839 4674 2977 4729 satis
3031 4674 3288 4740 validum,
3311 4689 3432 4730 cum
3462 4677 3716 4730 universa

2136 4767 2254 4822 acie
2309 4765 2714 4835 proﬁciscitur.
2748 4763 2981 4820 Romani
3030 4775 3208 4820 autem
3269 4766 3521 4830 Boscuru,
3569 4766 3714 4836 quod

2140 4859 2411 4915 Rieha-rdo
2441 4858 2515 4913 illi
2551 4867 2830 4928 paruerat,
2850 4857 3131 4913 castellum
3165 4857 3380 4912 ﬁrmum
3421 4873 3484 4912 ac
3504 4867 3716 4913 summe

2139 4951 2410 5007 munitum
2435 4959 2490 5005 et
2516 4964 2738 5006 accessu
2761 4948 2997 5014 difﬁcile,
3020 4964 3333 5020 expugnare
3355 4948 3714 5004 consﬁtuunt.

2137 5044 2235 5100 llic
2261 5044 2351 5099 ille
2371 5044 2706 5098 ostentandae
2730 5040 3146 5112 magniﬁcentiae
3167 5054 3330 5096 causa
3360 5051 3521 5096 omne
3549 5051 3720 5109 genus

2139 5137 2454 5192 animalium
2511 5134 2694 5190 alebat
2728 5133 2784 5189 in
2811 5133 3083 5188 distinctis
3111 5131 3353 5197 vivariis,
3393 5130 3591 5200 quibus
3615 5127 3714 5195 illi,

2134 5247 2258 5287 cum
2298 5229 2522 5294 libebat,
2543 5235 2733 5298 parata
2761 5235 2883 5282 erat
2914 5228 3032 5282 sine
3048 5225 3236 5282 labore
3261 5224 3501 5280 venatio.
3538 5221 3718 5275 Ducas

2139 5328 2323 5398 igitur,
2353 5339 2574 5380 suorum
2605 5321 2812 5392 aliquot
2843 5320 3160 5393 assumptis,
3178 5320 3247 5374 ad
3265 5315 3718 5388 contenplandum

2136 5426 2377 5472 castrum
2406 5412 2616 5470 accedit
2646 5429 2660 5466 :
2696 5425 3085 5484 cumqueeose
3106 5406 3436 5465 admovisset
3472 5404 3719 5477 propius,

1796 5577 1898 5636 Du
1927 5575 2156 5655 Cangii
2187 5583 2379 5636 notae.

532 5729 642 5798 (87)
678 5725 1042 5798 Βουτούταν.
1096 5721 1333 5798 Βὶιμοηιο-ζ
1362 5720 1494 5798 u_rbs
1537 5719 1859 5798 episcopalis
1891 5719 2034 5773 inter

463 5789 645 5854 Rubos
661 5813 708 5853 et
733 5798 976 5861 Barium,
992 5793 1267 5848 Antonino
1291 5790 1602 5845 Budruntus
1623 5791 1706 5844 vel
1737 5789 2021 5843 Butuntus.

2213 5717 2326 5788 (88)
2357 5713 2701 5788 Μαλφέτοτ.
2727 5711 2762 5766 5
2787 5727 2859 5766 m.
2887 5709 2956 5788 ab
2980 5706 3294 5788 luvenatio,
3330 5709 3383 5763 in
3429 5721 3526 5765 ora
3553 5705 3722 5763 mari-

2139 5779 2289 5852 tinia,
2308 5779 2772 5855 'vulgo'Malfetta
2807 5789 2864 5837 et
2888 5779 3147 5848 Mrlfatla.
