4058 6454
393 325 497 389 487

1710 312 2034 378 JOANNIS
2072 310 2403 372 ClNNAMI

3586 312 3694 374 4'43

405 431 694 489 confestim
755 427 1056 499 irruptione
1109 427 1274 489 facta,
1319 423 1409 494 qui
1445 423 1592 478 intus
1628 435 1787 478 erant
1814 427 1985 476 hostes

2096 418 2246 472 ἔνδον
2282 418 2616 490 ἐπεξῄεσαν.
2651 420 2733 482 είς
2769 416 3078 491 μέσους“τε
3109 421 3537 494 ἐμπεπωκότες
3571 429 3698 482 τέτ-

397 540 612 579 summo
641 522 806 577 animi
833 523 1030 577 ardore
1061 522 1113 576 in
1163 517 1370 574 medios
1409 517 1628 572 irruunt
1674 515 1981 581 Romanos;

397 628 464 668 ex
517 614 584 668 iis
616 613 831 668 caadunt
872 622 1126 682 quatuor,
1188 624 1310 665 cum
1351 608 1587 664 vicissim
1617 623 1682 663 ex
1722 607 1834 660 suis
1851 606 1984 660 duos

399 705 729 760 amisissent.
785 705 976 760 Przelio
1030 705 1212 772 itaque
1254 703 1694 765 reCandesceute,
1756 697 1980 766 jamjam

399 799 646 853 cominus
712 799 1090 868 pugnabatur:
1121 796 1214 850 sed
1239 793 1468 849 Romani
1517 794 1731 846 tandem
1767 789 1986 861 propria

399 888 522 946 freti
559 891 756 946 virtute
785 899 1063 945 verterunt
1087 888 1347 942 hostesin
1383 884 1684 956 l'ugam.F.o
1723 884 1776 938 in
1792 883 1987 938 discri-

403 985 544 1038 mine
565 999 782 1054 operam
815 983 1073 1052 praeclare
1096 989 1361 1035 navarunt
1387 988 1497 1033 tum
1529 977 1710 1046 plures
1733 975 1846 1039 alii,
1874 983 1985 1028 tum

400 1079 508 1130 dio
551 1077 602 1129 in
637 1075 827 1143 primis
847 1089 913 1128 ex
961 1072 1300 1141 Massagetis.
1351 1069 1426 1124 Ita
1453 1069 1686 1124 solutum
1737 1076 1819 1121 est
1845 1079 1988 1135 prte-

398 1169 554 1225 lium.
619 1165 795 1220 Ducas
842 1177 1046 1230 autem,
1074 1173 1362 1233 postquam
1405 1164 1546 1217 alter
1575 1163 1806 1214 accessit
1827 1171 1984 1212 exer-

394 1262 559 1326 citus,
593 1257 756 1330 ιω
778 1260 966 1328 positis
990 1258 1187 1314 castris
1211 1257 1444 1327 primum
1470 1254 1736 1318 consedit,
1763 1261 1985 1322 postero

399 1365 580 1408 autem
603 1367 758 1406 mane
775 1350 1041 1420 processit
1065 1349 1314 1403 ordinata
1340 1362 1436 1417 per
1458 1355 1634 1400 tumas
1651 1345 1787 1398 acie.
1823 1343 1989 1398 Facta

401 1444 569 1513 igitur
616 1443 1046 1512 oppugnatione,
1101 1440 1328 1494 Romani
1357 1438 1476 1493 telis
1505 1447 1559 1492 et
1581 1436 1823 1506 jactihus
1875 1449 1992 1488 ma—

396 1535 688 1588 chinarum
707 1530 968 1587 infestant
985 1531 1240 1585 obsessos
1262 1545 1279 1583 :
1303 1535 1465 1596 atque
1492 1524 1810 1596 hhvicissim
1839 1521 1992 1577 forti-

401 1631 484 1677 ter
509 1637 568 1677 se
597 1638 662 1677 ex
708 1621 1128 1692 propugnaculis
1161 1631 1402 1675 tuentur.
1438 1619 1556 1685 Quo
1582 1627 1694 1671 tum
1744 1627 1990 1685 tempore

399 1729 488 1769 res
515 1714 756 1768 miranda
781 1714 1001 1768 accidit.
1032 1712 1166 1767 Cum
1193 1713 1339 1767 enim
1373 1711 1480 1766 duo
1514 1710 1669 1764 Dura!
1706 1707 1986 1769 satellites,

2094 530 2265 582 ταρσι
2318 511 2419 582 μὲν
2460 511 2645 566 αὐτῶν
2675 511 3012 581 ἐζημίωσαν,
3049 512 3247 568 ἔπεσον
3275 514 3331 568 δὲ
3365 516 3459 568 καὶ
3505 517 3692 572 αὐτῶν

2092 606 2206 659 δύο.
2242 605 2352 657 Καὶ
2383 605 2417 672 ἡ
2449 603 2696 673 συμϐολὴ
2724 603 2833 656 ἀπο
2864 604 3044 674 χειρὸς
3078 604 3182 675 ἤδη
3221 606 3428 674 μᾶλλον
3451 609 3690 675 ἐγίνετο.

2107 692 2246 747 Ἀλλ’
2272 693 2661 752 ἐπισυστάντες
2704 689 2964 760 Ῥωμαῖοι
2988 694 3054 761 τῇ
3090 696 3332 764 σφετέρᾳ.
3369 696 3541 767 ἀρετῇ
3563 697 3692 762 τοὺς

2096 784 2392 853 πολεμίους
2429 782 2770 836 ἀπεώσαντο.
2830 783 2916 836 Ἐν
2941 783 3118 853 τούτῳ
3149 784 3226 853 τῷ
3272 787 3422 856 πόνῳ
3449 787 3601 840 ἄλλοι
3626 806 3688 840 τε

2096 876 2342 928 πλεῖστοι
2383 874 2669 944 Ῥωμαίων
2702 875 2895 945 ἄνδρες
2929 877 3222 943 γεγόνασιν
3246 879 3444 944 ἀγαθοὶ
3471 882 3564 932 καὶ
3593 881 3691 934 δύο

2095 968 2460 1033 Μασαγετὼν.
2507 965 2570 1020 'Il
2620 965 2719 1034 μὲν
2781 965 2844 1037 δὴ
2899 967 3142 1037 ξυμϐολὴ
3191 968 3425 1021 ἐνταῦθα
3475 969 3687 1026 ἐλίειο.

2111 1060 2171 1112 Ὀ
2203 1060 2260 1112 δὲ
2288 1059 2522 1124 Δούκας,
2565 1057 2756 1129 ἐπειδὴ
2791 1060 2888 1111 καὶ¹
2922 1059 2982 1111 τό
3010 1059 3140 1112 ἄλλο
3175 1061 3491 1130 στράτευμα
3529 1058 3688 1132 ἦλθε,

2095 1153 2218 1206 τότε
2251 1153 2351 1222 μὲν
2398 1151 2620 1222 χάρακα
2681 1151 3000 1221 πηξάμενος
3053 1151 3326 1220 ηὐλίζετο.
3377 1153 3578 1223 δρθρου
3629 1156 3690 1209 δὲ

2095 1244 2401 1314 ταξάμενος
2426 1244 2624 1314 ἐχώρει
2648 1244 2788 1296 κατὰ
2819 1243 3130 1312 φάλαγγας.
3165 1244 3480 1314 Ιιροσϐολῆς
3505 1247 3692 1299 τοίνυν

2097 1336 2398 1406 γενομένης
2451 1335 2712 1404 Ῥωμαῖοι
2742 1335 2844 1406 μὲν
2893 1335 3076 1403 βέλεσι
3115 1338 3210 1390 καὶ
3239 1336 3425 1407 βολαῖς
3466 1341 3588 1401 ταῖς
3623 1342 3692 1392 ἐκ

2097 1429 2207 1484 τῶν
2242 1429 2587 1500 πετροϐόλων
2617 1433 2744 1493 τοὺς
2778 1429 2928 1482 ἔνδον
2962 1429 3246 1493 ἐϐιάζοντο
3270 1448 3283 1460 ·
3313 1433 3365 1484 oi
3393 1432 3451 1485 δέ
3482 1435 3545 1485 ἐκ
3577 1434 3692 1486 τῶν

2097 1519 2378 1585 ἐπάλξεων
2424 1521 2699 1590 ἠμύνοντο
2739 1520 3161 1592 καρτερώτατα.
3225 1523 3497 1578 Ἐνταῦθα
3532 1527 3687 1594 γίνε-

2097 1611 2187 1664 ταί
2220 1631 2272 1664 τι
2305 1611 2608 1682 θαυμάσιον
2634 1607 2765 1668 οἷον.
2803 1613 2910 1666 Δύο
2945 1615 3056 1686 γάρ
3078 1632 3222 1678 τινες
3253 1616 3360 1668 τών
3384 1616 3481 1669 τοῦ
3508 1617 3692 1671 Δούκκ

2097 1705 2433 1776 δορυφόρων,
2470 1704 2592 1758 ἐπεὶ
2633 1705 2804 1768 λίθοις
2837 1707 3190 1776 αἰκιζόμενον
3217 1707 3502 1760 ἀνένδοτον
3543 1705 3689 1762 εἶναι

395 1806 670 1875 quassatis
729 1804 965 1876 lapidum
1019 1805 1313 1859 emissione
1351 1803 1518 1857 muris
1551 1814 1891 1868 nequaquam
1921 1797 1985 1852 ad

2091 1799 2151 1850 τὸ
2176 1797 2437 1869 φρούριον
2484 1800 2802 1864 κατενόουν,
2847 1800 3043 1854 ἀσπίσι
3090 1798 3189 1862 τὰς
3226 1799 3470 1867 κεφαλὰς
3517 1802 3690 1854 καλυ-

399 1898 736 1952 deditionem
798 1897 1060 1952 inclinare
1111 1905 1401 1952 cernerent
1474 1902 1739 1957 castrum,
1796 1890 1987 1960 clypeo

393 1990 705 2058 operientcs
765 1996 946 2058 caput,
1005 1988 1177 2042 altera
1225 1999 1387 2040 manu
1411 1984 1560 2040 faces
1601 1982 1858 2046 ferentes,
1921 1981 1985 2034 ad

395 2088 608 2149 portas,
676 2087 736 2132 ut
765 2079 830 2133 iis
855 2079 1030 2148 ignem
1076 2077 1450 2142 admoverent,
1479 2074 1838 2130 contendunt.
1877 2071 1984 2128 Sed

399 2169 673 2227 ﬂammam
710 2188 815 2226 non
845 2170 1190 2241 concipiente
1235 2170 1399 2240 ligno,
1434 2184 1494 2224 re
1521 2168 1718 2224 infecta
1756 2167 1986 2230 rediere,

397 2263 584 2316 vitatis
646 2273 841 2329 praeter
878 2261 1213 2330 opinionem,
1267 2276 1389 2330 qua:
1423 2259 1700 2330 grandinis
1725 2259 1894 2314 instar
1923 2260 1989 2312 de

398 2353 666 2408 mmnibus
721 2353 1133 2418 emittebantur,
1189 2352 1326 2407 telis.
1382 2352 1519 2405 Tum
1568 2365 1698 2406 vero
1731 2348 1986 2413 Romani,

394 2453 677 2513 postquam
738 2452 1012 2510 protracto
1045 2442 1112 2497 ad
1165 2442 1296 2497 solis
1327 2455 1497 2509 usque
1519 2455 1774 2496 occasum
1813 2447 1989 2494 certa-

399 2533 549 2589 mine
597 2533 730 2587 nihil
784 2531 1084 2601 profecere,
1120 2533 1172 2586 in
1220 2542 1398 2586 castra
1445 2534 1646 2587 reversi
1671 2539 1825 2588 sunt.
1855 2529 1990 2596 Quae

396 2639 520 2680 cum
565 2623 819 2679 Gulielmi
868 2625 1096 2678 ducibus
1122 2634 1398 2693 camperta
1420 2632 1622 2689 essent,
1647 2632 1834 2679 coacto
1861 2614 1990 2678 con-

397 2715 542 2784 cillo,
573 2732 642 2770 an
703 2731 825 2770 cum
848 2716 1108 2770 Romanis
1134 2731 1328 2771 manus
1358 2724 1732 2780 consererent,
1783 2715 1989 2770 delibe-

399 2815 544 2860 rant.
585 2804 720 2860 Cum
774 2806 1016 2860 omnium
1070 2804 1124 2860 in
1173 2806 1223 2860 id
1273 2804 1632 2861 convenirent
1677 2805 1984 2870 sententiae,

396 2899 691 2966 assumptis
737 2898 928 2968 copiis,
981 2913 1170 2954 versus
1223 2898 1597 2953 Romanorum
1665 2908 1844 2954 castra
1885 2899 1989 2954 iter

397 2990 704 3045 intendunt.
759 2989 991 3044 Romani
1025 3001 1214 3044 contra
1268 2989 1353 3045 his
1386 2989 1588 3045 auditis
1621 2991 1688 3045 ad
1718 2989 1980 3046 resisten-

398 3083 524 3138 dum
549 3097 670 3138 sese.
698 3090 1035 3152 comparant.
1066 3083 1213 3138 Italis
1237 3084 1452 3151 quidem
1488 3098 1684 3139 novem
1723 3083 1987 3154 praefuere

398 3175 590 3239 duces,
626 3175 826 3246 quibus
847 3175 1098 3230 omnibus
1133 3175 1454 3245 praepositus
1491 3183 1578 3232 est
1603 3174 1982 3232 cancellarius.

394 3264 588 3321 Omnis
632 3276 814 3321 autem
853 3267 1125 3321 exercitus
1175 3267 1364 3332 armis,
1395 3268 1678 3337 generosis
1723 3278 1982 3338 praeterea

397 3359 574 3428 equis,-
606 3357 886 3428 longisque
912 3358 1079 3414 hastis
1105 3374 1267 3428 quam
1305 3361 1507 3428 optime
1531 3359 1828 3414 instructus
1845 3369 1982 3415 erat.

397 3448 477 3505 Ex
537 3450 734 3519 quibus
779 3465 884 3504 non
947 3450 1193 3505 modicus
1221 3450 1496 3504 Romanos
1540 3451 1764 3507 incessit
1793 3466 1981 3521 pavor,

401 3541 568 3593 animi
617 3541 808 3595 dubios
869 3555 935 3594 an
976 3557 1099 3596 cum
1159 3551 1310 3595 tanto
1339 3549 1396 3596 et
1428 3551 1536 3595 tant
1593 3541 1730 3597 bene
1772 3550 1985 3596 armato

397 3631 640 3686 exercitu
701 3632 912 3700 exiguis
960 3631 1256 3687 admodum
1280 3631 1453 3701 copiis
1481 3631 1848 3686 decertarent.
1879 3630 1986 3687 Or-

400 3727 586 3778 dinata
638 3724 999 3778 nihilominus
1049 3723 1169 3779 acie
1215 3733 1271 3779 et
1301 3738 1398 3794 per
1437 3733 1646 3778 turmas
1675 3723 1982 3788 distributa,

403 3814 511 3867 dux
545 3813 710 3867 multa
735 3813 979 3868 oratione
1027 3814 1094 3867 ad
1122 3814 1629 3885 magnanimitatem
1661 3814 1860 3870 milites
1889 3830 1985 3870 co-

401 3907 668 3960 hortatur.
699 3905 946 3961 Manibus
977 3906 1287 3976 aliquandiu
1307 3908 1373 3962 ab
1399 3905 1560 3977 150
1581 3916 1810 3977 utraque
1837 3917 1988 3976 parte

400 4007 777 4070 temperatum.
830 4000 900 4055 At
942 4009 1227 4069 postquam
1270 3999 1553 4056 classicum
1587 4001 1862 4067 utrimque
1897 4001 1982 4055 in—

399 4095 607 4162 sonuit,
640 4105 696 4152 et
716 4096 931 4168 signum
959 4111 1157 4166 pugnae
1215 4096 1402 4151 datum
1438 4105 1542 4162 est,
1568 4096 1822 4152 omnibus
1843 4112 1984 4165 pra}-

398 4187 531 4242 liutn
583 4188 770 4244 ineunt
801 4190 1060 4245 universi.
1108 4190 1221 4245 Nec
1247 4189 1414 4246 solem
1455 4191 1692 4245 dixisses
1715 4204 1814 4246 nec
1841 4193 1983 4247 diem

399 4280 664 4349 conspici,
723 4282 856 4338 adeo
906 4299 1097 4340 omnes
1140 4283 1314 4354 caligo
1366 4283 1645 4338 invaserat
1707 4285 1987 4354 pulvisque

399 4373 597 4429 creber
649 4372 702 4426 in
767 4374 965 4429 malum
1017 4375 1312 4430 ferebatur.
1364 4371 1635 4444 Strepitus
1668 4385 1722 4428 et
1778 4374 1986 4428 clamor

2087 1889 2326 1960 φάμενοι
2353 1891 2514 1962 δᾷδάς
2545 1909 2604 1946 τε
2638 1893 2796 1963 χερσὶ
2821 1894 2942 1955 ταῖς
2975 1891 3194 1964 ἑτέραις
3225 1891 3440 1962 ἔχοντες
3471 1895 3563 1948 ἐπὶ
3586 1895 3690 1960 τὰς

2091 1983 2268 2048 πύλας
2337 1984 2584 2056 ἐχώρουν
2642 1986 2718 2049 ὡς
2771 1985 2988 2058 [P.87]
3043 1987 3425 2058 ἐμπρήσοντες
3487 1989 3684 2047 αὑτάς.

2104 2077 2269 2131 Ἀλλὰ
2299 2077 2403 2147 τῆς
2441 2077 2576 2149 ὕλης
2603 2079 2706 2133 οὐκ
2735 2080 3050 2149 εὐπρήστου
3091 2079 3376 2151 παρούσης
3405 2079 3687 2151 ἄπρακτοι

2091 2167 2306 2222 ἐκεῖθεν
2333 2169 2714 2242 ἀνεχώρησαν,
2739 2171 3065 2243 παραδόξως
3089 2172 3189 2235 τὰς
3237 2173 3303 2225 ἐκ
3341 2171 3436 2226 τοῦ
3465 2173 3687 2243 τείχους

2090 2259 2403 2330 χαλαζηδὸν
2458 2262 2546 2314 ἐπ’
2602 2263 2803 2326 αὐτοὺς
2859 2265 3223 2334 πεμπομένας
3276 2265 3686 2334 ἐκπεφευγότες

2092 2348 2276 2419 βολάς.
2309 2353 2444 2407 Τότε
2492 2351 2594 2424 μὲν
2638 2349 2734 2407 οὖν
2772 2351 3037 2422 Ῥωμαῖοι
3066 2355 3167 2423 τῆς
3207 2355 3388 2424 μάχης
3430 2356 3557 2425 ἄχρι
3587 2355 3686 2409 καὶ

2091 2442 2149 2505 ἐς
2178 2441 2375 2498 δύοντα
2411 2445 2814 2514 κατατεινάσης
2841 2444 3016 2516 ἥλιον,
3055 2443 3244 2515 ἐπειδὴ
3281 2443 3454 2515 μηδὲν
3488 2445 3679 2517 ἡνυον,

2091 2533 2187 2586 ἐπὶ
2223 2532 2286 2587 τὸ
2333 2534 2700 2604 στρατόπεδον
2747 2531 2934 2605 ἦλθον.
2981 2533 3046 2588 Ol
3083 2533 3140 2588 δὲ
3189 2534 3477 2604 Γιλιέὶμου
3515 2553 3684 2607 στρα-

2090 2628 2316 2699 τάρχαι,
2345 2629 2556 2682 τούτων
2586 2626 2944 2691 ἀκούσαντες,
2983 2629 3062 2690 είς
3091 2627 3289 2696 βουλὴν
3328 2628 3681 2696 συλλεγέντες

2091 2721 2140 2773 εί
2179 2719 2286 2789 χρὴ
2328 2717 2619 2788 Ῥωμαίοις
2672 2719 2936 2789 πολεμεῖν
2987 2719 3339 2773 ἐσκέπτοντο.
3389 2716 3558 2783 Δίξαν
3583 2718 3682 2773 οὖν

2090 2807 2253 2874 οὕτω,
2298 2808 2397 2871 τὰς
2445 2808 2706 2878 δυνάμεις
2745 2808 3113 2872 ἀναλαϐόντες
3161 2809 3235 2872 ὡς
3283 2808 3378 2862 ἐπὶ
3431 2809 3490 2862 τὺ
3543 2809 3680 2862 Ῥω-

2093 2901 2268 2971 μαίων
2305 2900 2551 2972 ἐχώρουν
2593 2901 2960 2973 στρατόπεδον
2980 2917 2995 2932 ’
3027 2900 3056 2954 δ
3088 2900 3383 2970 πυθόμενοι
3405 2905 3495 2955 καὶ
3544 2901 3679 2955 Ῥω-

2093 2997 2244 3063 μαῖοι
2273 2993 2348 3058 ὡς
2395 2996 2533 3064 πρὸς
2575 2994 2856 3060 ἀντίταξιν
2907 2994 3292 3065 ἡτοιμάζοντο.
3355 2996 3540 3049 Ἐννέα
3576 2997 3679 3066 μὲν

2089 3082 2181 3138 οὖν
2239 3084 2468 3149 Ἰταλοῖς
2515 3087 2940 3159 ἐφειστήκεισαν
2973 3087 3241 3157 ἡγεμόνες
3273 3101 3292 3120 ο
3325 3087 3420 3141 ἐπί
3467 3104 3532 3156 γε
3568 3089 3680 3158 μὴν

2089 3177 2295 3233 ἅπασιν
2341 3179 2371 3232 6
2417 3177 2796 3250 καντζιλέριος
2847 3180 3223 3250 ἐστρατήγειο
3256 3177 3319 3232 τδ
3358 3180 3680 3251 στράτευμα

2086 3271 2144 3326 δέ
2169 3272 2358 3338 αὐτοῖς
2389 3274 2449 3336 ἐς
2487 3273 2549 3326 τδ
2590 3271 2818 3342 ἀκριϐὲς
2859 3271 3176 3338 ἐξόπλιστον
3210 3273 3343 3338 πᾶν,
3387 3273 3591 3336 ἵππους
3617 3291 3676 3327 τε

2085 3363 2328 3436 γαύρους
2383 3365 2734 3436 άναϐεϐηκδς
2767 3366 2862 3418 καὶ
2895 3364 3098 3435 δόρατα
3125 3365 3420 3434 κραδαίνον
3459 3366 3670 3436 μακρά.

2100 3457 2216 3526 Ἐφ’
2245 3451 2326 3520 οἷς
2355 3457 2619 3528 ἔκπληξις
2664 3458 2756 3510 τὸν
2817 3455 3107 3526 Ῥωμαίων
3144 3453 3259 3528 εἷχε
3310 3457 3542 3526 στρατὸν
3584 3458 3680 3511 καὶ

2087 3547 2318 3616 θάμϐος,
2348 3549 2398 3601 εἰ
2427 3551 2563 3616 πρὸς
2592 3547 2764 3611 οὖέως
2791 3547 3020 3601 εὖοπλον
3049 3547 3149 3600 καὶ
3177 3547 3354 3611 οὕτως
3371 3548 3678 3619 ἀνάριθμον

2086 3639 2247 3712 ὀλίγῃ
2272 3637 2574 3709 μαχοῦνται
2594 3640 2846 3710 στρατιᾷ.
2872 3638 3181 3710 Ταξάμενοι
3209 3639 3253 3693 δ’
3276 3641 3428 3710 ὅμως
3459 3641 3680 3694 ἵσταντο

2087 3733 2230 3786 κατὰ
2260 3733 2452 3802 λόχους
2483 3733 2580 3787 καὶ
2619 3731 2802 3796 αὐτοὶ,
2844 3731 3020 3785 πολλὰ
3054 3731 3147 3785 τοῦ
3185 3732 3500 3803 στρατηγοῦ
3536 3733 3678 3802 πρὸς

2085 3821 2354 3893 εὐψυχίαν
2391 3823 2652 3896 ὁρμῶντα
2684 3824 2872 3894 σφίσιν
2898 3822 3342 3892 ὕποτεινομένου.
3367 3823 3547 3894 Μέχρι
3573 3823 3677 3892 μὲν

2085 3912 2180 3966 οὖν
2205 3931 2352 3977 τινος
2389 3914 2666 3986 οὐδέτεροι
2709 3914 2914 3986 χειρῶν
2963 3910 3161 3986 ἦρχον.
3229 3914 3382 3966 Ἐπεὶ
3429 3913 3486 3967 δέ
3524 3915 3679 3968 αἵτε

2089 4005 2390 4074 σάλπιγγες
2431 4006 2532 4077 ἤδη
2570 4007 2912 4078 ἑκατέρωθεν
2961 4009 3130 4077 ἡχουν
3182 4009 3276 4060 καὶ
3313 4005 3380 4059 ,τὸ
3418 4006 3678 4076 σύνθημα

2084 4092 2306 4159 ἐδίδοτο,
2341 4095 2611 4165 ἐμάχοντο
2641 4097 3020 4166 συμπεσόντες
3058 4097 3167 4150 ἀπὸ
3197 4096 3384 4167 χειρὸς
3416 4097 3674 4160 ἕκαστος.

2085 4185 2201 4238 Οὐκ
2222 4183 2288 4238 ἂν
2318 4182 2472 4249 εἶπες
2498 4187 2650 4257 ἥλιον
2679 4187 2789 4242 οὐδ’
2819 4187 2887 4242 ἂν
2921 4188 3136 4258 ἡμέραν
3165 4188 3301 4259 όρᾷν
3321 4205 3333 4218 ·
3363 4188 3531 4260 ἀχλὺς
3565 4190 3678 4258 γὰρ

2085 4277 2297 4342 πάντας
2319 4279 2508 4350 ἐπεῖχε
2538 4280 2636 4335 καὶ
2668 4281 2820 4344 κόνις
2855 4283 2936 4344 εἰς
2987 4281 3221 4352 οὐρανὸν
3258 4282 3466 4349 ἵστατο,
3501 4283 3678 4337 πάτα-

2085 4369 2182 4433 γός
2227 4384 2287 4420 τε
2340 4369 2572 4437 ¹ἡκούετο
2623 4370 2718 4423 καὶ
2751 4369 2944 4441 ἄγριος
2979 4369 3234 4440 ἠγείρετο
3279 4369 3464 4439 θροῦς.
3491 4371 3676 4440 Μέχρι

403 4463 682 4519 horribilis
735 4468 1151 4523 exaudiebatur.
1181 4466 1364 4534 Usque
1389 4466 1457 4521 ad
1537 4467 1770 4521 medium
1837 4466 1981 4520 diem

2094 4461 2192 4530 μὲν
2221 4457 2316 4514 οὖν
2346 4479 2408 4529 γε
2441 4463 2585 4532 ἀμφὶ
2623 4463 2800 4533 μέσην
2849 4462 3063 4533 ἡμέραν
3125 4462 3390 4533 ἰσοπαλὴς
3444 4465 3475 4531 ἡ
3520 4468 3673 4533 μάχη

401 4572 556 4626 ωειυο
601 4568 892 4627 pugnatum
955 4555 1146 4610 Marte.
1202 4555 1306 4610 Sed
1354 4555 1657 4610 numerosis
1709 4571 1770 4609 se
1813 4557 1984 4626 c0piis

406 4649 697 4702 inferentes
758 4649 893 4713 ltali,
945 4647 1100 4700 Ducae
1139 4647 1309 4701 aciem
1359 4649 1574 4702 tandem
1633 4647 1980 4701 inclinarunt.

404 4737 560 4803 Quod
586 4739 676 4792 ubi
711 4739 755 4792 is
784 4738 1187 4801 animadvertit,
1245 4736 1568 4807 phalangem
1594 4753 1750 4792 suam
1784 4738 1835 4791 in
1869 4751 1983 4791 tne-

404 4821 522 4884 dids
551 4829 794 4882 immittit
817 4830 1020 4893 hostes,
1052 4828 1318 4897 casiasque
1360 4842 1422 4882 ac
1447 4829 1735 4897 prostratis
1756 4827 1985 4882 subinde

405 4921 548 4988 aliis,
580 4930 638 4974 ut
670 4935 731 4974 se
762 4930 1081 4988 sequeretur
1109 4920 1323 4974 invitat.
1349 4917 1586 4974 Rursum
1615 4920 1780 4988 igitur
1831 4932 1983 4973 com-

408 5012 694 5067 mittuntur
746 5013 1016 5081 utrimque
1079 5011 1248 5076 acies,
1302 5013 1591 5080 acriusque
1647 5009 1984 5065 recrudescit

405 5106 674 5175 praelium,
704 5119 875 5173 usque
904 5106 1029 5157 dum
1059 5103 1278 5174 propria
1307 5103 1530 5157 animati
1561 5102 1762 5156 virtute
1785 5103 1983 5156 Roma-

406 5197 463 5249 ni
503 5198 686 5252 hostes
729 5195 957 5249 fundunt
1009 5195 1327 5265 fugantque.
1385 5194 1644 5250 Cecidere
1697 5195 1838 5249 inter
1894 5193 1984 5249 lu-

404 5288 656 5359 giendum
712 5289 921 5356 equites
958 5286 1069 5342 fere
1119 5287 1368 5352 trecenti,
1426 5287 1670 5354 peditum
1691 5297 1871 5342 autem
1903 5286 1985 5340 in-

407 5397 632 5436 numera
696 5381 984 5436 multitudo
1041 5399 1055 5434 :
1115 5382 1203 5435 alii
1258 5380 1384 5448 fuga
1447 5379 1638 5450 dilapsi
1689 5391 1836 5436 sunt.
1890 5378 1986 5434 llis

404 5489 660 5544 prospere
724 5477 893 5545 gestis
951 5475 1164 5530 rediere
1236 5475 1302 5528 ad
1351 5473 1629 5529 castellum
1694 5473 1922 5529 Romani
1969 5491 1983 5529 :

405 5579 576 5632 eoque
612 5579 723 5620 non
782 5565 947 5619 nmlto
996 5565 1279 5635 interiecto
1334 5575 1577 5636 tempore
1609 5568 1789 5637 potiti,
1838 5581 1988 5622 com-

407 5667 613 5710 meatus
669 5666 1092 5726 caeterarumque
1154 5673 1333 5712 rerum
1405 5660 1769 5717 necessarium
1829 5661 1984 5732 cepia

411 5744 484 5799 ibi
508 5749 746 5814 inventa,
775 5749 952 5803 Barim
985 5764 1044 5804 se
1077 5761 1416 5820 receperunt.

2087 4552 2316 4620 ἐγίνετο.
2356 4553 2428 4605 Τὸ
2450 4554 2493 4606 δ’
2517 4554 2770 4607 ἐντεῦθεν
2797 4555 2873 4624 τῷ
2902 4554 3098 4624 πλήθει
3123 4554 3152 4624 β
3179 4556 3443 4624 ασάρενοι
3480 4557 3675 4608 Ἰταλοὶ

2084 4649 2212 4709 τοὺς
2243 4649 2368 4720 περὶ
2397 4649 2491 4701 τὸν
2515 4649 2723 4703 Δούκαν
2754 4651 2992 4716 ἐπίεζον.
3027 4647 3086 4704 ’0
3105 4653 3162 4703 δὲ
3185 4653 3321 4721 ταχὺ
3355 4653 3414 4704 τὸ
3437 4653 3674 4720 πρᾶγμα

2086 4745 2454 4813 κατανοήσας,
2512 4745 2664 4813 παρὰ
2693 4747 2866 4814 μέσην
2905 4746 3211 4800 εἰσελαύνει
3259 4747 3368 4799 τῶν
3396 4747 3675 4815 πολεμίων

2085 4830 2184 4899 τὴν
2216 4830 2472 4898 φάλαγγα
2503 4849 2515 4861 ’
2551 4831 2748 4895 ἄλλους
2777 4849 2838 4885 τε
2874 4832 3065 4887 ἄλλοτε
3103 4833 3282 4888 παίων
3317 4835 3404 4888 ἀεὶ
3437 4833 3675 4888 ἕπεσθαι

2086 4917 2236 4987 αὐτῷ
2293 4921 2389 4972 σὺν
2431 4919 2526 4988 βοῇ
2567 4920 2849 4991 παρώρμα
2887 4923 2949 4974 τὸ
3001 4922 3328 4992 Ῥωμαϊκόν.
3364 4919 3529 4985 Αὖθις
3573 4920 3674 4974 οὖν

2088 5007 2418 5060 συνέπιπτον
2461 5007 2714 5077 ἀλλήλοις
2744 5012 2814 5062 τὰ
2854 5011 3265 5080 στρατεύματα,
3310 5013 3402 5064 καὶ
3450 5011 3484 5076 ἡ
3518 5013 3671 5080 μάχη

2085 5098 2363 5168 ἐμαίνετο,
2393 5098 2509 5162 tu);
2543 5103 2610 5170 τῇ
2653 5101 2896 5172 σφετέρα⁴
2930 5104 3100 5173 ἀρετῇ
3139 5101 3402 5172 Ῥωμαῖοι
3427 5103 3554 5164 τοὺς
3576 5119 3676 5153 πο-

2085 5191 2307 5262 λεμίους
2347 5191 2667 5263 ἐτρέψαντο.
2699 5194 2810 5247 Καὶ
2857 5195 3038 5248 αὐτῶν
3079 5197 3138 5248 ἐν
3189 5194 3269 5264 τῷ
3323 5193 3547 5263 φεύγειν
3583 5195 3674 5244 ίπ‹

2087 5289 2210 5348 πείς
2254 5288 2354 5355 μὲν
2384 5288 2440 5349 ἐς
2472 5290 2822 5357 τριακοσίους
2871 5286 3092 5350 ἔπεσον,
3149 5285 3332 5348 πεζῶν
3361 5285 3418 5338 δὲ
3455 5281 3643 5352 άμύθη

2085 5380 2178 5432 τόν
2197 5396 2249 5431 τι
2279 5379 2508 5448 πλῆθος,
2531 5381 2578 5433 οί
2609 5379 2786 5433 λοιποὶ
2812 5379 2869 5432 δὲ
2891 5379 3097 5450 ᾤχοντο
3131 5379 3442 5448 φεύγοντες.
3481 5376 3674 5430 Ταῦτα

2087 5471 2516 5541 κατωρθωκότες
2559 5471 2821 5541 Ῥωμαῖοι
2862 5475 2956 5525 ἐπὶ
3004 5475 3063 5526 τὸ
3105 5475 3369 5544 φρούριον
3411 5470 3675 5539 ἀνέστρε-

2087 5578 2206 5630 φον.
2233 5561 2348 5613 Οὐκ
2384 5561 2463 5623 είς
2495 5563 2718 5631 μακρὰν
2767 5562 2948 5615 τοίνυν
2983 5563 3266 5627 ἐξελόντες
3297 5561 3430 5613 αὐτὸ
3451 5560 3564 5620 τοῖς
3605 5575 3669 5612 τε

2088 5653 2421 5723 ἐπιτηδείοις
2446 5654 2702 5721 ἀφθόνοις
2743 5657 3247 5725 περιτετυχήκεσαν
3284 5657 3341 5706 ἐν
3379 5652 3531 5720 αὖτῴ
3570 5653 3670 5704 καὶ

2088 5748 2197 5801 τῶν
2227 5747 2401 5802 ἄλλων
2437 5745 2771 5816 πλησθέντες
2805 5747 3031 5815 ἀγαθῶν
3060 5750 3152 5800 ἐπὶ
3185 5749 3350 5818 Βᾶριν
3374 5742 3558 5816 ἦλθον.
