4058 6414
380 300 481 367 £91

1687 284 2016 344 JOANNIS
2054 286 2387 350 CINNAMI

3561 297 3670 361 4‘32

382 411 685 481 Μία-01030
751 406 925 462 adhuc
990 398 1278 471 superstite
1336 403 1670 466 poposcerat.
1735 394 1979 460 Quatuor

2095 397 2266 469 ἑαυτῷ
2299 398 2654 472 ποριζόμενος
2682 399 2795 457 εἴτε
2847 402 2941 458 καὶ
2984 405 3178 460 σπάνει
3210 406 3510 479 χρημάτων
3537 411 3674 480 ἀλη-

384 511 469 563 b'c
526 503 851 577 promiserat
903 512 961 552 se
1011 494 1192 550 statim
1223 493 1497 553 daturum,
1527 503 1632 542 non
1671 486 1891 558 quidem
1919 488 1971 539 in

386 602 586 665 foenus,
642 598 736 654 sed
785 605 843 649 ut
896 588 1155 663 principis
1205 584 1586 655 largitionem;
1650 582 1716 637 de
1757 581 1976 651 reliquis

386 706 609 761 prorsus
654 686 916 740 abnuerat
972 695 1031 735 se
1092 677 1387 748 quidquam
1479 688 1638 743 posse
1695 683 1972 742 praestare.

382 785 521 839 Cum
552 795 695 849 aegre
728 777 937 830 tulisset
960 770 1227 840 repulsam
1270 766 1587 830 Bussavilla,
1621 765 1818 821 castris
1848 779 1978 819 con-

392 880 540 931 tinuo
572 870 826 927 Romanis
864 873 1193 922 excesserat.
1221 860 1681 927 Defuncluautem
1722 857 1979 913 Palmolo-

390 984 459 1041 go
509 975 564 1021 et
626 962 884 1041 tra_nslata
930 958 995 1010 ad
1031 958 1227 1009 Ducam
1256 961 1538 1022 potestate,
1561 951 1778 1006 adeum
1806 950 1976 1009 venit.

392 1059 740 1128 acceptisque
803 1068 939 1123 quas
996 1052 1265 1121 petiverat
1319 1045 1563 1116 pecuniis
1598 1060 1749 1099 arma
1784 1044 1976 1098 iterum

393 1166 516 1206 cum
576 1145 834 1201 Romanis
866 1139 1181 1209 conjunxit;
1225 1145 1336 1191 tum
1397 1150 1500 1189 una
1535 1134 1685 1189 illum
1707 1134 1979 1189 adducens

395 1244 573 1298 Ducas
631 1254 751 1294 cum
809 1236 1064 1292 omnibus
1122 1232 1294 1301 copiis
1350 1229 1415 1282 ad
1448 1226 1732 1283 Masafram
1783 1226 1976 1296 perg‘t.

398 1336 475 1391 lbi
529 1335 720 1389 civitas
787 1329 1030 1399 quaedam
1100 1324 1308 1389 adiacet
1360 1321 1889 1392 Polymiliumdicta,
1928 1318 1980 1371 in

396 1443 502 1498 qua
552 1439 692 1478 unus
744 1422 811 1476 de
855 1418 1104 1476 Gulielmi
1157 1416 1386 1471 ducibus
1434 1424 1571 1478 erat,
1619 1412 1836 1466 nomine
1860 1411 1983 1465 Fla-

398 1519 637 1587 mingus.
677 1514 782 1569 Sed
816 1514 904 1568 ubi
930 1513 974 1566 is
1024 1509 1326 1563 Romanum
1371 1507 1662 1560 adventare
1684 1507 1981 1558 exercitum

398 1609 628 1678 accepit,
686 1604 937 1660 discessit
976 1603 1101 1657 inde
1143 1611 1197 1655 et
1227 1600 1523 1653 Tarentum
1554 1598 1841 1652 concessit.
1878 1596 1983 1650 llo-

402 1704 544 1759 ιηαηί
596 1700 884 1770 Polymilio
937 1707 1095 1767 capto
1145 1704 1198 1751 et
1269 1691 1779 1762 circumiacentibus
1840 1692 1985 1758 agris

2082 491 2192 555 θῶς
2217 494 2498 563 ἐχόμενος,
2530 495 2759 566 χρυσίου
2788 498 3036 568 χιλιάδας
3071 500 3205 552 δέκα
3247 500 3337 552 τὸν
3371 501 3674 556 Παλαιοὶό-

2079 602 2175 654 γον
2206 586 2287 641 ἔτι
2321 589 2579 659 περιόντα
2615 590 2983 646 δεδανεικέναι
3004 596 3052 647 οί
3088 592 3263 663 ἠξίου.
3310 595 3368 647 Ὀ
3399 595 3454 649 δὲ
3480 599 3676 650 τέττα-

2083 697 2183 752 ρας
2219 679 2320 751 μὲν
2347 681 2545 735 αὐτίκα
2586 683 2856 754 παρέχειν
2894 683 3043 756 αὐτῷ
3089 685 3429 747 κατετίθετο.
3462 688 3678 757 δωρεὰν

2080 773 2146 826 ἐκ
2188 770 2474 842 βασιλέως,
2507 772 2625 826 ἀλλ’
2658 775 2717 826 ού
2747 775 2960 828 δάνειον
2984 816 2999 840 ,
3052 776 3189 847 πρὸς
3244 776 3301 830 δὲ
3340 778 3435 841 τάς
3478 777 3678 841 λοιπὰς

2085 864 2321 935 ἰσχυρῶς
2350 864 2636 934 ἀπέλεγεν.
2672 862 2767 930 Οἷς
2795 868 2823 919 6
2866 867 3174 932 Βασαϐίλας
3202 868 3552 939 δυσαρεστῶν
3583 870 3675 923 τοῦ

2097 957 2410 1028 Ῥωμαϊκοῦ
2442 959 2795 1031 ἀπεσκήνητο
2816 962 3205 1033 στρατοπέδου.
3243 961 3331 1026 Ὠς
3354 962 3397 1016 δ’
3422 962 3677 1035 ἀποὸιῴη

2087 1049 2185 1119 μὲν
2212 1052 2239 1103 6
2272 1049 2665 1121 Παλαιολὸγος,
2699 1054 3009 1124 κατασταίη
3048 1055 3094 1108 δ’
3137 1056 3234 1109 ἐπὶ
3265 1056 3376 1111 τῶν
3406 1058 3681 1126 πραγμά-

2082 1160 2192 1196 των
2222 1145 2249 1196 6
2286 1144 2530 1210 Δούκας,
2567 1139 2671 1216 ἧκε
2726 1147 2857 1217 παρ’
2891 1147 3056 1201 αὑτὸν
3090 1149 3185 1200 καὶ
3232 1147 3343 1202 τῶν
3375 1154 3681 1221 χρημάτων

2083 1235 2275 1307 ὥσπερ
2304 1238 2484 1309 ᾐτεῖτο
2526 1238 2838 1310 τετυχηκὼς
2875 1240 3153 1309 πολεμίων
3181 1236 3337 1304 αὖθις
3383 1243 3681 1313 Ῥωμαῖοις

2088 1330 2367 1385 ἐκοινώνει
2403 1331 2690 1401 καμάτων.
2726 1334 2836 1385 Καὶ
2865 1331 2929 1402 δὴ
2959 1336 3053 1386 καὶ
3082 1331 3245 1403 αύτδν
3276 1334 3617 1403 ἐπαγόμενος
3652 1338 3683 1389 6

2084 1424 2296 1488 Δούκας
2345 1425 2440 1478 ἐπὶ
2467 1424 2774 1496 Μασαύραν
2803 1424 2914 1496 (95)
2954 1426 3121 1479 παντὶ⁵
3139 1424 3220 1495 τῷ
3249 1427 3467 1498 στρατῷ
3488 1424 3678 1501 ἦλθεν.

2084 1514 2193 1574 Ἦν
2230 1518 2289 1571 δέ
2337 1535 2420 1581 τις
2474 1517 2711 1571 ἐνταῦθα
2746 1518 2898 1581 πόλις
2946 1520 3278 1588 Πολυμίλιον
3337 1521 3679 1593 κεκλημένη,

2088 1610 2219 1665 ἔνθα
2243 1610 2350 1664 τῶν
2388 1611 2519 1682 περὶ
2566 1612 2658 1664 τὸν
2681 1610 2971 1681 Γιλίελμον
3017 1609 3333 1667 συνέϐαινεν
3362 1606 3501 1666 εἷναί
3559 1631 3684 1667 τινα

2088 1702 2408 1775 Φλαμίγγον
2436 1701 2630 1773 ὄνομα.
2675 1700 2816 1754 Ἀλλ’
2862 1701 2890 1752 ὁ
2945 1700 3044 1771 μὲν
3086 1702 3373 1769 προσιέναι
3405 1702 3496 1755 τὸν
3537 1702 3682 1755 Ῥω-

402 1794 644 1862 direptis,
676 1791 833 1845 rebus
863 1788 1182 1842 necessariis
1211 1795 1386 1840 castra
1438 1784 1734 1837 instruunt.
1766 1778 1892 1833 Inde
1919 1780 1985 1834 ad

2095 1795 2270 1864 μαίων
2300 1793 2541 1858 ἀκούσας
2577 1793 2809 1865 στρατὸν
2862 1793 3077 1846 ἐκεῖθεν
3117 1792 3257 1863 ἀρας
3292 1794 3386 1847 ἐπὶ
3420 1793 3683 1866 Τάραντα

402 1887 675 1942 Molissam
708 1883 1059 1947 contendunt,
1091 1879 1347 1950 oppidum
1378 1877 1429 1931 in
1474 1878 1702 1931 editiore
1751 1874 1988 1942 quidem,

402 1978 497 2036 sed
526 1976 716 2048 aequali
753 1990 815 2029 ac
840 1974 998 2042 plano
1033 1974 1194 2027 situm
1227 1970 1369 2033 loco,
1396 1967 1630 2021 validum
1661 1963 1989 2032 caeteroqnin

396 2086 468 2126 ac
518 2069 753 2124 turribus
799 2068 867 2120 ab
898 2075 1128 2134 utraque
1176 2070 1327 2132 parte
1362 2056 1709 2122 instructum,
1738 2056 1890 2124 cujus
1921 2058 1991 2107 al-

406 2174 578 2219 terum
610 2161 754 2217 latus
779 2163 1003 2230 cingunt
1028 2155 1361 2227 confragosa:
1386 2162 1439 2210 ct
1463 2154 1752 2206 inaccessae
1789 2149 1989 2214 vales;

407 2257 636 2310 alterum
668 2253 995 2323 navigabiles
1027 2248 1177 2304 ﬂuvii
1212 2247 1479 2302 ambiunt.
1532 2242 1642 2298 Sed
1674 2240 1805 2296 nihil
1837 2241 1992 2293 vide-

395 2359 497 2404 λιιι·
556 2348 775 2404 obstare
824 2357 982 2399 vento
1031 2345 1271 2396 secundo
1327 2338 1726 2409 navigantibus.
1776 2334 1993 2388 Melissa

406 2442 552 2499 enim
600 2437 948 2509 quantumvis
977 2434 1207 2498 munita,
1264 2446 1295 2486 a
1345 2430 1608 2485 Romanis
1663 2441 1839 2481 tamen
1896 2440 1994 2479 nec

409 2534 638 2588 multum
662 2526 1035 2585 laborantibus
1063 2539 1128 2580 eo
1153 2538 1310 2592 quem
1343 2536 1609 2591 exponam
1637 2520 1794 2572 modo
1826 2531 1995 2585 expu-

402 2633 570 2695 gnata
619 2633 718 2676 eat.
782 2618 818 2671 li
875 2619 1074 2686 quippe
1124 2615 1390 2684 prioribus
1441 2609 1993 2682 fortunw153elali

410 2710 772 2773 successibus,
819 2722 940 2761 cum
996 2705 1296 2775 oppidanos
1345 2700 1559 2771 ingenio
1611 2698 1712 2752 loci
1760 2695 1995 2751 conﬁsos

410 2817 563 2861 Stare
629 2812 783 2855 extra
840 2805 1026 2868 portas
1079 2796 1341 2861 viderent,
1377 2810 1481 2863 qua
1517 2802 1669 2863 parte
1697 2787 1995 2860 oppugnari

410 2894 624 2951 facilius
679 2899 893 2963 poterat
940 2888 1090 2956 urbs,
1135 2902 1295 2942 cursu
1357 2900 1451 2956 per
1500 2885 1668 2939 ardua
1712 2880 1992 2948 leruntur;

410 2996 561 3041 tanta
621 2998 807 3037 eorum
857 2978 1081 3035 audacia
1110 2977 1342 3047 perculsi
1392 2976 1575 3031 hostes
1598 2973 1721 3045 fuga
1754 2989 1813 3029 se
1856 2975 1997 3029 intra

406 3086 594 3147 portas
636 3074 929 3142 recipiunt.
957 3071 1164 3140 Quibus
1207 3069 1383 3125 adhuc
1416 3070 1691 3133 reseratis,
1725 3065 1998 3122 Romano-

406 3146 528 3225 rum
590 3184 695 3224 una
754 3165 941 3221 incidit
965 3165 1235 3220 exercitus
1257 3174 1311 3218 et
1346 3163 1479 3217 urbe
1506 3178 1600 3232 per
1626 3162 1733 3216 vim
1769 3162 1991 3230 potitur.
2023 3146 2064 3204 (ἶ

407 3259 506 3314 His
529 3259 686 3313 rebus
712 3254 977 3311 confectis
1004 3269 1292 3310 excessere
1332 3253 1456 3308 inde
1485 3252 1739 3308 Romani.
1774 3250 1880 3308 Sed
1904 3253 1992 3306 vix

410 3361 640 3418 multum
689 3367 846 3417 erant
895 3358 1102 3415 emensi
1151 3358 1276 3421 iter,
1322 3372 1442 3412 cum
1489 3355 1703 3409 obviam
1761 3353 1822 3407 ﬁt
1869 3368 1995 3407 cum

411 3453 715 3510 numerosis
768 3452 937 3522 cepiis
988 3450 1319 3521 Flamingus.
1380 3448 1518 3503 Tum
1578 3463 1704 3502 vero
1768 3446 1998 3502 Romani

411 3546 617 3617 aliquot
669 3560 735 3599 ex
785 3542 1070 3598 ordinibus
1117 3540 1465 3611 prosilientes
1499 3556 1620 3595 cum
1678 3542 1831 3593 ltosle
1865 3553 1998 3592 con-

410 3638 624 3709 ﬂigunt,
654 3635 1010 3704 mirandaque
1040 3648 1104 3687 eo
1137 3633 1190 3685 in
1225 3632 1523 3687 certamine
1544 3631 1710 3685 edunt
1732 3628 1994 3684 facinora.

411 3728 519 3783 Sed
560 3741 683 3780 ctnn
719 3726 902 3779 hostes
935 3738 1159 3777 numero
1183 3722 1555 3790 praevalerent,
1598 3731 1742 3775 retro
1765 3735 1995 3775 cessere.

409 3817 557 3874 Inter
586 3818 701 3872 lucc
733 3817 910 3871 Ducas
933 3831 1054 3869 cum
1087 3815 1344 3890 universo
1384 3815 1627 3869 exercitu
1659 3812 1996 3883 Flamingum

406 3907 680 3971 adoritur,
707 3920 878 3975 eoque
904 3906 956 3958 in
989 3904 1166 3974 fugam
1197 3903 1495 3973 compulso,
1516 3902 1802 3959 Masal'ram
1827 3906 1996 3963 venit.

409 3998 527 4067 Qua
554 3998 737 4068 primo
797 3996 998 4064 impetu
1051 4004 1384 4065 expugnata,
1432 3994 1801 4048 incredibilem
1846 4009 1996 4049 com-

412 4096 711 4153 meatuset
746 4088 1184 4144 necessariarum
1219 4103 1397 4142 rerum
1429 4087 1761 4141 reconditam
1793 4085 1846 4140 in
1876 4099 2001 4142 arce

408 4166 638 4254 capiatur
671 4180 975 4242 invenit,ct
1029 4194 1184 4234 arma
1236 4179 1454 4249 insuper
1486 4179 1671 4243 multa,
1727 4193 2002 4249 equosque

414 4288 521 4329 non
574 4275 753 4330 minus
783 4274 1064 4328 ducentos.
1106 4270 1163 4327 ιιι
1195 4270 1284 4325 ubi
1359 4271 1607 4326 viderunt
1696 4272 1998 4337 Tarentini,

412 4365 637 4420 vicatim
688 4365 1039 4435 tributimqne
1094 4362 1396 4418 maledictis
1454 4363 2000 4434 prOpalamFlamin-

412 4443 923 4529 guminsectautnr,‘
954 4458 1330 4525 incusantque,
1376 4453 1519 4525 quod
1563 4454 1706 4510 illius
1746 4455 2002 4510 timiditas

410 4558 468 4603 et
498 4547 707 4618 ignavia
761 4546 1000 4601 audaciae
1025 4547 1304 4600 materiam
1346 4547 1665 4614 pra-buisset
1721 4546 1999 4603 Romanis.

412 4637 586 4706 Quam
621 4638 710 4692 ille
775 4638 1154 4693 contumeliam
1202 4654 1308 4694 non
1348 4637 1551 4705 ferens,
1585 4638 1881 4707 assumptis
1907 4638 2007 4693 ite—

411 4744 535 4785 rum
582 4730 771 4799 cepiis,
803 4726 1169 4783 Romanorum
1234 4739 1516 4799 exspectat
1541 4730 1862 4785 exercitum.
1895 4729 2001 4783 Sed

413 4824 509 4877 vix
539 4822 594 4877 in
626 4822 768 4876 illius
817 4830 1164 4890 conspectum
1201 4825 1368 4889 venit,
1401 4836 1524 4876 cum
1553 4820 1751 4891 prioris
1782 4819 2000 4875 fortitu-

410 4916 553 4971 dinis
587 4914 873 4969 immemor
903 4928 1102 4984 pavore
1142 4914 1323 4969 subito
1350 4913 1664 4983 corripitur.
1710 4910 2001 4983 Fugientes

411 5010 593 5079 itaque
625 5008 912 5063 nonnullos
969 5004 1130 5078 154
1172 5007 1330 5077 pauci
1380 5022 1411 5062 e
1451 5005 1712 5060 Romanis
1763 5003 1999 5060 insecuti

408 5108 772 5173 prostravere.
811 5096 881 5153 Ut
916 5114 1044 5153 vero
1074 5098 1319 5168 proxime
1351 5099 1418 5153 ad
1479 5096 1775 5151 Tarentum
1809 5110 1999 5151 acces-

409 5201 619 5258 serunt,
680 5192 977 5263 expugnari
1038 5193 1224 5250 urbem
1275 5191 1414 5246 baud
1464 5205 1623 5261 posse
1656 5189 1777 5257 rati,
1810 5195 1877 5246 ab
1907 5190 1998 5244 illa

409 5285 626 5356 quidem
680 5283 909 5352 digressi
966 5294 1091 5338 sunt
1128 5283 1264 5338 :sed
1331 5298 1452 5337 cum
1519 5284 1585 5338 ad
1670 5281 1997 5352 Monopolim

411 5375 596 5445 copias
648 5374 937 5430 admovere
989 5373 1288 5443 cogitarent
1340 5372 1606 5442 nullaeque
1652 5372 1754 5428 sibi
1786 5387 1852 5428 eo
1885 5383 1999 5428 tum

2090 1879 2247 1955 ἦλθε,
2292 1883 2556 1952 Ῥωμαῖοι
2602 1882 2662 1936 δέ
2714 1882 3043 1953 Πολυμίλιον
3076 1882 3289 1947 ἑλόντες
3312 1884 3381 1937 τὰ
3413 1883 3574 1952 πέριξ
3621 1900 3681 1936 τε

2096 1975 2629 2044 σκυλαγωγήσαντες
2679 1974 2961 2044 ὠφελειῶν
3003 1975 3391 2048 ἐπεπλήσαντο
3421 1977 3483 2029 τὸ
3515 1994 3687 2049 στρα-

2091 2066 2339 2121 τόπεδον,
2362 2066 2624 2121 Ἐκεῖθεν
2657 2082 2715 2118 τε
2738 2067 2830 2119 ἐπὶ
2854 2065 3132 2121 Μόλισσαν
3163 2067 3475 2137 μετέὁησαν
3505 2069 3684 2132 πόλιν,

2093 2159 2126 2228 ἣ
2156 2157 2396 2229 κάθηται
2432 2159 2530 2230 μὲν
2551 2157 2815 2213 ἀνωτάτω
2849 2158 2935 2212 ἐπ’
2971 2158 3305 2231 ἀγχωμάλου
3349 2158 3545 2229 ίσχυρά
3588 2159 3686 2212 καὶ

2093 2246 2394 2319 εὔπυργος,
2419 2249 2483 2300 ἐκ
2508 2247 2563 2300 δὲ
2591 2246 2777 2316 μερῶν
2814 2247 3144 2318 ἀμφοτέρων
3172 2246 3406 2318 θατέρου
3445 2247 3548 2317 μὲν
3582 2249 3687 2317 φά-

2099 2341 2303 2409 ραγγὲς
2343 2342 2765 2411 τινεςτραχεϊαι
2818 2340 2912 2393 καὶ
2948 2339 3139 2404 δεινῶς
3187 2339 3379 2395 ἄϐατοι
3428 2340 3687 2395 κατατεί-

2099 2450 2271 2496 νουσι,
2297 2432 2529 2501 θατέρου
2559 2430 2616 2484 δέ
2662 2432 2930 2500 ποταμοῖς
2981 2430 3250 2495 ζώννυται
3309 2432 3683 2501 ναυσιπόροις.

2112 2527 2254 2579 ’Δλλ’
2303 2525 2448 2579 ἔοικε
2499 2528 2615 2589 τοῖς
2668 2525 2728 2590 ἐξ
2757 2525 2947 2596 οὐρίας
2984 2525 3071 2596 [Ρ.
3111 2523 3205 2596 89]
3247 2524 3505 2578 πλέουσιν
3531 2527 3687 2579 ἀντι,

2100 2620 2361 2689 πράττειν
2382 2619 2557 2673 οὐδέν.
2591 2618 2837 2672 Μόλισσα
2852 2619 2962 2691 γὰρ
2994 2617 3173 2671 καίτοι
3203 2618 3509 2687 ἀσφαλείας
3539 2615 3690 2672 οὕτω

2100 2712 2439 2781 πανταχόθεν
2498 2711 2724 2782 ἔχουσα,
2762 2712 2912 2783 ὅμως
2975 2710 3273 2781 Ῥωμαίοις
3317 2711 3439 2764 οὐδὲ
3489 2711 3680 2782 μακρά

2099 2802 2370 2874 καμοῦσιν
2400 2802 2677 2873 ἁλώσιμος
2710 2803 2901 2875 τρόπῳ
2922 2801 3001 2873 τῷ
3046 2801 3412 2873 ῥηθησομένη»
3443 2801 3685 2869 ἐγένετο.

2102 2898 2233 2951 "At:
2264 2898 2373 2968 γάρ
2398 2898 2771 2968 εὐτυχήμασιν
2796 2897 3130 2968 ἐπαρθέντες
3156 2898 3269 2959 τοῖς
3293 2894 3686 2967 προλαϐοῦσιν,

2098 2990 2288 3062 ἐπειδὴ
2341 2992 2468 3054 τοὺς
2495 2992 2559 3044 ἐκ
2589 2992 2689 3061 τῆς
2717 2991 2926 3055 πόλεως
2951 2995 3014 3062 τῇ
3065 2989 3161 3044 τοῦ
3187 2991 3366 3062 χώρου
3404 2988 3567 3059 φύσει
3594 3006 3687 3043 τε-

2099 3082 2447 3155 θαρσηκότας
2470 3083 2577 3150 ἔξω
2597 3084 2780 3137 πυλῶν
2823 3084 3065 3148 ἑστῶτας
3110 3078 3275 3151 εἶδον,
3315 3084 3444 3137 ἔνθα
3476 3085 3687 3154 ἐπιμα-

2096 3175 2345 3248 χωτέραν
2389 3173 2531 3229 εἶναι
2573 3177 2856 3231 συνέὸαινε
2890 3176 3095 3249 ταύτην
3118 3217 3133 3243 ,
3182 3176 3435 3247 δρομαῖοι
3469 3175 3560 3230 διὰ
3586 3176 3685 3230 τοῦ

2096 3268 2360 3332 ἀνάντους
2412 3268 2675 3341 ἐχώρουν.
2738 3263 2838 3325 Ὧν
2895 3272 2962 3341 τῇ
2997 3269 3173 3341 τόλμῃ
3228 3269 3683 3337 καταπλαγέντες

2097 3363 2300 3417 ἐκεῖνοι
2323 3364 2416 3417 ἐπὶ
2438 3363 2538 3425 τάς
2573 3362 2747 3426 πύλας
2786 3363 3108 3417 εἰσέπιπτον
3152 3362 3474 3432 φεύγοντες.
3516 3361 3687 3416 Οὔπω

2095 3453 2153 3507 δὲ
2182 3453 2631 3523 ἐπιζυγωθεισῶν
2657 3457 2750 3509 καὶ
2784 3458 2811 3508 ὁ
2846 3455 3137 3525 Ῥωμαίων
3184 3456 3486 3508 συνέπιπτε
3522 3471 3692 3525 στρα-

2096 3545 2210 3612 τὸς,
2233 3546 2326 3598 καὶ
2355 3546 2541 3599 λοιπὸν
2574 3548 2715 3601 κατά
2738 3550 2938 3619 κράτος
2965 3549 2998 3618 ή
3033 3547 3186 3609 πόλις
3210 3545 3482 3617 ἡλίσκετο.
3503 3545 3691 3599 Ταῦτα

2110 3637 2375 3708 Ῥωμαῖοι
2402 3638 2893 3710 καταπραξάμενοι
2925 3640 3135 3693 ἐκεῖθεν
3168 3640 3513 3711 ἀπεχώροον,
3568 3639 3673 3690 Ἐπ

2098 3729 2279 3798 ὀλίγον
2320 3730 2376 3783 δὲ
2415 3720 2740 3800 προελθοῦσι
2800 3734 2899 3784 σὺν
2969 3731 3347 3802 στρατεύματι
3403 3731 3629 3801 μεγάλῳ
3664 3732 3692 3783 6

2099 3813 2414 3884 Φλαμίγγος
2445 3815 2686 3885 ἀπήντα.
2722 3815 3016 3884 Ῥωμαίων
3043 3811 3138 3868 οὖν
3164 3831 3307 3878 τινες
3341 3814 3449 3867 τῶν
3479 3817 3693 3885 ταγμάν

2098 3922 2209 3959 των
2240 3906 2698 3977 προπηδήσαντες
2728 3908 2897 3977 ὁμόσε
2956 3911 3069 3972 τοῖς
3122 3910 3406 3981 πολεμίοις
3450 3908 3693 3980 ἐχώρουν

2101 3998 2242 4070 ἔργα
2272 3998 2566 4069 θαυμαστά
2619 4002 2677 4062 ἐς
2710 4000 2909 4063 αὐτοὺς
2941 4000 3368 4071 ἐνδεικνύμενοι,
3423 4001 3620 4072 πλήθει
3649 4002 3695 4052 δ’

2100 4089 2253 4159 ὅμως
2280 4086 2387 4139 τῶν
2412 4087 2669 4139 ἐναντίων
2699 4088 2851 4158 παρὰ
2898 4087 3032 4140 πολὺ
3066 4087 3456 4158 ἐλασσούμενοι
3489 4090 3691 4159 ἀνεχώ-

2107 4192 2235 4245 ρουν
2257 4174 2455 4228 ὀπίσω.
2491 4176 2580 4228 Ἐν
2631 4176 2807 4247 τούτῳ
2837 4176 2893 4231 δὲ
2931 4180 3025 4230 καὶ
3056 4179 3084 4231 ὁ
3117 4176 3327 4242 Δούκας
3386 4180 3694 4249 πανστρατὶ

2103 4267 2183 4338 τῷ
2215 4267 2519 4339 Φλαμίγγῳ
2548 4268 2874 4335 ἐπιτίθεται,
2909 4269 3254 4341 τρεψάμενός
3282 4287 3341 4324 τε
3378 4271 3542 4327 αὑτὸν
3570 4272 3694 4325 M1-

2108 4358 2289 4431 σαύρᾳ
2318 4359 2678 4430 προσέϐαλεν.
2722 4360 2817 4426 Ἐξ
2841 4362 3034 4431 ἐφόδου
3077 4362 3135 4415 δὲ
3184 4362 3281 4416 καὶ
3309 4360 3515 4433 ταύτης
3540 4379 3691 4433 περι-

2027 4483 2082 4544 D
2106 4451 2351 4523 γεγονὼς
2401 4453 2708 4544 ἀμύθητὸνῇ
2725 4471 2779 4508 τι
2813 4455 3002 4526 χρῆμα
3051 4455 3378 4527 ἐπιτηδείων
3412 4454 3501 4509 ἐπ’
3531 4457 3692 4527 ἀκροο

2110 4544 2317 4607 πόλεως
2349 4544 2618 4597 ἀπόθετον
2651 4537 2835 4614 εὗρεν,
2888 4545 3032 4599 ὅπλα
3059 4562 3121 4599 τε
3163 4545 3335 4600 πολλὰ
3362 4549 3459 4600 καὶ
3492 4546 3695 4609 ῖππους

2105 4636 2213 4689 τῶν
2245 4636 2541 4690 διακοσίων
2573 4637 2674 4690 οὐκ
2710 4636 3043 4702 ἀποδέοντας
3097 4637 3280 4709 ἔσχεν.
3326 4640 3394 4691 Ἀ
3427 4638 3693 4709 Ταραντί-

2107 4744 2185 4780 νοι
2216 4726 2507 4798 βλέποντες
2564 4728 2705 4782 κατά
2754 4730 3083 4799 συστήματα
3114 4731 3213 4784 καὶ
3241 4729 3448 4801 δήμους
3502 4747 3693 4799 συνερ-

2107 4820 2330 4891 χόμενοι
2384 4821 2667 4890 ἀναφανδά
2737 4823 2829 4876 τὸν
2888 4821 3208 4893 Φλαμίγγον
3276 4822 3693 4894 ἐκακηγόρουν,

2105 4913 2362 4985 ἔγκλημα
2392 4914 2541 4986 αύτῷ
2571 4915 2953 4985 ἐπιφέροντες,
2997 4916 3079 4968 ὅτι
3130 4915 3196 4986 δὴ
3228 4914 3432 4971 δειλίαν
3469 4918 3571 4986 τὴν
3597 4918 3693 4968 αύ-

2106 5005 2201 5059 τοῦ
2232 5005 2526 5075 Ῥωμαίοις
2557 5006 2876 5078 παρρησίας
2913 5005 3209 5077 πεποίηται
3233 5005 3471 5078 ὓλην.·¹Δ
3494 5008 3692 5078 μηκέτι

2105 5094 2295 5165 φέρειν
2322 5093 2678 5166 δεδυνημένος
2700 5097 2909 5159 ἐκεῖνος
2935 5095 2996 5149 τὺ
3028 5096 3350 5167 στράτευμα
3371 5095 3527 5160 αὖθις
3558 5098 3693 5151 ἀνα.-

2105 5188 2290 5241 λασὼν
2318 5188 2419 5260 τὴν
2459 5188 2750 5259 Ῥωμαίων
2782 5189 3060 5259 ἐξεδέχετο
3084 5191 3367 5263 στρατιάν.
3400 5190 3543 5243 Ἀλλ’
3565 5190 3693 5260 ἄρτι

2106 5298 2165 5334 τε
2197 5282 2278 5345 είς
2307 5281 2430 5351 ὄψιν
2468 5277 2634 5353 ἦλθεν
2680 5282 2826 5353 αὐτῷ
2869 5283 2967 5334 καὶ
3004 5283 3205 5337 αὐτίκα
3255 5283 3433 5355 δειλίᾳ
3473 5282 3694 5353 βληίιεὶς

2106 5374 2294 5431 οὐκέτι
2323 5375 2498 5447 ἀλκῆς
2530 5376 2830 5448 ἐμέμνητο.
2861 5374 3131 5444 Φεύγουσι
3153 5374 3333 5430 τοίνυν
3358 5377 3538 5439 αὐτοῖς
3558 5376 3690 5433 Ῥω-

1777 5532 1878 5592 Du
1909 5531 2133 5611 Cangii
2165 5541 2353 5598 ηοιω.

480 5683 593 5754 (9'5)
628 5683 984 5753 Μασαύραν,
1013 5683 1252 5753 Mnsafra
1284 5684 1319 5738 ’5
1350 5699 1422 5737 ιη.
1471 5699 1499 5736 a
1538 5683 1799 5747 Tarento,
1830 5685 1989 5754 juxta

413 5750 606 5808 nexum
637 5754 705 5808 ad
736 5750 1043 5824 aquilonem
1079 5750 1365 5810 Tarentini
1400 5754 1576 5823 sinus,
1614 5756 1666 5811 in
1701 5750 1989 5826 Apennino

2100 5687 2384 5814 exigulpm.
2433 5693 2529 5748 sed
2582 5693 3004 5751 munitissimum
3059 5691 3166 5748 situ
3232 5700 3541 5762 naturaque
3584 5690 3695 5748 loci

2100 5773 2247 5814 case
2294 5776 2406 5814 um.

2099 5773 2406 5816 caSteuum.
