4058 6412
451 348 563 413 493

1628 353 2178 417 HISTORIARUM
2220 356 2367 419 LIB.
2412 359 2513 421 IV.

3602 368 3711 435 49ι

449 460 626 533 μαίων
673 460 844 532 ὀλίγοι
894 464 1209 537 ἐπιθέμενοί
1262 485 1413 533 τινας
1452 468 1726 525 ἔκτειναν.
1776 470 1930 524 Ἐπεὶ
1962 469 2011 523 δὲ

2125 479 2371 539 tempore
2402 471 2655 527 adessent
2696 472 2898 529 bellica:
2954 475 3238 545 machinae,
3286 477 3537 548 classem,
3585 500 3711 555 quae

445 552 615 621 ἐγγὺς
648 553 923 625 Τάραντος
955 558 1055 630 ῆδη
1100 560 1371 628 ἐγένοντο,
1414 561 1694 616 ἀνάλωτον
1726 558 1870 616 εἶναι
1920 564 2020 638 τὴν

446 648 600 701 πόλιν
633 652 1073 719 κατανοήσαντες
1102 653 1272 723 αὐτῆς
1302 654 1403 725 μὲν
1438 654 1684 726 ἀπῆραν,
1716 655 2021 710 Μονοπόλει

442 740 500 793 δὲ
526 741 756 796 πελάσαι
783 743 1179 816 διανοηθέντες,
1202 746 1390 819 ἐπειδὴ
1418 748 1644 819 ἀπορεῖν
1672 749 1856 812 αὐτοῖς
1890 766 2019 803 συν-

444 831 625 886 ἐσαινε
648 836 1067 907 τειχομαχικῶν,
1102 836 1394 909 γράμμασι
1418 840 1511 894 τὸν
1534 842 1593 894 ὲν
1637 839 1805 913 Βάρει
1853 858 2013 912 μετε-

443 925 725 994 πέμποντο
761 929 949 982 στόλον
969 970 983 996 ,
1035 924 1191 1001 ἔφἐᾧ
1222 932 1479 986 τοιούτων
1530 932 1741 987 ἐκεῖθεν
1773 935 2012 1007 εὐπορή-

445 1032 559 1069 σειν
589 1017 747 1089 ἥκειν
785 1021 868 1073 ὄτι
907 1021 1161 1092 τάχιστα.
1204 1024 1291 1079 Ἐν
1311 1024 1368 1079 δὲ
1396 1024 1570 1095 τούτῳ
1586 1024 1855 1097 τετύχηκε
1883 1027 2021 1083 Ῥω·-

447 1107 628 1177 μαίοις
686 1109 774 1164 διά
831 1112 1017 1184 χώρας
1087 1114 1479 1186 πορευομένοις
1534 1117 1858 1188 εὐδαίμονος
1923 1121 2021 1174 καὶ

441 1200 694 1268 ἀςθόνοις
742 1206 1165 1281 περιϐριθούσης
1211 1209 1438 1280 ἀγαθοῖς
1494 1210 1708 1282 μυρίων
1744 1211 1883 1265 ὅσων
1916 1229 2016 1266 πε-

442 1293 678 1364 πλῆσθαι
713 1298 916 1354 καλῶν.
941 1300 1177 1368 Λέγεται
1200 1303 1310 1373 γὰρ
1334 1302 1464 1356 δέκα
1490 1302 1590 1373 μὲν
1611 1302 1866 1373 τηνικάδε
1891 1301 2018 1375 βοῦς

2126 560 2248 616 Bari
2306 563 2504 629 stabat,
2543 566 2801 619 ut'omnia
2848 566 2951 620 ista
2985 566 3266 625 celerrime
3291 570 3580 630 adveheret
3612 592 3709 647 per

2120 652 2332 709 litteras
2375 655 2796 711 arcessiverunt.
2852 655 3072 712 Interim
3136 658 3388 729 Romani,
3427 667 3551 721 dum
3603 668 3709 724 iter

2114 744 2321 801 faciunt
2379 761 2475 815 per
2512 747 2785 819 regionem
2851 749 3159 819 opulentam
3191 755 3482 810 admodum
3516 768 3571 814 et
3603 761 3708 815 im-

2118 852 2306 893 mensa
2368 838 2634 893 bonorum
2686 840 2842 908 copia
2932 838 3262 909 afﬂuentem,
3336 848 3710 926 multipliciter

2109 930 2376 985 ditantur.
2407 929 2574 986 Aiunt
2606 932 2752 987 enim
2786 940 2900 987 tum
2939 934 3165 990 militem
3198 952 3309 994 uno
3347 941 3465 994 auri
3502 951 3708 1000 statere

2128 1023 2296 1079 boves
2360 1023 2546 1079 decem
2598 1025 2931 1080 armentales
2989 1027 3310 1094 vendidisse,
3370 1031 3471 1086 alia
3525 1046 3706 1090 autem

2125 1132 2327 1190 pecora
2360 1128 2578 1175 centum
2612 1133 2665 1175 et
2694 1121 2931 1194 triginta.
2965 1121 3161 1181 Multos
3195 1126 3260 1180 ad
3283 1128 3412 1190 haec
3438 1128 3708 1188 Romanos

2126 1212 2398 1269 diuturnis
2448 1213 2760 1270 carceribus
2814 1226 3117 1274 maceratos
3164 1220 3514 1291 compedibus
3540 1239 3709 1280 exue-

2127 1311 2272 1357 runt.

441 1388 702 1457 ἀγελαίας
736 1391 938 1461 χρυσοῦ
970 1393 1062 1446 τὸν
1097 1394 1439 1467 στρατιώτην
1500 1396 1805 1451 ἀποδόσθαι
1861 1396 2150 1468 στατῆρος,
2192 1397 2443 1469 πρόϐατα
2483 1397 2537 1451 δὲ
2606 1415 2901 1469 τριακοντα
2967 1403 3061 1453 καὶ
3115 1401 3327 1459 ἑκατόν.
3362 1403 3492 1457 Ὅτε
3515 1404 3578 1477 δὴ
3612 1406 3707 1460 καὶ

449 1481 738 1554 Ῥωμαίων
761 1486 913 1550 τινὰς
942 1487 1190 1558 εἱρκταῖς
1234 1490 1296 1543 ὲκ
1326 1490 1523 1544 πολλοῦ
1567 1491 2010 1562 προστετηκότας
2049 1490 2311 1564 εὑρόντες
2342 1491 2454 1545 τῶν
2486 1490 2685 1545 κλοιῶν
2716 1491 2846 1555 τοὺς
2878 1491 3098 1557 ἀθλίους
3133 1493 3365 1564 ἀνῆκαν.

511 1576 577 1631 θ’.
614 1577 770 1631 Ἐπεὶ
799 1577 857 1632 δὲ
903 1583 1209 1651 πεμπταῖοι
1254 1584 1335 1647 είς
1380 1581 1686 1637 Μονόπολιν
1728 1582 2014 1652 ἀφίκοντο,

436 1669 658 1742 ὶπεξῄει
704 1671 803 1740 μὲν
837 1671 1022 1737 αὐτοῖς
1053 1673 1175 1727 οὐδὲ
1208 1669 1290 1739 εἷς
1324 1674 1484 1744 (ἔφθη
1508 1675 1617 1746 γὰρ
1646 1677 1680 1747 ἡ
1704 1676 1864 1748 φήμη
1883 1691 2019 1746 προ·

2196 1581 2249 1636 9.
2297 1580 2657 1652 Posteaquam
2707 1582 2899 1652 quinlo
2951 1582 3076 1638 inde
3134 1584 3221 1639 die
3272 1588 3339 1641 ad
3380 1585 3703 1656 Monopolim

2124 1684 2410 1740 venerunt,
2469 1689 2626 1730 nemo
2682 1676 2747 1730 iis
2790 1677 3030 1730 occurrit
3076 1674 3330 1732 hostium.
3389 1677 3505 1747 Ipsa
3556 1681 3701 1736 enim

437 1762 831 1832 καταπλήξασα
865 1763 1089 1829 τούτους
1113 1764 1264 1820 ἔνδον
1314 1767 1504 1821 ἐλάσαι
1531 1766 1747 1838 τειχῶν)
1760 1767 1945 1839 ,ηὑπὲρ
1960 1766 2011 1820 δὲ

2120 1764 2228 1832 jam
2278 1775 2400 1822 ante
2433 1764 2573 1820 fama
2607 1767 2936 1822 consternati
2968 1767 3107 1821 intra
3142 1769 3336 1822 moenia
3371 1783 3428 1823 sc
3455 1773 3703 1826 contine-

435 1853 544 1906 τῶν
574 1852 798 1924 πύργων
826 1854 1089 1910 πάνοπλοι
1142 1858 1470 1930 ἑστήκεσαν,
1504 1859 1559 1912 εῐ
1575 1876 1658 1922 τις
1687 1857 1915 1930 ἐπιϐολὴ
1937 1858 2016 1929 τῷ

438 1945 712 2018 περιϐόλῳ
742 1948 959 2002 ὲπέλθοι
993 1949 1381 2020 ἀμυνούμενοι.
1422 1949 1556 2004 Τότε
1589 1952 1690 2021 μὲν
1722 1946 1816 2006 οὖν
1848 1950 2016 2005 αὑτοῦ

438 2055 538 2091 που
568 2040 626 2091 ἐν
652 2040 927 2111 ἐπικαίρῳ
975 2041 1076 2111 τῆς
1106 2041 1316 2108 πόλεως
1347 2043 1409 2096 οὐ
1457 2042 1638 2113 πολλῴ
1685 2042 1890 2097 άποθεν
1923 2043 2016 2097 τὸν

435 2130 656 2201 χάρακα
687 2132 994 2203 πηξάμενοι
1038 2134 1256 2204 έμενον.
1298 2135 1450 2188 Ἐπεὶ
1482 2134 1539 2188 δὲ
1576 2136 1671 2189 καὶ
1701 2134 1760 2188 δν
1813 2135 1879 2189 ὲκ
1903 2135 2012 2189 Βα-

438 2224 574 2293 ρέως
622 2224 1046 2296 μετεπέμψαντο
1064 2227 1162 2297 ἤδη
1202 2226 1286 2299 [Ρ.
1316 2226 1408 2300 90]
1453 2227 1659 2295 στόλον,
1708 2226 2014 2281 Μονοπόλει

436 2315 695 2387 προσχὼν
723 2318 792 2369 τὰ
846 2320 904 2380 ἐς
943 2318 1260 2389 πολιορκίαν
1308 2318 1554 2391 αὐτάρκη
1607 2318 1857 2391 ἐκόμισε,
1893 2320 2014 2373 τότε

434 2406 496 2478 δὴ
518 2410 822 2480 πανστρατὶ
851 2409 928 2479 τῷ
953 2409 1224 2481 περιϐόλῳ
1246 2410 1527 2465 ἐπέθεντο.
1572 2409 1734 2464 Ἀλλά
1763 2411 2015 2464 Μονοπο-

432 2497 575 2551 λῖται
604 2497 701 2552 ἆτε
733 2500 826 2566 ἀφ’
864 2500 1070 2571 ὑψηλοῦ
1126 2502 1183 2565 ἐς
1213 2503 1339 2562 τοὺς
1369 2500 1665 2572 πολεμίους
1725 2498 2010 2571 βάλλοντες

436 2580 807 2663 ἀπεκρούοντό
837 2610 894 2647 τε
945 2595 1072 2658 τοὺς
1103 2596 1429 2666 προσιόντας
1478 2592 1773 2664 Ῥωμαίων
1801 2591 1897 2647 καί
1933 2608 2014 2645 τι-

435 2701 532 2749 νας
558 2684 821 2741 ἔκτεινον.
861 2688 938 2740 Ἦ
960 2703 1020 2740 τε
1057 2686 1205 2758 μάχη
1236 2686 1382 2757 πρωῒ
1411 2685 1699 2759 ἀρξαμένη
1735 2685 1794 2749 ἐς
1842 2683 2013 2738 νύκτα

436 2777 715 2834 ἐτελεύτα.
753 2780 1018 2851 Ῥωμαῖοι
1052 2780 1152 2851 μ’ὲν
1200 2779 1315 2847 οὖν,
1370 2779 1559 2852 ἐπειδὴ
1613 2775 2014 2841 συνεσκόταζεν

434 2874 558 2946 ἤδη,
595 2875 687 2928 ἐπὶ
711 2875 772 2929 τὸ
803 2874 1167 2946 στρατόπεδον
1200 2875 1578 2948 ἀνεχώρησαν.
1645 2872 2012 2929 Μονοπολῖται

435 2964 494 3018 δὲ
517 2964 762 3033 φυλακὰς
792 2968 887 3019 ἐπὶ
938 2967 1049 3020 τῶν
1114 2966 1342 3035 πύργων
1367 2961 1514 3038 εἶχον
1562 2965 1626 3018 ὲκ
1668 2961 2010 3036 περιτροπῆς

434 3048 794 3115 καθιστάντες
824 3051 930 3114 ἀεὶ,
967 3051 1042 3113 ὡς
1068 3050 1143 3123 μὴ
1194 3050 1406 3104 λάθοιεν
1435 3046 1914 3119 κακουργήσαντές
1957 3061 2011 3097 τι

2125 1860 2274 1913 bant.
2342 1858 2401 1912 In
2463 1858 2699 1912 turribus
2756 1864 2936 1911 autem
2992 1860 3183 1912 armati
3221 1860 3615 1925 coxxstitere,ut
3653 1862 3699 1918 si

2119 1951 2242 2020 quis
2281 1948 2332 2005 in
2365 1948 2562 2004 vallum
2602 1952 2753 2003 ticret
2781 1949 3034 2019 impetus,
3062 1958 3247 2005 contra
3277 1950 3315 2005 ii
3344 1951 3697 2008 absiste-ent.

2122 2039 2353 2094 Romani
2387 2039 2567 2109 itaque
2593 2040 2783 2109 positis
2810 2038 3000 2094 idnneo
3024 2039 3146 2096 loco
3180 2041 3320 2095 haud
3347 2042 3532 2111 procul
3573 2043 3698 2098 inde

2116 2130 2337 2197 castris,
2363 2129 2676 2186 consedere.
2716 2129 2821 2185 Sed
2863 2130 2973 2198 ubi,
2999 2144 3160 2201 qnam
3213 2130 3335 2186 Bari
3363 2132 3694 2199 acciverant,

2117 2224 2330 2290 classis,
2387 2237 2507 2295 quas
2558 2223 2624 2279 ad
2679 2224 3138 2295 oppugnationem
3200 2226 3504 2282 necessaria
3539 2238 3696 2283 erant

2117 2315 2354 2381 advexit,
2417 2330 2541 2370 cum
2590 2315 2842 2371 omnibus
2898 2315 3069 2385 copiis
3114 2317 3314 2371 mtruia
3350 2318 3691 2374 adoriuntur.

2114 2405 2185 2458 At
2225 2403 2608 2476 llouopolitani
2657 2406 2873 2461 emissis
2926 2420 2992 2461 ex
3054 2406 3164 2461 alto
3223 2407 3278 2461 in
3343 2408 3526 2465 hostes
3570 2409 3693 2466 telis

2115 2498 2410 2553 subeuntes
2427 2498 2691 2569 repellunt
2714 2499 3008 2562 Romanos,
3039 2498 3429 2568 nonnullasque
3454 2499 3691 2557 caedunt.

2114 2588 2332 2660 lucepto
2385 2604 2542 2645 mane
2596 2590 2780 2661 praelia
2827 2589 2878 2643 in
2937 2598 3150 2645 noctem
3206 2604 3377 2660 usque
3399 2601 3687 2662 protracto,

2114 2680 2369 2749 Romani,
2426 2696 2547 2737 cum
2595 2681 2703 2750 iam
2753 2672 3263 2751 advesperasceret,
3314 2682 3364 2737 in
3402 2694 3580 2740 castra
3602 2699 3695 2741 re-

2119 2780 2424 2828 vertuntur.
2471 2772 2859 2843 Monopolitani
2894 2771 3052 2844 155
3082 2787 3211 2829 vero
3236 2773 3288 2828 in
3319 2774 3561 2832 turribus
3598 2790 3696 2831 cu-

2115 2864 2324 2921 stodias
2369 2864 2569 2929 locant,
2628 2879 2830 2934 easque
2899 2879 2993 2935 per
3028 2866 3170 2920 vices
3210 2856 3430 2935 'sempcr
3460 2876 3691 2937 mutant,

2115 2972 2184 3011 ne
2212 2956 2260 3011 si
2295 2955 2426 3027 quid
2460 2956 2686 3012 Romani
2713 2957 2780 3011 de
2810 2966 2968 3012 nocte
2990 2964 3339 3025 attentarent,
3364 2973 3459 3015 eos
3482 2959 3690 3016 lateret.

2113 3047 2381 3118 Utrinque
2420 3058 2679 3118 praeterea
2735 3048 3172 3102 accendebantur
3227 3049 3398 3120 ignes,
3441 3051 3694 3121 tibiaeque

434 3143 653 3214 νύκτωρ
682 3144 774 3197 ἐπὶ
797 3142 893 3216 τὴν
928 3143 1081 3198 πόλιν
1137 3142 1422 3213 Ῥωμαῖοι.
1463 3142 1620 3208 Πυρά
1638 3158 1697 3194 τε
1736 3141 2008 3211 ἑκατέρω-

2113 3153 2175 3193 ac
2196 3138 2333 3193 tubae
2351 3148 2605 3209 perstrepi
2623 3139 2772 3194 baut.
2794 3137 3017 3209 Jamque
3045 3147 3287 3194 exortam
3309 3150 3694 3209 praetervectus

437 3226 530 3279 θεν
567 3227 817 3281 ἐκαίοντο
845 3228 1035 3290 πολλὰ,
1070 3227 1166 3281 καὶ⁸
1217 3226 1372 3280 αύλοὶ
1402 3227 1497 3279 καὶ
1533 3224 1792 3297 σύριγγες
1821 3223 2005 3293 ῆχουν.

439 3310 603 3380 ’Ἄρτι
631 3310 688 3365 δὲ
714 3312 805 3365 τὸν
833 3311 967 3382 ἑῷον
994 3311 1247 3382 ὁρίζοντα
1286 3307 1647 3381 παραμείψας
1679 3307 1831 3378 ἥλιος
1863 3308 1921 3369 ές
1950 3304 2011 3356 τδ

434 3396 535 3463 τῆς
560 3394 664 3463 γῆς
718 3395 1043 3465 παρέκυπτε
1097 3394 1412 3465 πρόσωπον,
1474 3392 1567 3446 καὶ
1609 3392 1873 3459 Ῥωμαῖοι
1908 3389 2011 3459 μὲν

433 3485 545 3538 τῶν
579 3486 999 3557 χαρακωμάτων
1025 3487 1263 3554 ἐξιόντες
1291 3488 1385 3541 ἐπὶ
1425 3486 1536 3540 τῶν
1576 3485 1756 3557 ἔργων
1781 3484 1876 3538 καὶ
1903 3482 2010 3536 πά-

432 3577 518 3631 λιν
545 3578 807 3647 ἐγίνοντο,
859 3578 1226 3633 Μονοπολῖται
1280 3577 1338 3631 δὲ
1377 3578 1565 3648 δρόμῳ
1596 3575 1690 3629 καὶ
1739 3575 2008 3637 αὐτοὶέίς

431 3668 535 3732 τὰς
586 3667 841 3734 ἐπάλξεις
859 3668 1113 3739 ἐχώρουν
1147 3670 1245 3723 καὶ
1290 3667 1429 3739 πρὸς
1466 3669 1580 3732 τοῖς
1630 3666 1815 3731 ὅπλοις
1845 3661 2007 3737 ἦσαν.

433 3762 548 3816 Καὶ
596 3762 746 3831 ἀγὼν
797 3758 954 3826 αὖθις
984 3763 1225 3834 ήπλοῦτο
1278 3764 1516 3830 ἐξαίσιος
1563 3757 1675 3826 οἷος
1715 3762 2008 3832 Ῥωμαίοις

435 3854 538 3926 μὲν
586 3854 684 3926 τὴν
709 3857 767 3920 ἐς
792 3854 854 3909 τὸ
887 3858 1064 3927 τεῖχος
1090 3855 1436 3927 βιαζομένοις
1476 3855 1681 3918 ἄνοδον,
1710 3853 2010 3908 Μονοπολί-

434 3965 558 4013 ταις
584 3949 640 4003 δὲ
673 3950 997 4021 προσιόντας
1018 3949 1360 4003 ἀπωθεῖσθαι
1389 3949 1515 4012 τοὺς
1549 3947 1858 4018 πολεμίους.
1893 3946 2009 4002 Μέ-

430 4059 528 4112 χρι
562 4041 661 4111 μὲν
702 4035 798 4095 οῦν
820 4058 964 4103 τινος
1005 4041 1097 4094 ἐπὶ
1120 4041 1382 4105 τοιούτοις
1404 4040 1723 4094 ἐπονοῦντο·
1752 4040 1815 4092 τὸ
1842 4039 1887 4093 δ’
1916 4042 2010 4093 ὲν-

429 4130 626 4184 τεῦθεν
643 4130 757 4202 πῦρ
787 4131 917 4184 ἔνθα
939 4132 1008 4185 τὰ
1034 4131 1217 4201 σκάφη
1243 4130 1640 4193 Μονοπολίταις
1671 4129 1926 4200 ὑφώρμει
1948 4129 2010 4182 τὸ

441 4223 737 4292 Ῥωμαίων
775 4224 1014 4294 ἐμϐαλὸν
1056 4225 1373 4295 στράτευμα
1403 4221 1580 4291 φλόγα
1616 4220 1885 4291 μεγίστην
1910 4221 2012 4291 ἀρ-

431 4313 596 4383 θῆναι
629 4315 905 4385 ἐποίησεν.
960 4315 1091 4374 Ὅτε
1127 4317 1221 4369 καὶ
1256 4315 1367 4368 τῶν
1399 4330 1485 4378 τις
1524 4313 1814 4383 Ῥωμαίων
1846 4329 2010 4382 στρα-

431 4407 648 4461 τιωτῶν
686 4408 962 4472 ἰκανάτος
994 4407 1283 4477 ἐπίκλησιν
1308 4406 1468 4477 λόγου
1502 4409 1598 4460 καὶ
1618 4404 1788 4474 ἀκοῆς
1821 4405 2009 4476 εῐργα-

2114 3244 2362 3284 auroram
2413 3245 2568 3285 suum
2615 3231 2770 3284 terris
2822 3229 2985 3301 juba‘r
3037 3230 3119 3285 sol
3187 3230 3504 3295 inferebat,
3566 3247 3691 3288 cum

2112 3323 2309 3391 egressi
2341 3336 2372 3376 e
2418 3321 2559 3376 vallo
2592 3320 2820 3377 Romani
2885 3322 3334 3393 Oppugnationem
3386 3324 3564 3380 denuo
3594 3340 3692 3396 ag-

2112 3413 2450 3485 grediuntur.
2496 3413 2881 3483 Monopolitani
2942 3423 3129 3469 contra
3165 3430 3327 3471 cursu
3377 3431 3437 3472 se
3482 3418 3535 3472 in
3566 3432 3692 3488 pro-

2111 3507 2410 3577 pugnacula
2467 3505 2847 3576 proripientes,
2894 3507 3132 3563 vicissim
3159 3518 3453 3577 capessunt
3512 3524 3688 3570 arma.

2112 3596 2350 3654 Rursum
2377 3597 2544 3667 igitur
2569 3598 2759 3668 ingens
2788 3598 3121 3654 instauratur
3145 3608 3443 3667 certamen,
3491 3600 3692 3658 Roma-

2112 3689 2197 3744 nis
2252 3689 2504 3744 nimirum
2553 3690 2602 3743 vi
2650 3689 2948 3746 ascendere
3034 3703 3217 3747 mnros
3290 3693 3687 3757 annitentibus,

2113 3780 2412 3837 subeuntes
2465 3795 2593 3835 vero
2674 3780 3056 3851 repellentibus
3107 3780 3545 3853 Monopolitanis.
3596 3784 3691 3842 Sic

2113 3871 2424 3941 aliquandiu
2454 3871 2509 3927 in
2550 3874 2615 3927 iis
2672 3872 2997 3928 laboratum.
3030 3871 3316 3930 Exercitus
3347 3876 3542 3932 deinde
3577 3875 3688 3932 Ro-

2113 3977 2304 4019 manus
2351 3964 2461 4033 igni
2523 3965 2743 4034 injecto,
2777 3965 2867 4019 ubi
2892 3962 3102 4037 navigia
3159 3967 3528 4022 subduxerant
3571 3967 3689 4023 Mo-

2111 4056 2425 4124 nopolitani,
2474 4057 2744 4125 ingentem
2792 4054 3063 4111 ﬂammam
3138 4059 3451 4114 excitarunt
3510 4077 3527 4115 :
3578 4077 3689 4132 quo

2112 4156 2223 4201 tum
2268 4156 2507 4216 tempore
2564 4147 2838 4202 Romanus
2890 4147 3107 4215 quidam
3164 4147 3342 4215 miles,
3394 4147 3691 4208 ﬂicamtus

2112 4238 2350 4301 nomine,
2412 4253 2520 4290 rem
2556 4236 2708 4292 dictu
2744 4236 3036 4307 audituque
3080 4237 3294 4308 dignam
3341 4240 3528 4309 gessit.
3563 4239 3683 4297 Mo-

2112 4325 2345 4395 nopolim
2397 4326 2596 4397 quippe
2643 4340 2828 4380 murus
2879 4326 3257 4398 circumcingit
3306 4326 3530 4398 duplex,
3587 4331 3688 4386 sed

2110 4418 2336 4473 interior
2364 4417 2529 4473 altius
2553 4420 2799 4483 eductus,
2828 4417 3078 4474 hostilem
3105 4433 3442 4490 nequaquam
3470 4422 3689 4477 hastam

438 4517 535 4554 στο
559 4500 704 4566 ἀξια.
735 4500 1039 4554 Μονόπολιν
1083 4498 1193 4571 γάρ
1223 4499 1389 4552 διπλᾶ
1443 4497 1544 4568 μὲν
1573 4496 1803 4562 ζὼννυσι
1828 4498 2003 4569 τείχη,

2118 4516 2332 4564 veretur
2363 4508 2540 4564 :alter
2587 4518 2767 4562 autem
2799 4508 2955 4564 tertia
2984 4518 3137 4579 parte
3188 4509 3364 4565 minor
3391 4510 3534 4568 illius
3561 4511 3686 4568 fun-

431 4589 569 4643 ἀλλά
615 4591 676 4642 τὸ
727 4589 827 4659 μὲν
858 4589 1004 4643 ἔνδον
1039 4589 1135 4642 ἐπὶ
1173 4587 1427 4641 πλεῖστόν
1479 4603 1540 4639 τε
1593 4587 1884 4660 ἐπαίρεται
1911 4588 2008 4641 καὶ⁸

429 4681 696 4752 πολεμίου
720 4681 875 4753 δορὸς
903 4681 1062 4750 λόγον
1089 4680 1279 4735 οὐδένα
1300 4679 1365 4733 τὸ
1395 4679 1663 4750 παράπαν
1684 4679 2003 4749 πεποίηται,

428 4774 492 4829 τὸ
517 4774 562 4825 δ’
594 4773 721 4827 ἀλλο
752 4776 809 4838 ἐς
833 4773 1187 4846 τριτημόριον
1229 4773 1465 4843 μάλιστα
1495 4771 1591 4825 τοῦ
1629 4774 1897 4843 προτέρου
1922 4774 2008 4826 αξ-

431 4869 663 4940 ρόμενον
695 4867 792 4931 τὰς
840 4869 1115 4937 κρηπῖδας
1143 4866 1296 4936 αὐτῷ
1324 4864 1587 4937 περιθέει.
1638 4864 1725 4927 Ἐς
1753 4863 1912 4917 τοῦτο
1941 4864 2005 4935 δὴ

428 4961 492 5014 τὸ
519 4960 825 5030 περίτειχος
873 4958 966 5012 δύο
993 4958 1139 5021 τινὲς
1175 4958 1563 5013 Μονοπολιτῶν
1592 4957 1894 5022 ἀναόάντες
1909 4959 2009 5012 αῦ-

427 5049 514 5103 τοί
563 5066 624 5101 τε
674 5050 730 5112 ἐς
755 5050 882 5111 τοὺς
907 5048 1205 5119 πολεμίους
1248 5048 1474 5101 ἔϐαλλον
1514 5048 1608 5101 καὶ
1660 5048 1785 5111 τοὺς
1812 5047 2007 5112 ἄλλους

432 5140 569 5212 πρὸς
611 5139 772 5193 τοῦτο
819 5140 1163 5211 παρώρμων.
1205 5139 1384 5209 Ὅπερ
1408 5140 1580 5191 ἰδὼνὸ
1602 5139 1876 5202 Ἱκανάτος
1905 5139 2005 5192 σὺν

431 5233 514 5301 τῷ
549 5231 735 5302 δόρατι
777 5232 1049 5294 ἐπελάσας
1077 5230 1308 5301 θατέρου
1341 5236 1451 5284 τῶν
1479 5232 1789 5302 εἰρημένων
1811 5245 2006 5283 κατευ-

434 5328 636 5396 στοχεῖ.
683 5326 744 5379 Ὃ
791 5325 848 5379 δὲ
875 5325 1069 5389 ὕπτιος
1098 5325 1360 5396 παραυτά
1399 5322 1746 5395 ἐξεκυλίσθη,
1797 5323 1896 5396 βοή
1942 5339 2005 5376 τε

430 5421 569 5490 πρὸς
599 5421 690 5474 τοῦ
723 5421 1012 5490 Ῥωμαίων
1056 5418 1199 5491 ῆρθτι
1228 5415 1463 5489 στρατοῦ
1513 5418 1609 5471 καὶ
1638 5417 1830 5486 κρότος
1859 5416 2006 5483 ἐξαί-

431 5513 551 5576 σιός
577 5529 637 5565 τε
666 5513 762 5566 καὶ
810 5514 982 5583 ἀκοῆς
1013 5517 1284 5582 κρείσσων
1314 5511 1554 5580 ἐγένετο.
1594 5509 1738 5580 Πρὸς
1770 5508 1799 5562 ὃ
1835 5524 2007 5563 κατα-

430 5605 732 5673 πλαγέντες
753 5605 803 5658 οἱ
826 5603 920 5657 ἐπὶ
947 5603 1057 5657 τῶν
1087 5602 1314 5674 πύργων
1343 5600 1665 5672 νομίσαντές
1694 5616 1755 5653 τε
1778 5600 1880 5672 ἤδη
1903 5601 2003 5673 τὴν

430 5700 589 5753 πόλιν
635 5700 861 5764 ἁλῶναι,
911 5697 1039 5760 τοὺς
1074 5696 1321 5767 πύργους
1370 5696 1622 5759 λιπόντες
1673 5694 1777 5749 ἀνά
1825 5695 2003 5768 μέσην

428 5793 532 5860 τὴν
564 5792 716 5849 πόλιν
740 5790 1002 5863 ἐχώρουν.
1034 5791 1147 5847 Καὶ
1179 5792 1228 5845 εί
1272 5792 1347 5863 μὴ
1396 5793 1532 5862 ταχὺ
1564 5790 1626 5845 τὸ
1649 5791 1885 5862 πρᾶγμα
1918 5791 2005 5845 αι-

2108 4601 2360 4656 damenta
2405 4601 2807 4657 circumambit.
2858 4602 2913 4655 In
2973 4600 3117 4657 hunc
3162 4600 3327 4672 igitur
3356 4604 3685 4660 exteriorem

2110 4708 2320 4748 murum
2380 4693 2742 4748 ascenderunt
2800 4690 3184 4761 Monopotitaui
3241 4694 3369 4760 duo,
3430 4695 3523 4764 qui
3558 4696 3687 4752 telis

2109 4781 2233 4836 inde
2284 4781 2470 4836 hostes
2508 4781 2868 4846 lacessebant,
2926 4791 3258 4851 caeterosque
3289 4791 3349 4835 ut
3380 4782 3524 4838 idem
3557 4798 3686 4854 age-

2109 4882 2232 4928 rent
2264 4870 2640 4926 hortabantur.
2667 4871 2820 4938 Quod
2875 4872 2964 4927 ubi
3033 4873 3297 4943 conspicit
3362 4875 3681 4942 llicanatus,

2108 4970 2322 5032 arrepta
2379 4964 2539 5018 hasta
2589 4976 2655 5017 eo
2712 4962 3053 5032 perveniens,
3084 4963 3314 5019 alterum
3341 4965 3497 5021 exiis
3530 4965 3679 5033 ferit,

2106 5054 2527 5125 prosternitque.
2561 5052 2685 5109 Mox
2742 5055 2936 5123 ingens
2968 5055 3173 5111 tollitur
3197 5072 3227 5110 a
3253 5055 3501 5111 Romano
3525 5071 3683 5112 exer-

2107 5148 2216 5202 citu
2263 5144 2424 5216 1'56
2471 5144 2699 5210 clamor,
2757 5153 3049 5217 tantusque
3106 5147 3361 5217 plausus,
3436 5159 3497 5202 ut
3544 5149 3682 5204 nihil

2107 5242 2402 5313 quidquam
2449 5240 2697 5297 exaudiri
2756 5250 2961 5311 posset.
2999 5239 3156 5298 Unde
3197 5242 3481 5299 conterriti
3505 5243 3600 5314 qui
3626 5243 3685 5299 in

2107 5336 2348 5391 turribus
2375 5337 2596 5391 stabant
2624 5333 2901 5406 oppidani,
2938 5343 3151 5406 captam
3177 5335 3290 5405 iam
3340 5335 3527 5390 urbem
3555 5334 3680 5401 rati,

2108 5426 2310 5483 relictis
2333 5426 2574 5482 turribus
2589 5426 2725 5496 ipsis
2751 5426 2804 5481 in
2830 5427 3062 5482 mediam
3092 5428 3279 5481 urbem
3322 5426 3679 5497 confugiunt:

2107 5531 2163 5576 et
2222 5519 2277 5574 ni
2304 5520 2562 5575 continuo
2581 5532 2640 5575 re
2660 5520 2877 5588 cognita
2926 5519 2979 5573 in
3015 5517 3416 5588 propugnacula
3464 5533 3680 5574 rursum

2108 5624 2231 5666 sese
2290 5610 2642 5680 recepissent,
2680 5610 2813 5665 urbs
2858 5624 2888 5664 a
2956 5609 3216 5667 Romanis
3290 5609 3435 5666 illico
3488 5608 3682 5668 luisset

2108 5710 2288 5773 capta.
2351 5702 2445 5757 Sic
2491 5709 2606 5757 tum
2640 5699 2812 5757 altera
2866 5704 2920 5757 in
2952 5700 3279 5770 Monopolim
3315 5702 3476 5758 desiit
3512 5717 3685 5774 oppu-

2108 5796 2314 5867 gnatio.
2341 5793 2609 5867 Oppidani
2634 5808 2762 5852 vero
2789 5794 2880 5852 ubi
2905 5808 2966 5853 se
2990 5794 3253 5866 angustiis
3292 5795 3528 5869 undique
3555 5811 3686 5869 pre.
