4058 6416
470 404 573 478 497
1667 401 1692 460 Ι
1697 395 2072 460 lISTORIAF

2125 395 2206 455 IM
2249 395 2393 455 LIB.
2445 396 2545 456 IV.
3618 389 3727 454 493

473 501 649 570 μέσης
681 495 922 551 λιποῦσα
958 495 1188 558 τούτους
1229 491 1542 564 ἀνακάμψῃ
1572 491 1670 560 τῆς
1713 491 1859 544 ὁδοῦ.
1893 487 2058 540 Ὅθεν

2167 485 2313 538 infidi
2357 486 2586 539 comites
2632 483 2828 549 solent,
2890 483 3041 553 ipsos
3098 482 3150 537 in
3209 482 3382 539 media
3416 481 3499 537 via
3529 482 3750 538 relictos

471 593 568 645 καὶ
601 589 840 661 γράμμα
873 589 1118 659 χαράξας
1153 586 1230 657 τῷ
1292 587 1501 654 βασιλεῖ
1541 585 1809 656 ἔπεμψεν.
1842 582 1970 653 Εἶχε
2001 583 2058 636 δὲ

2160 577 2458 631 desereret.
2515 574 2678 628 Mittit
2723 575 2905 644 itaque
2938 575 3146 629 litteras
3195 576 3261 629 ad
3342 577 3748 643 imperatorem,

472 681 598 737 ὦδε·
638 701 656 736 ι
693 682 779 756 [Ρ.
815 681 908 754 92]
945 683 1006 736 Εἰ
1039 683 1138 752 μὲν
1189 681 1379 753 μηδεὶς
1417 680 1498 734 ἔτι
1552 682 1648 734 ἐπὶ
1680 682 1778 749 τῆς
1825 679 2060 740 Ἰταλίας

2161 683 2389 737 quarum
2442 669 2543 722 hoc
2579 665 2680 720 fuit
2729 677 3149 736 argumentum:
3190 687 3208 720 ι
3260 666 3316 722 Si
3371 667 3575 721 nullum
3603 668 3748 721 aliud

474 775 712 846 πόλεμος
772 775 907 845 ἡμῖν
969 774 1246 840 ἐλείπετο,
1312 774 1574 844 κράτιστε
1619 771 1885 844 βασιλεῦ,
1936 772 2060 826 οὔτε

2164 761 2216 814 in
2255 760 2407 815 Italia
2441 759 2600 814 nobis
2624 769 2935 827 superesset
2979 758 3199 820 bellum,
3235 759 3470 814 maxime
3508 759 3752 827 impera~

477 868 739 936 στρατιᾶς
775 865 944 936 ἄλλης
981 866 1206 937 ἐδέησεν
1239 867 1305 920 ἂν
1337 865 1461 920 οὔτε
1483 866 1592 920 τῶν
1618 865 1796 919 ἄλλων
1824 865 2059 927 οὐδενός.

2167 861 2272 912 tor,
2313 866 2486 920 neque
2513 850 2754 906 exercitu
2789 850 2896 904 alio
2931 865 3106 917 neque
3143 860 3461 904 caeterarum
3509 849 3751 905 subsidio

480 959 663 1012 Πάντα
686 959 794 1026 γὰρ
823 960 884 1022 ἐς
920 959 1079 1030 τήνδε
1117 960 1217 1030 τὴν
1245 960 1463 1030 ἡμέραν
1492 959 1631 1012 κατὰ
1662 960 1788 1013 νοῦν
1817 976 2066 1029 κεχωρη-

2169 958 2347 996 rerum
2377 958 2510 1012 opus
2542 941 2702 997 foret.
2735 941 2930 996 Omnia
2960 943 3102 998 enim
3130 942 3183 996 in
3217 942 3366 996 hunc
3397 957 3571 1010 usque
3607 942 3751 996 diem

478 1049 632 1101 κέναι
660 1049 792 1116 ἡμῖν
824 1048 956 1113 ἴσθι,
986 1049 1144 1113 πόλις
1173 1067 1232 1102 τε
1290 1050 1478 1119 σχεδὸν
1509 1051 1750 1117 ἁπάσας,
1782 1053 1980 1105 ὁπόσαι
2006 1054 2066 1104 ὲν

2166 1050 2230 1089 ex
2265 1045 2389 1088 voto
2421 1036 2576 1090 nobis
2600 1035 2938 1091 successisse
2962 1035 3124 1099 scias,
3153 1036 3318 1089 urbes
3351 1033 3520 1088 ferme
3537 1049 3749 1097 omnes,

491 1133 695 1207 Ἰταλίᾳ
714 1139 1080 1208 τυγχάνουσιν
1103 1135 1260 1194 οὖσαι
1290 1142 1383 1194 καὶ
1418 1139 1605 1209 κόλπῳ
1633 1142 1712 1212 τῷ
1749 1143 1937 1214 Ἰονίῳ,
1959 1159 2065 1197 πα-

2166 1137 2430 1196 quotquot
2476 1138 2596 1182 sunt
2633 1128 2686 1182 in
2723 1127 2873 1182 Italia
2908 1136 2963 1181 et
3019 1127 3085 1180 ad
3110 1127 3289 1181 sinum
3317 1140 3487 1194 usque
3521 1125 3750 1188 louiuuz,

485 1231 923 1300 ραστησαμένοις
958 1232 1059 1302 ήδη
1095 1233 1191 1286 καὶ
1219 1234 1356 1304 πρός
1383 1251 1447 1300 γε
1481 1235 1757 1304 πολέμους
1787 1253 2066 1307 κεκρατη-

2171 1219 2224 1272 ἰη
2260 1220 2518 1274 ditionem
2557 1234 2653 1272 nos
2678 1217 2974 1287 accepisse,
3033 1233 3339 1286 magnaque
3357 1216 3497 1272 bella
3534 1217 3600 1271 ad
3634 1231 3754 1268 ma-

483 1321 602 1374 κόσι
640 1323 913 1390 μεγάλους
964 1323 1246 1394 βασιλείας
1273 1343 1333 1378 τε
1389 1327 1487 1396 τῆς
1520 1327 1621 1395 σῆς
1665 1328 1759 1380 καὶ
1789 1327 1884 1381 τοῦ
1930 1328 2067 1382 Ῥω-

2164 1309 2378 1378 jestatis
2405 1322 2506 1364 tua:
2551 1309 3034 1380 Romanorumque
3060 1310 3286 1380 gloriam
3311 1325 3407 1364 nos
3429 1309 3753 1364 confecisse.

488 1407 662 1476 μαίων
696 1409 937 1474 ἐπαξίως
959 1410 1169 1479 γένους.
1213 1413 1368 1466 Ἐπεὶ
1392 1413 1447 1466 δὲ
1475 1413 1624 1482 ἀγὼν
1648 1417 1778 1485 ήμτν
1812 1418 1839 1468 6
1862 1417 2067 1484 μείζων

2172 1403 2279 1457 Sed
2328 1418 2450 1456 cum
2510 1403 2668 1472 longe
2717 1403 2938 1472 gravius
2993 1401 3453 1456 nobisimmineat
3479 1409 3755 1455 certamen

484 1500 823 1570 ἐπίπροσθεν
875 1503 957 1555 ἔτι
1003 1505 1184 1558 κεῖται
1233 1505 1559 1574 (Γιλίελμος
1595 1507 1702 1579 γάρ
1747 1510 1775 1561 6
1818 1509 2069 1562 Σικελίαν

2174 1493 2498 1563 (Gulielmus
2533 1494 2733 1563 quippe
2780 1493 2981 1548 Sicilia:
3011 1494 3191 1562 pra‘do
3221 1495 3290 1548 ob
3328 1507 3548 1548 suorum
3579 1491 3758 1560 jactu-

485 1591 786 1662 λῃστεύων,
825 1592 1114 1662 ἀσχάλλων
1165 1598 1241 1658 ὡς
1287 1596 1437 1660 εἰκὸς
1463 1599 1557 1652 ἐπὶ
1588 1602 1654 1669 τῇ
1689 1599 1800 1652 τῶν
1851 1601 2070 1654 οίκείων

2173 1601 2288 1640 ram
2345 1585 2485 1640 haud
2541 1585 2705 1640 dubie
2759 1587 3104 1656 indignatus,
3179 1584 3479 1639 contractis
3524 1583 3761 1650 undique

484 1681 756 1753 ἀπωλείᾳ,
791 1683 1047 1755 δυνάμεις
1104 1689 1482 1761 ἁπανταχόθεν
1510 1693 1722 1763 ἀγείρει
1754 1694 1850 1746 καὶ
1886 1694 2072 1746 στόλον

2175 1675 2351 1743 copiis
2395 1675 2678 1744 classeque
2721 1674 2899 1728 valida
2961 1675 3012 1728 in
3045 1689 3196 1729 mare
3244 1673 3507 1738 immissa,
3535 1681 3589 1726 et
3622 1671 3761 1724 mari

486 1774 621 1827 νεῶν
647 1775 722 1838 ὡς
763 1777 1031 1832 πλείστων
1073 1781 1168 1833 ἐπὶ
1229 1782 1508 1837 θάλασσαν
1565 1786 1666 1854 ἤδη
1703 1792 2073 1852 κατεσπακὼς

2177 1779 2230 1820 et
2254 1776 2396 1821 terra
2435 1782 2535 1820 nos
2561 1767 2776 1836 aggredi
2801 1765 3137 1837 meditatur),
3196 1781 3300 1820 nou
3335 1765 3762 1820 contemnendus

488 1865 623 1935 ἔχει,
665 1866 742 1930 ὡς
769 1870 833 1921 ὲκ
859 1869 962 1940 γῆς
992 1871 1124 1941 ἡμῖν
1159 1874 1252 1926 καὶ
1289 1831 1912 1948 θαλάσσηςιέπιτίθοιτο
1933 1831 2077 1934 κατά

2181 1868 2262 1913 est
2280 1858 2432 1912 nobis
2465 1858 2568 1912 iste
2595 1858 2832 1912 insulani
2860 1831 3174 1926 apparatus,
3227 1872 3401 1926 neque
3439 1857 3632 1912 bellum
3659 1857 3765 1911 hoc

487 1957 613 2012 νοῦν
645 1958 1026 2031 ποιούμενος),
1081 1963 1143 2016 ού
1173 1966 1279 2036 χρὴ
1343 1970 1472 2036 περὶ
1526 1947 1820 2035 ἐλάσσονος
1866 1971 2076 2042 ταύτην

2179 1950 2394 2020 segnius
2421 1950 2738 2019 gerendum,
2790 1964 2858 2004 ne
2893 1959 3046 2017 parta
3070 1965 3097 2002 a
3129 1949 3282 2004 nobis
3311 1950 3362 2003 in
3392 1963 3627 2018 praesens
3653 1947 3765 2017 glo-

491 2052 638 2119 ἡμᾶς
679 2053 954 2106 ποιεῖσθαι
989 2053 1088 2124 τὴν
1111 2057 1207 2109 τοῦ
1240 2059 1512 2130 νησιώτου
1563 2064 1925 2137 παρασκευὴν
1953 2067 2075 2120 οὐδὲ

2182 2038 2258 2092 ria
2283 2049 2527 2092 vertatur
2587 2039 2639 2093 in
2675 2039 3050 2109 ignominiam.
3110 2037 3182 2094 Ut
3215 2039 3362 2094 enim
3407 2039 3495 2093 ille
3521 2039 3764 2109 quicum

491 2142 786 2212 παρέργως
827 2145 1064 2214 πόλεμον
1099 2148 1250 2201 τόνδε
1291 2149 1572 2220 διαφέρειν
1594 2191 1608 2216 ,
1646 2130 1891 2225 ’μήποτε
1919 2157 2075 2220 κλέος

2181 2131 2358 2199 parvis
2388 2131 2596 2186 viribus
2631 2147 2716 2185 res
2748 2147 2972 2201 magnas
3009 2131 3172 2202 159
3197 2130 3528 2202 aggreditur,
3566 2131 3612 2186 si
3649 2145 3763 2185 rem

491 2234 623 2304 ἡμῖν
650 2235 712 2287 τὸ
745 2239 919 2310 παρὸν
949 2239 1004 2302 ἐς
1034 2238 1236 2303 ὄνειδος
1269 2243 1467 2311 μᾶλλον
1485 2222 1956 2318 άποκρνιθησεσθαι
1981 2253 2075 2320 γέ-

2181 2239 2438 2297 prospere
2492 2224 2811 2286 confecerit,
2845 2226 3106 2295 majorem
3164 2241 3326 2295 quant
3359 2225 3403 2278 si
3440 2239 3561 2278 cum
3591 2222 3765 2276 maxi«

490 2339 660 2381 νοιτο.
693 2327 765 2379 Τὸ
800 2329 908 2396 γὰρ
956 2330 1052 2382 σὺν
1089 2335 1306 2401 μικροῖς
1331 2335 1398 2388 τά
1435 2317 1648 2404 μεγάλα
1693 2317 1946 2407 μετιέναι
1973 2317 2075 2396 κα-

2180 2319 2308 2383 ntis,
2374 2318 2602 2388 gloriam
2671 2330 2951 2384 comparat
2987 2335 3000 2372 :
3034 2319 3105 2372 ita
3137 2324 3350 2380 contra,
3396 2317 3439 2370 si
3482 2329 3763 2385 perperam

491 2417 855 2490 διορθούμενον
886 2421 984 2490 μὲν
1016 2422 1186 2479 πλείω
1216 2425 1311 2478 τοῦ
1346 2428 1442 2480 σὺν
1475 2430 1758 2498 μεγίστοις
1789 2435 2075 2503 χαρίζεται

2180 2426 2269 2464 res
2323 2412 2570 2472 cesserit,
2641 2409 2919 2477 multiplex
2989 2409 3114 2463 imle
3171 2407 3446 2462 contrahit
3512 2409 3769 2474 dedecus,

491 2504 671 2571 δόξαν,
704 2509 1158 2581 ἁμαρτανόμενον
1185 2512 1243 2566 δὲ
1281 2515 1682 2572 πολλαπλάσιον
1715 2497 1980 2591 ἐπάγεται
2013 2526 2076 2578 τὸ

2179 2513 2303 2554 cum
2354 2510 2550 2567 praeter
2618 2499 2790 2568 ipsam
2843 2498 3048 2552 cladem
3114 2498 3190 2553 rei
3251 2497 3502 2554 militaris
3557 2497 3766 2552 inscitia

493 2593 706 2668 αἶσχος,
742 2598 838 2653 ἆτε
872 2600 1008 2670 πρὸς
1038 2605 1102 2671 τῇ
1131 2602 1271 2676 ἥττῃ
1300 2606 1392 2659 καὶ
1423 2608 1665 2678 ἀμαθίαν
1690 2588 2074 2682 στρατηγικῶν

2180 2591 2353 2644 vietos
2397 2588 2653 2644 amictare
2719 2590 2910 2654 soleat,
2961 2589 3036 2643 uti
3096 2603 3471 2658 saepenumero
3530 2599 3618 2642 tua
3660 2603 3761 2641 nos

493 2691 783 2763 ἔπιτρῖὸον
838 2695 952 2758 τοῖς
1018 2697 1333 2763 πταίσασιν,
1389 2698 1464 2764 ὥς
1508 2719 1572 2771 γε
1633 2705 1890 2770 πολλάκις
1927 2711 2077 2780 ἡμᾶς

2180 2681 2362 2736 docuit
2429 2682 2705 2750 majestas.
2765 2679 2968 2737 Horum
3029 2681 3192 2751 igitur
3255 2682 3479 2749 nequid
3533 2694 3767 2747 unquam

497 2781 700 2872 κράτος
725 2783 933 2850 ἐδίδαξε
965 2786 1025 2838 τὸ
1057 2787 1170 2842 σόν.
1224 2790 1310 2853 Ὠς
1340 2791 1518 2846 τοίνυν
1578 2796 1850 2866 μηδέποτε
1907 2771 2076 2872 μηδὲν

2181 2772 2339 2828 nobis
2399 2773 2708 2839 usuveniat,
2770 2772 3066 2843 majoribus
3091 2773 3247 2827 nobis
3301 2784 3356 2826 et
3406 2771 3691 2826 maritimis
3719 2779 3777 2825 et

497 2871 562 2924 ὲκ
606 2871 811 2928 τούτων
845 2875 977 2944 ἡμῖν
1004 2877 1316 2951 ἀπαντήσῃ,
1348 2882 1430 2936 δεῖ
1459 2885 1522 2954 δὴ
1554 2861 1799 2952 πλείονος
1825 2861 2075 2961 ήμίνῑὲν-

2185 2865 2538 2921 terrestribus
2605 2863 2780 2934 c0piis
2839 2879 2974 2934 opus
3030 2875 3134 2918 est.
3185 2883 3203 2914 ι
3245 2863 3370 2918 llaec
3427 2862 3536 2919 ille.
3594 2861 3774 2916 Rebus

495 2963 671 3018 ταῦθα
705 2969 962 3023 ναυτικοῦ
1008 2987 1068 3024 τε
1129 2973 1224 3026 καὶ
1267 2975 1575 3046 ὴπειρὼτου
1635 2984 1886 3053 στρατοῦ.
1928 3007 1944 3037 ι
1997 2989 2077 3042 Τὰ

2179 2957 2446 3026 Monopoli
2479 2957 2762 3023 ordinatis,
2798 2972 2918 3012 cum
2953 2957 3203 3013 omnibus
3228 2959 3352 3010 imle
3381 2957 3552 3026 cepils
3583 2971 3765 3011 exces-

501 3055 604 3126 μὲν
629 3055 694 3127 δὴ
721 3059 1028 3129 γράμματα
1059 3063 1116 3114 ἐν
1147 3061 1357 3128 τούτοις
1384 3062 1523 3138 ἦσαν
1550 3083 1566 3099 ο
1607 3072 1633 3123 6
1662 3070 1719 3124 δὲ
1769 3074 1954 3147 ἐπειδὴ
2006 3078 2075 3132 τὰ

2179 3055 2245 3110 sit
2273 3071 2288 3121 ;
2320 3064 2374 3110 et
2404 3054 2652 3118 Ostunio,
2686 3053 2866 3109 valido
2900 3054 2952 3107 in
2981 3053 3170 3122 primis
3231 3054 3448 3124 oppido,
3495 3069 3589 3124 per
3641 3067 3771 3108 con-

499 3149 883 3240 ὲνΜονοπόλει
915 3152 1094 3217 καλῶς
1115 3155 1218 3226 ἤδη
1247 3135 1580 3229 εἶχενναύτῷ,
1613 3166 1776 3218 παντὶ
1800 3167 1878 3238 τῷ
1907 3135 2066 3240 στρα-

2181 3135 2682 3215 ditiones,.potitus,
2738 3159 2928 3200 versus
2982 3144 3354 3199 Brundusium
3385 3145 3486 3200 iter
3513 3143 3767 3199 intendit-

499 3237 580 3311 τῷ
629 3241 842 3295 ἐκεῖθεν
899 3244 1235 3315 ἀπήλαυνεν,
1313 3247 1618 3306 Ὀστούνιόν
1676 3255 1789 3328 (94)
1841 3234 1899 3310 τε
1925 3234 2080 3315 πόλιν

2184 3237 2495 3294 Temessam
2538 3236 2813 3292 civitatem
2874 3235 3019 3290 illam
3067 3241 3329 3290 vocarunt.
3353 3245 3582 3290 veteres.
3612 3234 3760 3290 Lon-

500 3331 859 3406 ὀχυρωτάτην
892 3337 950 3388 ὲν
989 3340 1108 3400 ταῖς
1138 3339 1378 3408 μάλιστα
1413 3343 1677 3417 ὁμολογίᾳ
1724 3326 2082 3421 παραστησά-

2184 3345 2308 3400 gum
2322 3328 2518 3399 quippe
2539 3327 2838 3383 succedens
2865 3342 3037 3382 aevum
3067 3327 3325 3397 pleraque
3349 3326 3490 3394 apud
3525 3335 3768 3396 posteros

504 3442 668 3496 μενος
719 3427 807 3480 ἐπὶ
844 3428 1163 3499 Βρεντέσιον
1190 3433 1452 3503 ἠπείγετο
1491 3437 1646 3490 πόλιν
1673 3440 1886 3510 ἑτέραν,
1926 3418 1979 3512 ἢῂ
2017 3445 2082 3516 δὴ

2187 3434 2348 3478 novat
2373 3421 2610 3486 nomina,
2637 3428 2800 3489 atque
2839 3419 2892 3474 in
2925 3419 3052 3485 alia,
3091 3429 3183 3474 aut
3207 3418 3490 3474 dissimilia
3525 3419 3769 3479 omnino,

501 3517 725 3590 Τεμέσῃ
754 3519 867 3591 (95)
919 3521 980 3574 τὸ
1023 3522 1251 3578 παλαιὸν
1294 3525 1612 3596 ὠνομάζετο
1646 3547 1660 3561 ·
1714 3533 1851 3587 ἀλλὰ
1917 3510 2083 3600 πολὺς

2186 3525 2279 3570 aut
2301 3530 2490 3584 parum
2529 3513 2892 3581 discrepantia
2915 3511 3181 3566 immutat.
3216 3510 3283 3566 Ut
3328 3511 3394 3564 ad
3423 3511 3563 3564 hanc
3587 3510 3771 3562 urbem

505 3613 627 3681 μετ’
679 3614 863 3667 ἐκ;ῖνα
928 3615 1436 3689 ἀναττρεψαμένοις
1500 3625 1888 3695 ἐπιγενόμενος
1948 3628 2084 3683 αἰὼν

2188 3621 2483 3677 pervenere
2506 3605 2760 3671 Romani,
2782 3605 2939 3660 otiosi
2971 3618 3316 3674 permansere
3347 3621 3362 3658 :
3391 3603 3598 3659 Pascha
3628 3601 3771 3656 enim

503 3704 814 3776 ἐνεόχμωσε
845 3707 912 3761 τά
943 3708 1168 3764 πλεῖστα
1201 3711 1308 3765 τῶν
1340 3713 1642 3784 ὀνομάτων,
1692 3694 1778 3786 ἐφ’
1815 3720 1980 3792 ἔτερα
2049 3723 2081 3792 ἢ

2188 3699 2622 3756 Chrisdanorum
2680 3697 2943 3769 postridie
3002 3695 3242 3751 futurum
3313 3704 3450 3751 erat.
3495 3694 3775 3765 Ejusmodi

506 3798 856 3851 παντάπασιν
883 3799 1115 3870 ἀνόμοια
1155 3800 1376 3872 ἢόλίγῳ
1425 3785 1753 3876 διαφέροντα
1805 3785 2082 3877 μεταθείςί

2188 3793 2355 3847 otium
2384 3791 2611 3862 ignaviae
2673 3799 2726 3845 et
2781 3788 3056 3844 timiditati
3119 3788 3455 3842 aseribentes
3495 3785 3772 3856 oppidani,

503 3883 726 3955 Ταύτην
751 3886 938 3958 ἐπειδὴ
977 3887 1242 3958 Ῥωμαῖοι
1286 3891 1608 3959 κατέλαϐον,
1670 3897 1849 3967 ἠσυχῆ
1895 3898 2086 3968 ἔμενον

2192 3886 2426 3956 plurima
2481 3884 2619 3939 facta
2677 3882 2961 3952 eruptione
3009 3882 3073 3934 ad
3132 3884 3308 3949 ipsum
3357 3894 3529 3948 usque
3574 3877 3772 3931 vallum

503 3977 723 4049 (Πάσχα
749 3979 856 4050 γὰρ
883 3983 950 4053 τῇ
990 3981 1120 4052 ἑξῆς
1149 3983 1496 4054 Χριστιανοϊς
1536 3981 1627 4058 ἧν)
1655 4006 1668 4018 ο
1713 3989 1852 4062 ὅπερ
1893 3992 1943 4045 οί
1989 3994 2087 4064 τῆς

2191 3986 2503 4041 excurrunt,
2534 3976 2706 4032 donec
2733 3974 2964 4030 Romani
2987 3972 3189 4042 aliquot
3235 3971 3384 4025 inviti
3416 3984 3551 4038 pene
3580 3984 3775 4024 erum-

503 4071 716 4137 πόλεως
745 4073 946 4128 δειλίαν
967 4070 1107 4130 εἶναι
1134 4079 1458 4147 νομίσαντες
1490 4079 1754 4145 πολλάκις
1776 4063 2089 4150 ἐπεξιόντες
2192 4080 2345 4141 Dm":
2395 4070 2485 4140 (ιιιῖ
2523 4069 2587 4123 iis
2638 4068 2855 4122 “andem
2909 4064 3245 4135 Ρτοβυίεθίῖει
3298 4063 3350 4116 in
3379 4073 3556 4116 035"“
3592 4077 3776 4114 Γενετ-

503 4165 639 4236 ἄχρι
669 4167 762 4220 καὶ
789 4167 971 4221 αὐτῶν
1003 4171 1428 4240 χαρακωμάτων
1461 4171 1722 4240 ἐγίνοντο,
1783 4175 1887 4239 ἕως
1956 4176 2089 4230 Ῥω-

2195 4175 2401 4219 luatur.
2464 4162 2657 4217 Caeteri
2693 4160 2908 4230 quidem
2955 4158 3204 4221 Romani,
3262 4167 3318 4208 ttt
3351 4165 3534 4219 antea,
3583 4154 3775 4208 diebus

510 4262 662 4329 μαῖοι
698 4253 842 4315 οὗτοι
869 4261 1167 4314 ἐθελούσιοι
1201 4261 1407 4324 τούτοις
1436 4264 1899 4334 ἐπιπηδήσαντες,
1939 4269 2090 4320 ἐπει-

2195 4267 2348 4322 festis
2384 4265 2624 4320 debitum
2656 4262 3038 4332 impendebant
3067 4260 3294 4315 cultum.
3324 4257 3562 4313 Thomas
3593 4267 3772 4312 autem

504 4349 686 4420 δήπερ
714 4349 1057 4413 ἀπεώσαντο,
1097 4351 1190 4404 ἐπὶ
1216 4350 1279 4404 τὸ
1302 4353 1672 4423 στρατόπεδον
1703 4355 2084 4427 ἀνεχώρησαν.

2195 4370 2351 4429 gente
2381 4356 2772 4418 Autiochenus,
2803 4357 2894 4424 qui
2936 4351 3252 4424 jamdudum
3294 4352 3360 4405 ad
3398 4351 3776 4420 imperatorem

507 4445 572 4496 Οί
607 4444 707 4512 μὲν
737 4437 829 4496 οὖν
849 4443 1003 4498 ἄλλοι
1043 4443 1337 4515 Ῥωμαίων
1382 4445 1475 4498 ἐπὶ
1521 4447 1634 4508 τοῖς
1667 4447 1954 4518 προτέροις
1997 4451 2091 4502 καὶ

514 4528 845 4556 _1.‘..-.I__,.
895 4535 1149 4556 _1£-___"
1206 4534 1372 4556 -_,,,_,"
1444 4537 1647 4556 ,-_,,,,!
1704 4554 1718 4556 _
1768 4555 1801 4556 ,,
1890 4539 1928 4556 Λ
2034 4540 2060 4556 ιη

2201 4451 2589 4516 transfugerat,
2655 4449 2883 4517 sumptis
2936 4445 3123 4510 armis,
3151 4444 3291 4499 vallo
3351 4444 3582 4507 excedit,
3629 4458 3778 4497 eam.

2699 4543 2730 4556 ._
2776 4549 2788 4556 _
2855 4539 2954 4556 η..
3247 4553 3262 4556 _
3297 4541 3308 4556 .
3343 4553 3369 4556 Α,
3409 4537 3523 4556 μή,
3596 4535 3749 4556 μη,

509 4533 676 4586 πάλιν
705 4528 846 4606 ἦσαν
887 4535 1052 4598 σέϐας
1081 4536 1158 4604 τῷ
1204 4534 1383 4606 καιρῷ
1436 4537 1841 4608 παρεχόμενοι·
1888 4539 2092 4608 Θωμᾶς

2200 4558 2434 4612 pumque
2492 4543 2814 4611 perequitat.
2855 4539 2958 4596 Ubi
2988 4539 3216 4593 accessit
3243 4541 3308 4590 ad
3343 4537 3552 4603 urbem,
3596 4535 3779 4590 fortis.

508 4626 567 4680 δέ
598 4644 704 4693 τις,
733 4627 890 4696 γένος
918 4629 1020 4696 μὲν
1080 4629 1390 4700 Ἀντιοχεύς
1431 4628 1644 4698 βασιλεῖ
1693 4630 1748 4683 δὲ
1795 4630 2093 4713 αὐτόμολος

2201 4637 2396 4690 simum
2473 4645 2742 4700 quemque
2817 4633 2884 4684 ad
2955 4630 3225 4697 singulare
3304 4627 3463 4698 160
3525 4636 3780 4695 provocat

508 4721 575 4772 ὲκ
609 4720 826 4790 μακροῦ
872 4721 1266 4790 γεγενημένος,
1322 4721 1463 4775 ὅπλα
1513 4721 1884 4793 ὑπερθέμενος
1946 4721 2092 4794 ἐξῄει

2201 4733 2498 4780 certamen.
2557 4723 2689 4776 Erat
2748 4733 2927 4774 autem
2959 4719 3028 4774 ibi
3054 4717 3408 4789 prmcellentis
3447 4716 3779 4772 fortitudinis

507 4812 606 4865 τοῦ
641 4813 881 4883 χάρακος
915 4813 1279 4882 ίππευόμενος
1331 4814 1388 4866 ὲν
1436 4811 1516 4884 τῷ
1578 4813 1764 4884 πεδίῳ.
1825 4813 1978 4867 Ἐπεὶ
2033 4813 2092 4867 δὲ

2201 4816 2443 4885 quidam,
2507 4814 2724 4868 nomine
2783 4811 3070 4882 Enchelys.
3124 4810 3176 4865 Is
3219 4822 3278 4864 ut
3329 4809 3589 4864 Thomam
3636 4808 3780 4863 ciere

511 4907 616 4978 ἤδη
683 4906 854 4977 ἀγχοῦ
908 4906 1007 4976 τῆς
1029 4906 1240 4970 πόλεως
1298 4906 1538 4974 ἐγένετο,
1597 4905 1960 4976 προύκαλεῖτο
1999 4906 2089 4959 τὸν

2201 4924 2431 4980 pugnam
2494 4907 2719 4968 audivit,
2792 4915 3006 4973 sumpto
3083 4903 3303 4958 thorace
3394 4899 3675 4956 descendit
3723 4899 3779 4951 in

509 4999 735 5069 ἄριστον
766 5001 823 5063 ές
853 4998 1196 5070 μονομαχίαν
1230 4998 1382 5070 αὐτῷ
1417 4999 1746 5067 καταϐῆναι.
1784 4995 1892 5051 Ἦν
1925 4999 1980 5052 δέ
2009 5017 2092 5063 τις

2201 5018 2470 5070 campum,
2500 5000 2750 5069 lentoque
2783 4998 2996 5052 obviam
3041 4995 3206 5066 gradu
3238 4995 3459 5050 Thomte
3510 4991 3775 5062 procedit.

509 5090 750 5146 ἐνταῦθα
780 5091 1006 5164 ἀνδρείᾳ
1026 5092 1121 5146 ἐπὶ
1156 5091 1410 5146 πλεῖστον
1448 5092 1603 5160 ἥκων
1660 5091 1833 5162 ὄνομα
1899 5091 2092 5161 Ἐγχέ-

2203 5093 2377 5148 Pavor
2453 5092 2575 5148 inde
2652 5089 2838 5144 deﬁxit
2898 5089 3156 5158 utrinque
3223 5093 3573 5156 spectatores,
3647 5081 3775 5136 dum

510 5184 634 5250 λυς.
685 5180 854 5250 οὗτος
906 5185 1097 5256 ἐπειδὴ
1167 5185 1372 5256 Θωμᾶν
1431 5187 1768 5256 μονομαχεῖν
1833 5183 2094 5250 ἀξιοῦντα

2203 5185 2578 5255 cataphractos
2605 5195 2897 5254 generosos
2927 5180 3059 5235 istos
3100 5193 3164 5233 eo
3188 5191 3248 5234 se
3280 5179 3331 5232 in
3362 5177 3480 5231 loco
3520 5183 3775 5242 tanquam

1833 5328 1934 5388 Du
1971 5325 2193 5406 Cangii
2229 5330 2415 5386 nota).

587 5477 702 5548 (94)
743 5476 1135 5548 ’Oatoﬁrtqy._
1171 5471 1318 5528 Urbs
1337 5469 1569 5548 __Apulite
1610 5468 1880 5525 Peucetim
1923 5482 2095 5548 parvo
2206 5461 2459 5548 hodierni
2484 5459 2828 5548 gquraphi”:
2847 5456 3038 5548 solus,
3067 5449 3776 5548 quondns‘c‘i'ainginnaﬂus

518 5521 727 5604 in‘coll'e
748 5521 1315 5604 siéiﬁiér'iiétaﬁiéi
1329 5521 2090 5602 déiiié’ééaﬁdméioriente,
2206 5545 2361 5604 vetus
2385 5521 2815 5604 esseABﬁmdusii
2847 5541 3041 5604 nomen
3088 5521 3367 5604 contendit
3391 5537 3405 5574 :
3426 5521 3517 5604 sed
3545 5535 3613 5602 3!]
3647 5535 3776 5584 μηδ’

1032 5591 1231 5601 ’Μ’-ψ
1257 5591 1308 5600 ν
1336 5591 1733 5598 *πψτη-η-
1869 5591 1906 5593 Π
1956 5591 1968 5675 ί
2077 5591 2090 5602 ’
2206 5602 2400 5675 bahi_|is
2434 5600 2683 5675 videatur
2711 5597 2998 5675 sententia,
3028 5594 3202 5675 quivis
3233 5593 3454 5675 colliget
3480 5605 3542 5644 ex
3576 5591 3779 5675 iis'qtpe

733 5657 1191 5758 Τεμέσῃ.
1223 5683 1495 5758 Temesm,
1517 5679 1824 5758 Temessaa,_
1837 5685 1892 5732 et
1931 5674 2095 5758 'ljem-

2205 5676 2272 5758 εες
2306 5669 2755 5758 “retentarent
2775 5657 3773 5758 ῐτευηέξῖεξξιροῑιυῖείιίρεξξεῑςηέξξτίίε

517 5730 1826 5829 ιιεὲῖᾏιῦξιῖέξίίηῖ
1847 5730 2095 5829 scripto:
2205 5739 2584 5829 ριίιιιιποιείιιεοηί.Δ
2597 5737 2860 5829 (alite
2891 5735 3152 5806 Antiquw,
3179 5750 3228 5790 c.
3261 5734 3348 5803 15,
3377 5742 3431 5789 et
3462 5731 3698 5788 Ortelius
3726 5730 3780 5783 iu

657 5807 1037 5886 ὲέιὶζιὶἐὲὲῖὲὲὲὲὲ
1071 5807 1485 5898 appellationem
1539 5833 1589 5877 et
1637 5807 1797 5875 sittim
1850 5807 2096 5888 qumruut
2209 5811 2480 5868 Thesauro
2513 5807 2707 5879 Geogr.
