4058 6412
360 336 466 399 499

1637 336 1960 398 JOANNIS
1999 338 2330 403 CINNAMI

3511 343 3618 407 500

353 458 414 511 in
446 453 621 511 stadio
640 454 705 508 ad
737 461 1009 508 certamen
1043 452 1330 519 accingere
1363 454 1723 524 conSpiciunt.
1767 454 1937 509 Simul

2048 460 2207 529 ἔγνω,
2242 462 2698 534 θωρακισάμενος
2728 463 2821 519 καὶ
2865 463 3030 528 αὐτὸς
3096 461 3290 533 ἐξῆλθε
3355 462 3508 533 παρά
3560 464 3622 516 τὸ

355 551 524 620 igitur
582 563 647 602 ac
701 545 932 616 proximi
986 544 1160 611 fuere,
1220 545 1472 602 admissis
1523 548 1701 617 equis,
1768 549 1938 602 hastis

355 649 707 697 concurrunt.
763 638 827 692 Et
852 638 1065 693 hastam
1103 638 1320 707 quidem
1370 639 1610 696 Thomas
1646 655 1740 709 per
1768 640 1939 695 bostis

362 735 609 804 clypeum
657 731 1015 785 cttboraccm
1046 730 1111 784 ad
1149 739 1325 784 cutem
1395 745 1562 799 usque
1606 732 1791 800 adigit.
1834 730 1942 784 En-

359 824 551 892 cltelys
599 836 729 877 vero
796 820 1027 891 impulsa
1086 821 1137 875 in
1160 823 1406 893 clypeum
1453 823 1628 889 hasta,
1658 838 1760 891 qua
1789 832 1942 893 parte

358 916 522 985 capiti
588 914 761 970 elatus
790 914 859 969 ab
909 914 1245 980 adversario,
1280 922 1338 968 ut
1392 929 1511 983 quae
1546 915 1753 969 circum
1788 921 1943 968 erant

358 1017 586 1077 tegeret,
643 1005 1103 1076 prteteudebatur,
1153 1005 1323 1076 ipsius
1376 1007 1586 1078 galeam
1650 1006 1943 1078 perforavit

359 1127 689 1182 carnemque
731 1110 929 1179 attigit.
989 1110 1064 1166 Ita
1121 1111 1377 1181 digressi,
1462 1112 1601 1166 alter
1659 1112 1712 1166 in
1760 1122 1939 1166 castra

362 1205 629 1267 Romana,
652 1206 790 1259 alter
824 1204 877 1258 in
906 1204 1091 1258 urbem
1119 1217 1458 1259 concessere.
1496 1202 1722 1258 Romani
1751 1215 1939 1258 exacta

352 1299 464 1363 jam
491 1296 784 1351 festivitate
812 1296 1058 1350 ordinata
1097 1295 1212 1349 acie
1251 1296 1302 1349 in
1357 1296 1542 1349 urbem
1587 1295 1939 1349 contendunt.

360 1389 467 1444 Sed
507 1404 639 1444 cum
687 1388 897 1443 crebris
956 1387 1329 1442 machinarum
1378 1386 1692 1442 bellicarum
1745 1385 1942 1442 ictibus

356 1493 571 1533 murum
636 1484 956 1541 tentassent,
991 1476 1359 1546 nequidquam
1392 1492 1450 1531 se
1476 1475 1725 1532 laborare
1753 1476 1944 1529 adver-

354 1578 535 1623 tentes
568 1568 785 1638 (quippe
816 1577 1028 1622 veteres
1052 1579 1110 1622 ut
1139 1568 1191 1622 in
1211 1568 1423 1623 caeteris
1442 1568 1657 1637 quidem
1689 1566 1943 1636 operibus

354 1658 576 1713 multam
602 1659 912 1728 impendere
928 1673 1136 1721 curam,
1162 1658 1422 1726 majorem
1448 1669 1624 1713 tamen
1655 1658 1707 1713 in
1729 1669 1944 1714 exstru-

352 1749 511 1805 endis
528 1750 770 1814 urbibus,
810 1765 909 1804 nec
932 1748 1149 1819 injuria,
1170 1750 1495 1819 diligentiam
1512 1748 1827 1819 adbibuere)
1875 1749 1943 1803 ab

354 1825 574 1906 incepto
597 1840 886 1895 desismut.
907 1839 1141 1909 Longius
1169 1854 1315 1900 vero.
1346 1848 1402 1894 et
1433 1840 1506 1893 ita
1526 1849 1583 1894 ut
1601 1839 1739 1894 ultra
1765 1854 1947 1895 muros

352 1945 631 1999 evolarent
669 1945 895 2014 lapides,
915 1945 1005 2013 qui
1029 1946 1169 1998 intra
1198 1944 1383 1999 urbem
1403 1943 1730 2009 reciderent,
1751 1945 1948 2013 dirige-

360 2039 514 2091 bant.
556 2036 764 2105 Vixque
792 2037 1002 2106 primus
1023 2037 1256 2090 eruissus
1276 2047 1359 2091 εει
1379 2034 1537 2105 lapis,
1571 2051 1694 2091 cum
1725 2037 1779 2091 in
1814 2034 1948 2094 urbe

356 2132 460 2184 iter
487 2129 694 2184 faciens
727 2128 1041 2182 muliercula
1078 2144 1142 2185 eo
1167 2129 1246 2182 sic
1277 2129 1579 2198 percutitur
1621 2128 1676 2182 in
1718 2129 1944 2193 vertice,

358 2230 417 2274 ut
479 2220 848 2275 diﬂinderetur
909 2220 1063 2291 16!
1139 2228 1323 2288 caput,
1411 2220 1765 2289 omniumque
1817 2235 1945 2276 ossa

359 2313 726 2369 membrorum
800 2314 1247 2368 dissolverentur.
1300 2309 1426 2367 Inde
1469 2321 1585 2367 orta
1626 2312 1949 2383 ejulalio,et

356 2406 524 2461 veluti
583 2407 713 2461 urbs
778 2414 924 2460 esset
987 2414 1167 2474 capta,
1201 2403 1534 2459 consternati
1568 2404 1847 2475 oppidani,
1883 2420 1949 2460 ne

367 2499 436 2552 ad
499 2508 846 2568 conspectum
898 2497 1113 2566 quidem
1172 2495 1406 2550 infelicis
1445 2497 1602 2551 istius
1625 2496 1864 2552 mulieris
1890 2498 1945 2552 iu

360 2589 635 2660 publicum
673 2588 877 2659 ingredi
914 2588 1208 2642 audebant.
1242 2585 1315 2642 Ut
1341 2594 1524 2641 autem
1555 2585 1735 2657 jactus
1789 2587 1945 2652 alter,

355 2695 593 2750 moxque
616 2678 793 2735 crebri
829 2678 917 2734 alii
944 2694 971 2731 a
998 2677 1262 2732 Romanis
1302 2678 1593 2740 iterantur,
1658 2676 1945 2733 confestim

366 2772 621 2827 turbatur
651 2770 824 2839 plebs,
870 2785 933 2824 ac
979 2785 1145 2836 supra
1184 2778 1348 2840 caput
1390 2769 1677 2823 imtuinere
1710 2768 1944 2836 lapidem

361 2862 466 2918 sibi
497 2862 725 2932 quisque
773 2862 966 2925 credit,
1009 2862 1167 2916 aliter
1220 2860 1379 2931 plane
1411 2876 1475 2915 ac
1505 2862 1570 2916 de
1618 2859 1846 2916 Tantalo
1870 2861 1948 2916 lo-

359 2966 601 3025 quuntur
650 2953 864 3010 fabulae.
893 2953 1024 3009 Inde
1051 2967 1172 3007 cum
1203 2953 1271 3008 de
1308 2953 1635 3022 recipiendis
1662 2953 1716 3007 in
1752 2952 1944 3007 urbem

360 3058 623 3114 Romanis
676 3057 1042 3113 deliberarent
1070 3057 1349 3128 oppidani,
1403 3066 1602 3112 utrem
1661 3057 1945 3113 advertere

2045 555 2227 609 πεδίον
2252 555 2421 627 βάδην
2449 558 2828 625 ἀντιμέτωπος
2863 557 2940 628 τῷ
2987 556 3162 627 Θωμᾷ
3223 556 3619 626 πορευόμενος.

2044 647 2175 701 Ὅτε
2209 647 2272 719 δὴ
2297 648 2508 718 θάμϐος
2534 645 2679 719 εἶχεν
2705 649 3099 720 ἀμφοτέρωθεν
3130 648 3374 719 ὁρῶντας
3417 647 3624 718 ἀνδρας

2042 741 2187 796 οὕτω
2220 743 2318 812 μὲν
2359 742 2691 808 πανόπλους,
2728 740 2871 796 οὕτω
2899 741 2957 795 δὲ
3014 742 3319 809 γενναίους,
3360 740 3490 795 ὥστ’
3528 740 3626 793 ἐπὶ

2046 833 2262 888 στάδιον
2285 833 2380 888 τὸν
2412 835 2589 905 χῶρον
2649 835 2860 888 ἐκεῖνον
2918 833 3347 903 ἀποδυομένους.
3400 831 3625 901 Ἐπειδὴ

2043 927 2225 981 τοίνυν
2291 911 2464 997 ἀγχοῦ
2531 928 2632 999 ἤδη
2672 928 2944 996 ἐγένοντο,
2978 929 3106 992 τοὺς
3136 926 3220 999 [Ρ.
3254 925 3347 999 93]
3416 926 3625 989 ἵππους

2044 1022 2417 1085 ἐπελάσαντες
2452 1022 2753 1076 συνέπεσον
2799 1025 2921 1084 ταῖς
2989 1023 3243 1091 αἰχμαῖς.
3304 1020 3478 1088 Θωμᾶ
3523 1017 3626 1087 μὲν

2053 1108 2148 1167 οὖν
2176 1114 2210 1184 ἡ
2245 1112 2416 1184 αίχμὴ
2444 1114 2512 1168 δι’
2544 1113 2770 1177 ἀσπίδος
2804 1113 3036 1167 ἐλθοῦσα
3066 1112 3162 1166 καὶ
3199 1110 3452 1181 Θώρακος
3517 1109 3624 1162 αὐο

2044 1205 2138 1261 τοῦ
2172 1205 2300 1278 ἄχρι
2331 1207 2425 1262 καὶ
2453 1208 2548 1261 ἐπὶ
2570 1207 2631 1260 τὸ
2660 1207 2837 1278 δέρμα
2859 1206 3191 1271 διεξέπεσεν,
3222 1208 3249 1260 ὁ
3278 1204 3324 1258 δ’
3365 1204 3627 1273 Ἐγχέλυς

2043 1299 2113 1353 δι’
2158 1299 2383 1364 ἀσπίδος
2434 1299 2531 1353 καὶ
2590 1299 2754 1363 αὐτὸς
2812 1299 2873 1352 τὸ
2923 1300 3053 1370 δόρυ
3102 1299 3325 1364 ἐλάσας,
3368 1295 3496 1350 ἔνθα
3525 1296 3629 1364 τῆς

2047 1391 2293 1461 κεφαλῆς
2329 1391 2802 1461 ὐπερανίστασθαι
2844 1391 3053 1461 ταύτην
3118 1390 3460 1454 συνέὸαινεν,
3519 1388 3627 1441 ὑπ-

2044 1483 2379 1553 ανασχόντος
2417 1484 2517 1554 ἤδη
2546 1483 2640 1537 τοῦ
2674 1482 3015 1554 στρατιώτου
3048 1480 3125 1546 ώς
3154 1481 3223 1534 τὰ
3271 1479 3405 1551 περὶ
3453 1477 3628 1545 αὐτὴν

2046 1575 2338 1648 φράξαιτο,
2381 1574 2581 1646 κράνος
2633 1592 2697 1628 τε
2745 1575 2881 1629 αὐτὸ
2938 1572 3228 1643 διετόρησε
3270 1569 3367 1624 καὶ
3423 1570 3631 1639 σαρκὸς

2046 1666 2300 1736 ἔψαυσεν.
2354 1664 2513 1719 Οὕτω
2567 1683 2625 1719 τε
2680 1665 2927 1736 ἀλλήλων
2979 1661 3394 1732 ἀπαλλαγέντες
3441 1662 3470 1714 ὁ
3526 1658 3631 1730 μὲν

1980 1800 2021 1857 Β
2051 1759 2146 1813 ἐπὶ
2176 1750 2244 1812 ’τὸ
2287 1758 2574 1827 Ῥωμαίων
2607 1758 2856 1831 ἐχώρησε
2889 1758 3275 1829 στρατόπεδον,
3321 1757 3517 1826 ἅτερος
3578 1753 3628 1807 δ’

2051 1853 2147 1906 ἐπὶ
2179 1852 2280 1925 τὴν
2320 1853 2476 1907 πόλιν
2508 1851 2663 1925 ἦλθε.
2708 1853 2973 1924 Ῥωμαῖοι
3002 1852 3058 1905 δὲ
3085 1851 3274 1923 ἐπειδὴ
3319 1849 3474 1911 τέλος
3522 1847 3628 1919 ἤδη

2050 1946 2121 1999 τὰ
2145 1944 2254 2001 τῶν
2288 1945 2356 2012 [Γ.
2393 1944 2517 2019 τῆς]
2559 1948 2618 2001 ὲν
2653 1945 2840 2014 σφίσιν
2860 1945 3021 2015 ἔσχεν
3052 1946 3268 2015 ἑορτῆς,
3324 1941 3628 2011 ταξάμενοι

2051 2039 2148 2094 ἐπὶ
2171 2039 2271 2108 τὴν
2302 2039 2459 2093 πόλιν
2488 2038 2754 2109 ἐχώρουν.
2800 2039 2888 2102 Ὠς
2926 2038 2984 2093 δὲ
3026 2036 3198 2091 πολλὰ
3254 2039 3369 2100 τοῖς
3426 2051 3628 2105 πετρο-

2052 2131 2231 2196 ϐόλοις
2263 2132 2334 2188 τά
2360 2131 2515 2203 τείχη
2567 2130 2928 2199 μαστίξαντες
2978 2129 3272 2200 ἀνηνύτοις
3327 2129 3631 2198 ἐπιχειρεῖν

2050 2224 2296 2292 ἔγνωσαν
2326 2225 2396 2298 (oi
2423 2225 2532 2296 γὰρ
2558 2225 2727 2281 πάλαι
2779 2223 2891 2295 (96)
2938 2222 3220 2294 ἄνθρωποι
3278 2220 3480 2294 πολλὴν
3536 2220 3633 2273 ἐπὶ

2049 2321 2157 2374 τῶν
2182 2320 2359 2391 ἔργων
2390 2319 2709 2390 ποιούμενοι
2730 2319 2830 2391 τὴν
2861 2318 3183 2388 ἐπιμέλειαν
3230 2316 3368 2371 πολὺ
3426 2315 3631 2385 μᾶλλον

2047 2413 2108 2475 ἔς
2134 2412 2233 2477 τὰς
2257 2411 2367 2467 τῶν
2398 2412 2629 2475 πόλεων,
2668 2411 2745 2476 ώς
2779 2411 2841 2465 τδ
2865 2410 3033 2478 είκὸς,
3068 2408 3634 2479 πεφιλοτίμηνταιοί-

2049 2504 2334 2575 κοδομάς),
2368 2504 2558 2559 τούτου
2581 2505 2680 2574 μὲν
2711 2503 3033 2575 ἀπέσχοντο,
3071 2502 3411 2574 προσωτέρω
3451 2500 3507 2554 δὲ
3536 2500 3634 2553 καὶ

2049 2599 2161 2668 ὅσῳ
2184 2600 2410 2669 τειχέων
2436 2597 2990 2669 ύπερίπτασθαιτοὺς
3022 2596 3207 2659 λίθους
3237 2593 3633 2671 ἀποδιξσκεύον-

2047 2707 2141 2755 τες
2176 2691 2275 2761 τῆς
2305 2690 2514 2754 πόλεως
2546 2691 2695 2755 ἐντὸς
2748 2690 2971 2745 πίπτειν
3026 2690 3273 2744 ἐποίουν.
3328 2689 3470 2743 Ἀλλ’
3510 2687 3633 2756 ἃμα

2048 2801 2108 2838 τε
2148 2783 2376 2856 πρώτην
2396 2783 2639 2855 ἀφῆκαν,
2671 2783 2765 2838 καὶ
2786 2782 3013 2853 γύναιόν
3045 2800 3097 2837 τι
3160 2784 3263 2836 ἀνά
3324 2783 3424 2851 τὴν
3473 2781 3632 2835 πόλιν

2051 2881 2243 2935 σοὸοὖν
2291 2881 2433 2935 κατὰ
2460 2878 2705 2951 κορυφὴν
2729 2878 3029 2950 δεξάμενον
3069 2878 3169 2948 τὴν
3200 2876 3363 2947 βολὴν
3414 2877 3514 2946 τήν
3566 2890 3632 2928 τε

2049 2973 2295 3044 κεφαλὴν
2328 2972 2708 3045 διεσπαράχθη
2744 2973 2839 3026 καὶ
2879 2974 3062 3027 πᾶσαν
3124 2970 3304 3041 μελῶν
3345 2968 3629 3041 παρελύθη

2046 3071 2147 3140 τὴν
2174 3070 2427 3125 δστωσιν.
2476 3068 2817 3140 Ὀλοφυρμδς
2847 3062 2942 3123 οὖν
2985 3068 3230 3137 ἐγένετο,
3288 3067 3377 3121 καῖ
3443 3067 3633 3137 σχῆμα

359 3149 682 3220 praesidiarii
738 3149 938 3205 milites
988 3158 1042 3205 et
1096 3159 1360 3219 quotquot
1412 3150 1705 3204 tuebantur
1741 3159 1937 3211 turres,

2048 3164 2256 3227 πόλεως
2290 3163 2527 3235 ἀλούσης
2560 3165 2747 3234 ἐπεῖχε
2782 3161 2905 3216 τότε
2935 3160 3065 3225 τοὺς
3121 3160 3271 3214 ἔνδον
3323 3159 3446 3212 οὐδὲ
3503 3161 3631 3213 ὅσον

365 3242 615 3297 celeriter
664 3243 718 3297 in
747 3243 1043 3313 acropolim
1111 3242 1425 3314 confugere,
1480 3256 1714 3311 moxque
1792 3241 1945 3312 plebs

361 3337 566 3402 apertis
596 3334 774 3403 portis
821 3335 1096 3389 Romanas
1121 3334 1308 3404 c0pias
1341 3334 1661 3389 introduxit.
1692 3332 1805 3388 Hac
1841 3332 1946 3387 ita-

362 3439 469 3493 que
527 3428 711 3494 potius
769 3426 931 3480 etiam
979 3425 1115 3480 urbe
1141 3425 1337 3490 Ducas,
1393 3426 1632 3481 exercitu
1695 3423 1944 3479 bifariam

359 3516 557 3579 diviso,
587 3526 795 3586 partem
833 3515 992 3570 aliam
1021 3531 1139 3583 qum
1165 3530 1346 3570 arcem
1374 3526 1711 3585 oppugnaret
1743 3515 1794 3569 in
1811 3516 1947 3571 urbe

363 3603 654 3667 continuit,
689 3603 848 3656 aliam
872 3604 1053 3658 emisit
1073 3604 1138 3657 ad
1162 3604 1570 3674 depopulandos
1589 3620 1767 3674 agros.
1786 3635 1792 3642 -
1808 3603 1945 3659 Dum

362 3704 483 3760 haec
526 3705 598 3773 ibi
628 3712 909 3776 geruntur,
936 3706 1085 3777 regio
1111 3707 1351 3775 quadam
1417 3705 1612 3763 fertilis
1648 3707 1948 3777 incolisque

364 3814 604 3884 copiosa,
663 3829 821 3884 quam
875 3813 1163 3870 llalitzium
1239 3826 1455 3880 vocant,
1522 3830 1644 3869 cum
1700 3830 1763 3870 ea
1828 3830 1948 3886 qua:

364 3904 671 3960 Brundusio
731 3917 1027 3961 evenerant
1081 3905 1399 3972 revolveret,
1446 3906 1512 3960 ad
1556 3905 1945 3976 imperatorem

364 3995 583 4053 defecit.
636 3997 881 4053 Hostium
931 3998 1002 4054 ibi
1062 3998 1271 4069 exiguae
1328 4000 1498 4071 copim
1555 3999 1740 4071 (Cella:
1765 4011 1944 4055 autem

363 4097 540 4166 erant)
564 4096 792 4151 saltibus
817 4095 1031 4159 abditae,
1067 4104 1122 4149 et
1151 4095 1216 4151 iis
1239 4094 1329 4164 qui
1385 4094 1753 4149 Romanorum
1781 4110 1948 4164 equos

367 4187 661 4255 pascebant
680 4187 1021 4253 insidiantes,
1050 4201 1242 4243 somno
1269 4187 1459 4257 sopitis
1486 4187 1612 4251 illis,
1646 4188 1944 4256 equitatum

364 4293 580 4333 omnem
619 4279 743 4334 inde
806 4278 1103 4334 abduxere.
1140 4278 1274 4333 lllud
1304 4279 1464 4334 simul
1502 4291 1664 4349 atque
1688 4295 1947 4349 percepe-

358 4360 495 4423 runt
522 4369 776 4431 Romani.
807 4385 869 4423 ex
893 4370 961 4425 iis
985 4370 1120 4440 quia
1140 4370 1489 4440 pabulatione
1513 4373 1943 4437 revertebantur,

366 4459 551 4511 hostes
583 4471 745 4525 quam
774 4458 1031 4512 citissime
1064 4459 1312 4525 insecuti,
1354 4470 1410 4515 et
1442 4476 1609 4530 equos
1653 4461 1941 4530 recipiunt,

364 4560 417 4599 et
438 4547 667 4601 hostium
689 4548 974 4616 plerosque
990 4549 1397 4621 vivoscapiunt,
1441 4563 1601 4621 atque
1628 4553 1680 4606 in
1706 4553 1791 4606 bis
1826 4553 1949 4607 illu-

366 4649 531 4691 slrem
565 4639 799 4693 maxime
820 4640 958 4694 inter
978 4641 1144 4697 ltalos
1170 4643 1366 4707 virum,
1395 4646 1610 4699 nomine
1630 4645 1945 4715 Sycberem.

370 4728 528 4799 162
556 4725 659 4781 Sed
696 4731 740 4781 is
763 4730 1074 4799 priusquam
1098 4732 1217 4801 quis
1235 4744 1375 4807 esset
1410 4746 1819 4804 agnosceretur,
1840 4752 1946 4789 nn-

369 4834 572 4874 merata
592 4820 713 4874 illia
745 4835 854 4891 quo
884 4833 1071 4892 captus
1102 4821 1276 4879 fuerat
1296 4827 1519 4894 pecunia
1542 4842 1663 4882 sese
1694 4807 1978 4885 redemit.‘

2052 3255 2147 3310 ἐπὶ
2179 3255 2309 3309 θέαν
2353 3255 2454 3324 τῆς
2483 3255 2748 3326 δυστήνου
2805 3257 3023 3323 ἐκείνης
3069 3250 3361 3320 ἀνθρώπου
3421 3248 3631 3317 ἐξιέναι

2054 3353 2418 3423 θαρσοῦντας.
2448 3353 2539 3416 Ὠς
2567 3353 2626 3407 δὲ
2658 3354 2753 3406 καὶ
2784 3351 3048 3422 δευτέραν
3071 3349 3378 3422 ἐπέρριψαν
3410 3349 3505 3402 καὶ
3528 3347 3633 3418 ἤδη

2056 3446 2257 3518 συχνὰς
2287 3446 2571 3500 ἐποιοῦντο
2613 3444 2995 3515 Ῥωμαῖοιτάς
3027 3442 3208 3513 βολὰς,
3260 3440 3636 3507 ἐκπλαγέντες

2054 3535 2273 3605 όδῆμος
2297 3533 2446 3588 λίθον
2494 3533 2634 3605 ὑπὲρ
2683 3532 2931 3602 κεφαλῆς
2980 3532 3318 3602 ὲφαντάζετο
3375 3532 3633 3596 ἕκαστος,

2054 3627 2214 3682 ἀλλον
2236 3626 2440 3696 τρόπον
2468 3626 2564 3680 καὶ
2590 3625 2687 3696 οὐχ
2715 3625 2886 3695 ὅνπερ
2919 3624 2970 3677 οἵ
3006 3624 3166 3696 μῦθοι
3200 3626 3330 3695 περὶ
3350 3622 3630 3677 Ταντάλου

2056 3720 2246 3788 φασίν.
2288 3720 2454 3774 Ὅθεν
2482 3718 2708 3774 καὶτῶν
2753 3719 2991 3774 πολιτῶν
3055 3718 3465 3790 βουλευομένων
3527 3716 3632 3788 ἤδη

2068 3811 2361 3883 Ῥωμαίοις
2392 3812 2600 3865 εἰσόδου
2618 3814 2982 3882 »παραχωρεῖν
3006 3810 3333 3882 αἰσθόμενον
3354 3811 3414 3865 τδ
3446 3818 3634 3879 ’στρα-

2056 3902 2312 3958 τιωτικδν
2344 3905 2439 3957 καὶ
2469 3904 2593 3957 ὅσον
2631 3905 2723 3956 ἐπὶ
2753 3903 2863 3955 τῶν
2924 3903 3153 3974 πύργων
3201 3901 3448 3975 φυλακὴν
3495 3899 3634 3972 εἶχε,

2057 3996 2243 4067 δρόμῳ
2270 3995 2450 4066 πολλῷ
2483 3996 2573 4049 ἐπὶ
2599 3996 2698 4068 τὴν
2728 3995 3029 4066 ἀκρόπολιν
3070 3993 3401 4065 ἀνεχώρουν.
3446 3993 3519 4047 Αἵ
3571 4009 3635 4045 τε

2058 4088 2226 4143 πύλαι
2282 4090 2420 4161 πρὸς
2440 4089 2535 4143 τοῦ
2559 4089 2732 4160 δήμου
2768 4090 3146 4143 ἀνακλιθετσαι
3173 4090 3267 4143 τὸν
3330 4088 3634 4158 Ῥωμαίων

2057 4182 2377 4248 είσωδίαζον
2441 4182 2699 4254 στρατόν.
2756 4181 2980 4253 Ἐπειδὴ
3034 4181 3167 4251 γοῦν
3215 4182 3311 4235 καὶ
3359 4181 3564 4251 ταύτην
3605 4182 3638 4234 ὁ

2056 4275 2267 4339 Δούκας
2291 4274 2439 4345 ἔσχε,
2476 4274 2601 4345 διχῆ
2632 4273 2694 4327 τὺ
2726 4276 3040 4345 στράτευμα
3074 4273 3287 4340 διελὼν,
3319 4273 3347 4327 ὃ
3379 4274 3478 4344 μὲν
3532 4272 3637 4324 αὔ-

2053 4365 2148 4420 τοῦ
2180 4383 2283 4420 που
2306 4368 2457 4438 παρά
2481 4367 2578 4437 τὴν
2604 4366 2761 4420 πόλιν
2786 4369 3006 4439 κατεῖχε
3029 4370 3143 4431 τοῖς
3169 4368 3259 4420 ἔπ’
3284 4365 3640 4436 ἀκροπόλεως

2061 4459 2426 4530 μαχούμενον,
2496 4460 2558 4513 τὸ
2604 4460 2648 4514 δ’
2704 4460 2835 4515 ἀλλο
2899 4462 2957 4524 ἔς
3033 4462 3319 4532 προνομὰς
3392 4456 3633 4528 ἔπεμψε.

2057 4551 2250 4605 Ταῦτα
2279 4551 2379 4621 μὲν
2414 4551 2510 4605 οὖν
2536 4552 2662 4622 τῇδε
2695 4553 3005 4626 ἐπράσσετο
3033 4569 3047 4584 ·
3080 4553 3237 4623 χώρα
3262 4551 3321 4605 δέ
3345 4568 3432 4614 τις
3467 4548 3638 4602 πολυ-

2006 4634 2455 4713 ἀνθρωποτάτη
2511 4644 2606 4697 καὶ
2679 4642 2929 4714 εὔγεως,
2990 4647 3055 4718 ἣν
3123 4645 3384 4699 καλοῦσιν
3455 4644 3637 4697 Ἀλίτ-

2056 4736 2323 4808 ζιον(9’7),
2358 4738 2427 4792 τὰ
2459 4739 2552 4791 ἐπὶ
2591 4738 2901 4809 Βρεντεσίῳ
2935 4739 3380 4808 συμπεπτωκότα
3411 4738 3637 4805 λογισα-

2061 4827 2194 4897 μένη
2229 4825 2307 4894 τῷ
2340 4825 2551 4897 βασιλεῖ
2582 4825 2997 4898 προσεχώρησε.
3027 4827 3311 4896 Πολεμίων
3342 4827 3400 4880 δὲ
3453 4826 3636 4894 ὀλίγος

368 4913 601 4985 στρατὸς
659 4915 752 4968 ἐπὶ
786 4915 995 4986 λόχμης
1055 4916 1200 4980 τινὸς
1252 4922 1365 4983 τοῖς
1406 4921 1506 4992 τὴν
1582 4921 1876 4992 Ῥωμαίων
1931 4919 2186 4992 νέμουσιν
2245 4920 2635 4992 ἔλλοχήσαντες
2700 4923 2867 4977 ἵππον
2892 4922 3113 5003 (Κελτοὶ
3145 4923 3201 4977 δὲ
3228 4919 3414 4995 ἦσαν),
3483 4923 3635 4975 ἐπει-

364 5007 540 5076 δήπερ
566 5008 645 5069 είς
672 5005 840 5059 ὕπνον
861 5007 1059 5070 αὐτοὺς
1121 5009 1440 5079 ἐνεχθέντας
1474 5009 1632 5076 εἶδον,
1671 5011 1771 5083 τὴν
1837 5011 2008 5065 ἵππον
2046 5010 2260 5065 ἐκεῖθεν
2302 5013 2512 5082 ἤλασαν
2537 5031 2553 5045 ·
2604 5013 2742 5083 ὅπερ
2790 5015 3125 5080 ἀκούσαντες
3183 5018 3444 5086 Ῥωμαῖοι
3495 5017 3634 5086 πρὸς

363 5100 477 5152 τῶν
498 5100 563 5152 ἐκ
595 5100 693 5170 τῆς
727 5103 1114 5172 χορταγωγίας
1145 5103 1481 5157 ἐπανιόντων
1532 5105 1719 5171 αὐτοῖς
1749 5105 2038 5175 ἀγγελθὲν,
2069 5107 2207 5177 ταχὺ
2271 5105 2565 5171 διώξαντες
2595 5107 2696 5179 τήν
2753 5124 2813 5160 τε
2883 5108 3051 5162 ἵππον
3109 5108 3385 5163 ἀνείλοντο
3448 5110 3633 5162 πᾶσαν

364 5192 596 5246 καὶτῶν
625 5193 902 5264 πολεμίων
933 5193 1057 5257 τοὺς
1092 5195 1384 5260 πλείστους
1426 5198 1817 5271 ζωγρήσαντες
1874 5197 2039 5275 εἷλον.
2084 5201 2215 5253 Ὅτε
2247 5199 2311 5271 δὴ
2368 5201 2466 5254 καὶ
2514 5201 2685 5261 ἄνδρα
2746 5201 2856 5254 τῶν
2900 5202 3137 5271 μάλιστα
3204 5203 3261 5255 ὲν
3295 5200 3632 5265 Ἰταλιώταις

365 5286 604 5359 δοκίμων
616 5280 863 5358 Συχέρην
884 5286 1057 5357 ὄνομα
1088 5289 1290 5344 ἁλῶναι
1316 5293 1634 5363 τετύχηκεν.
1677 5294 1818 5348 Ἀλλ’
1835 5293 1990 5349 οὔπω
2015 5293 2334 5366 καταφανὴς
2359 5294 2508 5358 ὅστις
2538 5294 2626 5365 εἴη
2656 5293 2898 5365 γεγονὼς
2918 5294 3143 5367 χρυσίου
3170 5294 3315 5349 δόσει
3340 5294 3432 5349 τὸν
3456 5311 3633 5349 κατα-

367 5381 563 5453 σχόντα
589 5378 838 5433 ύπελθὼν
869 5380 1060 5433 ἑαυτὸν
1092 5380 1273 5437 ἔλυσε.

1684 5480 1783 5540 Du
1821 5478 2043 5560 Cangii
2079 5484 2270 5541 notte.

434 5571 1051 5650 (96)__Ol_7~dp“:rd.1at.
1082 5576 1471 5650 Vetusauctor
1508 5594 1831 5650 anonymus,
1866 5581 1942 5634 De

362 5641 1041 5716 re¥militariszRectores
1092 5649 1380 5716 superioris
1425 5650 1543 5704 vita:
1600 5641 1703 5702 non
1758 5641 1938 5705 otiosis

370 5710 571 5791 opibus,
620 5714 733 5791 sed.
756 5716 1047 5791 condendis
1074 5710 1250 5783 potius
1289 5718 1546 5791 moenibus
1594 5722 1936 5783 (relabantur,

365 5782 419 5834 in
442 5796 663 5849 quorum
697 5782 933 5838 decorent
956 5782 1252 5843 uniuersam
1293 5789 1413 5844 auri
1443 5791 1745 5853 argentique
1769 5782 1937 5849 male?

2049 5582 2180 5634 rium
2207 5580 2565 5649 conferebant.

2122 5651 2238 5776 s97)
2292 5650 2591 5735 ’ᾼνζίτζιρκ
2647 5650 3091 5735 Elysmm'forte,
3132 5655 3233 5710 etsi
3274 5654 3345 5736 .in
3403 5656 3471 5712 iis
3514 5661 3629 5719 oris

2146 5723 2227 5776 lus
2264 5725 2393 5776 nuln
2422 5723 2650 5776 butusce
2669 5722 3047 5776 appellationis
3072 5737 3311 5776 occurrit
3343 5726 3514 5776 locus-

2048 5722 2227 5780 nullus
2264 5723 2393 5778 mitti
2422 5722 2650 5793 hujusce
2669 5722 3047 5794 appellationis
3072 5726 3311 5781 occurrit
3343 5726 3514 5786 locus.
