4058 6454
480 432 581 498 5m

1682 438 2227 501 HISTORIARUM
2271 440 2419 501 LIB.
2465 441 2563 501 IV.

3660 454 3783 517 εοε

544 546 632 621 [Ρ.
675 547 769 620 94]
814 547 1118 621 Ῥωμαίους
1145 548 1203 604 δὲ
1226 550 1383 621 φήμη
1421 566 1504 614 τις
1553 550 1825 623 περιέπτη
1860 551 1937 614 ὡς
1982 550 2066 604 Γι-

2256 549 2348 606 ιι.
2387 548 2506 606 Non
2557 550 2727 607 nutlto
2773 551 3058 625 interiecto
3107 568 3352 634 tempore
3390 565 3456 620 ad
3493 565 3773 624 Rotnauos

470 639 692 712 λίελμος
719 641 935 697 ἔπεισιν
964 644 1132 716 ὀλίγῳ
1159 644 1390 717 ὕστερον
1421 644 1687 717 δυνάμεις
1709 646 2056 718 ἐπαγόμενος

474 731 701 802 βαρείας
729 734 1100 805 ὴπειρῶτιδάς
1119 753 1178 790 τε
1210 737 1307 791 καὶ
1338 739 1627 802 ναυτικάς.
1666 737 1831 793 Ὅθεν
1875 740 1968 792 καὶ
1992 741 2058 792 ἐκ

470 822 583 876 τῶν
608 823 838 880 ἐνόντων
870 828 1343 901 συσκευασάμενοι
1375 830 1552 904 ἡσυχῆ
1612 831 1826 905 ἔμενον.
1889 831 2058 888 Οὔπω

469 915 527 969 δέ
554 916 781 991 πέμπτη
804 922 925 992 μετ’
962 923 1181 994 ἐκείνην
1211 924 1395 996 ἡμέρα
1453 927 1794 999 ἐφειστήκει,
1843 929 1937 983 καί
1976 946 2058 994 τις

471 1008 538 1062 ἐκ
564 1009 662 1065 τοῦ
688 1011 800 1066 τῶν
821 1013 1100 1087 πολεμίων
1128 1020 1515 1092 αὐτομολήσας
1553 1022 1791 1093 στρατοῦ
1853 1023 2059 1077 Γιλίελ-

479 1116 580 1170 μον
610 1102 781 1172 ἐγγὺς
800 1108 1058 1179 παρεῖναι
1093 1110 1296 1182 ἐμήνυε
1343 1113 1649 1186 Ῥωμαίους
1670 1115 1746 1179 ὡς
1770 1115 1830 1169 ἐν
1855 1117 2058 1187 ἄρκυσι

476 1197 913 1270 συλληψόμενον.
977 1205 1166 1262 Ταῦτα
1221 1209 1271 1260 οἱ
1366 1207 1658 1278 Ῥωμαίων
1723 1210 2060 1277 ἀκούσαντες

473 1291 774 1380 στρατηγοὶ
804 1292 898 1346 τὸν
933 1293 1172 1365 πόλεμον
1206 1298 1305 1370 ἤδη
1337 1298 1658 1371 διέγραφον.
1706 1301 1915 1357 Ἐδόκει
1942 1304 2060 1358 τοί-

475 1379 913 1439 νυνΒασαύίλαν
946 1386 1047 1457 μὲν
1094 1390 1192 1443 καὶ
1250 1392 1505 1464 Ἰωάννην
1554 1393 1645 1447 τὸν
1680 1394 1949 1464 Ἄγγελον
1996 1395 2059 1450 τὸ

477 1472 870 1547 μισθοφορικὸν
899 1480 1048 1537 άπαν
1086 1482 1308 1557 ἔχοντας
1344 1486 1441 1540 καὶ
1471 1486 1597 1552 τοὺς
1643 1488 1760 1543 ὅσοι
1796 1488 1854 1557 ἐξ
1924 1492 2061 1546 ἰτα-

477 1563 598 1628 λίας
628 1566 705 1638 τῷ
736 1568 951 1639 βασιλεῖ
978 1576 1433 1650 προσεχώρησαν,
1476 1580 1566 1635 τὸν
1592 1582 1657 1637 ἐκ
1688 1582 1791 1654 τῆς
1824 1584 2057 1655 ἠπείρου

474 1657 841 1726 ἀναδέξασθαι
870 1665 1054 1732 πόνον,
1083 1668 1175 1723 τόν
1211 1687 1274 1737 γε
1309 1672 1419 1743 μὴν
1451 1674 1665 1731 Δούκαν
1710 1679 1824 1743 τοῖς
1860 1680 1925 1734 ἐκ
1962 1678 2061 1736 θα-

475 1748 684 1845 λάσσης
717 1753 1144 1825 διαγωνιεῖσθαι.
1179 1762 1337 1818 Οὕτω
1368 1767 1476 1838 γάρ
1516 1769 1757 1838 ἔφασκον
1807 1771 2062 1845 ἀλλήλοις

476 1842 708 1937 ἀμύνειν
741 1849 918 1906 ἱκανοὶ
945 1852 1187 1911 ἔσεσθαι.
1225 1859 1436 1916 Ἕωθεν
1482 1858 1576 1918 οὖν
1623 1866 1652 1918 ό
1709 1866 1809 1937 μέν
1850 1842 2061 1935 Δούκας

476 1934 579 1990 σὺν
608 1943 724 2004 τοῖς
753 1947 1170 2018 καταφράκτοις
1200 1952 1311 2006 τῶν
1337 1955 1465 2027 περὶ
1500 1957 1664 2012 αὐτὸν
1693 1959 1905 2015 ἱππέων
1960 1960 2062 2031 βά-

473 2028 574 2127 δην
628 2035 722 2127 ἐπὶ
767 2042 870 2109 τῆς
907 2041 1081 2113 ἀκτῆς
1138 2045 1455 2118 ἐπορεύετο,
1505 2051 1598 2105 ἐπὶ
1645 2052 1849 2126 θάτερα
1881 2028 2063 2127 παρα-

477 2122 751 2220 πλεούσας
780 2132 878 2193 τὰς
904 2132 1038 2198 ναῦς
1076 2134 1237 2208 ἔχων,
1277 2140 1328 2193 οἱ
1374 2140 1422 2193 δ’
1458 2143 1612 2197 ἄλλοι
1665 2122 1804 2217 πρὸς
1843 2122 1973 2220 τὴν-
1999 2151 2064 2204 ἐκ

476 2213 584 2285 τῆς
606 2218 839 2313 ἠπείρου
868 2224 1294 2299 ἑτοιμασάμενοι
1326 2233 1508 2305 μάχην
1534 2236 1679 2291 κατὰ
1709 2213 2063 2313 τάξεις-ἐχώ-

485 2323 638 2404 ρουν.
668 2312 735 2366 Δί
767 2314 825 2368 δέ
855 2316 965 2372 τῶν
997 2319 1298 2377 Σικελικῶν
1347 2326 1497 2396 νῆες,
1544 2329 1847 2404 ἐπειδήπερ
1890 2312 2062 2404 άγχοῦ

477 2400 581 2497 τῆς
606 2404 812 2469 πόλεως
844 2407 945 2481 ἤδη
969 2411 1235 2480 ἐγένοντο,
1260 2417 1359 2473 οὐκ
1390 2418 1611 2490 ἔχουσαι
1634 2400 1830 2495 ἀθρόαι
1880 2400 2065 2497 ’τῶ-λι-

485 2494 607 2590 μένι
638 2498 918 2590 είσπεσεῑν
951 2506 1177 2576 (ἱκανῶς
1194 2510 1305 2582 γάρ
1334 2511 1506 2569 ἔνδοθι
1550 2494 2066 2590 εὐρυνόμενος-εἷτα.

481 2586 564 2683 είς
586 2588 773 2683 στενὸν
799 2592 897 2664 ἦρέ
907 2612 984 2663 μα
1007 2598 1255 2672 τελευτᾷ)
1283 2603 1422 2657 κατά
1447 2586 1681 2670 δεκάδας
1702 2586 2062 2683 διαιρεθεῖσαι

479 2679 742 2751 εἰσῄεσαν
772 2685 837 2738 ἐκ
866 2684 1145 2760 διαδοχῆς.
1176 2692 1307 2748 Ὅτε
1338 2695 1402 2765 δὴ
1429 2694 1650 2766 λέγεται
1683 2702 1757 2766 ὡς
1797 2679 2062 2771 όΔούκας

484 2773 625 2843 πρὸς
663 2774 728 2873 τί)
759 2778 963 2873 ¹πλῆθος
1024 2784 1411 2844 ἀποδειλιάσαν
1454 2793 1517 2846 τὸ
1576 2793 1871 2867 Ῥωμαίων
1921 2801 2067 2873 ὁρῶν

482 2863 741 2966 ναυτικόν
764 2868 874 2966 ἄτερ
898 2876 1094 2948 κομιδῇ
1144 2877 1325 2948 ὀλίγον
1365 2883 1426 2937 ὃν
1451 2863 1737 2958 (τέσσαρες
1781 2889 1890 2962 γὰρ
1929 2863 2066 2966 πρὸς

479 2957 783 3053 ταὶςμδέκα
822 2964 878 3017 αί
936 2968 1109 3022 πᾶσαι
1168 2973 1295 3043 νῆες
1349 2970 1489 3047 ἦσαν
1535 2981 1707 3053 αὐτῷ)
1736 2984 1914 3039 τοιάδε
1940 2957 2067 3043 τινὰ

480 3047 682 3151 ἐνενόει
708 3067 723 3082 ο
744 3056 993 3151 *γράμμα
1018 3060 1094 3125 ὡς
1138 3064 1202 3117 ἐκ
1233 3064 1500 3136 βασιλέως
1529 3047 1697 3142 δῆθεν
1738 3075 1864 3145 ἄρτι
1918 3096 2064 3151 πεμ-

481 3140 626 3245 φθὲν
643 3146 874 3245 ἐχείριζε
902 3153 1110 3220 τούτοις
1136 3158 1460 3230 ἐξενεγκὼν.
1486 3140 1707 3239 Ἐδῆλου
1726 3140 1788 3223 δέ
1806 3170 1864 3223 τὸ
1887 3140 2068 3245 γράμ-

487 3252 564 3304 μα
598 3237 952 3340 δυνάμειςμὲμκ
986 3251 1207 3340 γῆςκαὶ
1243 3253 1515 3328 θαλάττης
1546 3237 1689 3330 ἀμφὶ
1722 3237 2059 3336 μέσην-ῆμέ-
2093 3280 2136 3340 c

484 3330 825 3428 Ranl'J‘to't'c‘
854 3335 1028 3428 ῆεειν.
1055 3339 1176 3396 Τῶν
1208 3342 1267 3397 δὲ
1300 3345 1650 3419 ἐπαρθέντων
1670 3352 1771 3423 ἤδη
1798 3330 2064 3428 πρὸς-τὴν

483 3416 678 3518 ἐλπίδα
743 3442 763 3476 ι
812 3425 955 3481 Ἀλλ’
1018 3432 1294 3506 ηὐχόμην,
1351 3416 1481 3509 ιφή,
1543 3434 1589 3495 ὦ
1635 3416 2062 3518 συστρατιῶται,

483 3511 799 3611 φθάσαντας
838 3521 1207 3599 άρπάσαιτην
1234 3530 1392 3611 νίκην
1443 3534 1611 3606 ἡμᾶς,
1640 3536 1717 3601 ὠς
1756 3511 1830 3611 μὴ
1910 3511 2064 3598 αὐτοί

483 3606 595 3699 τῶν
619 3613 698 3673 είς
729 3612 888 3683 δεῦρο
916 3618 1181 3689 καμάτων
1220 3624 1281 3676 τὸ
1309 3609 1473 3694 βάρος
1519 3606 1885 3699 βαστάσαντες
1947 3631 2065 3690 εἶτα

480 3697 597 3798 τῶν
645 3702 857 3798 ἐκλτῆς
921 3710 1078 3780 νίκης
1128 3714 1353 3783 ἀγαθῶν
1393 3719 1488 3772 καὶ
1529 3725 1641 3786 τοῖς
1664 3697 1766 3791 aee
1803 3725 1941 3798 πρὸς
1974 3730 2066 3783 τὸν

482 3786 674 3855 ἀγῶνα
717 3790 1088 3854 διαπαντῶσιν
1141 3802 1518 3862 ἐπικοινωνεῖν
1570 3803 1785 3881 ἕξομεν.
1816 3786 1858 3865 ι’
1897 3815 2065 3870 Ταῦτ’

483 3883 1027 3975 εἰπὼνὸστρατηγδς
1062 3894 1251 3968 ἐπειδὴ
1314 3898 1416 3964 τὰς
1452 3901 1561 3956 τῶν
1600 3904 1880 3975 πολεμίων
1934 3910 2066 3974 ναῦς

484 3973 645 4070 ἔνδονΔ
669 3978 770 4070 ήδη
803 3982 897 4034 τοῦ
923 3984 1144 4054 λιμένος
1168 3992 1552 4061 γεγενημένας
1580 3973 1751 4061 εἶδεν,
1768 3998 1934 4070 ἔργου
1955 3973 2068 4057 λοιέ

483 4064 591 4119 πὺν
630 4066 882 4164 ἐκέλευεν
914 4071 1202 4132 ἅπτεσθαι.
1246 4080 1354 4134 Καὶ
1384 4080 1448 4153 δὴ
1475 4064 1812 4157 ναυμαχίας-
1834 4064 2065 4164 γενομέ-

482 4174 587 4251 νης
630 4160 845 4216 Σικελοὶ
876 4166 1014 4236 πρὸς
1051 4168 1152 4233 τάς
1198 4172 1307 4225 ἀπὸ
1334 4175 1438 4244 γῆς
1482 4176 1577 4230 καὶ
1630 4178 1907 4251 θαλάσσης
1955 4160 2067 4241 τῶν

493 4249 790 4322 Ῥωμαίων
825 4257 924 4311 οὐκ
945 4259 1268 4329 ἐνεγκόντες
1290 4264 1475 4335 βολὰς,
1499 4249 1895 4341 ἀμφοτέρωθεν
1944 4276 2068 4329 ἐπι-

481 4342 866 4415 τοξαζομένων
895 4349 1099 4417 αὐτῶν,
1134 4353 1390 4427 πρύμναν
1412 4358 1764 4433 ἐκρούσαντο.
1808 4363 2067 4437 Ῥωμαῖοι

486 4435 548 4489 δὲ
587 4438 762 4494 ὀπίσω
795 4440 1090 4510 διώξαντες
1125 4446 1356 4512 πολλοὺς
1389 4450 1572 4506 αὐτῶν
1617 4453 1888 4522 ἔκτειναν,
1919 4435 2067 4512 ῖτέτ-

488 4547 667 4600 ταρας
696 4531 752 4587 δέ
791 4536 887 4590 καὶ
912 4536 1250 4607 αὐτάνδρους
1272 4538 1415 4595 εἷλον
1446 4546 1512 4616 τῇ
1562 4547 1746 4618 χέρσῳ
1797 4550 2073 4620 ἐνσχεθεί-

2162 641 2304 697 fama
2339 643 2560 714 pertulit
2586 643 2921 704 Gulielmum
2958 666 3080 707 cum
3124 655 3437 726 ingentibus
3472 670 3615 714 terra
3651 676 3770 714 ma-

2159 735 2317 807 rique
2381 737 2556 808 cepiis
2615 739 2927 798 adventare.
2994 743 3361 813 Quamobrem
3430 753 3645 809 cunctis
3702 754 3770 807 ad

2160 828 2363 885 bellum
2408 822 2613 901 paratis
2652 834 2820 903 quieti
2865 844 3091 895 stetere.
3124 837 3222 895 Vix
3260 841 3487 912 quintus
3530 845 3655 899 inde
3688 844 3770 898 ef-

2159 919 2393 978 ﬂuxerat
2436 924 2579 988 dies,
2635 939 2757 981 cum
2808 929 2878 985 ab
2930 928 3114 985 hostili
3167 935 3413 989 exercitu
3471 937 3769 992 adveniens

2163 1014 2444 1086 transfuga
2478 1032 2644 1089 prope
2668 1033 2791 1076 esse
2818 1020 3144 1078 Gulielmum
3170 1027 3463 1095 nuntiavit,
3489 1026 3768 1085 Romanm

2161 1121 2353 1166 omnes
2401 1110 2565 1165 veluti
2622 1111 2766 1167 inter
2809 1113 2944 1171 retia
2992 1116 3402 1175 conclusurum.
3437 1120 3531 1176 llis
3562 1121 3777 1175 auditi’

2160 1200 2536 1260 Romanorum
2567 1203 2737 1263 duces
2775 1205 2848 1261 ita
2895 1206 3224 1265 ordinavere
3254 1211 3447 1277 aciem,
3483 1222 3538 1267 ut
3573 1213 3770 1267 Bassa‘

2162 1297 2289 1353 villa
2322 1307 2376 1355 et
2406 1298 2646 1357 Joannes
2692 1300 2930 1371 Angelus
2979 1317 3103 1358 cum
3154 1302 3531 1374 stipendiariis
3566 1304 3763 1375 copiis.

2162 1400 2328 1462 atque
2380 1391 2448 1448 iis
2499 1407 2619 1463 quae
2658 1408 2725 1449 ex
2760 1393 2914 1449 [talia
2963 1409 3086 1451 sese
3127 1396 3493 1463 adjnnxerant
3533 1398 3769 1468 impera-

2164 1486 2292 1553 tori,
2346 1494 2490 1542 lerra
2541 1486 2669 1541 belli
2724 1487 2922 1543 molem
2965 1489 3359 1545 sustinerent:
3400 1489 3578 1545 Ducas
3632 1504 3764 1546 vero

2164 1575 2457 1632 maritimis
2483 1576 2717 1632 hostium
2757 1578 2932 1648 copiis
2979 1593 3101 1635 sese
3140 1590 3461 1648 opponeret.
3493 1580 3585 1637 Sic
3613 1582 3759 1637 enim

2163 1666 2383 1723 aiebant
2428 1665 2544 1724 fore
2591 1676 2647 1721 nt
2697 1666 2797 1722 sibi
2833 1668 3076 1724 vicissim
3115 1670 3529 1725 anxiliarentur.
3573 1670 3763 1739 Itaque

2163 1760 2334 1829 prima
2364 1760 2485 1816 luce
2524 1759 2702 1816 Ducas
2741 1776 2863 1816 eum
2906 1754 3275 1829 cataphractis
3306 1763 3578 1833 equitibus
3611 1764 3784 1819 lento-

2165 1852 2233 1907 ad
2267 1853 2418 1909 littus
2450 1854 2617 1923 gradu
2659 1853 3053 1923 proﬁciscitur,
3086 1856 3155 1909 ah
3200 1854 3367 1910 altera
3398 1862 3551 1925 parte
3590 1855 3766 1910 adna-

2094 1917 2138 1980 B
2168 1944 2389 2015 vigante
2431 1945 2606 2001 classe
2640 1962 2656 1999 :
2698 1946 2882 2001 caeteri
2930 1961 3058 2001 vero
3096 1947 3162 2000 ad
3214 1955 3477 2002 terrestre
3512 1947 3758 2017 praelium

2164 2039 2366 2109 parati,
2395 2038 2646 2094 ordinata
2691 2040 2811 2093 acie
2859 2040 3178 2108 procehant.
3214 2039 3284 2095 At
3323 2039 3522 2095 Sicula:
3570 2054 3759 2104 naves,

2166 2140 2455 2200 postquam
2487 2130 2608 2186 urbi
2630 2130 3160 2201 appropinquarunt,
3186 2146 3306 2186 cum
3333 2139 3546 2200 portum
3574 2133 3761 2187 subire

2165 2220 2451 2276 confertim
2485 2235 2591 2275 non
2626 2232 2847 2289 possent
2875 2221 3022 2291 (nam
3075 2221 3128 2275 in
3172 2220 3350 2275 medio
3377 2221 3591 2290 amplus
3623 2220 3762 2277 satis

2166 2310 2371 2367 sensim
2404 2310 2456 2365 in
2483 2311 2688 2364 exitum
2714 2311 3084 2379 angustiorem
3119 2310 3340 2380 desinit)
3368 2309 3555 2366 decem
3590 2310 3761 2366 simul

2165 2419 2263 2474 per
2293 2405 2439 2460 vices
2477 2404 2667 2460 divisis
2699 2404 2982 2459 ordinibus
3018 2405 3418 2474 ingrediuntur.
3453 2405 3591 2459 Tum
3624 2420 3765 2459 vero

2169 2495 2371 2550 Ducam
2425 2497 2598 2560 aiunt,
2633 2510 2755 2550 cum
2812 2498 3028 2549 navium
3082 2496 3355 2552 hostilium
3410 2495 3756 2552 multitudine

2166 2590 2487 2665 exterritam
2518 2589 2745 2647 classem
2785 2587 3084 2643 Romanam
3118 2589 3347 2653 videret,
3396 2597 3584 2660 utpote
3631 2590 3757 2643 exi-

2168 2697 2327 2753 guam
2363 2683 2654 2737 admodum
2692 2682 2803 2744 (vix
2843 2681 2986 2736 enim
3018 2692 3256 2751 quatuor
3286 2681 3360 2736 illi
3398 2696 3558 2751 supra
3594 2681 3767 2753 163

2169 2777 2358 2833 decem
2390 2792 2553 2832 naves
2574 2776 2752 2846 erant)
2793 2775 2920 2830 talia
2950 2776 3308 2845 eseogitasse.
3340 2772 3577 2830 Litteras
3607 2774 3755 2828 velut

2169 2868 2239 2923 ab
2290 2868 2622 2939 imperatore
2671 2869 2872 2924 missas
2923 2867 3186 2921 militibus
3227 2866 3502 2930 ostendit,
3553 2864 3771 2936 quibus

2169 2961 2261 3019 ille
2303 2972 2446 3020 terra
2489 2960 2736 3033 marique
2791 2960 2939 3017 circa
2994 2958 3228 3016 medium
3276 2957 3422 3015 diem
3467 2956 3757 3014 adlaturas

2170 3038 2354 3126 copias
2394 3056 2696 3110 nuntiabat.
2737 3053 2851 3121 Qua
2896 3069 2991 3124 spe
3033 3053 3231 3109 erectis
3278 3052 3344 3106 iis
3377 3067 3393 3107 :
3429 3069 3450 3103 ι
3489 3049 3595 3106 Sed
3627 3065 3755 3116 nos,

2170 3148 2365 3218 inquit,
2397 3148 2596 3219 potius,
2633 3146 3052 3207 commilitones,
3086 3144 3369 3199 victoriam
3422 3143 3581 3199 nobis
3619 3142 3773 3213 ipsis-

2170 3250 2510 3309 expetamus.
2551 3254 2617 3294 ne
2663 3254 2784 3293 cum
2820 3247 2987 3293 totam
3018 3237 3264 3292 laborum
3294 3235 3489 3291 molem
3521 3234 3575 3290 in
3611 3250 3759 3304 prte-

2172 3333 2345 3388 sentia
2369 3332 2812 3397 sustinuerimus,
2837 3330 2926 3400 qui
2958 3330 3138 3386 serius
3159 3328 3225 3383 ad
3260 3327 3502 3398 praelium
3527 3328 3770 3383 venient

2167 3426 2408 3480 victoriae
2436 3424 2661 3493 gloriam
2695 3423 3037 3492 fructumque
3067 3420 3352 3477 nobiscum
3388 3418 3747 3488 partiamur.»

2169 3515 2265 3571 llis
2294 3515 2455 3570 dictis
2488 3514 2683 3580 Ducas,
2717 3512 2807 3568 ubi
2837 3513 2947 3581 iam
2985 3522 3198 3583 portum
3237 3510 3474 3567 subiisse
3512 3510 3755 3567 hostium

2169 3608 2398 3662 classem
2437 3606 2592 3671 vidit,
2622 3620 2749 3661 suos
2783 3605 3035 3675 occipere
3060 3618 3198 3674 opus
3223 3602 3400 3672 jubet.
3432 3602 3623 3658 Praelio
3652 3602 3759 3657 ita—

2168 3716 2272 3771 que
2300 3699 2473 3753 navali
2503 3698 2658 3766 inito,
2684 3696 2849 3752 Siculi
2882 3711 3002 3753 cum
3036 3704 3179 3751 terra
3210 3696 3453 3764 marique
3489 3696 3653 3750 missa
3685 3694 3754 3749 ab

2167 3801 2395 3860 utraque
2441 3798 2594 3858 parte
2643 3803 2674 3843 a
2714 3786 2976 3844 Romanis
3025 3785 3128 3843 tela
3170 3786 3311 3842 ferre
3357 3802 3462 3842 non
3507 3795 3750 3856 possent,

2168 3891 2315 3938 retro
2345 3894 2580 3937 cessere.
2630 3879 2925 3936 Caeduntur
2973 3880 3180 3935 interea
3230 3894 3259 3933 a
3304 3877 3563 3934 Romanis
3590 3878 3683 3948 qui
3721 3893 3753 3932 a

2172 3983 2321 4046 tergo
2348 3974 2671 4030 insistebant
2695 3973 3021 4044 complures,
3052 3981 3330 4044 captaeque
3366 3982 3602 4043 quatuor
3628 3985 3751 4024 cum

2167 4069 2300 4126 viris
2334 4068 2468 4140 ipsis
2499 4081 2682 4132 naves,
2707 4082 2826 4137 quae
2855 4066 2920 4121 ad
2945 4066 3137 4121 vadum
3166 4064 3522 4121 oﬂ'enderant.
3549 4063 3769 4133 Quippe

2169 4159 2351 4214 acrius
2412 4174 2573 4229 quam
2627 4171 2726 4227 par
2786 4164 2904 4211 erat
2955 4156 3122 4212 remis
3176 4156 3423 4225 impulsae
3477 4155 3754 4226 littoriqne

2170 4252 2339 4308 allisre
2370 4250 2526 4307 facile
2564 4251 2617 4305 in
2663 4248 2936 4303 terrestris
2981 4248 3252 4305 exercitus
3301 4257 3623 4318 potestatem
3658 4264 3751 4303 vc-

2170 4354 2386 4401 nerunt.
2437 4340 2514 4397 Eo
2554 4343 2606 4396 iu
2640 4339 2937 4396 certamine
2980 4339 3087 4395 duo
3131 4338 3369 4395 hostium
3408 4338 3572 4393 millia
3609 4339 3760 4394 desi-

2170 4434 2355 4491 derata
2388 4442 2550 4489 sunt:
2585 4431 2812 4486 Romani
2845 4446 2973 4486 vero
3013 4446 3118 4486 non
3157 4430 3311 4501 pauci
3352 4430 3606 4501 prmelara
3639 4432 3753 4486 edi-

2171 4525 2302 4581 dere
2335 4523 2593 4579 facinora.
2642 4519 2872 4576 Maxime
2910 4528 3092 4576 tamen
3140 4521 3191 4575 in
3230 4521 3296 4575 iis
3337 4520 3557 4576 emicuit
3592 4521 3753 4577 unius

486 4641 611 4717 σας.
645 4627 878 4699 Ἔτυχον
908 4630 1017 4700 γὰρ
1039 4610 1541 4709 προπετέστερον-τῆ
1768 4642 1869 4711 τῆς
1893 4610 2066 4717 ..εἰρε-

2173 4630 2240 4672 ex
2269 4615 2428 4671 Ducat
2458 4613 2573 4668 acie
2602 4612 2797 4677 virtus,
2839 4611 2929 4668 cui
2967 4627 3160 4667 nomen
3193 4610 3608 4668 Scaratnancas.
3643 4611 3721 4666 Fn
3744 4643 3756 4654 -

486 4714 612 4780 σίας
641 4718 939 4790 γενομένης
957 4721 1052 4775 ἐπὶ⁵
1078 4723 1179 4794 τῆς
1217 4724 1391 4794 ἀκτῆς
1421 4725 1629 4796 ἱζῆσαι,
1663 4731 1882 4802 στρατῷ
1907 4714 2070 4803 ἠπει-

488 4803 640 4881 ρώτῃ
662 4805 883 4879 θήραμα
913 4811 1277 4883 ἑτοιμότατον.
1322 4814 1410 4867 Ἑν
1430 4813 1607 4887 τούτῳ
1625 4816 1704 4887 τῷ
1733 4820 1881 4891 πόνῳ
1907 4821 2069 4877 πλέον

487 4900 785 4971 ῆδισχίλιοι
804 4903 915 4957 τῶν
942 4904 1215 4975 πολεμίων
1239 4907 1454 4970 ἔπεσον,
1475 4907 1765 4978 Ῥωμαίων
1780 4909 1837 4966 δὲ
1853 4911 2070 4978 πολλοῖς

494 4993 596 5063 μὲν
622 4986 719 5046 καῖ
732 4993 915 5059 ἄλλοις
932 4997 1252 5068 ἀριστεῦσαι
1268 5000 1507 5067 ἐγένετο,
1528 5001 1766 5068 μάλιστα
1777 5002 1835 5057 δὲ
1849 5004 2070 5059 πάντων

492 5087 635 5156 ἀνὴρ
653 5085 868 5157 ἐγένετο
880 5089 1085 5158 ἀγαθὸς
1102 5089 1209 5144 τῶν
1220 5106 1305 5154 τις
1322 5091 1420 5145 σὺν
1433 5091 1511 5162 τῷ
1527 5093 1707 5164 Δούκᾳ
1722 5096 2071 5167 ταττομένων

491 5180 780 5252 ἐπίκλησιν
801 5182 1235 5253 Σκαραμαγκᾶς.
1250 5183 1373 5237 Τῶν
1405 5184 1515 5255 γάρ
1546 5184 1822 5257 πολεμίων
1847 5187 2070 5257 φεύγειν

491 5274 593 5347 ήδη
611 5275 1076 5344 ἐπιϐαλλομένων,
1092 5276 1536 5342 αύτδςέπελάσας
1552 5278 1643 5332 τὸν
1659 5279 1826 5333 ἵππον
1838 5298 1946 5350 πρυ
1954 5281 2072 5352 μνό-

493 5367 587 5421 θεν
618 5366 705 5439 [Ρ.
721 5368 813 5441 95]
835 5367 1056 5421 ἐλάϐετο
1083 5370 1214 5439 μιᾶς
1240 5368 1505 5422 θέλουσάν
1524 5385 1585 5422 τε
1606 5367 1864 5440 ἀπαίρειν
1885 5373 2071 5441 ἐπεῖχε

497 5456 595 5509 σὺν
627 5455 740 5527 βίᾳ,
775 5456 938 5528 ἔργον
973 5457 1189 5509 ἐκείνου
1212 5455 1553 5528 Κυνεγείρου
1587 5455 1651 5509 τδ
1698 5456 2073 5528 πολυλάλητον

494 5545 525 5597 ὁ
573 5546 840 5612 γεννάδας
899 5545 1145 5615 πληρῶν.
1222 5546 1388 5600 Ἀλλὰ
1459 5546 1677 5618 πληγῆς
1739 5548 2074 5617 ἐγκοπείσης

495 5638 649 5711 αὐτῷ
671 5639 809 5710 πρὸς
833 5639 939 5692 τῶν
962 5638 1136 5705 ἔνδον,
1160 5639 1434 5710 ἀπέσχετο
1478 5640 1579 5710 μὲν
1641 5639 1733 5693 ὑπ’
1800 5640 2070 5711 ἀνάγκης,

493 5731 588 5786 τὸν
613 5731 671 5784 δέ
711 5734 810 5804 τῆς
840 5731 1024 5803 φυγῆς
1056 5732 1209 5803 ὅμως
1237 5732 1650 5803 ὑποτεμόμενος
1694 5732 1888 5804 χρόνον
1933 5733 2073 5806 πρὸς

495 5824 607 5878 τῶν
664 5825 840 5880 ἄλλων
901 5825 1190 5897 Ῥωμαίων
1254 5825 1668 5897 ἐπιδραμόντων
1709 5826 1812 5898 ἤδη
1865 5825 2074 5883 άλῶναι

498 5918 706 5988 ταύτην
742 5919 989 5992 ἐποίησε.
1044 5918 1229 5976 Ταῦτα
1303 5919 1736 5992 κατωρθωκότες
1806 5920 2070 5994 Ῥωμαῖοι

2171 4720 2298 4781 gere
2338 4706 2481 4763 enim
2521 4705 2634 4777 jam
2673 4704 3054 4775 incipientibus
3101 4704 3365 4772 hostibus,
3398 4705 3514 4775 ipse
3562 4705 3755 4762 adacto

2171 4827 2312 4885 equo
2351 4811 2568 4884 puppim
2612 4811 2779 4867 altera
2812 4807 3095 4881 prehendit
3125 4824 3283 4863 manu
3314 4815 3368 4865 et
3397 4810 3627 4866 evadere
3658 4824 3756 4864 vo-

2172 4912 2370 4966 lentem
2422 4910 2474 4964 vi
2524 4910 2737 4964 tenuit:
2779 4909 2865 4963 vir
2914 4923 3206 4979 generosus
3254 4904 3456 4962 factum
3503 4916 3757 4977 repetens

2174 5002 2319 5058 illius
2357 5001 2606 5073 Cynegiri
2643 5000 2824 5056 multis
2859 5002 3188 5069 scriptorum
3232 5000 3480 5056 laudibus
3513 4999 3757 5056 celebra-

2176 5106 2312 5150 tum.
2363 5095 2469 5150 Sed
2518 5095 2662 5149 illata
2716 5109 2745 5147 a
2796 5094 3106 5150 vectoribus
3135 5090 3295 5166 165
3323 5093 3500 5163 plaga,
3557 5108 3750 5148 navem

2172 5186 2390 5257 quidem
2447 5186 2766 5240 necessitate
2816 5185 3126 5253 compulsus
3175 5183 3417 5248 dimisit,
3470 5182 3755 5237 occasiOne

2178 5288 2356 5332 tamen
2412 5275 2724 5347 aufugiendi
2780 5277 3060 5337 intercisa,
3120 5284 3180 5328 ut
3221 5270 3291 5329 ab
3339 5271 3756 5328 accurrentihus

2175 5370 2296 5425 aliis
2336 5366 2598 5424 Romanis
2632 5381 2920 5438 caperetur
2943 5366 3137 5423 eﬂ‘ecit.
3170 5364 3264 5420 His
3293 5378 3553 5435 prospere
3589 5363 3758 5432 gestis

2174 5459 2404 5517 Romani
2461 5462 2822 5517 Brundusium
2885 5459 3183 5515 redierunt.
3238 5457 3366 5513 Dein
3422 5456 3756 5519 machinam,

2174 5567 2334 5623 quam
2363 5553 2521 5625 vulgo
2546 5551 2869 5608 testudinem
2900 5559 3111 5615 vocant,
3136 5548 3246 5602 arei
3272 5549 3582 5602 admovent.
3603 5545 3758 5613 Quod

2176 5645 2266 5700 ubi
2302 5646 2554 5703 viderunt
2595 5645 2688 5715 qui
2740 5644 2794 5698 in
2840 5641 3111 5697 manibus
3153 5639 3391 5706 stabant,
3424 5637 3655 5694 elfusutn
3703 5639 3759 5693 in

2177 5738 2345 5794 risum
2380 5752 2440 5794 se
2469 5738 2687 5804 dedere,
2741 5735 2885 5806 quod
2931 5749 3152 5790 murum
3200 5734 3304 5789 hoc
3337 5734 3498 5787 modo
3528 5730 3760 5787 eotwelli

2176 5843 2339 5900 posse
2388 5828 2619 5885 Romani
2669 5832 2946 5898 putarent,
2988 5825 3119 5882 licet
3165 5823 3219 5881 id
3268 5837 3609 5894 nequaquam
3644 5819 3760 5877 lteri

2176 5929 2380 5996 posset.
2406 5919 2485 5979 Ita
2514 5919 2661 5979 enim
2688 5917 3148 5991 lapidesinvicem
3170 5915 3473 5985 coherent,
3492 5923 3551 5972 ut
3572 5926 3775 5972 murus
