4058 6436
367 399 472 461 5οἸ

1646 402 1968 464 JOANNIS
2005 403 2336 465 CINNAMI

3529 413 3637 478 504

362 514 479 578 ipse
511 521 651 566 totus
686 510 878 566 unicus
910 512 1155 567 videatur
1190 512 1346 583 lapis.
1377 513 1476 570 Ubi
1507 529 1636 570 vero
1675 516 1944 572 moenibus

2054 517 2146 571 ἐπὶ
2174 519 2495 589 Βρεντέσιον
2528 519 2910 591 ἀνεχώρησαν,
2943 524 3195 593 μηχανήν
3229 522 3287 576 τέ
3331 541 3453 578 τινα
3512 543 3641 579 τεκ-

364 603 669 654 machinam
711 603 1069 655 admoverunt
1105 601 1373 667 Romani,
1415 618 1534 659 eam
1583 617 1743 661 nocte
1791 606 1954 662 sube-

366 701 523 745 untcs
569 706 781 745 tnurtnn
818 691 870 746 in
908 691 1038 760 ipsis
1084 691 1452 748 fundamentis
1496 692 1791 750 sull'odiunt
1830 709 1954 765 ege-

361 792 554 850 staque
598 782 720 835 inde
760 783 956 836 rudera
990 783 1042 835 iu
1086 783 1308 837 alteram
1347 784 1685 841 transferunt
1718 798 1950 856 partem,

360 877 535 933 donec
584 879 852 946 superatis
902 876 1109 932 ultimis
1155 876 1631 931 fundamentorum
1683 878 1952 948 lapidibus

362 970 428 1021 ad
456 968 618 1021 imam
649 967 916 1022 devenere
949 967 1195 1033 humum,
1223 983 1332 1036 qua
1370 977 1523 1023 eruta
1557 970 1732 1024 locum
1761 983 1953 1038 quem-

358 1059 483 1112 dam
535 1057 820 1113 coniecere
868 1072 1096 1111 vacuum
1159 1071 1393 1126 cumque
1448 1059 1741 1127 suppositis
1788 1058 1951 1130 lignis

359 1150 656 1220 replerere,
676 1150 871 1220 quibus
893 1164 956 1204 ea
980 1164 1098 1218 quae
1119 1150 1217 1204 hac
1242 1158 1393 1217 parte
1414 1150 1724 1206 eminebant
1752 1151 1951 1206 moenia

357 1247 753 1296 sustentarent.
771 1240 851 1295 Ad
877 1248 1177 1296 extremum
1198 1250 1256 1295 ut
1275 1240 1548 1296 obstinato
1574 1241 1751 1297 adhuc
1767 1243 1952 1298 animo

356 1343 607 1403 perstare
636 1333 933 1404 oppidanos
957 1334 1159 1398 vident,
1196 1334 1373 1402 ignem
1402 1334 1523 1388 loco
1563 1333 1829 1404 injiciunt,
1859 1333 1952 1404 qui

358 1427 662 1497 ahsnmptis
690 1426 945 1483 celeriter
978 1426 1158 1496 lignis,
1199 1441 1411 1480 murum
1438 1427 1655 1497 disjecit
1688 1426 1950 1493 funditus,

359 1538 576 1592 tntaque
602 1537 667 1577 ex
700 1520 767 1578 iis
792 1520 1099 1589 complures
1129 1519 1217 1589 qui
1251 1521 1303 1573 in
1338 1520 1469 1588 ipsis
1500 1520 1719 1574 stabant
1745 1533 1952 1588 propu-

355 1615 603 1682 gnaculis
650 1613 957 1683 praecipites
1003 1613 1195 1668 dedit:
1230 1614 1443 1667 caeteris
1488 1612 1705 1667 interim
1755 1612 1845 1682 qui
1897 1612 1951 1665 in

358 1705 675 1761 interiorem
730 1721 943 1760 murum
1013 1706 1339 1775 refugerant,
1413 1703 1762 1761 nihilominus
1805 1704 1955 1759 obsi-

358 1800 648 1855 sterilibus.

2054 610 2467 683 τηνάμενοι,ῆν
2500 612 2741 683 χελώνην
2788 614 2975 668 καλεῖν
3016 614 3305 681 έθοςέστὶ,
3352 619 3418 686 τῇ
3472 618 3644 688 ἀκρο-

2055 702 2212 758 πόλει
2234 706 2532 776 προσῆγον.
2569 706 2739 759 Τοῦτο
2758 708 2809 760 οί
2840 708 2934 760 ἐπὶ
2971 707 3080 761 τῶν
3109 710 3339 779 τειχέων
3373 709 3648 780 θεώμενοι

2057 796 2232 851 πλατὺ
2256 798 2481 864 ἐγέλων,
2514 800 2755 868 οἰόμενοι
2783 801 2867 854 ὅτι
2898 801 2961 872 δὴ
2995 802 3300 872 σπαράξειν
3343 802 3490 856 οὕτω
3544 801 3645 874 τὴν

2054 890 2403 960 τειχοδομίαν
2433 891 2796 956 διανοοῦνται,
2830 895 3068 964 πρᾶγμα
3115 895 3316 966 κομιδῇ
3374 894 3644 949 ἀδύνατον

2054 981 2322 1036 δν.’οὔτο›
2346 981 2454 1052 γὰρ
2492 986 2776 1053 μεμύκασι
2808 987 2946 1056 πρὸς
2970 985 3237 1056 ἀλλήλους
3266 986 3317 1038 οἱ
3369 985 3533 1051 λίθοι,
3565 986 3644 1047 ὡς

2055 1072 2204 1126 λίθον
2245 1074 2343 1127 ἕνα
2405 1075 2466 1128 τὸ
2520 1075 2668 1129 ἆπαν
2712 1077 2956 1129 ἐοικέναι
3014 1078 3215 1146 τεῖχος.
3259 1076 3528 1147 Ῥωμαῖοι
3584 1077 3644 1130 δέ

2055 1165 2248 1234 ἐπειδὴ
2265 1168 2378 1228 τοῖς
2404 1166 2641 1237 τείχεσιν
2672 1168 2952 1237 ἐπήλασαν
2977 1168 3038 1223 τὸ
3064 1171 3387 1241 μηχάνημα,
3421 1169 3645 1238 νύκτωρ

2058 1255 2190 1309 αὐτὸ
2220 1256 2586 1326 ὑπερχόμενοι
2612 1258 2969 1313 ὑπέσκαπτον
3030 1259 3141 1313 τῶν
3194 1259 3644 1331 κρηπιδῳμάτοιιν

2057 1344 2229 1412 ἐγγὺς
2264 1345 2355 1399 τόν
2385 1345 2581 1415 τεχοῦν
2610 1346 2977 1417 ἐκφοροῦντες
3005 1347 3101 1401 ἐπὶ
3152 1346 3358 1417 θάτερα
3417 1348 3640 1416 ἐξῆγον,

2057 1434 2162 1495 ἕως
2187 1436 2313 1499 τοὺς
2340 1436 2608 1505 ἐσχάτους
2641 1437 3006 1507 παρελθόντες
3029 1437 3143 1490 τῶν
3166 1436 3436 1506 θεμελίων
3457 1437 3644 1499 λίθους

2056 1524 2146 1575 ἐπὶ
2175 1523 2267 1576 τὸν
2300 1523 2522 1595 ἔνερθεν
2550 1528 2929 1597 κατηντήκασι
2986 1525 3138 1596 χοῦν.
3168 1525 3244 1580 Τὸ
3292 1526 3340 1578 δ’
3383 1524 3641 1579 ἐντεῦθεν

2055 1614 2321 1679 διελόντες
2350 1615 2512 1669 αὐτὸν
2537 1619 2701 1688 κενήν
2733 1635 2857 1671 τινα
2901 1617 3087 1690 χώραν
3152 1618 3395 1682 ἐποίουν,
3468 1616 3642 1682 ξυλώο

2060 1705 2209 1774 μοιτά
2239 1723 2299 1758 τε
2327 1706 2692 1771 ὑποϐαλόντες
2718 1710 2839 1762 τινά
2870 1710 2968 1780 τήν
3007 1727 3065 1763 τε
3115 1709 3407 1778 κοιλότητα
3470 1707 3640 1775 ἐπλήο

2062 1815 2189 1868 ρουν
2214 1798 2308 1851 καὶ
2335 1799 2393 1852 τὸ
2411 1800 2540 1869 τῇδε
2576 1801 2672 1854 τοῦ
2700 1802 2992 1871 περιϐόλου
3021 1802 3349 1873 αἰωρεῖσθαι
3397 1818 3461 1854 συ
3473 1800 3641 1869 μϐαἰ-

358 1914 450 1953 νον
477 1896 771 1966 ύπανείχον
808 1894 877 1948 δι’
902 1892 1105 1955 αὐτῶν,
1137 1893 1242 1957 ἕως
1307 1894 1433 1956 τοὺς
1480 1892 1627 1947 ἔνδον
1690 1894 2307 1964 ίσχυρογνωμονοῦντας
2372 1895 2453 1949 ἔτι
2508 1897 2746 1964 ὁρῶντες
2796 1896 3085 1964 ὑπανῆκαν
3148 1894 3226 1965 τῷ
3287 1895 3449 1966 χώρῳ
3502 1892 3643 1962 πῦρ.

361 1994 435 2046 Τὸ
469 1992 527 2046 δὲ
584 1991 721 2061 ταχὺ
768 1991 870 2060 τὴν
913 1988 1050 2057 ὓλην
1100 1988 1571 2058 διανεμησάμενον
1636 1988 1936 2060 πρόρριζον
1974 1988 2054 2052 είς
2117 1988 2216 2057 τὴν
2248 1989 2353 2057 γῆν
2398 1989 2460 2042 τὸ
2517 1992 2696 2060 τεῖχος
2728 1989 3048 2043 κατέσπακε
3078 2006 3091 2018 ·
3147 1987 3556 2055 συγκατήνεγκε
3582 1985 3639 2037 ιέ

360 2085 455 2138 καὶ
485 2085 593 2139 τῶν
624 2086 718 2138 ἐπὶ
748 2085 856 2138 τῶν
873 2081 1152 2149 ἐπάλξεων
1191 2080 1441 2145 πολλούς.
1473 2081 1618 2135 Ἀλλ’
1676 2084 1726 2136 oi
1792 2082 2069 2153 Βάρϐαροι
2140 2082 2235 2135 ἐπὶ
2273 2082 2336 2135 τὺ
2401 2081 2671 2153 ἐνδοτέρω
2728 2082 3189 2152 ἀναχωρήσαντες
3260 2083 3439 2151 τεῖχος
3480 2079 3639 2134 οὐδὲν

358 2181 521 2258 ἦττον
547 2182 878 2253 ἀντείχοντο.

432 2277 521 2332 12.
565 2273 705 2331 Dum
732 2276 786 2330 in
814 2288 883 2328 eo
912 2280 1095 2330 essent
1126 2281 1270 2327 statu
1306 2286 1391 2326 res
1428 2272 1818 2334 Romanorum,
1853 2270 1955 2323 im-
1982 2267 2029 2327 B

362 2377 579 2437 perator
617 2374 987 2434 comparatam
1040 2365 1269 2420 classem
1320 2372 1719 2431 terrestresque
1766 2359 1952 2427 copias

367 2457 419 2509 in
447 2455 653 2510 Italiam
688 2452 838 2509 misit
867 2472 880 2509 :
916 2454 1130 2521 utrique
1160 2452 1422 2506 exercitui
1464 2452 1753 2521 praeposito
1789 2448 1948 2522 165

366 2546 579 2613 Alexio,
610 2543 953 2616 imperatoris
981 2543 1154 2597 Alexii
1195 2558 1259 2598 ex
1305 2544 1411 2598 filia
1453 2553 1670 2613 nepote,
1705 2544 1796 2613 qui
1838 2551 1950 2595 tum

367 2636 548 2707 tuagni
590 2634 743 2691 ducis
788 2633 1110 2704 fungebatur
1155 2635 1461 2704 dignitate:
1496 2634 1599 2690 hoc
1641 2635 1688 2689 ei
1726 2637 1851 2689 dato
1898 2633 1950 2687 iu

366 2725 658 2789 mandatis,
691 2733 745 2780 nl
783 2725 944 2779 alium
976 2736 1238 2794 praeterea
1274 2725 1619 2779 contraheret
1650 2725 1950 2780 exercitum

364 2820 552 2885 sicque
584 2816 789 2872 Italiam
824 2816 1127 2871 invaderet.
1160 2814 1265 2870 Sed
1312 2814 1444 2869 nihil
1478 2816 1670 2869 horum
1722 2815 1814 2870 ille
1856 2830 1952 2871 οι·

363 2917 582 2965 secutus
614 2906 975 2962 Brundusium
1002 2907 1169 2972 venit,
1198 2914 1310 2961 tum
1339 2905 1482 2974 quod
1524 2905 1737 2975 pluritni
1778 2907 1948 2976 ipsam

367 3013 477 3059 tam
501 3015 718 3073 gravem
744 3001 1193 3071 pertimescerent
1221 2998 1638 3070 navigationem,
1668 3010 1777 3053 tum
1806 3000 1949 3069 quod

365 3094 458 3149 alii
485 3092 723 3164 pericula
760 3092 828 3147 ab
861 3092 1014 3147 hoste
1041 3089 1379 3146 imminentia
1414 3098 1750 3145 vererentur.
1774 3090 1950 3161 Atque

364 3188 491 3243 inde
538 3184 879 3241 manifestius
922 3183 1091 3254 cmpit
1132 3181 1348 3238 fortuna
1392 3182 1648 3253 deinceps
1690 3180 1950 3237 Romanis

362 3280 628 3335 invidere.
664 3276 938 3334 Robertus
985 3276 1156 3338 enim,
1202 3275 1295 3345 qui
1339 3274 1603 3331 hactenus
1639 3288 1788 3328 arma
1822 3288 1945 3329 cum

361 3369 473 3426 illis
502 3368 878 3439 conjunxeral,
928 3375 988 3421 ut
1024 3365 1351 3422 Gulielmum
1388 3380 1509 3420 cum
1560 3365 1749 3419 validis
1780 3366 1948 3434 copiis

363 3460 657 3515 adventare
687 3457 950 3529 percepit,
975 3456 1217 3527 viditque
1253 3457 1480 3512 necdum
1507 3455 1795 3511 Brundusii
1821 3471 1948 3510 arce

362 3551 566 3623 potitos
609 3550 907 3612 Romanos,
947 3564 975 3602 a
1022 3547 1344 3603 commilitio
1389 3547 1643 3612 recessit;
1685 3561 1800 3601 eam
1850 3545 1945 3600 ob-

365 3644 595 3698 tendens
644 3654 888 3702 causam,
936 3637 1090 3708 quasi
1143 3637 1430 3692 excederet
1474 3637 1617 3702 inde,
1657 3647 1712 3689 ut
1767 3636 1952 3705 copias

365 3748 486 3804 quae
510 3732 563 3786 in
594 3731 793 3787 laboris
815 3740 1025 3801 partem
1051 3730 1318 3792 venirent,
1341 3729 1703 3783 contraheret.
1731 3726 1953 3796 Equites

365 3835 623 3895 pt'teterea
652 3839 717 3879 ex
745 3822 921 3878 Marca
952 3821 1174 3878 civitate
1200 3820 1466 3890 duplicari
1496 3820 1596 3875 sibi
1621 3819 1951 3891 stipendium

364 3916 720 3986 postulantes,
748 3929 807 3969 re
837 3928 941 3969 non
974 3914 1191 3969 obtenta
1228 3926 1520 3968 recessere.
1547 3908 1644 3965 His
1663 3911 1953 3979 compertis

363 4008 682 4075 Gulielmus,
712 4016 990 4078 assumpto
1019 4006 1281 4072 exercitu,
1299 4014 1446 4060 recta
1468 4013 1656 4060 contra
1677 4002 1952 4057 Romanos

362 4102 730 4173 progreditur.
758 4098 869 4155 lliis
896 4114 1026 4154 vero
1050 4097 1476 4155 deliberantibus
1498 4095 1950 4167 quemadmodum

364 4193 560 4249 bellum
603 4192 653 4246 id
684 4189 926 4247 ordinari
966 4196 1263 4260 oporteret,
1307 4188 1527 4258 quidam
1568 4186 1747 4242 Barim
1794 4186 1953 4240 rede-

364 4283 568 4343 nudum
618 4289 972 4347 censuerunt,
1019 4280 1268 4351 valloque
1316 4267 1504 4336 urb'em
1550 4280 1949 4335 muniendam:

362 4376 485 4435 aliis
527 4375 799 4447 ejusmodi
840 4375 1124 4431 consilium
1178 4389 1284 4429 non
1333 4374 1540 4440 arrisit,
1583 4382 1784 4429 metum
1833 4372 1952 4429 fore

364 4469 708 4524 manifestum
738 4468 1064 4535 dicentibus,
1099 4466 1143 4523 si
1180 4466 1397 4522 omissis
1428 4466 1497 4522 iis
1530 4480 1649 4535 quae
1687 4466 1742 4520 in
1779 4464 1953 4519 mani-

362 4560 464 4615 bus
503 4567 662 4614 erant
691 4566 840 4614 retro
872 4558 1148 4613 cederent.
1183 4557 1370 4626 Itaque
1402 4557 1599 4626 quibus
1640 4570 1703 4610 ea
1748 4555 1953 4623 placuit

361 4650 654 4717 sententia,
704 4657 918 4719 tempus
966 4650 1172 4704 interea
1222 4648 1587 4718 nequidquam
1650 4648 1749 4701 teri
1805 4646 1947 4700 haud

362 4741 528 4810 passi,
585 4740 779 4795 iterum
835 4738 1223 4810 aggrediuntur
1288 4739 1522 4802 moenia,
1586 4750 1950 4808 magnamque

363 4841 570 4903 partem
605 4830 874 4886 machinis
913 4831 1201 4885 subruunt.
1240 4828 1428 4897 Neque
1472 4838 1651 4882 tamen
1682 4828 1948 4883 Barbaros

361 4940 431 4978 ex
482 4923 548 4978 iis
598 4921 871 4995 depellere
920 4931 1144 4991 potuere
1190 4939 1203 4975 :
1252 4930 1442 4979 contra
1503 4919 1820 4975 audaciores
1872 4916 1943 4973 illi

361 5014 541 5070 rﬂ'ecti
574 5012 836 5069 invadunt
869 5011 1163 5075 Romanos,
1201 5010 1295 5064 sed
1339 5025 1462 5064 mox
1498 5024 1709 5063 rursum
1755 5010 1822 5065 iis
1864 5012 1942 5065 ir-

364 5105 666 5172 ruentibus,
705 5103 867 5176 166
898 5102 1039 5156 intra
1082 5103 1280 5156 moenia
1314 5116 1435 5157 sese
1477 5101 1746 5169 recipiunt
1781 5119 1796 5155 :
1837 5117 1944 5169 quo

365 5206 477 5249 tum
522 5204 784 5266 tempore,
830 5193 931 5248 nisi
966 5191 1225 5257 [Romanis
1268 5192 1452 5251 nescio
1493 5206 1612 5261 quae
1646 5192 1948 5248 obstitisset

2133 2262 2219 2334 ιβ’.
2265 2263 2531 2333 Ῥωμαῖοι
2562 2263 2661 2333 μὲν
2689 2262 2781 2317 οὖν
2807 2264 2865 2317 ἐν
2900 2264 3111 2327 τούτοις
3145 2258 3307 2335 ἦσαν,
3337 2268 3364 2318 ὀ
3388 2266 3442 2319 δέ
3477 2266 3640 2336 βασι·

2056 2357 2182 2421 λεὺς
2216 2357 2403 2410 στόλον
2431 2358 2566 2410 νεῶν
2596 2358 2825 2425 ἀγείρας
2852 2357 2968 2427 ἅμα
2996 2358 3279 2430 ὴπειρώτῃ
3315 2360 3532 2429 στρατῷ
3556 2360 3639 2422 εἰς

2053 2449 2152 2520 τὴν
2199 2448 2431 2503 Ἰταλίαν
2466 2448 2736 2519 ἔπεμψεν,
2766 2443 2843 2503 ὧν
2884 2449 3126 2514 Ἀλέξιος
3155 2450 3266 2520 (98)
3302 2452 3636 2524 ἀμφοτέρων

2052 2536 2222 2613 ἦρχεν
2266 2541 2296 2595 ό
2344 2539 2613 2610 βασιλέως
2645 2541 2889 2605 Ἀλεξίου
2918 2542 3316 2612 θυγατριδοῦς,
3353 2544 3529 2612 μέγας
3556 2543 3637 2613 τῷ

2052 2632 2310 2704 τηνικάδε
2336 2633 2461 2700 δοὺξ
2489 2631 2870 2704 χρηματίζων.
2896 2633 3230 2689 Ἑπέσταλτο
3245 2634 3302 2688 δὲ
3328 2635 3477 2704 αὑτῷ
3496 2636 3636 2707 πρὸς

2052 2726 2150 2782 τοῦ
2186 2726 2461 2797 βασιλέως
2495 2726 2589 2779 καὶ
2626 2725 2822 2797 ἑτέραν
2850 2725 3172 2796 ἀθροίσαντι
3222 2725 3454 2794 δύναμιν
3487 2725 3634 2780 οὕτω

2053 2818 2119 2889 δὴ
2148 2817 2352 2889 Ἰταλίᾳ
2400 2817 2875 2888 προσεσχηκέναι⁶
2908 2815 3025 2871 ἀλλ’
3067 2818 3279 2880 ἐκεῖνος
3314 2816 3469 2870 οὐδὲν
3505 2816 3636 2870 τούς

2052 2929 2165 2965 των
2214 2911 2699 2981 διαπεπραγμένος
2729 2909 2824 2965 ἐπὶ
2869 2910 3190 2981 Βρεντέσιον
3239 2905 3400 2982 ἦλθε,
3436 2910 3497 2964 τὸ
3531 2909 3635 2981 μὲν

2054 3002 2192 3075 πρὸς
2220 3003 2312 3057 τὸν
2363 3002 2644 3057 ἀπόπλουν
2669 3001 2814 3056 οὕτω
2842 3001 3018 3056 δεινὸν
3068 3004 3199 3057 ὄντα
3230 3003 3632 3073 πεφοϐημένων

2052 3096 2162 3150 τῶν
2207 3095 2445 3161 πολλῶν,
2472 3096 2532 3149 τὸ
2561 3094 2619 3149 δέ
2654 3095 2750 3150 καὶ
2806 3094 3014 3166 ὑποψίᾳ
3066 3095 3356 3161 κινδύνων,
3410 3097 3460 3150 οἶ
3492 3097 3634 3168 πρὸς

2050 3186 2161 3239 τῶν
2194 3187 2470 3255 πολεμίων
2504 3186 2816 3256 ἐπήρτηντο
2846 3185 3019 3254 σφίσι.
3053 3183 3125 3238 Τδ
3155 3184 3199 3238 δ’
3230 3185 3483 3239 ἐντεῦθεν
3509 3187 3634 3257 ἀρι-

2050 3281 2342 3350 δηλότερον
2367 3279 2468 3352 ἤδη
2501 3278 2822 3349 βασκαίνειν
2853 3279 2886 3349 ή
2918 3278 3058 3349 τύχη
3077 3277 3375 3348 Ῥωμαίοις
3403 3277 3630 3350 ἤρξατο,

2063 3371 2401 3444 Ῥομπέρτος
2432 3370 2544 3441 (99)
2598 3386 2658 3423 τε
2692 3370 2822 3441 γὰρ,
2854 3369 2914 3433 δς
2944 3371 3132 3432 αὐτοῖς
3187 3370 3318 3441 ἄχρι
3361 3373 3457 3423 καὶ
3503 3370 3627 3424 τότε

2053 3464 2376 3535 συνεμάχει,
2434 3459 2720 3532 Γιλίελμον
2776 3460 3020 3526 ἀκούσας
3050 3460 3350 3531 δυνάμεσιν
3382 3462 3494 3529 ἅμα
3531 3461 3630 3530 βα-

2055 3556 2231 3628 ρείαις
2256 3557 2438 3626 ἥκειν,
2498 3553 2641 3624 ὁρῶν
2677 3553 2734 3607 δέ
2763 3555 2860 3607 καὶ
2901 3552 3208 3624 Ῥωμαίους
3235 3551 3392 3606 οὔπω
3417 3552 3497 3607 ἐτι
3531 3552 3634 3623 τὴν

2054 3647 2383 3718 Βρεντεσίου
2417 3646 2958 3717 παραστησαμένους
3010 3645 3333 3716 ἀκρόπολιν,
3363 3644 3457 3698 τοῦ
3488 3662 3634 3714 συμ-

2058 3744 2255 3812 μαχεῖν
2292 3740 2589 3810 ἀπέσχετο,
2624 3738 2977 3810 σκηψάμενος
3028 3738 3105 3803 ὡς
3156 3737 3417 3808 δυνάμεις
3445 3735 3636 3805 ἁθροί-

2057 3846 2167 3883 σων
2196 3829 2385 3884 ἄπεισι
2406 3827 2502 3882 τοῦ
2535 3825 2772 3881 ἐνταῦθα
2806 3826 2969 3880 πόνου
3003 3825 3420 3896 συλληψομένας
3443 3824 3629 3895 αὐτῷ’

2055 3922 2151 3975 καὶ
2207 3922 2257 3974 oi
2316 3924 2379 3975 ἐκ
2430 3922 2666 3990 Μάρκας
2718 3919 2925 3985 πόλεως
2956 3918 3032 3992 (1)
3068 3920 3253 3983 ίππείς
3310 3918 3635 3982 διπλασίους

2055 4014 2383 4084 κομίζεσθαι
2420 4013 2515 4069 τοῦ
2557 4013 2750 4068 λοιποῦ
2786 4013 2887 4078 τάς
2943 4012 3228 4080 συντάξεις
3275 4013 3631 4083 αἰτήσαντες,

2055 4104 2244 4176 ἐπειδὴ
2278 4103 2355 4174 μὴ
2386 4104 2684 4174 ἐτύγχανον
2715 4102 2808 4157 τοῦ
2843 4101 3049 4157 σκοποῦ
3070 4144 3084 4168 ,
3118 4102 3325 4174 ᾤχοντο
3351 4102 3631 4165 ἀπιόντες.

2055 4191 2296 4245 Τοιαῦτα
2344 4190 2631 4259 Γιλίελμος
2668 4189 2861 4261 μαθὼν
2896 4190 2993 4254 τὰς
3022 4189 3284 4260 δυνάμεις
3339 4188 3635 4244 ἀναλαϐὼν

2056 4280 2143 4354 [Ρ.
2180 4280 2419 4349 951εὐθὺ
2450 4280 2740 4351 Ῥωμαίων
2753 4280 2973 4350 ἐχώρει.
2992 4281 3114 4335 Τῶν
3144 4281 3202 4335 δέ
3221 4278 3635 4351 βουλευομένων

2059 4372 2169 4442 ὅπη
2197 4370 2290 4423 τὸν
2327 4369 2457 4424 πὸλε
2469 4386 2569 4441 μον
2606 4368 2759 4422 τόνδε
2785 4368 3112 4423 διοικεῖσθαι
3148 4368 3351 4442 χρεὼν,
3381 4372 3492 4434 τοῖς
3531 4369 3633 4439 μὲν

2056 4460 2151 4513 ἐπὶ
2182 4461 2354 4530 Βᾶριν
2385 4459 2522 4513 ίέναι
2549 4458 2787 4530 ταφρείᾳ
2814 4474 2876 4511 τε
2917 4459 3016 4529 τὴν
3044 4458 3200 4513 πόλιν
3230 4458 3632 4528 ἀσφαλίζεσθαι

2055 4554 2255 4617 ἐδόκει,
2288 4553 2414 4608 τοὺς
2459 4552 2516 4605 δὲ
2548 4551 2709 4605 τοῦτο
2742 4550 2842 4620 μὲν
2870 4550 2973 4603 οὐκ
3017 4550 3225 4621 ἧρεσκε
3252 4551 3459 4606 δειλίαν
3489 4545 3633 4605 εἶναι

2056 4641 2366 4710 φάσκοντας
2405 4640 2688 4708 ἀντικρὺς,
2737 4637 2794 4690 εῐ
2813 4654 2877 4705 γε
2908 4636 3018 4689 τῶν
3045 4639 3104 4690 ἐν
3137 4638 3296 4708 χερσὶ⁹
3338 4639 3633 4710 μεθέμενοι

2055 4731 2231 4786 ὀπίσω
2259 4730 2620 4801 χωρήσουσιν.
2668 4729 2756 4792 Ὦς
2783 4727 2878 4782 οὖν
2925 4726 3068 4781 οὕτω
3113 4727 3267 4782 ταῦτ’
3307 4730 3507 4797 ἐδόκει,
3537 4731 3632 4784 τὸν

2060 4821 2266 4894 μεταξὺ
2296 4820 2490 4892 χρόνον
2520 4818 2614 4872 ἐπὶ
2646 4818 2811 4886 κενῆς
2838 4819 3052 4889 τρέχειν
3069 4819 3171 4873 οὐκ
3202 4820 3524 4891 ἀνεχόμενοι
3550 4821 3631 4893 τῷ

2057 4915 2337 4986 περιϐόλῳ
2388 4912 2545 4976 αὖθις
2577 4911 2921 4982 προσέϐαλον
2968 4912 3136 4983 μέρος
3178 4931 3238 4967 τε
3290 4913 3458 4968 αὐτοῦ
3491 4916 3629 4975 πολὺ

2051 5008 2326 5080 καθῄρουν
2371 5008 2484 5070 τοῖς
2534 5004 2909 5075 πετροϐόλοις.
2962 5007 3039 5060 Οὐ
3078 5007 3185 5080 μὴν
3214 5007 3338 5061 οὐδὲ
3368 5008 3447 5071 ὠς
3500 5009 3629 5073 τοὺς

2052 5100 2373 5171 Βαρϐάρους
2399 5096 2729 5152 ἀπώσασθαι
2775 5093 2922 5168 εἶχον
2944 5114 2960 5130 ⁸
3010 5098 3147 5153 ἀλλά
3176 5082 3368 5168 τὸμὲν
3407 5102 3627 5171 πρῶτον

2054 5193 2428 5263 θαρσήσαντες
2483 5186 2787 5261 ἐπεξῄεσαν
2839 5190 3044 5259 σφίσιν,
3102 5189 3294 5244 ἔπειτα
3332 5191 3621 5262 Ῥωμαίων

1678 5346 1778 5405 Du
1810 5341 2038 5421 Cangii
2077 5347 2262 5403 notae.

432 5493 547 5567 (98)
576 5492 868 5567 _’A.lé£toc.
904 5490 1124 5567 Alex_i_us
1153 5487 1458 5567 Bryennitts
1486 5488 1932 5567 seu_Cont_nentt_§,

364 5556 540 5624 Annae
564 5556 874 5620 Caesarissie
903 5577 979 5617 ex
1020 5556 1326 5630 Nicephoro
1370 5556 1644 5629 Bryennio
1672 5561 1834 5614 lilius.
1865 5557 1932 5613 ν.

364 5634 602 5691 Stemtua
633 5634 894 5688 Comnen.
1702 5660 1713 5667 -

437 5703 551 5769 (99)
598 5702 977 5771 Ῥομπέοτος.
1006 5700 1281 5771 Boberws
1314 5702 1379 5757 de
1398 5698 1935 5771 Bassayilla._Tyrius

363 5768 745 5830 de'Willcluio
792 5787 916 5838 tege
951 5788 964 5822 :
1002 5768 1099 5823 Ubi
1147 5772 1331 5824 statim
1372 5773 1515 5824 circa
1550 5768 1933 5839 Brundusium,

366 5840 598 5914 fugiente
644 5841 831 5894 comite
874 5839 1130 5907 Robeito,
1192 5843 1364 5909 primo
1416 5850 1581 5895 marte
1612 5838 1936 5896 'Cm’corum

2040 5487 2176 5555 fudit
2203 5486 2404 5556 copias,
2435 5497 2505 5552 et,
2530 5485 2712 5540 attrito
2739 5484 2943 5554 penitus
2981 5502 3161 5541 eorum
3183 5486 3436 5554 exercitu,
3463 5488 3624 5546 duces

2038 5574 2215 5610 eorum
2244 5568 2421 5621 captos
2451 5556 2674 5610 vinculis
2713 5558 3052 5620 mancipauit.

2113 5630 2190 5697 (l)
2257 5627 2358 5681 Ἕκ
2404 5627 2648 5695 Μάρκας
2681 5628 2933 5692 πόλεως.
2985 5625 3502 5697 Ειιιιίιεείᾼίηιειιίειι
3548 5642 3619 5683 ex

2043 5694 2221 5751 Merra
2269 5700 2605 5752 Anconitana
2649 5712 2741 5750 seu
2787 5698 3007 5750 Ancona
3047 5694 3172 5766 ipsa
3208 5694 3445 5751 Mauncli
3486 5697 3620 5752 sult-

2045 5770 2263 5824 tnissos.
2297 5766 2506 5836 Quippe
2543 5767 2893 5836 Anconitani,
2926 5777 2982 5819 ut
3011 5765 3151 5824 infra
3192 5766 3376 5824 innuit
3420 5765 3618 5831 Cinnas

2044 5853 2185 5904 ntus,
2218 5834 2525 5895 Graecorum
2562 5834 2810 5892 fmderati
2839 5845 3016 5896 erant.
