4058 6416
350 445 454 509 505

1530 431 2085 499 HISTORIARUM
2128 432 2276 498 LIB.
2324 439 2425 501 IV.

3507 449 3618 514 506

348 555 755 626 ἐπιϐρισάντων
783 547 938 619 αὖθις
971 552 1062 608 ἐπὶ
1107 553 1168 608 τὺ
1219 554 1396 625 τεῖχος
1425 551 1596 619 ἔθεον,
1629 547 1724 605 καὶ
1759 550 1808 604 εί
1840 549 1916 622 μὴ

2025 545 2260 616 fortuna,
2295 551 2528 607 venisset
2567 550 2711 607 baud
2752 551 2912 609 dubie
2953 552 3314 610 Brundusium
3343 555 3394 610 iu
3422 573 3613 612 corum

352 649 482 719 τύχη
534 665 620 712 τις
649 649 1015 718 ἐπιγενομένη
1061 646 1373 718 Ῥωμαίους
1428 643 1752 709 διεκώλυσε,
1781 643 1926 714 τάχα

347 742 412 796 ἂν
441 742 560 811 ἥλω
602 741 750 794 κατὰ
799 741 1002 811 κράτος
1047 740 1169 792 τότε
1227 736 1574 808 Βρεντέσιον.
1623 735 1926 805 Ἀνέϐησαν

349 835 452 907 μὲν
476 835 587 907 γάρ
614 835 717 906 ήδη
743 833 837 888 τὸν
868 833 1158 904 περίϐολον
1187 833 1284 888 καὶ
1302 832 1411 887 ἀπὸ
1426 832 1535 886 τῶν
1553 830 1782 903 πύργων
1811 832 1927 893 τοῖς

345 929 498 982 ἔνδον
527 927 824 997 ἐμάχοντο,
856 925 994 980 ἀλλὰ
1022 924 1158 980 πολύ
1219 943 1274 978 τι
1329 923 1393 994 μέ
1405 942 1494 996 ρος
1524 925 1705 978 αὐτῶν
1755 939 1926 976 πεπο-

347 1020 514 1091 νηκὸς
542 1020 643 1092 ἤδη
683 1022 804 1084 ταῖς
842 1022 1065 1090 συχναῖς
1099 1017 1427 1089 προσϐολαῖς
1460 1017 1544 1080 είς
1583 1017 1687 1086 γῆν
1715 1014 1923 1087 ἠνέχθη

344 1113 516 1166 πεσὸν
563 1112 996 1180 συγκατέσπασέ
1032 1130 1092 1166 τε
1144 1111 1379 1176 πολλοὺς
1425 1111 1629 1175 αὐτῶν,
1684 1109 1828 1164 οὕτω
1865 1127 1923 1163 τε

343 1204 622 1274 ἄπρακτοι
667 1203 1046 1274 ἀνεχώρησαν.
1101 1204 1316 1258 Σικελοὶ
1360 1202 1438 1270 δὲ,
1469 1201 1660 1272 ἐπειδὴ
1697 1199 1925 1271 μηδέπω

343 1297 631 1366 Γιλίελμος
668 1301 875 1369 παρῆν,
924 1297 1124 1370 βουλὴν
1158 1297 1441 1352 ἐποιοῦντο
1467 1297 1616 1359 ὅπως
1658 1293 1924 1365 ὁμολογίᾳ

349 1389 644 1460 Ῥωμαίοις
690 1391 751 1444 τὸ
804 1391 1066 1463 φρούριον
1119 1391 1483 1446 ἐνδώσουσιν⁶
1535 1389 1650 1443 ἀλλ’
1701 1390 1735 1458 ἡ
1784 1389 1918 1459 τύχη

340 1478 533 1548 ὥσπερ
576 1481 778 1532 τακτόν
829 1497 952 1532 τινα
995 1479 1289 1546 Ῥωμαίοις
1327 1477 1554 1548 ἕψεσθαι
1587 1476 1926 1546 ἐπαγγειλα-

343 1572 480 1641 μένη
542 1572 760 1643 χρόνον,
809 1568 929 1626 εἶτα
978 1573 1414 1644 ἐκμετρηθέντος
1458 1572 1760 1642 αἰσθομένη
1812 1571 1922 1626 ἀπὸ

342 1663 521 1735 μέσης
559 1665 758 1729 αὐτοὺς
792 1665 892 1735 τῆς
916 1665 1124 1728 πόλεως
1150 1665 1388 1719 λιποῢσα
1416 1664 1611 1736 6315m-
1631 1667 1718 1718 Ἐν
1745 1658 1789 1733 ᾧ
1812 1664 1922 1735 γὰρ

341 1757 514 1811 ταῦτα
547 1758 764 1811 Σικελοὶ
794 1757 1122 1822 διενοοῦντο,
1163 1759 1372 1828 ἠγγέλη
1399 1759 1582 1820 αὐτοῖς
1614 1758 1785 1825 ἐγγὺς
1820 1758 1920 1828 ἤδη

336 1851 624 1920 Γιλίελμον
679 1851 898 1921 στρατῷ
950 1852 1176 1921 μεγάλῳ
1231 1854 1303 1905 ἐπ
1330 1853 1468 1906 έναι.
1505 1852 1688 1922 ’Ὅπερ
1720 1853 1919 1905 ἐκεῖνοι
1955 1881 1998 1940 Β

336 1941 676 2006 ἀκούσαντες
710 1943 1018 2013 ἀπέσχοντο
1048 1943 1150 2013 μὲν
1174 1943 1283 1995 τῶν
1314 1942 1783 2013 βεϐουλευμένων,
1825 1943 1920 1995 ἐπὶ

335 2034 393 2086 δέ
420 2037 486 2088 τά
519 2037 674 2105 τείχη
710 2035 1014 2098 ἀναϐάντες
1044 2035 1398 2106 ὲκροτάλιζον
1429 2035 1578 2098 θαμὰ
1607 2036 1702 2088 καὶ
1730 2035 1920 2106 ὥσπερ

336 2123 440 2194 ἤδη
489 2124 799 2194 Ῥωμαίους
826 2123 1182 2188 ἐξελάσαντες
1212 2126 1424 2195 ἡμέραν
1452 2120 1587 2196 ἦγον
1614 2125 1844 2195 έόρτιον.

413 2213 521 2283 αγ’.
563 2215 751 2269 Ταῦτα
786 2215 887 2285 μὲν
911 2215 978 2286 δὴ
1011 2216 1139 2285 τῇδε
1173 2217 1482 2286 ἐπράσσετο
1506 2233 1519 2248 ·
1553 2215 1840 2284 Γιλίελμος
1863 2216 1920 2268 δὲ

334 2311 476 2375 ἄρας
500 2313 564 2363 ἐκ
591 2308 807 2372 Μυξίας
840 2311 1003 2361 παντί
1025 2308 1103 2378 τῷ
1129 2307 1348 2376 στρατῷ
1383 2307 1458 2369 ὡς
1481 2307 1574 2361 ἐπὶ
1600 2307 1918 2376 Βρεντέσιον

333 2401 634 2470 ἐπορεύετο
655 2441 669 2465 ,
706 2401 734 2454 ὅ
765 2416 824 2453 τε
856 2399 1043 2462 στόλος
1089 2399 1239 2468 αὐτῷ
1273 2399 1365 2450 ἐπὶ
1412 2397 1513 2467 τῆς
1541 2398 1916 2466 ἀντιπόρθμου

333 2494 415 2564 τῷ
458 2492 767 2563 Βρεντεσίῳ
800 2491 1014 2563 νησίδος
1045 2492 1245 2560 ὀλίγων
1281 2491 1388 2544 ἀπὸ
1423 2491 1656 2544 σταδίων
1687 2491 1919 2561 ὁρμισά-

337 2603 503 2655 μενος
535 2585 745 2638 ἴστατο.
781 2585 938 2638 Κατὰ
966 2584 1162 2637 ταύτὸν
1191 2583 1302 2654 γὰρ
1346 2582 1742 2654 ἀμφοτέρωθεν
1782 2583 1919 2634 Ῥω-

337 2678 520 2748 μαίοις
577 2677 680 2746 τὴν
731 2675 1043 2748 προσϐολὴν
1105 2676 1382 2730 ποιεῖσθαι
1435 2675 1712 2729 διενοεῖτο.
1757 2675 1918 2727 Ἀλλά

344 2765 659 2838 Ῥωμαίους
686 2767 750 2820 τὸ
787 2767 888 2836 μὲν
913 2768 1114 2822 αὐτίκα
1145 2768 1590 2838 διαναυμαχῆσαι
1611 2767 1742 2839 πρὶν
1765 2767 1797 2837 ἢ
1826 2769 1918 2821 καὶ

334 2859 630 2930 Γιλίελμον
673 2859 862 2924 αὐτοῖς
911 2860 1230 2930 ἐπιστῆναι,
1282 2859 1576 2913 δυσϐουλὶα
1607 2877 1692 2922 τις
1725 2862 1817 2913 καὶ
1858 2859 1920 2912 τὸ

334 2950 537 3022 χρῆναι
567 2946 727 3021 οἶμαι
755 2951 943 3016 κακῶς
973 2953 1175 3015 αὐτοὺς
1212 2952 1544 3006 πεπονθέναι
1577 2953 1874 3022 παρείλετο
1899 2967 1913 2982 ·

333 3042 473 3113 πρὸς
522 3043 580 3095 δὲ
640 3043 991 3114 ἀμφοτέρους
1043 3043 1144 3114 τὴν
1186 3044 1369 3113 μάχην
1419 3044 1793 3112 διενεγκόντες
1847 3045 1917 3097 τὰ

337 3131 602 3203 βασιλέως
633 3133 942 3205 διέφθειρον
981 3135 1305 3204 πράγματα.
1340 3135 1579 3204 Στρατὸν
1619 3135 1729 3204 γάρ
1752 3135 1912 3205 ἥκειν

2029 651 2375 712 potestatem,
2419 643 2581 714 vique
2623 654 2987 714 expugnatum
3038 647 3262 714 fuisset;
3309 649 3418 717 jam
3472 649 3616 703 enim

2031 733 2228 815 vallum
2278 746 2690 802 superaverant,
2739 746 2904 806 atque
2936 751 2967 792 e
3001 737 3242 792 turribus
3272 755 3392 793 cttm
3428 739 3492 793 iis
3525 741 3615 808 qui

2030 819 2170 878 'ntra
2225 825 2410 878 urbem
2460 835 2637 891 erant,
2683 827 3047 894 dimicabant;
3099 828 3192 882 sed
3225 830 3399 897 major
3429 846 3617 884 earum

2029 929 2180 984 pars,
2223 915 2434 970 crebris
2483 917 2978 986 Oppugnationibus
3007 931 3287 987 quassata,
3323 923 3376 974 in
3415 931 3618 975 terram

2027 1005 2248 1071 decidit,
2303 1015 2360 1061 et
2419 1020 2485 1061 ex
2541 1007 2608 1062 iis
2661 1007 3093 1078 quamplurimas
3167 1025 3353 1065 secum
3431 1011 3617 1076 traxit,

2027 1096 2214 1165 sicque
2239 1113 2295 1151 re
2327 1098 2523 1153 infecta
2551 1099 2780 1154 rediere.
2811 1097 2980 1154 Siculi
3009 1108 3212 1163 autem,
3235 1116 3356 1155 cum
3385 1101 3615 1156 necdum

2027 1187 2242 1243 adesset
2282 1187 2604 1254 Gulielmus,
2656 1188 2829 1245 iniere
2859 1189 3150 1245 consilium
3183 1191 3326 1246 arcis
3363 1207 3458 1260 per
3488 1208 3618 1245 con-

2027 1281 2259 1338 ditiones
2298 1281 2558 1339 Romanis
2605 1283 2885 1338 dedendae.
2934 1281 3138 1338 Verum
3186 1283 3421 1347 fortuna.
3467 1296 3618 1339 certo

2026 1373 2179 1444 quasi
2209 1375 2471 1444 temporis
2505 1374 2738 1444 quodam
2773 1374 2950 1442 spatio
2992 1391 3053 1431 se
3085 1375 3362 1431 Romanos
3395 1386 3618 1431 secutu-

2026 1483 2141 1520 ram
2175 1477 2320 1523 esset
2357 1479 2530 1537 pacta,
2573 1467 2736 1536 idque
2773 1467 2886 1538 jam
2921 1467 3161 1538 elapsum
3196 1470 3481 1534 sensisset,
3512 1468 3620 1523 illis

2027 1558 2079 1610 in
2114 1555 2288 1610 media
2320 1557 2541 1611 civitate
2571 1557 2796 1623 relictis,
2833 1559 3092 1614 recessit.
3137 1559 3269 1613 Dum
3315 1559 3459 1612 enim
3503 1559 3620 1612 ha-c

2026 1648 2192 1705 Siculi
2236 1648 2558 1712 deliberant,
2611 1649 2890 1702 nuntiatur
2941 1650 3226 1718 oppidanis
3279 1648 3616 1705 Gulielmum

2026 1757 2220 1809 magno
2256 1757 2377 1794 cum
2415 1741 2658 1794 exercitu
2696 1755 2863 1809 prope
2891 1741 3107 1796 adesse.
3147 1741 3358 1807 Quibus
3389 1741 3615 1797 auditis.

2026 1831 2310 1885 consilium
2341 1831 2391 1884 id
2421 1831 2760 1884 intermisere
2792 1841 2843 1883 et
2878 1831 2930 1884 itt
2965 1846 3148 1885 muros
3189 1832 3462 1901 p'ogressi
3506 1833 3618 1888 fre-

2026 1923 2214 1991 quenti
2271 1924 2458 1992 plausu
2514 1922 2665 1990 quasi
2720 1921 2960 1992 depulsis
3009 1921 3122 1991 jam
3189 1924 3311 1978 inde
3357 1923 3615 1978 Romanis

2027 2015 2218 2070 festum
2251 2023 2478 2084 egerunt
2507 2013 2670 2067 diem.

2095 2214 2185 2268 l5.
2223 2212 2349 2268 lla'c
2387 2222 2497 2266 tum
2538 2213 2610 2267 ibi
2647 2213 2995 2282 gerebantur.
3033 2212 3253 2268 Movens
3281 2229 3408 2269 vero
3439 2213 3616 2284 Myzia

2023 2305 2322 2360 Gu'ielmus
2366 2323 2485 2360 cum
2537 2308 2790 2360 universo
2831 2308 3074 2360 exercitu
3128 2322 3317 2362 versus
3365 2308 3618 2362 Brundu-

2022 2403 2162 2459 sium
2215 2404 2517 2467 conteudit,
2548 2403 2674 2457 dum
2723 2404 2915 2458 classis
2974 2403 3155 2458 Sicula
3208 2405 3274 2457 ad
3331 2405 3614 2472 parvulam

2021 2495 2254 2548 insu'am
2290 2494 2592 2548 Brundusio
2627 2496 2815 2562 paucis
2846 2495 3045 2549 abhinc
3081 2495 3274 2549 stadiis
3319 2497 3613 2549 obversam

2023 2584 2290 2653 appellit:
2330 2586 2396 2637 ab
2431 2594 2660 2652 utraque
2709 2585 2852 2637 enim
2894 2596 3050 2654 parte
3100 2583 3375 2640 Romanos
3411 2585 3613 2643 adoriri

2022 2683 2307 2727 statuerat.
2369 2674 2473 2726 Sed
2532 2673 2688 2739 illos,
2750 2674 3041 2742 quo'ninus
3101 2675 3372 2743 extemplo
3426 2675 3616 2729 navale

2021 2763 2430 2820 committerent
2458 2763 2699 2833 pra-lium
2734 2766 3050 2834 priusquam
3089 2780 3117 2817 a
3148 2765 3411 2819 Gnlieltno
3443 2767 3616 2835 impe-

2023 2865 2289 2920 tercntur,
2325 2858 2509 2911 nescio
2545 2857 2688 2926 quod
2711 2873 2932 2926 pravum
2959 2857 3267 2921 consilium,
3289 2867 3344 2912 et
3375 2859 3517 2925 quod
3549 2859 3615 2913 iis

2021 2954 2184 3009 fatale
2218 2955 2486 3024 quoddam
2529 2955 2875 3022 impendebat
2909 2957 3190 3020 damnum,
3213 2955 3432 3011 avertit.
3478 2957 3614 3011 lium

2023 3048 2166 3100 enim
2185 3055 2373 3101 contra
2397 3055 2688 3114 utrumque
2705 3054 2981 3099 certamen
3017 3046 3223 3107 ineunt,
3263 3061 3347 3100 res
3381 3047 3616 3116 impera-

2024 3138 2158 3192 toris
2209 3137 2651 3205 pcssutndedere.
2687 3134 2890 3190 Novum
2936 3136 3094 3206 167
3125 3139 3321 3206 quippe
3355 3136 3615 3208 Byzantio

333 3227 400 3279 ἐκ
439 3223 733 3290 Βυζαντίου
765 3223 1204 3292 καραδοκοῦντες
1261 3225 1386 3294 ἤδη,
1439 3225 1495 3288 ἐς
1543 3225 1642 3295 τὴν
1702 3224 1915 3277 ἐκείνου

2023 3232 2327 3288 exercitum
2359 3238 2742 3299 exspectantes
2775 3245 3058 3299 quousque
3083 3232 3300 3284 adesset
3334 3230 3419 3283 ille
3445 3230 3611 3299 (quod

333 3320 479 3390 τάχα
526 3319 837 3388 παρουσίαν
866 3317 968 3386 τὴν
1006 3317 1319 3388 προσϐολὴν
1345 3317 1686 3372 ἀπετίθεντο.
1735 3318 1824 3381 Ὠς
1858 3317 1915 3371 δὲ

2023 3325 2168 3380 brevi
2196 3323 2438 3378 futurum
2475 3322 2924 3392 arbitrabantur),
2959 3323 3145 3376 ltOSlcS
3182 3322 3399 3391 aggredi
3438 3323 3613 3376 distu-

333 3411 438 3483 ἤδη
470 3409 639 3477 ἐγγὺς
688 3409 831 3460 εἶναι
863 3407 1159 3478 ἠγγέλλετο
1208 3407 1494 3477 Γιλίελμος
1515 3449 1530 3473 ,
1559 3407 1683 3461 τότε
1713 3408 1778 3478 δὴ
1815 3407 1914 3478 τὴν

2023 3417 2218 3470 lerunt.
2247 3413 2351 3470 Ubi
2392 3428 2520 3468 vero
2563 3413 2885 3469 Gulielmum
2928 3427 3094 3482 prepe
3131 3412 3321 3466 adesse
3365 3411 3610 3467 affertur,

330 3501 670 3571 ἀμφοτέρων
692 3502 920 3563 ἄκοντες
943 3499 1261 3569 ἀνεδέχοντο
1296 3499 1706 3570 μάχην.“Ἀνδρε
1734 3498 1914 3552 τοίνυν

2023 3518 2130 3561 lum
2176 3523 2306 3561 vero
2350 3508 2517 3560 etiam
2567 3505 2717 3560 inviti
2771 3515 3062 3575 utrumque
3104 3507 3285 3559 ineunt
3339 3506 3608 3575 prndium.

331 3595 429 3649 δύο
453 3593 667 3662 δοκίμω
698 3592 766 3646 τὰ
802 3594 884 3656 εἰς
923 3591 1024 3656 τὰς
1057 3592 1237 3662 μάχας
1280 3591 1683 3662 ἐπιλεξάμενοι,
1731 3593 1916 3646 Ἰωαν-

2023 3601 2163 3656 Duos
2194 3605 2376 3671 itaque
2405 3609 2658 3668 spectatm
2683 3599 2734 3652 in
2761 3599 2902 3654 bello
2937 3600 3153 3653 virtutis
3176 3600 3416 3655 delectos
3440 3600 3608 3664 viros,

331 3683 528 3738 νάκιόν
581 3681 644 3736 τέ
675 3699 799 3736 τινα
853 3681 1177 3751 Κριτόπλην
1210 3685 1306 3735 καὶ
1343 3683 1642 3754 Παιράμην
1698 3684 1913 3756 Πέρσην

2023 3693 2358 3750 loannieium
2401 3693 2686 3763 quemdam
2727 3691 3020 3760 Critoplem
3073 3701 3127 3745 et
3173 3692 3466 3746 Paramem
3517 3708 3613 3745 na-

329 3777 516 3843 γένος.
547 3777 664 3847 ἆμα
697 3776 914 3848 Ἴϐηρσι
946 3777 1042 3830 καὶ
1080 3777 1474 3845 Μασσαγέταις
1497 3779 1585 3845 ἐφ’
1614 3771 1658 3846 ᾧ
1681 3778 1916 3848 ἀκροϐο-

328 3869 582 3923 λίσεσθαι
614 3868 700 3942 [Ρ.
727 3868 821 3940 97]
891 3869 1178 3940 ἔπεμψαν
1210 3869 1260 3922 οἳ
1309 3870 1403 3923 καὶ
1440 3870 1630 3938 ἐπειδὴ
1679 3871 1914 3940 τάχιστα

328 3965 446 4024 τοῖς
473 3961 762 4030 πολεμίοις
792 3961 1094 4031 συνέμιξαν
1121 3963 1230 4033 πρὸ
1260 3960 1424 4014 πέντε
1457 3979 1559 4016 που
1591 3963 1686 4016 καὶ
1713 3979 1913 4016 τεσσα-

335 4057 578 4126 ράκοντα
635 4055 867 4109 σταδίων
921 4057 1016 4109 τὸν
1075 4057 1296 4126 χάρακα
1356 4056 1713 4126 πηξαμένοις,
1751 4060 1810 4109 ὲν
1844 4057 1910 4126 τῇ

331 4145 570 4214 ἐγγύθεν
610 4145 922 4217 άποπορεία
977 4143 1120 4200 κατά
1159 4145 1330 4199 νώτου
1368 4147 1550 4210 αὐτοῖς
1598 4147 1913 4216 ἐπιθέμενοι

330 4238 569 4300 πολλούς
624 4254 686 4290 τε
743 4237 851 4290 τῶν
902 4239 996 4290 ἐπὶ
1041 4237 1142 4306 τῆς
1193 4237 1462 4308 οὑραγὲας
1512 4237 1765 4290 ἔκτειναν
1819 4239 1914 4290 καὶ

331 4332 537 4395 ῐππους
561 4331 671 4385 τῶν
703 4330 1056 4402 σκευοφόρων
1085 4332 1314 4400 συχνοὺς
1339 4331 1570 4401 ἤλασαν,
1602 4331 1829 4401 σημεῖόν
1854 4348 1913 4384 τε

332 4426 479 4495 σφᾶς
510 4425 842 4495 ἀφελόμενοι
879 4427 974 4477 ἐπὶ
1006 4425 1330 4495 Βρεντέσιον
1378 4419 1568 4494 ἦλθον.
1632 4424 1795 4477 Ἀλλὰ
1825 4425 1914 4478 Σι-

2019 3786 2166 3840 tione
2201 3783 2440 3849 Persam,
2478 3799 2602 3838 cum
2649 3785 2816 3837 lberis
2846 3793 2900 3837 et
2930 3782 3250 3852 Massagetis
3279 3783 3344 3837 ad
3377 3783 3610 3837 velitau-

2018 3878 2147 3931 dum
2183 3892 2305 3930 cum
2350 3876 2594 3930 hostibus
2637 3875 2990 3943 prmmittuut.
3042 3871 3146 3929 Ubi
3199 3889 3258 3928 se
3311 3873 3379 3927 iis
3423 3873 3606 3928 statim

2020 3973 2388 4037 immiseuere,
2437 3981 2622 4041 utpote
2670 3971 2737 4026 ad
2764 3971 3012 4040 quintum
3048 3979 3102 4024 et
3131 3969 3606 4039 quadragesimum

2019 4066 2251 4122 stadium
2311 4073 2490 4119 castra
2553 4061 2932 4128 habentibus;
2993 4060 3310 4130 fugientes,
3379 4076 3607 4130 quorum

2019 4157 2201 4214 brevis
2224 4159 2288 4211 ad
2312 4171 2439 4212 suos
2462 4164 2583 4210 erat
2605 4155 2830 4218 reditus,
2856 4169 2885 4207 a
2919 4161 3070 4222 tergo
3101 4152 3381 4215 invadunt,
3412 4151 3611 4206 multos

2019 4253 2085 4306 de
2133 4259 2373 4304 extrema
2416 4245 2812 4308 caedunt'acie,
2862 4243 3228 4313 plurimosque
3265 4241 3594 4297 sarcinarios

2018 4340 2238 4408 capiunt
2273 4353 2462 4408 equos,
2506 4336 2832 4404 tandemque
2877 4342 3063 4404 erepto
3104 4335 3168 4387 ad
3213 4335 3327 4388 haec
3379 4333 3604 4392 militari

2019 4434 2172 4500 signo
2202 4429 2566 4485 Brundusium
2603 4435 2991 4483 revertuntur;
3027 4426 3225 4481 Verum
3256 4442 3284 4478 a
3317 4423 3513 4479 Siculis
3544 4439 3606 4478 ea

329 4516 484 4570 κελοὶ
533 4515 728 4570 τούτου
791 4517 892 4587 μὲν
948 4511 1114 4588 ἦττον
1167 4516 1498 4587 ἐφρόντισαν
1536 4516 1658 4585 (ἆτε
1696 4516 1806 4586 γάρ
1855 4518 1912 4568 έν

2024 4527 2210 4580 clades
2239 4525 2292 4578 in
2320 4524 2422 4578 levi
2454 4522 2658 4587 babita,
2693 4536 2814 4574 cum
2855 4521 2907 4574 in
2944 4529 3088 4576 tanta
3143 4521 3487 4572 multitudine
3518 4520 3609 4572 vix

329 4609 534 4680 πλήθει
568 4609 793 4680 μεγάλῳ
834 4607 1089 4678 αἴσθησις
1119 4608 1348 4679 οὐδεμία
1393 4607 1610 4668 τούτοις
1651 4608 1918 4678 ἐγένετο),

327 4705 499 4774 ὀλίγῳ
568 4703 626 4756 δὲ
687 4701 980 4772 Ῥωμαίων
1048 4701 1726 4771 άπεστρατοπεδευμένοι,
1806 4702 1917 4772 ὅσῳ

329 4797 668 4868 ἀμφοτέροις
720 4795 850 4859 τοὺς
905 4796 1298 4864 χορταγωγοὺς
1355 4794 1768 4863 ἐπιμίγνυσθαι,
1824 4795 1916 4850 τὸν

331 4891 577 4959 πόλεμον
605 4889 925 4960 διέγραφον.
960 4889 1100 4959 Ἤδη
1126 4888 1182 4941 δὲ
1224 4889 1318 4941 καὶ
1362 4889 1423 4941 τὸ
1453 4889 1708 4942 ναυτικὸν
1736 4888 1916 4958 ὀλίγον

329 4981 525 5034 λοιπὸν
559 4979 655 5033 τοῦ
687 4979 910 5049 λιμένος
943 4979 1285 5032 άποσαλεῦον
1311 4979 1502 5032 ἵστατο
1527 4979 1764 5044 τούτοις.
1808 4981 1918 5034 Καὶ

329 5073 548 5127 Σικελοὶ
585 5072 684 5140 μὲν
714 5073 772 5125 ἐν
801 5071 1018 5134 τούτοις
1063 5066 1204 5141 ἦσαν
1224 5087 1239 5102 ·
1282 5072 1547 5142 Ῥωμαῖοι
1578 5072 1634 5126 δὲ
1665 5073 1759 5125 καὶ
1785 5072 1919 5142 πρό-

331 5185 492 5239 τερον
524 5167 626 5238 μὲν
660 5167 844 5237 πολλῷ
871 5165 948 5236 τῷ
970 5166 1351 5220 διαλλάσσοντι
1378 5166 1473 5220 τοῦ
1496 5167 1606 5219 τῶν
1638 5168 1915 5236 πολεμίων

331 5259 729 5328 ἠλαττονοῦντο
786 5260 1044 5330 στρατοῦ,
1088 5260 1209 5312 τότε
1241 5258 1298 5313 δὲ
1334 5261 1415 5312 ἔτι
1452 5260 1654 5329 μᾶλλον
1679 5261 1912 5333 ὐπέρῥει

331 5349 404 5406 τὰ
431 5351 530 5421 τῆς
562 5351 851 5420 δυνάμεως
882 5350 1090 5413 αὐτοῖς.
1119 5348 1307 5403 Ἀλλοι
1339 5367 1395 5402 τε
1430 5351 1538 5420 γὰρ
1566 5351 1642 5415 ὠς
1666 5352 1915 5407 πλεῖστοι

333 5443 643 5514 συμμάχων
664 5442 1014 5507 ἀπετάξαντο
1037 5441 1280 5505 τούτοις,
1306 5445 1400 5496 καὶ
1419 5443 1485 5514 δὴ
1516 5444 1616 5498 καὶ
1637 5447 1804 5514 μοῖρά
1829 5463 1918 5510 τις

332 5536 562 5592 Κελτῶν
591 5536 694 5589 οὐκ
723 5535 958 5604 ἀγεννὴς
1008 5534 1203 5604 μισθοῦ
1248 5536 1548 5606 Ῥωμαίοις
1587 5537 1915 5592 δουλεύουσα

331 5625 608 5696 Γιλιέλμῳ
657 5624 1030 5694 λαθραιότατα
1079 5624 1500 5696 προσεχώρησε.
1534 5627 1720 5680 Ταῦτα
1752 5629 1780 5681 ὀ
1833 5629 1918 5681 Γι-

330 5717 556 5787 λίελμος
589 5716 732 5788 ὀρῶν
757 5717 869 5770 δεῖν
892 5716 1036 5784 ἔγνω
1067 5718 1166 5784 τὴν
1190 5719 1283 5770 τοῦ
1307 5717 1506 5787 καιροῦ
1535 5717 1915 5788 προαρπάζειν

329 5808 597 5878 ὀξύτητα,
633 5810 709 5877 μή
738 5826 869 5862 ποτε
903 5807 996 5862 τοῦ
1033 5809 1228 5879 χρόνου
1260 5809 1711 5880 διαγενομένουῆ
1751 5810 1916 5881 Ῥομ-

332 5900 538 5975 πέρτον
571 5901 758 5965 αὐτοῖς
794 5899 1163 5972 ἐπιϐοηθῆσαι
1203 5901 1419 5970 γένοιτο
1447 5901 1768 5973 (ἠγγέλλετο
1803 5903 1912 5976 γὰρ

2028 4616 2419 4685 perciperetur.
2450 4611 2624 4668 Simul
2672 4622 2838 4682 atque
2883 4627 3010 4666 vero
3059 4610 3168 4678 iam
3213 4611 3458 4679 proxime
3505 4608 3612 4662 Bo-

2026 4721 2217 4761 manos
2257 4715 2433 4760 castra
2474 4704 2510 4758 ii
2544 4705 2851 4769 admovere,
2887 4702 2961 4756 ita
3005 4712 3063 4756 ut
3109 4701 3283 4769 partis
3328 4701 3610 4770 utriusque

2019 4798 2371 4869 pabulatores
2407 4797 2795 4860 miscerentur,
2841 4796 3234 4848 ordinaverunt
3273 4795 3462 4848 acies:
3498 4794 3606 4863 iam

2020 4905 2120 4945 nec
2146 4888 2334 4960 procul
2363 4904 2390 4942 a
2423 4897 2579 4958 portu
2615 4890 2806 4941 aberat
2837 4888 3050 4941 illorum
3078 4888 3292 4941 classis.
3322 4886 3471 4942 Talis
3489 4896 3608 4940 erat

2019 4996 2200 5037 rerum
2249 4980 2391 5051 apud
2438 4979 2656 5035 Siculos
2691 4987 2888 5035 status.
2938 4978 3074 5033 Tum
3127 4993 3257 5033 vero
3300 4978 3534 5031 maxime
3575 4991 3606 5030 a

2017 5074 2304 5138 Romanis,
2335 5075 2426 5144 qui
2455 5073 2566 5141 jam
2600 5082 2761 5126 antea
2800 5071 3034 5126 militum
3081 5087 3312 5126 numero
3339 5072 3494 5136 longe
3526 5071 3608 5124 in-

2018 5169 2246 5226 feriores
2281 5165 2462 5221 hostili
2493 5173 2649 5220 erant
2671 5166 2940 5227 exercitu,
2973 5162 3196 5217 deﬂuxit
3238 5162 3402 5216 robur
3430 5170 3482 5215 et
3511 5176 3608 5215 au-

2018 5259 2193 5315 dacia.
2230 5257 2363 5313 Nam
2413 5265 2467 5311 et
2517 5256 2747 5310 aliorum
2789 5255 3066 5310 sociorum
3111 5268 3271 5321 quam
3313 5251 3494 5321 plures
3537 5250 3606 5307 ab

2017 5352 2086 5413 iis
2117 5359 2242 5407 sunt
2273 5349 2490 5418 dilapsi,
2520 5357 2575 5404 et
2621 5347 2896 5402 Celtarum
2944 5361 3050 5401 non
3104 5345 3354 5416 ignobilis
3405 5353 3605 5411 turma,

2017 5459 2137 5514 qua:
2165 5443 2266 5498 sub
2295 5440 2556 5498 Romanis
2590 5439 2858 5508 stipendia
2892 5439 3156 5500 merebat,
3185 5437 3250 5489 ad
3277 5435 3603 5492 Gulielmum

2017 5535 2390 5593 occultissime
2413 5533 2687 5588 transivit.
2723 5532 2798 5586 Ea
2826 5530 2918 5585 ubi
2951 5530 2995 5585 is
3029 5529 3183 5593 vidit,
3219 5526 3476 5582 utendum
3506 5542 3604 5582 oc-

2019 5629 2238 5685 casione
2261 5626 2518 5695 temporis
2546 5623 2747 5694 putavit
2805 5622 2966 5693 168
2985 5637 3052 5676 ne
3075 5621 3280 5674 interea
3310 5618 3604 5682 Robertus,

2017 5737 2174 5790 quem
2207 5718 2504 5774 contractis
2537 5715 2707 5785 cepiis
2738 5718 3034 5768 adventare
3067 5726 3253 5766 rumor
3280 5719 3419 5775 erat,
3452 5711 3606 5766 auxi-

2019 5815 2092 5870 lia
2134 5815 2202 5870 iis
2240 5813 2432 5877 ferret,
2468 5820 2560 5863 aut
2595 5817 2886 5864 terrestres
2925 5805 3285 5863 maritimtevc
3328 5803 3498 5874 copiae
3533 5803 3600 5859 ab

2018 5907 2343 5974 imperatore
2410 5901 2588 5956 missae
2653 5899 3028 5956 subvenirent.
3095 5895 3362 5954 lnstructa
3417 5896 3598 5964 itaque
