4058 6408
480 394 584 460 507

1747 398 2069 460 JOANNIS
2107 399 2440 464 CINNAMI

3635 402 3740 466 ξος

475 524 573 580 per
609 519 815 564 turmas
856 507 971 564 acie
998 509 1285 579 processit.
1339 508 1563 565 Romani
1609 522 1811 579 autem,
1844 514 1926 569 vel
1957 528 2062 569 non

2173 516 2267 587 ἤδη
2295 516 2555 589 δυνάμεις
2596 515 2859 589 ἀθροίσας
2904 515 3219 580 ἐπανιέναι)
3255 517 3289 589 ἢ
3344 516 3478 586 γοῦν
3510 520 3743 589 στρατιά

475 610 834 672 repugnante,
870 603 957 655 vel
984 603 1121 657 forte
1151 603 1545 672 tergiversante
1590 604 1851 674 Robcrto,
1885 609 2056 674 copiis

475 695 678 762 pariter
726 695 1027 757 inStructis.
1060 704 1120 748 et
1166 696 1413 750 ordinata
1457 707 1616 765 prout
1654 708 1880 765 potuere
1916 702 2057 766 acie,

477 785 704 839 adversa
750 784 925 841 fronte
975 786 1291 842 constitere.
1365 786 1704 843 llorrendum
1759 792 1886 859 quid
1948 803 2057 845 tum

478 876 902 946 erm-exiguam
946 875 1314 931 Romanorum
1347 878 1453 933 vim
1489 895 1612 935 cum
1660 883 1928 939 universis
1970 883 2059 938 Si-

480 969 727 1023 culorum
759 969 939 1037 topiis
988 970 1410 1041 depugnaturam
1460 973 1679 1027 intueri.
1732 973 2058 1045 Aliquandin

482 1076 511 1113 a
542 1076 835 1130 congressu
888 1074 1115 1132 utraque
1149 1077 1274 1131 pars
1324 1065 1601 1122 abstinuit.
1636 1066 1743 1123 Sed
1786 1082 1907 1122 mox
1941 1069 2062 1138 qui-

484 1151 606 1204 dam
654 1166 818 1221 eques
860 1154 1270 1223 stipendiarius,
1302 1171 1333 1210 e
1375 1154 1746 1212 Romanorum
1799 1158 2062 1231 phalange

484 1259 813 1312 procurrens
841 1245 891 1299 in
928 1247 1183 1312 medium,
1217 1248 1454 1316 hostem,
1480 1251 1571 1319 qui
1598 1251 1856 1321 singulari
1888 1263 2064 1308 certa-

485 1339 632 1393 mine
674 1354 856 1394 secum
897 1342 1059 1396 vellet
1097 1344 1377 1414 congredi,
1431 1354 1641 1401 evocat.
1677 1346 1875 1417 Sieque
1924 1348 2065 1403 invi-

487 1446 603 1484 cem
662 1445 1065 1498 concurrentes,
1119 1437 1359 1505 praelium
1422 1438 1607 1493 ineunt
1648 1457 1662 1494 :
1710 1440 1852 1509 quod
1903 1457 2063 1496 mane

486 1533 720 1592 «ot-ptum
753 1527 972 1595 ancipiti
1013 1527 1325 1598 aliquandiu
1369 1541 1543 1587 marte
1598 1542 1927 1602 protractum
1956 1543 2062 1599 est.

487 1611 749 1671 Romanis
794 1619 1089 1675 fortissime
1133 1619 1517 1679 dimicantibus
1559 1640 1573 1676 :
1625 1640 1811 1680 verum
1866 1626 2064 1684 Siculis

488 1707 744 1777 deinceps
785 1711 1129 1769 multitudine
1186 1731 1285 1771 sua
1333 1731 1429 1771 eos
1479 1717 2062 1790 circumfundentibus,

491 1796 706 1850 tandem
757 1798 831 1851 illi
884 1798 1160 1869 fugantur.
1205 1801 1549 1873 Fugientium
1590 1806 1742 1862 multi
1793 1809 2062 1874 cecidere,

489 1887 644 1940 multi
703 1888 810 1941 vivi
868 1890 1007 1959 capti
1048 1901 1193 1958 sunt,
1223 1893 1312 1947 alti
1343 1893 1531 1949 crebra
1569 1895 1890 1966 impulsione
1912 1915 2068 1953 sunt-

489 1992 687 2039 nmque
718 1979 914 2047 impetu
950 1982 1001 2033 in
1037 1981 1222 2035 urbem
1248 1998 1364 2038 sese
1394 2000 1668 2052 recepere,
1702 1997 1862 2057 atque
1894 1991 1945 2044 in
1983 1991 2068 2047 his

484 2068 591 2120 dux
619 2068 732 2137 ipse
759 2068 1000 2124 Alexius.
1039 2069 1211 2128 Ducas
1244 2090 1374 2129 vero
1400 2086 1553 2130 extra
1586 2079 1783 2133 mmnia
1822 2082 2063 2149 relictus,

486 2174 591 2213 non
625 2161 776 2227 prius
806 2170 861 2215 et
892 2161 1055 2218 ferire
1079 2174 1133 2218 et
1164 2164 1309 2220 feriri
1351 2167 1585 2235 abstitit,
1628 2186 1790 2241 quam
1831 2175 2067 2229 circum-

486 2249 669 2305 clusus
703 2252 769 2305 ab
804 2253 1048 2308 hostibus
1096 2266 1217 2324 post
1260 2256 1474 2326 longam
1507 2270 1561 2314 et
1591 2263 1927 2329 pertinacem
1966 2283 2065 2335 pu-

487 2357 646 2411 gnam
698 2354 888 2413 captus
934 2353 1036 2400 est.
1086 2345 1376 2417 Postquam
1423 2350 1575 2405 illum
1629 2367 1825 2422 cepere
1877 2356 2067 2424 Siculi,

486 2434 624 2489 alios
651 2436 740 2504 qui
771 2437 823 2490 in
858 2438 992 2493 urbe
1021 2448 1177 2494 erant
1215 2441 1333 2496 sine
1365 2442 1551 2499 labore
1596 2447 1744 2502 velut
1790 2451 1892 2504 reti
1933 2467 2069 2505 con-

483 2521 668 2577 clusos
696 2522 1026 2580 habuerunt.
1064 2526 1156 2581 Sic
1201 2536 1412 2596 partam
1455 2540 1613 2585 antea
1646 2548 1674 2586 a
1711 2534 1989 2591 Comneno
2017 2547 2073 2593 ct

486 2611 633 2665 Dnca
666 2612 893 2681 gloriam
925 2614 1199 2671 exstinxit
1230 2633 1418 2671 eorum
1445 2620 1827 2689 imprudentia.
1863 2624 1939 2680 Ita
1968 2627 2071 2698 igi-

487 2711 581 2755 tur
610 2716 799 2757 eorum
841 2704 931 2772 qui
965 2720 1111 2760 nunc
1136 2706 1320 2762 vivunt
1350 2709 1440 2763 alii
1481 2725 1605 2766 cum
1645 2713 1696 2766 in
1735 2714 1894 2771 rebus
1928 2719 2071 2772 mili-

487 2791 697 2845 taribus
722 2807 944 2862 operam
988 2796 1335 2867 studiumque
1367 2815 1472 2855 non
1510 2803 1864 2871 contulerint,
1897 2808 2072 2878 publi-

486 2898 606 2937 cam
660 2900 777 2941 rem
826 2896 1127 2946 evertunt:
1179 2889 1269 2945 alii
1325 2902 1505 2948 autem
1576 2897 1737 2968 169
1779 2901 1872 2970 qui
1932 2901 2075 2958 banc

484 2975 631 3043 forte
664 2978 879 3046 quidem
916 2981 1279 3051 imperatoria:
1314 2986 1448 3041 artis
1494 2998 1701 3057 partem
1755 2993 2072 3063 attigerunt,

488 3066 542 3122 in
577 3066 820 3136 pluribus
860 3081 1109 3139 peccant.
1141 3073 1244 3128 Ars
1291 3075 1437 3130 enim
1488 3078 1651 3133 etiam
1700 3083 1946 3150 quaedam
1981 3095 2068 3142 est

487 3157 761 3212 exercitus
792 3159 1114 3226 praefectura
1142 3176 1157 3215 :
1192 3171 1249 3217 et
1276 3165 1365 3232 qui
1405 3167 1471 3219 ad
1506 3181 1624 3222 eam
1659 3173 1890 3239 accedit,
1924 3176 2070 3230 vatia
2097 3204 2143 3268 ρ
2176 3157 2365 3271 ᾖαᾷ

489 3262 553 3271 μ
594 3249 821 3271 ,μημιε
861 3252 874 3271 ε
1305 3256 1318 3268 .
1395 3267 1403 3271 -

488 3262 555 3302 ac
594 3249 876 3321 multiplici
909 3253 1138 3308 scientia
1184 3256 1258 3309 sit
1305 3256 1604 3314 instructus
1644 3277 1866 3320 necesse
1897 3276 1980 3321 est
2018 3280 2074 3324 et

490 3341 558 3395 ad
582 3343 854 3410 quoslibet
883 3344 1128 3415 ejusdem
1161 3362 1313 3412 usus,
1338 3365 1460 3405 cum
1495 3353 1546 3407 id
1573 3362 1782 3426 tempus
1821 3362 2077 3428 postula-

487 3436 666 3498 verit,
728 3439 1190 3496 accommodatus.
1256 3438 1392 3498 Nam
1447 3457 1499 3499 et
1559 3447 1743 3518 fugere
1801 3454 2073 3510 interdum

490 3526 639 3580 nullo
668 3542 790 3583 cum
822 3528 1046 3597 pudore,
1077 3532 1122 3586 si
1161 3528 1255 3589 ies’
1282 3533 1536 3605 jusserit,
1568 3552 1622 3593 et
1673 3558 1882 3599 rursum
1911 3550 2078 3617 perti-

490 3618 702 3673 naciter
736 3620 946 3690 insequi
975 3622 1184 3677 hostem
1212 3639 1437 3682 necesse
1464 3639 1567 3693 est,
1604 3641 1897 3703 utrumque
1920 3648 2077 3705 prout

492 3726 675 3765 rerum
709 3722 885 3769 status
920 3717 1125 3772 tulerit.
1154 3717 1261 3775 Ubi
1292 3735 1418 3776 vero
1448 3723 1678 3779 consilio
1711 3732 1883 3797 magis
1915 3745 2074 3801 quam

492 3817 656 3858 manu
683 3805 897 3861 videtur
925 3824 1010 3863 res
1038 3813 1294 3880 gerenda,
1343 3814 1409 3867 ad
1455 3824 1702 3872 extrema
1733 3820 2070 3879 descendere

494 3908 788 3967 rerumque
835 3913 1106 3955 summam
1150 3905 1384 3973 experiri
1431 3905 1862 3967 detrectandam.
1896 3914 2078 3971 Multis

493 3991 693 4047 etenim
726 3994 899 4064 iisque
922 3997 1153 4055 diversis
1175 4001 1336 4056 rebus
1361 4004 1428 4057 ad
1455 4019 1623 4059 unum
1649 4005 1889 4066 victoriae
1915 4012 2073 4067 linem

492 4075 862 4152 'eudentibus,
907 4088 985 4143 nil
1031 4088 1196 4146 refert
1243 4093 1439 4162 quibus
1486 4097 1609 4164 quis
1661 4113 1791 4154 usus
1838 4102 1904 4155 ad
1952 4120 2075 4160 eum

491 4181 826 4248 pervenerit.
860 4180 915 4237 Si
951 4180 1184 4241 Romani
1232 4187 1436 4258 itaque,
1472 4204 1596 4245 cum
1639 4206 1852 4251 careret
1889 4199 1955 4254 iis
1984 4216 2078 4257 co-

491 4270 602 4340 piis
639 4270 886 4337 Alexius,
919 4289 1056 4344 quas
1090 4277 1440 4337 adducendas
1465 4281 1712 4351 jusserat
1752 4288 2071 4359 imperator,

497 4362 698 4420 Siculis
728 4379 851 4420 sese
888 4368 1097 4425 viribus
1144 4370 1381 4442 impares
1422 4388 1736 4445 cernentes,
1777 4386 2073 4442 exercitum

493 4452 547 4509 in
599 4470 765 4510 naves
817 4460 1297 4529 transduxissent,
1349 4479 1584 4535 cumque
1631 4469 1845 4527 illorum
1901 4475 2075 4533 classe

2157 626 2242 674 τις
2300 609 2602 681 ἠπειρῶτις
2658 610 2692 683 ἦ
2746 609 2978 682 ναυτικὴ
3035 611 3099 663 ἐκ
3153 610 3422 681 βασιλέως
3485 612 3741 680 ἀφίκοιτο

2163 701 2295 771 παρ’
2347 702 2567 766 αὐτούς.
2633 704 2743 757 Καὶ
2776 701 2840 772 δὴ
2891 701 3125 767 ἐκτάξας
3154 703 3213 756 τὸ
3240 703 3559 772 στράτευμα
3598 702 3741 756 κατὰ

2162 793 2452 863 φάλαγγας
2514 794 2730 866 ἐχώρει.
2777 796 3036 867 Ῥωμαῖοι
3099 795 3157 849 δὲ.
3207 796 3550 864 Ῥομπέρτου
3623 796 3738 848 εἴτε

2161 887 2384 952 ἑκόντος
2435 889 2549 941 εἴτε
2601 888 2742 958 τύχη
2788 892 2897 943 τινὶ
2929 888 3289 958 ὑστεροῦντος
3318 889 3606 942 ἐτάττοντο
3646 888 3744 940 καὶ

2164 980 2320 1032 αὐτοὶ
2368 981 2477 1032 κάκ
2532 979 2642 1032 τῶν
2674 980 2906 1033 ἐνόντων
2959 980 3331 1051 κοσμηθέντες
3369 980 3743 1050 ἀντιμέτωποι

2164 1071 2405 1126 ἵσταντο.
2436 1073 2567 1126 Ὅτε
2594 1072 2660 1145 δὴ
2685 1073 2781 1127 καὶ
2809 1073 3024 1142 θάμϐος
3051 1068 3121 1143 ἦν
3149 1075 3286 1145 ὀρᾷν
3331 1072 3623 1142 Ῥωμαίων
3651 1072 3748 1123 εὖ·

2164 1164 2550 1235 περίγραπτόν
2582 1182 2705 1219 τινα
2749 1168 2901 1236 ἰσχὺν
2938 1167 3092 1230 ὅλαις
3120 1166 3427 1237 δυνάμεσιν
3457 1164 3746 1235 μαχουμέ-

2164 1272 2264 1327 νην
2294 1257 2627 1321 Σικελικαῖς.
2663 1259 2839 1328 Μέχρι
2874 1259 2974 1325 μὲν
3019 1259 3110 1313 οῦν
3138 1277 3287 1323 τινος
3315 1258 3594 1330 οὐδέτεροι
3630 1274 3747 1326 χειν

2167 1351 2277 1424 ρῶν
2310 1346 2501 1423 ἦρχον,
2530 1352 2669 1422 μετά
2707 1352 2765 1405 δέ
2798 1353 2973 1406 ταῦτα
3001 1352 3111 1407 τῶν
3149 1352 3627 1424 μισθοφορούντων
3661 1368 3748 1413 τις

2170 1444 2384 1497 ἱππέων
2433 1444 2535 1513 τῆς
2595 1444 2887 1513 Ῥωμαίων
2943 1444 3226 1513 φάλαγγος
3274 1445 3633 1515 προπηδήσας
3689 1445 3748 1496 ὲν

2171 1537 2487 1608 μεταιχμίῳ
2536 1536 2666 1605 ἔστη
2720 1538 2812 1591 τὸν
2868 1536 3199 1607 βουλόμενον
3239 1539 3572 1607 μονομαχεῖν
3609 1553 3747 1604 προ-

2165 1628 2524 1697 καλούμενος.
2593 1629 2785 1699 Τούτῳ
2841 1645 2902 1680 τε
2968 1627 3046 1698 τῷ
3110 1627 3299 1699 τρόπῳ
3371 1627 3751 1696 συμπεσόντες

2168 1721 2419 1792 ἀλλήλοις
2479 1720 2772 1791 ἐμάχοντο.
2827 1720 2938 1774 Καὶ
2984 1721 3017 1788 ἡ
3073 1720 3220 1791 μάχη
3252 1719 3424 1773 ἕωθεν
3458 1718 3749 1789 ἀρξαμένη

2174 1815 2337 1885 μέχρι
2391 1815 2491 1886 μὲν
2541 1813 2639 1868 οῦν
2690 1813 2889 1868 πολλοῦ
2950 1812 3282 1885 ἀγχώμαλος
3340 1808 3408 1883 ἦν
3456 1811 3752 1879 Ῥωμαίων

2170 1908 2516 1978 εὐψυχότατα
2567 1906 3075 1977 διαγωνιζομένων,
3137 1904 3333 1958 ἔπειτα
3388 1902 3603 1957 Σικελοὶ
3671 1900 3754 1970 τῷ

2170 2002 2367 2073 πλήθει
2402 2001 2479 2071 (2)
2515 2000 2837 2071 βιασάμενοι
2867 1998 3170 2070 ἐτρέψαντο
3212 1997 3459 2058 τούτους.
3512 1992 3750 2058 Φευγόν-

2168 2112 2279 2148 των
2310 2092 2402 2147 οῦν
2434 2091 2621 2147 πολλοὶ
2671 2091 2869 2146 ἔπεσον
2897 2091 2989 2146 καί¹
3019 2090 3253 2161 ζωγρίαι
3281 2087 3581 2161 ᾑρέθησαν,
3615 2087 3664 2139 οἱ
3696 2084 3740 2137 δ’

2171 2189 2322 2242 ἄλλοι
2356 2190 2454 2242 σὺν
2480 2185 2711 2257 ὠθισμῷ
2743 2184 2925 2254 πολλῷ
2958 2185 3055 2237 καὶ
3086 2182 3180 2255 βίᾳ
3216 2183 3294 2247 είς
3323 2182 3424 2252 τὴν
3455 2180 3612 2233 πόλιν
3636 2179 3757 2233 είσο

2177 2282 2433 2346 έπιπτον,
2484 2281 2543 2334 ἐν
2587 2274 2670 2341 οἷς
2712 2278 2809 2331 καὶ
2863 2276 3102 2342 Ἀλέξιος
3141 2276 3171 2329 ὀ
3211 2273 3516 2345 στρατηγὸς
3556 2267 3647 2343 ἦν.
3694 2272 3756 2325 Ὀ

2174 2374 2386 2437 Δούκας
2416 2374 2473 2428 δὲ
2506 2371 2737 2441 τειχέων
2764 2370 2870 2436 ἔξω
2895 2367 3141 2438 λειφθεὶς
3182 2368 3245 2420 οὐ
3279 2366 3548 2437 πρότερον
3578 2363 3754 2432 ἀνῆκε

2172 2465 2355 2519 παίων
2402 2463 2497 2516 καὶ
2544 2462 2865 2530 παιόμενος,
2910 2458 3041 2529 πρὶν
3067 2456 3174 2510 ὑπὸ
3199 2455 3310 2509 τῶν
3342 2453 3615 2524 πολεμίων
3655 2471 3757 2507 tuo

2175 2555 2408 2619 κλωθεὶς
2439 2552 2793 2625 αίχμάλωτος
2824 2550 2962 2622 μετά
2998 2549 3288 2613 πλείστους
3335 2548 3495 2611 ὅσους
3531 2547 3757 2613 ἐγένετο

2174 2644 2418 2713 ἀγῶνας.
2452 2641 2668 2713 Σικελοὶ
2694 2641 2753 2696 δὲ
2783 2638 2975 2711 ἐπειδὴ
3024 2637 3220 2691 τοῦτον
3270 2631 3437 2702 εἷλον,
3482 2634 3578 2689 καὶ
3625 2636 3756 2698 τοὺς

2176 2733 2270 2787 ἐπὶ
2324 2732 2421 2800 τῆς
2467 2731 2678 2793 πόλεως
2726 2728 2915 2782 λοιπὸν
2946 2714 3214 2797 Χάμογητὶ
3242 2725 3319 2788 ὼς
3380 2727 3443 2779 ἐν
3483 2723 3757 2796 πανάγρῳ

2178 2824 2621 2895 σαγηνεύσαντες
2652 2820 2834 2891 ἐσχον.
2874 2820 2962 2882 Ἐς
2992 2818 3151 2874 τοῦτο
3189 2818 3254 2889 δὴ
3284 2816 3474 2879 τέλους
3515 2814 3597 2885 τῷ
3646 2816 3759 2869 Κο-

2181 2920 2371 2992 μνηνῷ
2403 2920 2498 2973 καὶ
2527 2917 2608 2988 τῷ
2634 2917 2876 2987 Δούκᾳή
2903 2912 3138 2969 ἀϐουλία
3166 2911 3228 2966 τδ
3258 2911 3388 2982 πρὶν
3416 2910 3757 2980 περιήνεγκε

2179 3012 2359 3076 κλέος.
2396 3011 2586 3075 Οὕτως
2644 3011 2694 3064 οί
2749 3009 2846 3063 νῦν
2889 3007 3170 3078 ἄνθρωποι
3202 3005 3253 3059 οί
3287 3004 3389 3076 μὲν
3434 3002 3761 3057 παντάπασι

2180 3105 2266 3181 [Ρ.
2299 3105 2393 3179 98]
2425 3103 2804 3176 στρατηγικῶν
2836 3103 3057 3172 ἄμοιροι
3101 3097 3477 3161 διατελοῦντες
3508 3098 3579 3151 τά
3609 3095 3758 3165 πράο

2421 3196 2776 3266 σφάλλουσιν,
2830 3196 2880 3248 οί
2929 3193 2986 3248 δὲ
3040 3192 3201 3247 τοῦτο
3252 3191 3352 3261 μὲν
3391 3189 3555 3260 τυχὸν
3603 3189 3758 3240 ἴσασι

2180 3288 2560 3364 στρατηγικῆς
2590 3289 2777 3360 μέρος,
2803 3286 2882 3355 τῷ
2909 3284 3118 3340 πλείονι
3162 3283 3617 3353 διαμαρτάνουσι.
3649 3279 3695 3332 Τ
3699 3278 3760 3331 έ-

2176 3403 2276 3458 χνη
2312 3384 2422 3453 γάρ
2476 3381 2562 3445 τίς
2613 3383 2729 3434 ἐστι
2784 3379 2879 3433 καὶ
2911 3380 2945 3450 ἡ
2983 3375 3311 3445 στρατηγία,
3351 3373 3447 3427 καὶ
3504 3370 3610 3443 χρὴ
3642 3370 3759 3458 ,τὸν

2177 3457 2386 3545 ταύτην
2424 3473 2683 3544 μετιόντα
2715 3469 2969 3538 πολυειδῆ
3024 3485 3147 3522 τινα
3190 3465 3287 3520 καὶ
3332 3464 3579 3519 ποικίλον
3612 3457 3760 3518 εἶναι

2180 3568 2277 3620 καὶ
2302 3564 2441 3636 πρὸς
2480 3564 2712 3619 ἕκαστον
2744 3560 3182 3633 ἐπικαιροτάτως
3214 3558 3324 3613 τῶν
3356 3558 3564 3627 ταύτης
3592 3573 3763 3626 μετα-

2177 3657 2476 3712 τάττεσθαι
2538 3656 2720 3710 εἰδῶν.
2774 3654 3004 3722 Φεύγειν
3048 3670 3105 3707 τε
3157 3652 3267 3724 γὰρ
3316 3652 3462 3706 ἔστιν
3510 3651 3599 3705 ὅτε
3648 3647 3757 3719 χρὴ

2183 3751 2350 3823 μηδὲν
2380 3749 2776 3819 αἰσχυνόμενον
2807 3749 2856 3800 εἰ
2888 3746 3052 3799 τοῦτο
3084 3745 3253 3817 διδοίη
3284 3743 3475 3815 καιρὸς
3494 3782 3510 3808 ,
3551 3742 3647 3796 καὶ
3685 3734 3756 3796 αὖ

2176 3841 2534 3894 ἀνυπόστατα
2587 3838 2831 3902 διώκειν,
2881 3836 3019 3909 πρὸς
3067 3837 3166 3906 τὴν
3221 3835 3413 3906 χρείαν
3458 3833 3756 3903 ἑκάτερον·
3849 3904 3856 3911 .

2181 3928 2311 3982 ἔνθα
2339 3945 2396 3981 τε
2423 3926 2638 3998 ἐπινοίᾳ
2670 3925 2873 3995 μᾶλλον
2904 3925 2936 3996 ἢ
2967 3924 3113 3996 χειρὶ⁸
3151 3920 3457 3994 κατορθοῦν
3487 3922 3756 3991 φαίνοιτο,

2180 4015 2567 4087 παραιτεῖσθαι
2597 4013 2657 4066 τὸ
2693 4015 2807 4078 τοῖς
2852 4012 2995 4075 ὅλοις
3044 4010 3488 4067 διακινδυνεύειν.
3538 4008 3757 4063 Πολλῶν

2179 4108 2291 4180 γάρ
2319 4123 2481 4160 τινων
2510 4104 2602 4160 καὶ
2632 4105 2906 4175 διαφόρων
2937 4107 3282 4173 πραγμάτων
3313 4104 3372 4166 ἐς
3403 4102 3465 4155 ἓν
3507 4118 3559 4154 τι
3602 4100 3755 4163 τέλος

2178 4200 2277 4271 τὴν
2309 4199 2466 4270 νίκην
2521 4198 2788 4265 ἀγόντων,
2842 4193 3133 4265 ἀδιάφορόν
3177 4195 3325 4247 ἐστιν
3374 4191 3619 4261 ὁποτέρῳ
3669 4206 3755 4252 τις

2178 4291 2525 4363 χρησάμενος
2572 4287 2659 4340 ἐπ’
2690 4288 2867 4340 ἐκεῖνο
2912 4285 3055 4356 ἥξει.
3092 4285 3204 4338 Καὶ
3245 4282 3427 4337 τοίνυν
3467 4282 3754 4349 Ῥωμαῖοι,

2178 4382 2272 4438 τοῦ
2320 4381 2559 4448 Ἀλεξίου
2589 4380 2872 4450 δυνάμεων
2909 4377 3375 4442 ὑποσπανίζοντος
3402 4375 3469 4439 ἃς
3523 4377 3552 4428 ὁ
3598 4373 3754 4445 βασι-

2178 4472 2305 4535 λεὺς
2333 4469 2483 4540 αύτῷ
2514 4468 2670 4537 ἄγειν
2705 4467 2982 4530 ἐκέλευεν,
3015 4465 3069 4518 εί
3105 4481 3171 4535 γε
3207 4464 3450 4526 Σικελοῖς
3477 4462 3577 4516 οὒκ
3602 4460 3760 4526 ἀξιο-

494 4544 866 4602 conﬂixissent
914 4551 1168 4620 primum,
1219 4557 1410 4624 procul
1451 4559 1612 4615 dubio
1645 4570 1755 4616 tum
1805 4565 2068 4622 debellas-

2180 4563 2388 4634 μάχους
2432 4562 2658 4624 ἑαυτοὺς
2703 4560 2904 4623 εἰδότες
2935 4558 3028 4611 ἐπὶ
3061 4557 3162 4622 τάς
3208 4556 3339 4621 ναῦς
3380 4572 3441 4609 τε
3484 4556 3547 4608 τὸ
3593 4555 3758 4623 στρά-

492 4648 614 4692 sent
658 4638 841 4694 hostes
888 4650 944 4696 et
985 4658 1261 4700 recessum
1311 4660 1344 4701 e
1389 4649 1689 4707 continenti
1735 4657 1905 4723 partis
1931 4661 2068 4716 mari

492 4730 913 4786 resarcivissent
945 4734 1191 4793 victoriis
1220 4756 1238 4794 :
1270 4750 1326 4813 et
1352 4742 1430 4797 sic
1465 4748 1826 4814 postmodum,
1857 4764 1978 4805 cum
2017 4753 2068 4807 id

490 4820 825 4888 postulasset
855 4826 1097 4895 occasio,
1128 4830 1180 4885 in
1213 4833 1585 4891 continentem
1618 4838 1814 4893 iterum
1840 4844 2066 4912 egressi,

491 4925 614 4963 cum
653 4912 947 4983 majoribus
975 4919 1029 4972 in
1053 4919 1205 4976 Italia
1233 4924 1436 4980 viribus
1462 4926 1655 4981 bellum
1682 4931 2069 4992 confecissent.

495 5001 603 5057 Sed
634 5006 778 5059 enim
809 5006 883 5060 illi
919 5024 1022 5064 non
1049 5012 1171 5066 sine
1196 5014 1463 5071 dedecore
1510 5020 1683 5074 recedi
1729 5036 1891 5090 posse
1946 5027 2070 5093 rati,

493 5097 681 5152 amissi
733 5098 898 5156 totius
939 5103 1243 5174 perditique
1273 5110 1547 5164 exercitus
1580 5113 1933 5182 ignominiam
1984 5118 2071 5173 in-

494 5198 803 5245 currerunt.

2177 4672 2358 4726 τευμα
2389 4653 2721 4707 ἀνεϐίϐασαν
2751 4649 2848 4706 καὶ
2880 4648 3055 4720 στόλῳ
3084 4649 3162 4721 τῷ
3186 4648 3364 4702 αὐτῶν
3404 4644 3755 4714 συνεπλάκη-

2180 4763 2280 4803 σαν
2312 4745 2604 4817 πρότερον,
2640 4742 2810 4798 αὐτοῦ
2855 4760 2916 4795 τε
2965 4743 3109 4795 κατὰ
3140 4741 3344 4812 κράτος
3372 4738 3757 4810 περιεγένοντο

2177 4838 2244 4894 ἂν
2270 4840 2364 4893 καὶ
2406 4837 2504 4907 τὴν
2531 4838 2594 4889 ἐκ
2627 4836 2726 4903 τῆς
2773 4834 3006 4906 ἠπείρου
3036 4831 3386 4903 ὑποχώρησιν
3415 4831 3526 4893 τοῖς
3563 4830 3627 4881 ἐκ
3652 4825 3758 4896 τῆς

2178 4933 2351 5002 ὑγρᾶς
2395 4928 2860 4999 παρεμυθήσαντο
2913 4926 3228 4998 τροπαίοις,
3262 4925 3409 4979 οὕτω
3455 4940 3515 4976 τε
3555 4919 3755 4990 καιροῦ

2173 5024 2469 5086 καλοῦντος
2497 5023 2591 5076 ἐπὶ
2635 5022 2736 5091 τὴν
2775 5018 2945 5092 ξηρὰν
2969 5019 3126 5082 αὖθις
3164 5019 3429 5082 ἐκϐάντες
3458 5017 3556 5070 σὺν
3585 5016 3755 5069 δυνά-

2175 5133 2301 5188 μεσι
2356 5115 2564 5168 πλείοσι
2595 5112 2694 5175 τάς
2743 5113 2799 5166 ἐν
2842 5110 3044 5181 Ἰταλίᾳ.
3092 5111 3487 5180 διηγωνίσαντο
3540 5110 3752 5179 μάχας.

2186 5206 2343 5262 Ἀλλ’
2378 5208 2577 5260 ἐκεῖνοι
2623 5204 2722 5276 τὴν
2772 5205 2837 5258 ἐκ
2894 5203 2987 5257 τοῦ
3040 5204 3346 5275 ὑποχωρεῖν
3403 5202 3753 5276 ὑφορώμενοι

496 5285 713 5354 ἀδοξίαν
748 5291 829 5355 είς
877 5290 977 5364 τὴν
1028 5293 1125 5348 τοῦ
1171 5299 1477 5370 πανστρατὶ
1534 5301 1857 5377 διεφθάρθαι
1910 5307 2401 5380 περιπεπτώκασιν
2435 5304 2683 5376 ἀτιμίαν.

1802 5428 1897 5489 Du
1932 5429 2156 5509 Cangii
2194 5435 2381 5489 notae.

569 5515 646 5584 (2)
679 5518 929 5590 Ἔπειτα
966 5520 1207 5590 Σικελοὶ
1244 5520 1324 5585 τῷ
1344 5521 1584 5590 πλήθει,
1630 5537 1735 5580 etc.
1774 5526 2075 5585 Faleandus

495 5600 707 5664 coaevus
736 5591 802 5664 de
833 5586 870 5640 S
893 5589 1135 5664 culorum
1168 5593 1403 5664 victoria
1424 5586 1505 5664 sie
1532 5586 1715 5648 scribit
1755 5616 1767 5651 :
1806 5597 2067 5664 Multt'ph'-

496 5669 614 5735 cnlo
661 5657 850 5735 delrius
898 5660 1130 5735 exercitu
1183 5660 1663 5735 (rex__Wll|elnt-.ns)
1706 5657 2065 5723 Brundusium

497 5726 653 5807 venit,
686 5727 774 5779 ubi
804 5725 1147 5807 cuntﬂ‘r‘a’cis
1174 5725 1539 5807 con/litteras,
1559 5725 1894 5807 adpugnam
1916 5739 2066 5807 jubet

498 5795 691 5847 milites
708 5798 965 5877 fatpediri.
986 5797 1156 5877 (ἔνςυεὲ
1174 5795 1291 5854 vero
1318 5799 1638 5877 nbi_c_omitis
1665 5795 1898 5877 Ruperti.
1914 5795 2066 5877 cujus

503 5865 946 5929 pra’slolabanlur
1007 5866 1321 5938 adventum,
1376 5870 1551 5929 vident
1602 5890 1659 5930 se
1725 5865 2065 5947 defraudatos

2177 5529 2401 5590 auxilio,
2441 5529 2582 5595 quod
2628 5528 2839 5581 unicum
2877 5526 3103 5582 restabat
3142 5527 3443 5587 consilium.
3480 5529 3754 5595 fortunam

2175 5599 2370 5664 eligunt
2418 5600 2662 5662 experiri.
2701 5603 2900 5664 Anceps
2947 5600 3003 5650 in
3044 5600 3302 5667 principia
3356 5615 3530 5666 pugna
3595 5598 3702 5663 fuit
3731 5613 3754 5653 :

2174 5671 2294 5721 inde
2340 5668 2510 5724 (Irasci
2557 5686 2657 5722 non
2708 5669 2933 5722 valentes
2981 5668 3211 5735 antplius
3249 5670 3462 5722 hostiles
3522 5669 3755 5736 impetus

2173 5740 2451 5803 sustinere,
2478 5739 2580 5801 fusi
2612 5740 2831 5807 cmsique
2872 5748 3016 5798 sunt,
3049 5754 3240 5807 magna
3269 5754 3391 5808 pars
3417 5755 3597 5793 eorum
3629 5754 3756 5793 cum

2173 5811 2391 5864 ducibus
2420 5808 2530 5864 suis
2576 5808 2897 5864 Panormum
2928 5810 3230 5863 transvecti.
