4058 6416
295 418 403 482 509

1472 424 2015 487 HISTORIARUM
2051 427 2198 490 LlB.
2243 428 2341 489 IV.

3447 432 3559 497 510

362 531 447 590 ιδ’.
491 534 676 591 Ταῦτα
709 534 810 608 μὲν
842 534 937 591 οὖν
979 539 1109 611 τῇδε
1143 540 1394 608 ἐγένετο·
1442 542 1472 596 ὁ
1514 541 1573 596 δὲ
1618 542 1866 613 βασιλεὺς

2053 542 2140 598 M.
2194 543 2272 598 Ita
2327 553 2435 597 tum
2482 543 2555 599 ibi
2599 559 2685 600 res
2728 554 3076 616 gerebantur,
3118 560 3238 617 quae
3269 555 3559 620 postquam

289 624 498 681 τούτων
528 627 770 693 ἀκούσας
824 630 1148 703 ἐδυσχέρανε
1202 632 1302 704 μὲν
1350 634 1425 697 ὡς
1473 634 1536 688 τὸ
1574 634 1723 697 εἰκὸς
1769 633 1868 688 καὶ

293 719 535 787 μάλιστα
561 722 643 775 ὅτι
686 722 828 792 μετὰ
862 725 1132 788 τοσαύτας
1183 727 1648 798 προηγησαμένας
1684 727 1863 795 ,ταῦτα

293 808 592 873 ξυνέπεσεν
625 811 907 885 εὐτυχίας.
956 814 1243 888 Ἀτύχημα
1268 819 1375 889 γὰρ
1401 819 1536 887 μετὰ
1563 819 1723 885 δόξαν
1748 821 1870 872 ἐπι-

285 905 513 969 γεγονὺς
563 909 920 977 παραιτεῖται
981 908 1082 978 μὲν
1120 909 1222 974 τὴν
1267 909 1577 972 δύσκλειαν,
1611 910 1772 964 ἀνίαν
1812 910 1867 963 δὲ

290 995 527 1062 μάλιστα
560 998 842 1067 προξενεῖν
886 1000 1099 1067 εἴωθεν,
1148 1002 1231 1055 ὅτι
1282 1002 1482 1073 μικροῦ
1514 1001 1610 1056 τοῦ
1651 1003 1713 1056 τὸ
1756 1004 1866 1057 πᾶν

287 1086 491 1156 δεῆσαν
522 1090 847 1162 κατορθοῦν.
891 1087 1011 1148 εἶτα
1041 1094 1323 1149 ἀπώλοντο
1353 1096 1590 1150 ἅπαντα.
1621 1095 1867 1167 ’Ίιλγησε

291 1178 395 1248 μὲν
432 1173 526 1234 οὖν
558 1180 646 1235 διὰ
672 1181 960 1249 ταῦτα,·ού
994 1185 1100 1258 μὴν
1150 1189 1245 1242 καὶ
1273 1188 1484 1259 ἡττήθη
1517 1188 1610 1243 τοῦ
1636 1188 1864 1253 πάθους.

300 1270 537 1337 ’Δλέξιον
570 1274 772 1340 τοίνυν,
806 1275 867 1341 ὃς
892 1278 955 1332 τὸ
981 1280 1076 1333 τοῦ
1103 1284 1593 1353 πρωτοστράτορος
1633 1281 1870 1346 ἀνεςών-

285 1380 416 1417 νυτο
446 1366 565 1419 τότε
596 1366 992 1441 λειτούργημα.
1025 1375 1118 1427 ἐπὶ
1162 1375 1409 1443 Ἀγκῶνα
1451 1378 1683 1441 Ἰταλίας
1710 1376 1867 1441 αὖθις

286 1456 363 1519 ὡς
396 1457 455 1522 ἐξ
479 1461 822 1530 ὁρμητηρίου
868 1463 1014 1526 τινὸς
1057 1466 1308 1521 ἐντεῦθεν
1360 1471 1867 1541 μεταποιησόμενον

287 1548 553 1619 ἔπεμψεν.
610 1554 673 1607 Ol
731 1554 841 1625 γὰρ
884 1557 1012 1628 τῇδε
1066 1558 1347 1631 ἄνθρωποι
1403 1562 1601 1632 ὅρκους
1656 1561 1870 1633 βασιλεῖ

286 1642 594 1711 φθάσαντες
637 1645 848 1714 ἔδοσαν,
881 1651 1013 1721 ῥηγὶ
1045 1651 1145 1723 μὲν
1196 1654 1273 1724 τῷ
1311 1654 1634 1725 Ἀλαμανῶν
1666 1654 1864 1710 οὔποτε

287 1733 508 1799 ἑκόντες
555 1737 912 1810 πολεμήσειν,
952 1747 1215 1814 χρήματα
1243 1744 1302 1800 δὲ
1328 1745 1422 1799 τοῦ
1452 1747 1718 1817 βασιλέως
1771 1749 1867 1804 καὶ

297 1827 585 1896 Ῥωμαίων
608 1829 702 1894 οὒς
732 1831 799 1886 ἂν
829 1834 993 1897 αὐτὸς
1024 1837 1287 1908 πέμψειε,
1336 1840 1564 1901 τούτους
1604 1841 1667 1912 δὴ
1694 1843 1865 1914 τηρή-

1977 634 2207 705 principi
2246 647 2539 706 compertae
2585 645 2733 702 sunt,
2770 638 3010 711 graviter
3048 647 3105 692 ut
3155 655 3253 705 par
3300 650 3420 695 erat
3473 653 3562 699 est

1976 725 2308 795 indignatus.
2356 745 2421 783 eo
2474 731 2710 785 maxime
2759 730 2901 799 quod
2954 740 3078 799 post
3136 740 3214 785 tot
3267 747 3560 802 prosperos

1976 816 2207 874 fmtunae
2242 821 2403 890 170
2439 836 2727 876 successus
2772 823 3108 876 acciderant.
3158 821 3559 877 lnterveniente

1975 911 2171 981 quippe
2207 921 2327 981 past
2350 924 2554 982 partam
2584 914 2809 984 gloriam
2846 913 3178 979 calamitate,
3210 915 3310 969 etsi
3337 914 3557 968 infamia

1974 1002 2043 1056 sit
2080 1003 2277 1065 minor,
2305 1020 2370 1059 eo
2407 1014 2584 1059 tamen
2630 1005 2803 1074 major
2847 1004 3084 1060 suboriri
3132 1004 3554 1070 solet‘tristitia,

1974 1094 2114 1163 quod
2148 1110 2270 1149 cum
2312 1111 2479 1164 prope
2509 1097 2750 1153 abfueris
2784 1113 2811 1151 a
2849 1113 3063 1152 summa
3106 1113 3164 1153 re
3193 1099 3554 1163 conﬁcienda,

1976 1196 2142 1242 totam
2198 1188 2517 1257 perdideris.
2572 1189 2770 1246 Verum
2834 1190 2937 1245 etsi
2989 1199 3277 1260 eapropter
3325 1191 3559 1248 doluerit

1976 1281 2291 1352 imperator,
2323 1297 2665 1353 nequaquam
2700 1292 2880 1338 tamen
2920 1283 3079 1354 fregit
3126 1283 3274 1337 illius
3312 1283 3556 1337 animum

1974 1384 2266 1442 conceptus
2315 1389 2380 1428 ex
2424 1374 2525 1428 hac
2575 1375 2728 1429 clade
2772 1390 2997 1431 mmror.
3061 1374 3310 1429 Alexium
3352 1375 3554 1443 itaque,

1974 1466 2064 1534 qui
2099 1476 2209 1519 tum
2242 1469 2651 1534 protostratoris
2684 1468 2949 1539 dignitate
2981 1479 3170 1523 auctus
3205 1467 3401 1533 fuerat,
3427 1468 3511 1521 An

1974 1572 2167 1612 conatu
2219 1560 2386 1624 misit,
2422 1570 2483 1614 ut
2520 1560 2643 1615 inde
2687 1560 2842 1629 quasi
2875 1576 2942 1614 ex
2977 1560 3100 1615 belli
3134 1561 3261 1615 sede
3292 1563 3357 1613 de
3385 1559 3557 1615 Italia

1974 1651 2317 1717 possessione
2351 1652 2684 1707 decertaret.
2714 1650 2897 1708 Fidem
2924 1651 3070 1712 cnim
3109 1652 3339 1721 principi
3386 1652 3553 1706 dede-

1976 1752 2097 1797 rant
2142 1744 2422 1813 Oppidani,
2455 1760 2562 1799 non
2597 1759 2657 1800 se
2687 1746 2907 1816 quidem
2944 1745 3088 1799 ultro
3120 1747 3384 1799 adversus
3423 1745 3554 1799 Ale-

1976 1851 2293 1891 marmorum
2348 1853 2527 1906 regem
2582 1854 2734 1895 arma
2788 1850 3121 1907 sumpturos,
3169 1839 3260 1894 sed
3296 1839 3556 1906 pecunias

284 1936 403 1973 σειν
443 1922 545 1976 ὅσα
595 1924 688 1977 καὶ
723 1925 972 1991 ἑαυτούς.
1010 1928 1173 1982 Ὅθεν
1223 1932 1279 1985 δὲ
1302 1934 1382 1996 εἰς
1413 1932 1573 1987 τοῦτο
1613 1909 1866 2004 βασιλεύς

1969 1935 2021 1982 et
2069 1942 2208 1997 quos
2254 1928 2548 1994 imperator
2603 1931 2843 1985 misisset
2888 1946 2953 1984 eo
3007 1929 3281 1983 Romanos
3312 1968 3328 1993 ,
3380 1939 3438 1983 ut
3493 1944 3555 1984 se

280 2015 537 2085 προήχθη
564 2018 765 2073 αὐτίκα
795 2020 1043 2091 δηλώσω.
1087 2022 1283 2077 Ὁπότε
1316 2026 1419 2098 ἤδη
1450 2026 1544 2080 ἐπὶ
1575 2026 1867 2098 Κερκύρας

280 2107 601 2177 ἐστράτευε,
653 2110 880 2165 δύσνουν
935 2112 1032 2168 καὶ
1080 2114 1383 2185 δύστροπον
1444 2116 1505 2170 τὸ
1558 2117 1866 2171 Οὑεννέτων

279 2202 634 2270 κατανοήσας
689 2203 865 2268 ἔθνος,
916 2207 1046 2280 περὶ
1097 2208 1344 2272 πλείονος
1395 2209 1548 2264 ἔθετο
1604 2210 1753 2274 ὅπως
1800 2209 1867 2264 ἂν

295 2293 570 2360 ’Δγκῶνος
597 2295 788 2351 λοιπον
821 2302 1212 2372 μεταποιηθεὶς
1257 2303 1460 2373 ὀφρύος
1490 2322 1550 2358 τε
1580 2304 1683 2374 τῆς
1707 2305 1868 2358 Οὐεν-

281 2386 456 2442 νέτων
487 2390 548 2442 τὸ
574 2390 711 2445 πολὺ
737 2393 1112 2449 καταπαύσειε
1161 2399 1256 2450 καὶ
1280 2398 1408 2461 τοὺς
1439 2399 1497 2451 ὲν
1539 2398 1740 2470 Ἰταλίᾳ
1765 2416 1866 2451 πο-

282 2476 488 2549 λέμους
542 2480 801 2537 ἐντεῦθεν
849 2486 1023 2556 ῥᾷστα
1078 2488 1473 2555 διαγωνίζοιτο.
1534 2492 1637 2545 Διά
1690 2491 1868 2546 ταῦτα

283 2567 374 2643 [Ρ.
407 2571 500 2643 99]
549 2575 650 2643 μὲν
685 2575 926 2641 ’Λλέξιος
958 2578 1055 2632 σὺν
1079 2576 1326 2649 χρήμασι
1357 2581 1572 2646 πολλοῖς
1600 2583 1694 2636 ἐπὶ
1737 2584 1865 2652 Ἀγ-

284 2660 437 2713 κῶνα
460 2657 649 2732 ἦλθεν.
688 2664 853 2719 Ὅθεν
886 2668 1302 2723 Κωνσταντῖνόν
1340 2688 1400 2724 τε
1439 2673 1531 2727 τὸν
1548 2668 1743 2727 Ὥττον
1769 2673 1867 2726 καὶ

298 2751 556 2823 Ἀνδρέαν
588 2753 665 2827 (5)
688 2758 906 2828 κόμητα
936 2760 1144 2825 πόλεως
1186 2762 1457 2833 Ἰταλικῆς
1486 2765 1590 2835 τήν
1614 2782 1674 2817 τε
1706 2767 1865 2836 χεῖρα

284 2846 542 2912 γενναῖον
572 2851 668 2901 καὶ
698 2849 951 2921 ἀνδρείας
989 2850 1051 2906 εὖ
1097 2853 1305 2924 ἥκοντα
1354 2854 1447 2908 ἐπὶ
1492 2855 1593 2929 τὴν
1637 2855 1866 2910 Ἰταλίαν

287 2936 580 3009 ἐκπέμψας
610 2942 768 3012 χεῖρά
805 2959 863 2996 τε
895 2943 1185 3016 σύμμαχον
1234 2946 1492 3019 ἥθροιζε,
1527 2948 1729 3021 πολλὴν
1770 2947 1868 3003 καὶ

285 3027 471 3092 πόλεις
527 3029 607 3095 ὡς
661 3031 920 3096 πλείστας
974 3035 1272 3105 Ῥωμαίοις
1318 3036 1632 3092 ἐδουλοῦτοο
1673 3039 1763 3092 ὅτε
1800 3038 1865 3111 δὴ

284 3120 478 3189 γέγονὲ
519 3139 575 3176 τι
612 3123 710 3178 καὶ
737 3125 968 3182 τοιοῦτο.
1008 3128 1067 3181 Ὀ
1103 3127 1324 3201 Ῥώμης
1349 3132 1639 3202 ἀρχιερεὺς
1663 3132 1739 3202 (4)
1778 3131 1869 3185 Γι-

285 3211 492 3322 λιέλμῳ
527 3215 714 3284 φιλίαν
741 3217 840 3289 ήδη
896 3219 1238 3291 ὁμολογήσας
1263 3261 1279 3287 ,
1329 3222 1519 3294 ἐπειδὴ
1576 3223 1655 3277 τὼ
1704 3224 1865 3295 ἄνδρε
1891 3259 1937 3322 c

284 3306 462 3362 τούτω
494 3309 585 3363 διὰ
617 3309 724 3364 τῶν
765 3310 984 3382 Ῥώμης
1021 3315 1159 3368 ἰόντε
1195 3316 1337 3384 ἔγνω
1370 3318 1606 3386 χωρίων,
1643 3318 1864 3388 ἰσχυρό-

283 3416 424 3453 τατα
471 3399 790 3457 διεκώλυεν.
842 3403 1004 3459 Ἀλλὰ
1053 3406 1161 3459 τῶν
1217 3407 1310 3460 ἐπὶ
1369 3406 1524 3477 δόξης
1572 3408 1756 3473 τινὲς,
1813 3408 1864 3463 οἳ

297 3491 595 3562 Ῥωμαίοις
621 3493 836 3548 εὔνοιαν
868 3497 1178 3566 φθάσαντες
1202 3498 1562 3568 ὡμολόγησαν
1580 3491 1726 3568 (ἔθος
1755 3501 1865 3571 γὰρ

284 3585 373 3638 ἀεὶ
399 3584 615 3655 βασιλεί
640 3588 902 3660 Μανουὴλ
948 3585 1017 3661 ἦν
1042 3591 1151 3643 τῶν
1177 3591 1304 3660 τῇδε
1337 3591 1566 3654 πολλοὺς
1592 3592 1863 3662 ὲταιρίζευ

287 3678 462 3749 σθαι),
493 3683 973 3755 ἐπαναστήσαντες
996 3687 1088 3739 τὸν
1110 3687 1280 3756 δῆμον
1307 3685 1475 3754 αὐτῷ,
1508 3685 1568 3739 τὸ
1594 3686 1865 3756 βασίλειόν

283 3791 344 3829 τε
373 3780 601 3847 σημεῖον
631 3779 961 3848 ἐντιμότατα
994 3782 1058 3850 τῇ
1089 3781 1274 3848 δεήσει
1296 3780 1634 3844 εἰσεδέξαντο
1666 3781 1760 3833 καὶ
1787 3779 1866 3850 τῷ

283 3868 722 3941 Κοντοστεφάνῳ
777 3870 899 3924 κατ’
931 3871 1182 3936 ἐξουσίαν
1225 3872 1318 3934 οὓς
1366 3873 1433 3926 ἂν
1486 3872 1730 3942 βούλοιτο
1773 3891 1864 3943 μι-

287 3958 550 4014 σθοῦσθαι
578 3960 813 4031 ἐφῆκαν.
854 3963 972 4031 Ἐφ’
1004 3961 1083 4026 οἷς
1117 3952 1428 4035 χαλεπήνας
1473 3965 1501 4016 ό
1549 3964 1862 4035 ἀρχιερεὺς,

285 4049 314 4103 ὅ
337 4051 499 4122 μόνον
530 4048 698 4123 εἶχεν,
722 4053 983 4126 ἐπιτιμίῳ
1012 4054 1102 4107 τὸν
1130 4055 1299 4124 δῆμον
1327 4054 1729 4110 καθυποόάλλει
1758 4056 1861 4127 (5),

1972 2020 2116 2089 ipsos
2150 2031 2485 2076 servaturos.
2520 2021 2652 2088 Qua:
2692 2037 2824 2078 vero
2849 2024 2916 2076 ad
2958 2022 3009 2077 id
3043 2022 3345 2092 principem
3379 2037 3549 2075 causa

1968 2110 2263 2177 impulerit,
2319 2127 2465 2167 nunc
2519 2113 2722 2169 dicam.
2756 2111 2891 2169 Cum
2925 2112 3123 2168 bellum
3155 2113 3222 2166 ad
3257 2110 3552 2182 Corcyram

1968 2214 2202 2272 gereret,
2248 2202 2683 2275 Venetorumque
2725 2204 2949 2275 populos
2999 2204 3102 2259 sibi
3146 2203 3389 2257 infensos
3432 2216 3552 2255 mo-

1968 2310 2227 2364 rososque
2269 2297 2599 2363 adverteret,
2643 2299 2696 2352 id
2736 2297 2969 2351 maxime
3010 2296 3249 2360 curavit,
3284 2306 3341 2347 ut
3372 2292 3552 2346 vindi-

1969 2396 2093 2442 cata
2131 2389 2229 2441 sibi
2255 2389 2469 2443 Ancona
2508 2388 2835 2445 Venetorum
2878 2388 3081 2443 fastum
3133 2388 3452 2441 retunderet
3497 2390 3553 2440 et

1970 2478 2305 2547 superbiam,
2340 2479 2592 2547 bellaque
2634 2479 2759 2533 inde
2798 2479 2980 2534 Italica
3036 2476 3248 2532 facilius
3282 2489 3552 2543 exseque-

1967 2586 2139 2633 retur.
2168 2573 2245 2629 Ea
2282 2576 2449 2647 igitur
2477 2584 2701 2650 propter
2727 2590 2919 2646 magna
2952 2590 3075 2629 cum
3112 2572 3467 2645 pecuniarum
3497 2569 3553 2625 vi

1966 2672 2243 2725 Anconam
2288 2670 2437 2724 venit
2495 2670 2733 2724 Alexius‘
2762 2686 2791 2724 ι·
2820 2677 2984 2738 atque
3026 2667 3154 2721 inde
3207 2664 3447 2719 dimissis
3497 2663 3551 2717 in
3602 2738 3610 2746 .

1969 2763 2176 2818 Italiam
2211 2762 2568 2817 Constantino
2602 2760 2731 2816 Otto
2761 2768 2815 2815 et
2847 2760 3061 2815 Andrea
3093 2757 3291 2812 comite
3318 2756 3555 2811 civitatis

1968 2854 2185 2921 italicae,
2214 2855 2331 2910 viro
2376 2869 2539 2909 manu
2590 2853 2821 2924 impigro
2864 2862 2919 2908 et
2971 2850 3290 2907 fortitudine
3330 2847 3551 2915 insigni,

1967 2946 2263 3001 auxiliares
2297 2946 2502 3016 aliquot
2539 2945 2815 3000 contraxit
2851 2943 3057 3013 copias,
3086 2941 3362 3010 urbesque
3388 2953 3551 3009 quam

1969 3041 2151 3110 plures
2191 3039 2450 3094 Romanis
2495 3037 2774 3094 asseruit:
2812 3038 3018 3091 interea
3064 3033 3306 3103 pontifex
3350 3033 3553 3088 Roma-

1971 3148 2094 3198 nus,
2127 3133 2264 3187 inito
2291 3148 2413 3186 cum
2445 3130 2713 3186 Gttlieltno
2744 3129 2972 3194 findere,
3003 3128 3091 3181 ubi
3125 3127 3272 3180 viros
3305 3124 3424 3179 illos
3455 3137 3554 3185 per

1968 3225 2274 3281 Romanum
2343 3240 2529 3293 agrum
2593 3223 2826 3277 transire
2893 3220 3141 3284 audivit,
3213 3220 3265 3273 id
3327 3216 3548 3287 quidem

1971 3318 2206 3373 maxime
2240 3315 2538 3385 prohibuit.
2572 3314 2676 3367 Sed
2714 3313 2868 3382 171
2899 3324 2965 3365 ex
2992 3307 3382 3364 illustrioribus
3412 3321 3553 3360 non-

1971 3409 2121 3473 nulli,
2159 3408 2251 3478 ιιιιί
2286 3406 2712 3461 benevolentiam
2760 3403 2991 3472 principi
3043 3417 3197 3456 suam
3242 3400 3552 3471 spOponde-

1971 3510 2093 3556 rant
2120 3499 2372 3569 (Manueli
2427 3499 2627 3568 quippe
2678 3496 2996 3563 imperatori
3046 3495 3287 3549 solemne
3335 3505 3552 3560 semper

1971 3592 2071 3646 fuit
2108 3592 2371 3661 plurimos
2402 3606 2467 3643 ex
2500 3588 2566 3643 iis
2592 3588 2682 3659 qui
2718 3588 2790 3642 ibi
2830 3588 3030 3655 degunt
3059 3585 3164 3641 sibi
3212 3580 3548 3651 conciliare),

1971 3686 2241 3741 concitata
2267 3686 2530 3738 adversus
2554 3681 2866 3751 pontificem
2900 3676 3263 3740 multitudine,
3292 3675 3550 3729 vexillum
3589 3698 3593 3702 ι

1968 3778 2374 3848 imperatorium
2411 3790 2627 3831 summo
2659 3790 2780 3829 cum
2820 3775 3025 3827 honore
3070 3786 3172 3826 nec
3218 3786 3325 3824 non
3366 3778 3421 3823 et
3457 3784 3550 3822 ve-

1968 3871 2247 3925 neratione
2292 3884 2605 3938 suscepere,
2651 3879 2707 3922 et
2750 3864 3197 3932 Contostephano
3245 3875 3344 3930 pro
3395 3859 3550 3913 libitu

1964 3977 2103 4032 quos
2142 3963 2301 4017 vellet
2348 3960 2686 4016 conducendi
2735 3960 2937 4012 milites
2984 3962 3306 4024 potestatem
3344 3952 3546 4007 fecere.

1965 4056 2045 4109 Ob
2075 4071 2136 4110 ea
2173 4056 2481 4125 indignatus
2513 4067 2757 4109 stnnmus
2787 4049 3050 4121 pontifex,
3083 4049 3229 4117 quod
3262 4059 3426 4102 unum
3456 4062 3552 4118 po-

1596 4213 1694 4272 Du
1736 4210 1961 4290 Cangii
2000 4218 2188 4272 notze.

355 4348 435 4419 (3)
466 4345 553 4420 [P.
577 4347 705 4421 458]
740 4348 1048 4415 Ἀνδρέαν.
1073 4349 1341 4421 Andream
1377 4350 1626 4403 comitem
1657 4347 1856 4417 Rupis-

282 4419 515 4483 canina},
576 4419 933 4487 quii'tanulem
988 4420 1255 4473 concessit
1308 4419 1856 4485 Constantinopolim,

282 4490 871 4561 possessionibussnis
892 4501 1103 4544 exutus.
1135 4488 1195 4544 V.
1224 4490 1445 4559 Tyrium
1467 4500 1521 4543 et
1553 4492 1858 4561 Chronicon

1963 4348 2114 4403 litate
2136 4349 2410 4412 culparum
2431 4348 2668 4417 praecipit
2693 4347 3063 4413 observandas,
3087 4355 3142 4398 ut
3168 4354 3296 4415 puta
3318 4348 3549 4418 jejunio,

1964 4420 2165 4489 ﬂetum.
2208 4420 2584 4472 abstinentiam
2632 4420 2888 4489 ciborum,
2938 4419 3326 4488 genuﬂexiones
3368 4433 3416 4470 et
3468 4420 3550 4474 his

1923 4487 2188 4542 'aimilia.
2236 4489 2315 4541 Ad
2383 4489 2504 4542 Act.
2557 4490 2625 4545 10
2668 4507 2683 4542 :
2750 4487 3080 4554 Epitimium,
3142 4489 3551 4554 increpatione»:

283 4558 496 4650 Eccean
529 4560 810 4650 ati.l'lpln6l.
847 4558 936 4650 [λθ.
967 4561 1179 4650 Αψίιτρξι
1215 4558 1381 4650 agput
1429 4571 1685 4650 p‘rzert‘erea
1718 4560 1863 4650 “Fall-
1899 4596 1943 4650 ο
1970 4560 2046 4613 vel
2074 4561 2347 4650 inductam
2377 4575 2596 4650 ρωποιηῶ
2612 4576 2706 4639 pro
2736 4560 2925 4650 c‘ulpis,
2961 4558 3295 4650 quineor'npip
3332 4560 3552 4650 lirlpian—

285 4632 519 4701 candus,
551 4647 601 4701 p.
634 4630 739 4685 650
769 4640 821 4685 et
851 4631 994 4685 Otho
1020 4629 1255 4701 Frising.
1290 4630 1328 4684 I.
1361 4645 1399 4683 ιι
1432 4629 1506 4683 De
1531 4631 1681 4685 Gest.
1718 4630 1864 4685 Frid.

285 4718 340 4755 ι’.
366 4700 437 4755 25
466 4711 519 4753 et
541 4699 631 4754 9.9.

359 4773 437 4840 (Δ)
484 4770 546 4823 '0
597 4769 831 4840 Ῥώμης
869 4771 1205 4840 ἀρχιερεύς.
1268 4772 1343 4824 De
1387 4771 1521 4826 inita
1569 4771 1868 4826 Adi-ianum

286 4842 430 4894 inter
463 4852 516 4913 et
540 4840 872 4897 Willclmum
930 4858 1063 4913 pace
1111 4841 1230 4896 fuse
1287 4840 1555 4897 Baronius
1602 4859 1665 4896 ex
1714 4843 1869 4898 Aetis

283 4910 535 4967 Adriani.
794 4958 797 4959 ,

358 4981 435 5051 (5)
485 4981 791 5053 Ἐπιτιμίῳ
815 4984 923 5036 τὸν
942 4981 1137 5046 δῆμον
1185 4984 1655 5039 καθυποϐάλλει.
1693 4981 1869 5038 ϐαθεῖς

283 5063 374 5122 gat
406 5052 683 5121 populant.
712 5058 782 5106 ita
816 5055 976 5106 vertit
1003 5052 1248 5108 Tullius:
1281 5056 1381 5107 sed
1410 5054 1554 5108 aliud
1582 5067 1664 5108 est
1691 5056 1871 5107 ἐπιτι-

287 5122 400 5190 μίῳ
458 5122 807 5178 ὑποδάλλειν.
865 5122 960 5178 Est
997 5125 1143 5179 enim
1203 5124 1482 5191 ἐπιτίμιον
1531 5126 1585 5178 in
1623 5125 1868 5179 conciliis

287 5191 517 5265 passim,
594 5210 690 5248 seu
749 5196 1024 5265 ἐπιτιμία,
1085 5195 1161 5248 ιιιὶ
1209 5210 1309 5248 vox
1361 5196 1475 5248 haec
1528 5195 1753 5250 effertur
1813 5197 1866 5248 in

286 5262 519 5317 t'OIlt‘iilO
555 5262 1035 5319 Antiocheno-tton
1067 5265 1252 5329 semel,
1287 5279 1446 5333 pmna
1471 5266 1864 5329 ecclesiastica,

285 5347 410 5403 qua:
450 5336 780 5405 delinqueuti
809 5336 877 5388 ah
902 5338 1155 5403 episcopo
1187 5345 1279 5389 aut
1309 5335 1594 5389 sacerdote
1625 5335 1862 5405 impou_i-

290 5402 418 5475 thr:
475 5402 818 5460 Paenitentias
871 5402 1133 5474 ejuSmodi
1195 5420 1384 5475 pinnas
1440 5402 1731 5475 vocamus:
1776 5402 1867 5457 Fit

286 5474 473 5535 etiam,
503 5476 679 5544 inquit
701 5473 983 5539 Alcuinns,
1012 5475 1105 5529 lib.
1134 5473 1207 5528 De
1236 5475 1430 5528 divinis
1462 5473 1627 5539 olllc.,
1655 5484 1868 5542 propter

287 5554 507 5611 peccata
559 5548 911 5612 enrendauda,
939 5545 1323 5599 ecclesiasticus
1373 5546 1548 5613 rigor,
1581 5545 1865 5610 correptio,

288 5615 785 5674 excommunicatio.
815 5618 880 5671 de
915 5616 1133 5670 ecclesia
1161 5616 1412 5677 exctusio,
1446 5614 1581 5680 leges
1616 5615 1867 5683 paeniten-

290 5685 401 5746 tiae,
431 5687 925 5741 anathematizatio.
960 5688 1276 5739 Anastasius
1305 5685 1755 5738 Bibliothecarius
1797 5685 1864 5738 ad

287 5753 411 5827 Act.
453 5757 470 5806 I
504 5764 709 5827 ortavm
730 5758 959 5827 synodi:
996 5756 1253 5825 It'pitimia
1280 5756 1433 5809 multi
1459 5756 1666 5827 quidem
1699 5757 1866 5827 incre-

287 5825 533 5892 patione:
571 5825 1006 5895 interpretantur,
1050 5828 1139 5879 sed
1181 5826 1310 5890 ista,
1340 5836 1388 5879 et
1424 5826 1605 5878 multis
1635 5828 1689 5878 in
1733 5825 1864 5877 locis

284 5909 380 5957 pro
409 5896 579 5965 paeni:
608 5908 829 5965 ponunt,
869 5913 999 5967 quas
1033 5895 1270 5952 Ecclesia
1301 5895 1579 5966 unicuique
1612 5911 1706 5967 pro
1730 5910 1864 5964 qua-

1974 4640 2060 4682 tur
2092 4629 2270 4683 verbis
2305 4630 2539 4683 actionis
2564 4630 2598 4679 ’ἰ
2621 4629 2861 4696 ejusdem
2890 4628 3128 4683 concilii:
3151 4628 3235 4680 Τὰ
3261 4629 3554 4698 ὁρισθέντα

1972 4698 2226 4767 ἐπιτίμια
2280 4699 2413 4751 πᾶσι
2469 4702 2582 4761 τοῖς
2645 4698 3129 4768 περιπεπτωκόσιν
3194 4698 3551 4768 ἀναγνωσθή-

1970 4784 2173 4824 τωσαν.
2233 4769 2344 4822 Καὶ
2404 4769 2586 4821 λαϐὼν
2662 4770 2935 4836 Στέφανος
2990 4769 3242 4837 νοτάριος
3317 4769 3551 4834 ἀνέγνω.

1974 4837 2160 4911 Ἔστω
2190 4840 2251 4892 τὸ
2275 4838 2553 4911 ἐπιτίμιον
2585 4841 2698 4911 τῶν
2739 4841 2840 4911 μὲν
2862 4838 3346 4911 ᾲκρεωφαγούντων
3372 4837 3553 4911 direxi)

1970 4910 2225 4981 κρέατος,
2250 4909 2424 4981 ᾲτυρού
2450 4911 2547 4963 καὶ
2569 4908 2831 4981 ώοῦστῶν
2855 4908 2921 4962 se
2942 4908 3017 4981 μὴ
3056 4908 3550 4981 κρεωφαγούντων,

1968 4979 2135 5051 τυροῦ
2182 4979 2277 5033 za‘t
2322 4977 2431 5051 ώοῦ
2490 4983 2584 5033 καὶ
2639 4980 2857 5051 ίχθύος,
2897 4977 3015 5035 etc.
3060 4979 3348 5051 Diﬂ'erehat
3391 4977 3549 5051 igitur

1969 5047 2247 5119 ἐπιτίμιον
2319 5050 2387 5103 ab
2446 5047 3054 5113 excommunicatioue,
3106 5052 3207 5104 etsi
3280 5047 3551 5119 interdum

1968 5116 2270 5190 generatim
2313 5136 2412 5189 pro
2440 5122 2630 5189 quavis
2662 5136 2820 5191 paena
2852 5119 3222 5191 ecclesiastica
3257 5116 3427 5191 etiam
3456 5131 3550 5183 pro

1970 5187 2083 5256 ipsa
2134 5187 2701 5256 excointitttuicatiOne
2738 5201 3003 5245 sumatur.
3056 5188 3214 5242 Joan.
3256 5187 3548 5247 Diaconus.

1972 5252 2011 5314 Ι.
2035 5274 2069 5312 ιι
2104 5258 2241 5314 Vita:
2266 5252 2437 5314 sinueti
2463 5260 2738 5327 Gregorii,
2773 5276 2823 5313 c.
2854 5259 2964 5314 45:
3002 5257 3269 5327 Tristatns
3293 5265 3392 5317 est,
3425 5258 3549 5324 quia

1968 5339 2249 5394 antequam
2301 5332 2467 5382 exiret
2510 5326 2591 5383 de
2630 5331 2728 5383 hac
2775 5331 2907 5392 vita,
2959 5346 3062 5382 nou
3121 5326 3274 5380 solvit
3323 5342 3443 5378 eum
3487 5331 3548 5378 ab

1967 5400 2527 5454 excommunicationis
2547 5402 2800 5470 epitimio.
2832 5401 2995 5455 Certe
3025 5400 3124 5470 hoc
3155 5396 3406 5470 ginnatni
3432 5395 3548 5470 loco

1969 5464 2585 5524 excommunicationeui
2608 5471 2755 5524 innni
2788 5476 2943 5539 puto,
2963 5477 3020 5521 ut
3043 5468 3147 5539 hoc
3170 5464 3547 5536 Pachymeris,

1969 5540 2008 5593 l.
2051 5555 2131 5603 ut,
2154 5554 2206 5594 c.
2231 5539 2324 5600 25,
2350 5541 2439 5592 ubi
2460 5541 2525 5593 de
2545 5536 2845 5604 patriarcha
2859 5536 3381 5602 .Constanlinpolit.
3400 5549 3426 5586 a
3445 5551 3547 5602 quo

1968 5611 2140 5665 sacris
2179 5611 2499 5663 interdictus
2528 5610 2701 5663 fuerat
2734 5607 2963 5661 Michael
3007 5604 3546 5673 PailaaolOgusimpe-

1968 5690 2076 5751 rat.
2102 5698 2116 5733 :
2152 5681 2257 5751 Καὶ
2299 5680 2469 5751 ἐγγὺς
2511 5675 2643 5751 ἦλθε
2672 5682 2765 5751 τοῦ
2787 5676 3238 5751 κινδυνεύεινᾴεξς
3266 5675 3366 5751 τὴν
3411 5674 3547 5751 ίδίαν

1966 5749 2270 5819 ἐπιτιμίαν,
2302 5745 2387 5813 ὡς
2407 5745 2545 5812 τοῖς
2575 5750 2867 5819 πραχθεῖσι
2907 5745 3289 5819 μεσολαδήσας
3316 5747 3546 5819 ἐκεῖνος,

1966 5833 2020 5873 et
2060 5820 2096 5875 Ι.
2122 5815 2201 5880 ix,
2221 5835 2271 5874 c.
2296 5820 2332 5873 2
2355 5838 2369 5874 :
2396 5820 2498 5873 οὐκ
2515 5815 2664 5884 ἄξιον
2679 5815 2948 5889 λεγόντων
2961 5816 3136 5881 οὕτως
3159 5819 3255 5889 ἐπὶ
3275 5815 3547 5889 τοσούτων

1966 5892 2046 5964 τῷ
2089 5889 2352 5962 ἐπιτιμίῳ
2421 5886 2790 5963 συνίσχεσθαι.
2860 5889 2938 5945 lta
2995 5889 3138 5960 apud
3191 5886 3545 5945 Theodorum
