4058 6404
257 307 360 376 ὗῖἓ

1459 305 2010 369 IIISTORIARUM
2052 307 2198 370 LIB.
2244 309 2341 370 IV.

3431 315 3537 383 514

258 444 359 500 ραν
395 420 578 488 αὖθις.
634 423 814 478 Πολλά
852 423 957 496 γᾶρ
989 424 1098 478 τῶν
1151 423 1429 498 ἀθελήτων
1461 427 1601 490 τέως
1639 426 1848 497 βασιλεῖ

1961 426 2275 496 imperator,
2305 427 2504 505 Siculis
2549 441 2893 487 sacramento
2927 433 3250 504 interposito
3290 436 3544 505 polliciti,

257 518 576 588 φθάσαντες
627 518 730 590 ἤδη
767 518 1122 588 ὀμωμοκέναι
1165 517 1411 583 Σικελοῖς
1451 520 1728 588 μεγίστων
1760 520 1855 572 καὶ

257 609 446 663 καλῶν
488 608 670 680 ἔργων
737 607 1046 678 Ῥωμαίους
1100 609 1424 679 ἐστέρησαν.
1477 612 1585 664 Καὶ
1637 611 1691 663 τί
1745 611 1854 681 γὰρ

256 701 360 754 ούκ
391 699 459 754 ἂν
489 718 574 763 τις
601 699 940 770 ὁμολογῆσαι
985 696 1156 771 εῖχεν,
1185 701 1349 756 ὁπότε
1397 702 1554 756 κλοιά.
1603 719 1664 756 τε
1693 703 1856 756 αὐτὸν

257 786 409 861 εἶχον
433 794 529 843 καὶ
557 790 878 861 κευθμῶνες
911 791 1214 862 ἐφρούρουν
1244 794 1564 861 κατάγειοι;
1607 793 1854 848 Ἐποίουν

257 884 316 937 δὲ
347 883 526 936 ταῦτα
553 884 790 949 Σικελοὶ,
825 883 900 948 ὼς
934 883 999 938 ἂν
1033 885 1082 937 oi
1112 885 1238 956 τῇδε
1271 886 1548 958 ἄνθρωποι
1578 887 1852 958 Γιλιέλμῳ

260 973 590 1026 σπείσεσθαι
625 974 720 1026 τὸν
764 973 991 1045 βασιλέα
1031 976 1529 1047 προσδοκήσαντες,
1553 978 1851 1045 φθάνωσιν,

257 1065 334 1127 ὡς
353 1068 414 1117 τὸ
451 1065 624 1132 εἰκὸς,
691 1067 980 1138 Ῥωμαίων
1013 1070 1106 1122 καὶ
1148 1069 1254 1140 πρὸ
1285 1071 1481 1140 καιροῦ
1509 1071 1853 1141 ἀφιστῶντες

258 1161 359 1222 τὰς
398 1160 608 1224 πόλεις.
653 1161 835 1232 Ὅπερ
882 1165 910 1216 ό
969 1162 1224 1232 βασιλεὺς
1253 1165 1514 1229 ἀκούσας,
1563 1167 1763 1236 συνῆκε
1792 1183 1851 1219 τε

258 1252 368 1304 τῶν
392 1252 786 1323 πραττομένων
807 1254 900 1307 καὶ
925 1254 1234 1325 γράμματα
1252 1256 1345 1308 ἐπὶ
1369 1255 1621 1309 Σικελίαν
1643 1257 1853 1328 ἐκπέμ-

257 1343 369 1413 ψας
393 1347 510 1408 τοῖς
559 1346 659 1416 μὲν
713 1347 773 1398 ὲν
819 1346 1012 1418 εἱρκτῇ
1084 1347 1378 1418 Ῥωμαίων
1430 1347 1558 1402 τάδε
1620 1349 1847 1421 ἔγραψε.

265 1455 284 1488 t
320 1436 644 1507 Θαυμάζειν
697 1437 884 1492 ἔπεισί
936 1457 1052 1509 μοι,
1095 1440 1244 1505 ὅπως
1280 1442 1368 1495 ἀεὶ
1412 1444 1704 1515 μικρονοίᾳ
1743 1445 1852 1497 τινί

258 1530 393 1600 περὶ
424 1533 494 1584 τὰ
522 1530 829 1602 πράγματα
857 1531 1167 1605 κεχρῆσθαι
1196 1534 1364 1603 ὑμᾶς,
1397 1528 1442 1588 ὦ
1473 1536 1686 1608 ἄνδρες,
1713 1535 1850 1608 ξυμ-

256 1619 457 1676 ϐαίνει.
499 1621 700 1695 Πρὼην
759 1641 820 1678 τε
852 1626 964 1697 γὰρ
995 1625 1154 1680 αὐτοὶ
1188 1627 1288 1691 τὰς
1317 1627 1613 1692 καλλίστας
1635 1628 1851 1692 ὲκείνας

255 1713 401 1767 οὕτω
437 1714 787 1785 διεφθείρατε
831 1717 1014 1784 νίκας,
1073 1717 1248 1790 τύχην
1303 1737 1362 1773 τε
1389 1720 1520 1791 ύμῖν
1549 1722 1736 1784 αὐτοῖς
1764 1722 1850 1790 ἐφ’

1956 504 2354 586 pulcherrimos
2391 518 2741 575 victoriarum
2780 523 2986 581 fructus
3017 504 3546 584 Ruinattisabstulc?

1959 619 2100 661 runt.
2134 607 2346 674 Quibus
2371 611 2514 664 enim
2551 612 2720 682 pactis
2760 629 2822 667 ac
2847 615 3246 672 conditionibus
3274 634 3378 672 non
3409 619 3543 674 sub-

1955 700 2158 754 scribct
2199 699 2313 766 ille,
2358 701 2450 772 qui
2494 703 2844 772 compedibus
2878 704 3108 768 vinctus,
3144 709 3424 778 antrisqne
3459 711 3542 764 inv

1956 788 2135 844 clusus
2185 789 2557 847 subterraneis
2601 793 2911 848 detinetur?
2959 795 3086 851 llaec
3135 806 3315 852 autem
3363 797 3545 854 fecere

1957 880 2150 948 Siculi,
2201 883 2382 954 utqui
2433 884 2521 938 liic
2561 893 2671 938 tum
2709 880 3114 952 detinebantur,
3158 888 3362 942 interea
3413 891 3542 943 dum

1956 975 2327 1044 pacisceretur
2371 989 2493 1030 cum
2530 975 2799 1032 Gulielmo
2844 979 3160 1046 imperator,
3198 981 3268 1035 ab
3312 995 3377 1035 eo
3411 981 3543 1036 defl-

1955 1076 2166 1132 cerenl,
2207 1067 2480 1138 urbesque
2523 1079 2650 1124 ante
2697 1071 2802 1125 hoc
2843 1081 3052 1142 tempus
3095 1073 3200 1126 sibi
3245 1076 3540 1130 traderent.

1953 1160 2107 1225 Quod
2154 1169 2212 1214 ut
2256 1161 2464 1229 accepit
2498 1161 2825 1230 imperator,
2861 1177 3088 1232 qua‘que
3132 1165 3426 1234 agebantur
3457 1182 3543 1220 re-

1953 1254 2134 1314 scivit,
2171 1253 2353 1307 missis
2385 1253 2438 1308 in
2473 1252 2712 1308 Siciliam
2753 1253 2968 1319 litteris,
3007 1253 3267 1311 Romanis
3312 1259 3544 1326 captivis

1956 1344 2006 1396 in
2069 1345 2212 1398 hunc
2264 1346 2480 1399 modum
2534 1346 2819 1416 rescripsit
2872 1364 2886 1400 :
2930 1363 2950 1399 ι
3008 1347 3192 1403 Mirari
3233 1350 3381 1405 subit
3434 1367 3542 1421 qua

1956 1434 2165 1488 ratione
2205 1435 2402 1489 factum
2436 1437 2508 1491 sit
2543 1447 2599 1491 ut
2629 1437 2679 1492 in
2721 1439 2882 1493 rebus
2923 1441 3175 1509 gerendis
3218 1442 3372 1498 vobis
3399 1458 3544 1498 sem-

1953 1541 2050 1595 per
2081 1525 2313 1581 defuerit
2345 1528 2514 1582 animi
2553 1527 2837 1587 fortitudo.
2874 1528 3172 1586 Praclaras
3199 1532 3398 1602 quippe
3427 1533 3543 1603 jam

1953 1629 2078 1672 ante
2109 1629 2290 1696 partas
2337 1621 2594 1675 victorias
2626 1621 2948 1685 deﬂorastis.
2994 1634 3049 1677 et
3079 1639 3242 1694 quam
3286 1641 3427 1681 nune
3458 1627 3544 1696 ip-

1952 1725 2068 1762 sum
2101 1687 2343 1766 t’oleratis
2383 1712 2646 1768 vobismet
2699 1712 2798 1782 ipsi
2846 1716 3203 1784 comparastis
3249 1716 3544 1774 fortunam.

255 1801 324 1877 ἧς
372 1807 469 1859 νῦν
524 1809 649 1862 ἐστε
701 1789 1275 1880 προύξενήσατε,νκαὶ
1329 1789 1439 1867 νῦν-
1465 1812 1542 1878 δὲ,
1571 1813 1749 1867 ἄλλων
1779 1789 1848 1868 τὰ

1953 1799 2107 1855 Nunc
2139 1816 2315 1856 autem
2349 1818 2412 1856 ea
2458 1818 2576 1872 qua:
2620 1819 2648 1856 a
2703 1805 2852 1858 vobis
2899 1806 3009 1874 jam
3057 1823 3338 1876 perperam
3389 1819 3542 1879 gesta

255 1899 391 1967 ὑμῖν
422 1898 610 1962 κακῶς
651 1899 753 1971 ήδη
785 1901 1100 1972 πραχθέντα
1144 1904 1243 1958 σὺν
1279 1902 1398 1975 Θεῷ
1443 1904 1850 1976 ἀναμαχεῖσθαι

256 1985 769 2058 προθυμουμένων,
799 1990 1055 2060 ἐμποδὼν
1095 1991 1342 2046 ῐστασοε.
1398 1994 1466 2046 ’Ἡ
1515 1994 1616 2047 οὐκ
1671 1997 1850 2048 ἐκεῖνο

253 2079 353 2132 ἐπὶ
394 2079 522 2131 νοῦν
562 2080 696 2150 ὑμῖν
752 2076 944 2152 ἦλθεν,
983 2083 1055 2147 ὼς
1105 2083 1206 2155 τὴν
1235 2084 1328 2137 ἐπὶ
1357 2083 1428 2137 τὰ
1456 2084 1644 2156 πρόσω
1689 2087 1850 2156 ἡμῶν

253 2173 685 2237 άναστελοῦντες
738 2175 917 2246 ὁρμὴν
951 2175 1125 2230 ταῦτα
1157 2178 1548 2248 ὲπινενοήκασι
1587 2178 1845 2245 Σικελοί;

254 2262 353 2325 Τίς
384 2263 494 2333 γάρ
522 2265 732 2326 ἐκεῖνος
760 2264 915 2316 ἔσται
942 2263 1186 2330 Ἰταλῖν,
1213 2265 1272 2329 ὃς
1304 2265 1403 2336 τὴν
1450 2265 1635 2335 χώραν
1663 2261 1846 2332 αὖθις,

255 2352 322 2420 ἦν
355 2351 457 2421 ἥδη
488 2353 650 2420 ἡμεῖς
679 2350 917 2422 ἔχοντες,
955 2351 1230 2425 Γιλιέλμῳ
1253 2353 1344 2424 ὑφ’
1373 2355 1530 2423 ἡμῶν
1561 2353 1846 2426 ἐνδοθησο-

257 2443 435 2512 μένην
467 2443 708 2508 ἀκούων,
762 2443 863 2497 οὐκ
913 2444 1114 2498 αὐτίκα
1168 2446 1272 2515 μὲν
1337 2449 1470 2517 ἡμῖν
1527 2448 1842 2519 ἀπιστήσει,

255 2537 314 2598 ὲς
351 2535 409 2589 δὲ
449 2536 734 2605 Γιλίελμον
756 2536 981 2607 ὀκνήσει
1017 2537 1245 2609 οὐδεμιᾷ
1298 2538 1699 2611 μεταθήσεται;
1731 2540 1846 2594 Οὐκ

255 2628 413 2682 ἔσται
439 2627 660 2691 πάντως
691 2628 892 2694 οὐδεὶς,
919 2631 970 2681 εἰ
990 2630 1067 2700 μή
1089 2645 1172 2693 τις
1206 2628 1344 2698 βλάξ
1375 2631 1463 2698 εῐη
1495 2632 1589 2684 καὶ
1614 2630 1846 2702 ἀνόητος

256 2721 576 2791 ἄνθρωπος,
615 2721 792 2774 ὁποῖοι
811 2722 998 2775 πολλοὶ
1030 2722 1392 2793 τυγχάνουσιν
1427 2722 1599 2786 ὄντες.
1636 2724 1844 2778 Πυνθά-

256 2831 423 2884 νομαι
465 2813 644 2884 ὑμῶν,
679 2813 872 2868 είπατε
907 2815 1044 2886 πρὸς
1075 2815 1234 2881 Θεοῦ,
1275 2815 1496 2871 κάλλιον
1525 2817 1656 2870 πότε
1685 2817 1846 2887 ,ὑμᾶς

256 2902 324 2954 ἂν
363 2898 473 2954 εἶδε
513 2903 583 2955 τὰ
637 2901 881 2971 πάτρης
951 2903 1152 2956 Ὁπότε
1196 2904 1432 2968 Ἰταλίας
1470 2905 1572 2976 ἤδη
1625 2905 1845 2976 ἀπάσης

257 2997 353 3048 καὶ
384 2997 549 3065 νήσου
577 2995 687 3048 τῶν
717 2997 958 3048 Σικελων
983 2997 1074 3064 ὑφ’
1097 2997 1248 3066 ἡμᾶς
1271 2999 1677 3066 γεγενημένων,
1703 2997 1845 3066 λαμ-

256 3090 390 3157 προὶ
425 3086 701 3158 λαμπρῶς
729 3087 960 3142 αὐτόθεν
984 3088 1090 3142 ὑπὸ
1125 3087 1237 3142 τῶν
1270 3089 1562 3158 ὁμοφύλων
1598 3090 1842 3160 ἀναρῤυο

260 3178 478 3243 σθέντες
509 3179 742 3251 ἀθληταὶ
782 3179 1077 3251 Ῥωμαίων
1118 3181 1361 3250 εὐγενεῖς
1395 3181 1490 3233 ἐπὶ
1545 3181 1840 3244 Βυζάντιον

256 3269 448 3338 ἥκετε,
495 3271 594 3342 ἡδὺ
627 3271 808 3342 θέαμα
845 3273 961 3333 τοῖς
990 3271 1276 3341 ὁμοτίμοις
1310 3272 1440 3341 ὑμῖν
1485 3271 1846 3342 προσορώμε·

256 3379 361 3429 νοι,
389 3363 422 3435 ἧ
449 3365 612 3418 ὁπότε
636 3365 790 3420 οὐδὲν
818 3365 946 3419 οὔτε
973 3365 1158 3429 δόντες
1191 3363 1315 3418 οὔτε
1340 3365 1618 3432 λαόόντες,
1652 3364 1844 3436 ὥσπερ

261 3455 394 3524 ὑμῖν
426 3457 494 3510 τά
524 3457 687 3529 ὅρκια
725 3456 1027 3527 βούλονται,
1057 3458 1294 3513 ἐνταῦθα
1345 3457 1489 3528 ὑμᾶς
1513 3457 1846 3511 ἀνακαλεσά-

262 3548 438 3618 μεθα;
483 3567 500 3600 ι
545 3549 840 3618 Ῥωμαίοις
873 3550 972 3620 μὲν
1006 3549 1185 3605 ταῦτα
1213 3549 1445 3621 ἔγραψε,
1491 3549 1761 3620 Γιλιέλμῳ
1787 3548 1845 3602 δὲ

256 3636 580 3689 ἐπέστειλεν
618 3629 754 3690 ὧδε·
789 3655 808 3689 t
849 3637 941 3708 Μὴ
975 3637 1090 3690 οἵου
1116 3637 1305 3707 λήσειν
1333 3638 1500 3709 ἡμᾶς,
1537 3633 1584 3690 ὢ
1607 3641 1842 3706 γενναῖε,

256 3729 386 3780 ὅτου
408 3727 474 3799 δὴ
500 3729 665 3782 ἕνεκα
692 3727 868 3784 ταῦτα
890 3731 1281 3801 μεμηχάνηται
1301 3731 1432 3801 παρ’
1455 3730 1632 3801 ὑμῶν,
1657 3728 1846 3802 ὥσπερ

257 3821 384 3872 οὐδὲ
437 3821 520 3873 ὃτι
576 3823 686 3885 τοῖς
735 3821 830 3892 βίᾳ
869 3823 1123 3890 γεγονόσι
1179 3820 1521 3892 συγγνώμων
1561 3823 1595 3892 ἡ
1631 3822 1845 3893 ἀνάγκη

261 3915 497 3980 γίνεται.
563 3913 775 3967 Οὐκοῦν
837 3914 959 3967 οὐδὲ
1011 3915 1225 3982 στέρξει
1268 3931 1350 3967 σοι
1383 3913 1618 3978 πάντως,
1645 3913 1682 3967 ἃ
1711 3913 1849 3984 πρὸς

258 4005 562 4076 δεσμωτῶν
591 4007 878 4078 ὀμώμοται
906 4009 1002 4062 καὶ⁸
1025 4008 1358 4080 ἐμφρούρων
1380 4008 1584 4062 τούτων
1615 4008 1845 4079 ἀνδρῶν.

275 4098 542 4167 Ῥωμαῖοι
591 4101 701 4172 γάρ
754 4103 815 4154 ού
878 4103 1150 4174 πρότερον
1222 4103 1424 4172 Ἰταλίᾳ
1481 4101 1850 4171 πολεμοῦντες

260 4194 578 4260 ἀφέξονται,
623 4197 753 4265 πρὶν
781 4194 848 4249 ἂν
900 4196 1073 4266 αὑτήν
1113 4212 1171 4248 τε
1204 4196 1298 4248 καὶ
1329 4195 1427 4264 τὴν
1463 4195 1634 4264 νῆσον
1673 4195 1850 4246 πᾶσαν

263 4284 369 4334 ὑπὸ
395 4283 630 4356 παλάμῃ
657 4287 724 4357 τῇ
744 4287 905 4357 ἡμῶν
929 4286 1121 4357 ὥσπερ
1145 4289 1528 4358 καὶπρότερον
1562 4286 1662 4356 ἤδη
1695 4285 1853 4356 ποιή-

267 4389 537 4440 σωνται.»
595 4372 783 4428 Ταῦτα
840 4375 893 4428 oi
937 4377 1068 4444 περὶ
1112 4375 1396 4444 Γιλίελμον
1448 4375 1736 4444 δεξάμενοι
1783 4373 1853 4426 τά

1952 1903 2079 1949 Sunt
2130 1896 2462 1963 instaurare,
2524 1897 2682 1967 173
2736 1897 2845 1952 Deo
2899 1899 3115 1954 volente
3167 1902 3544 1970 satagentibns

1951 1988 2237 2042 obsistitis.
2270 1986 2462 2042 Nonne
2491 1990 2773 2044 advertitis
2797 1990 2912 2044 haec
2935 1992 3274 2062 excogitasse
3303 1991 3540 2059 Siculos,

1959 2087 2016 2129 ut
2048 2084 2263 2130 nostros
2299 2077 2352 2130 in
2398 2076 2638 2132 futurum
2675 2093 2961 2134 successus
2994 2081 3374 2135 retardarent?
3409 2081 3545 2148 Quis

1950 2167 2094 2221 enim
2153 2165 2406 2221 Italorum
2459 2169 2585 2233 erit,
2633 2170 2726 2239 qui
2773 2169 2862 2224 ubi
2917 2171 3191 2239 regionem
3236 2187 3398 2241 quam
3428 2172 3540 2239 jam

1959 2259 2326 2328 possidemus,
2382 2257 2649 2316 Gulielmo
2690 2276 2718 2315 a
2766 2261 2927 2317 nobis
2959 2278 3172 2318 rursum
3220 2265 3539 2319 tradendam

1948 2364 2072 2404 esse
2117 2351 2442 2419 perceperit,
2495 2367 2604 2406 non
2649 2353 2913 2408 continuo
2958 2369 2988 2406 a
3038 2354 3195 2409 nobis
3240 2355 3456 2410 deﬁciat
3485 2365 3542 2410 et

1949 2437 2408 2510 Gulieltnilpartes
2434 2441 2579 2496 nulla
2607 2457 2755 2496 mora
2785 2443 3104 2512 interposita
3129 2445 3493 2513 amplectatur
3517 2447 3542 2500 ?

1949 2531 2070 2586 Erit
2104 2533 2291 2602 utique
2325 2547 2506 2598 nemo,
2538 2533 2641 2588 nisi
2666 2535 2893 2588 stolidus
2922 2536 3014 2589 ille
3045 2539 3118 2589 sit
3161 2545 3217 2588 et
3255 2536 3413 2604 plane
3443 2537 3541 2590 de-

1947 2639 2128 2692 mens,
2156 2625 2458 2696 cujusmodi
2491 2641 2614 2682 esse
2645 2627 2798 2680 multi
2826 2629 3020 2681 solent.
3047 2624 3199 2696 Rogo
3236 2642 3355 2691 vos,
3379 2626 3544 2682 dicite

1945 2733 2044 2788 per
2093 2716 2288 2782 Deum,
2345 2717 2565 2788 quando
2617 2720 2833 2772 tandem
2888 2733 2982 2773 vos
3021 2718 3312 2786 iucundius
3366 2722 3540 2790 patria

1945 2810 2268 2881 censpiciet,
2296 2818 2477 2864 utrum
2505 2825 2628 2865 cum
2652 2809 2902 2864 universa
2935 2810 3048 2878 jam
3082 2810 3232 2865 Italia
3267 2817 3322 2865 et
3354 2810 3541 2867 Sicilia

1948 2904 2001 2958 in
2038 2913 2282 2958 nostram
2335 2903 2574 2958 redactis
2613 2910 2965 2971 potestatem,
3000 2903 3243 2969 praeclari
3277 2905 3542 2973 praeclare

1948 2996 2072 3049 inde
2101 3011 2128 3048 a
2151 2995 2528 3050 conterraneis
2551 2993 2764 3048 liberati
2794 2994 3032 3049 illustres
3054 2993 3282 3048 Romani
3303 2996 3545 3052 nominis

1948 3086 2209 3151 vindices,
2238 3087 2608 3156 gratissimum
2636 3085 2936 3156 tequalibus
2957 3088 3150 3142 vestris
3173 3089 3540 3154 spectaculum

1945 3178 2262 3244 exbibituri,
2304 3177 2626 3249 Byzantium
2671 3178 2970 3232 veneritis?
3017 3182 3097 3232 An
3146 3195 3274 3234 vero
3320 3182 3364 3234 si
3406 3181 3542 3235 nihil

1945 3281 2040 3325 aut
2069 3273 2260 3326 dantes
2299 3278 2392 3324 aut
2443 3269 2798 3339 accipientes,
2841 3280 2898 3323 ut
2928 3286 2956 3324 a
2994 3271 3147 3326 vobis
3181 3272 3542 3342 jurejurando

1946 3361 2155 3416 sancita
2187 3360 2398 3426 volunt,
2432 3375 2527 3415 vos
2578 3362 3054 3416 revocaveritnus?
3101 3381 3120 3414 ι
3168 3361 3292 3418 llaac
3323 3365 3539 3432 quidem

1945 3453 2168 3524 scripsit
2211 3452 2509 3519 Romanis;
2555 3452 2824 3508 Gulicltno
2875 3462 3056 3507 autem
3103 3456 3154 3508 in
3204 3455 3320 3510 hinc
3349 3455 3536 3511 verba.

1952 3564 1970 3597 ι
1999 3544 2078 3601 Ne
2105 3546 2274 3601 latere
2302 3561 2402 3599 nos
2434 3556 2611 3614 putes,
2645 3561 2678 3599 ο
2707 3559 2969 3614 generose
3003 3547 3106 3609 vir,
3137 3560 3396 3614 quorsum
3425 3547 3542 3604 lucc

1947 3655 1976 3694 a
2007 3639 2164 3695 vobis
2195 3649 2497 3701 struantur,
2539 3647 2592 3692 et
2637 3647 2694 3691 ut
2735 3638 2802 3692 iis
2838 3653 2957 3708 qua:
2990 3653 3086 3708 per
3127 3639 3232 3693 vim
3281 3639 3419 3694 fiunt
3453 3640 3542 3695 in-

1950 3731 2174 3800 dulgere
2220 3730 2392 3784 soleat
2436 3730 2755 3787 necessitas.
2791 3729 3026 3785 Proinde
3067 3747 3408 3801 nequaquam
3443 3733 3538 3788 tibi

1951 3823 2235 3894 profutura
2258 3831 2408 3886 sunt,
2438 3839 2556 3892 qua:
2585 3837 2616 3876 a
2642 3823 2871 3892 captivis
2903 3823 3011 3876 illis
3037 3825 3168 3878 viris
3196 3833 3541 3880 sacramento

1954 3917 2168 3969 firmata
2202 3923 2350 3970 sunt.
2383 3911 2569 3984 Neque
2592 3913 2734 3968 enim
2764 3912 2832 3967 ab
2861 3914 3180 3968 incessentia
3203 3912 3353 3968 Italia
3385 3915 3540 3984 prius

1950 4007 2221 4069 desisteut
2251 4005 2506 4071 Romani,
2542 4020 2702 4073 quam
2735 4014 2787 4058 et
2811 4004 2954 4058 illam
2983 4014 3036 4060 et
3069 4005 3297 4059 insulam
3323 4009 3542 4061 univer-

1951 4113 2090 4163 sam,
2127 4107 2183 4150 ut
2227 4099 2400 4164 prius,
2451 4096 2702 4165 potestati
2741 4106 2945 4149 nostrae
2991 4093 3338 4162 subjecerint.
3384 4113 3404 4147 ι
3440 4095 3540 4150 His

1955 4189 2200 4258 acceptis
2221 4188 2434 4252 litteris,
2465 4188 2516 4240 in
2537 4189 2674 4241 hanc
2709 4186 2881 4240 ferme
2913 4185 3235 4240 sententiam
3261 4185 3539 4254 rescripsit

1951 4280 2277 4338 Gulielmus.
2323 4297 2343 4331 ι
2375 4279 2431 4334 Si
2467 4278 2560 4333 tibi
2595 4279 2647 4331 in
2690 4278 2872 4332 animo
2901 4286 3002 4342 est,
3037 4277 3268 4331 maxime
3299 4276 3537 4346 impera-

1957 4384 2063 4439 tor,
2092 4385 2283 4442 paenas
2315 4373 2555 4440 irrogare
2599 4369 2758 4424 nobis
2789 4370 2858 4424 ob
2879 4384 2942 4424 ca
2977 4383 3096 4438 quae
3134 4369 3397 4424 adversus
3426 4384 3540 4423 nia-

262 4465 578 4534 γράμματα
600 4465 920 4534 ἀμείϐονται
945 4462 1048 4520 ὧδε
1074 4482 1088 4497 ο
1120 4485 1138 4518 ι
1162 4468 1224 4520 EI
1258 4467 1357 4537 μὲν
1380 4466 1488 4518 τῶν
1517 4467 1617 4536 ἥδη
1653 4466 1843 4535 πρότεο

1953 4464 2203 4536 jestatetn
2225 4471 2372 4516 tuam
2400 4463 2632 4516 antehac
2653 4459 2813 4532 174
2834 4461 3229 4524 commisimus,
3256 4459 3366 4528 jam
3389 4470 3536 4516 certe

265 4567 361 4619 ρον
405 4555 466 4614 ἐς
520 4553 582 4605 τὸ
628 4555 831 4624 κράτος
871 4556 1284 4627 ἡμαρτημένων
1317 4556 1380 4609 τὸ
1411 4559 1502 4609 σὺν
1534 4555 1688 4620 δίκας
1715 4557 1846 4625 ἡμῖν

267 4642 574 4698 ἐπιτιθέναι
600 4644 805 4715 βούλει,
846 4650 1109 4718 κράτιστε
1140 4648 1386 4719 βασιλεῦ,
1429 4648 1572 4718 ἔχεις
1605 4648 1707 4720 ἤδη
1754 4649 1848 4702 καὶ

266 4736 411 4806 ὑπὲρ
440 4735 469 4786 ὃ
499 4738 671 4809 ἐχρῆν
708 4739 938 4792 Ἰταλίαν
963 4740 1260 4809 μετελθών.
1295 4741 1484 4804 Πόλεις
1513 4757 1571 4792 τε
1595 4743 1704 4810 γὰρ
1731 4759 1850 4810 τρι-

265 4828 508 4879 σκοτίων
549 4829 648 4881 οὐκ
677 4829 935 4892 ἐλάττους
958 4830 1052 4882 ἐπὶ
1081 4831 1255 4900 μέσης
1286 4831 1457 4900 αὐτῆς
1491 4834 1844 4900 παρεστήσω,

263 4921 503 4988 πρᾶγμα
536 4921 768 4986 παλαιὸς
801 4921 862 4986 ἐξ
891 4915 954 4976 οὗ
994 4924 1184 4992 χρόνος
1210 4923 1310 4994 τὴν
1353 4923 1644 4994 Ῥωμαίων
1672 4925 1848 4995 ἀρχὴν

265 5011 631 5076 ὲπιλελοιπὸς.
658 5012 753 5066 καὶ
784 5013 940 5076 κλέος
960 5015 1228 5084 ἀνεδήσω,
1247 5014 1275 5066 ὃ
1295 5015 1433 5084 μετὰ
1472 5014 1848 5068 Ἰουστινιανὶν

263 5105 495 5171 ἀρχαῖον
537 5104 827 5174 Ῥωμαίων
857 5106 1241 5176 αὐτοκράτορα
1289 5108 1464 5159 οὐδενὶ
1523 5107 1632 5159 τῶν
1673 5107 1849 5160 ἄλλων

267 5195 535 5265 ὑπῆρξεν,
554 5196 635 5248 ὅτι
661 5198 746 5268 [Ρ.
779 5197 900 5269 101]
917 5200 991 5268 μὴ
1011 5199 1087 5269 τῷ
1117 5200 1309 5271 κράτε.
1332 5199 1410 5269 τῷ
1429 5199 1527 5268 σῷ.
1567 5199 1849 5270 Ἀξιοῦμεν

267 5291 380 5359 γάρ
441 5290 660 5353 ἀντίθες
723 5292 980 5361 ἀγνόημα
1025 5293 1086 5345 τὸ
1127 5294 1281 5363 ἡμῶν
1315 5293 1480 5364 (λέγω
1512 5294 1576 5361 δὴ
1611 5294 1850 5363 ὁπηνίκα

270 5385 538 5455 Κόρινθόν
594 5402 654 5438 τε
709 5389 804 5438 καὶ
859 5385 1092 5440 Εύόοιαν
1131 5390 1532 5458 κατετρέχομεν
1585 5388 1684 5459 τὴν
1726 5388 1849 5458 σὴν)

268 5478 484 5541 καὶτὰς
521 5479 813 5548 Ῥωμαίων
864 5481 922 5532 ὲν
953 5480 1156 5550 Ἰταλίᾳ
1186 5481 1368 5546 νίκας,
1421 5481 1471 5534 οἳ
1499 5482 1562 5551 δὴ
1597 5480 1852 5533 τοσοῦτον

267 5571 370 5640 ήδη
410 5570 604 5640 χωνον
641 5571 835 5638 ἄγουσί
868 5589 926 5624 τε
963 5574 1057 5626 καὶ
1089 5575 1317 5644 φέρουσι
1369 5575 1437 5626 τά
1477 5573 1732 5637 ἐνταῦθα,
1765 5573 1849 5624 αί-

272 5664 461 5732 μάτων
491 5664 612 5734 τρὶς
639 5663 910 5715 τοσούτων
950 5664 1152 5733 μᾶλλον
1179 5666 1236 5716 δὲ
1270 5665 1555 5726 πλεονάκις
1578 5663 1851 5715 τοσούτων

267 5754 368 5824 τὴν
403 5755 534 5825 τῇδε
591 5753 979 5823 πληρώσαντες
1023 5757 1146 5824 γῆν,
1178 5758 1272 5809 καὶ
1310 5757 1494 5818 πόλεις
1527 5756 1587 5808 ού
1624 5753 1848 5808 διανςκυ-

1956 4555 2120 4612 etiam
2152 4569 2314 4623 supra
2347 4568 2509 4623 quam
2544 4555 2784 4623 oportuit
2819 4552 3023 4606 Italiam
3059 4553 3202 4608 ultus
3223 4567 3304 4608 es.
3331 4551 3536 4608 Civita-

1956 4657 2038 4704 tes
2063 4648 2206 4702 enim
2237 4647 2289 4700 in
2326 4645 2500 4702 media
2538 4645 2626 4699 illa
2663 4660 2768 4699 nou
2820 4645 2999 4699 minus
3049 4653 3321 4700 trecentas
3365 4658 3537 4713 εινιι-

1958 4741 2160 4812 gnasti,
2196 4741 2337 4808 qttod
2365 4738 2641 4808 prioribus
2674 4737 2882 4807 imperii
2925 4735 3043 4791 Bon
3067 4737 3157 4791 ani
3208 4737 3539 4804 temporibus

1957 4845 2230 4900 nunquam
2298 4829 2559 4882 hactenus
2624 4827 2828 4883 factum
2878 4843 2894 4882 :
2957 4827 3162 4897 tibique
3213 4827 3536 4897 comparasti

1957 4924 2208 4994 gloriam,
2237 4921 2415 4991 qualis
2443 4929 2563 4990 post
2591 4929 2823 4976 veterem
2861 4919 3008 4974 illum
3034 4917 3396 4974 Justinianum
3427 4919 3539 4973 Ito-

1959 5032 2250 5073 manorum
2301 5015 2686 5085 imperatorem
2718 5014 2847 5067 nulli
2877 5014 2994 5080 alii,
3034 5022 3390 5083 praeterquam
3425 5026 3539 5065 uia-

1950 5110 2134 5179 jestati
2186 5118 2312 5173 tuae,
2361 5109 2608 5177 contigit.
2636 5105 2836 5162 Confer
2869 5107 3053 5177 igitur,
3081 5108 3306 5161 obsecro
3334 5113 3408 5172 te,
3439 5105 3538 5158 de-

1956 5202 2144 5256 Iictum
2169 5208 2438 5262 nostrum,
2463 5214 2586 5252 cum
2608 5197 2866 5251 nimirum
2897 5197 3215 5250 Corinthum
3247 5195 3536 5249 Euboeam-

1957 5308 2062 5360 que
2089 5303 2232 5346 tuam
2262 5291 2678 5353 incursavinius,
2714 5301 2767 5344 et
2797 5299 2980 5356 partas
3012 5290 3064 5341 in
3096 5287 3242 5340 Italia
3281 5285 3536 5341 victorias

1959 5402 1987 5441 a
2024 5385 2305 5448 Romanis,
2339 5384 2430 5452 qui
2467 5383 2628 5452 longo
2658 5381 2766 5436 illic
2791 5382 2901 5448 jam
2929 5391 3169 5448 tempore
3197 5393 3535 5434 conun0ran-

1960 5491 2066 5544 tur,
2095 5477 2385 5544 omniaque
2408 5475 2534 5531 inde
2565 5474 2819 5529 auferunt
2847 5473 3191 5542 rapiuntque,
3221 5479 3277 5525 et
3311 5470 3536 5541 sangui-

1958 5587 2048 5636 ne,
2097 5571 2252 5624 tertia
2305 5567 2423 5637 plus
2465 5576 2634 5634 parte,
2675 5565 2782 5618 imo
2825 5563 3079 5630 amplius,
3129 5573 3324 5616 terram
3373 5562 3532 5616 istam

1959 5662 2248 5729 implerunt
2277 5675 2292 5724 ;
2327 5660 2414 5726 qui
2450 5658 2609 5710 nrbes
2635 5655 2864 5722 denique
2891 5669 2996 5706 non
3027 5653 3325 5722 Spoliarunt
3350 5652 3532 5716 modo,

1959 5758 2052 5812 scd
2087 5765 2140 5809 et
2167 5754 2384 5808 easdem
2423 5749 2600 5804 fecere
2633 5747 2734 5804 sibi
2768 5747 3050 5802 obnoxias.
3086 5747 3278 5803 Utrum
3322 5745 3414 5800 tibi
3455 5745 3544 5818 vix
