4058 6396
255 362 349 425 ΞΞΙ
1473 357 2018 423 HISTORIARUM
2066 360 2216 420 LIB.
2255 359 2356 422 IV.
3418 362 3534 426 522

256 481 416 547 μόνον
441 476 536 530 καὶ
572 476 843 547 στόματος
875 476 1007 551 δόξῃ
1040 479 1105 549 τῇ
1141 474 1367 531 ἐκείνων
1398 473 1491 547 [Ρ.
1529 472 1654 547 105]
1697 491 1838 543 παρ-

1944 473 2106 544 173
2140 473 2252 543 jam
2293 473 2572 528 exciderat
2616 491 2627 526 :
2673 476 2764 529 sed
2797 485 2981 542 postea
3021 491 3137 531 eam
3171 477 3370 532 iterum
3408 494 3532 546 pero

259 569 473 634 ίστατο,
511 569 652 623 ἀλλὰ
668 569 732 642 δὴ
761 571 856 624 καὶ
884 572 1047 625 καλόν
1069 588 1122 624 τι
1148 572 1339 642 χρῆμα
1368 569 1526 636 λόγου
1553 566 1838 630 συντάξας,

1945 565 2102 627 didit,
2143 579 2266 618 cum
2301 563 2446 618 haud
2478 579 2610 620 sana
2660 566 2886 630 sentire,
2919 577 2976 621 ut
3015 569 3188 633 aiunt,
3225 569 3532 638 deprehen-

253 657 366 722 οἷος
397 662 610 724 ἐκεῖνος
666 661 916 727 ἐξαισίαν
944 663 1064 718 τι..νά
1099 665 1238 734 πρὸς
1274 661 1544 716 Πλάτωνα
1581 660 1641 712 ἐν
1669 657 1848 712 διαλό-
1945 669 2041 710 sus
2072 664 2237 710 esset.

256 771 378 822 γοις
403 755 703 824 ὁμοιότητα
745 754 931 826 ἴσχων,
963 755 1135 808 πολλὰ
1176 757 1233 808 ἐν
1287 754 1462 824 τούτῳ
1495 755 1558 823 δὴ
1585 751 1664 822 τῷ
1693 750 1839 821 λόγῳ
1883 747 2257 819 συνεφόρησεν
2315 745 2513 815 ἄτοπα,
2581 747 2648 800 δι’
2685 747 2828 818 ειπερ
2869 747 3032 810 αὑτός
3057 765 3118 801 τε
3147 749 3246 822 τὴν
3275 748 3371 803 τοῦ
3403 749 3532 820 θρό-

255 867 353 902 νου
410 847 734 914 καθαίρεσιν
765 847 997 918 ὑπέστη,
1062 846 1330 917 βασιλέως
1395 849 1506 910 τοῖς
1561 839 2064 914 ἀμφιϐαλλομένοις
2107 839 2456 910 διαιτήσεως,
2497 839 2592 893 καὶ
2650 841 2765 894 ὅσοι
2818 839 2920 912 ἤδη
2967 841 3286 895 συνίσταντο
3327 845 3528 918 τούτῳ.

255 941 547 1002 Βασίλειος
589 941 648 994 δέ
679 941 779 1012 τὴν
830 941 1118 1011 ἐπιτιμίαν
1165 937 1325 1003 αὖθις
1377 939 1575 1008 ἔσχενο
1609 936 1876 1005 ἐτύγχανε
1917 933 2029 1001 γάρ
2087 932 2190 1002 ἤδη
2247 931 2455 1004 ταύτην
2502 932 2816 999 ἀποϐαλὼν,
2851 935 2901 986 εί
2942 934 3038 986 καὶ
3103 935 3282 1007 χρόνῳ
3302 937 3530 1010 ὕστερον
3623 957 3634 964 ”

259 1031 417 1095 αὖθις
466 1033 718 1086 ἀπώλεσε
766 1034 997 1103 ταύτην,
1046 1035 1148 1088 οὑκ
1181 1036 1362 1106 ὀρθὸς,
1395 1035 1470 1098 ὡς
1502 1034 1744 1102 ἐλέγετο,
1777 1029 1846 1084 τὰ
1883 1028 2197 1099 δογματικὰ
2223 1029 2522 1102 φωραθείς.

225 1139 239 1180 τ
331 1127 418 1188 ιζ’.
449 1124 532 1176 Τὰ
563 1122 662 1193 μὲν
697 1121 761 1192 δὴ
809 1125 909 1194 τῆς
937 1125 1282 1194 δογματικῆς
1309 1123 1531 1194 ἐκείνης
1560 1123 1844 1193 ἀμφισϐη-

257 1217 470 1285 τήσεως
495 1212 736 1267 τοιοῦτον
764 1212 968 1286 εὕρηκε
1005 1215 1199 1286 πέρας.
1233 1216 1499 1280 Βασιλεὺς
1523 1215 1579 1268 δὲ
1614 1217 1705 1268 ἐπὶ
1741 1215 1847 1266 Τε-

260 1308 429 1377 ρὸζην
456 1306 568 1378 (l9)
591 1305 894 1360 ἐστέλλετο.
916 1307 1093 1361 Αὐτοῦ
1123 1308 1232 1378 γὰρ
1258 1309 1368 1370 τοῖς
1399 1307 1529 1376 περὶ
1553 1306 1654 1376 τὴν
1678 1305 1842 1358 ἐσπέ-

258 1417 363 1470 ραν
397 1400 584 1467 ὦσπερ
611 1399 828 1468 εἴρηται
857 1399 1316 1471 διησχολημένου,
1349 1399 1842 1470 καιροφυλακήσας

253 1494 283 1545 6
315 1491 589 1561 βάρϐαρος
619 1492 809 1561 σχεδόν
836 1509 888 1544 τι
920 1493 1139 1556 ἁπάσας
1169 1493 1279 1545 τῶν
1313 1494 1372 1546 ἐν
1400 1493 1630 1562 Κιλικίᾳ
1701 1508 1846 1560 παρ-

257 1585 533 1653 εστήσατο
581 1583 811 1636 πόλεων.
868 1584 1050 1648 Δεινδς
1085 1585 1216 1658 ,γὰρ
1281 1586 1440 1654 εἴπερ
1497 1602 1582 1647 τις
1628 1585 1845 1653 ἐγένετο

251 1676 496 1745 ὀξύτητά
545 1693 604 1729 τε
638 1675 838 1745 καιροῦ
877 1677 1246 1749 προαρπάσαι
1277 1679 1373 1731 καὶ
1397 1679 1706 1748 πράγματα
1742 1677 1842 1749 6&-

253 1771 357 1838 ψαι
389 1769 596 1832 ἱκανός.
650 1768 854 1822 Τούτου
886 1787 946 1822 τε
970 1769 1036 1838 δὴ
1076 1770 1241 1824 ἓνεκα
1302 1770 1557 1840 βασιλεὺς
1608 1769 1703 1821 ἐπὶ
1741 1767 1840 1838 τὴν

267 1863 458 1916 Ἀσίαν
495 1860 694 1932 ἐχώρει
726 1862 822 1915 καὶ
874 1855 952 1914 ὧν
980 1861 1142 1925 αὐτὸς
1167 1861 1308 1932 ἐρῶν
1364 1861 1618 1932 ἔρχομαι.
1693 1859 1840 1912 Ῥαῖ-

2031 1120 2120 1172 l7;
2156 1119 2309 1175 Hunc
2343 1122 2504 1175 ﬁnem
2531 1121 2770 1176 habuere
2797 1121 2900 1177 illa:
2934 1122 2999 1177 de
3024 1123 3185 1178 rebus
3213 1125 3531 1196 tlteologicis

1948 1211 2297 1279 quaestiones.
2322 1211 2621 1281 Imperator
2646 1213 2809 1284 igitur
2831 1214 3096 1270 adversus
3115 1213 3376 1270 Torosum
3401 1234 3530 1287 pm-

1952 1304 2232 1361 ﬁc‘iscitur.
2277 1308 2411 1361 Cum
2453 1309 2631 1374 enim,
2664 1318 2721 1363 ut
2761 1325 2925 1378 supra
2967 1311 3173 1366 dictum
3218 1324 3319 1378 est,
3369 1316 3532 1374 rebus

1950 1395 2389 1454 Occidentalibus
2422 1399 2776 1465 detineretur,
2809 1405 3268 1471 opportunitatem
3303 1406 3532 1475 adeptus

1948 1489 2222 1543 Barbarus
2265 1492 2367 1544 iste
2397 1506 2585 1545 omnes
2623 1493 2788 1548 ferme
2818 1494 3022 1551 Ciliciae
3060 1498 3311 1552 civitates
3357 1516 3532 1569 expu-

1947 1591 2228 1651 gnaverat.
2273 1581 2512 1638 Callidus
2555 1585 2701 1638 enim
2737 1595 2876 1651 erat,
2922 1589 2966 1643 si
3009 1589 3130 1656 quis
3173 1589 3332 1654 alius,
3377 1601 3430 1644 ct
3474 1591 3528 1644 in

1945 1673 2227 1740 captandis
2242 1675 2620 1730 occasionibus
2645 1678 2910 1746 rebusque
2929 1679 3277 1734 conficiendis
3297 1683 3530 1737 maxime

1947 1764 2270 1820 industrius.
2302 1765 2370 1820 lis
2399 1767 2584 1838 itaque
2605 1769 2670 1822 de
2693 1772 2892 1836 causis,
2921 1770 3169 1840 aliisque,
3195 1787 3330 1841 quas
3357 1774 3532 1828 dictu-

1944 1873 2035 1912 rus
2079 1874 2242 1926 sum,
2299 1859 2352 1914 in
2403 1861 2587 1915 Asiam
2642 1864 2788 1917 venit
2846 1863 3160 1932 imperator.
3219 1865 3526 1921 Raimundo

257 1955 487 2025 μούνδου
515 1951 610 2006 τοῦ
644 1952 976 2024 Ἀντιοχείας
1013 1954 1311 2024 πρίγκιπος
1341 1956 1407 2007 ἐκ
1441 1954 1550 2006 τῶν
1583 1953 1708 2020 τῇδε
1742 1968 1838 2021 με-

1945 1947 2250 2004 Antiochiae
2282 1952 2529 2022 principe
2555 1955 2852 2019 exstincto,
2873 1955 3190 2010 Constantia
3218 1958 3361 2013 illius
3389 1974 3527 2014 uxor

250 2047 705 2116 ταχωρήσαντος,
731 2047 788 2098 ἐν
851 2045 951 2114 μὲν
981 2045 1058 2116 τῷ
1114 2046 1432 2116 παραυτίκα
1473 2043 1840 2108 Κωνστάντζα

254 2142 289 2209 ἡ
317 2138 486 2192 αὐτοῦ
522 2137 740 2210 γαμετὴ
768 2139 968 2208 ἐαυτήν
995 2155 1053 2191 τε
1088 2137 1301 2207 βασιλεί
1329 2137 1421 2190 καὶ
1478 2137 1544 2190 τὰ
1633 2137 1842 2189 Ἀντισσ-

254 2232 399 2302 χέων
433 2231 668 2302 ἐχείριζε
699 2231 1026 2303 πράγματα,
1067 2229 1332 2300 βασιλέως
1386 2229 1430 2283 δ’
1455 2229 1648 2283 ἔπειτα
1718 2229 1808 2282 Ῥο

252 2326 448 2392 γὲριον
477 2326 569 2376 τὸν
605 2323 885 2394 Καίσαρα,
945 2323 1138 2393 ὥσπερ
1189 2323 1292 2394 ἤδη
1354 2321 1654 2392 ἐμνήσθην,
1684 2321 1769 2390 ἐφ’
1796 2314 1840 2388 ᾧ

251 2417 580 2484 ξυνοικῆσαι
645 2416 784 2485 αὐτῇ
847 2415 1182 2479 στείλαντος,
1231 2413 1613 2484 μεταϐαλοῦσα
1655 2413 1837 2484 ἐκείνη

250 2511 409 2578 κοινῇ
443 2507 553 2560 τῶν
585 2505 904 2576 ’Δντιοχέων
935 2505 1100 2578 βουλῇ
1176 2504 1441 2576 Ῥενάλδῳ
1475 2505 1591 2574 (20)
1614 2505 1722 2557 τινὶ
1742 2505 1842 2572 γά-

257 2619 362 2673 μου
389 2603 657 2664 κοινωνεῖ,
693 2600 1066 2669 ἐννοησάντων
1093 2599 1168 2669 μή
1211 2614 1341 2651 ποτε
1375 2596 1639 2666 Ῥογερίῳ
1671 2611 1838 2662 γεγα-

254 2691 508 2760 μημένης
552 2691 649 2758 τῆς
680 2687 936 2750 γυναικὸς
969 2685 1264 2757 Ῥωμαίοις
1287 2687 1344 2748 ἐς
1399 2683 1568 2755 φόρου
1613 2686 1840 2750 ἀπαγω-

252 2783 358 2852 γὴν
394 2780 549 2834 αὐτο)⁸
573 2780 835 2833 πέσωσιν.
858 2771 1030 2841 Οὗτος
1095 2778 1152 2831 δέ
1191 2779 1219 2831 6
1282 2776 1584 2840 Ῥενάλδος,
1651 2775 1838 2844 ἐπειδὴ

255 2875 514 2942 δεόμενον
533 2874 700 2926 αὑτὸν
739 2870 996 2943 βασιλεὺς
1028 2870 1088 2924 οὑ
1143 2870 1426 2941 προσίετο,
1497 2866 1727 2930 ἀπειλὰς
1782 2867 1838 2919 δὲ

257 2969 463 3036 μᾶλλον
495 2966 766 3020 ἐπισείων
801 2964 1150 3034 ἐξεδειμάτου
1215 2963 1436 3024 πολλὰς,
1498 2961 1606 3014 δεῖν
1645 2959 1839 3013 ἐαυτὸν

253 3060 558 3132 χρημάτων
590 3056 878 3112 ὑπολαϐὼν
897 3057 1078 3110 τοιάδε
1131 3056 1252 3109 τινὰ
1293 3055 1488 3108 ἐποίει.
1549 3052 1705 3116 Ναῦς
1750 3070 1838 3106 τε-

253 3153 603 3222 κτηνάμενος
626 3151 722 3204 ἐπὶ
748 3151 848 3224 τὴν
879 3151 1148 3222 Κυπρῖων
1167 3149 1282 3220 (2i)
1303 3147 1623 3212 ἐπλωῖζετο,
1648 3163 1837 3217 πειρα-

250 3247 426 3308 τικῶς
455 3263 515 3298 τε
556 3246 670 3308 τοῖς
724 3236 962 3297 ἓῖρταῦθα
1011 3243 1462 3312 προσφερόμενος
1514 3240 1836 3308 περιουσίαν
1866 3279 1908 3335 c

253 3337 492 3393 ἐνταῦθα
519 3326 809 3405 δυνάμεως
835 3335 1206 3406 ἐξεπορίζετο.
1262 3333 1425 3386 Ἀλλά
1453 3333 1511 3385 τὸ
1547 3332 1645 3401 μὲν
1686 3330 1838 3401 πρῶ-

252 3445 346 3480 τον
394 3426 646 3496 Ἰωάννης
674 3425 703 3476 6
735 3423 828 3476 τοῦ
865 3423 1137 3494 βασιλέως
1176 3418 1492 3488 ἀδελφιδοῦς
1521 3417 1619 3489 τὴν
1653 3417 1836 3488 χώραν

251 3519 376 3572 τότε
405 3518 632 3580 διέπων,
659 3516 754 3569 καὶ
788 3516 1007 3586 Μιχαὴλ
1037 3516 1065 3568 6
1102 3514 1314 3585 Βρανᾶς
1359 3513 1454 3565 καὶ
1509 3511 1616 3564 τῶν
1661 3511 1837 3565 ἄλλων

253 3614 370 3666 ὅσοι
401 3614 494 3665 ἐπὶ
536 3611 754 3680 φυλακῇ
791 3610 1000 3678 ταύτης
1034 3607 1345 3671 ἐτάττοντο,
1430 3605 1725 3660 ἀπώσαντο
1777 3621 1837 3657 τε

252 3706 420 3757 αὐτὸν
444 3704 540 3757 καὶ
563 3701 752 3764 κακῶς
809 3699 1049 3754 διέθεντο
1071 3715 1084 3728 ·
1132 3699 1327 3752 ἔπειτα
1381 3697 1838 3770 προπετεστέρως

249 3797 286 3867 ἢ
322 3796 493 3868 ἐχρῆν
511 3797 606 3848 ἐπὶ.
633 3793 970 3847 Λευκουσίαν
983 3792 1076 3845 τοῦ
1103 3793 1287 3863 Βρανᾶ
1340 3793 1715 3862 ποιησαμένου
1740 3792 1839 3864 τὴν

251 3891 470 3954 δίωξιν,
508 3885 830 3956 ξυνεπεξῄει
897 3883 1076 3953 τούτῳ
1129 3883 1226 3937 καὶ
1292 3885 1322 3936 6
1387 3885 1662 3954 Ἰωάννης,
1717 3885 1840 3938 ὅθεν

255 3983 458 4052 συνέϐη
521 3978 871 4049 ἀμφοτέρους
926 3976 1128 4030 ἁλῶναι
1193 3975 1331 4044 πρὸς
1382 3975 1477 4028 τοῦ
1529 3977 1834 4032 Ῥενάλδου.

256 4073 479 4125 Τούτων
511 4070 578 4138 δὴ
601 4068 767 4122 ἕνεκα
803 4067 1057 4138 βασιλεὺς
1085 4067 1179 4119 ἐπὶ
1210 4067 1308 4135 τὴν
1333 4066 1575 4120 Κιλίκων
1609 4070 1830 4138 ἐχώρει.

267 4163 493 4232 νΕπειδὴ
525 4163 580 4215 δὲ
605 4163 738 4230 πρὸς
770 4163 835 4230 τῇ
876 4161 1051 4230 μικρᾷ
1072 4159 1283 4230 Φρυγίᾳ
1319 4159 1564 4226 ἐγένετο,
1596 4161 1837 4230 Πέρσαις

257 4252 493 4308 ἐνταῦθα
522 4251 864 4313 ὑπαντιάσας
893 4249 1100 4319 ἥττησέ
1133 4265 1190 4301 τε
1215 4247 1439 4319 πολέμῳ
1495 4250 1695 4314 αὐτοὺς
1745 4251 1840 4304 καὶ

257 4346 419 4414 φόνον
448 4343 618 4396 πολὺν
651 4343 935 4412 εἴργαστο,
975 4340 1075 4410 τὴν
1105 4341 1525 4411 παρακειμένην
1581 4357 1641 4393 τε
1701 4342 1842 4413 Περ-

259 4435 370 4487 σῶν
401 4433 618 4504 δῃώσας
646 4431 836 4502 χώραν
864 4430 939 4492 ὡς
983 4428 1079 4482 ἐπὶ
1126 4429 1226 4498 τὴν
1288 4430 1530 4481 Κιλίκων
1587 4430 1834 4500 ἐφέρετο,

257 4521 745 4594 σχηματιζόμενος
775 4522 870 4572 ἐπὶ
912 4521 1128 4590 Πέρσας
1199 4520 1362 4589 δῆθεν
1437 4520 1529 4572 τὸν
1600 4522 1841 4592 πόλεμον

1943 2057 2110 2112 seque
2142 2045 2314 2114 ipsam
2341 2047 2615 2115 extemplo
2641 2058 2693 2101 et
2724 2049 3124 2127 Aptiorbcnum
3158 2050 3523 2120 principatum

1945 2133 2256 2201 imperatori
2293 2137 2533 2190 tradidit.
2566 2135 2701 2191 Cum
2746 2153 2810 2192 eo
2841 2137 3036 2193 deinde
3081 2139 3370 2210 Rogeriuzn
3407 2140 3527 2196 Cm-

1929 2241 2144 2288 .sarem.
2182 2228 2340 2297 cujus
2372 2243 2531 2298 supra
2567 2230 2930 2295 meminimus,
2973 2230 3206 2285 misisset
3245 2231 3521 2303 princeps,

1946 2332 2003 2372 nt
2051 2319 2195 2373 illam
2225 2321 2326 2374 sibi
2361 2337 2586 2375 uxorem
2626 2321 2966 2392 adiungeret,
2995 2329 3198 2379 mutata
3232 2329 3526 2390 sententia,

1943 2413 2216 2466 connuuni
2250 2413 2710 2468 Antiocbenortnn
2738 2413 2988 2482 consilio,
3026 2413 3267 2470 Renaldo
3309 2418 3523 2471 cuidam

1946 2501 2034 2554 illa
2065 2502 2238 2558 nubit.
2270 2502 2610 2557 Verebantur
2639 2504 2910 2573 quippeii,
2932 2520 2998 2559 ne
3019 2505 3062 2559 si
3091 2507 3523 2577 Bogeriojuncta

1943 2600 2111 2660 esset,
2165 2593 2534 2651 Romanorum
2593 2597 2786 2652 tierent
2840 2599 3148 2670 vectigales.
3205 2599 3300 2654 llic
3345 2611 3525 2656 autem

1944 2687 2250 2751 lienaltlns,
2286 2703 2408 2744 cum
2441 2689 2665 2758 supplex
2696 2692 2858 2746 etiant
2895 2707 2999 2746 non
3045 2691 3424 2747 admitteretur
3457 2697 3526 2748 ab

1945 2778 2297 2846 imperatore,
2331 2783 2426 2836 sed
2472 2782 2651 2851 potius
2681 2782 2969 2837 intentatis
3003 2785 3163 2839 minis
3209 2793 3524 2850 terreretur,

1945 2887 2083 2939 opus
2112 2886 2236 2928 esse
2269 2873 2370 2927 sibi
2408 2875 2653 2942 pecuniis
2683 2884 2856 2942 ratus,
2895 2876 3010 2930 hac
3049 2878 3384 2947 aggreditur.
3421 2877 3526 2932 Fa-

1945 2961 2168 3015 bricatis
2193 2961 2420 3017 navibus
2443 2963 2677 3033 Cyprum
2699 2963 3008 3032 adnarigat,
3034 2965 3214 3034 ibique
3241 2967 3524 3037 piraticam

1943 3064 2229 3117 exercens,
2266 3067 2514 3123 magnam
2540 3053 2666 3108 inde
2692 3070 2854 3123 opum
2887 3055 2995 3108 vim
3027 3066 3203 3124 parat.
3234 3058 3339 3112 Sed
3363 3057 3530 3114 Joan-

1945 3157 2044 3197 nes
2090 3145 2433 3212 imperatoris
2481 3159 2547 3200 ex
2591 3144 2760 3200 fratre
2793 3161 2985 3214 nepos,
3018 3147 3108 3216 qui
3149 3157 3264 3202 tum
3318 3151 3530 3219 regioni

1943 3235 2030 3291 isti
2061 3243 2313 3306 przeerat,
2345 3246 2398 3289 et
2427 3234 2656 3290 Michael
2683 3237 2891 3291 Branas
2919 3237 3210 3305 ceterique
3242 3239 3308 3293 ad
3338 3249 3527 3294 custo-

1941 3327 2085 3382 diam
2120 3327 2306 3381 insulze
2338 3327 2634 3396 prmpositi,
2670 3328 2846 3396 primo
2882 3328 3029 3381 illum
3061 3328 3381 3399 expulerant
3411 3346 3529 3384 ma-

1942 3417 2100 3486 leque
2128 3417 2290 3488 179
2325 3419 2642 3473 habuerant.
2690 3418 2794 3473 Sed
2839 3434 2961 3472 mox
2993 3435 3112 3474 cum
3157 3419 3361 3476 Branas
3392 3438 3528 3476 una.

1941 3525 2046 3580 que
2090 3521 2143 3565 et
2182 3511 2421 3564 Joannes
2470 3510 2898 3580 imprudentius,
2933 3526 3094 3582 quam
3143 3527 3244 3584 par
3281 3523 3418 3578 erat,
3458 3517 3524 3572 ad

1943 3601 2258 3658 Lencosiam
2293 3618 2468 3672 usque
2503 3603 2802 3658 Renaldum
2830 3601 3124 3673 fugientem
3155 3616 3342 3660 essent
3371 3606 3522 3660 inse-

1942 3694 2080 3758 cuti,
2105 3704 2332 3763 nlerque
2356 3693 2425 3747 ab
2449 3693 2542 3748 illo
2563 3694 2704 3763 capti
2729 3703 2880 3749 sunt.
2906 3694 3083 3764 Atque
3106 3695 3158 3750 id
3182 3696 3524 3764 potissimum

1941 3799 2123 3840 causa:
2184 3784 2304 3848 fuit,
2361 3798 2462 3838 cur
2513 3785 2567 3838 in
2618 3782 2866 3838 Ciliciam
2922 3795 3172 3854 pergeret
3211 3785 3528 3854 imperamr.

1945 3875 2046 3932 Ubi
2102 3875 2191 3930 ille
2241 3876 2297 3930 in
2357 3876 2622 3930 minorem
2683 3875 2974 3946 Phrygiam
3027 3877 3295 3945 pervenit,
3347 3875 3529 3932 Persis

1942 3969 2157 4023 obviam
2195 3967 2394 4030 factus,
2429 3968 2601 4037 signis
2633 3967 2844 4022 collatis
2879 3968 3066 4036 prmlio
3107 3983 3202 4023 eos
3251 3973 3527 4039 superavit

1943 4073 2306 4129 magnamque
2372 4061 2572 4113 eadem
2629 4060 2818 4112 edidit.
2880 4058 3270 4127 Adjacentibus
3327 4063 3526 4116 deinde

1943 4151 2230 4206 Persarum
2262 4151 2409 4221 agris
2436 4151 2755 4214 devastatis,
2783 4150 2834 4202 in
2865 4149 3106 4204 Ciliciam
3137 4151 3238 4206 iter
3263 4151 3522 4221 instituit,

1942 4246 2098 4314 quasi
2163 4245 2215 4298 in
2271 4245 2466 4297 Persas
2521 4243 2722 4296 bellum
2765 4241 3128 4298 translaturus
3165 4252 3310 4298 esset
3354 4262 3367 4298 :
3414 4263 3522 4316 qua

1942 4339 2152 4390 ratione
2198 4350 2296 4389 nec
2325 4335 2640 4404 opinantem
2671 4333 2938 4388 Torosum
2986 4349 3107 4388 sese
3139 4350 3523 4403 oppressurum

1942 4428 2217 4483 credebat.
2253 4429 2430 4495 Atque
2458 4427 2595 4481 adeo
2631 4434 2691 4479 ut
2720 4426 2892 4496 magis
2917 4426 2988 4478 illi
3015 4425 3340 4496 improvisus
3371 4443 3531 4485 acce-

1942 4523 2115 4586 deret,
2162 4521 2288 4574 talia
2323 4520 2579 4575 instituit.
2608 4520 2799 4572 Alexio
2832 4518 3088 4583 Casiano,
3138 4519 3230 4589 qui
3269 4529 3394 4574 tunc
3427 4523 3529 4577 Se-

253 4615 412 4678 ἇγειν
434 4626 446 4639 ·
482 4608 658 4677 τούτῳ
692 4609 748 4661 δὲ
778 4608 858 4676 τῷ
885 4609 1076 4678 τρόπῳ
1108 4607 1280 4676 μηδὲν
1339 4607 1698 4678 ὑφορώμενον
1749 4611 1838 4663 τον

1949 4612 2134 4667 leucia:
2176 4614 2395 4681 regebat
2440 4610 2840 4679 prmiccturam,
2883 4609 3124 4666 conﬂare
3155 4627 3222 4666 ex
3262 4615 3530 4686 indigenis

254 4697 502 4768 Τερόζην
532 4695 863 4749 καταλαϐεῖν
894 4693 1053 4764 ᾤετο.
1080 4694 1274 4756 ’Ὅπως
1303 4711 1366 4763 γε
1397 4695 1504 4764 μὴν
1521 4695 1601 4748 ἔτι
1639 4697 1840 4766 μᾶλλον

252 4789 669 4862 ἀπροσδόκητος
702 4787 852 4858 αὐτῷ
883 4786 1291 4858 παραγένηται,
1323 4787 1464 4840 κατὰ
1483 4788 1609 4840 τάδε
1639 4790 1838 4846 ἐποίει.

1949 4703 2252 4758 exercitum
2301 4711 2664 4772 paratumque
2705 4702 2906 4755 habere
2941 4701 3264 4769 imperavit:
3301 4706 3412 4775 ipse
3441 4710 3530 4761 in-

1952 4795 2108 4850 terim
2164 4795 2598 4864 expeditioribus
2653 4794 2884 4848 militum
2942 4795 3170 4852 delectis
3222 4797 3525 4856 Seleuciam

1630 4909 1718 4970 Du
1752 4912 1974 4992 Cangii
2011 4918 2197 4975 noue.

255 5029 416 5089 alicui
458 5026 713 5094 subsunt,
743 5033 854 5076 tum
885 5022 1027 5094 quod
1060 5037 1090 5075 a
1125 5023 1538 5094 metropolitano
1573 5023 1636 5076 ad
1669 5039 1833 5094 syno-

255 5110 382 5158 dum
409 5096 585 5150 vocati
613 5093 850 5162 suﬂragii
883 5093 970 5158 jus
995 5094 1046 5145 itt
1075 5108 1135 5146 ea
1159 5093 1381 5152 habent,
1411 5104 1520 5144 tttm
1551 5096 1672 5160 quia
1706 5093 1836 5148 non-

256 5171 363 5228 nisi
395 5161 801 5235 metrOpoIitani
834 5161 1560 5235 ειισιοεὶο-(εοῃεθοι-οτίλΙ).
1588 5162 1717 5235 462]
1739 5180 1834 5226 po-

255 5246 458 5298 terant,
495 5231 671 5302 inquit
692 5232 980 5286 Cretserus
1001 5235 1064 5302 ad
1093 5231 1398 5302 Philippum
1433 5231 1830 5301 Eystetensem,

257 5329 311 5380 p.
341 5306 470 5362 250.
499 5301 630 5359 Vide
658 5319 710 5356 ν.
740 5319 787 5356 c.
813 5303 1002 5372 Steph.
1028 5301 1308 5356 Balnzinm
1332 5305 1399 5357 ad
1419 5306 1577 5370 epist.
1603 5302 1664 5355 81
1701 5303 1831 5374 Lupi

255 5383 476 5436 Ferrar.

329 5449 440 5519 (l9)
488 5445 620 5502 Ἐπὶ
664 5440 936 5519 Τεερρζην.
975 5442 1287 5519 _Willelmus
1319 5441 1539 5513 Tyrius,
1568 5443 1606 5495 l.
1655 5459 1830 5519 xrttt:

257 5514 346 5578 ln'
389 5520 624 5585 partibus
680 5514 884 5585 Cilicia:
939 5514 1079 5585 circa
1144 5518 1364 5566 Tarsum
1439 5525 1560 5585 erat
1616 5517 1833 5582 quidam

256 5581 448 5644 nobilis
485 5598 532 5639 et
567 5584 959 5652 potentissimus
988 5584 1241 5636 Armentis
1284 5599 1490 5637 nomine
1521 5581 1706 5644 Τω-οδ,
1745 5587 1834 5651 qui

255 5660 458 5717 domini
487 5655 822 5721 imperatoris
872 5656 1131 5722 gratiam,
1182 5654 1293 5720 ejus
1353 5654 1596 5721 efﬁciente
1653 5656 1836 5706 inmu-

257 5731 480 5790 slaniia,
519 5725 844 5795 frequentius
880 5724 1245 5795 demerebatur
1267 5735 1312 5795 et
1339 5727 1636 5774 incurrebat
1669 5725 1832 5789 a/fm-

256 5821 390 5860 mm.
435 5793 678 5862 Conﬁsus
721 5795 853 5846 enim
902 5793 964 5845 de
994 5811 1050 5846 eo
1085 5800 1221 5862 quod
1262 5793 1324 5844 nl)
1359 5794 1574 5860 imperio
1610 5806 1836 5846 remotus

579 5891 852 5950 ΡΑΤῐιοι..
897 5890 1014 5950 Gn.
1065 5886 1396 5950 CXXXIII.

1940 5040 2049 5080 erat
2075 5029 2366 5096 plurimum
2411 5038 2457 5081 et
2500 5029 2636 5097 quod
2676 5028 2728 5079 in
2778 5028 3042 5082 montibus
3092 5030 3273 5082 arduis
3303 5029 3526 5083 habebat

1940 5099 2231 5160 domicilia,
2261 5114 2349 5160 per
2369 5100 2526 5164 plana
2553 5097 2755 5152 Cilicia’
2787 5099 3020 5162 pru'dam
3049 5100 3234 5165 agebat
3268 5109 3317 5152 et
3339 5118 3528 5152 mann-

1942 5170 2078 5231 bias,
2122 5185 2224 5220 non
2279 5181 2471 5221 veritus
2509 5176 2703 5222 terram
2753 5169 2957 5219 domini
2988 5183 3070 5220 sui
3123 5169 3293 5222 modis
3339 5175 3526 5238 quibus

1941 5249 2144 5306 poterat
2182 5238 2550 5307 damniﬁcam.
2587 5248 2692 5292 etc.

2016 5311 2128 5372 (20)
2166 5305 2482 5373 'Psrd.l6q).
2519 5309 2592 5362 De
2637 5305 2858 5360 iiettalli
2907 5307 3164 5374 principis
3197 5311 3520 5364 Antiocbeni

1942 5377 2168 5441 fzttnilia,
2220 5379 2444 5444 nttptiis,
2505 5378 2690 5432 liberis
2725 5383 2779 5428 ct
2821 5378 2992 5442 gestis
3041 5381 3254 5431 abunde
3291 5380 3525 5435 (luimus

1943 5450 1995 5502 itt
2030 5446 2216 5500 thmll.
2255 5447 2519 5502 llterosol.

2020 5519 2132 5585 (2|)
2167 5517 2283 5584 Τὴν
2326 5519 2626 5584 Κυπρίων.
2661 5517 2790 5582 Qua:
2837 5516 3374 5588 causarnaynaltlnut
3422 5523 3526 5575 im~

1947 5588 2141 5652 pulerit
2188 5591 2423 5656 Cyprum
2469 5589 2703 5641 insulani
2742 5587 3066 5646 invadendi,
3105 5592 3293 5640 recitat
3329 5593 3520 5645 eodem

1948 5658 2065 5710 Iuro
2093 5656 2328 5726 Tyrius:
2365 5676 2468 5711 non
2515 5658 2717 5710 solutas
2763 5657 2971 5709 Scilicet
3003 5671 3030 5706 a
3077 5657 3328 5712 Mauuele
3369 5661 3518 5726 belli,

1946 5731 2090 5796 quod
2137 5740 2326 5780 contra
2378 5728 2678 5786 'l'urosnnt,
2727 5729 2892 5792 ipsius
2945 5728 3168 5801 Angitin
3228 5745 3519 5801 praecepto,

1945 5806 2276 5866 susceperat,
2313 5809 2495 5868 pactas
2533 5799 2804 5860 itnpcuSaS
2835 5806 2886 5849 ct
2919 5797 3218 5854 tttcrredes.

3049 5886 3113 5953 17
