4058 6416
489 349 596 414 523

1807 343 2133 407 JOANNIS
2173 343 2499 408 CINNAMI

3656 338 3765 404 524

494 476 688 518 versus
717 458 824 514 iter
851 458 1106 526 intendit,
1140 465 1472 528 caeterasqne
1496 457 1866 513 Romanorum
1892 455 2080 527 copias

2194 456 2420 527 Ἀλεξίῳ
2459 456 2561 526 μὲν
2593 455 2670 528 τῷ
2703 454 2966 527 Κασιανῷ
2997 453 3056 518 ὃς
3113 452 3449 508 Σελευκείων
3495 453 3599 527 τὴν
3653 457 3779 511 τότε

489 554 704 610 Attalire
727 567 951 607 manere
975 552 1163 622 jussit,
1195 566 1569 622 equorumque
1591 565 1780 605 curam
1810 550 1882 603 ibi
1914 549 2082 604 liabe-

379 687 384 691 ς
491 664 571 703 re.
610 646 796 702 Morbo
829 645 1054 714 quippe,
1086 644 1173 699 cui
1212 651 1274 699 ut
1332 644 1622 714 plurimum
1670 643 1795 712 equi
1861 641 2079 696 obnoxii

490 747 639 804 sunt,
672 747 725 788 et
768 735 863 805 qui
895 736 1091 806 pedum
1128 735 1329 806 plantis
1367 735 1615 791 accidere
1647 736 1809 799 solet,
1841 735 2082 806 graviter

434 873 448 898 τ
492 829 776 884 dolebant.
812 825 878 882 Ut
911 840 1039 881 vero
1077 827 1131 881 in
1183 826 1535 882 Seleucianos
1578 827 1823 897 pervenit
1861 841 2083 894 campos

489 933 544 976 et
587 921 917 983 exercitum,
973 919 1134 973 sicuti
1193 919 1578 987 imperaverat,
1627 929 1876 989 paratum
1938 917 2081 973 baud

490 1013 699 1067 invenit
729 1010 807 1082 (id
847 1010 994 1064 enim
1040 1009 1356 1080 neglexerat
1395 1009 1666 1080 Alexius),
1703 1018 1938 1063 mentem
1975 1010 2082 1064 alio

487 1105 779 1171 convertit,
811 1103 1076 1158 Torosum
1123 1118 1249 1158 eum
1300 1103 1556 1159 omnibus
1596 1105 1806 1158 viribus
1853 1103 2082 1173 cupiens

491 1197 768 1251 invadere.
824 1193 1075 1248 Alexium
1133 1193 1301 1264 igitur
1361 1193 1653 1264 praemisit,
1712 1206 1771 1247 ut
1814 1191 2080 1248 Torosum

491 1284 856 1353 aggredienda
887 1283 957 1338 ibi
990 1284 1282 1339 distineret
1317 1301 1331 1339 :
1366 1287 1482 1354 ipse
1513 1299 1644 1340 vero
1672 1299 1702 1338 a
1736 1294 1891 1353 tergo
1925 1299 2082 1339 secu-

494 1385 586 1430 tus
611 1385 716 1439 est,
756 1376 899 1430 haud
953 1375 1137 1446 plures
1166 1377 1476 1447 quingentis
1518 1391 1704 1431 secum
1752 1374 1961 1430 ducens
1991 1390 2082 1430 ar-

490 1471 688 1523 matos.
719 1467 1030 1539 Captusqtte
1062 1469 1225 1539 180
1247 1469 1506 1524 continuo
1533 1476 1590 1522 et
1617 1468 1670 1522 itt
1701 1466 2078 1523 Romanorum

491 1569 815 1630 potestatein
854 1562 1096 1616 venisset
1143 1571 1430 1632 tyrannus,
1479 1560 1584 1616 nisi
1631 1561 1808 1631 ipsum
1864 1559 2079 1615 fortuna

491 1655 737 1720 quwdatn
790 1654 1074 1723 inopinato
1105 1661 1398 1708 servasset.
1436 1654 1666 1720 Quidam
1697 1654 1841 1708 enim
1870 1654 2082 1709 mendi-

491 1760 612 1809 cus,
647 1745 838 1815 quales
882 1746 1038 1800 multi
1081 1760 1149 1801 ex
1193 1744 1402 1800 Latinis
1442 1745 1753 1801 nationibus
1795 1753 1986 1801 euntes
2019 1745 2072 1799 in

2187 549 2397 602 διεῖπεν
2435 549 2637 620 ἀρχὴν,
2675 552 2768 604 τὸν
2808 547 3115 618 αὐτόχθονα
3140 547 3404 602 ἐκέλευεν
3459 547 3782 618 άθροίσαντι

2190 645 2425 713 σορατδν
2458 645 2518 696 έν
2552 645 2884 714 παρασκευῇ
2907 642 3064 712 ἔχειν
3090 657 3106 672 ο
3139 641 3168 695 ό
3193 639 3252 694 δὲ
3285 642 3348 694 τὸ
3407 641 3782 712 εὐζωνότερον

2188 733 2596 806 ἀπολεξάμενος
2627 733 2716 806 [Ρ.
2759 732 2885 806 104]
2941 732 3043 802 τῆς
3079 733 3346 801 στρατιᾶς
3403 734 3502 803 τήν
3548 733 3643 785 ἐπὶ
3677 733 3782 785 Σε-

2187 824 2445 890 λευκείας
2479 826 2767 895 ἠπείγετο.
2801 825 2892 896 Τῷ
2923 826 2968 878 δ’
2984 824 3131 895 ἄλλῳ
3174 824 3466 892 Ῥωμαίων
3514 825 3786 896 στρατεύ-

2191 933 2326 986 ματι
2397 914 2636 969 ἐνταῦθά
2695 933 2800 969 που
2874 916 2968 969 ἐπὶ
3051 915 3154 984 τῆς
3225 913 3489 967 ’Δττάλον
3556 916 3784 984 μένοντι

2188 1005 2570 1076 ἐπιμελεῖσθαι
2625 1008 2734 1060 τῶν
2789 1007 2979 1060 ἵππων
3030 1005 3311 1060 ἐκέλευεν.
3397 1007 3573 1071 Πάθος
3670 1009 3783 1079 γάρ

2188 1115 2242 1151 τι
2266 1101 2380 1163 τοῖς
2421 1099 2604 1161 αὐτῶν
2655 1101 2934 1170 πέλμασιν
2977 1099 3324 1168 ἐπιγεγονδς,
3373 1099 3403 1152 ὃ
3442 1099 3506 1170 δὴ
3555 1099 3636 1170 τῷ
3689 1101 3785 1152 ἱπ-

2187 1188 2331 1258 πείῳ
2395 1190 2763 1260 ἐπισκήπτειν
2821 1188 2981 1241 εἴωθε
3042 1170 3232 1258 ’γένει,
3276 1188 3515 1259 ἰσχυρῶς
3577 1189 3784 1252 αὐτοὺς

2188 1280 2426 1346 ἐπίεζεν.
2471 1283 2560 1345 Ὠς
2579 1281 2636 1335 δὲ
2672 1281 2837 1346 αὐτὸς
2867 1281 2966 1352 μὲν
3000 1281 3066 1335 τά
3104 1282 3197 1334 ἐπὶ
3222 1280 3548 1344 Σελευκείας
3578 1281 3781 1350 ἐξῆλθε

2189 1374 2373 1440 πεδία,
2401 1375 2463 1428 τὸ
2480 1375 2536 1427 δὲ
2572 1374 2896 1445 στράτευμα
2930 1374 2993 1428 οὐ
3053 1374 3244 1446 παρῆν
3309 1373 3500 1444 ὥσπερ
3553 1373 3781 1429 ἐκέλευε

2189 1465 2580 1539 (παρημέλητο
2608 1468 2719 1537 γᾲρ
2749 1465 2912 1520 τοῦτο
2963 1465 3099 1537 πρὸς
3157 1466 3254 1520 τοῦ
3350 1463 3641 1537 Ἀλεξίου),
3693 1467 3785 1536 ἐφ’

2187 1559 2378 1629 ἕτερόν
2407 1574 2461 1611 τι
2495 1559 2794 1630 ἐτράπετο,
2827 1559 3010 1613 σθένει
3041 1559 3208 1612 παντὶ
3238 1559 3334 1614 τὸν
3372 1559 3619 1640 Τεριξξην
3673 1576 3782 1612 κα-

2185 1646 2528 1718 ταλήψεσθαι
2548 1646 3028 1718 προθυμούμενος.
3069 1645 3309 1711 Ἀλέξων
3338 1647 3439 1716 μὲν
3464 1646 3576 1717 (22)
3602 1649 3782 1718 πρόσ-

2188 1735 2280 1789 θεν
2323 1735 2598 1806 ἔπεμψεν,
2633 1736 2688 1789 εί
2716 1737 3120 1808 πωςὲΤερόζην
3170 1737 3320 1807 αὐτῷ
3381 1737 3784 1807 συμπλακέντα

494 1835 840 1890 Palaestinam
875 1843 1084 1892 montes
1117 1845 1172 1891 et
1205 1837 1371 1892 silvas
1404 1837 1706 1908 vagabundi
1733 1847 2079 1907 percurrunt,

2188 1826 2427 1882 ἐνταῦθα
2457 1828 2708 1899 ἐπισχεῖν
2733 1828 2937 1900 δυνηθῇ
2967 1846 2981 1860 ·
3014 1829 3042 1881 6
3067 1827 3124 1882 δὲ
3174 1830 3320 1882 κατὰ
3375 1827 3547 1881 νώτου
3599 1833 3784 1900 τούτῳ

493 1944 557 1983 ac
595 1929 732 1984 nihil
779 1944 882 1983 non
920 1929 1109 1983 tritum
1153 1929 1489 1999 relinquunt,
1533 1929 1726 1984 obvius
1770 1929 2080 1999 imperatori

492 2021 688 2084 factus,
738 2023 854 2075 auri
907 2029 1112 2078 statere
1149 2023 1217 2077 ab
1251 2022 1343 2078 illo
1378 2033 1621 2093 accepto,
1658 2033 1860 2092 quanta
1909 2022 2085 2092 potuit

491 2114 774 2168 celeritate
808 2113 874 2167 ad
907 2111 1177 2168 Torosum
1214 2115 1495 2169 contendit
1528 2126 1583 2169 et
1611 2114 1956 2185 imperatoris
1987 2115 2084 2170 ad-

492 2218 710 2262 ventum
752 2207 1046 2262 nuntiavit.
1074 2207 1193 2274 Quo
1222 2208 1312 2262 illo
1340 2209 1546 2274 audito,
1579 2224 1678 2264 nec
1707 2209 1929 2280 injuria,
1967 2225 2084 2280 per-

490 2300 694 2361 culsns,
743 2299 810 2352 iis
859 2299 1086 2366 nemini,
1139 2310 1500 2371 pra-torquato
1552 2301 1774 2356 Thema:
1813 2313 1866 2357 et
1894 2301 2085 2358 Come

491 2390 594 2444 sibi
624 2389 766 2453 ﬁdis,
796 2405 915 2458 quae
955 2403 1240 2460 acceperat
1271 2392 1552 2455 indicatis,
1590 2392 1697 2446 ltttc
1739 2393 1868 2447 illuc
1893 2408 2084 2449 errans

395 2521 410 2530 .
495 2492 550 2536 et
583 2481 923 2550 ialabnndus
948 2492 1195 2550 vagatur.
1223 2481 1524 2552 Imperator
1553 2484 1814 2551 postridie
1835 2481 2081 2538 Ciliciam

492 2573 745 2628 invadit:
793 2587 858 2626 eo
907 2588 1171 2644 nusquam
1224 2573 1467 2640 invento,
1507 2575 1788 2629 castellum
1830 2574 1882 2629 in
1915 2573 2084 2632 Lamo

499 2666 737 2720 maxime
794 2665 1025 2719 arduum
1085 2665 1232 2719 nullo
1283 2665 1474 2721 labore
1527 2675 1817 2736 expugnat.
1881 2665 2085 2722 Deinde

489 2759 820 2813 Cistramum
879 2759 1024 2826 capit
1078 2767 1133 2813 et
1176 2758 1520 2814 Anazarbum
1558 2759 1747 2815 urbem
1789 2759 2084 2816 celeberri-

493 2865 658 2916 mam,
683 2864 1117 2920 progressusque
1143 2848 1534 2919 Longiniadem
1561 2865 1682 2904 cum
1709 2851 2086 2922 adiacentibus

491 2945 641 3011 agris
693 2944 922 3013 imperio
975 2944 1216 3015 subjicit.
1269 2944 1396 3000 lude
1445 2945 1512 3000 ad
1571 2943 1803 3001 Tarsum
1853 2946 2082 3002 Cilicum

492 3035 841 3104 melropolim
894 3035 1193 3106 proiectus,
1235 3037 1422 3091 urbem
1463 3038 1642 3108 primo
1677 3039 1954 3110 intercipit
1986 3041 2087 3095 int—

487 3139 620 3201 potu
675 3148 689 3183 :
745 3136 798 3182 et
854 3127 957 3183 Tili
1013 3141 1256 3184 castrum
1314 3130 1738 3198 validissimum,
1793 3132 1974 3189 missis
2017 3149 2084 3190 eo

490 3223 788 3290 nonnullis,
818 3223 1185 3280 Romanorum
1203 3225 1311 3294 jnri
1334 3225 1551 3280 asserit.
1573 3225 1692 3293 Qua
1713 3241 1844 3280 vero
1864 3225 2079 3284 ratione

488 3315 756 3385 Tarsum,
795 3334 915 3387 qua:
964 3335 1030 3374 ne
1061 3334 1090 3372 ιι
1142 3319 1325 3377 multis
1374 3320 1590 3389 quidem
1637 3319 1878 3375 millibus
1905 3335 2079 3390 expu-

489 3409 645 3476 gnari
673 3410 760 3462 vix
792 3420 996 3480 potest,
1031 3411 1148 3480 ipse
1181 3411 1372 3465 eodem
1405 3427 1514 3480 quo
1539 3411 1771 3467 accessit
1802 3412 1888 3467 die
1920 3426 2081 3482 cepe-

491 3501 585 3562 rit,
611 3501 870 3557 narrabo.
901 3502 1006 3557 Ubi
1033 3504 1178 3557 enim
1210 3503 1395 3557 urbem
1425 3518 1570 3574 azgre
1595 3503 1894 3574 expugnari
1919 3517 2081 3572 posse

491 3592 747 3657 advertit,
785 3592 985 3648 frustra
1017 3594 1086 3647 ibi
1125 3603 1335 3664 tempus
1366 3605 1546 3649 terere
1586 3594 1958 3650 inconsultum
1985 3610 2083 3664 pu-

492 3691 646 3748 tans,
676 3682 909 3737 deﬂexit
964 3683 1031 3736 ad
1085 3684 1188 3737 alia
1237 3685 1434 3753 oppida
1480 3700 1495 3738 :
1543 3683 1893 3740 Theodorum
1947 3699 2083 3740 vero

490 3776 784 3840 sororium,
839 3786 1204 3846 cognomento
1238 3765 1540 3843 Batatzem,
1571 3779 1638 3832 ad
1682 3792 1804 3833 eam
1849 3779 2086 3833 cireum-

493 3867 778 3928 sidendam
815 3869 971 3938 181
1009 3867 1178 3923 misit.
1217 3868 1323 3922 Sed
1373 3869 1615 3923 nondum
1649 3867 1715 3921 ad
1763 3867 1949 3922 urbem
1988 3867 2084 3923 ad-

493 3973 717 4017 venerat
762 3960 1107 4028 Tlieodorus,
1150 3976 1274 4016 cum
1311 3960 1530 4026 milites,
1560 3961 1650 4030 qui
1684 3961 1738 4016 in
1769 3975 2084 4031 propugna-

491 4055 633 4110 culis
664 4058 907 4122 stabant,
951 4053 1244 4108 adventare
1283 4054 1666 4122 imperatorem
1705 4053 1829 4117 rati,
1879 4051 2083 4122 ingenti

492 4146 723 4218 perculsi
772 4155 914 4202 metu
938 4185 954 4212 ,
990 4146 1055 4200 de
1083 4145 1328 4201 turribus
1373 4160 1493 4201 sese
1527 4144 1726 4200 dedere
1755 4145 2084 4215 praecipites,

495 4247 838 4310 mortemque
871 4239 952 4294 sic
983 4239 1166 4292 miseri
1197 4237 1450 4293 acerbam
1477 4239 1779 4308 oppetiere.

2184 1925 2384 1996 ἐχώρει
2409 1925 2470 1978 οὐ
2496 1923 2722 1988 πλείους
2755 1924 3132 1979 πεντακοσίων
3186 1924 3534 1994 ἑπαγόμενος
3561 1925 3784 1996 ἀνδρῶν

2185 2018 2446 2085 ὁπλιτῶν,
2480 2018 2578 2072 καὶ
2614 2019 2757 2088 τάχα
2793 2017 2859 2072 ἂν
2882 2017 3060 2090 ἤλωτό
3086 2035 3144 2071 τε
3164 2017 3276 2090 (25)
3316 2019 3345 2070 ὀ
3389 2017 3653 2090 τύραννος
3684 2019 3782 2072 καὶ

2186 2109 2292 2162 ὐπὸ
2318 2110 2508 2181 χερσὶν
2537 2109 2755 2177 ἐγένετο
2785 2109 3147 2180 Ῥωμαϊκαῖς,
3185 2113 3235 2164 εί
3275 2110 3352 2182 μή
3383 2110 3523 2182 τύχη
3556 2128 3642 2174 τις
3673 2112 3778 2165 αὐ-

2185 2202 2278 2256 τὸν
2317 2202 2379 2266 ἐξ
2400 2204 2815 2275 ἀπροσδοκήτου
2835 2203 3158 2260 διεσώσατο.
3182 2203 3308 2258 Τῶν
3357 2207 3467 2277 γάρ
3483 2223 3567 2270 τις
3600 2223 3781 2277 προσ-

2185 2296 2508 2362 αιτούντων,
2545 2297 2598 2350 οἶ
2639 2297 2827 2351 πολλοὶ
2851 2297 2961 2352 τῶν
2993 2298 3240 2352 Λατίνων
3285 2299 3477 2367 γένους
3511 2299 3604 2352 ἐπὶ
3659 2301 3779 2354 [Ια-

2185 2387 2472 2459 λαιστίνην
2503 2390 2676 2454 ἰόντες
2707 2391 2812 2462 ὅρη
2864 2408 2924 2444 τε
2979 2393 3072 2445 καὶ
3130 2391 3313 2462 δρυμὰ
3351 2392 3779 2463 περιτρέχουσιν

2187 2476 2417 2547 ἀλῆται,
2439 2479 2537 2530 καὶ
2567 2477 2723 2532 οὐδὲν
2756 2479 2784 2532 ὅ
2813 2495 2866 2532 τι
2892 2477 2968 2547 τῷ
2996 2477 3496 2550 πλήθειλείπουσιν
3543 2482 3781 2535 ἁστειπ-

2186 2584 2300 2632 τον,
2321 2567 2399 2638 τῷ
2431 2567 2644 2638 βασιλεῖ
2672 2568 2985 2641 περιτυχὼν
3041 2570 3294 2642 στατῆρά
3316 2588 3376 2624 τε
3404 2570 3463 2637 ἐξ
3484 2571 3648 2625 αὐτοῦ
3681 2590 3780 2625 κε-

2187 2661 2522 2730 κομισμένος
2545 2661 2751 2732 χρυσοῦ
2780 2663 2880 2733 τὴν
2907 2669 3178 2734 ταχίστην
3236 2666 3330 2717 ἐπὶ
3379 2664 3471 2718 τὸν
3526 2665 3778 2737 Τερόζην

2183 2747 2316 2823 ἦλθε
2356 2753 2453 2807 καὶ
2489 2753 2640 2825 αὐτῷ
2671 2753 2769 2825 τήν
2798 2753 3064 2824 βασιλέως
3083 2756 3208 2810 ὅσον
3236 2756 3337 2809 οὐκ
3368 2757 3470 2827 ήδη
3495 2757 3778 2828 ἐπήγγελ-

2185 2845 2278 2899 λεν
2308 2847 2518 2916 aetat».
2551 2847 2742 2901 Ταῦτα
2771 2849 2982 2912 ἐκεῖνος
3023 2849 3288 2914 ,ἀκούσας
3334 2852 3779 2924 καταπέπληκτο

2187 2940 2308 3010 μιν,
2337 2941 2413 3003 ὡς
2441 2940 2503 2994 τὸ
2533 2940 2706 3006 εἰκὸς,
2733 2939 2825 2994 τὸν
2854 2943 3045 3012 μέντοι
3075 2942 3233 3009 λόγον
3269 2947 3408 3012 πρῖς
3439 2945 3634 2999 οὐδένα
3661 2947 3781 3001 τῶν

2188 3031 2451 3085 ἁπάντων
2468 3031 2775 3101 ἐξενεγκὼν
2794 3032 2877 3086 ὅτι
2906 3033 2981 3104 μὴ
3011 3033 3217 3104 Θωμᾶν
3249 3038 3366 3106 (24)
3384 3053 3444 3090 τε
3497 3042 3593 3090 καὶ
3625 3039 3778 3110 Κόρ-

2187 3143 2315 3196 κην,
2347 3125 2552 3196 ἄνδρας
2588 3125 2779 3189 εὔνους
2807 3125 2982 3195 αὐτῷ,
3008 3127 3188 3196 φυγὰς
3215 3128 3408 3184 ἄλλοτε
3436 3131 3574 3201 ἄλλῃ
3603 3133 3776 3202 φερό-

2189 3235 2350 3289 μενος
2381 3217 2632 3288 ἐξέτρεχε
2670 3218 3265 3290 πανταχοῦ.Βασιλεύς
3304 3222 3360 3274 δὲ
3395 3225 3463 3294 τῇ
3512 3225 3779 3298 ὑστεραίᾳ

2185 3313 2242 3376 ἐς
2276 3312 2374 3382 τὴν
2409 3313 2653 3366 Κιλίκων
2684 3311 2976 3376 εἰσελάσας
3004 3315 3166 3366 αὐτὸν
3185 3315 3284 3383 μὶν
3312 3309 3476 3386 εὗρεν
3505 3319 3773 3388 οὐδαμοῦ,

2180 3403 2244 3456 τὸ
2283 3404 2341 3456 ὲν
2379 3403 2556 3473 Λάμῳ
2617 3403 2675 3456 δὲ
2735 3402 3000 3473 φρούριον
3079 3406 3328 3474 ἀμαχητὶ
3385 3408 3777 3480 παρεστήσατο

2183 3495 2424 3566 ἐρυμνὸν
2455 3497 2696 3566 μάλιστα
2727 3497 2807 3551 δν.
2835 3493 2970 3550 Εἶτα
3000 3497 3323 3569 Κίστραμον
3352 3500 3450 3553 καὶ
3503 3501 3778 3573 Ἀνάξαρ-

2184 3587 2279 3641 6ον
2307 3588 2460 3642 πόλιν
2492 3584 2605 3643 εἷλε
2666 3590 2968 3662 περιφανῆ.
3029 3591 3242 3662 Προϊὼν
3285 3591 3342 3645 δὲ
3401 3593 3496 3646 καὶ
3569 3594 3778 3662 Λογγιο

2183 3681 2348 3736 νιάδα
2381 3682 2479 3735 σὺν
2502 3683 2654 3754 πάσῃ
2689 3687 2754 3752 τῇ
2791 3683 3085 3754 περιοικίδι
3114 3684 3484 3756 καταδραμὼν
3538 3687 3778 3740 ἐδουλώ-

2187 3790 2342 3830 σατο.
2373 3775 2539 3829 Ὅθεν
2567 3776 2662 3828 ἐπὶ
2685 3777 2904 3846 Ταρσὶν
2971 3777 3216 3846 μεταὸὰς
3253 3779 3286 3849 ἢ
3325 3778 3660 3850 μητρόπολις
3694 3780 3779 3851 τῷ

2187 3865 2337 3920 ἔθνει
2370 3866 2551 3938 τούτῳ
2574 3869 2841 3938 τυγχάνει
2875 3863 3034 3934 οὖσα,
3071 3870 3243 3940 αὐτὴν
3275 3873 3372 3942 μὲν
3412 3865 3556 3926 εἶλεν
3605 3873 3780 3926 αὐτο-

2187 3960 2331 4026 ϐοεὶ,
2366 3959 2489 4013 Τίλι
2511 3960 2569 4014 δὲ
2604 3960 2992 4031 κρησφύγετον
3025 3963 3172 4034 μάλα
3198 3963 3397 4034 ἐχυρὸν
3420 3963 3639 4036 πέμψας
3667 3965 3782 4020 ὑπὸ

2197 4052 2508 4122 Ῥωμαίους
2538 4053 3052 4123 ὲποιήσατο.”οπως
3077 4055 3135 4108 δὲ
3185 4057 3401 4128 Ταρσὸν
3435 4055 3547 4110 οὐδ’
3573 4057 3639 4110 ἂν
3666 4057 3782 4110 ὑπὸ

2192 4141 2473 4213 μυριάδων
2499 4140 2815 4196 ἁλώσεσθαι
2843 4142 3054 4197 πολλῶν
3087 4143 3292 4215 εὐχερῆ
3315 4143 3480 4198 οὖσαν
3529 4142 3779 4214 αὐθημεο

2190 4235 2284 4304 ρὸν
2319 4234 2482 4298 αὐτὸς
2512 4234 2922 4306 παρεστήσατο,
2951 4233 3180 4306 δηλώσω
3211 4235 3413 4303 ἔγωγε.
3439 4234 3731 4304 Ἐπειδήπε
3741 4252 3777 4304 ρ

491 4331 806 4384 δυσάλωτον
841 4329 1015 4384 οὖσαν
1046 4330 1220 4401 αὐτὴν
1253 4329 1417 4398 έγνω,
1476 4330 1692 4400 τρίϐειν
1723 4327 1961 4384 ἐνταῦθα
2017 4326 2111 4381 τὸν
2153 4326 2348 4396 καιρὸν
2417 4323 2634 4396 οὐδαμῆ
2698 4324 2918 4397 ἤθελεν,
2990 4325 3115 4380 ὅθεν
3170 4327 3266 4403 καὶ⁷
3323 4327 3485 4390 αὐτὸς
3542 4327 3639 4396 μὲν
3688 4326 3780 4395 ἐφ’

463 4420 693 4496 ’ἑτέρας
747 4425 1020 4495 ἐτράπετο
1110 4425 1318 4493 πόλεις,
1388 4425 1668 4496 Θεόδωρον
1725 4427 1783 4480 δὲ
1827 4424 2081 4497 γαμϐρὸν
2120 4423 2276 4495 αὐτῷ
2315 4422 2421 4476 ἐπ’
2453 4422 2662 4494 ἀδελφῇ
2726 4422 3000 4492 γεγονότα
3028 4420 3314 4491 Βατάτξην
3363 4423 3654 4492 ἐπώνυμον
3688 4421 3781 4476 ἐπ’

497 4519 718 4588 ἐκείνην
769 4519 984 4588 ἔπεμψε
1017 4518 1478 4588 πολιορκήσοντα.
1551 4520 1692 4572 Ἀλλ’
1741 4518 1897 4573 οὔπω
1957 4517 2237 4588 Θεόδωρος
2303 4517 2383 4579 είς
2415 4515 2517 4585 τὴν
2556 4516 2714 4568 πόλιν
2751 4515 3009 4582 ἀφίκετο,
3042 4515 3138 4566 καὶ
3161 4516 3213 4566 oi
3278 4516 3373 4567 ἐπὶ
3437 4514 3548 4566 τῶν
3605 4515 3782 4568 ὲπάλ-

499 4612 634 4676 ξεων
661 4610 889 4680 βασιλέα
910 4610 1200 4680 προσιέναι
1227 4610 1556 4679 νομίσαντες
1603 4610 1844 4676 ἐξαίσιόν
1904 4608 1966 4663 τέ
2025 4625 2150 4662 τινα
2191 4607 2570 4676 πεφοϐημένοι
2649 4604 2816 4673 φόϐον
2879 4604 3175 4675 ἐρρίπτουν
3236 4603 3345 4654 ἀπὸ
3393 4601 3505 4655 τῶν
3545 4602 3780 4674 πύργων

499 4701 728 4764 ἑαυτοὺς
759 4697 1230 4762 δυσθανατοῦντες
1259 4701 1309 4752 οι
1330 4699 1696 4772 ταλαίπωροι,
1727 4701 1839 4772 ἥτε
1871 4701 2028 4764 πόλις
2066 4699 2348 4772 εὐθύωρον
2376 4697 2570 4752 τοῦτον
2596 4696 2768 4767 ᾑρέθη
2798 4696 2892 4750 τὸν
2925 4695 3154 4766 τρόπον.

572 4792 662 4848 18.
721 4790 798 4845 Ita
847 4790 1065 4860 quidem
1121 4801 1274 4860 capta
1338 4799 1424 4854 est
1489 4793 1715 4849 Tarsus.
1771 4791 1908 4848 Cum
1972 4794 2083 4848 haec

2266 4795 2358 4859 ιη’.
2397 4787 2615 4858 Ταρσὸς
2651 4787 2750 4857 μὲν
2786 4787 2852 4857 δὴ
2869 4785 3047 4848 οὓτως
3070 4785 3247 4839 ἑάλωο
3285 4785 3530 4858 Τερόζης
3569 4790 3627 4844 δὲ
3682 4793 3782 4848 καὶ

499 4887 845 4942 adverterent
887 4879 1128 4937 Torosus
1163 4891 1218 4936 et
1264 4880 1536 4937 Rettaldns
1575 4885 1844 4953 princeps,
1889 4882 1958 4937 ad
1990 4885 2090 4937 im-

501 4988 803 5049 peratorem
849 4973 1057 5042 legatos
1098 4971 1316 5028 mittere
1361 4989 1468 5028 non
1513 4974 1655 5039 ausi,
1722 4981 1906 5044 utpote
1953 4974 2092 5028 mul-

2215 4879 2494 4942 Ῥενάλδος
2527 4881 2555 4930 ὁ
2597 4877 2856 4947 πρίγκιψ,
2902 4877 3074 4931 ταῦτα
3105 4877 3367 4948 ὁρῶντες,
3411 4881 3624 4952 βασιλεῖ
3676 4887 3781 4954 μὲν

2199 4972 2412 5042 οὐδαμῆ
2441 4969 2929 5041 διαπρεσϐεύεσθαι
2967 4969 3213 5040 ἐτόλμων
3241 4973 3335 5026 ἅτε
3360 4974 3574 5043 μεγάλα
3607 4975 3786 5039 ξυνει-

503 5082 680 5124 torum
721 5083 748 5120 a
786 5081 844 5122 se
882 5072 1314 5136 perpetratorum
1365 5066 1628 5120 malorum
1677 5067 1904 5130 conscii,
1947 5066 2083 5120 illius

2202 5064 2352 5124 δότες
2396 5064 2610 5126 ἑαυτοῖς
2676 5061 2844 5129 κακὰ,
2906 5063 3059 5134 παρὰ
3113 5062 3171 5116 δὲ
3221 5064 3332 5118 τῶν
3384 5069 3782 5136 γνησιωτάτων

504 5170 730 5233 agnatos
763 5158 1022 5230 quosdam
1069 5156 1287 5222 misere,
1334 5158 1424 5226 qui
1459 5171 1555 5228 pro
1601 5156 1666 5212 iis
1711 5157 1960 5211 eumdem
1996 5155 2092 5210 de-

2199 5157 2352 5229 αὐτῷ
2373 5175 2523 5220 τινας
2559 5158 2869 5225 πέμποντες
2903 5157 3150 5211 ἱκέτευον
3180 5157 3472 5212 ἱλάσασθαι
3507 5160 3659 5228 σφίσι
3686 5161 3784 5228 τὸν

1863 5266 1962 5327 Du
2006 5265 2230 5344 Cangit
2265 5273 2454 5327 notae.

578 5395 691 5466 ('22)
720 5392 1000 5459 Ἀλέξιον
1024 5391 1169 5466 μέν.
1202 5390 1612 5466 Expeditionem
1648 5392 1788 5466 lianc
1822 5387 2087 5466 Maituclis

511 5460 772 5522 adversus
814 5460 1083 5532 Armeniae
1111 5473 1165 5517 et
1197 5462 1498 5532 Antiochiae
1534 5463 1810 5532 principes
1842 5460 2087 5532 pluribus

513 5537 785 5605 prosecuti
818 5544 953 5605 sunt
975 5531 1192 5587 Nicetas
1233 5530 1545 5605 in_._'llan._|.
1577 5547 1635 5605 nr
1655 5573 1670 5597 ,
1701 5530 1755 5586 n.
1786 5531 1904 5605 iet
1932 5530 2006 5595 3;
2034 5540 2089 5605 et

521 5601 663 5659 thl.
697 5605 914 5675 Tyrius,
945 5604 982 5675 Ι,
1013 5619 1165 5667 xvnt,
1203 5617 1250 5656 c.
1278 5603 1350 5656 23
1381 5614 1434 5675 et
1465 5603 1558 5657 24.
1593 5602 1741 5675 lianc
1768 5602 1931 5675 etiam
1963 5601 2091 5675 atti-

515 5681 583 5742 git
619 5671 851 5737 l’liocas,
883 5673 975 5742 qui
1015 5675 1192 5728 eidem
1244 5674 1485 5726 interluit
1509 5684 1563 5728 et
1594 5671 1830 5727 Manucli
1862 5672 2087 5735 meruit,

517 5747 570 5797 in
606 5746 868 5810 Descript.
901 5744 964 5796 Τ.
995 5743 1054 5797 S.
1084 5759 1133 5798 c.
1166 5744 1258 5797 2i.

591 5814 701 5880 (‘23)
737 5814 972 5866 "H.1wrd
999 5830 1080 5867 rs.
1115 5815 1309 5882 Tyrius
1332 5813 1516 5877 {Tum
1551 5815 1752 5868 subitus
1783 5825 1954 5866 amem
1994 5810 2091 5865 fuit

2191 5389 2547 5458 imperialium
2596 5389 2922 5443 exercituum
2999 5391 3294 5450 adventus,
3360 5396 3414 5458 ut
3487 5389 3778 5458 prmdictns

2197 5457 2385 5523 Taras,
2419 5460 2508 5530 qui
2534 5458 2687 5512 Tarsi
2719 5469 2843 5514 hinc
2875 5464 3184 5513 morabatur
3205 5496 3221 5521 ,
3248 5459 3342 5530 νυὶε
3390 5457 3582 5530 liberas
3615 5461 3779 5527 ferias

2196 5527 2439 5583 habuerit
2470 5540 2525 5583 ut
2555 5531 2621 5583 ad
2662 5545 2860 5584 montes
2892 5531 3089 5584 vicinos
3121 5529 3292 5598 gratia
3335 5527 3524 5582 salutis
3565 5546 3618 5582 se
3658 5546 3781 5584 cau-

2225 5611 2381 5656 erret.

2285 5618 2309 5651 r
2367 5643 2381 5656 .

2199 5600 2384 5742 [frti/1)
2436 5669 2669 5740 Θωμᾶν.
2720 5669 2984 5724 Thomam
3018 5670 3176 5742 forte.
3228 5668 3418 5725 Torosi
3471 5683 3535 5722 ex
3592 5684 3784 5725 sorore

2201 5756 2473 5810 nepotem,
2517 5745 2605 5810 qui
2646 5742 2824 5797 eidem
2861 5743 2910 5794 in
2946 5741 3310 5809 principatum
3347 5742 3634 5794 successit.
