4058 6408
470 300 577 372 δᾶὸ

1758 312 2081 375 JOANNIS
2115 312 2442 374 ClNNABli

3627 314 3736 377 536

477 424 561 494 pit
591 427 905 496 adventum,
935 428 1352 497 Sancttegidiani
1381 430 1597 486 comitis
1630 430 1819 498 (ilium,
1844 430 2047 486 Italica:

2154 432 2253 503 τὴν
2284 430 2471 503 ἔφοδον
2494 432 2654 502 γνοὺς
2681 431 2774 486 τὸν
2802 432 3050 501 Σαγγέλη
3085 432 3271 485 ἔλυσεν
3292 433 3409 487 υίέα
3432 429 3544 503 (ιο)
3563 432 3735 502 ἄνδρα

471 516 650 584 gentis
677 518 877 586 virum,
905 533 1140 589 eumque
1170 522 1260 590 qui
1296 520 1603 578 Pulmstiuis
1637 532 1865 594 praeerat
1898 523 2048 592 equi-

474 608 638 675 tibus,
664 624 823 679 quem
852 612 1171 681 magistrum
1203 613 1387 685 templi
1415 613 1593 670 Latini
1622 622 1839 680 vocant,
1860 616 2050 670 ambos

472 699 721 758 homines
754 700 958 768 claros,
987 705 1302 762 carceribus
1333 707 1536 761 exemit
1566 706 1903 778 vinculisque
1936 708 2051 762 sol-

471 791 551 844 vlt
595 808 610 845 :
653 793 878 862 insuper
912 793 1080 850 etiam
1127 795 1261 851 alios
1301 796 1508 853 nobiles
1548 796 1884 867 complures;
1924 813 2048 867 gre-

473 884 640 954 gariae
674 899 806 939 vero
839 897 896 941 et
925 888 1129 956 passim
1167 888 1406 945 collecta:
1445 890 1809 946 multitudinis
1849 891 1916 945 ad
1952 905 2049 947 sex

472 977 664 1044 millia,
693 993 830 1049 quos
861 981 1100 1036 maxime
1125 981 1193 1036 de
1220 982 1638 1038 Alemannorum
1673 993 1727 1039 et
1751 983 2054 1041 Germano-

468 1084 597 1124 rum
624 1071 868 1126 exercitu
896 1082 1135 1141 ceperat,
1164 1087 1286 1128 cum
1317 1073 1515 1129 bellum
1546 1076 1598 1129 in
1625 1076 1754 1130 Asia
1785 1074 1861 1131 illi
1894 1091 2052 1145 gere-

470 1170 617 1216 rent.
648 1160 745 1218 His
782 1165 1040 1234 peractis,
1070 1174 1381 1220 secuturum
1415 1178 1476 1220 se
1507 1175 1770 1237 praeterea
1806 1168 1873 1223 ad
1910 1167 2052 1224 bella

467 1253 709 1310 Asiatica
744 1255 1047 1326 principem
1080 1256 1355 1327 pollicitus
1395 1266 1479 1313 est
1512 1257 1825 1316 Nuradinus
1870 1278 1887 1315 :
1928 1262 2053 1331 qui.

467 1344 570 1400 bus
611 1344 864 1401 admissis
908 1346 1317 1403 conditionibus
1360 1346 1662 1419 imperator
1700 1365 1729 1404 a
1772 1352 2053 1421 proposito

469 1436 698 1492 destitit.
737 1436 844 1493 Sed
896 1453 1005 1494 non
1056 1438 1230 1495 multo
1277 1440 1565 1512 interiecto
1609 1451 1855 1514 tempore
1899 1454 2053 1513 pacta

466 1530 575 1586 ista
624 1530 932 1586 convellere
985 1546 1272 1603 aggressus
1297 1542 1412 1600 est,
1458 1535 1559 1590 etsi
1621 1548 1742 1604 qua
1786 1545 2055 1593 statuerat

468 1622 611 1677 haud
643 1621 900 1690 confecit,
930 1625 1011 1678 uti
1038 1625 1298 1697 deinceps
1324 1628 1860 1683 commemorabitur.
1890 1626 2054 1683 Sara-

468 1728 732 1769 cenorum
777 1715 924 1769 enim
972 1729 1190 1784 agmen,
1218 1717 1391 1773 inscio
1428 1717 1728 1785 Nuradlno,
1757 1723 1813 1777 in
1847 1720 2052 1779 Roma-

468 1821 665 1862 norum
719 1806 929 1878 aliquot
976 1809 1069 1877 qui
1126 1808 1442 1878 pabulatum
1501 1812 1783 1878 exierant,
1833 1816 2055 1871 structis

467 1898 689 1953 insidiis
739 1899 1045 1955 irrucrunt.
1084 1899 1236 1966 Quod
1289 1901 1379 1955 ubi
1433 1901 1730 1973 imperator
1780 1907 2052 1978 cognovit,

467 1991 590 2046 loco
619 1999 673 2046 et
703 1991 819 2060 ipse
852 1991 1086 2047 maxime
1117 1990 1281 2062 189
1310 1991 1509 2048 idoneo
1534 1995 1761 2053 insidias
1793 1997 1956 2064 locat,
1989 2016 2053 2056 ac

468 2083 643 2153 prima
688 2082 808 2140 luce
853 2098 951 2139 nec
995 2084 1281 2153 opinantes
1328 2083 1594 2143 adoritur.
1628 2087 1725 2145 llis
1768 2090 1822 2146 in
1869 2090 2049 2160 fugam

466 2174 606 2230 actis
641 2175 872 2229 venandi
913 2185 1093 2232 tactus
1127 2173 1419 2246 desiderio,
1448 2179 1503 2234 in
1543 2181 1831 2250 superiora
1874 2181 2049 2255 Syria:

467 2265 585 2321 loca
610 2276 862 2322 venatum
890 2268 1023 2323 abiit
1049 2285 1065 2324 :
1091 2284 1205 2326 rem
1232 2286 1394 2328 ausus
1420 2287 1542 2343 quae
1567 2272 1669 2328 hac
1696 2282 1856 2330 aetate
1883 2276 2049 2331 etiam

468 2357 820 2415 audientibus
866 2360 1146 2416 horrorem
1187 2363 1436 2420 incutiat.
1471 2365 1856 2422 Praecedebant
1888 2367 2053 2437 igitur

465 2448 613 2504 haud
673 2450 793 2518 plus
849 2466 1013 2522 quam
1073 2469 1171 2509 sex
1218 2455 1360 2521 viri,
1414 2457 1505 2527 qui
1557 2455 1793 2512 ferarum
1853 2460 2050 2515 cubilia

465 2543 883 2614 investigarent.
914 2543 1024 2601 Nec
1056 2545 1215 2617 longe
1243 2549 1379 2603 adeo
1406 2558 1561 2605 erant
1593 2550 1892 2620 progressi,
1924 2567 2046 2607 cum

466 2644 703 2703 quatuor
731 2644 785 2691 et
816 2636 1003 2706 viginti
1031 2651 1094 2693 ex
1124 2637 1372 2695 hostibus
1401 2640 1596 2695 armati
1635 2641 1883 2711 prodiere
1910 2651 1963 2698 et
1994 2643 2047 2697 in

465 2740 658 2784 eurum
702 2738 1056 2797 conspectum
1104 2744 1330 2797 venere,
1371 2740 1431 2786 ut
1467 2733 1730 2802 quosdam
1776 2733 2051 2790 Romanos

467 2819 593 2876 dolo
624 2822 690 2876 ad
726 2822 964 2892 positum
998 2836 1029 2877 a
1066 2829 1219 2894 tergo
1249 2823 1304 2879 in
1336 2824 1552 2881 insidiis
1581 2826 1881 2882 exercitum
1924 2842 2050 2896 per-

465 2911 768 2969 traherent.
806 2912 980 2969 Simul
1023 2922 1186 2984 atque
1224 2915 1274 2971 id
1317 2917 1668 2972 adverterunt
1702 2918 1777 2973 illi
1811 2917 2047 2975 ferarum

464 3003 843 3075 indagatores,
879 3006 1143 3063 continuo
1196 3008 1250 3063 in
1298 3006 1683 3079 proﬂuentem,
1722 3012 1813 3082 qui
1862 3027 2045 3068 coram

2168 524 2367 578 Ἰταλὸν
2407 524 2500 577 καὶ
2548 524 2639 578 τὸν
2692 526 2805 588 τοῖς
2842 526 2900 577 ὲν
2944 523 3274 596 Παλαιστίνῃ
3323 526 3605 593 ὲφεστῶτι
3635 527 3729 577 ἱπ-

2151 614 2365 681 πεῦσιν,
2387 615 2447 669 δν
2469 615 2726 685 Τέμπλου
2743 616 3028 686 Μαῒστορα
3046 614 3399 686 (41)Λατῖνοι
3426 616 3736 685 ὀνομάζου-

2153 723 2259 771 σιν,
2286 706 2727 775 ἐπισημοτάτους
2784 705 2975 776 ἄμφω,
3000 705 3135 776 πρὸς
3162 705 3220 759 δὲ
3257 705 3354 758 καὶ
3393 706 3503 759 τῶν
3549 703 3608 759 εὖ
3644 724 3742 774 γε-

2152 797 2392 866 γονότων
2427 796 2677 860 πολλούς.
2709 797 2817 851 Τοῦ
2845 814 2909 865 γε
2941 796 3048 867 μὴν
3083 795 3345 864 ἀγελαίου
3383 797 3481 850 καὶ
3497 797 3741 865 σύγκλυ-

2153 890 2241 954 δος
2290 890 2450 961 δχλου
2512 892 2592 955 είς
2645 889 3043 960 ἑξακισχιλίους
3100 889 3359 959 μάλιστα,
3413 889 3465 943 οἳ
3515 892 3580 944 ὲκ
3636 889 3741 959 τῆς

2166 984 2489 1054 ’Δλαμανῶν
2530 984 2625 1038 καὶ
2650 983 2954 1055 Γερμανῶν
3012 981 3316 1053 ἐτύγχανον
3354 981 3740 1053 ἐζωγρημένοι

2153 1074 2327 1147 τούτῳ
2355 1077 2635 1146 στρατιᾶς,
2668 1076 2907 1146 ὁπηνίκα
2931 1076 3131 1129 ἐκεῖνοι
3178 1074 3272 1128 ἐπὶ
3314 1075 3500 1129 Ἀσίαν
3541 1076 3743 1145 ὲστρά-

2155 1184 2334 1222 τευον.
2358 1167 2542 1222 Ταῦτα
2563 1167 2836 1238 Νουραδὶν
2862 1166 3063 1228 ἐποίει,
3099 1167 3235 1238 πρὸς
3266 1166 3325 1221 δὲ
3385 1168 3482 1220 καὶ
3513 1166 3742 1219 συνδια-

2157 1260 2348 1329 φέρειν
2404 1256 2621 1329 βασιλεῖ
2666 1257 2766 1322 τὰς
2815 1259 2873 1311 ὲν
2938 1258 3080 1329 Δσίᾳ
3135 1256 3517 1328 διωμολόγηκε
3553 1258 3745 1329 μάχας

2157 1352 2243 1420 ἐφ’
2275 1347 2356 1415 οἷς
2390 1351 2828 1423 προσδεξάμενος
2860 1351 3025 1405 αὑτὸν
3071 1350 3344 1423 ἀπέσχετο
3376 1351 3473 1404 τοῦ
3505 1350 3741 1405 σκοποῦ.

2170 1444 2313 1498 Ἀλλ’
2354 1444 2521 1515 ὀλίγῳ
2574 1443 2804 1514 ὕστερον
2857 1443 3150 1498 καταλύειν
3188 1443 3422 1515 ὡρμήθη
3453 1443 3521 1496 τὰ
3582 1443 3736 1496 δεδο-

2158 1537 2359 1608 γμένα·
2408 1537 2468 1590 οὐ
2500 1537 2723 1608 μήνκαὶ
2768 1535 2968 1606 πέρατι
3017 1535 3109 1589 τὸν
3154 1534 3357 1589 σκοπδν
3413 1534 3637 1597 ἔδωκεν,
3662 1533 3745 1597 ὡς

2158 1632 2318 1702 δῆλον
2342 1631 2472 1701 ἑξῆς
2526 1630 2844 1701 γενήσεται.
2878 1628 3218 1703 Σαρακηνῶν
3268 1627 3377 1699 γὰρ
3400 1627 3611 1693 ὅμιλος,
3640 1625 3742 1680 τοῦ

2161 1724 2433 1794 Νουραδὶν
2492 1721 2658 1793 μηδὲν
2726 1720 3048 1784 συνειδότος,
3080 1719 3559 1792 προσλοχήσαντες
3590 1717 3747 1771 Ῥω-

2164 1815 2342 1887 μαίων
2369 1816 2479 1869 τῶν
2502 1815 2596 1869 ἐπὶ
2623 1814 3007 1884 χορταγωγίαν
3044 1812 3233 1866 ἰόντων
3265 1811 3506 1865 ἐκάκουν
3555 1811 3740 1871 τινάς.

2164 1910 2232 1961 ’0
2271 1908 2432 1976 γνοὺς
2467 1905 2721 1977 βασιλεὺς
2751 1905 2973 1976 ἐνέδρας
3011 1904 3108 1959 καὶ
3141 1902 3305 1966 αὐτὸς
3336 1904 3396 1956 ὲν
3440 1904 3744 1973 ἐπιτηδείῳ

2157 2015 2261 2053 που
2294 1995 2387 2051 τοῦ
2437 1997 2618 2069 χώρου
2651 1995 2865 2049 ἐκείνου
2924 1994 3266 2067 στησάμενος
3290 1994 3405 2064 ἅμα
3434 1994 3617 2065 ἡμέρῃ
3645 1995 3745 2047 καὶ

2156 2089 2320 2153 αὐτὸς
2348 2087 2757 2144 συνεπιτίθεται
2783 2086 2997 2149 τούτοις
3025 2085 3192 2157 μηδὲν
3225 2085 3565 2156 προῖδοῦσιν.
3583 2085 3745 2138 Ἐπεὶ

2155 2182 2214 2237 δὶ
2241 2180 2529 2253 ἐτρέψατο,
2585 2179 2927 2248 κυνηγεσίων
2999 2178 3345 2248 ἐπιθυμήσας
3390 2175 3537 2248 ἐξῄει
3586 2177 3743 2246 παρὰ

2154 2277 2267 2337 τοῖς
2313 2272 2579 2327 ἀνωτάτω
2639 2271 2846 2333 πεδίοις
2903 2269 3104 2338 Συρίας
3165 2269 3479 2340 θηρεύσων,
3503 2270 3742 2339 πρᾶγμα

2154 2366 2299 2419 κατὰ
2361 2365 2489 2428 τοὺς
2533 2365 2631 2417 νῦν
2691 2363 2922 2433 χρόνους
2964 2363 3061 2416 καὶ
3106 2360 3445 2429 ἀκουσθῆναι
3483 2360 3739 2429 φοϐερόν.

2152 2456 2441 2529 Προῄεσαν
2506 2455 2692 2510 τοίνυν
2738 2452 2909 2508 αὑτοῦ
2974 2454 3192 2525 ἄνδρες,
3236 2449 3320 2517 οἷς
3360 2452 3521 2522 ἔργον
3554 2450 3745 2521 κοίτας

2152 2548 2341 2620 θηρῶν
2369 2548 2694 2619 ἀνιχνεύειν,
2722 2548 2785 2602 ού
2820 2546 3043 2610 πλείους
3062 2547 3172 2601 τῶν
3193 2546 3276 2614 ἐξ·
3300 2545 3417 2601 ἀλλ’
3457 2543 3612 2598 οὔπω
3640 2543 3741 2597 ἐπὶ

2153 2644 2410 2698 πλεῖστον
2467 2641 2745 2713 προῆλθον
2778 2678 2796 2708 ,
2877 2640 2975 2694 καὶ
3029 2638 3301 2711 τέσσαρες
3337 2680 3352 2704 ,
3415 2636 3511 2691 καὶ
3563 2635 3744 2689 εἴκοσι

2153 2737 2431 2806 πολεμίων
2479 2734 2773 2805 ὁπλοφόροι
2828 2730 3230 2803 παρεφάνησαν
3277 2728 3516 2792 τούτοις,
3578 2728 3747 2799 ἔργον

2152 2820 2491 2899 ποιούμενοι,
2554 2829 2703 2891 ὅπως
2754 2825 3047 2896 Ῥωμαίων
3112 2821 3266 2888 τινὰς
3325 2822 3464 2893 δόλῳ
3517 2823 3610 2874 ἐπὶ
3641 2821 3747 2885 τὴν

2153 2922 2300 2977 κατά
2353 2921 2525 2977 νώτου
2578 2919 2891 2991 ὲλλοχῶσαν
2934 2914 3389 2987 παρεξελκύσωσι
3447 2913 3741 2984 στρατιάν.

2159 3017 2319 3087 ’Ἅμα
2343 3032 2403 3067 τε
2442 3013 2537 3068 οὖν
2596 3008 2735 3068 εῐδον
2762 3012 2809 3065 οἱ
2845 3009 3179 3081 θηροσκόποι
3237 3006 3460 3065 ἐκεῖνοι,
3499 3005 3595 3059 καὶ
3625 3005 3746 3072 ἅμα

463 3097 687 3160 aderat,
734 3112 952 3154 amnem
1019 3113 1143 3155 sese
1197 3100 1501 3169 demisere,
1553 3102 1841 3174 nandoque
1896 3104 2046 3158 illum

2154 3110 2208 3172 ἒς
2237 3108 2300 3162 τὸ
2331 3105 2427 3161 τοῦ
2492 3104 2648 3178 παρὰ
2679 3104 2849 3168 πόδας
2890 3102 3079 3164 αὐτοῖς
3105 3098 3358 3169 ποταμοῦ
3378 3097 3560 3169 ῥεῦμα
3599 3097 3738 3151 καθ-

464 3189 673 3246 emensi
723 3191 1055 3248 contendere
1104 3192 1172 3249 ad
1225 3192 1640 3263 imperatorem,
1674 3205 1728 3251 et
1774 3211 1897 3267 quae
1945 3197 2047 3254 sibi

461 3283 792 3339 accidissent
827 3285 1086 3341 retulere.
1120 3283 1320 3342 Verum
1364 3286 1457 3343 ille
1500 3287 1632 3344 nihil
1678 3289 1865 3360 utique
1904 3290 2049 3362 ejus-

462 3370 607 3431 mo'di
658 3378 1014 3447 perturbatus
1063 3379 1253 3435 nuntio
1304 3396 1318 3433 :
1378 3398 1398 3433 ι
1453 3376 1677 3448 Eamus,
1714 3382 1909 3454 inquit,
1942 3400 2049 3455 quo

461 3469 584 3524 loco
620 3483 743 3525 esse
780 3470 989 3526 hostem
1024 3471 1226 3527 dicitis.
1264 3489 1284 3522 ι
1327 3472 1463 3527 Cum
1498 3489 1627 3529 vero
1661 3485 2051 3532 cunctarentur

462 3562 523 3625 ii,
553 3562 669 3631 ipse
704 3561 959 3617 admissis
990 3562 1218 3618 habenis
1249 3577 1389 3633 equo
1420 3564 1473 3618 in
1507 3566 1692 3621 hostes
1717 3565 1907 3621 fertur.
1940 3565 2048 3623 Sed

468 3669 595 3710 mox
634 3658 953 3710 inuumerus
989 3653 1384 3711 Saracenorum
1418 3659 1692 3713 exercitus
1726 3674 1891 3730 super
1916 3660 2051 3716 locis

466 3746 573 3801 illis
599 3748 894 3817 derepente
919 3746 1317 3817 apparuit.Nec
1342 3758 1628 3805 cunctatus
1653 3760 1829 3806 tamen
1858 3768 2052 3823 magno

464 3840 674 3909 impetu
714 3839 767 3893 in
806 3840 1014 3895 medios
1056 3839 1217 3894 irruit
1254 3839 1564 3908 bellatores,
1599 3841 1777 3913 iisque
1824 3860 2051 3900 numero

464 3928 597 3985 licet
626 3928 1076 4000 prmpollentibus
1109 3928 1160 3983 in
1193 3930 1376 4001 fugam
1403 3933 1600 3996 versis,
1625 3934 1832 4005 insequi
1868 3935 2051 3992 hostes

465 4038 574 4078 non
608 4022 757 4093 prius
789 4022 1019 4090 abstitit,
1046 4038 1207 4093 quam
1238 4024 1289 4077 in
1323 4022 1626 4092 adjacentia
1654 4028 1901 4097 praesidia
1928 4045 2050 4084 sese

462 4114 831 4184 recepissent;
882 4114 1059 4184 isque,
1098 4114 1189 4170 ubi
1241 4115 1485 4181 praelium
1532 4118 1783 4187 contigit,
1820 4134 2049 4190 campus

466 4222 737 4263 caesorum
775 4208 1099 4277 corporibus
1129 4216 1353 4279 opertus
1387 4216 1491 4264 est.
1522 4205 1605 4265 0b
1639 4210 1753 4265 hmc
1787 4211 1950 4279 igitur
1982 4211 2047 4267 ad

462 4301 766 4356 exercitum
814 4316 1086 4367 reversus,
1118 4317 1238 4372 quae
1280 4303 1593 4358 sanciverat
1624 4313 1777 4374 pacta
1814 4305 2048 4369 solvere,

463 4402 523 4445 ut
572 4392 715 4457 dixi,
750 4392 919 4447 voluit
967 4410 982 4449 :
1025 4395 1122 4449 sed
1164 4394 1311 4449 allati
1354 4410 1420 4449 ex
1467 4394 1761 4453 Occidente
1803 4413 2052 4454 rumores

462 4482 707 4551 quidam,
738 4498 823 4538 res
862 4484 1021 4555 190
1048 4485 1119 4540 ibi
1155 4487 1338 4542 novari
1367 4489 1707 4555 nuntiantes,
1732 4489 1801 4545 ab
1829 4491 2046 4563 incepto
2084 4474 2125 4530 ί)

461 4592 585 4630 eum
630 4577 977 4646 prohibuere.
1013 4578 1212 4634 Eodem
1257 4581 1420 4635 etiam
1464 4588 1709 4651 tempore
1749 4580 2041 4639 Balduinus

462 4686 626 4725 manu
662 4671 823 4725 laesus
855 4681 938 4727 est
972 4672 1235 4741 ejusmodi
1272 4674 1339 4726 ab
1375 4689 1561 4728 causa.
1597 4673 1828 4731 Venanti
1878 4679 1944 4733 iis
1988 4681 2038 4733 in

460 4761 598 4819 locis
644 4763 911 4834 principi,
952 4765 1139 4819 aderat
1182 4775 1238 4819 et
1278 4767 1394 4833 ipse
1443 4766 1494 4820 in
1538 4782 1601 4821 ea
1651 4767 2040 4825 exercitatione

459 4857 662 4910 socius.
713 4851 851 4909 Nam
907 4855 997 4925 qui
1060 4856 1114 4909 in
1169 4859 1381 4911 cmteris
1437 4858 1600 4912 rebus
1654 4858 2039 4927 imperatorem

461 4944 858 5014 admirabatur,
894 4960 1021 5001 num
1067 4956 1121 5003 et
1168 4947 1220 5001 in
1265 4963 1328 5002 ca
1378 4957 1675 5019 prmstaret,
1715 4964 2044 5021 cognoscere

2151 3205 2294 3273 ἧκαν
2332 3200 2561 3263 ἑαυτοὺς
2583 3196 2971 3268 διανηξάμενοι
2998 3212 3058 3249 τε
3094 3195 3186 3249 ἐπὶ
3219 3192 3453 3263 βασιλέα
3476 3187 3643 3263 ἦλθον
3670 3192 3747 3246 τά

2153 3291 2601 3365 συμπεπτωκότα
2660 3288 2814 3359 σφίσι
2870 3285 3191 3358 μηνύοντες.
3251 3284 3314 3337 '0
3366 3283 3424 3338 δὲ
3470 3283 3608 3354 πρὸς
3636 3280 3744 3352 τήν

2150 3384 2322 3456 ἀκοήν
2351 3384 2413 3438 οὐ
2463 3378 2855 3452 διαταραχθεὶς
2895 3396 2914 3428 ι
2961 3375 3245 3445 Ἄγωμεν,
3298 3374 3428 3444 ἔφη,
3457 3372 3590 3427 ἔνθα
3610 3371 3746 3435 τοὺς

2151 3477 2448 3547 πολεμίους
2467 3471 2611 3529 εἶναι
2648 3472 2843 3543 φατέ.»
2874 3470 2996 3525 Τῶν
3019 3470 3075 3524 δὲ
3104 3470 3326 3539 ὀκνήσει
3354 3466 3523 3538 πολλῇ
3544 3467 3748 3536 ἐχομέ-

2150 3586 2279 3633 νων,
2316 3566 2481 3631 αύτὺς
2504 3567 2602 3619 ὅλα
2622 3564 2701 3635 τῷ
2731 3565 2885 3634 ἵππῳ
2919 3561 3221 3630 ἐπιτρέψας
3253 3560 3447 3631 χαλινά
3478 3560 3579 3629 τήν
3636 3560 3735 3612 ἐπὶ

2151 3666 2278 3728 τοὺς
2312 3662 2610 3732 πολεμίους
2668 3658 2922 3729 ἐφέρετο.
2973 3654 3239 3720 Ἐεάπινα
3266 3655 3450 3710 τοίνυν
3481 3653 3744 3724 Σαρακη-

2152 3756 2258 3811 νῶν
2310 3752 2543 3819 στρατιὰ
2570 3752 2680 3806 τῶν
2727 3751 2855 3821 τῇδε
2898 3748 3264 3819 ὑπερκύψαντα
3297 3747 3492 3817 χωρῶν
3547 3759 3745 3816 μυριο-

2152 3847 2368 3918 πληθής
2407 3842 2669 3913 ὲξεφάνη.
2704 3841 2764 3895 Ὀ
2817 3840 2875 3894 δὲ
2908 3840 3070 3911 μηδὲν
3125 3837 3586 3898 ὑποστειλάμενος
3642 3837 3745 3890 σὺν

2155 3941 2307 4014 ῥύμῃ
2332 3937 2501 4010 πολλῇ
2561 3935 2715 4006 παρά
2747 3935 2945 4005 μέσους
2974 3934 3254 3987 εἰσπίπτει
3289 3932 3489 4006 ἄνδρας
3512 3930 3745 3995 ὁπλίτας

2152 4031 2297 4086 οὕτω
2318 4028 2570 4091 πολλοὺς,
2600 4027 2697 4081 καὶ
2725 4025 2790 4095 δὴ
2821 4022 3169 4097 τρεψάμενος
3203 4022 3401 4085 αὐτοὺς
3452 4022 3512 4074 οὐ
3544 4021 3743 4091 πρότε-

2157 4141 2247 4195 ρον
2278 4118 2489 4175 διώκων
2545 4116 2847 4180 ἐπαύσατο,
2912 4116 3043 4185 πρὶν
3077 4113 3229 4177 ἐντὸς
3284 4112 3563 4184 φρουρίων
3594 4113 3747 4182 ἀπερ

2153 4210 2390 4267 ἐνταῦθα
2423 4208 2635 4280 ἵδρυται
2711 4207 3002 4259 εἰσέπεσον
3060 4203 3359 4273 φεύγοντες
3388 4202 3438 4256 οί
3466 4202 3743 4271 πολέμιοι,

2152 4303 2365 4375 νεκρῶν
2397 4320 2454 4356 τε
2492 4297 2738 4371 ἐπλήσθη
2762 4298 2824 4352 τὸ
2854 4297 3042 4352 πεδίον
3076 4297 3277 4351 ἐκεῖνο.
3311 4295 3410 4349 Διά
3441 4293 3616 4350 ταῦτα
3639 4293 3742 4364 μὶν

2152 4399 2246 4453 οὖν
2279 4397 2373 4450 ἐπὶ
2399 4394 2461 4448 τὸ
2486 4391 2849 4463 στρατόπεδον
2905 4390 3271 4460 ἀναχωρήσας
3301 4386 3373 4441 τὰ
3418 4386 3741 4456 δεδογμένα,

2153 4489 2346 4555 ῶσπερ
2396 4486 2636 4553 εἴρηται,
2708 4483 3037 4553 παρακινεῖν
3090 4480 3309 4553 ἤθελεν.
3351 4478 3513 4533 Ἀλλά
3560 4478 3742 4548 φῆμαί

2152 4598 2297 4645 τινες
2328 4583 2384 4643 ἐς
2410 4579 2652 4648 ἑσπέρας
2683 4574 3020 4637 ὲπισπῶσαι,
3048 4574 3104 4627 αἶ
3136 4572 3201 4643 δὴ
3240 4571 3622 4642 νεοχμωθῆναι
3674 4570 3740 4624 τά

2151 4672 2279 4741 τῇδε
2311 4665 2619 4737 διήγγελον,
2645 4662 2980 4718 διεκώλυσαν
2999 4661 3188 4716 τοῦτον
3212 4660 3313 4730 τῆς
3339 4660 3739 4731 ἐγχειρήσεως.

2152 4763 2240 4837 [Ρ.
2276 4758 2398 4831 H0]
2429 4759 2565 4814 Τότε
2592 4758 2686 4811 καλ⁵
2714 4756 3021 4840 βαλδουίνῳ
3046 4753 3158 4825 (4‘2)
3178 4754 3525 4821 κατεάγηκεν
3556 4754 3588 4820 ἠ
3615 4754 3742 4821 χεὶρ

2149 4857 2246 4913 ἀπ’
2270 4855 2449 4917 αἰτίας
2480 4851 2715 4907 τοιᾶσδε.
2743 4848 3109 4921 Θηρευομένῳ
3142 4846 3379 4899 ἐνταῦθα
3420 4845 3497 4915 τῷ
3528 4844 3742 4914 βασιλεῖ

2151 4951 2335 5021 παρῆν
2370 4947 2464 5001 καὶ
2489 4943 2654 5006 αὐτὸς
2704 4942 2799 4996 τοῦ
2830 4939 3137 5012 γυμνασίου
3167 4937 3450 5003 κοινωνός.
3477 4938 3599 5001 Τοῖς
3626 4940 3739 5008 γὰρ

1810 5049 1900 5107 Du
1948 5046 2168 5129 Cangii
2208 5052 2397 5106 noue.

534 5142 648 5214 (40)
718 5142 1131 5216 ΤὸννΣαγτέλη
1181 5143 1335 5200 υἱέα.
1395 5143 1800 5216 Τγτίηεειηίίε
1864 5150 2039 5201 missis

460 5212 661 5269 nuntiis
695 5217 763 5267 ad
807 5212 1162 5280 Noru’diuunu,
1189 5216 1273 5285 qui
1302 5212 1457 5285 forte!
1480 5212 1720 5281 lin/apiw
1749 5230 1871 5272 tunc
1901 5228 2037 5281 erat,

461 5286 653 5355 obtinet
691 5300 783 5354 per
828 5286 1022 5355 legium
1087 5283 1366 5349 quemdam
1409 5285 1764 5340 Bertramlum
1829 5290 2039 5343 comitis

460 5351 646 5409 Sancti
666 5351 1194 5422 ﬁgidii'naturalem
1223 5355 1388 5421 ﬁlium
1416 5373 1533 5409 cum
1566 5359 1879 5424 quibusdam
1920 5360 2044 5413 aliis

461 5427 786 5494 conruptivis
841 5428 940 5478 sibi
990 5427 1128 5479 dari.
1186 5424 1305 5485 Ipse
1359 5443 1475 5478 vero
1541 5428 1870 5483 postmodum
1940 5447 2041 5481 non

462 5496 631 5548 multo
698 5499 972 5562 interfecto
1037 5496 1283 5561 teutporit
1341 5497 1620 5549 interralt’o
1676 5500 2040 5562 revocantibus

462 5580 580 5617 eum
629 5566 771 5618 curis
804 5558 1123 5630 domesticis,
1143 5558 1228 5617 'ad
1256 5568 1467 5631 propria
1521 5584 1748 5620 reversus
1791 5579 1886 5620 est.
1919 5558 2042 5623 Fuit

462 5632 794 5708 liertgandus
848 5636 1106 5708 Alphousi
1133 5636 1578 5708 _Sanct:t{gidiuni
1612 5654 1704 5690 seu
1739 5639 1794 5691 S.
1839 5637 2042 5708 Aigidii

463 5703 545 5753 vel
587 5702 796 5756 Tolosa:
828 5702 1045 5757 cornitis
1094 5706 1233 5758 ﬁlius
1275 5706 1494 5767 nothus,
1527 5708 1617 5773 qui
1649 5702 2041 5772 exstincto'pzt-

465 5780 617 5826 rente
661 5776 799 5843 apud
831 5772 1135 5830 Cmsarcam
1190 5775 1486 5831 Palestina:
1545 5794 1634 5833 an.
1698 5779 1857 5846 1118,
1913 5781 2039 5831 dum

2148 5155 2386 5201 castrum
2437 5142 2710 5213 quoddam
2760 5137 2981 5213 comitis
3007 5133 3327 5206 Tripolitani
3356 5131 3620 5213 patruelis
3655 5131 3736 5213 sui

2150 5201 2544 5285 ingrederetur,
2592 5210 2715 5285 dolo
2771 5208 3019 5285 ejuidetn
3069 5201 3200 5285 cunt
3258 5201 3449 5285 sortire
3484 5201 3739 5258 aTurcis

2146 5276 2337 5353 captus
2382 5293 2486 5347 est,
2532 5282 2605 5334 uti
2648 5288 2834 5353 narrat
2861 5277 3131 5353 Rober_tus
3171 5276 3237 5330 de
3254 5276 3470 5353 Monte.

2219 5342 2333 5421 (41)
2361 5342 2644 5420 Τέμπλου
2673 5349 2994 5421 μαΐστορα.
3026 5348 3335 5421 Bernar.|_us
3364 5347 3430 5421 _de
3463 5342 3739 5421 Tremelny

2147 5414 2242 5482 seu
2280 5414 2345 5479 de
2373 5414 2689 5496 Tr'emt-lay;
2726 5414 2907 5487 cujus'
2938 5418 3183 5496 meminit
3250 5415 3469 5496 Tyrius,
3502 5414 3566 5496 nl.
3602 5429 3739 5478 xm,

2146 5512 2195 5552 c.
2248 5496 2339 5558 2i,
2382 5502 2501 5547 erat
2542 5485 2644 5546 hac
2673 5485 2998 5556 tempestate
3036 5485 3559 5558 magistcr‘Templi.

2221 5553 2337 5633 (ίὲ)
2380 5563 2519 5617 Τότε
2547 5553 3070 5633 καί-Βαζιδουίνῳ.
3132 5557 3187 5611 ld
3231 5556 3401 5633 ipsum
3468 5557 3633 5607 etiam
3673 5553 3738 5609 de

2150 5627 2411 5692 liniduiuo
2436 5632 2627 5687 scribit
2663 5629 2883 5702 Tyrius,
2907 5630 2955 5703 _l.
2996 5643 3153 5703 xvrtt,
3185 5644 3235 5681 c.
3270 5627 3357 5703 l5,
3391 5636 3445 5680 et
3473 5635 3738 5703 quantum

2150 5704 2361 5760 Mulltlcl
2416 5704 2528 5768 ipse
2604 5704 2653 5755 in
2712 5696 2954 5753 curando
3006 5700 3149 5768 regis
3215 5696 3438 5752 vulnere
3496 5696 3736 5750 Studium

2148 5775 2454 5834 adhibuerit
2503 5781 2754 5830 accurate
2777 5778 3021 5826 enarrat.
