4058 6442
400 326 505 388 539

1698 326 2020 389 JOANNIS
2057 324 2388 385 CINN'ASII

3561 323 3674 390 540

402 443 568 497 ferre.
621 441 773 508 Quod
830 441 1046 510 quidem
1106 457 1210 496 non
1265 442 1475 497 modice
1526 458 1639 498 rem
1709 442 1982 498 Persicam

2104 445 2290 513 ἔχοιεν,
2313 443 2450 512 ὅπερ
2483 442 2563 505 είς
2613 441 2774 513 ἔργον
2807 441 2978 496 ἐκόἀν
3046 441 3260 512 μεγάλα
3293 441 3393 510 τὴν
3443 441 3677 510 Περσῶν

402 533 603 590 affecit.
639 535 705 586 At
753 534 1022 603 princeps.
1059 534 1305 588 biberuio
1356 533 1468 604 jam
1514 535 1830 590 imminente
1865 537 1978 589 so!-

404 627 580 692 stitio,
609 641 704 694 per
738 625 932 678 fretum
983 624 1477 695 llelleSpoutiacum
1533 626 1585 680 in
1620 628 1801 682 Asiam
1833 628 1983 696 traji-

403 718 574 780 ciens,
609 718 676 771 ad
712 717 1014 788 Dorylteum
1048 733 1220 785 usque
1246 720 1511 787 pervenit,
1542 720 1686 775 circa
1727 721 1859 774 duos
1885 721 1983 773 flu-

402 811 542 866 vios.
576 827 805 880 quorum
839 813 979 867 alter
1008 811 1075 864 ab
1107 813 1298 867 incolis
1343 813 1568 883 Batbys,
1598 815 1738 867 alter
1787 814 1983 883 Tybris

403 909 670 966 meatur;
707 916 769 954 ac
798 900 1226 967 circumjacente
1255 903 1474 970 regione
1519 904 1820 965 devastata,
1856 903 1982 957 inli-

404 992 570 1045 nitam
605 992 729 1046 inde
770 991 1046 1046 hominum
1083 1008 1447 1064 pecorumque
1479 995 1704 1049 abduxit
1738 994 1984 1048 multitu-

405 1084 610 1138 dinem.
640 1082 821 1138 Persae
850 1099 1001 1146 vero.
1027 1099 1148 1139 eum
1170 1085 1280 1154 jam
1303 1085 1549 1138 ultimum
1573 1085 1674 1140 sibi
1701 1085 1987 1139 imminere

406 1186 687 1230 cernerent
715 1176 1028 1242 discrimen,
1067 1191 1160 1246 per
1189 1186 1397 1233 turmas
1422 1186 1477 1233 et
1508 1178 1700 1248 globos
1729 1188 1988 1234 coeuntes

408 1269 646 1338 conspici
682 1285 915 1339 rmpere.
951 1269 1157 1326 Interea
1199 1271 1514 1340 imperator,
1547 1272 1669 1328 aliis
1709 1270 1988 1327 Romano-

407 1372 529 1410 rum
580 1359 750 1428 copiis
799 1359 865 1412 ad
910 1359 1068 1413 obvia
1103 1374 1332 1429 quaeque
1370 1361 1743 1431 depopulanda
1781 1363 1987 1428 missis,

408 1461 531 1501 cum
559 1447 744 1516 paucis
770 1463 800 1503 e
823 1449 934 1505 suis
960 1449 1013 1503 in
1038 1448 1152 1503 loca
1175 1450 1404 1506 editiora
1433 1454 1709 1524 profectus
1737 1456 1992 1512 occinere

412 1541 571 1594 tubas
605 1539 764 1610 192
807 1542 1185 1609 imperatorias
1218 1542 1391 1612 jubet,
1425 1555 1482 1599 ut
1507 1559 1572 1600 ac
1607 1547 1821 1600 ratione
1863 1562 1987 1617 per—

411 1637 581 1684 terret
617 1631 822 1693 hostes,
859 1634 989 1686 dum
1023 1635 1316 1703 principem
1352 1635 1522 1691 hostis
1557 1650 1788 1705 prmesse
1821 1637 1992 1707 copiis

2087 539 2350 603 ἐλύπησε.
2391 534 2656 602 Βασιλεύς
2683 535 2741 587 δέ
2780 535 2903 587 ἐπεὶ
2928 533 3073 602 ἀμφὶ
3108 534 3318 603 τροπὰς
3349 532 3450 603 ἥδη
3481 549 3675 602 χειμε-

2091 629 2244 699 ρινὰς
2297 629 2325 680 ό
2359 627 2512 697 ἥλιος
2577 627 2817 694 ἐγένετο,
2842 626 2931 681 διὰ
2959 625 3053 679 τοῦ
3099 625 3501 695 Ἑλλησπόντου
3539 641 3676 693 πορ-

2089 719 2228 790 θμοῦ
2265 721 2361 773 ἐπὶ
2397 718 2584 772 Ἀσίαν
2633 718 2828 781 διαϐὰς
2881 718 3011 787 ἄχρι
3043 716 3341 788 Δορυλαίου
3373 711 3507 786 ἦλθε
3540 715 3677 784 περὶ

2089 813 2260 882 ἄμφω
2303 811 2381 864 τὼ
2416 808 2668 880 ποταμὼ,
2731 803 2806 862 ὧν
2835 811 2862 863 ὀ
2895 811 2996 880 μὲν
3031 809 3212 871 Βαθὺς
3258 809 3394 878 πρὸς
3429 808 3538 862 τῶν
3582 809 3679 876 ἐγ-

2089 907 2328 976 χωρίων,
2364 904 2567 976 Θύϐρις
2592 903 2650 957 δέ
2689 903 2881 968 ἅτερος
2911 902 2998 974 [Ρ.
3035 901 3164 972 11⁸2]
3188 901 3543 970 ὀνομάζεται,
3573 901 3679 968 τὴν

2092 995 2402 1063 περιοικίδα
2423 1012 2484 1048 τε
2515 997 2695 1049 πᾶσαν
2725 993 3090 1061 καταδραμὼν
3119 992 3322 1063 μυρίαν
3355 993 3564 1044 ἐκεῖθεν
3591 993 3685 1045 ἀν-

2091 1089 2234 1159 δρῶν
2298 1087 2393 1142 καὶ
2449 1087 2603 1152 ζώων
2659 1085 2836 1141 ἄλλων
2897 1086 3067 1155 ηλασε
3123 1083 3356 1154 πληθύν.
3387 1084 3596 1152 Πέρσαι
3621 1082 3680 1136 δὲ

2093 1181 2191 1250 τῆς
2228 1181 2338 1234 τῶν
2384 1183 2665 1250 σφετέρων
2698 1178 3013 1250 αἰσθόμενοι
3055 1177 3330 1239 ἀπωλείας
3383 1176 3527 1230 κατά
3583 1193 3682 1229 συ-

2097 1275 2355 1344 στήματα
2386 1273 2480 1326 καὶ
2504 1272 2700 1344 λόχους
2727 1272 2828 1344 ήδη
2858 1269 3259 1343 προφαίνεσθαι
3280 1267 3541 1340 ἤρξαντο.
3563 1268 3682 1320 Βα-

2097 1367 2280 1432 σιλεὺς
2306 1365 2362 1420 δέ
2390 1365 2482 1418 τδν
2527 1365 2630 1435 μὲν
2668 1364 2829 1418 ἀλλον
2843 1363 3132 1432 Ῥωμαίων
3161 1376 3397 1431 στρατον
3417 1358 3679 1430 ληῖσόμε-

2096 1477 2187 1512 νον
2213 1459 2283 1511 τά
2312 1459 2370 1510 ἐν
2404 1458 2561 1510 ποσὶν
2591 1455 2860 1526 ἔπεμψεν,
2921 1455 3084 1518 αὐτὸς
3110 1453 3169 1507 δὲ
3201 1453 3295 1507 ἐπὶ
3326 1451 3397 1505 τὰ
3451 1451 3680 1505 ἄποπτα

2096 1548 2208 1602 τῶν
2239 1548 2367 1618 τῇδε
2395 1546 2616 1618 χωρίων
2663 1543 3003 1616 ἀναδραμὼν
3035 1545 3132 1599 σὺν
3163 1543 3369 1612 ὀλίγοις
3397 1543 3509 1596 τῶν
3550 1542 3685 1611 περὶ

2098 1641 2258 1696 αὐτὸν
2296 1640 2601 1694 ἀνατείνειν
2630 1639 2730 1704 τὰς
2762 1638 3071 1708 βασιλείους
3134 1637 3392 1690 ἐκέλευσε
3440 1636 3684 1704 φόρμιγ-

411 1735 728 1788 persuasum
760 1724 1044 1778 haberent.
1083 1723 1250 1779 Multa
1283 1727 1429 1781 enim
1463 1728 1516 1781 in
1554 1726 1822 1784 Barbaros
1857 1730 1988 1784 istos

2104 1749 2204 1802 γας
2252 1732 2390 1803 (14),
2442 1732 2564 1790 δέος
2613 1729 2871 1783 ἐντεῦθεν
2932 1730 3186 1799 ἐμποιεῖν
3246 1731 3359 1791 τοῖς
3396 1725 3684 1795 πολεμίοις

411 1824 606 1882 suapte
630 1830 789 1868 manu
820 1816 1244 1886 exsequebatur,
1272 1829 1327 1874 et
1356 1821 1400 1875 si
1438 1822 1656 1890 quando
1690 1823 1756 1877 iis
1797 1839 1862 1878 ex
1893 1824 1996 1877 im-

2104 1798 2498 1895 μηχανώμενος
2524 1821 2755 1892 βασιλέα
2783 1820 2880 1874 τοῦ
2909 1798 3149 1891 πολέμου
3171 1819 3329 1873 τοῦδε
3353 1821 3685 1889 στρατηγεῖν

413 1909 630 1976 proviso
662 1920 973 1978 appareret,
1003 1914 1156 1980 quasi
1211 1911 1412 1970 fulmen
1440 1918 1709 1985 quoddam
1744 1919 1810 1974 iis
1850 1918 1997 1974 vide-

413 2000 596 2069 batur,
616 2003 686 2058 ita
718 2015 779 2060 ut
809 2005 958 2059 nullo
988 2003 1191 2074 pudore
1214 2003 1393 2075 fugam
1416 2019 1764 2076 capesserent
1793 2008 1993 2064 milleni

416 2089 714 2160 interdum,
741 2102 795 2150 et
823 2095 868 2150 si
917 2093 988 2160 ita
1026 2110 1146 2150 sors
1175 2095 1350 2160 daret,
1392 2097 1573 2154 decies
1597 2099 1798 2154 milleni
1830 2101 1995 2154 armis

417 2185 656 2254 undique
696 2197 752 2239 et
798 2185 943 2241 ferro
989 2187 1238 2242 instructi
1272 2189 1494 2244 milites.
1535 2187 1660 2246 flare
1706 2205 1838 2246 sane
1874 2207 1996 2247 cum

421 2276 552 2329 mihi
589 2277 971 2344 narrabantur,
1007 2280 1186 2334 minus
1217 2296 1342 2336 vera
1387 2297 1508 2337 esse
1539 2283 1654 2338 visa
1679 2292 1824 2347 sunt,
1858 2284 1999 2340 haud

421 2385 580 2424 secus
613 2385 674 2425 ac
709 2372 968 2439 praeclara
1007 2373 1094 2427 illa
1129 2372 1324 2428 Phoca:
1352 2381 1409 2428 et
1438 2372 1745 2442 Tzimiseaa,
1770 2377 1860 2446 qui
1895 2391 1999 2433 non

420 2461 493 2516 ita
527 2463 736 2532 pridem
761 2464 1114 2532 imperarunt.
1136 2463 1406 2532 facinora;
1440 2475 1532 2520 aut
1560 2467 1604 2521 si
1627 2468 1716 2536 qui
1740 2479 2000 2538 pra-terea

421 2554 510 2607 alii
541 2563 762 2624 propter
792 2555 1048 2609 eximiam
1075 2555 1442 2611 fortitudinem
1474 2571 1668 2612 nomen
1695 2557 2004 2627 famamque

421 2645 524 2700 sibi
556 2655 961 2715 compararunt.
999 2645 1207 2717 Quippe
1241 2663 1404 2716 supra
1455 2647 1612 2703 fidem
1657 2664 1778 2705 esse
1811 2650 2004 2704 crede-

2096 1913 2355 1985 οἰηθεῖσαι
2404 1913 2586 1967 Πολλά
2612 1913 2720 1983 γὰρ
2762 1912 3022 1976 πολλάκις
3049 1910 3372 1982 αὐτοχειρία
3401 1909 3543 1964 κατά
3574 1908 3685 1961 τῶν

2100 2005 2402 2077 Βαρϐάρων
2473 2005 2683 2058 τούτων
2753 2003 3104 2074 χρησάμενος
3137 2043 3151 2069 ,
3211 2003 3265 2056 εί
3309 2018 3440 2055 ποτε
3493 2000 3687 2054 λοιπὶν

2099 2098 2509 2167 ἀπροσδόκητος
2561 2096 2746 2159 αὐτοῖς
2797 2096 3062 2167 ἐξεφάνη,
3123 2094 3371 2164 σκηπτὸς
3425 2093 3588 2163 μόνον
3620 2092 3686 2145 οὐ

2099 2191 2318 2253 τούτοις
2369 2189 2568 2251 ἐδόκει,
2633 2188 2730 2241 καὶ
2757 2186 3082 2259 ὑπεχώρουν
3109 2187 3275 2257 μηδὲν
3309 2186 3686 2249 αἰδεσθέντες,

2099 2282 2368 2354 χιλιάδες,
2427 2282 2639 2350 φασὶν,
2699 2279 2768 2333 ἂν
2808 2278 2952 2333 οὕτω
3005 2279 3188 2351 τύχῃ,
3245 2279 3342 2332 καὶ
3398 2277 3687 2347 μυριάδες,

2101 2374 2565 2448 ὁπλοφοροῦντες,
2617 2373 2814 2444 ἄνδρες
2858 2373 2956 2427 καὶ
3003 2372 3458 2443 σιδηρόφρακτοι.
3495 2368 3684 2422 Ταῦτα

2102 2469 2227 2539 ἐμοί
2271 2485 2331 2537 γε
2356 2469 2437 2529 εἰς
2489 2465 2662 2536 ἀκοὴν
2716 2467 2988 2520 πίπτοντα
3041 2460 3207 2536 ἦττον
3249 2463 3425 2535 ἀληθῆ
3484 2462 3690 2525 ἐδόκει,

2104 2561 2296 2633 ὥσπερ
2324 2559 2447 2614 οὐδέ
2485 2561 2555 2614 τὰ
2600 2560 2767 2613 Φωκᾶ
2809 2558 2908 2612 καὶ
2968 2555 3252 2628 Τζιμισκῆ
3307 2554 3448 2625 ἔργα
3486 2553 3595 2607 τῶν
3624 2553 3690 2606 οὐ

2103 2653 2226 2707 λίαν
2287 2651 2536 2723 ἀρχαίων
2592 2648 2802 2703 τούτων
2857 2646 3304 2718 αὐτοκρατόρων,
3380 2643 3414 2715 ἢ
3471 2644 3521 2695 εῐ
3543 2659 3692 2705 τινες

424 2737 548 2790 bam
602 2736 819 2790 unicum
879 2737 1154 2794 hominem
1211 2737 1456 2794 millenos
1497 2747 1640 2794 totos
1691 2752 2000 2809 superasse,

2106 2741 2262 2797 ἄλλοι
2287 2738 2420 2811 παρ’
2450 2737 2651 2801 αὐτοὺς
2709 2737 2797 2790 ἐπ’
2848 2734 3070 2806 ἀνδρείᾳ
3099 2735 3269 2803 δνομα
3315 2731 3495 2801 ἔσχον.
3533 2726 3693 2784 Εἶναι

423 2843 638 2896 unaque
663 2829 975 2899 proﬂigasse
1002 2829 1154 2884 hasta
1192 2830 1454 2886 infinitam
1489 2843 1823 2888 armatomm
1868 2832 2000 2886 mul-

2106 2835 2219 2907 γὰρ
2243 2835 2389 2906 πέρα
2418 2829 2896 2901 πίστεως,ἀνδρὸς
2930 2829 3051 2891 ἐνὸς
3099 2827 3230 2889 ὅλας
3281 2824 3553 2897 ἡττῆσθαι
3603 2841 3694 2893 χι-

426 2921 734 2976 titudinem.
763 2921 1107 2993 Quapropter
1151 2938 1274 2977 cum
1302 2923 1354 2977 in
1383 2924 1506 2979 aula
1535 2924 1802 2998 principis
1837 2923 2000 2979 inter-

2107 2925 2292 2989 λιάδας
2322 2924 2418 2980 καὶ
2445 2923 2632 2994 δόρατι
2662 2921 2746 2975 ἐνὶ
2796 2917 3197 2992 μυριοπληθεῖς
3220 2915 3697 2984 καταγωνίζεσθαι

423 3017 553 3070 dum
584 3029 834 3071 versarer
857 3026 909 3072 et
945 3025 1052 3070 tam
1088 3019 1304 3087 egregia
1354 3016 1493 3074 facta
1537 3034 1566 3073 a
1595 3018 1869 3076 nonnullis
1901 3019 2000 3074 im-

2110 3017 2433 3080 πανοπλίας.
2460 3015 2624 3069 Ὅθεν
2653 3015 2703 3067 εί
2731 3013 2826 3067 καί
2849 3029 2980 3066 ποτε
3007 3014 3121 3074 τοῖς
3153 3008 3448 3081 βασιλείοις
3478 3008 3688 3075 ἐπιχω-

428 3112 664 3181 peratori
697 3111 1174 3168 adblandientibus
1196 3115 1439 3168 audirem
1489 3113 1541 3169 in
1573 3113 1768 3171 calum
1794 3113 2000 3180 eﬂ‘erri,

2113 3111 2314 3184 ριάζων
2349 3109 2541 3171 αὐλαῖς
2566 3107 2636 3160 τά
2658 3105 2858 3178 τηλίκα
2887 3102 3208 3172 τῶνξέργων
3251 3097 3697 3162 ἀποθειαζόντων

427 3203 610 3258 animo
643 3201 838 3259 dubius
871 3217 900 3256 a
934 3203 1207 3271 colloquio
1257 3203 1437 3259 statim
1471 3204 1811 3260 recedeham.
1855 3205 2000 3260 Adeo

2109 3206 2328 3277 ἀκήκοα
2346 3202 2426 3274 τῷ
2457 3199 2690 3273 βασιλεῖ,
2755 3195 3003 3267 ίλιγγιῶν
3033 3193 3129 3248 τοῦ
3178 3191 3437 3260 συλλόγου
3472 3188 3700 3257 ἀπεπή-

425 3293 572 3347 enim
605 3293 791 3362 procul
825 3294 954 3349 mihi
986 3294 1054 3349 ab
1088 3295 1396 3351 adulatione
1437 3296 1554 3366 ipso
1588 3305 1796 3352 natura:
1841 3298 2000 3352 ductu

2107 3297 2235 3353 δων.
2266 3295 2433 3348 Φύσει
2485 3291 2595 3363 γὰρ
2637 3289 2773 3362 πρὸς
2809 3287 3105 3341 κολακείαν
3135 3283 3364 3350 ἀξεστον
3401 3277 3696 3349 ἐμπέφυκέ

427 3387 586 3441 insita
614 3396 695 3442 est
721 3388 885 3442 animi
914 3387 1142 3453 indoles,
1167 3395 1224 3442 ut
1255 3404 1321 3445 ne
1349 3389 1572 3444 verbum
1597 3390 1810 3459 quidem
1838 3391 2000 3445 ullum

2113 3409 2204 3463 μοι
2229 3388 2292 3444 τὸ
2321 3383 2476 3462 ἦθος,
2531 3384 2628 3439 καὶ
2680 3383 2781 3436 οὐκ
2811 3379 2878 3434 ἂν
2912 3378 3033 3432 οὐδὲ
3061 3377 3212 3448 ῥῆμα
3259 3372 3493 3444 σμικρὸν
3552 3367 3698 3422 ἐκὼν

429 3477 570 3532 ultro
595 3489 688 3531 aut
718 3477 917 3543 sciens,
940 3477 1042 3532 nisi
1071 3493 1197 3533 vere
1222 3479 1444 3549 perinde
1475 3495 1537 3535 ac
1572 3479 1738 3536 libere
1769 3481 2000 3550 proferre

2113 3485 2251 3538 ίέναι
2305 3479 2583 3550 προείμην
2633 3476 2718 3529 ὅτι
2771 3472 2846 3544 μὴ
2887 3471 2987 3524 σὺν
3040 3468 3272 3539 ἀληθεία
3309 3466 3402 3518 καὶ
3468 3463 3700 3532 στόματι

431 3572 576 3626 haud
607 3571 826 3641 possim.
861 3571 966 3628 Eos
995 3587 1126 3626 vero
1155 3573 1243 3642 qui
1274 3573 1325 3626 in
1356 3573 1555 3641 palatio
1587 3573 1759 3630 officia
1794 3589 2014 3646 semper

432 3665 643 3718 obeunt
665 3672 759 3715 aut
791 3663 1142 3732 dignitatibus
1172 3664 1452 3732 conspicui
1499 3677 1651 3733 sunt,
1684 3667 1808 3722 talia
1833 3668 2016 3738 depin-

434 3770 561 3824 gere
585 3766 636 3810 et
667 3769 934 3811 exornare
963 3757 1234 3823 sinebam,
1259 3757 1430 3811 donec
1460 3770 1549 3814 res
1571 3758 1718 3828 ipsas
1746 3775 2014 3832 usurpare

434 3850 610 3905 oculis
663 3847 912 3917 contigit,
941 3863 1064 3902 cum
1096 3863 1196 3918 ego
1237 3849 1429 3903 mediis
1467 3849 1606 3906 forte
1636 3849 1881 3908 hostibus
1910 3854 2016 3908 im-

438 3940 654 4008 plicitus
690 3942 1069 4008 imperatorem
1105 3940 1247 3995 hunc
1270 3939 1378 3995 vidi
1409 3941 1536 3996 tutis
1557 3940 1847 3998 Persarum
1880 3946 2015 4014 plia-

439 4031 687 4102 langibus
709 4031 1081 4088 obsistentem.
1111 4030 1215 4088 Sed
1247 4033 1361 4086 haec
1383 4047 1482 4088 suo
1512 4041 1753 4105 tempore
1788 4035 2019 4094 historia

437 4123 888 4180 cornu-etnorabit
921 4141 934 4178 :
968 4123 1127 4195 193
1165 4139 1308 4180 nunc
1339 4134 1518 4180 autem
1555 4127 1860 4182 institutam
1889 4144 2017 4182 nar-

437 4216 704 4270 rationem
738 4231 1150 4288 persequamur.
1181 4215 1319 4273 Cum
1368 4217 1532 4288 igitur
1562 4228 1749 4290 ageret
1781 4220 2019 4290 impera-

441 4317 524 4360 tor
551 4307 604 4360 in
654 4307 976 4364 editioribus
1025 4308 1144 4364 istis
1180 4307 1318 4363 locis
1365 4325 1379 4362 :
1420 4309 1785 4365 Romanorum
1823 4313 2018 4382 copiae,

437 4413 561 4468 qua
593 4399 659 4452 ad
691 4398 956 4455 interiora
996 4407 1398 4470 processerant,
1431 4399 1486 4456 in
1536 4399 1814 4456 Persicum
1862 4417 2019 4456 excr-

2112 3573 2404 3643 ἐλευθέρῳ.
2450 3571 2532 3624 Τὰ
2559 3569 2616 3623 δέ
2643 3565 2874 3620 τοιαῦτα
2924 3564 3038 3626 τοῖς
3087 3563 3145 3614 ἐν
3198 3561 3320 3622 ταῖς
3369 3558 3568 3628 ἀρχαῖς
3608 3554 3704 3607 ἀεὶ

2113 3668 2250 3739 πρὸς
2280 3664 2376 3720 τοῦ
2432 3663 2598 3734 δόμου
2637 3659 2736 3715 καὶ
2783 3660 2899 3721 τοῖς
2947 3658 3005 3710 ἐν
3061 3655 3240 3709 τέλεσι
3270 3664 3704 3739 καταχαρακτη-

2118 3738 2367 3829 ρίζεσθαι
2395 3754 2546 3816 είων,
2576 3749 2681 3812 ἕως
2703 3750 2786 3812 είς
2800 3745 2925 3815 ὄψιν
2953 3739 3086 3815 ἦλθέ
3109 3761 3200 3813 μοι
3225 3742 3293 3794 τὰ
3311 3740 3406 3794 τοῦ
3439 3738 3707 3809 πράγμα-

2112 3828 2205 3909 τος
2231 3846 2290 3898 ἐν
2311 3843 2500 3915 μέσοις
2517 3837 2613 3892 καὶ
2644 3836 2793 3907 αὐτῷ
2842 3833 3124 3903 πολεμίοις
3167 3830 3312 3884 οὕτω
3345 3828 3508 3899 τυχὸν
3538 3841 3706 3897 περιο

2115 3938 2438 4007 ειλημμένῳ
2472 3932 2584 3986 κάκ
2610 3929 2702 3983 τοῦ
2737 3926 2923 3999 σχεδὸν
2958 3925 3158 3997 ὁρῶντι
3194 3921 3287 3976 τὸν
3318 3919 3705 3989 αὐτοκράτορα

2117 4033 2306 4090 τοῦτον
2380 4028 2652 4100 φάλαγξιν
2719 4025 2873 4088 ὅλαις
2949 4019 3490 4087 ἀντικαθιστὰμενον
3561 4015 3707 4085 Περ-

2120 4129 2322 4189 σικαῖς.
2394 4121 2560 4177 Ἀλλὰ
2608 4118 2787 4174 ταῦτα
2850 4116 2952 4186 μὲν
3002 4115 3144 4168 κατὰ
3195 4111 3452 4182 καιρονὴ
3488 4106 3708 4177 ἱστορία

2118 4219 2476 4291 διηγήσεται,
2523 4214 2583 4268 τὸ
2613 4213 2670 4268 δέ
2705 4209 2804 4264 νῦν
2843 4208 2956 4263 τῶν
2992 4206 3375 4278 προτεθέντων
3416 4200 3700 4272 ἐχώμεθα.

2123 4306 2252 4382 Εἶχε
2289 4308 2390 4380 μὲν
2419 4307 2513 4360 τὸν
2537 4303 2767 4377 βασιλέα
2789 4302 2858 4356 τά
2887 4301 2997 4354 τῶν
3019 4299 3216 4370 χώρων
3241 4297 3470 4351 ἐκείνων
3499 4293 3708 4365 ὑψηλὰ,

2123 4407 2150 4460 ὁ
2211 4403 2277 4458 δὲ
2336 4397 2630 4470 Ῥωμαίων
2683 4395 2918 4467 στρατὸς
2971 4391 3240 4468 ἐνδοτέρω
3285 4389 3388 4460 ἤδη
3442 4387 3710 4458 χωρήσας

439 4489 608 4543 citum
658 4490 933 4561 inopinate
985 4491 1312 4548 inciderunt.
1348 4491 1512 4547 Facto
1551 4493 1732 4564 itaque
1778 4497 2000 4549 comiun:

2129 4495 2289 4550 ἔλαθε
2355 4489 2736 4560 στρατεύμασι
2823 4486 3115 4556 Περσικοῖς
3175 4482 3235 4550 ἐξ
3293 4479 3709 4551 ἀπροσδοκήτου

440 4579 648 4649 pra-lio,
687 4590 743 4634 ut
771 4582 903 4636 vidit
924 4582 1175 4652 princeps
1202 4584 1466 4638 inclinare
1496 4583 1795 4639 Romanam
1823 4587 2015 4653 aciem,

441 4672 609 4726 citato
645 4672 869 4740 impetu,
903 4687 1001 4727 nec
1034 4673 1255 4727 loricam
1311 4689 1409 4728 nec
1437 4675 1541 4729 alia
1574 4691 1723 4730 arma
1775 4664 2020 4740 indutus,

439 4761 536 4814 sed
569 4761 683 4815 solo
717 4766 958 4816 munitus
987 4762 1177 4832 clypeo
1205 4764 1272 4817 ad
1313 4763 1457 4817 illam
1505 4764 1802 4821 contendit.
1836 4763 1936 4820 Ubi
1968 4767 2020 4820 in

2129 4585 2460 4658 περιτυχών.
2478 4585 2646 4652 Ἀγχε
2657 4581 2833 4652 μάχου
2864 4578 3049 4632 τοίνυν
3082 4574 3389 4646 γενομένης
3411 4572 3510 4642 τῆς
3534 4588 3712 4641 προσ·

2131 4679 2316 4748 ϐολῆς,
2383 4675 2577 4744 ἐπειδὴ
2636 4670 2922 4726 πονεῖσθαι
2977 4669 3038 4723 τδ
3097 4665 3412 4737 Ῥωμαϊκὸν
3477 4663 3709 4734 ἦρξατο,

2127 4770 2455 4838 αἰσθόμενος
2518 4768 2545 4820 ὁ
2605 4764 2862 4835 βασιλεὺς
2921 4761 3032 4816 ἀπὸ
3083 4759 3322 4831 ῥυτῆρος
3372 4757 3461 4812 ἐπ’
3496 4755 3714 4817 ἀὐτοὺς

442 4855 652 4910 medim
699 4870 818 4911 sese
873 4857 1057 4912 hostes
1109 4858 1306 4926 intulit,
1342 4857 1586 4912 miranda
1643 4874 1804 4914 manu
1852 4859 1992 4916 edidi

2126 4863 2351 4935 ἤλαυνε,
2409 4859 2549 4931 μήτε
2601 4855 2830 4928 θώρακα
2877 4855 3032 4918 ἐνδὺς
3084 4853 3226 4924 μήτε
3268 4869 3347 4921 τῳ
3388 4849 3500 4903 τῶν
3529 4847 3712 4902 ἄλλων

439 4961 628 5016 opera,
657 4947 833 5003 obviis
854 4950 1156 5019 quibusque
1175 4952 1355 5007 casis.
1383 4949 1654 5006 Interdum
1679 4951 1843 5006 etiam
1872 4961 2000 5022 terg:

2125 4956 2208 5009 ὅτι
2240 4954 2316 5026 μὴ
2347 4951 2539 5006 ἀσπίδι
2573 4950 2637 5003 τὸ
2672 4948 2834 5019 σῶμα
2880 4946 3254 5018 φραξάμενος.
3291 4943 3446 5013 Ταχὺ
3473 4940 3602 5010 γοῦν
3633 4940 3716 5003 είς

441 5041 734 5100 dantibus.
789 5053 1008 5112 accepta
1066 5054 1176 5096 tum
1233 5045 1409 5110 basta,
1466 5058 1679 5112 semper
1735 5044 1996 5098 insistens

2132 5045 2335 5117 μέσους
2363 5040 2673 5111 εἰσωθήσας
2703 5040 2830 5102 τούς
2863 5037 3162 5107 πολεμίους
3195 5035 3393 5088 ἑαυτὸν
3427 5032 3565 5103 ἔργα
3592 5047 3713 5100 χει-

439 5131 644 5187 nullam
676 5132 890 5187 fortiter
939 5133 1130 5199 agendi
1179 5135 1522 5188 occasionem
1578 5134 1885 5189 omitti-bat.
1945 5135 2000 5190 It:

2129 5134 2222 5206 pb;
2280 5132 2568 5187 ἐπεδείκνυ
2608 5127 2906 5200 θαυμαστὰ
2955 5127 3035 5197 τῷ
3069 5126 3215 5194 ξίφει
3265 5122 3446 5177 παίων
3487 5121 3576 5174 ἀεὶ
3618 5118 3714 5172 τὸν

443 5226 532 5277 ditt
569 5223 685 5279 sine
740 5224 1144 5279 intermissione
1188 5224 1446 5294 fugerunt
1476 5224 1680 5284 hostes.
1717 5236 1775 5280 ut
1811 5241 1877 5280 ne
1917 5227 2000 5282 illi:

2123 5227 2623 5296 παρατυγχάνοντα
2683 5239 2698 5253 ⁸
2751 5223 2842 5276 ὅτε
2897 5223 2994 5276 καὶ
3046 5219 3195 5273 νῶτα
3238 5215 3554 5272 δεδωκότων
3607 5212 3710 5282 ἤδη
3744 5215 3765 5229 ⁸

445 5317 664 5386 quidem
695 5318 747 5371 in
787 5328 1021 5373 mentem
1063 5318 1296 5384 venerit,
1330 5326 1438 5370 tam
1488 5333 1833 5374 numerosum
1869 5335 2000 5373 excr‘

2123 5322 2291 5383 αὐτὸς
2331 5319 2586 5381 κατόπιν,
2619 5316 2849 5387 δόρατος
2881 5313 3034 5384 αὐτῷ
3069 5311 3457 5383 κομισθέντος,
3487 5305 3716 5360 ἐδίωκεν

449 5411 618 5465 citum
652 5411 721 5467 ab
753 5411 916 5466 Unico
948 5411 1167 5465 homine
1194 5410 1416 5467 incessi.
1450 5410 1551 5478 Qui
1584 5414 1726 5465 enim
1766 5421 1907 5467 totos
1939 5414 2000 5466 int

2125 5413 2318 5467 οὐδένα
2347 5410 2541 5480 καιρὸν
2563 5410 2759 5473 ἀνιείς.
2790 5408 2974 5478 Μέχρι
3004 5406 3102 5477 μὲν
3123 5405 3217 5459 οὐν
3246 5399 3444 5457 πολλοῦ
3478 5399 3717 5468 ἔφευγον

448 5513 663 5560 vascrat
697 5520 884 5573 pavor,
913 5505 1134 5559 densam
1183 5505 1355 5560 oculis
1401 5504 1668 5560 effuderat
1711 5505 2000 5576 caliginem

2127 5504 2572 5576 ἀμεταστρεπτὶ,
2637 5501 2774 5574 μηδέ
2827 5501 3009 5554 ἐκεῖνο
3058 5495 3348 5551 κατανοεῖν
3403 5491 3622 5562 ἔχοντες
3669 5486 3720 5538 εί

1792 5645 1887 5704 Du
1927 5642 2149 5720 Cangii
2186 5651 2374 5705 noue.

525 5761 638 5831 (441
688 5763 1048 5831 Βασι.ῖείους
1099 5764 1451 5836 φόρμιγγας.
1501 5763 1575 5820 De
1609 5764 1748 5822 tubis
1796 5763 2159 5840 imperatoriis
2194 5765 2317 5822 vide
2355 5764 2620 5822 Godiuum
2658 5764 2726 5821 de
2751 5761 2857 5819 Off.
2909 5775 2960 5816 c.
3008 5759 3062 5818 5.
3100 5774 3160 5815 n.
3200 5756 3287 5813 15.
