4058 6460
416 363 523 426 54:5

420 572 729 628 desinentes
778 573 831 627 in
862 584 1106 626 actutum.
1140 575 1182 627 A
1222 574 1399 629 medio
1430 574 1570 628 cubo
1614 584 1997 645 exsurgentem

424 666 587 719 aliam
616 666 879 736 virgulam
918 664 1148 719 ferream
1190 675 1457 729 statuunt,
1496 682 1601 720 non
1646 666 1863 735 quidem
1889 679 1998 719 rte-

421 749 556 810 teris
589 755 843 819 εἰιιιίιιιιη,
876 756 969 808 sed
996 756 1171 825 primo
1201 756 1511 823 spissiorem
1538 771 1603 809 ac
1645 756 1994 822 crassiorem.

421 848 474 903 in
503 855 721 903 acutum
782 846 1004 915 perinde
1058 847 1317 916 paulatim
1366 847 2000 909 desinentemJ’irgulas

421 937 616 992 deinde
647 952 766 1005 qua
815 938 1013 992 cubum
1069 938 1316 991 ambiunt
1368 939 1591 993 circulis
1634 940 2000 994 revincientes

422 1028 789 1099 lycbnucbutn
810 1027 979 1081 veluti
1016 1029 1332 1095 coniiciunt,
1371 1043 1528 1097 quem
1565 1031 1843 1083 hastarum
1874 1044 2002 1083 cus—

422 1118 638 1188 pidibus
670 1119 1004 1188 appendunt.
1058 1119 1194 1172 Tum
1244 1119 1387 1173 linea
1438 1122 1683 1191 qttzcdam
1749 1129 1892 1175 texta
1947 1122 2000 1175 in

423 1208 813 1279 longitudinem
842 1211 1072 1266 discissa
1098 1211 1257 1267 suillo
1284 1227 1413 1266 sevo
1437 1213 1653 1267 inuncta
1683 1227 1749 1267 ac
1774 1212 2004 1283 diligen-

425 1315 509 1356 ter
558 1311 809 1357 contorta
863 1303 1155 1373 unicuique
1201 1307 1553 1359 eminentium
1585 1314 1638 1358 et
1692 1305 1743 1357 in
1775 1318 2002 1359 acumen

425 1393 805 1448 dcsinentiunt.
833 1393 1132 1474 ferrearum
1195 1396 1472 1465 virgarum
1522 1395 1774 1466 amgunt,
1809 1396 2005 1459 quibus

426 1485 672 1539 accensis
702 1500 957 1553 magnum
995 1486 1155 1558 196
1187 1487 1324 1542 adeo
1369 1487 1552 1544 lumen
1584 1487 1707 1543 inde
1743 1488 2005 1544 diﬂ'undi-

427 1583 538 1640 tur,
562 1585 621 1629 ttt
645 1587 762 1630 arte
786 1577 939 1646 quasi
966 1579 1215 1633 confecta
1238 1580 1353 1634 dies
1380 1580 1712 1635 exercitibus
1730 1581 2001 1637 videatur.

429 1668 497 1721 de
551 1666 776 1723 latcrnis
825 1669 1042 1736 quidem
1099 1670 1212 1725 hmc
1251 1668 1543 1726 sufﬁciant.
1580 1672 1845 1728 Caeterum
1880 1689 2004 1729 cum

430 1755 796 1814 humanorum
830 1761 1020 1830 cupiat,
1050 1763 1197 1831 gravi
1228 1761 1446 1834 delapsa
1478 1765 1624 1830 nire,
1656 1774 1710 1820 et
1742 1767 2004 1822 contectis

1701 361 2029 429 IOANNIS
2066 362 2395 424 ClNNAMI

417 480 659 550 virgulae,
710 481 761 534 in
816 479 1059 535 inferiori
1088 479 1192 545 sui
1237 486 1391 549 parte
1444 478 1668 536 latiores
1701 490 1756 536 et
1795 482 1998 536 sensim
2029 477 2075 534 Α
2110 478 2279 549 μένης
2309 462 2353 544 ,ί

3570 346 3675 420 Sit

2412 477 2645 547 ἄραντες
2737 475 2844 530 ὑπὸ
2911 472 3237 545 λαμπτῆρσι
3316 472 3412 525 τὸν
3482 470 3689 542 δρόμον

2110 495 2325 549 μενης,
2412 495 2483 547 αρ
2521 495 2645 539 ντες
2737 495 2844 530 υπο
2911 495 3237 545 Λαμπτηρσι
3316 495 3412 525 τον
3482 495 3689 542 ορομον

2100 495 2633 661 ὲποιοῦντο.ξᾶτι
2687 568 2745 622 δὲ
2798 567 2860 621 τὸ
2910 567 3022 620 τῶν
3074 563 3423 635 λαμπτήρων
3491 562 3690 632 χρῆμα

2099 662 2368 716 τοιοῦτον.
2416 648 2602 714 Κύόὅν
2659 658 2787 713 τινὰ
2840 659 3063 727 σιδήρου
3100 652 3475 723 πεποιημένον
3517 651 3690 720 ὁρθὰς

2101 751 2280 823 τούτῳ
2312 751 2685 820 ὲναρμόζουσι
2715 749 2862 804 κατὰ
2887 747 3129 819 διέχειάν
3168 763 3324 808 τινας
3351 746 3416 796 ἐκ
3451 742 3691 804 πλατέος

2105 845 2292 916 ἠρέμα
2333 844 2470 913 πρδς
2499 842 2593 908 ὀξὺ
2625 841 2902 913 ληγούσας
2931 841 3021 894 ἀεί
3046 857 3061 872 ·
3094 838 3236 891 κατὰ
3286 836 3455 905 μέσον
3503 835 3691 904 μέντοι

2101 938 2194 992 τὸν
2243 936 2409 990 κύϐον
2461 937 2657 1007 ἑτέραν
2705 935 2887 989 ἱστᾶσι
2938 933 3169 1002 σιδηρᾶν
3199 928 3296 983 καὶ
3321 928 3551 998 ταύτην,
3623 925 3689 977 οὐ

2107 1030 2292 1100 μέντοι
2316 1030 2461 1083 κατὰ
2481 1028 2582 1094 τὰς
2604 1026 2793 1092 ἄλλας,
2827 1026 2964 1081 ἀλλὰ
2989 1027 3223 1096 παχεῖαν
3256 1022 3355 1094 μὲν
3384 1021 3445 1075 τὸ
3473 1018 3692 1089 πρῶτον

2105 1123 2287 1189 ὀξεῖαν
2309 1122 2366 1175 δέ
2399 1139 2515 1185 πως
2548 1122 2693 1176 κατὰ
2723 1119 2900 1190 βραχὺ
2933 1117 3236 1186 γινομένην
3261 1131 3275 1144 ο
3301 1110 3588 1180 ζωστῆρσι
3626 1108 3690 1160 τέ

2103 1231 2218 1268 τισι
2252 1214 2352 1277 τὰς
2394 1213 2582 1284 κύκλῳ
2626 1211 3020 1283 περιλαϐόντες
3060 1203 3183 1262 οἷόν
3230 1222 3355 1259 τινα
3393 1201 3692 1274 λυχνοῦχον

2106 1303 2464 1360 ἀποτελοῦσιν
2494 1303 2588 1357 ὲπί
2617 1320 2678 1356 τε
2708 1301 2975 1374 δορατίων
2998 1298 3305 1353 ὲντιθέασιν
3333 1296 3543 1364 ἄκρων·
3566 1289 3690 1344 εἶτα

2104 1394 2258 1448 λίνεα
2279 1410 2405 1448 τινα
2435 1391 2546 1461 ὕφη
2578 1390 2722 1445 κατὰ
2758 1391 2936 1461 μῆκος
2958 1388 3230 1449 διελόντες
3270 1382 3483 1453 ὑατείῳ
3525 1394 3692 1448 περι-

2105 1486 2322 1540 δεύουσι
2373 1485 2583 1550 στέατι,
2618 1482 2902 1549 ὲλίξαντές
2931 1499 2993 1534 τε
3030 1478 3310 1550 ἐπιμελῶς
3334 1477 3555 1546 ἑκάστῳ
3579 1472 3691 1526 τῶν

2106 1578 2200 1645 ὀξὺ
2242 1577 2520 1650 ληγόντων
2569 1578 2989 1647 περιπείρουσιν
3027 1574 3168 1628 αὐτὰ
3222 1570 3516 1641 σιδηρίων,
3553 1563 3693 1632 πυρί

2105 1692 2166 1727 τε
2203 1672 2512 1742 καιομένων
2546 1670 2744 1743 μυρίον
2793 1686 2851 1723 τι
2910 1667 3074 1731 σέλας
3140 1665 3355 1720 ἐκεῖθεν
3399 1661 3693 1715 ἐκπίπτειν

2109 1765 2382 1827 ποιοῦσιν,
2434 1761 2511 1826 ὡς
2561 1759 2948 1833 χειροποίητόν
3007 1774 3133 1811 τινα
3183 1755 3403 1827 ἡμέραν
3438 1746 3695 1803 ἐντεῦθεν

431 1849 634 1916 ubique
689 1851 996 1914 itineribus,
1027 1851 1189 1922 longe
1229 1867 1289 1907 ea
1332 1869 1435 1923 qua
1482 1854 1836 1910 insistendum
1889 1867 2017 1912 erat

2120 1851 2494 1925 σχεδιάζεσθαι
2528 1855 2641 1914 τοῖς
2669 1848 3073 1920 στρατεύμασι.
3112 1846 3248 1914 Περὶ
3276 1842 3375 1913 μὲν
3404 1840 3515 1892 τῶν
3554 1837 3699 1904 λαμ-

432 1942 516 1996 via
572 1943 945 2011 aberrassent,
979 1945 1030 2000 in
1061 1946 1361 2017 periculosa
1390 1955 1444 2001 et
1489 1947 1833 2005 incommoda
1881 1950 2012 2006 inci-

433 2035 641 2089 disscttt
671 2035 814 2099 loca,
842 2037 946 2092 nisi
990 2051 1178 2093 errore
1203 2038 1386 2092 statim
1419 2040 1638 2109 cognito
1691 2040 2007 2110 imperator,

433 2133 759 2197 arreptaque
790 2126 1000 2185 laterna
1042 2129 1146 2184 hac
1192 2129 1317 2184 illac
1343 2129 1674 2187 circumiens
1711 2132 2012 2189 invenisset

434 2219 598 2283 viam.
637 2229 691 2275 et
722 2221 774 2275 in
809 2223 1114 2289 proximam
1145 2223 1421 2293 regionem
1452 2225 1752 2279 exercitum
1785 2226 2012 2281 feliciter

433 2310 804 2378 perduxisset.
860 2311 1155 2381 Postquam
1217 2313 1344 2367 inde
1389 2314 1454 2367 ad
1491 2319 1688 2382 locum,
1748 2316 2011 2386 Sarapata

437 2397 671 2470 Llylonis
693 2399 761 2455 ab
788 2400 981 2455 incolis
1007 2402 1358 2471 appellatum,
1390 2406 1643 2470 accessit,
1669 2420 1733 2460 ex
1758 2420 1825 2461 eo
1847 2406 2015 2474 cmpit

434 2490 789 2546 excursiones
825 2490 1038 2557 facere;
1068 2491 1224 2561 cujus
1261 2495 1339 2549 rei
1369 2493 1586 2565 vulgata
1614 2496 1814 2564 ubique
1849 2496 2012 2561 fama,

437 2596 563 2636 cum
586 2582 653 2635 ad
683 2590 838 2637 terra:
864 2582 1023 2638 istius
1044 2582 1361 2653 principem,
1390 2586 1607 2641 nomine
1637 2585 2012 2658 Solytnanttnt,

439 2673 798 2741 pervenisset,
829 2674 1021 2728 adduci
1072 2674 1165 2730 vix
1213 2675 1303 2729 ille
1332 2676 1528 2746 potuit,
1567 2687 1626 2731 ut
1659 2676 1825 2734 dictis
1857 2680 2016 2734 [idem

446 2772 745 2833 praestaret.
771 2765 939 2821 Unde
979 2764 1248 2834 Pupacem
1285 2778 1600 2837 cognatum,
1648 2770 1738 2841 qui
1773 2780 1885 2824 tum
1916 2770 2017 2826 sibi

446 2855 658 2920 aderat,
684 2864 739 2909 et
774 2855 828 2909 in
863 2856 1208 2924 imperatoris
1238 2868 1587 2928 conspectum
1629 2861 1826 2931 sapius
1860 2877 2022 2916 vene-

439 2952 549 3009 rat,
586 2944 761 3010 misit,
796 2953 858 2999 ut
887 2946 1131 3014 proxime
1154 2947 1430 3004 accedens
1459 2949 1525 3004 ad
1557 2948 1854 3016 Romanos,
1892 2968 2018 3007 num

442 3035 562 3103 ipse
612 3037 828 3091 adesset
878 3038 1194 3105 imperator,
1224 3049 1485 3108 quantum
1527 3041 1643 3096 ﬁeri
1696 3052 1879 3112 posset
1912 3044 2023 3099 dis-

440 3128 703 3196 quireret.
740 3126 984 3195 Pupaces
1018 3129 1201 3200 igitur,
1226 3128 1315 3183 illo
1337 3131 1522 3185 statim
1551 3130 1760 3201 agnito,
1786 3147 1854 3188 ex
1879 3148 2020 3202 equo

436 3216 667 3283 desiliit,
706 3228 760 3274 et
809 3218 1110 3275 humillime
1161 3234 1283 3274 eum
1328 3220 1598 3276 allocutus
1642 3234 1746 3276 εει.
1790 3224 1892 3288 Qui
1929 3224 2018 3276 ubi

442 3311 630 3366 didicit
663 3311 786 3382 quis
810 3320 978 3377 esset,
1011 3319 1065 3368 et
1091 3327 1351 3383 quorsum
1384 3323 1530 3368 esset
1564 3314 1805 3370 missus:
1844 3333 1861 3367 ι
1899 3314 2023 3373 llaec

441 3402 641 3473 inquit.
676 3402 969 3476 Solytrano
1020 3405 1294 3461 nuntiabis
1325 3421 1341 3461 :
1373 3420 1499 3461 cum
1529 3407 1775 3475 quisnam
1816 3407 1904 3462 ille
1951 3411 2024 3465 sit

439 3494 832 3568 quiPcrsidem
854 3495 1213 3566 depopulatur
1243 3497 1609 3566 percontaris.
1641 3499 1863 3568 perinde
1889 3498 2023 3555 facis

446 3600 509 3636 ac
530 3567 572 3639 si
597 3583 966 3654 cnnﬂagrante
987 3587 1148 3639 domo
1173 3594 1290 3652 tua,
1312 3588 1584 3656 quomodo
1611 3567 1786 3658 ignem
1813 3592 2024 3644 exstin-

446 3691 583 3743 guas
621 3675 779 3746 197
814 3676 946 3731 nihil
1007 3676 1298 3742 sollicitus,
1329 3677 1449 3747 quis
1477 3677 1529 3733 in
1568 3680 1711 3735 aedes
1738 3680 2027 3737 immiserit

448 3767 724 3820 cur'Osius
752 3767 1076 3835 inquireres.
1107 3766 1226 3821 Noli
1263 3767 1424 3836 igitur
1475 3768 1528 3821 in
1564 3777 1838 3837 posterum
1875 3770 2028 3838 igno-

450 3858 622 3912 rantia
666 3858 863 3912 malum
897 3873 1151 3929 pavorem
1189 3858 1346 3929 quasi
1373 3858 1492 3916 velo
1521 3870 1836 3930 contegere.
1860 3863 2025 3932 igno-

449 3951 641 4005 rantiae
670 3950 813 4005 enim
845 3951 1139 4016 simulatio,
1165 3952 1384 4021 quando
1412 3966 1538 4007 cum
1574 3953 1786 4009 ratione
1811 3969 1916 4008 non
1945 3962 2030 4010 est

448 4042 760 4113 conjuncta,
793 4058 1129 4114 nequaquam
1165 4044 1340 4112 illum,
1367 4044 1459 4115 qui
1479 4059 1540 4099 ea
1564 4045 1758 4112 utitur,
1782 4062 1808 4100 a
1831 4048 2030 4117 probro

450 4136 589 4192 solet
618 4137 873 4192 liberare.
902 4137 960 4193 ld
987 4138 1330 4208 potissimum
1359 4138 1626 4208 principis
1651 4148 1708 4195 et
1740 4139 2031 4210 imperato-

451 4227 529 4282 ris
556 4243 750 4282 munns
778 4238 882 4293 est,
914 4243 1015 4298 pro
1064 4228 1239 4299 patria
1281 4229 1573 4287 discrimen
1603 4229 1787 4286 subire
1819 4240 1878 4287 et
1911 4248 2032 4288 uto-

455 4333 634 4375 ntcnta
671 4337 851 4377 rerum
901 4323 1232 4391 agendarum
1274 4324 1617 4392 pouderare:
1650 4339 1772 4393 qua:
1829 4341 1876 4383 st
1924 4342 2032 4382 non

451 4412 542 4466 ille
567 4412 1011 4483 apprcltettdcrit,
1040 4415 1150 4481 jam
1174 4413 1413 4483 perdidit
1446 4416 1650 4471 omnia.
1678 4415 1784 4472 Sed
1812 4427 1866 4473 et
1895 4420 2031 4474 alias

2111 1948 2334 2020 πτήρων
2364 1947 2607 2000 τοσαῦτα
2637 1942 2879 2015 εἰρήσθω
2900 1957 2914 1973 ⁸
2938 1944 2966 1996 ὁ
2991 1940 3050 1994 δὲ
3104 1935 3380 2007 Ρωμαίων
3435 1929 3695 2000 στρατὸς,

2112 2042 2296 2113 χιόνος
2320 2036 2751 2108 κατενεχθείσης
2780 2032 3024 2104 σφοδρᾶς
3058 2029 3170 2083 τῶν
3198 2027 3335 2083 ὁδῶν
3373 2043 3433 2079 τε
3480 2021 3696 2113 παντα-

2114 2111 2281 2188 πασιν
2309 2126 2727 2201 ἠφανισμένων,
2765 2125 2860 2178 ἐπὶ
2902 2122 3160 2176 πλεῖστον
3196 2120 3295 2186 τῆς
3342 2116 3428 2183 ἐφ’
3472 2115 3538 2183 ἢν
3570 2111 3702 2201 ὲφέέ

2116 2242 2242 2295 ρετο
2266 2200 2681 2290 ἀποπλανηθεὶς
2727 2214 2931 2288 μικροῦ
2965 2214 3061 2268 καὶ
3088 2214 3169 2275 είς
3197 2207 3477 2302 ὀλεθρίους
3498 2203 3565 2302 ἕξιν
3603 2200 3701 2302 xui

2113 2310 2464 2373 κινδυνώδεις
2518 2307 2802 2372 διεξέπεσε
2872 2303 3109 2374 χώρους,
3161 2302 3212 2354 εί
3272 2298 3345 2368 μὴ
3397 2297 3537 2365 ταχῦ
3597 2297 3704 2358 τῆς

2116 2406 2329 2473 πλάνης
2364 2401 2696 2471 αἰσθόμενος
2747 2396 3007 2467 βασιλεὺς
3047 2390 3352 2462 λαμπτῆρά
3392 2406 3453 2442 τε
3500 2387 3701 2448 εἵλετο,

2116 2496 2210 2548 καὶ
2232 2491 2364 2547 ἔνθα
2394 2493 2490 2545 καὶ
2522 2489 2656 2544 ἔνθα
2686 2484 2994 2558 περιελθὼν
3017 2483 3232 2551 ἀνέγνω
3261 2498 3320 2534 τε
3346 2479 3446 2550 τὴν
3469 2476 3705 2546 πορείαν

2117 2587 2215 2641 καὶ
2244 2585 2340 2639 ἐπὶ
2377 2583 2479 2655 τὴν
2518 2580 2903 2654 προκειμένην
2937 2577 2999 2631 τὸ
3034 2575 3360 2648 στράτευμα
3390 2569 3704 2624 εὑὼδωσεν.

2130 2678 2255 2734 Ἐπὶ
2286 2676 2465 2749 χῶρόν
2495 2674 2557 2728 τέ
2599 2691 2723 2728 τινα
2774 2671 3082 2743 Σαράπατα
3111 2667 3375 2729 Μόλωνος
3425 2664 3565 2734 πρδς
3593 2662 3705 2716 τῶν

2118 2772 2405 2844 ἐγχωρίων
2432 2768 2829 2841 ὠνομασμένον
2856 2763 3030 2818 ἐλθὼν
3083 2764 3299 2816 ἐκεῖθεν
3328 2758 3515 2812 λοιπὸν
3564 2773 3705 2825 προ-

2120 2865 2377 2937 νομεύειν
2415 2862 2639 2934 ἤρξατο.
2668 2861 2783 2930 Τῆς
2822 2858 2917 2913 οῦν
2947 2856 3138 2928 φήμης
3168 2852 3453 2923 ἀπανταχῆ
3484 2847 3708 2917 διαδρα-

2125 2958 2332 3031 μούσης
2359 2956 2664 3028 πυθόμενος
2692 2955 2721 3008 ὁ
2752 2953 2853 3025 τὴν
2882 2952 2982 3019 τῆς
3007 2950 3113 3020 γῆς
3144 2948 3363 3018 ἐκείνης
3395 2942 3709 3031 σατραπίαν

2121 3030 2325 3105 διέπων
2380 3047 2575 3119 (θνομα
2629 3043 2785 3114 αὐτῷ
2850 3041 3104 3110 Σολυμᾶς
3150 3038 3327 3107 (45)),
3381 3034 3547 3087 ὤκνει
3609 3030 3710 3085 καὶ

2124 3138 2293 3193 εἰσέτι
2330 3136 2609 3189 πιστεύειν
2658 3134 2774 3196 τοῖς
2824 3129 3167 3199 λεγομένοις.
3200 3125 3368 3177 Ὀθεν
3421 3121 3517 3175 καὶ
3566 3121 3711 3173 Που-

2126 3233 2311 3301 πάκην
2349 3230 2461 3302 (46)
2491 3222 2807 3296 ἀδελφιδοῦν
2842 3222 2994 3295 αὑτῷ
3032 3218 3380 3289 τυγχάνοντα
3411 3212 3621 3285 βασιλεῖ
3647 3211 3709 3263 δὲ

2126 3326 2398 3388 πολλάκις
2448 3324 2531 3384 είς
2566 3321 2690 3391 ῑψιν
2733 3317 2980 3377 ἐλθόντα,
3025 3313 3247 3385 πέμψας
3305 3308 3559 3362 ἐκέλευεν
3612 3305 3710 3371 ἔγ·-

2123 3437 2288 3482 γιστα
2330 3416 2424 3470 τοῦ
2475 3411 2765 3483 Ῥωμαίων
2792 3407 3058 3479 γεγονότα
3081 3402 3318 3478 στρατοῦ
3346 3402 3453 3471 ὅπη
3481 3396 3711 3452 δυνατὸν

2125 3511 2217 3565 τὸν
2259 3507 2486 3579 βασιλέα
2513 3504 2899 3575 περισκοπεῖν.
2945 3501 3004 3554 '0
3032 3498 3216 3552 τοίνυν
3255 3493 3558 3562 Πουπάκης
3609 3488 3712 3556 τὴν

2128 3599 2356 3673 πρώτην
2387 3598 2478 3650 τὸν
2508 3595 2736 3664 βασιλέα
2768 3592 3023 3662 διαγνοὺς
3051 3586 3323 3643 ἀπέϐαινέ
3369 3602 3427 3639 τε
3475 3582 3571 3637 τοῦ
3615 3582 3713 3635 ἶπ-

2130 3712 2233 3748 που
2262 3694 2357 3745 καὶ
2395 3689 2664 3752 δουλικῶς
2711 3687 2860 3757 αὐτῷ
2897 3682 3247 3755 προσελὰλει.
3289 3680 3349 3733 Ὀ
3378 3679 3435 3731 δὲ
3465 3678 3614 3738 ὅστις
3648 3690 3714 3728 τε

2129 3783 2218 3854 εἴη
2249 3783 2345 3835 καὶ
2371 3780 2505 3851 παρ’
2531 3779 2659 3833 ότου
2700 3774 2979 3846 πεμφθείη
3022 3770 3215 3844 μαθὼν
3246 3790 3265 3825 ι
3311 3770 3452 3824 Τάδε
3499 3766 3577 3837 τῷ
3609 3767 3705 3818 Σοο

2129 3875 2299 3946 λυμᾷ,
2329 3874 2455 3941 ἔφη,
2513 3870 2790 3938 ἀγγελεῖς.
2849 3865 3078 3936 Ὅμοιόν
3123 3881 3176 3917 τι
3231 3864 3404 3925 ποιεῖς
3444 3860 3528 3921 τίς
3578 3854 3717 3911 ποτε

2131 3969 2282 4021 ἐστιν
2318 3968 2346 4020 ό
2406 3965 2475 4019 τὰ
2521 3961 2749 4032 Περσῶν
2795 3959 3124 4030 ληϊζόμενος
3166 3954 3366 4026 μαθεῖν
3405 3948 3714 4020 ἐπιζητῶν,

2131 4059 2323 4130 ὥσπερ
2355 4057 2423 4112 ἂν
2462 4060 2511 4110 εἱ
2543 4055 2640 4109 καὶ
2670 4053 2845 4123 πυρὸς
2878 4051 2972 4105 ἐπὶ
3014 4049 3115 4119 τὴν
3162 4047 3262 4119 σὴν
3312 4043 3719 4114 ἀναφλεγέντος

2132 4151 2337 4212 οἰκίαν,
2378 4148 2474 4202 τοῦ
2514 4147 2614 4219 μὲν
2643 4147 2799 4209 ὅπως
2850 4144 2919 4199 ἂν
2961 4140 3130 4198 αὐτοῦ
3181 4141 3497 4213 περιγένοιο
3554 4136 3719 4205 λόγον

2134 4244 2382 4312 ἐποιήσω
2403 4239 2595 4294 οὐδένα
2616 4277 2631 4303 ,
2664 4235 2728 4291 τδ
2761 4236 2819 4291 δὲ
2849 4235 2976 4289 ὅθεν
3007 4250 3068 4288 τε
3099 4237 3200 4305 τὴν
3250 4231 3427 4303 ἀρχὴν
3463 4229 3587 4299 έσχε
3617 4227 3721 4280 καὶ

2134 4334 2268 4401 παρ’
2302 4335 2427 4388 ὅτου
2451 4330 2720 4403 ἀναφθείη
2758 4328 3036 4398 ἐπιμελῶς
3067 4326 3398 4397 ἀνηρεύνας.
3420 4323 3513 4392 Μὴ
3532 4319 3720 4374 τοίνυν

2133 4424 2207 4489 ὡς
2239 4424 2344 4478 ὑπὸ
2373 4420 2844 4492 παραπετάσματι
2882 4417 2972 4490 [Ρ.
3002 4414 3128 4487 Hb]
3147 4417 3213 4486 τῇ
3242 4412 3404 4482 δῆθεν
3434 4410 3628 4479 ἀγνοίᾳ
3655 4407 3721 4460 τὸ

451 4506 507 4558 in
537 4513 589 4559 te
627 4504 804 4559 let-um
852 4520 958 4559 non
1010 4506 1172 4559 habet
1214 4507 1510 4563 simulatio.
1560 4507 1637 4562 Eu
1686 4514 1936 4578 agnoscis
1975 4522 2017 4566 ct

2136 4522 2237 4591 τῆς
2270 4517 2475 4579 δειλίας
2514 4512 2948 4586 περικαλύπτειν
2978 4508 3101 4564 θέλε
3127 4506 3321 4561 κακόν.
3341 4502 3588 4573 Ἀγνοίας
3605 4500 3719 4569 γὰρ

450 4596 585 4651 satis
611 4597 910 4667 conjeCtas,
941 4599 1066 4667 quis
1102 4598 1172 4652 sit
1202 4600 1294 4669 qui
1325 4599 1520 4655 Persas
1543 4602 1774 4672 castigat
1795 4621 1810 4659 :
1831 4606 2023 4674 quodsi

447 4689 630 4744 adhuc.
682 4689 810 4745 libet
869 4691 1163 4745 decernere
1211 4693 1348 4759 ac'e,
1393 4694 1527 4749 nihil
1577 4697 1832 4765 impedio.
1864 4715 1884 4750 ι
1931 4697 2026 4754 His

451 4780 613 4834 dictis
641 4779 1138 4847 Pnpaceutﬁimisit
1164 4800 1177 4837 :
1207 4798 1270 4840 ac
1308 4786 1502 4842 deinde
1527 4789 1701 4843 obviis
1721 4790 2028 4859 quibusque

451 4872 680 4928 vastatis
708 4883 763 4927 et
792 4876 1131 4945 consumptis
1173 4887 1319 4932 retro
1346 4862 1535 4945 cessit,
1570 4894 1682 4934 rem
1715 4896 2024 4949 aggressus,

450 4964 768 5036 priusquam
803 4967 891 5021 illa
943 4980 1314 5039 perageretur,
1352 4986 1579 5040 prorsus
1627 4973 2026 5029 incredibilem.

447 5057 620 5113 Aiunt
668 5059 814 5114 enim
870 5060 1012 5116 baud
1060 5063 1295 5131 amplius
1343 5064 1625 5136 sexaginta
1674 5064 2025 5121 bellatoribus

449 5148 622 5203 aciem
668 5148 825 5204 istam
859 5149 1026 5206 fuisse
1072 5151 1377 5207 conﬂatam.
1407 5152 1543 5206 Tum
1593 5168 1720 5210 vero
1750 5168 2025 5210 summam

450 5240 503 5296 in
532 5241 823 5298 discrimen
860 5242 1104 5298 adductae
1134 5242 1502 5298 Romanorum
1557 5260 1645 5300 res
1683 5253 1877 5314 praeter
1911 5246 2031 5314 opi-

449 5331 665 5387 nionem
698 5342 924 5389 servatae
952 5346 1098 5390 sunt.
1134 5335 1312 5390 Persa:
1340 5336 1608 5405 siquidem
1658 5337 1860 5405 ingenti
1893 5335 2031 5390 mul-

450 5423 685 5481 titudine
730 5439 793 5480 ex
844 5440 911 5482 eo
967 5436 1208 5497 tempore
1254 5428 1603 5498 congregati,
1664 5427 1780 5483 lora
1836 5429 2030 5483 idonea

2135 4610 2523 4681 προσποίησις,
2556 4607 2718 4660 ὁπότε
2749 4605 2824 4676 μὴ
2854 4602 2995 4658 κατὰ
3026 4602 3186 4670 λόγον
3210 4601 3442 4669 γένοιτο,
3463 4593 3721 4662 οὐδαμῶς

2134 4700 2470 4770 ἐξαιρεῖσθαι
2494 4696 2751 4767 μέμψεως
2772 4694 2864 4747 τὸν
2884 4692 3167 4764 χρώμενον
3191 4690 3453 4758 πέφυκεν.
3481 4684 3576 4735 Ἐν
3596 4683 3720 4751 ἄρι-

2136 4807 2263 4844 στον
2286 4792 2315 4843 ό
2340 4790 2438 4859 τῆς
2466 4788 2808 4860 στρατηγίας
2836 4780 2947 4838 οἶδε
2977 4782 3136 4851 λόγος
3165 4775 3585 4851 προκινδυνεῦον
3613 4791 3721 4826 πα-

2135 4884 2317 4954 τρίδος
2352 4883 2492 4952 ροπῆ
2520 4881 2590 4933 τὰ
2620 4879 2924 4949 πράγματα
2955 4874 3322 4929 ταλαντεύειν.
3355 4871 3473 4926 Κάν
3503 4887 3586 4930 τις
3614 4869 3720 4954 οὐκ

2136 4953 2480 5040 ἐπιδράξοιτο
2511 4968 2745 5035 ταύτης,
2778 4962 3125 5019 ἀπολώλεκεν
3156 4961 3255 5032 ήδη
3289 4959 3350 5013 τὺ
3380 4959 3509 5011 πᾶν.
3540 4955 3629 5009 Σοὶ
3660 4953 3720 5006 δὲ

2135 5063 2230 5117 καὶ
2272 5062 2452 5123 ἄλλως
2497 5061 2598 5113 οὐκ
2643 5059 2724 5111 ἔτι
2766 5056 2951 5127 χώραν
2991 5056 3025 5124 ὴ
3071 5052 3271 5125 σκῆψις
3317 5052 3453 5122 ἔχει.
3480 5051 3717 5116 Ἐγνως.

2139 5155 2282 5221 ίδοὺ,
2320 5152 2615 5206 συνεϐἀλου
2649 5149 2740 5203 τὸν
2776 5150 2992 5217 Πέρσας
3031 5146 3362 5215 μαστίξοντα
3385 5162 3400 5175 ·
3437 5142 3539 5196 κᾶν
3573 5140 3724 5192 ἀντι.

2133 5241 2399 5309 τάξασθαι
2434 5240 2688 5310 θελήσῃς,
2728 5237 2885 5304 λόγος
2921 5236 3116 5297 οὐδείς.
3161 5253 3180 5285 ι
3218 5231 3386 5286 Ταῦτ’
3412 5227 3586 5283 εἰπὼν
3618 5227 3722 5277 αύ-

2134 5335 2226 5388 τδν
2272 5335 2372 5405 μὲν
2415 5331 2820 5402 ἀπεπέμψατο,
2861 5327 2932 5381 τὰ
2979 5330 3036 5381 ὲν
3083 5326 3215 5379 ποσὶ
3260 5325 3317 5378 δὲ
3362 5322 3580 5397 δῃώσας
3624 5316 3723 5369 καὶ

2139 5425 2433 5497 ἀφανισμῷ
2490 5422 2767 5495 παραδοὺς
2822 5418 3136 5481 παλινοδίας
3188 5418 3432 5487 ἥπτετο,
3484 5412 3722 5483 πρᾶγμα

1801 5545 1891 5604 Du
1926 5543 2144 5621 Cangii
2184 5549 2373 5603 noue.

533 5665 646 5736 (45)
669 5668 1136 5737 Σο.ιι’μᾶς.ῐιιι,θτ
1185 5667 1479 5723 lcouicnsis
1522 5668 1718 5723 Sullani
1771 5683 2025 5736 proceres

454 5736 763 5810 primatum
797 5742 1070 5804 obtinens,
1102 5741 1131 5792 ὁ
1163 5740 1269 5793 τῶν
1321 5744 1474 5810 παρὰ
1507 5740 1585 5808 τῷ
1619 5740 1893 5810 σουλτάνῳ
1956 5739 2028 5792 τὰ

463 5793 698 5875 μέγιστα
742 5793 1070 5880 δυναμένων
1088 5793 1538 5881 κορυφαιότατος.
1557 5793 1810 5878 ’Νιρειιιεη
1864 5793 1901 5865 ἱ.
1930 5824 2026 5885 ttt,

2135 5666 2319 5807 η’ἃίῆ
2350 5733 2699 5801 "evaditur.
2725 5731 3068 5807 Qtl‘ijtiiﬂsh’ln
3102 5729 3298 5787 castris
3330 5726 3590 5784 Manuelis
3615 5739 3724 5781 nte-

2139 5802 2345 5865 t‘ucrat.
2382 5806 2678 5862 Cinnamus
2703 5820 2754 5875 ιι.
2792 5804 2858 5859 48
2889 5812 2951 5858 rt'
2982 5802 3073 5857 5t).
