4058 6428
434 396 540 462 547

1720 386 2047 450 JOANNIS
2084 383 2415 447 CINNAMI

3597 382 3711 446 5H

435 506 680 564 substitit
714 524 729 561 :
763 505 855 561 sed
886 519 1011 560 cum
1056 503 1283 560 Latinos
1327 503 1381 560 in
1429 501 1772 559 Palastinam
1802 497 2016 571 prolici-

2120 494 2329 549 τούτων
2359 494 2488 563 ἔστη
2522 491 2592 547 τὰ
2623 494 2759 566 πρὸς
2792 491 3028 563 πόλεμον
3061 491 3374 563 ἐξαρτύων,
3412 492 3528 546 ἀλλ’
3551 494 3712 558 εἰδὼς

436 609 649 658 sceutes
674 600 742 655 ad
767 597 1016 653 Rhodum
1048 596 1283 652 insulam
1316 603 1374 649 ut
1398 594 1691 666 plurimum
1719 591 2013 648 convenire

434 691 621 756 sciret,
658 689 1044 763 stipendiarios
1069 687 1316 757 equitum
1363 686 1548 756 copias
1593 685 1720 740 inde
1768 683 2010 738 adduxit.

431 783 513 838 Ad
549 783 803 852 pabulmu
837 796 962 835 vero
996 789 1052 834 et
1087 795 1264 834 rerum
1297 780 1530 834 aliarum
1563 793 1743 844 ttsum,
1778 775 2014 831 incredi-

431 875 594 930 bilem
647 876 806 928 boum
864 873 1261 927 multitudinem
1299 887 1422 927 cum
1473 871 1605 941 ipsis
1655 870 1909 939 plaustris
1947 884 2012 922 ex

433 965 716 1020 Thracicis
773 963 1086 1034 regionibus
1132 962 1295 1032 jussit
1327 962 1548 1018 adduci.
1601 962 1674 1015 Ea
1723 962 1905 1016 omnia
1934 961 2013 1014 sic

432 1058 652 1126 quidem
687 1056 1112 1125 apparabantur.
1171 1053 1278 1109 Sed
1333 1065 1393 1108 ut
1434 1054 1707 1108 sultauum
1741 1068 1838 1122 per
1868 1054 2015 1122 ipsos

433 1150 770 1205 contribules
791 1149 952 1205 simul
977 1165 1038 1202 ac
1060 1149 1225 1219 200
1248 1149 1678 1218 consanguineos
1701 1145 2013 1207 dehellaret,

433 1242 502 1297 ad
533 1240 855 1297 Sauisanem
882 1241 1001 1311 ejus
1022 1242 1244 1295 fratrem
1271 1241 1436 1306 misit,
1463 1237 1692 1310 Gangra:
1714 1246 1768 1294 et
1789 1238 2017 1308 Ancyrae

436 1336 488 1388 in
522 1334 734 1389 Galatia
771 1347 834 1388 ea
870 1343 1038 1392 aatate,
1067 1331 1386 1403 principem,
1421 1341 1476 1385 et
1506 1331 1571 1383 ad
1621 1329 2013 1399 Jagupasauem

431 1443 715 1496 generum,
739 1428 828 1497 qui
864 1426 1080 1496 utrique
1119 1425 1380 1480 Caesarem
1407 1431 1462 1479 et
1491 1423 1746 1488 Amasiae,
1790 1420 2018 1492 praecla-

433 1517 511 1570 ris
540 1515 878 1580 civitatibus,
911 1525 966 1569 et
997 1515 1210 1569 caeteris
1259 1527 1379 1582 qua:
1432 1513 1577 1568 circa
1615 1511 2014 1582 Cappadociam

433 1607 554 1662 sit:
586 1615 736 1672 sunt,
770 1607 1118 1676 imperitabat
1147 1624 1163 1661 :
1207 1621 1343 1672 quos
1393 1617 1454 1659 ut
1492 1604 1710 1660 sultano
1738 1611 2018 1674 suspectos

435 1696 690 1763 reddidit,
714 1695 826 1764 jam
853 1696 921 1750 ad
955 1693 1155 1750 bellum
1191 1694 1596 1765 suscipiendum
1629 1707 1687 1748 se
1715 1701 2013 1763 comparat.

433 1789 563 1844 llaec
617 1797 676 1843 ut
725 1787 930 1842 audivit
980 1786 1248 1853 sultanus,
1282 1801 1408 1842 cum
1465 1786 1726 1840 adversus
1785 1785 2014 1841 alterum

2117 589 2194 649 ὡς
2222 590 2332 652 τοῖς
2366 588 2459 640 ἐπὶ
2493 586 2857 656 Παλαιστίνην
2889 584 3109 638 ἀπιοῦσι
3147 587 3458 644 Λατινικοῑς
3491 587 3713 654 γένεσιν

2118 680 2213 733 ἐπὶ
2242 679 2340 751 τὴν
2373 680 2534 748 νῆσον
2569 678 2746 731 Ῥόδον
2776 679 2862 730 ἀεὶ
2891 677 2952 730 τὸ
2983 677 3311 749 κατάντημα
3339 676 3583 744 γίνεται,
3620 696 3714 746 μισ

2119 773 2450 844 σθοφορικὴν
2474 771 2685 824 ἐκεῖθεν
2709 771 2920 824 ἱππέων
2943 767 3078 844 ἦγεν
3105 771 3280 840 ἰσχύν.
3307 771 3713 842 Χορταγωγίας

2120 864 2304 934 μέντοι
2337 863 2432 918 καὶ
2463 865 2563 933 τῆς
2592 863 2756 932 ἄλλης
2787 862 3093 932 ὑπηρεσίας
3125 861 3312 913 ἓνεκεν
3343 859 3626 927 άμϋθτττόν
3658 876 3712 911 τι

2119 953 2327 1022 πλῆθος
2360 953 2500 1024 βοῶν
2532 954 2630 1006 σὺν
2658 956 2848 1017 αὑταῖς
2879 953 3121 1023 ἁμάξαις
3151 955 3213 1006 ἐκ
3246 952 3354 1006 τῶν
3385 953 3527 1005 κατὰ
3557 951 3710 1022 Θρᾲ-

2119 1065 2224 1118 κην
2254 1048 2505 1100 ἐκέλευεν
2536 1046 2784 1100 ἐλαύνειν
2814 1048 3051 1117 χωρίων.
3083 1046 3268 1098 Ταῦτα
3308 1047 3406 1116 μὲν
3439 1044 3533 1098 οὖν
3562 1045 3712 1098 οὕτω

2120 1144 2603 1212 παρεσκεύασται·
2633 1143 2709 1206 ὼς
2735 1143 2790 1196 δέ
2816 1142 3113 1212 ὁμοφύλοις
3142 1141 3258 1210 ἅμα
3285 1143 3381 1194 καὶ
3414 1141 3709 1208 συγγενέσι

2119 1235 2214 1288 τὸν
2242 1236 2468 1288 σουλτὰν
2494 1235 2953 1305 ἐκπολεμιῖλσειεν,
2979 1236 3069 1286 ἐπὶ
3096 1233 3332 1287 Σανισάν
3355 1250 3414 1286 τε
3437 1233 3528 1286 τὸν
3553 1233 3710 1284 ἀδελ-

2122 1330 2223 1400 φον
2272 1329 2520 1399 έπεμψε,
2572 1329 2828 1398 Γάγγρας
2875 1327 2936 1380 τδ
2983 1327 3238 1396 τηνικάδε
3295 1326 3390 1379 καὶ
3427 1324 3709 1393 Ἀγκύρας

2122 1422 2491 1492 στρατεύοντα
2517 1421 2615 1491 τῆς
2643 1421 2920 1486 Γαλατῶν,
2952 1421 3046 1474 καὶ
3075 1419 3438 1487 ἰαγουπασάν
3471 1419 3585 1490 (47)
3615 1419 3708 1471 τὸν

2120 1515 2408 1589 κηδεστὴν,
2453 1514 2512 1579 ὃς
2563 1515 2902 1586 Καισαρείας
2949 1532 3008 1568 τε
3055 1514 3374 1585 ἀμφοτέρας
3424 1510 3564 1585 ἦρχε
3610 1513 3710 1566 καὶ

2133 1605 2432 1678 Ἀμασείας
2473 1607 2773 1677 ἡγεμόνευε
2819 1605 3028 1658 πόλεων
3070 1605 3386 1674 περιφανῶν
3424 1605 3602 1658 ἄλλων
3643 1620 3706 1656 τε

2118 1701 2310 1753 ὁπόσαι
2357 1701 2486 1772 περὶ
2520 1703 2584 1771 τῇ
2631 1698 3020 1753 Καππαδοκῶν
3064 1698 3308 1770 ἵδρυνται
3353 1699 3445 1768 γῇ.
3487 1698 3596 1752 Καὶ
3639 1697 3705 1768 δὴ

2121 1793 2398 1856 ὑπόπτους
2444 1795 2538 1846 καὶ
2583 1793 2780 1855 αὐτοὺς
2822 1792 2901 1863 τῷ
2943 1790 3168 1845 σουλτὰν
3214 1789 3705 1859 καταστησάμενος

439 1895 621 1938 utrum
646 1898 719 1939 ex
762 1883 829 1938 iis
867 1897 1004 1953 quos
1061 1883 1115 1938 iu
1165 1897 1225 1939 se
1280 1883 1656 1940 concitaverat
1693 1883 2011 1955 imperator,

2120 1888 2176 1939 ἐν
2213 1884 2403 1956 βραχεῖ
2434 1883 2530 1938 ἐπὶ
2563 1883 2654 1937 τὸν
2689 1884 2925 1952 πόλεμον
2959 1883 3060 1952 ήδη
3095 1881 3446 1934 καθίσταται.
3483 1877 3706 1932 Τούτων

437 1977 636 2031 bellum
687 1977 961 2032 sustinere
991 1977 1080 2031 vix
1139 1985 1345 2046 posset.
1385 1975 1451 2031 iis
1489 1976 1580 2047 qui
1617 1977 1848 2032 vicinam
1904 1976 2008 2032 sibi

433 2072 718 2140 regionem
755 2069 1067 2125 incolebant
1101 2078 1212 2124 tum
1242 2069 1345 2123 alia
1375 2068 1565 2136 multa,
1599 2076 1710 2124 tum
1729 2069 1893 2125 etiam
1919 2083 2018 2138 op-

437 2162 560 2232 pida
597 2179 717 2234 qua:
741 2177 933 2230 magno
960 2164 1110 2234 prius
1136 2161 1321 2218 labore
1342 2162 1692 2232 acquisierat,
1720 2161 2014 2217 concessit.

436 2255 617 2312 Missis
649 2265 828 2311 autem
853 2256 920 2311 ad
951 2257 1335 2325 imperatorem
1366 2255 1557 2325 legatis
1587 2256 1798 2311 veniam
1825 2254 2018 2325 depre-

437 2361 594 2403 catus
625 2359 732 2405 est.
769 2349 884 2414 Qua
911 2350 1222 2420 impetrata,
1261 2349 1502 2418 captivos
1533 2347 1808 2404 Romanos
1841 2348 2018 2402 reddi-

440 2446 622 2491 turum
663 2452 722 2492 se
768 2437 1039 2507 promisit,
1105 2453 1430 2508 quocunque
1511 2440 1728 2494 demum
1785 2439 2021 2494 laterent

437 2528 561 2582 loco
595 2544 731 2584 :eos
758 2532 900 2584 enim
939 2530 1354 2601 diligentissime
1393 2546 1516 2586 sese
1544 2531 2018 2602 investigaturum.

436 2619 652 2676 interea
677 2624 804 2676 dum
842 2621 958 2675 haec
1009 2621 1520 2689 comprobarentur,
1552 2622 1791 2678 Joannes
1817 2636 1882 2677 ex
1917 2621 2020 2676 Pa-

440 2713 652 2766 laestina
677 2728 799 2766 cum
827 2713 1100 2782 equitibus
1132 2713 1352 2769 rediens
1401 2713 1456 2768 in
1497 2713 1776 2769 Persicqu
1803 2714 2020 2768 exerci-

443 2815 555 2858 tum
585 2805 772 2859 incidit
805 2806 1038 2859 duorum
1071 2817 1126 2861 et
1156 2806 1346 2875 viginti
1374 2805 1601 2860 millium
1629 2805 1849 2862 fortium
1896 2806 2018 2862 bel-

432 2897 692 2953 latorum.
730 2897 1006 2966 lnopiuata
1026 2913 1085 2953 re
1112 2898 1200 2952 ille
1231 2899 1578 2963 conterritus,
1603 2899 1778 2968 primo
1800 2899 2015 2970 quidem

436 2989 653 3056 collem,
690 2989 780 3057 qui
814 3004 984 3058 prope
1014 2990 1224 3051 aderat.
1251 3005 1376 3045 cum
1414 2992 1530 3046 suis
1560 2991 1845 3046 confestim
1882 3006 2020 3046 con-

432 3082 670 3135 scendit.
701 3078 905 3136 Deinde
936 3081 1243 3137 universam
1286 3083 1459 3138 aciem
1507 3097 1660 3138 suam
1701 3085 2020 3140 adhortatus

436 3172 494 3226 in
533 3172 720 3226 hostes
754 3173 988 3242 irrupit;
1027 3173 1398 3243 Romanisque
1432 3175 1612 3230 acrius
1644 3177 1698 3231 in
1737 3177 1854 3232 illus
1899 3193 2018 3234 sese

433 3279 559 3317 cum
588 3265 791 3334 impetu
826 3265 1211 3334 inferentibus,
1247 3268 1389 3338 pulsi
1421 3278 1548 3323 sunt
1579 3267 1779 3331 Persae.
1802 3269 2019 3342 fugien-

434 3357 954 3427 tiumque‘cecidere
982 3361 1310 3429 complures,
1341 3361 1432 3415 alii
1467 3376 1497 3415 a
1529 3362 1788 3419 Romanis
1827 3364 2016 3419 militi-

438 3451 540 3505 bus
566 3452 712 3516 caesi,
743 3451 834 3506 alii
859 3451 1092 3521 denique
1115 3467 1379 3522 equorum
1403 3455 1627 3523 pedibus
1659 3457 1844 3510 obtriti
1868 3463 2016 3511 sunt.

432 3539 586 3595 Multi
618 3553 728 3595 tum
757 3541 978 3612 egregia
1005 3553 1060 3597 et
1085 3541 1246 3613 digna
1297 3554 1598 3599 memoratu
1643 3561 1807 3617 opera
1838 3549 2022 3602 edide-

439 3643 591 3698 ruut,
622 3633 780 3704 201
821 3643 984 3703 atque
1017 3635 1068 3688 in
1117 3635 1308 3703 primis
1336 3633 1579 3690 Joannes
1610 3638 1713 3691 dux
1745 3637 2022 3695 fortitudi-

439 3739 570 3790 ucm
607 3739 760 3778 suam
793 3723 884 3778 illo
931 3725 982 3778 in
1013 3726 1311 3779 certamine
1344 3727 1598 3793 prodidit.
1637 3726 1731 3782 His
1758 3728 2021 3786 confectis

433 3815 678 3871 Joannes
712 3817 777 3870 ad
805 3815 1103 3887 principem
1138 3817 1310 3870 vietor
1343 3818 1610 3886 pervenit.
1639 3817 1930 3890 Postquam
1954 3837 2018 3876 ea

441 3907 653 3975 accepit
710 3905 982 3972 sultanus,
1026 3907 1363 3976 pteuitentize
1402 3908 1716 3966 vulneratus
1764 3912 2017 3979 stimulis,

435 4011 658 4069 propter
722 4000 1156 4068 intempestivam
1230 4001 1511 4057 audaciam
1573 4016 1694 4059 sese
1755 4005 2016 4060 miserum

434 4090 691 4157 vocabat,
729 4103 837 4144 non
870 4101 978 4143 tam
1013 4105 1136 4160 qua:
1159 4089 1476 4146 acciderant
1501 4103 1900 4163 consternatos,
1923 4099 2018 4153 sed

435 4181 578 4248 quod
612 4195 679 4236 ex
716 4194 782 4236 eo
827 4181 1209 4249 imperatorem
1247 4181 1299 4235 in
1347 4196 1406 4237 se
1446 4183 1849 4252 expeditionem
1898 4179 2020 4243 sus-

437 4279 721 4340 cepturum
779 4271 1152 4326 arbitrabatur
1207 4281 1372 4341 atque
1431 4273 1568 4329 adeo
1620 4275 1799 4330 futura
1849 4278 2017 4334 veluti

436 4364 725 4432 praesentia
783 4363 969 4418 animo
1017 4361 1326 4434 effingebat.
1356 4365 1722 4430 Quamobrem
1775 4367 1843 4424 iis
1896 4386 2018 4439 qua:

439 4463 597 4509 antea
655 4453 948 4518 obtulerat,
979 4455 1146 4508 multa
1198 4463 1254 4509 et
1307 4456 1512 4526 majora
1563 4457 1787 4524 addidit,
1832 4461 2015 4530 copias

2121 1980 2442 2049 αἰσθόμενος
2465 1978 2494 2030 δ
2521 1976 2771 2042 σουλτὰν,
2802 1975 2992 2046 ἐπειδὴ
3020 1975 3095 2045 μὴ
3119 1969 3231 2043 εἶχε
3257 1973 3390 2043 προς
3417 1973 3574 2025 όποτε
3587 1988 3707 2040 ρον.

2113 2068 2213 2123 οὖν
2243 2067 2354 2122 τῶν
2393 2068 2457 2120 ἐκ
2497 2065 2763 2136 βασιλέως
2797 2063 3190 2133 ἐπικλωμένων
3225 2060 3375 2129 αὑτῴ
3410 2059 3706 2123 ἀντιτάξα-

2122 2159 2268 2223 σθαι,
2297 2161 2410 2223 τοῖς
2442 2160 2541 2230 μὲν
2568 2159 2752 2229 χώραν
2779 2155 3130 2225 προσοικοῦσι
3158 2155 3258 2225 τὴν
3287 2151 3452 2206 αὑτοῦ
3487 2151 3708 2204 πολλῶν

2118 2269 2176 2306 τε
2217 2252 2393 2308 ἄλλων
2428 2253 2522 2305 καὶ
2556 2251 2620 2322 δὴ
2654 2251 2750 2304 καὶ
2786 2249 2994 2303 πόλεων
3029 2248 3297 2317 ἀφίστατο
3329 2245 3480 2316 πόνῳ
3521 2243 3705 2313 πολλῷ

2119 2343 2570 2416 κατακτηθεισῶν
2597 2342 2746 2412 αὐτῷ
2777 2341 3066 2413 πρότερον,
3097 2341 3191 2392 ἐπὶ
3219 2339 3275 2392 δὲ
3307 2338 3532 2408 βασιλέα
3563 2336 3706 2405 πέμ-

2117 2437 2227 2508 ψας
2270 2436 2602 2507 συγγνώμην
2639 2437 2843 2506 ᾐτεῖτο.
2881 2434 3086 2488 Τούτου
3129 2433 3186 2486 δὲ
3226 2431 3405 2502 τυχὼν
3444 2431 3538 2484 καὶ
3575 2431 3706 2490 τοὺς

2120 2529 2494 2601 δορυαλώτους
2541 2529 2842 2582 ἀποδώσειν
2879 2527 3172 2596 Ῥωμαίων
3213 2522 3553 2596 ἐπήγγελλε,
3599 2521 3708 2574 κᾶν

2119 2624 2253 2678 ὅπου
2299 2623 2499 2693 δήποτε
2541 2621 3059 2691 γῆς.κρυπτόμενοι
3104 2615 3246 2671 εἱενο
3293 2616 3551 2687 μελήσειν
3593 2613 3706 2685 γάρ

2121 2715 2272 2784 αὖτῷ
2294 2714 2394 2783 τῆς
2419 2712 2828 2782 άναζητήσεως.
2859 2711 2948 2763 Ἑν
2969 2703 3014 2778 ᾧ
3037 2709 3094 2762 δὲ
3117 2709 3288 2763 ταῦτι
3319 2707 3702 2776 ἐδοκιμάζετο,

2123 2807 2387 2860 συνέπεσὲ
2415 2821 2470 2859 τι
2499 2804 2761 2858 τοιοῦτον.
2793 2803 3050 2873 Ἰωάννης
3083 2801 3184 2855 σὺν
3207 2803 3320 2864 τοῖς
3353 2799 3613 2852 ἱππεῦσιν
3639 2800 3708 2850 ἐκ

2123 2901 2492 2970 Παλαιστίνης
2529 2898 2901 2970 στρατεύματι
2934 2894 3275 2963 άναζευγνὺς
3312 2892 3710 2963 περιτυγχάνει

2123 2992 2212 3065 [Ρ.
2257 2992 2382 3066 117]
2423 2991 2678 3063 Περσικῷ
2718 2993 2775 3053 ἐς
2816 2989 3135 3060 δισμυρίους
3174 3004 3233 3040 τε
3275 2986 3373 3040 καὶ
3412 2985 3708 3056 δισχιλίους

2121 3087 2514 3158 ἀριθμουμένῳ
2544 3085 2744 3156 ἄνδρας
2783 3083 3076 3154 μαχίμους.
3113 3081 3204 3150 Τῷ
3237 3078 3487 3149 αἰφνιδίῳ
3522 3077 3708 3131 τοίνυν

2122 3178 2495 3246 καταπλαγεὶς
2527 3179 2588 3231 τὸ
2622 3176 2722 3248 μὲν
2753 3175 2970 3247 πρῶτον
2999 3173 3092 3228 ἐπί
3121 3190 3244 3227 τινα
3273 3173 3440 3240 λόφον
3469 3168 3706 3239 ἐγγύθεν

2123 3271 2367 3342 παρόντα
2408 3271 2506 3324 σὺν
2545 3271 2660 3334 τοῖς
2700 3270 2830 3340 περὶ
2867 3267 3032 3322 αὐτὸν
3073 3266 3278 3337 σπουδῇ
3324 3263 3488 3320 ἀνιὼν
3531 3264 3662 3333 ἔστη
3687 3303 3704 3326 ,

2125 3365 2264 3435 μετὰ
2311 3363 2368 3417 δέ
2408 3362 2582 3417 ταῦτα
2637 3362 2796 3416 παντὶ
2837 3361 2918 3431 τῷ
2967 3359 3186 3431 στρατῷ
3233 3357 3707 3427 ἐγκελευσάμενος

2122 3455 2242 3511 κατ’
2267 3456 2446 3509 αὐτῶν
2491 3455 2651 3520 ἵεται,
2697 3454 2793 3507 σὺν
2833 3452 3066 3523 ὠθισμῷ
3108 3469 3167 3506 τε
3211 3450 3394 3520 πολλῷ
3431 3451 3537 3504 τῶν
3572 3446 3710 3503 Ῥω-

2126 3547 2299 3619 μαίων
2324 3552 2436 3612 τοῖς
2467 3548 2748 3618 πολεμίοις
2777 3546 3228 3617 ἐμπλεκομένων,
3260 3540 3530 3612 ὑπαγωγὴ
3561 3542 3709 3611 Περ-

2123 3642 2232 3694 σῶν
2253 3641 2486 3709 γίνεται,
2506 3640 2602 3693 καὶ
2622 3639 2804 3693 αὐτῶν
2824 3639 3133 3708 φευγόντων
3152 3636 3338 3690 πολλοὶ
3362 3636 3463 3704 μὲν
3483 3633 3706 3701 ἔπεσον⁹

2124 3730 2368 3783 πλεῖστοι
2398 3729 2454 3781 δέ
2488 3727 2625 3798 πρὸς
2656 3726 2765 3779 τῶν
2799 3726 3090 3797 Ῥωμαίων
3121 3725 3398 3797 ᾑρέθησαν
3431 3740 3706 3794 στρατιωο

2120 3819 2252 3884 τῶν,
2285 3819 2320 3887 ἦ
2357 3835 2417 3870 τε
2459 3817 2624 3879 ἵππος
2664 3816 2851 3880 αὐτοῖς
2890 3817 3180 3883 ξυνεπάτει
3221 3817 3348 3878 τοὺς
3385 3815 3706 3878 πλείστους.

2123 3912 2252 3965 Ὀτε
2269 3910 2420 3964 ἄλλοι
2434 3926 2491 3961 τε
2511 3907 2693 3961 πολλοὶ
2709 3909 2867 3976 λόγου
2886 3909 2978 3960 καὶ
2994 3909 3192 3978 ἀρετῆς
3210 3910 3257 3960 εί
3266 3908 3536 3979 ργάσαντο
3551 3907 3676 3974 ἄξια
3688 3948 3705 3972 ,

2119 4003 2214 4058 καὶ
2229 4003 2447 4072 Ἰωάννῃ
2465 4001 2521 4054 δὲ
2540 3999 2616 4070 τῷ
2642 3999 2934 4070 στρατηγῷ
2948 4001 3146 4071 ἀρετῆς
3167 4001 3396 4070 δήλωσις
3417 3999 3535 4053 κατ’
3552 4002 3704 4052 ἐκεί-

2119 4111 2212 4146 νον
2256 4091 2544 4158 ἐπιγέγονε
2591 4090 2685 4142 τὸν
2724 4089 2933 4157 ἀγῶνα.
2977 4091 3162 4144 Ταῦτα
3208 4088 3709 4162 καταπραξάμενος

2135 4181 2383 4252 Ἰωάννης
2409 4181 2505 4233 σὺν
2523 4181 2634 4243 τοῖς
2655 4182 2936 4250 τροπαίοις
2957 4182 3048 4234 ἐπί
3069 4182 3294 4252 βασιλέα
3314 4183 3706 4252 παραγίνεται.

2131 4275 2190 4328 '0
2207 4274 2263 4326 δὲ
2282 4273 2508 4326 σουλτὰν
2526 4275 2621 4327 ἐπε
2633 4272 2712 4342 ιδὴ
2742 4273 2946 4328 τούτων
2965 4275 3186 4346 ἤκουσε,
3204 4276 3445 4346 κέντροις
3467 4292 3710 4345 μεταμεο

2119 4367 2268 4431 λείας
2293 4367 2616 4437 νυττόμενος
2637 4369 2735 4437 τῆς
2770 4367 3000 4436 ἀκαίρου
3017 4367 3222 4439 τόλμης
3239 4369 3432 4421 ἐαυτὸν
3454 4370 3706 4422 ἐταέάνι-

2119 4459 2233 4526 ξεν,
2251 4460 2350 4528 οὐχ
2371 4460 2492 4512 ὅσον
2511 4461 2624 4522 τοῖς
2642 4459 3008 4529 ξυμπεσοῦσιν
3031 4460 3408 4531 ἐκταραχθεὶς,
3423 4461 3518 4533 τὴν
3533 4461 3588 4514 δὲ
3605 4462 3706 4532 βα-

435 4544 664 4600 sociales
704 4545 1018 4613 quotannis,
1048 4559 1170 4600 cum
1205 4545 1260 4599 id
1307 4562 1531 4604 necesse
1556 4559 1722 4618 esset,
1759 4551 2016 4609 Romanis

2124 4554 2312 4616 σιλέως
2326 4552 2578 4606 ἐντεῦθεν
2601 4553 2680 4604 ἔτι
2701 4552 2900 4622 μᾶλλον
2921 4555 3041 4607 κατ’
3057 4555 3222 4608 αὐτοῦ
3250 4555 3704 4626 άῤῥαόωνιζόμεο

432 4652 493 4693 se
525 4637 994 4705 suppeditatur-um
1021 4637 1318 4708 pollicitus,
1341 4651 1398 4695 et
1426 4642 1702 4697 neminem
1730 4641 2020 4702 Persarum

431 4728 551 4799 ipso
588 4727 799 4783 volente
824 4727 958 4782 flues
1005 4745 1248 4799 unquam
1283 4730 1560 4788 Romanos
1593 4735 1965 4805 ingressurum
2000 4755 2016 4792 :

433 4829 491 4873 et
519 4820 565 4874 si
592 4819 699 4873 alio
723 4835 789 4874 ex
819 4820 1047 4890 imperio
1070 4836 1260 4876 eorum
1291 4823 1488 4893 aliquis
1518 4839 1680 4894 agros
1710 4825 2015 4894 infestaret,

437 4912 637 4966 bellum
666 4927 725 4967 se
757 4913 1014 4966 continuo
1039 4913 1300 4968 adversus
1329 4914 1477 4968 illum
1506 4927 1871 4988 sumpturum,
1896 4935 2017 4975 om-

429 5005 700 5074 tribusque
763 5004 936 5059 modis
980 5005 1329 5074 depulsurum
1381 5008 1737 5077 undecunque
1782 5011 1888 5064 vim
1932 5014 2017 5066 in-

429 5106 752 5165 gruentem;
781 5103 975 5150 cuncta
1021 5098 1087 5150 ad
1121 5097 1236 5150 haec
1285 5111 1406 5167 qua:
1445 5100 1695 5170 princeps
1724 5099 2017 5171 imperaret

427 5197 816 5241 exsecuturum
850 5187 971 5243 sine
999 5188 1110 5243 ulla
1141 5205 1326 5256 mora;
1363 5199 1418 5244 et
1440 5192 1482 5244 si
1511 5189 1690 5261 aliqua
1724 5208 1790 5247 ex
1822 5193 2017 5250 civita-

434 5278 578 5332 tibus
612 5276 872 5333 Romanaz
905 5279 1128 5334 ditionis
1155 5279 1210 5334 in
1251 5289 1577 5349 potestatem
1622 5282 2017 5338 venissetPer-

432 5383 641 5437 sarum,
674 5371 818 5424 illam
851 5387 910 5426 se
944 5371 1326 5426 restituturum
1354 5369 1636 5427 Romanis.
1657 5371 1754 5428 His
1788 5373 2015 5443 impera-

438 5471 522 5513 tor
570 5476 861 5530 persuasus
920 5462 1427 5532 pollicitationibus,
1465 5463 1638 5532 ipsum
1676 5464 2016 5534 gravissimis

433 5556 796 5611 sacramentis
847 5555 1144 5611 obstrinxit
1177 5573 1192 5612 :
1224 5564 1336 5610 tum
1368 5555 1564 5611 solutis
1616 5556 2012 5624 simultatibus,

2115 4660 2206 4707 νος
2241 4643 2453 4697 ξλευσιν
2481 4638 2778 4697 κάντεῦθεν
2815 4643 2889 4707 ὠς
2918 4644 3179 4700 ἐνεστῶσι
3210 4647 3323 4709 τοῖς
3355 4648 3416 4700 οὐ
3462 4647 3703 4718 παροῦσι

2117 4736 2257 4799 τέως
2297 4736 2764 4806 προσφερόμενος.
2797 4735 2961 4789 Ὅθεν
2985 4737 3079 4789 καὶ
3115 4736 3360 4807 μείζοσιν
3386 4738 3571 4802 ἄλλαις
3599 4741 3702 4802 τάς

2120 4826 2390 4898 προτέρας
2421 4827 2641 4896 φθάνων
2673 4827 3151 4898 ὲπικατελάμὸανε
3177 4829 3494 4899 πρεσϐείας.
3526 4830 3701 4901 Χείρά

2119 4937 2178 4973 τε
2199 4920 2487 4990 σύμμαχον
2513 4921 2618 4974 ἀνὰ
2648 4922 2750 4975 πᾶν
2777 4921 2895 4983 ἔτος
2926 4918 3215 4990 Ῥωμαίοις
3262 4923 3462 4992 δεῆσαν
3494 4923 3698 4978 διδόναι

2119 5009 2612 5079 ἐπαγγελλόμενος,
2663 5011 2762 5062 καὶ
2817 5009 2915 5080 τῆς
2977 5009 3160 5063 αὐτῶν
3210 5010 3267 5063 δὲ
3329 5012 3432 5082 γῆς
3496 5012 3695 5067 οὔποτε

2121 5097 2334 5167 Πέρσην
2373 5097 2590 5160 ἑκόντος
2635 5095 2802 5150 αὐτοῦ
2843 5097 3205 5168 ἐπιϐήσεσθαι
3252 5099 3558 5170 ὡμολόγειο
3591 5103 3694 5158 κᾶν

2115 5189 2209 5256 ἀφ’
2254 5187 2448 5258 ἐτέρας
2499 5188 2675 5258 ἀρχῆς
2732 5187 2972 5260 ἐνοχλοίη
3014 5207 3099 5253 τις
3159 5189 3444 5263 Ῥωμαίων
3488 5197 3553 5264 τῇ
3597 5199 3692 5266 γῇ,

2115 5280 2304 5335 τοῦτον
2339 5282 2396 5334 δέ
2446 5280 2768 5351 στρατεύειν
2814 5282 2976 5346 εὐθὺς
3029 5285 3153 5336 κατ’
3197 5285 3365 5338 αὑτοῦ
3415 5290 3509 5341 καὶ
3555 5289 3694 5342 πᾶσι

2115 5374 2336 5444 τρόποις
2365 5375 2466 5445 τὴν
2493 5374 2815 5445 ὀθενδήποτε
2845 5377 3127 5446 φυομένην
3151 5377 3437 5446 ἀπείργειν
3467 5380 3695 5432 ἐπιδου-

2114 5465 2232 5537 λὴν,
2277 5468 2386 5520 πᾶν
2436 5485 2496 5519 τε
2540 5467 2568 5519 ὃ
2598 5467 2734 5538 πρὸς
2778 5467 3041 5542 βασιλέως
3083 5469 3424 5523 ἐπιτάττοιτο
3470 5471 3694 5542 ὀκνήσει

2115 5560 2342 5632 οὐδεμιᾷ
2369 5561 2614 5626 ἐπιτελὲς
2635 5560 2837 5616 αὐτίκα
2852 5541 3060 5628 ποιεῖν,
3101 5563 3205 5618 κάν
3228 5579 3312 5628 τις
3349 5563 3458 5620 τῶν
3478 5564 3696 5638 βασιλεῖ

1783 5700 1885 5762 Du
1915 5699 2139 5778 Cangii
2176 5709 2364 5764 notae.

515 5822 627 5885 (47)
671 5823 1089 5892 Ἰαγουπασάν.
1141 5827 1301 5886 Istius
1331 5832 1692 5901 expeditionis
1728 5834 2014 5891 historiam

2126 5835 2218 5891 bet
2248 5835 2408 5892 ctiam
2440 5835 2678 5906 Nicetas,
2712 5836 2748 5893 Ι.
2783 5851 2864 5905 ιιι,
2906 5852 2962 5894 n.
2994 5838 3028 5894 5
3052 5849 3106 5895 ct
3137 5839 3192 5897 6.
