4058 6400
337 336 445 402 511)
1532 340 1907 404 HISTORIA

2010 345 2083 406 [Μ
2127 345 2279 409 LIB.
2318 348 2387 411 ν.
3192 365 3199 371 ⁷
3490 361 3597 425 550

336 451 635 521 κατηκόων
679 452 891 509 πόλεων
923 453 1030 509 ὑπὸ
1059 454 1160 527 τὴν
1203 453 1481 527 Περσικήν
1526 455 1783 526 φθάσασα
1827 457 1907 511 πέ·

2033 459 2251 515 domum
2267 475 2519 516 reversus
2553 470 2658 519 est.
2677 464 2780 520 Sed
2803 474 2861 521 ut
2887 466 3152 526 intellexit
3170 469 3399 544 Scythas
3414 472 3614 532 Istrum

337 563 526 601 πτωκε
560 546 843 617 παλάμην,
864 547 961 602 καὶ
982 547 1188 618 ταύτην
1224 547 1521 619 Ῥωμαίοις
1549 549 1902 614 ἀνασώζεσθαι

2034 553 2335 624 trajecisse,
2356 570 2462 625 quo
2480 554 2846 613 Romanorum
2870 559 3006 617 lines
3034 562 3397 631 incursarent,
3412 568 3617 624 omisso

333 634 666 690 συνετίθετο.
703 635 929 699 Τούτοις
956 635 1311 701 ἀναπεισθεὶς
1352 635 1607 707 βασιλεὺς
1649 637 1833 707 ὅρκοις
1863 654 1907 690 τι

2030 644 2332 715 Byzantino
2375 648 2598 715 itinere,
2626 650 2693 704 ad
2726 650 2946 715 fretum,
2972 653 3113 722 quod
3142 655 3335 727 Abydo
3370 657 3486 712 urbi
3513 661 3614 713 ad-

330 728 663 791 δεινοτὰτοις
691 726 857 784 αὑτὸν
887 729 1213 800 κατειλήφει
1252 730 1348 783 καὶ
1383 729 1485 802 τὴν
1516 730 1720 801 ἔχθραν
1752 729 1907 795 λύσας

2022 742 2191 812 jaret,
2223 745 2523 810 contendit,
2552 744 2643 801 ubi
2676 745 2729 801 iu
2754 745 2988 804 Thracia
3019 750 3182 806 situm
3215 726 3302 809 est
3326 755 3609 826 oppidum,

332 820 421 875 ἐπ’
464 822 619 875 οίκου
664 821 1044 893 ἀνεκομίζετο.
1099 822 1415 894 Πυθόμενος
1466 823 1523 878 δέ
1569 823 1789 889 Σκύθας
1829 824 1907 879 τοι

2027 837 2170 905 quod
2216 850 2248 891 a
2299 835 2470 892 Callia
2520 837 2960 907 Atheniensium,
3014 851 3073 897 ut
3126 844 3340 914 opinor,
3364 820 3613 916 praetore

334 914 545 986 Ἴστρον
592 915 846 986 διαϐῆναι
894 917 981 986 ἐφ’
1013 909 1057 985 ᾧ
1091 915 1382 987 Ῥωμαίων
1418 916 1907 988 καταδριιιμεῖσθαι1

2027 942 2226 993 nomen
2258 929 2487 1000 accepit,
2517 929 2700 1001 ibique
2730 941 3103 1004 transgressus
3149 909 3343 992 contra
3377 909 3611 1012 Scythas

329 1008 426 1078 τῆς
448 1007 544 1061 ἐπὶ
566 1007 865 1073 Βυζάντιον
895 1008 1171 1082 φερούσης
1201 1007 1475 1080 ἀφέμενος
1506 1010 1600 1063 ἐπὶ
1628 1008 1719 1062 τὸν
1746 1008 1907 1080 ἀγχοῦ

2025 1021 2305 1092 profectus
2337 1033 2441 1077 est.
2480 1023 2586 1079 Sed
2629 1025 2871 1080 nondum
2907 1027 2971 1082 ad
3003 1028 3164 1098 202
3196 1030 3389 1084 Istrum
3420 1007 3612 1102 perve-

329 1100 536 1163 πόλεως
580 1098 809 1154 ’Δὸύδου
849 1100 1046 1173 ἐχώρει
1079 1100 1347 1173 πορθμὸν,
1379 1100 1509 1156 ἔνθα
1553 1100 1915 1155 ἐπιθαλασσί-

2029 1118 2205 1176 nerat,
2234 1126 2356 1167 cum
2394 1112 2470 1167 illi
2506 1124 2762 1184 percepto
2785 1116 3156 1173 Romanorum
3190 1121 3448 1189 adventu,
3478 1137 3612 1177 con-

328 1190 443 1244 διόν
462 1209 515 1244 τι
544 1192 638 1245 ἐπὶ
681 1192 905 1265 Θρᾴκης
960 1192 1205 1263 πόλισμα
1262 1195 1463 1256 κεῖται,
1516 1192 1625 1247 ἀπὸ
1676 1194 1907 1253 Καλλίου

2026 1203 2232 1256 vasatis
2255 1203 2514 1258 celeriter
2543 1205 2729 1270 rebus,
2762 1216 2911 1261 retro
2941 1222 3181 1265 cessere.

328 1282 421 1336 τοῦ
464 1283 765 1353 Ἀθηναίων
813 1280 969 1356 οἶμαι
1019 1284 1326 1356 στρατηγοῦ
1376 1286 1476 1357 τήν
1531 1288 1906 1360 προσηγορίαν
1944 1289 2199 1362 ἐσχηκός.
2246 1293 2512 1350 Ἐνταῦθα
2559 1297 3012 1368 περαιωσάμενος
3076 1301 3168 1354 ἐπὶ
3204 1302 3418 1366 Σκύθας
3478 1302 3611 1374 ἐφέο

332 1391 493 1444 ρετο·
528 1377 645 1432 ἀλλ’
675 1376 831 1433 οὔπω
893 1379 1029 1450 ἔφθη
1080 1379 1174 1433 τὸν
1212 1380 1427 1452 Ἴστρον
1470 1381 1823 1451 καταλαϐεῖν,
1870 1384 2115 1441 κάκεῖνοι
2160 1386 2263 1458 τὴν
2319 1386 2610 1459 Ῥωμαίων
2644 1389 2981 1462 ᾴκούσαντες
3055 1393 3246 1463 ἔφοδον
3317 1394 3457 1466 ταχὺ
3508 1412 3608 1449 συ·

331 1472 733 1543 σκευασάμενοι
769 1473 1021 1547 ἀνεχώρη
1032 1490 1151 1529 σαν.

329 1673 3590 1707 ..____.__._______________—_______________

1654 1827 2102 1919 BIBAION
2180 1827 2294 1919 E'.
2333 1968 2337 1971 Δ

1733 2135 2037 2215 LIBER
2110 2135 2205 2213 V.

397 2418 470 2478 α’.
501 2419 687 2477 Ταῦτα
712 2419 812 2491 μὲν
836 2419 963 2492 τῇδε
990 2421 1294 2493 συνηνέχθη
1325 2421 1603 2489 γενέσθαι.
1646 2423 1707 2477 'O
1725 2422 1787 2478 δὲ
1817 2422 1907 2495 βα-

2095 2420 2150 2477 1.
2186 2420 2311 2475 llaec
2342 2419 2560 2489 quidem
2601 2434 2666 2473 eo
2709 2417 2808 2473 loci
2850 2427 2959 2473 tum
3005 2422 3373 2492 contigerunt.
3419 2426 3598 2497 Impe-

329 2514 513 2577 σιλεὺς
569 2510 759 2582 ἐπειδὴ
821 2511 991 2582 μηδὲν
1048 2512 1373 2584 ὁθενὸήποτε
1426 2515 1779 2569 ἀντιστατοῦν
1838 2519 1907 2586 τῇ

335 2606 626 2676 Ῥωμαίων
660 2604 987 2675 ὑπεφαίνετο
1005 2606 1185 2677 ’ἀρχῇ,
1228 2604 1588 2677 ψυχαγωγίας
1622 2607 1786 2663 ἕνεκα
1816 2608 1910 2662 ἐπί

325 2718 377 2752 τι
426 2697 537 2753 τῶν
589 2698 756 2765 ἐγγὺς
810 2695 1095 2767 Βυζαντίῳ
1157 2698 1378 2768 χωρίων
1418 2698 1613 2772 ἐξῆλθε
1656 2714 1672 2731 ⁸
1707 2700 1909 2770 Λόγγοι

324 2790 496 2859 δνομα
526 2788 723 2859 τούτῳ.
762 2787 1028 2841 Ἐνταῦθα
1051 2787 1337 2861 διατριὸὴν
1364 2792 1713 2860 ποιουμένου,
1750 2793 1782 2862 ή
1813 2792 1905 2846 τέ-

325 2880 469 2943 λειος
518 2878 701 2951 ἡμέρα
754 2877 850 2932 τοῦ
910 2879 1024 2949 βίου
1072 2881 1139 2950 τῇ
1191 2878 1426 2950 βασιλίδι
1478 2881 1768 2951 ἐπεγένετο
1816 2882 1909 2937 El—

329 2974 468 3045 ρήνη
505 2971 643 3041 (48),
677 2969 899 3039 γυναικὶ
938 2971 1030 3024 ἐπὶ
1062 2972 1410 3042 σωφροσύνῃ,
1451 2972 1644 3045 ὥσπερ
1693 2973 1910 3046 εἴρηταί

332 3083 419 3138 μοι
443 3065 536 3118 καὶ
565 3063 854 3134 πρότερον,
883 3061 977 3116 καὶ
1008 3064 1331 3134 κοσμιότητι
1362 3065 1454 3118 καὶ
1483 3066 1648 3137 οἴκτῳ
1670 3065 1747 3136 τῷ
1773 3067 1911 3136 πρὸς

327 3159 453 3222 τοὺς
498 3156 783 3226 δεομένους
836 3154 1015 3226 πολλῷ
1053 3155 1155 3219 τὰς
1197 3158 1319 3209 κατ’
1370 3159 1580 3212 ἐκεῖνον
1634 3158 1911 3229 ὑπερϐαλ-

328 3249 494 3321 λούσῃ
525 3248 617 3302 τδν
652 3247 866 3319 χρόνον.
897 3245 982 3320 [Ρ.
1009 3246 1135 3320 118]
1161 3246 1310 3319 Αὕτη
1356 3249 1503 3304 δυεῖν
1550 3249 1652 3320 μὲν
1692 3249 1911 3317 ἐγένετο

331 3342 640 3413 θυγατρίων
668 3340 876 3412 μήτηρ,
906 3335 983 3395 ὢν
1023 3342 1056 3411 ή
1090 3340 1190 3412 μὲν
1223 3341 1572 3413 πρεσϐυτέρα
1612 3342 1819 3396 ἐπεϐίω
1848 3358 1909 3395 τε

330 3435 527 3505 καὶτῷ
559 3435 730 3505 πατρὶ
775 3433 1156 3504 ξυνδιήγαγεν,
1188 3433 1359 3506 ἁτέρα
1398 3434 1455 3488 δὲ
1485 3435 1654 3506 ὀλίγῳ
1685 3436 1910 3506 ὕστερον

330 3526 423 3579 τὸν
452 3525 566 3596 βίον
610 3523 1048 3594 ξυνεμετρήσατο
1091 3523 1353 3593 τέταρτον
1397 3522 1614 3594 ήλικίας
1671 3523 1911 3577 ἀνύουσα

329 3618 545 3689 χρόνον.
584 3614 724 3669 Ἀλλ’
745 3616 828 3670 ἔτι
854 3615 1052 3686 περιῆν
1082 3617 1115 3684 ἠ
1150 3616 1278 3679 παῖς
1305 3617 1372 3686 τῇ
1399 3615 1542 3686 νόσῳ
1580 3615 1908 3683 παλαίουσα,

329 3713 422 3765 καὶ
454 3713 482 3764 ὁ
518 3708 797 3781 βασιλεὺς,
841 3707 950 3762 τῶν
1007 3707 1280 3779 ἐσπερίων
1329 3707 1392 3761 τὸ
1431 3709 1553 3762 τότε
1602 3709 1911 3764 καλούντων

2012 2522 2164 2566 rator
2217 2519 2400 2565 autem
2448 2524 2570 2565 cum
2621 2508 2868 2563 Romano
2914 2509 3143 2579 imperio
3194 2511 3415 2569 obstare
3463 2516 3598 2572 nihil

2009 2604 2304 2669 videretur,
2367 2601 2532 2655 animi
2590 2601 2875 2656 recreandi
2933 2616 3121 2669 causa,
3179 2602 3234 2657 in
3290 2606 3595 2674 proximum

2008 2692 2271 2764 Byzantio
2331 2692 2617 2761 praedium,
2645 2691 2731 2745 cui
2761 2689 2931 2761 Longi
2976 2707 3171 2747 nomen
3202 2703 3318 2759 cst,
3349 2698 3595 2752 secessit.

2011 2784 2108 2839 llic
2136 2787 2262 2840 dum
2299 2792 2758 2847 commoraretur,
2785 2791 3092 2838 extremum
3124 2786 3247 2840 vitae
3276 2787 3417 2841 diem
3445 2788 3601 2842 clau-

2008 2878 2082 2931 sit
2106 2875 2258 2931 lrene
2281 2875 2622 2946 iinperatrix,
2652 2874 2876 2939 lumina,
2905 2890 3045 2945 quze,
3076 2876 3150 2929 uti
3184 2892 3346 2947 supra
3381 2893 3411 2933 a
3439 2880 3598 2935 nobis

2009 2969 2214 3024 dictqu
2246 2978 2353 3031 est,
2388 2965 2669 3029 modestia,
2706 2981 2919 3020 morum
2970 2968 3273 3036 probitate,
3304 2971 3439 3025 etin
3473 2988 3602 3042 ege—

2012 3074 2111 3113 nos
2140 3058 2542 3122 misericordia,
2574 3066 2799 3111 caeteras
2832 3070 2944 3111 suae
2968 3058 3142 3111 :etatis
3177 3059 3334 3128 longe
3373 3064 3600 3131 praecl-

2011 3152 2178 3207 lebat.
2206 3150 2443 3205 Duarum
2472 3149 2561 3204 illa
2596 3148 2826 3203 filiarum
2860 3159 3035 3204 mater
3066 3150 3187 3215 fuit,
3208 3168 3434 3221 quarum
3465 3165 3597 3211 natu

2011 3243 2187 3311 major
2213 3251 2498 3310 superates
2532 3253 2654 3293 cum
2686 3249 2840 3308 patre
2870 3242 3028 3306 vixit,
3060 3242 3230 3296 altera
3278 3259 3407 3298 vero
3436 3246 3598 3315 paulo

2011 3342 2131 3404 post
2169 3341 2225 3388 et
2268 3332 2382 3404 ipsa
2425 3332 2582 3397 obiit,
2617 3345 2870 3401 quartum
2924 3333 3103 3388 aztatis
3155 3350 3356 3389 annum
3405 3352 3598 3409 agens.

2013 3426 2213 3481 Verum
2266 3425 2446 3480 adhuc
2495 3432 2783 3492 supererat
2835 3438 2960 3477 cum
3035 3425 3223 3479 morbo
3293 3426 3598 3485 colluctans

2012 3518 2268 3589 puellula,
2302 3533 2424 3572 cum
2474 3518 2793 3589 imperator,
2837 3517 3192 3573 evocantibus
3238 3520 3386 3574 illum
3436 3523 3599 3577 rebus

2010 3610 2452 3667 Occidentalibus
2473 3651 2489 3677 ,
2528 3608 2861 3680 posthabitis
2890 3607 3230 3676 domesticis,
3261 3625 3326 3665 eo
3356 3627 3416 3667 se
3462 3628 3599 3668 con-

2014 3702 2156 3758 tulit.
2187 3699 2355 3756 Fama
2393 3715 2629 3770 namque
2663 3710 2793 3754 tunc
2824 3700 3085 3771 temporis
3124 3701 3598 3770 percrebrescebat

333 3770 708 3867 πραγμάτων,
757 3770 879 3848 ⁷’τῶν
916 3794 1059 3848 κατά
1118 3770 1218 3865 τήν
1268 3795 1453 3851 ἐστίαν
1502 3797 1774 3867 ἀφέμενος
1822 3801 1907 3854 ἐπ’

2014 3808 2195 3865 regem
2233 3793 2661 3847 Alamannorum
2702 3785 3074 3858 Fredei'icum,
3108 3795 3379 3850 universis
3406 3796 3598 3852 accitis

330 3892 515 3945 ἐκεῖνα
549 3887 767 3959 ἐχώρει.
793 3888 952 3959 Φήμη
991 3886 1101 3956 γάρ
1125 3904 1209 3950 τις
1256 3889 1477 3959 ἐκράτει
1502 3890 1568 3943 τὸ
1607 3892 1910 3961 τηνικαῦτα

330 3984 405 4045 ὡς
434 3984 463 4035 ὁ
508 3980 619 4034 τῶν
687 3978 1007 4046 Ἀλαμανῶν
1049 3978 1150 4049 pne
1208 3979 1534 4049 Φρεδερίκος
1572 3983 1633 4037 τὸ
1683 3984 1911 4054 σύμπαν

332 4072 481 4135 ἔθνος
506 4070 843 4139 ἀνακινήσας
878 4069 1186 4139 πανστρατὶ
1218 4069 1313 4122 ἐπὶ
1337 4069 1436 4139 τὴν
1486 4071 1772 4143 Ῥωμαίων
1809 4074 1911 4144 φέ-

336 4182 489 4237 ρεται
511 4162 636 4233 γῆν.
682 4161 781 4215 Διὰ
810 4160 986 4215 ταῦτά
1007 4176 1066 4214 τε
1106 4157 1200 4213 οὖν
1251 4159 1349 4214 καὶ
1386 4160 1463 4224 ὡς
1489 4164 1518 4215 ὁ
1553 4162 1663 4216 τῶν
1693 4162 1910 4218 Οὕννων

336 4258 438 4328 ρὴξ
481 4256 692 4320 Ἰατζᾶς
721 4254 813 4308 τὸν
844 4253 959 4325 βίον
984 4252 1243 4307 ἀπολίποι
1282 4254 1376 4307 ἐπὶ
1416 4254 1690 4326 Σαρδικὴν
1721 4251 1905 4327 ἦλθεν.

337 4348 507 4402 Ἔνθα
537 4348 622 4416 ἐφ’
665 4344 847 4399 ἱκανὸν
881 4342 1167 4414 διατρίψας
1212 4344 1343 4415 περὶ
1393 4342 1651 4397 πλείστου
1691 4343 1789 4415 τήν
1808 4344 1910 4414 τῆς

338 4439 609 4509 Ούννικῆς
647 4435 1014 4509 ἐπικράτησιν
1053 4435 1311 4496 ἐποιεῖτο,
1352 4434 1489 4504 Ἤδη
1533 4434 1644 4506 γὰρ
1672 4435 1741 4488 τὰ
1766 4436 1914 4505 ἀμφὶ

333 4537 446 4596 τοῖς
480 4531 806 4601 Ἀλαμανοῖς
835 4525 1205 4598 θρυλληθέντα
1229 4525 1418 4579 οὐκέτι
1439 4526 1728 4597 ἐκράτουν.
1746 4526 1913 4579 Ὀθεν

332 4624 390 4678 δέ
420 4624 519 4692 τῆς
558 4621 824 4691 Οὑννικῆς
868 4616 1283 4689 μεταποιεῖσθαι
1328 4617 1358 4670 ὁ
1397 4616 1653 4687 βασιλεὺς
1697 4616 1910 4688 ἤθελεν,

334 4716 436 4787 ήδη
483 4715 754 4784 λέγωμεν.
808 4710 992 4782 Ἰατζᾷ
1050 4711 1116 4782 δὴ
1174 4710 1286 4781 (19)
1337 4708 1512 4780 τούτῳ
1575 4710 1748 4782 ήστην
1812 4709 1913 4780 μὲν

2011 3884 2358 3949 nationibus,
2402 3886 2527 3938 totis
2562 3883 2771 3938 viribus
2813 3884 2865 3937 in
2903 3883 3276 3938 Romanorum
3316 3901 3481 3955 agros
3519 3889 3600 3941 ir-

2009 3988 2283 4043 rumpere.
2318 3974 2391 4027 Ea
2425 3973 2590 4041 Igitur
2624 3982 2867 4040 propter,
2892 3981 2946 4027 et
2974 3975 3120 4042 quod
3163 3974 3328 4029 ϐείω
3373 3975 3598 4047 llunga-

2010 4079 2195 4119 rorum
2237 4078 2334 4118 rex
2363 4064 2470 4118 vita
2506 4063 2895 4130 concessisset,
2937 4065 3221 4118 Sardicam
3271 4067 3459 4122 venit:
3500 4070 3592 4123 ubi

2008 4155 2322 4226 aliquandiu
2362 4164 2603 4209 moratus
2632 4154 2815 4223 203,
2850 4170 2957 4224 quo
2989 4164 3148 4223 pacto
3177 4155 3468 4226 Hutigarim
3511 4175 3598 4213 re-

2014 4262 2180 4319 gnum
2206 4246 2309 4302 sibi
2343 4253 2614 4301 assereret
2665 4245 2847 4299 animo
2886 4244 3156 4300 volvebat.
3204 4245 3337 4300 Nam
3366 4264 3487 4317 quae
3531 4251 3596 4303 da

2014 4344 2330 4398 Alemannis
2397 4341 2751 4405 ferebantur,
2812 4340 2957 4394 haud
3019 4341 3176 4410 plane
3247 4345 3592 4398 constabant.

2015 4434 2133 4501 Qun
2164 4447 2294 4488 vero
2316 4433 2441 4500 jure
2477 4430 2807 4501 Ilungariam
2837 4430 2940 4486 sibi
2973 4445 3298 4501 comparare
3334 4435 3594 4488 decreve-

2013 4525 2087 4579 rit
2132 4525 2446 4594 imperator,
2482 4522 2591 4589 jam
2635 4521 3203 4577 commemorabimus.
3237 4520 3417 4577 Geizze
3465 4522 3597 4577 huic

2013 4616 2212 4673 fratres
2232 4626 2389 4673 erant
2417 4615 2726 4671 Vladislaus
2756 4624 2811 4670 et
2840 4613 3167 4685 Stephanus.
3205 4626 3261 4669 at
3292 4616 3491 4685 quibus
3525 4631 3592 4669 ex

2013 4710 2236 4766 Oﬂ'ensis
2273 4720 2500 4779 uterque
2548 4707 2625 4763 illi
2667 4707 2794 4763 odio
2829 4705 3014 4773 fuerit,
3042 4704 3202 4777 plane
3246 4707 3455 4774 ignoro.
3491 4708 3595 4762 Ita-

1686 4824 1786 4885 Du
1816 4822 2042 4903 Cangii
2076 4831 2267 4885 notae.

410 4958 525 5030 (48)
556 4953 1215 5030 Ειρήῂῃηᾛάεῂειειηηξξι
1246 4952 1667 5030 Qomnenicum.

409 5022 521 5100 (49)
565 5022 778 5100 Ἰὰτζὶζ
804 5023 903 5100 δή.
956 5022 1533 5100 Geiamllﬂungari;
1590 5023 1907 5100 regi,_Bel;g

337 5093 697 5170 cognomento
740 5094 934 5170 Cgci,_
968 5096 1110 5162 regis
1148 5094 1289 5170 ﬁlio,_
1326 5096 1432 5146 duo
1489 5093 1903 5170 fratres-fuere,

334 5162 643 5225 Vladislans
670 5226 671 5229 η
698 5175 752 5219 ει
788 5164 1139 5236 Stephanus,
1159 5162 1494 5236 totidemque
1526 5164 1643 5227 lilii,
1670 5162 1902 5236 Stephaé

338 5257 439 5296 nus
474 5248 528 5294 et
580 5236 729 5292 Bela.
786 5231 999 5306 mortuo
1029 5231 1210 5306 ‘Gciza
1238 5231 1566 5306 Stephanus
1612 5231 1781 5300 (ilius,
1810 5238 1904 5306 qui

337 5322 603 5379 supremo
638 5305 880 5379 parentis
901 5303 1080 5379 elogio
1108 5302 1397 5379 readictus
1429 5302 1630 5379 fuerat,
1656 5302 1901 5359 omnium

336 5374 501 5436 etiam
525 5374 767 5437 calculis,
797 5374 972 5444 plenis
1019 5374 1276 5444 comitiis,
1319 5374 1649 5442 approbatus
1693 5384 1777 5429 est
1808 5390 1899 5430 an.

339 5449 499 5505 1161.
558 5442 882 5509 Vladislaus,
934 5444 1112 5498 Geizm
1160 5442 1349 5506 frater,
1409 5453 1664 5511 usurpata
1691 5447 1909 5499 interim

338 5520 487 5587 regia
542 5524 830 5587 potestate,
856 5528 996 5587 _per
1052 5511 1094 5587 6_
1118 5527 1346 5587 nienses
1394 5526 1459 5587 ea
1493 5515 1731 5587 potitur;
1793 5529 1903 5587 quo

338 5581 606 5643 exstincto
675 5585 799 5638 Kal.
856 5582 1015 5638 Febr.
1072 5582 1234 5646 1172,
1292 5581 1603 5651 Stephanus
1649 5581 1904 5639 VladiSlai

339 5658 509 5712 frater
551 5669 776 5724 regnum
818 5653 1062 5707 invadit:
1105 5656 1197 5708 sed
1263 5669 1292 5707 a
1361 5654 1638 5724 Stephano
1682 5668 1903 5724 nepote

337 5731 513 5782 victus
563 5723 798 5778 effusus
832 5724 1013 5777 statim
1061 5735 1248 5792 postea
1290 5724 1342 5776 in
1404 5723 1628 5777 castello
1676 5723 1897 5777 Zemlen

1941 4958 1987 5014 ι)
2016 4966 2101 5012 est
2164 4955 2428 5027 Stephani
2468 4952 2685 5027 nepotis
2736 4961 2900 5027 mors
2918 4946 3018 5027 sub
3051 4945 3089 5027 ξ
3115 4943 3281 5027 Non“
3304 4945 3461 5001 Mart.
3494 4964 3590 5005 an.

2017 5026 2181 5084 H75.
2238 5015 2480 5081 ﬁnxerat
2518 5015 3039 5090 StephanusGeiue
3064 5015 3234 5090 frater
3264 5017 3320 5073 in
3368 5032 3591 5090 nitorem

2013 5095 2236 5151 Mariam
2268 5087 2639 5153 Comuenam':
2695 5087 3001 5147 Viadislaus
3053 5087 3295 5141 oblatum
3358 5087 3460 5142 sibi
3514 5088 3591 5141 si-

2013 5168 2141 5221 mile
2174 5166 2500 5222 connubiutn
2553 5162 2835 5220 abnuerat,
2889 5171 2955 5210 ne
2993 5156 3197 5211 aditum
3229 5157 3333 5211 sibi
3392 5157 3459 5210 ad
3500 5173 3591 5211 re-

2009 5251 2198 5306 gnum,
2233 5236 2323 5291 cui
2355 5235 2620 5306 inhiabat,
2666 5224 3043 5306 praeluderet.
3194 5225 3327 5306 466]
3358 5227 3591 5294 Stepha-

2011 5295 2115 5361 nus
2146 5295 2381 5376 «lenique
2420 5295 2612 5359 senior
2644 5295 3054 5376 propitiato-ali
3075 5295 3347 5376 Hungaris
3376 5311 3591 5351 veneno

2012 5376 2241 5439 interiit,
2271 5362 2327 5429 u't
2351 5384 2531 5428 aucto:
2565 5362 2903 5426 est'Nicetas.
2931 5362 3123 5439 Iunior
3152 5362 3355 5434 pariter
3378 5381 3591 5439 veneno

2020 5446 2187 5500 vitam
2228 5436 2422 5508 linivit,
2459 5444 2603 5513 quod
2626 5458 2659 5513 7a
2689 5440 2859 5513 fratre
2898 5450 3059 5513 quem
3086 5438 3153 5490 de
3178 5444 3326 5513 terra
3350 5436 3592 5513 ejecerat

2018 5518 2205 5569 datum
2225 5504 2418 5569 scribit
2430 5504 2703 5566 Arnoldus
2725 5507 2925 5561 Lubec.
2959 5504 2996 5556 l.
3020 5521 3081 5570 ιι,
3100 5520 3149 5560 ε.
3177 5506 3231 5559 '5.
3257 5506 3589 5561 Consulendi

2014 5595 2274 5651 prmterea
2307 5584 2373 5637 ad
2413 5586 2554 5636 hanc
2620 5577 2900 5651 historiam
2923 5572 3312 5651 “Thwroczius
3357 5586 3410 5629 et
3440 5574 3587 5629 Bon-

2010 5640 2194 5718 finius,
2243 5652 2485 5718 Nicetes,
2521 5652 2556 5705 Ι.
2606 5665 2680 5714 Iv,
2716 5666 2770 5702 n.
2818 5640 3242 5718 isllatlevirus,
3299 5648 3335 5700 Ι,
3392 5661 3477 5710 ιιι,
3533 5662 3588 5699 c.

2010 5726 2114 5789 I2;
2155 5715 2493 5783 Guntherus’.
2541 5723 2578 5778 Ι.
2613 5736 2706 5786 νι;
2747 5720 2906 5772 Stero
2955 5727 3045 5768 an.
3112 5715 3251 5772 1ί60
3306 5725 3360 5772 et
3399 5725 3592 5771 auctor

337 5798 414 5851 Id.
457 5797 626 5864 April.
662 5796 801 5849 diem
828 5795 957 5849 obiit
987 5811 1001 5863 ;
1032 5794 1189 5865 Cujus
1223 5792 1386 5848 funus
1435 5796 1720 5849 subsecuta
1772 5809 1894 5848 mox
2004 5796 2287 5850 Chronica:
2316 5793 2551 5848 Austral.
2576 5793 2641 5843 A.
2681 5791 2838 5845 1165.
