4058 6412
371 319 477 381 553
888 338 895 344 '
1576 315 1626 375 H
1637 311 1973 375 ISTORlAl

2037 311 2116 371 ΙΜ
2162 309 2312 371 LIB.
2386 311 2456 371 ν.
3536 311 3639 374 Ξιῑιί

370 427 633 492 Βασιλεὺς
667 427 726 483 δὲ
755 426 848 483 τὸν
892 426 1124 481 ὕστατον
1152 424 1402 496 ἀδελφῶν
1429 424 1828 494 μετάπεμπτον
1866 420 1955 474 θέ·

2060 417 2333 473 sincerum
2364 420 2620 490 delnccps
2653 420 2969 491 obsequium
2998 420 3075 476 illi
3109 420 3177 476 ad
3210 427 3436 476 mortem
3469 437 3639 493 usque

372 537 557 590 μενος.
583 520 643 583 ὃς
675 519 806 572 Δεσὲ
842 518 943 590 μὲν
974 517 1244 584 ἐκαλεῖτο,
1275 516 1509 588 Δένδρας
1553 515 1611 568 δὲ
1648 513 1832 584 χώρας
1853 506 1956 583 ἦρ-

2062 518 2365 579 praestart-t,
2395 519 2557 578 atque
2584 512 2806 582 insuper
2834 520 3001 569 totam
3031 512 3525 584 Dettdram,qttattt,
3560 516 3639 570 ttti

371 626 488 680 χεν,
518 611 552 680 ἢ
599 610 789 663 Ναῖσῶ
833 611 892 663 έν
925 607 1187 677 γειτόνων
1211 609 1362 662 ἐστὶν
1396 608 1670 678 εὐδαίμων
1713 607 1809 658 καὶ
1857 621 1956 657 πε-

2060 601 2321 664 diximus,
2350 602 2682 671 possidebat,
2741 604 3061 660 traditurum
3108 606 3392 673 Romanis,
3459 609 3643 662 archi-

374 701 751 771 λυάνθρωπος,
787 682 857 754 τά
893 702 1063 757 πιστά
1102 718 1161 756 τε
1195 702 1329 774 παρ’
1375 698 1542 753 αὐτοῦ
1588 695 1772 752 λαϐὼν
1803 697 1953 759 ὅπως

1041 702 1063 757 ἱ
1102 718 1161 756 τε
1195 702 1329 774 παρ’
1375 698 1542 753 αὐτοῦ
1588 695 1772 752 λαϐὼν
1803 697 1953 759 ὅπως
2061 711 2329 762 zttpattunt
2354 699 2643 749 renuntiat.

373 797 668 853 ἀνόθευτον
693 796 845 866 αύτῷ
864 798 925 851 τὸ
949 797 1050 868 τῆς
1076 796 1324 860 δουλείας
1360 796 1547 868 σχῆμα
1576 795 1633 858 ἐς
1653 793 1747 848 τὸν
1774 792 1954 845 πάντα
1992 789 2088 859 τῆς
2119 788 2267 859 ζωῆς
2301 788 2513 859 φυλάξῃ
2550 778 2744 856 αἰῶνα,
2779 791 2917 864 πρὸς
2944 793 3001 846 δὲ
3029 795 3124 847 καὶ
3180 795 3258 860 ὡς
3324 800 3642 854 παντάπασι

370 875 608 961 Δένδρας
648 889 942 961 Ῥωμαίοις
973 891 1398 963 ὑπεκστήσεται,
1433 889 1523 959 ἢν,
1559 885 1813 956 καθάπερ
1841 883 2002 952 έφην,
2046 882 2452 953 καρπιζόμενος
2476 879 2566 956 ἦν,
2600 884 2999 956 ἀρχιζουπάνον
3030 889 3271 948 ἀνεῖπεν,

444 982 515 1053 γ’,
561 984 697 1039 Ὑπὸ
726 985 918 1040 τοῦτον
947 986 1040 1040 τὸν
1068 987 1261 1058 χρόνον
1300 986 1396 1040 καὶ
1428 982 1825 1050 Κλιτζιεσθλάν
1843 977 1956 1053 (55)

2135 978 2189 1032 3.
2220 977 2332 1034 Sub
2363 980 2501 1034 idem
2526 988 2739 1050 tempus
2764 982 3135 1038 Clitziestltlatt
3162 986 3408 1043 sultanus
3435 988 3645 1062 Byzan-

375 1079 406 1131 ὁ
451 1078 679 1133 σουλτάν
726 1080 783 1141 ἐς
822 1077 1120 1142 Βυζάντιον
1149 1078 1452 1150 αὐτόμολος
1504 1073 1639 1149 ἦλθε
1678 1076 1806 1147 περὶ
1850 1074 1960 1127 τῶν

2067 1076 2198 1126 tium
2217 1070 2363 1126 ultro
2379 1075 2615 1138 vettit,dc
2632 1074 2700 1129 iis
2716 1090 2836 1144 qua:
2852 1075 3000 1130 utilia
3013 1076 3117 1132 sibi
3137 1079 3331 1144 forent,
3348 1080 3643 1153 principem

376 1170 530 1240 αὐτῷ
587 1170 887 1242 συμφόρων
954 1171 1222 1241 βασιλέως
1287 1170 1659 1242 δεησόμενος,
1726 1167 1959 1240 πρᾶγμα

2069 1171 2388 1232 rogaturus,
2408 1179 2495 1219 res
2517 1180 2707 1236 magna
2733 1169 2975 1237 profecto
2995 1180 3051 1225 et
3072 1171 3225 1235 plena
3249 1171 3410 1242 205
3433 1174 3639 1243 gloriae.

378 1262 586 1332 ὑψηλόν
620 1278 679 1315 τε
725 1263 822 1315 καὶ
864 1261 1161 1331 δαιμονίως
1205 1262 1516 1333 ὑπέρογκον
1565 1261 1662 1315 καὶ
1713 1261 1814 1312 ὅσα
1857 1258 1959 1328 ἐμὲ

2065 1253 2239 1322 qualis
2274 1269 2551 1325 nunquam
2601 1264 2786 1322 antea,
2816 1269 3077 1328 quantum
3121 1263 3379 1317 memoria
3427 1267 3645 1334 assequi

377 1352 579 1407 εἰδέναι
623 1350 821 1408 οὔποτε
852 1351 1042 1407 ἄλλοτε
1092 1351 1385 1422 Ῥωμαίοις
1425 1350 1724 1422 εὐτυχηθὲν
1765 1348 1960 1419 πρότε-

2069 1360 2313 1417 possum,
2342 1345 2605 1404 Romanis
2636 1349 2881 1420 contigit.
2911 1349 3064 1418 Quod
3108 1355 3252 1408 enim
3293 1355 3378 1410 vel
3414 1358 3641 1426 praecla-

378 1460 494 1515 ρον.
541 1441 698 1505 Τίνος
745 1441 854 1510 γὰρ
903 1440 998 1493 καὶ
1047 1438 1158 1493 τῶν
1206 1439 1814 1510 με·γαλοπρεπεσ;έρων
1859 1437 1959 1507 οὐχ

2069 1437 2408 1493 rissintorum
2467 1436 2771 1495 facinorum
2812 1455 2919 1496 non
2974 1444 3117 1499 istud
3164 1456 3421 1517 superat,
3467 1451 3642 1505 virum

378 1535 707 1605 ὑπέρκειται
763 1532 939 1604 ἄνδρα
995 1531 1334 1603 τηλικαύτης
1378 1531 1785 1603 ἡγεμονεύοντα
1859 1530 1961 1599 γῆς

2070 1539 2232 1584 tantae
2272 1531 2509 1602 regionis
2539 1532 2835 1602 principem
2863 1543 3048 1606 totque
3079 1539 3434 1609 imperantem
3468 1543 3648 1600 natio-

378 1631 473 1682 καὶ
513 1628 787 1683 τοσούτων
832 1626 1161 1701 κυριεύοντα
1207 1626 1377 1681 ἐθνῶν
1404 1625 1619 1697 βασιλεί
1673 1622 1957 1692 Ῥωμαίυν

2068 1623 2226 1679 nibus
2253 1624 2566 1695 imperatori
2595 1639 2657 1681 se
2691 1625 2934 1683 Romano
2957 1632 3140 1686 servili
3178 1635 3383 1689 stitisse
3416 1636 3648 1692 habitu?

381 1723 441 1774 ὲν
481 1721 697 1775 οἰκέτου
726 1721 1070 1792 παρεστάναι
1106 1721 1377 1791 σχήματι;
1411 1719 1521 1773 Καὶ
1550 1716 1625 1779 ὣς
1652 1733 1715 1785 γε
1737 1719 1847 1778 τοῖς
1871 1732 1959 1782 φι-

2066 1713 2252 1784 Atque
2275 1722 2334 1768 ut
2376 1729 2558 1770 rerum
2593 1715 2780 1771 talium
2811 1720 3071 1775 studiosis
3106 1736 3169 1777 ea
3210 1738 3333 1793 quae
3374 1735 3484 1781 tum
3525 1738 3646 1783 acta

379 1813 601 1882 ληκόοις
631 1812 699 1867 τὰ
729 1812 1053 1866 τελεσθέντα
1093 1812 1216 1867 τότε
1262 1809 1666 1881 διηγησαίμην,
1696 1804 1834 1878 ἦρτο
1863 1804 1960 1872 μὲν

2067 1803 2139 1858 ibi
2161 1806 2395 1873 fuerunt,
2420 1805 2674 1874 referam,
2693 1810 3037 1880 splendidum
3066 1815 3282 1882 quidem
3308 1827 3643 1873 exstructum

381 1905 534 1977 βῆμα
556 1905 831 1977 λαμπρὸν,
856 1905 952 1958 καὶ
979 1903 1169 1974 δίφρος
1200 1905 1293 1958 ἐπὶ
1325 1900 1573 1955 πλεῖστον
1604 1898 1776 1970 γῆθεν
1807 1895 1964 1966 αἰρό-

2066 1906 2185 1951 erat
2215 1895 2482 1964 tribunal,
2516 1905 2570 1951 et
2600 1897 2731 1952 sella
2767 1913 2797 1952 a
2834 1908 2978 1954 terra
3002 1900 3161 1972 longe
3203 1919 3505 1976 exsurgens
3550 1924 3647 1979 po-

383 2014 543 2069 μενος
578 1997 779 2060 ἔκειτο,
821 1995 1004 2065 θέαμα
1037 1994 1200 2065 λόγου
1231 1993 1436 2047 πολλοῦ
1465 1992 1643 2059 ἀξιον.
1688 1990 1966 2059 Εἴργαστο

2068 1988 2173 2040 sita
2216 1994 2356 2052 erat,
2421 1986 2796 2055 spectaculum
2846 2003 2980 2043 sane
3037 2005 3337 2048 memoratu
3401 1996 3647 2065 dignum.

384 2093 484 2161 μὲν
516 2089 659 2154 ἄπας
697 2089 924 2160 χρυσοῦ,
961 2088 1126 2144 λίθων
1153 2088 1211 2142 δὲ
1240 2087 1533 2157 ἀνθράκων
1560 2083 1657 2138 καὶ
1688 2080 1965 2137 ὑακίνθων

2068 2075 2204 2133 Tota
2234 2094 2299 2131 ex
2342 2092 2477 2133 auro
2509 2085 2627 2132 erat
2664 2077 2922 2147 conflata,
2951 2081 3299 2141 carbunculis
3340 2093 3392 2138 et
3426 2085 3650 2156 hyacin-

386 2179 619 2248 ἄφθονόν
650 2198 703 2233 τι
730 2179 1107 2250 ἁπανταχόθεν
1135 2178 1328 2233 τούτου
1348 2176 1723 2231 διεστοίϐαστο
1750 2173 1963 2243 χρῆμα.

2071 2170 2179 2225 this
2221 2168 2437 2226 inﬁnito
2481 2170 2679 2240 ubique
2726 2185 2957 2228 nuutero
3017 2173 3293 2228 distincta.
3327 2175 3648 2249 Margaritas

383 2271 718 2343 Μαργάρους
752 2271 808 2325 δὲ
838 2270 950 2324 οὐδ’
976 2270 1044 2325 ἂν
1081 2268 1343 2341 ἀριθμεῖν
1375 2268 1527 2340 ἔσχε.
1562 2265 1705 2321 Καθ’
1734 2264 1834 2318 ἕνα
1858 2263 1968 2333 γάρ

2072 2265 2211 2319 haud
2244 2264 2404 2320 facile
2436 2267 2556 2336 quis
2581 2281 2960 2334 numerasset;
2989 2285 3111 2324 nam
3144 2273 3388 2343 singulos
3420 2276 3650 2346 lapillos,

383 2362 497 2417 τῶν
522 2365 706 2436 ἡρέμα
755 2364 898 2419 κατά
947 2363 1187 2434 διέχειαν
1218 2361 1547 2432 πεπηγότων
1584 2357 1749 2412 λίθων
1777 2354 1967 2428 περιέ-

2077 2357 2168 2427 qui
2215 2357 2446 2426 sparsim
2481 2371 2576 2427 per
2615 2357 2902 2414 intervalla
2936 2363 3200 2431 compacti
3225 2375 3418 2434 erant,
3448 2371 3656 2428 ambie-

384 2461 504 2513 θεον
565 2456 754 2512 ἱκανοί.
806 2455 1180 2526 Ἐσφαίρωντο
1217 2453 1317 2523 μὲν
1365 2454 1423 2512 ἐς
1469 2450 1532 2504 τὸ
1581 2448 1829 2519 ἀκριϐὲς,
1877 2445 1967 2499 λε-

2086 2451 2218 2503 battt
2250 2448 2584 2518 complures,
2615 2450 3026 2506 accuratissime
3051 2454 3388 2523 orbiculata,
3425 2460 3655 2532 ttiveqtte

384 2550 678 2606 λεύκανται
708 2549 764 2604 δὲ
800 2549 941 2619 ὑπὲρ
969 2549 1146 2618 χιόνα.
1175 2544 1430 2615 Τηλίκων
1472 2544 1502 2596 ό
1529 2542 1722 2611 δίφρος
1754 2556 1821 2593 πε
1835 2539 1969 2607 πλή-

2078 2538 2450 2594 candidiores.
2503 2535 2821 2609 Huiusmodi
2870 2555 2934 2596 ea
2979 2542 3114 2597 sella
3151 2544 3444 2604 luminibus
3481 2552 3655 2621 reple-

390 2661 531 2711 ρωτο
555 2640 771 2713 φώτων.
806 2640 881 2693 Τό
904 2655 969 2709 γε
1002 2638 1110 2709 μὴν
1140 2636 1418 2692 ἀνώτατον
1465 2633 1563 2688 καὶ
1590 2633 1689 2702 τὴν
1725 2630 1969 2701 κεφαλὴν

2074 2628 2258 2684 batur.
2315 2627 2453 2684 Pars
2498 2638 2680 2684 autem
2728 2626 2846 2699 eius
2897 2645 3196 2713 suprema,
3231 2651 3350 2706 qua:
3399 2639 3653 2698 nimirum

386 2708 706 2806 ύπερτέίνον
736 2730 902 2786 αὑτοῦ
920 2708 1103 2801 μέρος
1138 2725 1379 2798 τοσούτῳ
1405 2726 1514 2780 τῶν
1536 2723 1712 2779 ἄλλων
1749 2721 1970 2793 ἐκράτει

2073 2737 2236 2793 supra
2289 2729 2452 2792 caput
2502 2721 2848 2788 extenditur,
2878 2732 3086 2786 tantum
3136 2708 3456 2786 cancrorum
3496 2749 3659 2789 orna-

388 2826 771 2897 λαμπρότησιν
796 2822 907 2894 ὅσῳ
936 2822 1033 2875 καὶ
1069 2821 1107 2891 ή
1150 2821 1210 2874 ὲν
1237 2817 1494 2889 γειτόνων
1521 2814 1675 2885 αὐτῷ
1704 2814 1815 2867 τῶν
1853 2811 1967 2865 λοιι

2074 2824 2384 2871 mentorum
2426 2815 2722 2885 superabat
2768 2815 3137 2884 splendorem,
3187 2834 3392 2891 quanto
3434 2828 3657 2900 reliquis

391 2918 511 2972 πῶν
552 2916 732 2987 μελῶν
760 2911 1038 2985 προύφερε
1065 2909 1300 2981 κεφαλή.
1342 2907 1462 2978 Ἐφ’
1492 2901 1556 2963 οὗ
1600 2906 1840 2976 καθῆστο
1874 2904 1973 2975 βα-

2074 2910 2334 2966 membris
2353 2907 2709 2965 excellentius
2736 2918 2823 2963 est
2863 2919 3052 2980 caput.
3106 2911 3219 2969 Hac
3259 2916 3388 2973 sede
3423 2920 3658 2990 impera—

398 3010 578 3073 σιλεὺς
614 3006 833 3080 μεγέθει
887 3004 1142 3075 σώματος
1184 3001 1600 3071 άναλογωτάτου
1649 2999 1743 3051 τὸν
1790 2995 1971 3050 πάντα

2077 3007 2159 3051 tnr
2217 2994 2570 3059 considebat,
2614 2995 2974 3062 amplitudine
3026 3008 3271 3071 corporis
3317 3011 3656 3068 convenienti

394 3101 640 3174 πληρῶν.
684 3097 881 3170 Ἐσθὴς
904 3096 964 3151 δὲ
988 3094 1152 3152 αὐτὸν
1184 3094 1470 3164 περιέθεεν
1514 3090 1794 3162 ἁλουργὶς,
1824 3088 1971 3155 ἐξαί-

2078 3097 2243 3142 totam
2279 3085 2530 3154 impleas.
2571 3085 2750 3140 Vestis
2788 3102 2913 3140 eum
2959 3090 3334 3149 circumdabat
3364 3112 3656 3167 purpurea,

393 3195 509 3250 σιόν
530 3211 583 3249 τι
611 3194 824 3265 χρῆμα.
859 3188 1105 3244 Ἀνωθεν
1146 3186 1277 3259 άχρι
1307 3184 1403 3240 καὶ
1426 3186 1484 3247 ἐς
1517 3185 1613 3246 τὰς
1643 3181 1832 3254 βάσεις
1861 3182 1970 3235 αύ-

2081 3193 2167 3235 res
2219 3176 2467 3232 miranda
2501 3191 2744 3246 prorsus.
2780 3178 2821 3231 Α
2875 3182 3143 3248 superiori
3186 3184 3331 3240 enim
3382 3203 3552 3257 usque
3593 3196 3659 3247 ad

395 3295 492 3351 τάς
538 3283 843 3356 ὲπυρσοῦτο
889 3281 988 3352 μὲν
1024 3278 1304 3351 ἄνθραξιν,
1340 3275 1596 3349 ηύγίζετο
1643 3273 1700 3328 δὲ
1759 3273 1975 3345 μαργά-

2082 3272 2246 3327 imam
2273 3277 2484 3340 partem
2521 3274 2631 3323 tota
2664 3268 3010 3327 carbunculis
3042 3272 3365 3343 collucebat,
3397 3277 3661 3345 fulgebat-

402 3396 538 3451 ροις,
590 3377 695 3430 ούκ
743 3373 1092 3445 ἀπεριέργως
1140 3370 1345 3440 μέντοι,
1393 3367 1530 3422 ἀλλὰ
1566 3364 1845 3436 θαυμασία
1887 3380 1975 3427 τις

2079 3378 2185 3435 que
2211 3360 2539 3431 margaritis,
2576 3375 2681 3415 non
2726 3361 2943 3428 quidem
2986 3366 3291 3433 promiscue
3320 3370 3532 3437 positis,
3563 3374 3659 3427 sed

399 3471 593 3533 αὐτοὺς
621 3465 897 3522 ἐποίκιλλε
923 3463 1194 3536 γραφικὴ,
1216 3461 1494 3531 ἀκήρατον
1527 3458 1698 3528 δήπου
1730 3456 1972 3528 λειμῶνα

2080 3452 2389 3510 admirabili
2425 3452 2635 3523 pictura
2684 3454 2765 3508 sic
2803 3455 3050 3522 variatis,
3086 3466 3338 3527 tauquam
3378 3463 3421 3515 si
3474 3477 3659 3518 verum

403 3559 789 3634 σχεδιαζούσης
815 3555 892 3627 τῷ
943 3554 1135 3624 πέπλῳ
1181 3552 1283 3622 τῆς
1341 3551 1559 3622 τέχνης.
1605 3550 1739 3602 Ἀπο
1792 3548 1975 3618 μέντοι

2082 3548 2288 3617 aliquot
2319 3552 2535 3617 pratum
2571 3558 2661 3596 ars
2692 3544 2744 3597 in
2792 3544 2951 3614 peplo
2983 3547 3146 3618 206
3205 3553 3587 3617 expressisset.
3618 3555 3663 3609 Δ

400 3655 673 3727 τραχήλου
726 3653 855 3722 ἄχρι
899 3652 995 3704 καὶ
1041 3650 1134 3702 ἐπὶ
1187 3646 1383 3717 στέρνα
1416 3644 1704 3714 ὑπερφυὴς
1756 3642 1978 3714 μεγέθει

2083 3644 2225 3701 collo
2256 3657 2429 3712 usque
2473 3639 2542 3695 ad
2588 3651 2774 3710 pet-tus
2815 3642 3048 3696 eximius
3086 3655 3141 3698 t-t
3186 3650 3557 3715 tttagnitutlitte
3611 3662 3667 3706 et

402 3750 494 3803 καὶ
523 3747 681 3819 χροιᾷ
704 3745 851 3808 λίθος
873 3743 980 3796 ἀπὸ
1002 3741 1251 3812 χρυσέων
1279 3738 1500 3792 καθεῖτο
1522 3737 1813 3807 ἀμμάτων,
1837 3752 1906 3786 πυ
1917 3751 1975 3805 ρ-

2084 3733 2269 3790 colore
2333 3731 2471 3801 lapis
2523 3730 2705 3786 aureis
2772 3732 3037 3786 calt'llulis
3099 3734 3476 3803 dependebat,
3531 3753 3665 3792 rosa:

410 3841 574 3907 σιζων
635 3839 737 3909 μὲν
782 3839 878 3891 ἅτε
911 3835 1085 3905 ῥόδον,
1132 3836 1373 3905 σχήματι
1402 3831 1461 3885 δὲ
1496 3829 1654 3902 μήλῳ
1688 3843 1981 3898 παρεμφε-

2086 3828 2263 3883 instar
2311 3825 2665 3886 rubicundus.
2729 3824 2903 3880 forma
2967 3837 3148 3878 autent
3215 3826 3358 3879 malo
3411 3842 3664 3898 perquam

407 3932 503 4002 ρὴς
535 3929 793 4001 μάλιστα.
825 3928 960 3997 Περὶ
991 3926 1102 3997 γάρ
1140 3942 1222 3979 τοι
1255 3922 1348 3978 τοῦ
1371 3923 1462 3976 ἐπὶ
1491 3921 1735 3991 κεφαλῆς
1773 3918 1980 3988 κόσμου

2087 3913 2300 3969 similis.
2325 3911 2590 3968 Caeterum
2639 3914 2706 3966 de
2763 3912 2958 3981 capitis
3012 3912 3349 3967 ornamentis
3404 3929 3667 3985 superva-

405 4021 659 4094 περιττὸν
693 4020 792 4074 καὶ
818 4018 1049 4089 φράζειν
1074 4015 1339 4090 ἡγοῦμαι.
1391 4014 1507 4084 Ἐφ’
1543 4014 1784 4082 ἑκάτερα.
1810 4011 1866 4066 δὲ
1888 4009 1984 4063 τοῦ

2087 4018 2247 4060 cuum
2286 4003 2522 4058 arbitror
2554 4003 2753 4058 dicere.
2799 4002 2881 4057 Ab
2909 4012 3137 4071 utraque
3174 4017 3301 4058 vero
3340 4005 3485 4059 sella:
3516 4020 3669 4076 parte

406 4114 598 4185 δίφρου
649 4113 682 4184 ἠ
741 4108 892 4176 τάξις
953 4110 1177 4179 ἑστήκει
1233 4106 1374 4161 κατά
1426 4107 1488 4159 τὸ
1531 4103 1743 4167 εἰωθὸς,
1792 4103 1988 4172 γένους

2092 4107 2274 4162 stabat
2303 4115 2546 4167 senatus,
2582 4104 2655 4157 uti
2682 4103 2854 4159 moris
2881 4111 2984 4169 est,
3016 4118 3339 4174 unaquaque
3369 4122 3464 4174 pro
3503 4124 3667 4178 gent:-

409 4208 625 4278 ἑκάστῳ
677 4206 774 4259 καὶ
817 4203 994 4274 τύχης
1038 4199 1490 4271 πρυτανευόντων
1534 4197 1634 4269 τὴν
1671 4194 1854 4266 χώραν
1885 4192 1988 4262 τῆς

2096 4200 2171 4254 ris
2202 4210 2258 4253 et
2291 4198 2573 4268 dignitatis
2614 4198 2824 4251 ratione
2854 4196 3035 4251 locum
3067 4197 3365 4267 obtinente.
3394 4199 3671 4269 Ejusmodi

412 4303 676 4361 στάσεως.
703 4297 786 4350 Ta
828 4296 926 4365 μὲν
964 4294 1032 4364 δὴ
1059 4293 1153 4346 τοῦ
1197 4291 1459 4364 βασιλέως
1489 4291 1547 4345 ὲν
1579 4288 1793 4351 τούτοις
1819 4283 1983 4358 ἦσαν.

2093 4294 2311 4363 quidem
2363 4299 2659 4362 apparatus
2712 4298 2831 4343 erat
2874 4288 3238 4357 imperatoris.
3298 4289 3672 4346 Clitziestltla.

416 4388 806 4455 Κλιτζιεσθλάν
835 4384 1056 4460 [ΡΛΞΟ]
1087 4385 1145 4438 δὲ
1173 4383 1471 4453 ἐπειδήπερ
1494 4383 1571 4443 εἰς
1608 4383 1806 4452 μέσους
1843 4394 1990 4446 παρο

2094 4399 2224 4437 vero
2273 4397 2394 4436 cum
2451 4381 2516 4435 ad
2570 4380 2772 4433 medios
2828 4378 3049 4433 ordines
3100 4393 3273 4448 usque
3316 4382 3674 4448 pervenisstt,

416 4482 569 4555 ἦλθε,
615 4480 859 4548 θάμϐους
906 4477 1026 4541 ὅλος
1054 4472 1143 4547 ἦν.
1187 4475 1298 4529 Καὶ
1338 4472 1431 4526 τοῦ
1464 4471 1725 4543 βασιλέως
1756 4466 1989 4536 καθιζῆ-

2097 4486 2241 4530 totus
2268 4480 2353 4529 est
2382 4472 2436 4528 in
2467 4480 2744 4541 stuporem
2781 4484 2990 4524 versus.
3037 4468 3289 4541 Priucipe
3328 4472 3474 4527 illum
3504 4485 3564 4529 ut
3593 4492 3678 4531 se-

419 4592 509 4628 σαι
564 4573 755 4627 τοῦτον
816 4567 1289 4640 προτρεπομένου,
1342 4566 1370 4618 ὁ
1413 4564 1470 4617 δὲ
1516 4563 1579 4616 τὸ
1632 4562 1732 4633 μὲν
1772 4558 1989 4631 πρῶτον

2098 4573 2252 4625 deret
2305 4577 2552 4639 rogante,
2602 4566 2778 4635 primo
2820 4564 3038 4633 quidem
3091 4565 3427 4633 pertinacius
3468 4558 3673 4624 renuit.

420 4665 751 4737 ἰσχυρότατα
783 4661 1071 4729 ἀπέλεγεν,
1111 4658 1186 4722 ὡς
1216 4658 1272 4711 δὲ
1310 4657 1393 4709 ἔτι
1444 4654 1643 4725 μᾶλλον
1672 4653 1993 4722 ἐγκείμενον

2099 4662 2229 4718 lude
2266 4659 2356 4716 ubi
2416 4657 2586 4728 magis
2636 4658 2843 4711 instare
2889 4655 3031 4710 vidit
3084 4656 3491 4725 imperatorem,
3540 4664 3681 4713 sedit

419 4758 570 4829 ἑώρα
610 4755 702 4809 τὸν
734 4753 980 4826 βασιλέα,
1023 4749 1269 4819 καθῆστο
1300 4748 1489 4801 λοιπὸν
1520 4747 1614 4799 ἐπὶ
1648 4741 1990 4817 χαμαιζήλου

2102 4755 2319 4812 tandem
2356 4751 2547 4809 humili
2576 4758 2633 4807 et
2665 4749 2946 4805 minimum
2985 4746 3191 4807 elevata
3224 4750 3375 4804 sede.
3416 4750 3682 4807 Sermone

419 4850 560 4913 τινὸς
588 4850 683 4903 καὶ
719 4848 922 4917 ἥκιστα
959 4846 1051 4896 ἐπὶ
1084 4841 1359 4913 μετεώρου
1392 4839 1682 4908 καθέδρας,
1712 4837 1782 4889 τά
1806 4835 1994 4889 εἰκότα

2103 4844 2299 4907 deinde
2328 4840 2471 4896 ultro
2513 4839 2762 4908 citroque
2801 4835 3009 4902 habito,
3059 4837 3125 4889 ad
3175 4848 3424 4906 paratum
3479 4839 3582 4893 sibi
3624 4840 3679 4894 iu

421 4958 480 4994 τε
512 4939 683 4992 εἰπὼν
715 4938 809 4991 καὶ
842 4935 1085 4999 ἀκούσας
1126 4937 1184 4995 ες
1214 4932 1311 5003 τὴν
1359 4928 1816 4998 ἀποτεταγμένην
1841 4927 1992 4997 αύτῷ

2103 4935 2303 5007 palatio
2335 4930 2628 5001 hospitium
2671 4925 2963 4985 concessit.
3000 4920 3302 4996 Imperator
3348 4942 3525 4981 rerum
3557 4945 3683 4997 pro«

423 5035 481 5086 ὲν
507 5031 754 5100 παλατίῳ
792 5028 1165 5097 ἀπηλλάττετο
1214 5024 1570 5092 καταγωγήν.
1631 5018 1693 5075 Ὀ
1736 5020 1991 5091 βασιλεὺς

2096 5038 2384 5096 sperarutn
2431 5020 2804 5093 magnitudine
2830 5018 3035 5085 elatus,
3075 5018 3405 5086 triumphum
3455 5019 3524 5073 ab
3565 5018 3682 5088 ipsa

423 5124 480 5177 δὲ
551 5122 631 5194 τῷ
681 5121 790 5174 τῶν
859 5120 1257 5188 εὐτυχημάτων
1315 5114 1471 5185 ὄγκῳ
1543 5110 1993 5182 φιλοτιμούμενος

2102 5114 2341 5186 acropoli
2390 5126 2561 5184 usque
2617 5111 2684 5166 ad
2720 5109 3136 5165 celeberrimum
3163 5108 3361 5164 divina:
3388 5108 3684 5178 Sapientiae

373 5269 380 5275 .
425 5214 698 5289 θριάμϐου
741 5211 803 5277 ἐξ
833 5211 998 5281 αὐτῆς
1048 5206 1398 5279 ἀκροπόλεως
1435 5205 1532 5260 ἐπὶ
1577 5206 1667 5260 τὸν
1701 5202 1975 5277 περιλάλη·

2104 5208 2361 5279 templum
2393 5211 2774 5289 apparayerat,
2807 5216 2915 5271 quo
2951 5216 3060 5255 una
3090 5215 3213 5255 cum
3247 5201 3458 5256 sultauo
3487 5216 3683 5271 proce-

422 5277 516 5361 τον
544 5277 644 5376 τῆς
675 5304 771 5358 τοῦ
801 5302 939 5356 Θεοῦ
958 5277 1174 5371 *Σοφίας
1208 5302 1336 5353 ναὸν
1364 5298 1664 5368 ἐποιήσατο
1686 5297 1784 5368 μὲν
1815 5297 2000 5367 ἐμπα-

2105 5277 2280 5358 deret.
2311 5296 2421 5355 Sed
2445 5277 2924 5368 quod'iutcnderat
2946 5306 3051 5346 non
3080 5290 3337 5345 confecit.
3368 5290 3564 5357 Lucas,
3588 5294 3682 5362 qui

433 5400 708 5471 ρασκευὴν
746 5396 834 5465 ἐφ’
872 5390 917 5465 ᾧ
949 5395 1046 5448 σὺν
1072 5392 1266 5463 ἐκεινῳ
1297 5390 1652 5463 πομπεῦσαι·
1679 5391 1739 5443 οὐ
1774 5389 1881 5462 μὴν
1904 5388 2003 5443 καὶ

2107 5405 2238 5452 tunc
2292 5391 2553 5462 temporis
2604 5390 2768 5445 rebus
2825 5383 3209 5442 ecclesiasticis
3249 5394 3505 5454 praeerat,
3559 5387 3686 5441 ltuic

432 5494 510 5555 et;
556 5490 708 5554 τέλος
754 5489 931 5559 ήγαγε
960 5486 1021 5541 τὸ
1073 5483 1381 5556 βουλευθέν.
1431 5484 1649 5547 Λουκᾶς
1688 5482 1802 5554 (54)
1836 5484 1946 5556 γὰρ
1975 5488 2003 5540 ό

2108 5484 2339 5544 consilio
2359 5481 2594 5549 obstitit,
2627 5493 2735 5535 non
2766 5475 2963 5532 decere
2992 5472 3244 5545 inquiens
3276 5474 3417 5530 inter
3449 5475 3685 5530 divinam

1782 5578 1882 5639 Du
1920 5579 2141 5662 Cangii
2177 5586 2367 5642 notae.

505 5685 618 5756 (55)
690 5681 1141 5744 Κλιτζῖεσθλάν.
1181 5681 1316 5736 Rem
1345 5682 1512 5735 etiam
1546 5690 1735 5756 narrat
1768 5680 2008 5756 Hicetas,

2163 5680 2303 5756 (δέ)
2342 5674 2611 5756 ᾼουκτξς-
2648 5670 2879 5756 Ωηβηάο
2909 5667 3117 5756 ius)?
3150 5666 3552 5756 ίὲεενῖξριξεῖιῖιςςξ
3594 5686 3690 5756 De:

436 5757 474 5813 Ι.
509 5741 613 5821 ‘Ill;
630 5774 681 5810 tt.
724 5756 757 5809 5
790 5741 863 5809 δι’
889 5755 945 5821 6,
969 5755 1055 5809 ubi
1080 5764 1135 5808 et
1168 5764 1325 5807 terra:
1366 5762 1547 5806 motus
1577 5752 1845 5806 meminit.
1993 5741 2005 5748 ’
2112 5741 2456 5806 triarcbalem
2516 5741 2836 5816 dignitatem
2898 5741 3124 5805 adeptus
3167 5741 3258 5801 sit,
3310 5741 3597 5793 incertum.
3624 5741 3683 5796 Μ

750 5846 1024 5907 Ρλτιιοι.
1054 5847 1170 5906 Gtt.
1213 5843 1536 5909 CXXXIII.

3267 5825 3337 5890 18
