4058 6410
391 418 500 482 557

1625 422 2176 486 HISTORIARUM
2216 427 2362 486 LIB.
2432 432 2500 490 V.

3564 437 3670 498 55%

396 537 492 607 μὲν
520 532 615 591 οὗν
649 538 706 592 ἐν
738 537 1019 610 Βυζαντίῳ
1066 539 1315 602 ἐτελεῖτο,
1349 541 1382 611 ή
1409 539 1465 594 δὲ
1495 541 1652 613 φήμη
1684 541 1878 610 φθάνει
1925 540 1976 606 ἐξ

2091 544 2411 601 adduxisset
2451 548 2769 618 imperator,
2802 564 2896 618 per
2940 548 3144 618 legatos
3190 549 3338 606 illum
3388 567 3668 623 rogavere,

391 629 664 700 Εὐρώπης
708 633 802 684 ἐπὶ
850 633 951 702 τὴν
1007 633 1192 687 Ἀσίαν
1235 632 1492 687 διαϐᾶσα.
1547 634 1742 688 Τοίνυν
1792 635 1889 689 καὶ
1916 634 1975 688 οὐ

319 726 333 742 ’
390 724 527 792 πρὸς
556 724 722 778 καλὸν
770 727 956 790 αὐτοῖς
999 726 1220 780 ἔσεσθαι
1257 729 1305 780 οἱ
1357 727 1484 799 τῇδε
1523 727 1846 798 νομίσαντες
1875 727 1977 795 φύ-

387 815 580 884 λαρχοι
612 817 660 868 εί
689 816 946 884 βασιλεὺς
991 817 1080 870 τὸν
1123 817 1353 871 σουλτάν
1401 817 1805 889 εἰσπεποίηται,
1840 817 1976 883 πρέ-

391 907 541 970 σϐεις
577 908 896 978 πέμψαντες
937 909 1145 962 ἐδέοντο
1168 910 1243 973 ὼς
1278 910 1370 963 καὶ
1402 911 1602 972 αὐτοὺς
1639 910 1717 978 τῷ
1745 910 1974 964 σουλτὰν

387 1000 708 1066 διαλλάξαι·
741 1003 768 1054 ό
797 1001 855 1054 δὲ
886 1002 1086 1072 ἤκουσε
1123 1003 1222 1073 μὲν
1245 1004 1427 1056 αὐτῶν
1459 1003 1559 1055 οὐκ
1596 1003 1799 1073 ἀηδῶς,
1838 1004 1893 1066 ἐς
1920 1005 1977 1057 δὲ

389 1091 487 1162 τὴν
511 1092 608 1146 τοῦ
644 1093 874 1147 σουλτάν
907 1094 1072 1163 δῆθεν
1101 1095 1160 1147 τὸ
1195 1093 1304 1148 πᾶν
1330 1095 1609 1158 ἀνατιθεὶς
1648 1097 1864 1166 αἵρεσιν
1889 1097 1980 1150 ἐπ’

392 1186 600 1239 ἐκεῖνον
619 1185 820 1249 αὐτοὺς
859 1187 1108 1257 ἔπεμπεν
1139 1188 1199 1241 ἐν
1230 1187 1500 1259 παλατίῳ,
1540 1187 1791 1258 καθάπερ
1827 1192 1979 1261 εἴρη-

389 1294 500 1341 ται,
533 1279 817 1349 διατριϐὴν
845 1277 1058 1350 ἔχοντα.
1099 1277 1163 1332 Οἳ
1196 1281 1290 1332 καὶ
1329 1280 1521 1352 ἐπειδὴ
1572 1282 1804 1353 τάχιστα
1843 1284 1980 1352 πρὸς

390 1369 579 1436 λόγους
613 1371 807 1441 ἐκείνῳ
835 1373 1201 1442 κατέστησαν,
1229 1374 1583 1428 διαλύσασθαί
1605 1392 1660 1428 τε
1693 1375 1846 1444 σφίσι
1880 1380 1980 1446 τὴν

393 1460 594 1532 ἔχθραν
622 1464 848 1532 ἴσχυσαν
880 1466 976 1519 καὶ
1017 1467 1205 1538 ἱκέτην
1242 1467 1385 1534 ὑπὲρ
1421 1469 1602 1521 αὐτῶν
1637 1469 1850 1539 βασιλεῖ
1881 1489 1977 1539 γε·

392 1556 580 1609 νέσθαι
627 1559 948 1612 ἀνέπεισαν.
1001 1560 1060 1613 Ὀ
1090 1560 1146 1612 δὲ
1196 1560 1510 1614 ἱκετεύοντα
1553 1565 1976 1633 προσηκάμενος

2088 647 2140 691 ιιι
2176 648 2230 691 οι
2277 640 2550 694 Sullanum
2602 642 2825 709 perinde
2860 643 2962 696 sibi
3013 646 3412 702 reconciliaret.
3464 646 3668 702 Horum

2087 727 2176 781 illc
2205 728 2528 796 legationem
2587 729 2725 782 haud
2781 729 3050 783 illibrnter
3098 731 3343 786 aud'vit:
3378 732 3474 786 sed
3526 730 3674 786 velut

2086 838 2198 876 rem
2229 839 2444 876 omnem
2489 821 2687 876 sult’aui
2739 823 3052 892 relinquens
3095 823 3318 876 arbitrio
3344 864 3360 885 .
3402 825 3554 893 ipsos
3605 830 3672 878 ad

2085 931 2206 970 eum
2240 916 2412 980 misit,
2451 915 2505 969 in
2545 917 2763 985 palatio.
2813 915 3265 984 quemadmodum
3320 917 3526 972 dictum
3567 930 3670 977 est.

2093 1018 2223 1062 tunc
2254 1017 2532 1076 agentem.
2570 1006 2647 1060 Illi
2695 1018 2876 1062 autem
2910 1007 3070 1063 simul
3100 1019 3263 1077 atque
3292 1025 3414 1062 cum
3446 1025 3512 1064 eo
3545 1022 3675 1064 sunt

2089 1103 2390 1172 congressi,
2419 1103 2634 1157 tandem
2667 1110 2724 1154 ut
2753 1116 2872 1170 qua:
2905 1101 3050 1156 inter
3085 1102 3231 1170 ipsos
3268 1102 3675 1156 intercedebant

2088 1194 2398 1249 simultates
2456 1190 2773 1264 deponeret,
2804 1200 2860 1247 et
2917 1193 3058 1260 apud
3101 1193 3406 1262 principem
3459 1208 3559 1262 pro
3616 1209 3676 1248 se

2089 1288 2490 1353 intercederet,
2548 1296 2941 1356 persuaserunt
2989 1305 3003 1341 :
3070 1286 3227 1356 cujus
3280 1287 3369 1341 ille
3423 1287 3677 1342 admissis

2087 1379 2376 1447 precibus,
2409 1387 2463 1434 et
2494 1379 2638 1449 ipsos
2679 1378 2732 1433 in
2783 1393 3066 1433 numerum
3121 1380 3419 1434 amicorunt
3461 1383 3672 1435 ascivit.

2085 1478 2262 1542 Atque
2293 1473 2416 1528 inde
2450 1474 2502 1527 in
2549 1482 2823 1541 posterum
2870 1473 3079 1526 lirmam
3129 1487 3318 1541 pacem
3370 1471 3674 1527 Romanum

2086 1568 2375 1638 imperium
2414 1567 2669 1635 adeptum
2713 1575 2816 1620 est.

393 1651 450 1702 ἐν
477 1650 646 1718 φίλων
673 1649 837 1722 μοίρᾳ
862 1652 953 1704 καὶ
986 1653 1182 1716 αὐτοὺς
1209 1655 1526 1724 ἐποιήσατο,
1559 1655 1746 1725 εἰρήνη
1784 1673 1841 1707 τε
1861 1659 1954 1710 τοῦ
1984 1663 2171 1716 λοιποῦ
2204 1661 2453 1734 σταθηρὰ
2483 1661 2582 1731 τὴν
2623 1660 2910 1729 Ῥωμαέων
2942 1655 3088 1731 εἶχεν
3121 1661 3314 1730 ἀρχήν.

477 1742 628 1796 Ἐπεὶ
653 1743 710 1796 δὲ
755 1746 789 1814 ἡ
826 1744 1039 1814 βασιλὶς
1072 1747 1279 1816 Εἰρήνη
1314 1747 1406 1799 τὸν
1464 1745 1578 1816 βίον
1608 1750 1708 1819 ’ήδη
1768 1753 1974 1822 μετήλ-

391 1836 578 1899 λασσε,
607 1836 866 1905 βασιλεὺς
901 1839 957 1890 es
991 1836 1144 1891 οὔπω
1175 1838 1406 1910 ἄρρενος
1434 1839 1553 1891 τότε
1595 1842 1780 1912 πατὴρ
1851 1861 1978 1895 παι-

391 1929 480 1992 δὺς
520 1930 821 2000 ἐτύγχανεν
850 1929 954 1998 ὢν,
992 1931 1088 1984 ἐπὶ
1119 1931 1408 2000 δευτέρους
1436 1931 1623 1985 λοιπὸν
1649 1932 1844 2002 ἔϐλεψε
1877 1935 1978 2002 γά-

394 2039 547 2089 μους.
581 2023 690 2076 Καὶ
711 2017 779 2090 ἦν
811 2024 920 2093 γάρ
949 2039 1039 2085 τις
1069 2023 1206 2094 κόρη
1237 2023 1348 2075 τῶν
1377 2023 1518 2075 κατὰ
1547 2024 1647 2092 τὴν
1677 2025 1734 2075 ὲν
1758 2024 1981 2097 Φοινίκῃ

391 2111 674 2182 Τρίπολιν,
709 2114 916 2165 Λατῖνα
944 2113 1046 2182 μὲν
1086 2115 1242 2181 γένος
1275 2115 1412 2185 (57),
1455 2114 1793 2186 περικαλλὴς
1833 2116 1891 2169 δὲ
1927 2119 1983 2168 ἐν

387 2207 508 2266 ταῖς
534 2204 790 2269 μάλιστα.
826 2205 1044 2274 Ταύτην
1067 2206 1275 2258 ἐκεῖθεν
1321 2206 1550 2270 ἄξοντας
1613 2207 1869 2279 Ἰωάννην
1922 2227 1983 2262 τε

386 2296 650 2348 σεϐαστόν
669 2298 761 2349 τὸν
782 2299 1228 2367 Κοντοστέφανον
1245 2297 1458 2368 έπεμψε
1481 2299 1578 2353 καὶ
1602 2299 1982 2369 Θεοφύλακτον

387 2390 556 2460 ἄνδρα
604 2390 832 2457 Ἰταλὸν,
863 2391 922 2445 ὃν
966 2392 1276 2458 Ἐξούϐιτον
1306 2391 1418 2463 (58)
1470 2393 1795 2449 ἐπεκάλουν.
1827 2391 1982 2447 Εἶδόν

384 2501 442 2536 τε
474 2482 568 2538 οὖν
596 2485 696 2554 τὴν
724 2485 896 2557 κόρην
927 2488 977 2540 οἱ
1007 2487 1200 2557 ἄνδρες
1228 2486 1323 2539 καὶ
1347 2486 1689 2556 ἀγασάμενοι
1713 2485 1810 2540 τοῦ
1843 2487 1980 2540 κάλ-

387 2576 534 2643 λους,
563 2578 748 2649 ἐπειδή
782 2578 952 2649 μηδὲν
976 2578 1304 2650 όθενδήποτε
1337 2579 1670 2647 ὑπεφαίνετο
1713 2579 1855 2643 τέως
1883 2580 1982 2652 ἔμ-

390 2669 589 2735 ποδὼν,
621 2670 789 2741 μηδὲν
810 2671 1178 2740 ὑπερθέμενοι
1200 2674 1257 2735 ὲς
1289 2671 1389 2743 τὴν
1413 2673 1615 2744 τριήρη
1646 2671 1984 2742 ἐμϐιϐάζον-

387 2781 491 2816 σιν.
567 2765 728 2835 ’Ἄρτι
769 2765 826 2818 δὲ
887 2766 1098 2818 ἐκεῖθεν
1146 2767 1384 2836 ἀφήσειν
1436 2766 1765 2837 μελλόντων,
1832 2765 1980 2819 νόσοι

389 2861 602 2930 βαρεῖαι
660 2860 725 2930 τῇ
773 2858 915 2932 κόρῃ
966 2859 1328 2929 ὲνέσκηπτον,
1397 2860 1490 2912 καὶ
1548 2853 1618 2930 ἦν
1659 2860 1716 2911 ἐν
1765 2859 1977 2921 κακοῖς.

388 2951 556 3003 Ὅθεν
583 2951 676 3003 καὶ
709 2950 800 3003 ἀεὶ
829 2954 910 3013 εἰς
943 2949 1042 3020 τὴν
1105 2949 1371 3004 ἐπιοῦσαν
1407 2949 1839 3019 ἀναϐαλλόμενοι
1886 2950 1980 3003 τὸν

387 3043 666 3095 ἀπόπλουν
689 3043 813 3112 είκῆ
848 3043 938 3094 τὸν
974 3042 1168 3112 καιρὸν
1204 3043 1409 3111 διῆγον.
1444 3044 1565 3097 Κᾶν
1615 3043 1724 3114 γὰρ
1754 3041 1842 3096 ἐπ’
1868 3042 1980 3096 ὀλί-

385 3155 477 3205 γον
511 3135 730 3206 ἀνεθείη
765 3135 877 3187 τῶν
907 3136 1108 3188 ὀδυνῶν
1158 3135 1601 3206 προσδοκήσιμός
1625 3151 1683 3187 τε
1710 3137 1977 3189 ἀποπλεῖν

2165 1756 2216 1809 4.
2287 1757 2556 1824 Posquam
2628 1756 2943 1824 imprratrix
3008 1754 3159 1809 Irene
3224 1758 3328 1809 vita
3398 1755 3674 1820 excessit,

2013 1878 2054 1931 Β
2089 1851 2364 1919 princeps,
2399 1849 2484 1903 cui
2525 1849 2655 1901 nulli
2704 1847 2882 1901 adhuc
2914 1857 3073 1901 erant
3130 1849 3356 1902 masculi
3392 1848 3570 1914 liberi,
3612 1851 3678 1902 de

2087 1942 2345 1995 set-nudis
2379 1941 2582 2007 nuptiis
2621 1941 2786 2008 ccepit
2815 1939 3078 2007 cogitare.
3123 1939 3253 1994 Erat
3282 1950 3464 1994 autem
3499 1941 3673 2008 puella

2085 2032 2290 2102 Tripoli
2344 2032 2399 2086 in
2443 2031 2747 2095 Pbmnicia,
2781 2043 2940 2100 gente
2983 2031 3205 2100 quidem
3248 2029 3465 2096 Latina,
3501 2030 3672 2085 forma

2085 2125 2418 2194 caeleroquin
2459 2124 2657 2178 eximia
2710 2133 2764 2177 et
2793 2123 3053 2193 eleganti.
3101 2121 3178 2177 Eo
3221 2125 3311 2192 qui
3366 2124 3491 2177 inde
3527 2123 3673 2176 illam

2085 2219 2420 2273 abducerent
2467 2217 2616 2271 misit
2657 2215 2926 2270 Joannem
2970 2215 3477 2280 Contostepltannm
3516 2215 3677 2268 sebu-

2085 2319 2226 2363 stum
2263 2320 2316 2363 et
2352 2307 2816 2378 Tlteophylactmn
2854 2306 3029 2359 virum
3065 2305 3279 2372 Italum,
3320 2321 3480 2374 quem
3527 2306 3674 2360 Exu-

2085 2401 2258 2454 bitutn
2295 2398 2661 2468 appellabant.
2701 2396 2770 2452 Ut
2810 2397 2977 2467 igitur
3016 2395 3182 2466 209
3228 2397 3493 2465 virginem
3542 2410 3672 2450 con-

2084 2505 2311 2559 Spexere
2350 2488 2552 2558 legati,
2603 2488 2786 2542 statim
2842 2490 2908 2542 iis
2952 2486 3120 2541 forma
3168 2487 3391 2542 arrisit:
3440 2501 3675 2556 cumque

2083 2582 2305 2637 obstare
2326 2579 2460 2635 nihil
2488 2579 2787 2642 videretur,
2817 2576 2958 2631 nulla
2994 2592 3142 2631 mora
3171 2593 3289 2630 eam
3311 2576 3365 2630 in
3393 2577 3672 2630 triremem

2085 2675 2384 2730 immisere.
2415 2671 2616 2728 Verum
2665 2687 2787 2726 cum
2839 2670 2964 2726 inde
2996 2679 3184 2726 essent
3212 2669 3513 2735 excessuri,
3548 2685 3673 2737 gra-

2086 2768 2325 2822 vioribus
2366 2766 2570 2820 morbis
2622 2774 2874 2832 correpta
2910 2763 3061 2831 virgo
3095 2761 3236 2816 male
3271 2761 3481 2816 habuit.
3515 2760 3674 2816 Unde

2084 2863 2250 2915 dilata
2312 2861 2362 2913 in
2425 2860 2544 2914 dies
2591 2859 2852 2921 abitione,
2886 2855 3091 2912 frustra
3148 2855 3221 2910 ibi
3277 2856 3677 2911 consumebant

2085 2965 2317 3024 tempus.
2353 2953 2560 3022 Quippe
2602 2952 2646 3005 si
2685 2949 2958 3020 paululum
3017 2965 3047 3002 a
3097 2949 3383 3004 doloribus
3431 2960 3672 3010 vacaret,

2083 3053 2246 3111 atque
2276 3043 2414 3096 adeo
2447 3045 2513 3094 ad
2564 3039 2666 3093 iter
2702 3039 3104 3108 capessendum
3146 3040 3423 3094 videretur
3454 3038 3672 3103 idonea,

2082 3137 2288 3197 statim,
2335 3134 2520 3188 nescio
2573 3147 2682 3202 quo
2739 3131 2876 3196 fato,
2912 3132 3054 3184 illam
3109 3147 3325 3186 rursum
3385 3131 3677 3187 iuvadebat

384 3232 616 3298 γένοιτο,
639 3228 753 3281 ἀλλ’
777 3227 970 3297 ὥσπερ
1001 3228 1111 3280 ἀπὸ
1139 3227 1400 3298 προνοίας
1428 3228 1574 3292 τινὸς
1628 3227 1974 3298 ὀπισθόρμη-

2086 3231 2328 3292 morbus,
2362 3228 2434 3280 ita
2469 3237 2528 3280 ιιι
2562 3228 2701 3282 lecto
2738 3226 3070 3280 decmubens
3121 3235 3237 3278 l0l0
3286 3239 3517 3293 corpore
3563 3224 3673 3278 fre-

383 3339 474 3374 τον
512 3321 574 3373 τὸ
599 3319 773 3373 δεινὸν
802 3319 889 3372 ἐπ’
935 3319 1104 3390 αὐτὴν
1141 3320 1364 3391 ἧρχετο,
1433 3322 1529 3373 καὶ
1582 3320 1977 3374 κατακλιθεῖσα

383 3412 606 3483 ἔφριττε
635 3411 694 3465 τό
721 3412 884 3482 σῶμα
911 3414 1005 3465 καὶ
1030 3412 1302 3464 ὲκλονείτο
1335 3412 1573 3478 ἐξαίσια,
1630 3411 1861 3480 πυρετοί
1915 3429 1978 3464 τε

385 3505 554 3578 αὐτὴν
598 3506 973 3576 μετεδέχοντο,
997 3505 1094 3557 καὶ
1130 3504 1500 3574 ὑπωπιασμος
1541 3503 1640 3574 ἠδη
1686 3503 1780 3556 καὶ
1809 3519 1970 3574 τηκε-

384 3597 490 3652 ὃὼν
530 3599 909 3668 ἐπηκολούθει.
945 3600 1054 3652 Καὶ
1078 3604 1140 3652 τὸ
1165 3598 1265 3666 τῆς
1305 3597 1482 3667 ὅψεως
1526 3599 1687 3661 ἄνθος
1711 3598 1902 3669 χάριέν
1923 3615 1980 3651 τι

386 3693 702 3762 μαρμαῖρον
732 3691 800 3744 τὰ
831 3691 1080 3762 πρότερα
1103 3690 1387 3760 ἠλλοιοῦτο
1443 3691 1587 3742 κατᾶ
1642 3689 1818 3761 βραχὺ
1881 3691 1977 3742 καὶ

386 3783 733 3851 ἐστυγνοῦτο.
775 3782 920 3836 Ἰδὼν
945 3784 1011 3836 ἄν
1036 3799 1121 3845 τις
1146 3781 1399 3852 δακρύων
1422 3781 1667 3852 ἐπλήσθη
1717 3780 1977 3851 τηλικού-

382 3893 478 3928 του
540 3875 808 3945 λειμῶνος
864 3874 1044 3945 ἔξωρα
1098 3875 1401 3943 φθίνοντος.
1444 3872 1603 3926 Οὕτω
1640 3875 1742 3943 μὲν
1780 3872 1974 3944 ἡκόρη

384 3966 569 4030 κακῶς
625 3963 772 4037 εἶχεν
804 3965 890 4020 ἐπ’
917 3965 1070 4019 οἴκου
1105 3964 1463 4036 διατρίϐουσα
1497 3979 1512 3996 ⁸
1546 3968 1594 4018 εἰ
1627 3965 1684 4019 δέ
1717 3983 1846 4020 ποτε
1882 3969 1977 4020 καὶ

383 4059 480 4130 τὴν
503 4056 634 4110 ναῦν
668 4058 902 4128 ἀναϐαίη
931 4059 1025 4111 καὶ
1051 4058 1215 4126 ὀλίγῳ
1245 4059 1562 4127 Τριπόλεως
1593 4057 1842 4130 ἀναθείη,
1884 4059 1974 4110 ὲν-

383 4150 562 4205 ταῦθα
591 4151 813 4214 διπλοῦς
850 4152 1134 4221 ὲπωρύετο
1159 4150 1387 4204 κλύδων.
1414 4152 1522 4203 Καὶ
1576 4150 1636 4201 τὸ
1679 4150 1778 4218 μὲν
1843 4149 1976 4203 σκά-

384 4261 485 4313 φος
512 4240 722 4316 εἶχενή
773 4244 1037 4313 Τρίπολις
1063 4239 1242 4305 αὖθις,
1293 4241 1394 4303 τὰς
1435 4241 1493 4294 δὲ
1533 4240 1722 4304 νόσους
1789 4240 1974 4310 ἐκείνη

381 4335 446 4388 οὐ
483 4334 666 4404 πολλῷ
727 4335 934 4404 ταύτης
972 4332 1057 4404 [Ρ.
1094 4332 1222 4405 ιιι]
1276 4331 1705 4400 ἀπολειφθείσας
1760 4330 1976 4401 ἐδέχετο

387 4426 632 4495 μείζους.
660 4427 834 4480 Τοῦτο
871 4429 1136 4488 πολλάκις
1167 4422 1490 4492 ὲπιγεγονδς
1517 4425 1596 4487 είς
1628 4423 1976 4492 ἀπεράντους

380 4521 473 4574 τὸν
505 4522 948 4589 Κοντοστέφανον
979 4515 1116 4591 ἦγεν
1140 4516 1376 4579 ἐννοίας.
1406 4515 1602 4569 Τοίνυν
1646 4516 1742 4569 καὶ
1770 4515 1976 4586 ἀσχάλ-

382 4616 489 4670 λων
517 4615 593 4678 ὼς
619 4616 681 4668 τὸ
711 4615 858 4676 εἰκὸς
881 4613 1073 4668 ἄλλοτε
1117 4610 1310 4675 ἄλλους
1341 4611 1630 4666 ἁναπολῶν
1675 4610 1972 4680 λογισμοὺς

381 4709 535 4772 τέλος
573 4708 667 4761 ἐπί
688 4725 813 4759 τινα
842 4710 951 4759 τῶν
1003 4705 1241 4759 ἐνταῦθα
1273 4705 1412 4759 νεῶν
1455 4705 1746 4776 παρελθὼν
1800 4708 1974 4759 ἐπυν-

384 4800 578 4855 θάνετο
610 4802 660 4853 εἰ
693 4799 908 4871 βασιλεί
937 4800 1034 4870 τὴν
1067 4800 1237 4852 παῖδα
1281 4799 1737 4871 κατεγγυηθῆναι
1771 4798 1971 4871 χρεών.

396 4896 602 4948 ’Λνεῐλε
643 4895 698 4947 δέ
731 4896 782 4946 οἱ
804 4893 866 4947 τὸ
900 4893 1046 4964 ἱερὸν
1076 4893 1298 4946 πυθείον
1346 4893 1486 4964 (59)⁶
1516 4911 1537 4946 ι
1581 4892 1642 4948 '0
1668 4897 1770 4965 μὲν
1795 4894 1974 4964 γάμος

2085 3329 2276 3382 meret,
2312 3319 2659 3389 graviterque
2693 3318 3116 3374 convelleretur.
3144 3319 3225 3372 Ad
3261 3320 3375 3374 haec
3402 3318 3673 3388 sequeba-

2086 3427 2172 3470 tur
2212 3415 2402 3479 lebris,
2444 3425 2498 3468 et
2530 3415 2668 3467 livor
2714 3425 2768 3468 et
2811 3414 3001 3470 tabes:
3029 3413 3322 3480 vultusque
3353 3411 3536 3477 nitor,
3577 3414 3670 3482 qui

2084 3518 2245 3562 antea
2303 3507 2497 3574 gratiis
2541 3505 2888 3566 roruscubat.
2925 3504 3322 3560 immnzabatur
3369 3504 3575 3560 sensim
3619 3519 3673 3560 ct

2083 3599 2509 3654 Obscurabatur.
2545 3595 2676 3649 Eam
2709 3597 2943 3650 intuenti
2971 3596 3360 3650 oboriebantur
3396 3595 3672 3666 Iacryma-,

2084 3707 2190 3745 tam
2252 3690 2517 3760 praeclaro
2581 3687 3010 3756 pulchritudinis
3087 3689 3218 3741 llure
3293 3689 3674 3758 intempestive

2081 3794 2365 3855 pereunte.
2416 3783 2514 3837 llis
2565 3782 2742 3850 puella
2800 3780 2956 3835 malis
3003 3782 3146 3834 domi
3200 3778 3559 3836 adiciebatur.
3615 3780 3669 3834 Si

2078 3894 2213 3934 vero
2248 3875 2544 3947 aliquando
2581 3890 2773 3929 navem
2828 3875 3244 3944 ingrederetur,
3282 3873 3672 3942 paululumque

2081 3973 2446 4026 abduceretur
2475 3983 2503 4021 a
2530 3965 2764 4036 Tripoli,
2797 3978 2908 4019 tum
2939 3979 3070 4018 vero
3105 3963 3271 4032 duplo
3299 3964 3472 4030 major
3502 3962 3674 4016 infre-

2083 4065 2265 4118 mebat
2295 4061 2470 4115 morbi
2521 4058 2742 4124 ﬂuctus,
2774 4069 3082 4123 navemque
3133 4055 3325 4106 iterum
3377 4052 3430 4106 itt
3475 4053 3666 4106 urbem

2081 4157 2262 4212 redire
2290 4169 2516 4210 necesse
2550 4163 2690 4217 erat,
2727 4167 2790 4206 ac
2823 4150 2911 4203 illa
2961 4149 3134 4203 morbi
3165 4147 3232 4201 ad
3265 4148 3428 4202 breve
3456 4156 3670 4213 tempus

2081 4247 2385 4304 intermissi
2440 4246 2652 4300 acriore
2724 4244 2925 4311 impetu
2979 4241 3405 4310 corripiebatur.
3449 4239 3504 4292 Id
3543 4254 3669 4293 Clllll

2081 4340 2337 4396 crebrius
2394 4339 2678 4399 eveniret,
2720 4335 3228 4401 Contostepbanum
3287 4333 3340 4384 iu
3385 4332 3672 4400 ambiguas

2080 4433 2430 4502 iucertasque
2451 4431 2814 4500 cogitationes
2849 4426 3108 4495 conjecit.
3144 4425 3216 4478 Ea
3251 4425 3417 4514 igitur
3449 4435 3673 4494 preptrr

2081 4527 2265 4580 animo
2310 4527 2552 4580 incertus
2607 4524 2912 4590 dubiusque
2944 4535 3051 4589 quo
3089 4519 3306 4575 demum
3325 4511 3341 4519 ”
3360 4517 3670 4574 inclinaret.

2083 4617 2298 4672 tandem
2334 4617 2386 4671 in
2419 4617 2690 4685 quoddam
2726 4613 2794 4668 ibi
2848 4614 3106 4681 templum
3157 4613 3443 4687 accedens,
3475 4610 3671 4666 scisci-

2083 4721 2230 4768 tatus
2258 4719 2362 4775 est,
2389 4725 2454 4762 an
2480 4708 2747 4762 ducturus
2770 4716 2914 4761 esset
2938 4705 3202 4776 virginem
3232 4707 3372 4760 hanc
3397 4705 3672 4774 princeps,

2083 4806 2246 4875 idque
2284 4803 2410 4859 fatis
2455 4805 2732 4858 decretum
2797 4808 2983 4856 esset:
3045 4802 3148 4855 hoc
3207 4813 3340 4854 vero
3383 4799 3434 4854 ei
3478 4797 3672 4852 retulit

2084 4911 2300 4952 sacrum
2343 4894 2662 4951 oraculum:
2695 4911 2713 4943 ι
2749 4892 2958 4963 Nuptiae.
2995 4893 3213 4962 quidem
3247 4903 3470 4961 parata,
3508 4889 3676 4958 210

1744 5039 1843 5098 Du
1882 5038 2103 5115 Cangii
2142 5046 2332 5099 nota}.

456 5161 570 5228 (57)
614 5157 840 5212 Λατῖνα
863 5157 982 5226 μὲν
1017 5156 1635 5228 γένοςχΜειίεεθιιιΙὶε,
1679 5157 1968 5215 Raimundi

387 5231 431 5286 ll
473 5227 693 5286 comitis
725 5229 1052 5297 Tripolitani
1104 5244 1169 5282 ex
1213 5227 1484 5282 Hodierna
1509 5228 1642 5295 lilia,
1674 5228 1970 5286 Raimuntli

387 5302 452 5354 Ill
492 5316 669 5356 soror.
725 5299 806 5352 lta
859 5299 1078 5368 Tyrius,
1137 5301 1228 5366 qui
1288 5313 1400 5352 rem
1453 5300 1612 5368 paulo
1671 5314 1832 5354 secus
1884 5318 1971 5355 re-

385 5379 572 5513 ωδε)
629 5440 1000 5504 Ἐξούϐιτον.
1054 5436 1642 5513 Trisillus__tnaximus
1698 5440 1970 5513 palatino-

389 5507 897 5597 rumninterpretum
940 5510 1391 5578 nuncupaturillc
1426 5528 1454 5563 ιι
1517 5507 1713 5578 Tyrio,
1742 5511 1780 5564 Ι.
1810 5527 1974 5576 xvm,

389 5585 571 5723 “35%)
624 5652 804 5719 Ἱερόν
835 5649 1108 5704 πυθεῖον.
1159 5646 1230 5723 Ea
1263 5659 1406 5723 erat
1456 5649 1812 5723 divinationis
1849 5669 1976 5722 spe-

389 5721 686 5792 cie‘s,'qua
745 5725 1086 5791 potissimum
1146 5721 1440 5773 Utristiaui
1495 5721 1811 5783 utebantur,
1857 5721 1978 5788 quae

395 5797 558 5846 tiebat
599 5791 706 5862 per
763 5793 1152 5860 iuSpectionem
1189 5799 1243 5843 et
1285 5791 1622 5857 apertionem
1693 5793 1971 5862 Evangelii

394 5874 490 5916 aut
558 5879 844 5919 Sacrorum
898 5866 1181 5927 librorum,
1226 5876 1382 5928 cujus
1431 5863 1676 5931 exetnpla
1727 5875 1977 5930 prostant

2080 5164 2221 5232 apud
2279 5161 2512 5229 Gregor.
2566 5158 2774 5232 Tyron.
2811 5156 2849 5210 Ι.
2881 5173 2934 5232 tv
2968 5155 3135 5232 _llt'st.
3189 5155 3387 5232 c._16;
3427 5157 3498 5232 l_._
3521 5173 3662 5232 v,__c.

2081 5227 2148 5287 124
2178 5251 2193 5298 ;
2236 5227 2518 5287 auctorem
2574 5229 2712 5284 Vitae
2757 5229 2929 5298 sancti
2966 5227 3313 5298 Leodegarii,
3353 5245 3402 5282 c.
3436 5229 3499 5282 l7
3529 5246 3544 5295 ;
3577 5229 3671 5283 Ni-

2079 5297 2358 5365 cctatn,in
2386 5300 2529 5354 Man.
2553 5301 2590 5355 I.
2628 5316 2724 5364 vn,
2770 5314 2824 5351 ιι.
2851 5297 2927 5362 5;
2962 5307 3237 5352 auctorem
3284 5297 3438 5353 Orat.
3462 5299 3664 5354 Hister.

2084 5377 2138 5428 in
2198 5376 2392 5428 festum
2431 5369 2812 5426 llestitutionis
2872 5369 3169 5435 imaginum
3201 5368 3404 5422 editum
3440 5386 3470 5423 a
3509 5371 3673 5425 Com-

2084 5445 2298 5504 bellsio,
2338 5458 2391 5506 p.
2436 5442 2560 5505 7'56,
2607 5451 2663 5495 et
2693 5441 2833 5507 apud
2893 5437 3093 5508 Barou.
3120 5453 3225 5508 _an.
3275 5439 3404 5502 815‘2,
3459 5457 3514 5494 ιι.
3559 5441 3668 5508 59,

2082 5513 2301 5568 Petrum
2350 5511 2595 5567 Blesens.
2639 5506 2800 5578 epist.
2857 5508 2958 5573 '50;
3022 5507 3084 5562 S.
3119 5506 3580 5574 Bouaveuturum,
3613 5506 3668 5562 in

2094 5584 2210 5637 Vita
2250 5585 2310 5638 S.
2348 5582 2652 5642 Fraucisci,
2697 5595 2746 5634 c.
2787 5579 2872 5645 -l5,
2914 5587 2967 5630 et
3008 5581 3146 5629 alios
3182 5594 3318 5642 quos
3349 5579 3670 5634 IaudatDel-

2093 5663 2227 5716 rius,
2265 5655 2301 5706 Ι.
2337 5669 2385 5706 ιν
2417 5652 2696 5721 Disquisit.
2758 5649 2974 5718 Μειδία,
2999 5663 3052 5721 c.
3087 5649 3144 5708 2,
3181 5661 3374 5716 quaest.
3412 5651 3468 5712 7,
3529 5662 3665 5705 sect.

2088 5725 2142 5788 ὅ,
2182 5723 2209 5794 ς
2241 5725 2296 5789 5,
2333 5726 2478 5792 quod
2528 5719 2754 5794 quidem
2806 5719 3064 5794 [iebatrin
3113 5721 3336 5794 templo,
3374 5731 3432 5774 ul
3462 5722 3549 5774 hic
3579 5723 3666 5794 in.

2090 5790 2299 5857 uultur,
2353 5790 2706 5846 orationibus
2764 5792 3086 5856 Quibusdzun
3157 5792 3222 5843 ad
3275 5790 3326 5842 id
3387 5791 3667 5858 conceptis

2091 5867 2330 5932 prawiis,
2399 5863 2754 5932 depositoque
2813 5876 2972 5929 supra
3029 5865 3198 5913 altare
3253 5861 3667 5930 Evangeliorum
