4058 6408
417 358 524 418 ίιῦῖἰ

1704 344 2025 432 JQANN’IS
2067 342 2385 403 Cl.\';‘i.-\flli

3566 327 3670 391 564

408 469 617 541 ingredi
663 469 784 522 licet
824 483 887 522 ac
943 468 1239 521 incessere.
1291 467 1426 519 Dcse
1463 463 1628 528 enim,
1670 463 1759 530 qui
1816 461 1986 528 impe-

2124 460 2324 529 πῆλθεν
2368 459 2600 512 ἐνταῦθα
2624 452 3215 528 στρατοπεδευσαμένιί)
3245 450 3338 503 καὶ
3372 449 3480 501 τῶν
3523 445 3676 515 αμφὶ

412 563 610 617 ratoris
644 561 904 614 beneficio
934 559 1138 615 Serviat
1162 569 1275 612 tum
1309 555 1674 627 imperitabat,
1701 561 1984 623 postquam

408 653 769 722 principatum
827 651 1079 715 obtinuit,
1133 649 1454 717 posthabitis
1489 647 1685 717 pactis,
1719 643 1984 697 Dendram

410 745 686 812 regionem
735 744 912 796 denuo
958 750 1344 809 occupaverat,
1392 747 1682 808 spretoque
1719 735 1983 787 Romano-

413 850 533 889 rum
581 834 812 902 imperio
865 832 1188 900 legationem
1255 833 1478 885 miserat
1511 830 1578 882 ad
1635 827 1988 885 Alemannos,

413 936 474 978 ut
503 925 632 979 inde
671 924 775 978 sibi
823 939 1048 977 uxorem
1105 932 1437 986 accerseret,
1488 930 1544 975 et
1576 917 1839 989 quidquid
1885 915 1996 969 Ro-

413 1017 590 1073 manis
621 1017 952 1086 displiceret,
985 1014 1208 1071 omnino
1232 1015 1484 1070 faciebat.
1509 1013 1684 1067 Etiam
1719 1019 1831 1064 tum
1862 1021 1989 1062 cum

412 1128 440 1165 a
481 1112 730 1182 principe
746 1120 1088 1172 evocaretur,
1121 1121 1180 1162 ttt
1213 1100 1473 1162 adversus
1492 1105 1777 1176 Hungaros
1799 1100 1993 1155 bellum

411 1204 616 1271 gerenti
643 1203 747 1257 sibi
773 1205 1010 1266 adesset,
1043 1199 1282 1255 dilﬁcilis
1313 1214 1376 1253 ac
1405 1198 1656 1267 pervicax
1682 1194 1993 1254 videbatur,

415 1311 730 1367 magnarum
760 1294 922 1364 213
953 1309 1132 1348 rerum
1171 1308 1320 1361 spem
1353 1292 1534 1345 animo
1568 1288 1791 1343 volvens
1844 1295 1900 1340 et
1943 1284 1996 1338 in

415 1387 559 1439 diem
610 1385 825 1454 prolato
865 1385 1120 1439 adventu.
1192 1383 1554 1450 Quamobrem
1591 1380 1912 1446 imperator,
1942 1384 2001 1427 ut

414 1476 482 1529 ad
542 1475 766 1530 Naisum
814 1474 1068 1537 accessit,
1097 1473 1188 1527 ubi
1226 1474 1452 1527 duarum
1483 1471 1689 1523 viarum
1727 1467 1897 1523 altera
1948 1465 1999 1518 in

418 1567 664 1621 Servium
696 1567 862 1628 ducit.
901 1565 1073 1620 altera
1109 1566 1176 1619 ad
1208 1565 1402 1618 lslrum
1433 1573 1486 1619 et
1519 1561 1812 1630 Hungariaa
1841 1559 1998 1621 lines,

417 1659 472 1708 in
503 1658 682 1711 medio
730 1666 908 1710 castra
933 1654 1134 1725 posuit.
1194 1655 1331 1710 Dese
1374 1669 1526 1720 vero,
1559 1651 1850 1706 imminens
1901 1645 2001 1700 sibi

421 1750 722 1819 periculum
758 1749 1077 1814 advertens,
1113 1747 1354 1817 acceptis
1411 1762 1551 1816 quos
1597 1755 1708 1798 tum
1769 1741 2006 1797 habebat

419 1842 614 1910 copiis,
665 1843 716 1896 in
773 1841 1143 1896 Romanorum
1192 1851 1371 1895 castra
1421 1841 1590 1893 venit.
1647 1837 1779 1891 Eum
1835 1835 2005 1902 impe-

419 1944 571 1988 rator
617 1933 871 1988 benevole
903 1943 1185 1987 exceptum
1244 1945 1351 1997 quo
1384 1931 1611 1985 decebat
1651 1929 1855 1982 honore
1881 1939 2004 1992 pro-

427 2035 650 2081 secutus
691 2035 794 2080 est.
835 2025 939 2080 Sed
988 2037 1234 2094 proterva
1283 2025 1463 2094 iiugua
1512 2021 1714 2074 nullum
1744 2034 1868 2074 esse
1893 2029 2007 2073 tur-

421 2112 541 2179 pius
583 2113 779 2168 malum
823 2115 1058 2170 videtur.
1101 2115 1381 2183 Siquidem
1416 2115 1568 2174 Dese,
1598 2110 1684 2164 ubi
1717 2110 1850 2164 nihil
1900 2111 2003 2166 sibi

419 2205 709 2260 obvenisse
754 2205 1085 2260 incommodi
1125 2207 1193 2262 ob
1231 2206 1467 2276 priorem
1503 2202 1918 2266 imprudentiam
1942 2219 2007 2256 ac

424 2298 786 2352 temeritatem
847 2299 1086 2366 agnovit,
1159 2297 1378 2351 sustulit
1447 2295 1659 2348 animos
1686 2308 1749 2347 ac
1801 2292 2004 2359 majora

422 2404 586 2456 quam
615 2400 772 2442 antea
803 2389 998 2443 damna
1020 2390 1278 2444 Romanis
1332 2389 1533 2441 inferre
1559 2387 1818 2440 decrevit.
1867 2385 2009 2440 Cou-

423 2478 606 2530 silium
644 2489 824 2531 tamen
857 2476 1121 2543 ejusmodi
1164 2477 1382 2531 silentio
1413 2477 1635 2545 pressit.
1666 2477 1741 2528 lta
1770 2477 2008 2544 plerum-

425 2582 532 2636 que
581 2567 971 2620 benevolentize
1012 2576 1388 2636 argumentum
1429 2566 1678 2634 pessimis
1697 2565 2011 2620 hominibus

427 2656 688 2724 majorum
745 2655 1065 2724 iniuriarum
1112 2657 1335 2711 materia
1405 2672 1526 2712 esse
1573 2657 1729 2712 solet.
1801 2656 2011 2711 Venere

425 2749 626 2817 quippe
656 2748 820 2817 paulo
873 2759 993 2817 post
1021 2765 1088 2803 ex
1131 2749 1511 2820 l-lungarorum
1549 2760 1708 2814 gente
1736 2748 1802 2803 ad
1830 2751 2002 2818 impe-

430 2851 663 2896 ratorem
715 2841 896 2911 legati,
959 2843 1156 2912 quibus
1193 2843 1281 2897 ille
1339 2842 1478 2896 forte
1546 2842 1769 2895 fortuna
1820 2845 2011 2897 obvius

427 2934 626 2999 factus,
674 2945 896 3003 rogatus
921 2947 1000 2989 est.
1035 2937 1102 2988 ab
1156 2937 1244 2996 iis,
1295 2936 1373 2989 uti
1419 2935 1586 2988 muris
1615 2946 1717 3000 est,
1753 2937 2009 3003 quemad-

431 3024 652 3078 modum
702 3041 790 3080 res
819 3043 928 3080 sum
959 3043 1076 3081 sese
1112 3029 1408 3081 haberent:
1441 3028 1545 3082 illis
1582 3027 1723 3082 haud
1757 3029 2013 3081 dissimu-

431 3118 606 3171 lanter
640 3121 939 3188 respondit,
968 3120 1191 3188 optime,
1234 3130 1288 3174 et
1317 3132 1478 3190 prout
1505 3120 1648 3188 regis
1671 3135 1858 3174 eorum
1883 3136 2008 3189 erga

429 3226 488 3264 se
516 3210 889 3266 benevolentia
925 3224 1231 3266 mereretur
1269 3230 1282 3265 :
1337 3213 1616 3266 dominum
1651 3213 1802 3266 illum
1831 3213 2012 3280 palam

433 3303 736 3358 nominans.
767 3304 861 3357 llis
885 3303 1044 3373 igitur
1076 3305 1304 3374 cognitis
1329 3303 1647 3372 imperator,
1674 3318 2013 3373 nequaquam

430 3397 793 3449 cunctandum
821 3407 988 3462 ratus,
1009 3395 1184 3463 ipsum
1212 3397 1261 3449 in
1280 3396 1369 3465 jus
1393 3403 1548 3450 vocat
1579 3397 2014 3465 convictumque,

434 3488 850 3540 accusatoribus
904 3496 960 3539 et
1009 3487 1330 3541 delictorum
1387 3487 1620 3540 consciis
1672 3487 1725 3540 itt
1779 3487 2016 3541 medium

433 3578 714 3647 productis
761 3593 826 3631 ac
851 3579 1134 3647 perfidiam
1170 3581 1270 3647 ipsi
1301 3595 1489 3634 coram
1521 3577 1934 3646 objicientibtts,
1961 3579 2014 3632 in

435 3675 704 3736 custodia,
738 3677 857 3727 sine
894 3675 1165 3729 dedecore
1201 3685 1404 3736 tamen,
1442 3692 1564 3730 emn
1613 3675 1818 3730 habuit.
1871 3675 2020 3730 Vallo

436 3773 582 3824 enim
615 3771 1026 3824 tabernaculum
1053 3771 1202 3826 illius
1229 3771 1393 3842 214
1434 3771 1680 3840 cingens,
1716 3773 2015 3825 secundum

435 3878 556 3914 mm
597 3878 719 3932 quae
751 3862 801 3915 itt
849 3863 1047 3916 castris
1101 3862 1243 3931 viget
1275 3863 1442 3930 legem
1506 3863 1784 3915 observari
1829 3862 2017 3930 jussit.

436 3958 512 4009 ita
539 3966 598 4010 ut
631 3955 701 4011 ab
735 3955 828 4009 illo
859 3955 1117 4023 deinceps
1155 3954 1289 4009 Dese
1331 3953 1526 4008 Vallum
1562 3956 1710 4007 loeus
1763 3955 1866 4007 iste
1903 3952 2022 4007 fue-

439 4051 509 4100 rit
546 4057 904 4114 uuneupatus.
968 4046 1061 4100 Sic
1102 4047 1246 4101 enim
1289 4047 1489 4101 fossam
1517 4045 1707 4114 vulgus
1740 4055 1797 4098 ut
1852 4045 2022 4113 pluri-

437 4156 583 4194 tuum
607 4148 780 4193 vocnt.
808 4140 944 4194 Eum
967 4151 1145 4194 autem
1179 4154 1378 4209 paucos
1419 4147 1536 4208 post
1567 4139 1680 4190 dies
1705 4135 2019 4206 Byzantium

439 4225 606 4290 misit,
657 4228 795 4280 etin
839 4229 1040 4295 palatio
1080 4227 1278 4282 includi
1325 4227 1601 4296 praecepit.
1643 4224 1768 4281 H‘JBC
1797 4227 2018 4296 quidem

439 4317 516 4371 ibi
548 4329 690 4373 acta.
725 4317 786 4370 Et
821 4321 1097 4390 princeps,
1144 4319 1346 4375 auditis
1376 4318 1754 4389 llungarorum
1797 4319 1889 4387 qui
1922 4318 2019 4371 ad-

441 4408 934 4479 venerautlegatis,
961 4413 1048 4466 ubi
1082 4411 1216 4466 nihil
1244 4427 1336 4466 eos
1384 4411 1501 4466 sani
1543 4410 2018 4479 alferrecognovit,

441 4504 636 4557 castris
679 4507 942 4559 excedere
985 4507 1267 4570 Romanis,
1307 4517 1363 4561 et
1410 4514 1556 4561 recta
1618 4508 1836 4560 domum
1867 4507 2018 4560 abire
2054 4528 2096 4581 ι)

443 4593 621 4663 jussit.
679 4595 750 4648 lis
780 4595 1129 4665 abeuntibus,
1179 4600 1296 4668 ipse
1346 4597 1414 4650 ad
1473 4597 1767 4667 Belegrada
1832 4599 2022 4652 urbem

444 4687 611 4748 venit,
648 4687 832 4755 ibique
882 4701 1059 4743 castra
1089 4691 1289 4760 posuit.
1349 4689 1521 4752 Hauc,
1564 4692 1638 4745 uti
1687 4706 1848 4760 snpra
1875 4707 2024 4743 com-

449 4782 896 4847 memoravimus,
951 4783 1128 4839 dirulo
1148 4783 1468 4854 Zeugmino,
1494 4786 1779 4838 Romanus
1809 4793 2026 4837 exstru-

445 4869 927 4938 xerat'exercitus,
993 4873 1362 4943 compluribus
1421 4873 1692 4943 [iungaris
1715 4873 1768 4926 in
1819 4873 2024 4928 laboris

447 4970 655 5030 partem
706 4964 951 5017 adscitis.
990 4963 1157 5019 locus
1188 4968 1273 5019 hic
1297 4976 1381 5020 est
1414 4965 1578 5028 illius,
1625 4979 1746 5034 quae
1775 4965 1827 5018 in
1863 4966 2026 5021 rebus

447 5052 700 5106 humanis
729 5069 941 5121 semper
988 5055 1144 5120 ludit,
1175 5054 1441 5121 fortunae;
1485 5069 1547 5109 ac
1585 5053 1820 5108 fortasse
1851 5055 2025 5107 rideat

445 5147 713 5217 quispiam
754 5149 799 5203 si
831 5148 1034 5203 dudum
1078 5162 1319 5204 mortuos
1353 5150 1564 5205 urbium
1608 5147 1915 5202 conditores
1938 5149 2030 5202 de-

451 5255 561 5294 mto
593 5241 755 5294 urbes
812 5246 1049 5297 condere
1094 5244 1292 5296 videat.
1349 5243 1426 5298 Ex
1457 5244 1525 5300 iis
1575 5245 1744 5314 τὺχης
1778 5259 1874 5296 s:-u
1908 5240 2025 5293 lor-

455 5341 598 5384 tunae
635 5335 956 5388 Vocabulum
1009 5344 1065 5388 ut
1109 5336 1407 5405 plurintum
1459 5337 1602 5407 apud
1643 5335 1890 5390 homines
1932 5333 2029 5387 de-

397 5480 402 5485 _
453 5419 676 5478 ﬂuxisse
708 5425 964 5481 arbitror.
1018 5426 1154 5481 Cum
1203 5427 1348 5481 enim
1400 5443 1580 5482 rerum
1615 5442 1737 5496 quae
1783 5439 1810 5477 a
1847 5424 2031 5478 divina

457 5511 802 5574 Providentia
829 5520 1269 5588 proﬁciscuntur,
1300 5522 1566 5576 rationem
1601 5519 1884 5590 percipere
1923 5531 2028 5569 non

2033 1801 2079 1860 Β

2089 556 2156 624 τῇ
2183 553 2415 623 Σερϐικῇ
2465 557 2524 606 ἐν
2563 551 2831 621 παρέργῳ
2861 545 3268 616 ἐπιμεληθῆναι
3299 540 3676 612 πραγμάτων.

2095 647 2256 713 Ἀγει
2293 645 2402 714 γάρ
2430 662 2546 707 πως
2579 643 2665 712 ἐφ’
2688 641 2960 711 ἑκατέρας
2993 637 3291 707 Παιονικήν
3315 653 3373 688 τε
3405 633 3502 687 καὶ
3541 633 3680 699 Σερ-

2093 739 2272 807 6ικὴν,
2310 738 2338 790 ὁ
2363 738 2540 808 χῶρος
2568 730 2745 798 οὗτος,
2795 733 2887 787 καὶ
2917 733 3065 786 ἔστιν
3110 728 3454 799 ἀμφοτέραις
3486 721 3678 776 ὲντεῦ-

2094 833 2188 884 θεν
2220 831 2339 882 δέον
2369 829 2592 882 ἐνιέναι.
2637 829 2770 880 Δεσὲ
2796 827 2904 896 γὰρ
2940 825 2998 888 ὃς
3031 821 3300 892 βασιλέως
3339 819 3526 878 δόντος
3577 814 3682 882 τῆς

2095 923 2363 993 Σερϐικῆς
2390 918 2529 992 ἦρχε
2563 921 2640 990 τῷ
2673 922 2817 983 τότε,
2849 918 3040 984 ἐπειδὴ
3069 917 3169 985 τῆς
3197 911 3382 984 χώρας
3402 907 3684 980 ἐγκρατὴς

2096 1015 2198 1086 ἤδη
2256 1013 2495 1082 ἐγένετο.
2529 1012 2636 1065 τῶν
2675 1009 2960 1080 συνθηκῶν
3019 1007 3300 1076 ἀλογήσας
3342 1001 3579 1070 Δένδρας
3623 1015 3684 1050 τε

2099 1104 2284 1176 χώρας
2351 1103 2599 1164 εἰσαῦθις
2656 1101 3001 1171 μετεποιεῖτο
3064 1097 3161 1150 καὶ
3215 1097 3316 1164 τῆς
3394 1088 3686 1158 Ῥωμαίων

2102 1195 2419 1264 ἀφηνιάζων
2450 1193 2625 1262 ἀρχῆς
2669 1191 2726 1254 ἔς
2762 1208 2823 1243 τε
2865 1188 3204 1258 Ἀλαμανοῦς
3241 1182 3479 1250 έπεμψε,
3520 1179 3688 1246 κῆδος

2101 1286 2354 1341 ἐντεῦθεν
2405 1285 2502 1336 ἑαυ
2517 1283 2586 1353 τῷ
2636 1281 2873 1350 συνάψαι
2900 1276 3229 1346 διανοηθεὶς,
3271 1273 3368 1326 καὶ
3403 1270 3510 1323 πᾶν
3543 1267 3571 1320 ὃ
3609 1267 3686 1337 μὴ

2101 1381 2243 1433 κατὰ
2273 1376 2501 1447 γνώμην
2540 1373 2835 1444 Ῥωμαίοις
2860 1367 2928 1442 ἧν
2957 1369 3146 1441 τρόπῳ
3175 1365 3342 1419 παντὶ
3391 1362 3682 1447 ἔπρασσες

2102 1472 2225 1523 τότε
2247 1441 2310 1537 δὴ
2347 1441 2732 1537 καὶ-βασιλέως
2762 1441 2930 1517 αὐτόν
2985 1454 3488 1530 μεταστελλομένου
3523 1450 3608 1518 ἐφ’
3642 1441 3687 1514 ᾧ

2104 1565 2248 1617 κατά
2279 1563 2526 1616 Παιόνων
2557 1559 2711 1628 αὑτῷ
2755 1553 3174 1625 συοτρατεύσει,
3222 1551 3249 1601 ὁ
3288 1547 3345 1600 δὲ
3388 1543 3692 1613 δύστροπιις

2106 1676 2192 1720 τις
2220 1659 2314 1709 καὶ
2350 1650 2782 1724 ἰσχυρογνώμων
2819 1649 3073 1718 ἐφαίνετο
3111 1644 3199 1695 ὲπῖ
3238 1638 3607 1711 μακροτέραις
3630 1651 3691 1684 τε

2106 1752 2230 1812 ταῖς
2294 1747 2508 1800 ἐλπίσιν
2567 1745 2763 1814 ὠχεῖτο
2813 1741 2908 1794 καὶ
2961 1741 3040 1800 είς
3084 1736 3184 1806 τὴν
3247 1731 3512 1785 ἐπιοῦσαν
3590 1726 3693 1795 τὴν

2105 1843 2290 1911 ἄφιξιν
2327 1840 2660 1909 ὑπισχνεῖτο.
2706 1825 2768 1888 ’ό
2812 1833 2912 1903 μὲν
2943 1831 3037 1884 οὖν
3067 1826 3325 1900 βασιλεὺς
3372 1822 3460 1875 διὰ
3492 1818 3693 1875 ταῦτα.

2106 1933 2296 2004 ἐπειδὴ
2340 1932 2478 2004 πρὸς
2506 1933 2573 2001 τῇ
2608 1927 2803 1994 Ναῖσῷ
2845 1925 3084 1993 ἐγένετο,
3111 1919 3240 1972 ἔνθα
3273 1919 3394 1969 ταῖν
3419 1914 3556 1967 όδοίν
3587 1912 3694 2004 dp.-

2106 2003 2387 2098 φωτέραιν
2419 2025 2452 2094 ἡ
2501 2023 2601 2093 μὲν
2639 2021 2734 2075 ἐπὶ
2765 2017 2866 2090 τὴν
2897 2014 3169 2085 Σερὸικην
3200 2013 3326 2098 ἀγει
3349 2049 3362 2070 ,
3393 2006 3598 2073 θατέρα
3632 2003 3699 2098 δὲ

2105 2088 2200 2168 sui.
2227 2088 2320 2164 τδν
2349 2088 2565 2178 Ἵστρον
2595 2106 2690 2158 καὶ
2711 2088 2938 2171 γῆνήτὴν
2967 2095 3281 2162 Παιονικὴν,
3302 2097 3358 2146 ὲν
3382 2088 3696 2162 μεταιχμίῳ

2105 2207 2205 2272 τὴν
2240 2197 2632 2272 στρατοπεδίαν
2663 2195 2920 2263 ἐπήξατο·
2954 2189 3174 2263 [Μαι]
3204 2188 3336 2239 Δεσὲ
3365 2185 3421 2236 δὲ
3451 2183 3542 2236 τὸν
3566 2184 3695 2234 ὲπι-

2110 2294 2463 2366 κρεμάμενον
2518 2291 2620 2361 ήδη
2673 2286 2920 2340 κίνδυνον
2961 2282 3110 2351 αὐτῷ
3168 2277 3399 2332 συνιδὼν
3446 2277 3507 2328 τὸ
3567 2275 3700 2342 περὶ

2109 2387 2275 2443 αὑτὸν
2307 2382 2592 2439 ἀναλαϐὼν
2626 2379 2952 2446 στράτευμα
3005 2376 3060 2435 ἐς
3117 2372 3178 2424 τὸ
3231 2367 3522 2436 Ῥωμαίων
3573 2366 3704 2430 ἀφιι

2111 2483 2324 2534 κνεῖται
2357 2471 2750 2545 στρατόπεδον.
2785 2467 3055 2527 Βασιλεὺς
3087 2464 3144 2516 δὲ
3177 2461 3427 2531 εὐμενῶς
3459 2475 3519 2510 τε
3551 2455 3704 2528 αὐτῷ

2111 2567 2463 2641 προσηνέχθη
2497 2565 2592 2618 καὶ
2621 2562 2691 2616 τὰ
2723 2561 2912 2613 εἰκότα
2942 2556 3263 2624 τετίμηκεν.
3341 2550 3481 2604 Ἀλλ’
3524 2549 3705 2641 ἔοικεν

2113 2639 2420 2717 ἀκολάστου
2445 2656 2701 2724 γλώσσης
2736 2652 2904 2721 μηδὲν
2939 2649 3149 2716 αἴσχιον
3177 2641 3320 2696 εἶναι
3355 2642 3549 2696 κακόν.
3571 2639 3706 2692 Aeci

2112 2759 2245 2826 γὰρ,
2277 2749 2468 2821 ἐπειδὴ
2517 2747 2682 2819 μηδὲν
2711 2746 2771 2811 ἐξ
2803 2741 3063 2802 ἀϐουλίας
3097 2736 3246 2806 αὐτῷ
3294 2737 3394 2802 τῆς
3433 2733 3707 2826 προτέρας

2115 2824 2433 2916 ξυνενεχθὲν
2464 2842 2607 2910 έγνω
2638 2837 2836 2898 κακὸν,
2870 2831 3082 2903 ὲπῆρτό
3110 2848 3168 2883 τε
3201 2829 3300 2895 τὴν
3337 2826 3581 2880 διάνοιαν
3605 2824 3709 2916 καὶ

2118 2913 2731 3010 μείζω-κακουργήσειν
2761 2927 2794 2996 ἢ
2822 2925 3086 2994 πρότερον
3126 2922 3189 2982 ὲς
3242 2916 3570 3010 ῬωμαίουςΔ
3597 2913 3710 3010 διε-

2115 3005 2318 3081 νοεῖτο·
2350 3021 2461 3094 εἶχε
2491 3023 2549 3076 δὲ
2579 3023 2729 3090 ὅμως
2761 3020 2819 3071 ἐν
2849 3014 3157 3085 ἀπορρήτῳ
3181 3011 3242 3063 τὸ
3271 3008 3528 3076 σκέμμας
3550 3005 3711 3056 Οὕτω

2119 3115 2532 3186 φιλανθρωπίας
2558 3110 2812 3169 ὑπόθεσις
2842 3108 2956 3168 τοῖς
2989 3105 3097 3157 τῶν
3119 3101 3424 3172 ἀνθρώπων
3469 3111 3710 3186 πονηρα-

2042 3177 2084 3234 c
2117 3177 2433 3271 τάτοιςλῦλη
2461 3199 2725 3270 μειζόνων
2754 3192 3115 3264 ἀδικημάτων
3159 3189 3234 3250 ὡς
3279 3187 3348 3238 τὰ
3405 3184 3576 3236 πολλὰ
3622 3183 3710 3248 γί-

2119 3299 2308 3356 νεσθαι
2339 3296 2551 3350 εἴωθεν.
2584 3286 2761 3346 Ἧκον
2797 3289 2896 3360 μὲν
2929 3288 3041 3356 γὰρ
3081 3283 3246 3351 ὀλίγῳ
3289 3281 3519 3348 ’ὕστερον
3569 3276 3711 3342 πρέ.

2122 3394 2273 3454 σὸεις
2302 3393 2358 3453 ἐς
2394 3386 2620 3459 βασιλέα
2654 3383 2807 3455 παρὰ
2848 3378 2942 3433 τοῦ
2980 3377 3224 3431 Παιόνων
3275 3373 3500 3434 έθνους’
3568 3370 3596 3421 ὁ
3652 3369 3709 3421 δὲ

2121 3486 2401 3541 κατάτινα
2448 3480 2620 3550 τύχην
2681 3477 2874 3537 αὐτοῖς
2914 3469 3329 3535 συναντώμενος
3378 3467 3482 3534 ὅπη
3529 3479 3586 3514 τε
3640 3463 3712 3513 τὰ

2121 3581 2243 3632 κατ’
2306 3575 2472 3628 αὐτὸν
2535 3573 2652 3642 ἔχοι
2696 3568 2834 3638 πρὸς
2883 3564 3064 3618 αὐτῶν
3111 3557 3488 3629 ἠρωτημένος,
3521 3555 3713 3622 ὥσπερ

2122 3672 2244 3732 ἔθος
2282 3668 2448 3729 ἐστὶν,
2480 3659 2967 3734 ἀπαρακαλύπτως
3001 3655 3205 3724 ἔφησεν
3241 3651 3317 3712 ὡς
3372 3646 3555 3709 καλῶς
3615 3646 3713 3698 καὶ

2121 3768 2220 3835 τῆς
2264 3762 2403 3833 πρὸς
2433 3757 2596 3814 αὐτὸν
2631 3755 2869 3820 ἐπαξίως
2889 3751 2982 3804 τοῦ
3023 3750 3172 3818 σφῶν
3208 3745 3374 3817 pm;
3403 3742 3713 3835 εὐμενείας,

2125 3834 2311 3923 κύριον
2342 3849 2504 3906 αὑτὸν
2524 3845 2800 3916 διαφανῶς
2822 3841 3120 3911 ὀνομάσας.
3175 3836 3362 3890 Ταῦτα
3407 3834 3713 3901 πυθόμενος

2127 3944 2379 4017 βασιλεὺς
2409 3939 2592 3994 οὐκέτι
2628 3937 2844 4008 μέλλειν
2877 3935 3039 4002 ἔγνω.
3069 3932 3164 3984 καὶ
3205 3929 3386 3982 τοίνυν
3423 3927 3515 3978 ἐπὶ
3552 3925 3712 3993 δίκην

2125 4039 2367 4099 καλέσας
2395 4034 2580 4098 αὐτὸν,
2615 4030 2915 4101 ἐπειδήπερ
2943 4026 3188 4096 ἐκράτει,
3225 4023 3336 4075 τῶν
3391 4021 3715 4085 κατηγόρων

2125 4130 2275 4201 αὐτῷ
2333 4129 2429 4184 καὶ
2483 4125 2805 4179 συνειδότων
2863 4119 3008 4173 κατά
3055 4118 3353 4187 πρόσωπον
3404 4110 3716 4178 ἱσταμένων

2126 4225 2226 4296 ἤδη
2261 4222 2355 4275 καὶ
2382 4217 2781 4287 θεατριζόντων
2827 4213 2904 4283 τῷ
2949 4209 3222 4278 ἀνθρώπῳ
3280 4206 3380 4273 τὴν
3429 4202 3718 4266 ἀπιστίαν,

2127 4289 2247 4362 τότε
2282 4309 2380 4376 μὲν
2413 4309 2470 4358 ὲν
2501 4303 2579 4374 τῷ
2609 4303 2843 4370 ἀσφαλεῖ
2874 4299 2983 4370 (67)
3025 4299 3088 4350 οὐ
3121 4297 3218 4348 σὺν
3273 4293 3472 4363 ἀτιμίᾳ
3523 4289 3717 4343 τοῦτον

2128 4406 2256 4474 ἔσχε
2283 4418 2301 4436 ο
2334 4401 2572 4470 ταφριίᾳ.
2604 4397 2715 4466 γὰρ
2739 4395 2834 4466 τὴν
2860 4393 3065 4463 σκηνὴν
3095 4390 3244 4459 αὐτῷ
3273 4385 3546 4456 περισχὼν
3574 4384 3720 4435 κατὰ

2126 4496 2217 4548 τὸ]
2254 4496 2312 4547 ἐν
2338 4496 2450 4555 τοῖς
2483 4489 2848 4561 χαρακώμασι
2888 4487 3051 4554 νόμον
3074 4484 3282 4551 ἐτήρει,
3316 4480 3391 4541 ώς
3435 4475 3528 4529 ἀπ’
3570 4475 3716 4527 ὲκεί-

2125 4599 2217 4634 νου
2239 4579 2427 4633 λοιπὸν
2458 4578 2592 4630 Δεσὲ
2621 4576 2840 4646 χάρακα
2866 4574 2959 4625 τὸν
2993 4571 3158 4622 τόπον
3189 4566 3561 4634 ὀνομαπθῆναι
3596 4561 3719 4632 (οὖ-

2126 4688 2204 4740 τῳ
2225 4669 2334 4740 γὰρ
2385 4667 2484 4733 τὴν
2534 4665 2799 4733 ταφρείαν
2846 4659 3204 4723 ίδιωτίζοντες
3256 4653 3617 4725 ὀνομάζουσιν
3663 4652 3717 4704 oi.

2125 4761 2357 4829 πολλοί)ο
2384 4759 2554 4827 ὀλίγῳ
2581 4758 2626 4811 δ’
2663 4756 2893 4825 ὕστερον
2937 4755 2996 4813 ἐς
3028 4752 3322 4816 Βυζάντιον
3363 4749 3585 4816 πέμψας
3616 4745 3717 4811 ἓμο

2126 4863 2363 4917 φρουρον
2393 4847 2464 4899 ἐν·
2480 4843 2726 4910 παλατίῳ
2759 4843 3160 4909 κατεστήσατο.
3204 4840 3396 4891 Ταῦτα
3451 4836 3548 4904 μὲν
3584 4834 3717 4904 τῇδε

2125 4942 2364 5008 ἐγένετο,
2411 4936 2669 5007 βασιλεὺς
2693 4935 2750 4987 δὲ
2781 4939 2894 4998 τοῖς
2922 4935 2987 4985 ἐκ
3009 4933 3118 4984 τῶν
3153 4931 3403 4984 Παιάνιον
3447 4924 3719 4996 ἀφικομέ-

2133 5049 2247 5094 νοις
2274 5032 2630 5102 χρηματίσας
2663 5027 2982 5099 πρέσϐεσιν,
3014 5023 3202 5094 ἐπειδὴ
3230 5023 3394 5093 μηδὲν
3426 5019 3578 5088 ὑγιὲς
3619 5017 3721 5068 αὐ-

2135 5125 2266 5184 τοὺς
2294 5120 2744 5188 ἀπαγγέλλοντας
2791 5118 2954 5186 ἔγνω,
2990 5117 3242 5170 ἐκέλευεν
3283 5111 3556 5178 εὐθυωρὸν
3619 5105 3716 5158 τοῖο

2150 5213 2458 5281 Ῥωμαῖκοῦ
2487 5209 2902 5278 ἀπαλλαγέντας
2967 5206 3333 5280 στρατοπέδου
3395 5202 3492 5272 τὴν
3547 5198 3720 5268 αὐτὴν

2136 5304 2295 5370 αὖθις
2356 5303 2714 5375 πορεύεσθαι.
2768 5304 2830 5355 Oi
2889 5303 2986 5372 μὲν
3038 5297 3132 5355 οὖν
3194 5293 3601 5369 ἁπῄεσαν,ὁδὲ
3626 5291 3722 5341 ἐπὶ

2135 5400 2445 5471 Βελέγραδα
2477 5400 2635 5452 πόλιν
2669 5396 2838 5451 ἐλθὼν
2867 5396 3102 5449 ἐνταῦθα
3129 5394 3411 5464 ηὐλίσατο,
3436 5390 3523 5459 ἣν,
3544 5383 3722 5438 καθά-

2137 5509 2243 5562 περ
2281 5493 2514 5563 εἴρηται,
2548 5489 2850 5558 Ζεύγμινον
2873 5485 3117 5541 καθελὼν
3167 5487 3194 5539 ὁ
3250 5479 3536 5551 Ῥωμαίων
3577 5473 3720 5528 ἐδεί-

2817 5625 2843 5644 ν

1817 5660 1913 5718 Du
1948 5655 2168 5734 Cangii
2206 5658 2392 5712 nota).

535 5773 647 5846 (07)
687 5776 783 5832 Ἐν
805 5776 885 5844 τῷ
915 5778 1190 5847 ἀσφαλεῖ.
1231 5779 1433 5835 Bellum
1463 5781 1564 5834 hoc
1592 5777 1875 5833 Serricum
1905 5789 2011 5845 pro:

2114 5772 2250 5828 uitur
2272 5772 2437 5827 etiam
2491 5770 2736 5834 Nicetas,
2771 5768 2808 5822 l.
2837 5783 2909 5830 tv,
2947 5785 3000 5818 ιι.
3035 5766 3088 5819 ι.
