4014 6460
339 413 452 479 569

1613 428 2157 493 HISTORIARUM
2193 431 2344 494 LIB.
2382 432 2453 494 V.

3542 433 3652 498 570

343 531 448 580 καὶ
505 530 689 599 μέγας
742 531 912 604 ὀλίγῳ
963 531 1191 605 ὕστερον
1241 537 1585 609 ἐγρημάτισε
1642 540 1790 606 δοὺξ,
1839 538 1955 608 ἅμα

2065 534 2355 607 Ηυηιζθΐίιθ
2406 538 2539 594 ﬁnes
2586 541 2877 605 concessit,
2913 548 3077 612 atque
3130 540 3202 596 ibi
3250 542 3402 599 novis
3443 544 3649 598 coactis

342 623 749 692 στρατεύματι
781 624 1001 688 στείλας
1043 626 1320 698 Στέφανον
1365 630 1465 701 μὲν
1510 632 1800 703 ἀνήρπασε
1858 634 1952 686 τοῦ

341 714 645 781 κινδύνου,
678 719 707 771 6
738 718 796 771 δὲ
826 719 966 787 ἄρας
999 720 1065 774 ὲκ
1105 720 1353 776 Τιτελίου
1395 725 1561 779 παντὶ
1605 724 1685 795 τῷ
1736 726 1955 798 στρατῷ

338 810 711 880 προσωτέρω
736 811 958 883 ἐχώρει.
1009 811 1070 867 '0
1122 814 1232 885 γάρ
1278 833 1362 869 τοι
1406 817 1505 888 τῆς
1539 818 1718 888 ἀρχῆς
1762 819 1955 873 ἐπιϐα-

337 899 538 955 τεύων
573 902 870 971 Στέφανος,
903 904 1093 976 ἐπειδὴ
1129 907 1203 978 μὴ
1235 907 1295 973 ἐξ
1340 909 1640 963 ἀντιπάλου
1668 911 1954 979 δυνάμεως

336 987 425 1058 τῷ
460 987 685 1058 βασιλεῖ
713 992 1210 1065 συμπλακήσεσθαι
1232 990 1366 1065 εἶχε,
1388 997 1449 1049 τὸ
1484 997 1582 1066 μὲν
1611 997 1826 1068 πρῶτον
1858 1000 1954 1052 σὺν

335 1083 476 1145 ταῖς
521 1082 657 1154 περὶ
685 1082 846 1136 αὑτὸν
878 1084 1144 1156 δυνάμεσι
1186 1087 1313 1159 περί
1352 1106 1455 1141 που
1495 1089 1563 1142 τὰ
1607 1091 1708 1160 τῆς
1757 1079 1951 1143 06w:-

336 1171 462 1241 κῆς
528 1173 738 1244 ἔσχατα
792 1174 995 1247 ἐχώρει
1044 1193 1059 1208 ο
1108 1176 1300 1232 ἔπειτα
1357 1180 1688 1250 συμμάχους
1742 1182 1954 1235 ἐκεῖθεν

343 1265 716 1337 ἐπαγόμενος
752 1268 1063 1337 Ῥωμαίοις
1095 1271 1483 1338 ἀντιτάξεσθαι
1514 1274 1796 1343 ἠπείγετο.
1845 1275 1952 1328 Βα-

342 1359 550 1422 σιλεὺς
579 1359 657 1427 δὲ,
692 1360 789 1415 ἐπί
817 1377 936 1414 τινα
979 1361 1157 1432 χῶρον
1190 1364 1454 1436 Πετρίκον
1489 1364 1956 1437 (7ηζκαλούμενον

344 1450 728 1516 καταλαϐὼν,
785 1451 1027 1506 ἐνταῦθα
1084 1454 1344 1525 ἐσκήνου.
1408 1457 1567 1510 ’Ἐστι
1616 1457 1672 1510 δὲ
1708 1460 1735 1512 6
1774 1459 1954 1527 χῶρος

343 1538 522 1610 οὗτος
565 1547 666 1616 τῆς
692 1548 773 1610 είς
804 1547 904 1620 τὴν
942 1550 1209 1621 ἐνδοτέρω
1258 1552 1519 1605 Παιονίαν
1571 1552 1956 1622 παρελεύσεως

341 1636 489 1704 ὅρος
523 1638 553 1690 6
583 1638 824 1708 πρῶτος.
863 1639 1036 1693 Ἔνθα
1087 1639 1336 1709 γεγονὼς
1384 1643 1647 1713 Στεφάνῳ
1713 1643 1956 1714 ἔγραψεν

343 1721 804 1801 ὦδε-ι’Ἣκομεν,
832 1726 878 1786 ὦ
900 1731 1002 1804 ἐμὲ
1030 1735 1151 1801 παῖ,
1186 1734 1249 1788 οὐ
1279 1734 1519 1806 πόλεμον
1545 1734 1769 1800 Οὔννοις
1794 1721 1957 1803 ἄγονέ

347 1838 478 1885 τες,
518 1821 656 1876 ἀλλὰ
697 1823 837 1893 Βελᾷ
862 1841 922 1878 τε
956 1824 1178 1896 ἀδελφῷ
1215 1826 1296 1897 τῷ
1328 1826 1407 1897 σῷ
1450 1826 1551 1899 τὴν
1594 1827 1782 1898 χώραν
1821 1828 1955 1881 ἀνα-π

351 1913 699 1982 σωσόμενοι,
737 1917 803 1986 ἢν
836 1917 898 1969 οὐ
924 1917 1225 1989 δυναστείᾳ
1250 1920 1315 1989 τῇ
1345 1918 1503 1989 ήμῶν
1549 1920 1954 1990 παρασπάσαν-

346 2017 451 2064 τες
487 2004 734 2072 εἴχομεν,
790 2004 930 2057 ἀλλὰ
983 2005 1049 2059 σύ
1087 2023 1149 2060 τε
1210 2006 1345 2070 ἐδως
1377 2009 1472 2061 καὶ
1506 2007 1693 2077 πατὴρ
1720 2008 1748 2058 6
1790 2007 1952 2075 ὑμῶν

348 2095 552 2167 πολλῷ
582 2096 686 2168 ήδη
720 2096 1014 2168 πρότερον.
1048 2098 1157 2151 Καὶ
1186 2098 1463 2168 Στέφανον
1501 2099 1558 2153 δὲ
1592 2099 1684 2153 τὸν
1726 2098 1818 2153 σὺν
1859 2099 1952 2152 τοῦ

350 2189 620 2243 κινδύνου
651 2189 1072 2260 ὲξαιρησόμενοι
1112 2189 1280 2254 θεῖον,
1312 2190 1566 2260 γαμϐρὸν
1593 2191 1697 2262 ἤδη
1719 2191 1814 2272 καὶ
1850 2193 1951 2246 αὑ-

2060 630 2278 686 auxiliis
2313 629 2432 685 acie
2464 646 2586 685 cum
2620 629 2884 687 Romanis
2919 633 3202 689 decertare
3236 637 3445 689 statuit.
3472 635 3649 704 impe-

2060 732 2211 776 rator
2249 737 2380 777 vero
2423 730 2481 775 ut
2520 723 2584 775 ad
2627 723 2804 777 locum
2850 724 3138 793 quemdam
3184 729 3430 794 pervenit
3487 741 3644 795 quem

2060 810 2335 867 Petricum
2373 821 2593 879 vocant,
2626 825 2802 868 castra
2845 814 2917 867 ibi
2962 815 3162 882 posuit.
3197 815 3288 869 Est
3324 832 3450 871 vero
3496 819 3646 870 locus

2061 905 2164 961 iste
2193 906 2376 960 aditus
2414 907 2465 960 in
2500 907 2814 961 interiorem
2853 907 3182 978 llungariaut
3220 911 3426 976 primus
3463 910 3648 963 termi-

2062 1012 2187 1062 nus,
2208 1011 2317 1067 quo
2346 1013 2467 1050 cum
2497 998 2854 1066 pervenisset,
2877 999 3020 1053 hunc
3045 998 3096 1051 in
3126 999 3338 1051 modum
3371 999 3646 1065 Stephano

2060 1088 2340 1158 rescripsit
2372 1106 2386 1142 :
2417 1108 2436 1139 ι
2477 1087 2594 1141 Non
2633 1089 2696 1140 ari
2735 1089 3074 1141 inferendum
3116 1087 3384 1157 "nugaris
3424 1089 3646 1153 bellum,
3748 1140 3749 1143 η

2058 1177 2147 1237 ﬁli
2174 1182 2269 1244 mi,
2302 1180 2568 1242 venimus,
2600 1180 2696 1235 sed
2733 1191 2785 1232 ut
2820 1178 2959 1233 Bt‘iil’.
2992 1181 3143 1234 fratri
3186 1189 3282 1235 tuo
3347 1184 3649 1248 possessio-

2061 1288 2182 1328 nem
2218 1274 2594 1338 restituamus,
2629 1289 2791 1341 quam
2827 1289 2857 1327 a
2894 1273 3267 1328 dominatione
3303 1286 3388 1327 tua
3426 1274 3650 1328 minime

2060 1366 2420 1431 abstulimus,
2454 1366 2546 1420 sed
2589 1382 2753 1436 quam
2793 1378 2846 1419 tu
2886 1368 3001 1436 ipse
3037 1374 3296 1436 paterque
3329 1378 3506 1420 vester
3534 1366 3647 1435 jam

2061 1458 2268 1527 pridem
2305 1459 2658 1514 concessistis
2691 1476 2704 1513 :
2740 1470 2905 1527 atque
2939 1460 3076 1512 adeo
3111 1461 3275 1513 etiam
3313 1471 3370 1511 ut
3399 1468 3647 1528 patrttuttt

2066 1560 2215 1605 tttttm
2251 1550 2588 1620 Stephanum
2618 1549 2921 1620 maiestatis
2948 1558 3147 1604 nostrm
3169 1549 3381 1604 aliiuem
3410 1550 3650 1618 periculo

2064 1643 2231 1714 218
2259 1644 2585 1699 eximamus.
2618 1641 2674 1696 Si
2714 1643 2897 1713 igitur,
2928 1652 2979 1696 te
3008 1642 3170 1695 etiam
3203 1643 3435 1706 volente,
3466 1641 3648 1696 Belam

2061 1752 2324 1805 generum
2366 1745 2612 1790 nostrum
2654 1730 2775 1791 esse
2812 1736 3072 1806 contigit,
3100 1737 3244 1805 quod
3289 1744 3341 1788 et
3384 1745 3438 1788 ιιι
3480 1734 3651 1804 pactis

2062 1827 2194 1898 ipsis
2230 1827 2481 1894 ﬁrmasti,
2509 1842 2610 1883 cur
2640 1812 2751 1882 non
2791 1826 3001 1882 reddita
3045 1828 3095 1884 ei
3141 1842 3234 1881 sua
3280 1826 3647 1895 possrssione,

2066 1929 2249 1973 ucstra
2292 1919 2479 1988 p0tius
2509 1916 2710 1972 frueris
2745 1918 3010 1973 societate
3045 1926 3100 1973 ct
3135 1916 3542 1972 benevolentia?
3589 1917 3646 1971 Si

2065 2027 2194 2068 vero
2230 2012 2693 2069 necessitudinem
2730 2022 2784 2066 et
2817 2012 3130 2067 aﬂitiitatem
3167 2012 3402 2080 respuis,
3436 2010 3652 2079 aliaque

2067 2104 2225 2157 modo
2263 2107 2332 2159 de
2363 2105 2430 2159 iis
2466 2105 2560 2159 tibi
2596 2120 2749 2158 mens
2784 2114 2893 2167 est;
2929 2105 3072 2158 scias
3104 2103 3257 2170 longe
3290 2117 3387 2156 nos
3418 2101 3650 2167 amplius

2062 2194 2129 2244 ah
2164 2209 2228 2247 eo
2264 2194 2473 2258 abesse,
2506 2205 2563 2245 ιιι
2594 2194 2699 2245 vim
2737 2190 3108 2246 nobisinferri
3143 2194 3438 2258 patiamur.
3477 2208 3495 2240 ι

346 2286 455 2339 τὸν
482 2284 677 2355 κράτει
712 2287 979 2354 γεγονότα
1030 2285 1107 2355 τῷ
1148 2286 1326 2357 ἡμῶν.
1380 2288 1441 2340 El
1487 2284 1801 2357 βουλομένῳ
1850 2303 1934 2339 σοι
1971 2286 2154 2339 τοίνυν
2185 2289 2302 2340 ἐστὶ
2369 2287 2623 2358 γαμϐρὸν
2667 2288 2801 2357 ἡμῖν
2849 2286 2944 2339 καὶ
2991 2285 3165 2340 Βελᾶν
3222 2285 3467 2348 ἔσεσθαι,
3507 2285 3647 2353 ὅπερ

351 2380 468 2451 ἤδη
497 2381 594 2434 καὶ
618 2380 1025 2452 διωμολόγηται
1055 2400 1175 2449 σοι,
1203 2382 1257 2435 τί
1332 2384 1407 2453 μὴ
1447 2384 1544 2453 τὴν
1574 2382 1767 2453 χώραν
1832 2382 2074 2447 ἀποδοὺς
2138 2385 2238 2451 τῆς
2300 2385 2585 2456 ἡμετέρας
2626 2384 2821 2437 οᾶττον
2890 2384 3184 2455 ἀπαλάσσῃ
3213 2381 3436 2450 ξενία;;
3481 2382 3539 2435 Ei
3587 2382 3648 2435 δὲ

351 2475 426 2525 τὸ
455 2474 620 2542 κῆδος
651 2474 1064 2546 ἀποπροσποιῇ,
1097 2475 1190 2528 καί
1239 2493 1323 2530 σοι
1352 2475 1518 2548 ἔτερα
1558 2479 1690 2549 περὶ
1732 2475 1929 2530 τούτου
1969 2476 2139 2543 δοκεῖ,
2176 2478 2285 2531 ἴσθι
2316 2478 2393 2541 ὡς
2419 2478 2517 2531 τοῦ
2551 2477 2847 2548 βιάσασθαί
2874 2496 2933 2532 σε
2991 2477 3177 2550 πολλῷ
3227 2478 3392 2548 ἡμεῖς
3449 2475 3651 2547 ἀπεχό-

358 2566 512 2637 μεθα
541 2566 672 2636 μᾶλλ
685 2583 765 2620 ον.
807 2585 827 2619 ι

439 2660 508 2724 ζ’.
550 2660 819 2722 Βασιλεὺς
847 2660 944 2730 μὲν
974 2659 1150 2715 ταῦτα
1176 2661 1438 2733 ἔγραψεν.
1477 2663 1536 2716 '0
1559 2663 1618 2717 δὲ
1654 2662 1824 2735 ἄλλην
1858 2681 1943 2728 τε,

360 2754 623 2823 καθάπερ
651 2753 891 2822 εἴρηται,
936 2752 1021 2824 [Ρ.
1062 2754 1184 2824 127]
1234 2755 1527 2825 σύμμαχον
1570 2750 1732 2827 χεῖρα
1774 2755 1838 2810 ἐκ
1888 2771 1954 2809 τε

375 2844 705 2913 ’Δλαμανῶν
764 2848 857 2898 καὶ
918 2845 1028 2899 τῶν
1086 2847 1224 2916 πρδς
1278 2847 1358 2919 τῷ
1397 2846 1599 2919 Ταύρῳ
1650 2848 1955 2920 ἱδρυμένων

365 2940 690 3011 ἐπηγάγετο
720 2937 969 3002 Σκυθῶν,
999 2938 1097 2991 καὶ¹
1125 2938 1190 3009 δὴ
1244 2940 1338 2994 καὶ
1389 2939 1451 2993 τὸ
1493 2941 1718 3011 Τζέχων
1773 2939 1955 3011 ἑαυτῷ

367 3032 744 3103 συνεστήσατο
778 3031 955 3094 ἔθνος,
1008 3032 1102 3084 τοῦ
1149 3033 1208 3084 ὲν
1261 3030 1448 3100 σφίσιν
1497 3016 1763 3104 ἄρχοντος
1812 3049 1953 3087 παν-

370 3129 567 3195 στρατ“ι
599 3125 688 3177 ἐπ’
722 3124 886 3176 αὐτὸν
915 3123 1284 3194 ἀφικομένου.
1315 3119 1427 3177 Ἦν
1454 3123 1512 3177 δὲ
1537 3118 1697 3187 οὗτος
1749 3124 1778 3177 6
1809 3124 1956 3194 Κορ-

374 3222 520 3292 ράδῳ
579 3218 749 3274 πάλαι
793 3216 874 3287 τῷ
939 3216 1264 3286 Ἀλαμανῶν
1323 3216 1741 3288 συστρατεύσας
1801 3215 1951 3288 ρηγὶ,

2135 2659 2189 2715 7.
2220 2656 2382 2716 Istius
2426 2660 2675 2729 epistolae
2718 2661 2988 2715 sententia
3036 2662 3150 2715 Itast:
3195 2661 3312 2714 fuit.
3351 2659 3650 2729 Imperator

2063 2762 2271 2817 autem,
2311 2752 2388 2806 ttti
2435 2753 2635 2806 dictum
2684 2761 2791 2818 est,
2830 2754 2968 2808 alias
3012 2753 3305 2808 auxiliares
3350 2753 3538 2822 COpias
3581 2767 3647 2806 ex
3720 2760 3725 2765 “

2060 2842 2383 2908 Alemannis
2417 2852 2473 2898 et
2500 2841 2743 2896 Taurum
2781 2844 3152 2898 accolentibus
3188 2844 3406 2913 Scythis
3441 2842 3648 2897 conﬂa-

2066 2943 2150 2990 tas
2206 2934 2435 2989 adduxit
2480 2951 2496 2988 :
2545 2932 2887 2989 Tzecborum
2940 2948 3201 3003 pt'a'lerea
3255 2936 3356 2989 sibi
3408 2934 3653 3005 atljuuxit

2063 3026 2369 3088 nationem,
2397 3040 2629 3091 quorum
2660 3027 2914 3096 princeps
2945 3027 3010 3079 ad
3042 3043 3164 3079 eum
3194 3028 3342 3082 venit
3370 3043 3493 3082 cum
3529 3028 3654 3081 uni-

2063 3132 2222 3173 verso
2268 3119 2539 3171 exercitu.
2578 3117 2709 3173 Erat
2750 3129 2934 3172 autem
2984 3119 3049 3182 is,
3084 3121 3176 3187 qui
3224 3119 3476 3174 Conrado
3520 3120 3654 3173 Ale-

2064 3224 2393 3264 mannorum
2430 3210 2538 3278 regi
2578 3210 2788 3278 pridem
2823 3210 3177 3273 militaverat,
3207 3227 3328 3264 cum
3362 3211 3414 3265 in
3445 3212 3651 3277 Asiam,

369 3313 630 3381 ὁπηνίκα,
666 3311 856 3380 ὥσπερ
898 3325 989 3379 μοι
1017 3308 1360 3379 δεδιήγηται,
1390 3309 1488 3362 ἐπὶ
1535 3309 1723 3363 Ἀσίαν
1748 3310 1955 3372 ἐκεῖνος

2065 3301 2524 3373 quemadmodum
2597 3303 3182 3369 commemoravimus,
3246 3303 3334 3357 ille
3403 3303 3651 3372 trajecit,

370 3404 674 3464 ἐστέλλετο.
707 3401 811 3473 ρήξ
841 3418 901 3454 τε
930 3401 1021 3454 διὰ
1053 3401 1231 3454 ταῦτα
1255 3398 1354 3452 ὑπ’
1376 3399 1595 3453 ἐκείνου
1632 3400 1952 3471 γενόμενος.

374 3499 570 3553 Καίτοι
599 3497 906 3567 ἐψεύσαντο
932 3494 1123 3562 ἄμφω,
1168 3494 1196 3545 ὁ
1227 3493 1327 3559 μὲν
1374 3493 1473 3563 τὴν
1502 3493 1724 3563 κλῆσιν,
1759 3494 1953 3564 ἅτερος

368 3590 425 3645 δὲ
451 3591 552 3661 τὴν
577 3577 740 3660 χάριν
770 3589 797 3637 ό
825 3585 1025 3648 διδούς.
1055 3586 1284 3655 Μακρδς
1314 3584 1425 3655 γὰρ
1449 3586 1562 3653 (78)
1591 3585 1650 3649 ἐξ
1674 3578 1734 3637 οὗ
1762 3586 1957 3655 χρόνος

369 3683 430 3736 τὸ
453 3682 551 3752 τῆς
585 3679 867 3749 βασιλείας
896 3676 1071 3747 ὖνομα
1102 3680 1160 3730 ἐν
1203 3677 1392 3748 Ῥώμῃ
1423 3678 1699 3744 ἀπώλετο,
1731 3676 1793 3743 ἐξ
1832 3679 1956 3730 ὅτου

376 3775 517 3845 μετά
554 3772 897 3842 Αὔγουστον,
927 3771 987 3824 ὃν
1017 3772 1113 3825 καὶ
1143 3770 1561 3839 Αύγουστοῦλον
1607 3771 1840 3825 ἐκάλουν
1896 3771 1959 3825 τὸ

370 3869 472 3937 τῆς
497 3865 712 3937 ἡλικίας
744 3863 1116 3932 αἰνιττόμενοι
1146 3862 1267 3916 νέον
1297 3861 1420 3914 καθ’
1448 3861 1516 3933 ἢν
1542 3862 1840 3916 ἐπελάϐετο
1861 3862 1959 3933 τῆς

372 3960 576 4029 ἀρχῆς,
643 3958 740 4008 ἐπὶ
801 3954 1100 4023 Ὀδόακρον
1146 3957 1241 4008 καὶ
1294 3953 1627 4027 Θευδέριχον
1685 3956 1815 4025 ἑξῆς
1867 3957 1960 4009 τὸν

373 4053 585 4108 Γότοων
617 4048 861 4120 ἡγεμόνα
903 4050 1208 4119 τυράννους
1266 4048 1437 4118 ἄμφω
1489 4048 1693 4119 μετέϐη
1748 4050 1818 4101 τὰ
1859 4049 1960 4119 τῆς

372 4146 694 4217 ἡγεμονίας.
753 4139 894 4208 Ῥὴξ
940 4142 1050 4209 γὰρ
1085 4140 1408 4210 Θευδέριχος
1457 4142 1549 4192 καὶ
1599 4142 1657 4191 ού
1703 4140 1958 4209 βασιλεὺς

371 4243 558 4296 διεϐίω
605 4237 968 4304 καλούμενος,
1017 4234 1273 4302 καθάπερ
1352 4234 1661 4304 Προκόπιος
1733 4233 1957 4302 ίττορεῖ.

386 4333 577 4403 Ῥώμη
607 4331 800 4401 μέντοι
831 4328 939 4381 ἀπὸ
967 4326 1297 4397 Θευδερίχου
1342 4327 1437 4378 καὶ
1472 4327 1639 4396 ὀλίγῳ
1694 4328 1961 4394 πρότερον

373 4427 505 4495 ἄχρι
537 4427 633 4477 καὶ
662 4423 759 4475 νῦν
786 4420 1192 4488 στασιαζομὲνη
1225 4419 1532 4486 διαγέγονε,
1560 4418 1823 4481 πολλάκις
1861 4416 1961 4488 μὲν

373 4517 510 4585 ’πρὸς
538 4512 861 4580 Βελισαρίου
890 4511 985 4563 καὶ
1025 4506 1249 4578 Ναρσοῦ
1289 4507 1400 4560 τῶν
1442 4506 1736 4577 Ῥωμαίων
1787 4524 1959 4578 στρα-

372 4605 556 4674 τηγῶν
582 4600 675 4653 ἐπὶ
697 4599 807 4652 τῶν
852 4595 1238 4651 Ἰουστινιανοῦ
1267 4593 1565 4664 Ῥωμαίοις
1609 4595 1960 4649 ἀνασωθεῖσα

373 4697 607 4767 χρόνων,
641 4692 800 4754 αὖθις
831 4690 888 4744 δὲ
921 4688 1076 4742 οὐδὲν
1106 4681 1272 4759 ἦττον
1323 4687 1612 4755 τυράννοις
1659 4686 1959 4757 βαρϐάροις

375 4786 799 4850 δουλεύουσα,ὀῖ
827 4785 923 4837 καὶ
959 4783 1126 4853 ρἧες
1153 4779 1296 4834 κατά
1320 4779 1645 4850 Θευδερίχου
1662 4779 1772 4832 ,τοῦ
1810 4780 1961 4851 πρώ-

378 4901 472 4936 του
501 4884 598 4935 καὶ
632 4879 802 4951 ρηγὸς
846 4877 963 4947 ἆμα
993 4876 1089 4927 καὶ
1126 4876 1394 4944 τυράννου
1434 4873 1734 4941 κέκληνται
1773 4872 1957 4945 ζῆλον.

380 4968 476 5036 υἷς
503 4972 561 5024 δὲ
596 4969 672 5040 μὴ
702 4967 799 5021 τοῦ
831 4968 929 5036 τῆς
965 4964 1247 5034 βασιλείας
1282 4966 1540 5035 μέτεστιν
1574 4963 1766 5033 ὕψους,
1794 4965 1960 5018 πόθεν

380 5057 528 5118 οὗτοι
566 5060 798 5131 τηλίκας
830 5057 1300 5129 προϐεϐλήσονται
1345 5056 1542 5124 ἀργὰς,
1596 5054 1679 5120 αἳ,
1703 5056 1956 5127 καθάπερ

381 5152 480 5225 ήδη
505 5151 669 5222 ἔφην,
695 5143 807 5201 οἷόν
832 5164 978 5210 τινες
1002 5146 1297 5215 διαιρέσεις
1333 5148 1398 5198 ἐκ
1419 5145 1514 5199 τοῦ
1543 5147 1641 5216 τῆς
1675 5148 1958 5217 βασιλείας

379 5245 663 5301 καθίενται
691 5243 965 5315 κράτου;;
996 5240 1124 5303 Τοῖς
1173 5240 1229 5293 δὲ
1275 5240 1376 5292 οῦκ
1421 5239 1643 5310 ἀπόχρη
1684 5240 1870 5310 μόνον,
1910 5244 1957 5293 εί

2058 3409 2287 3462 eamque
2328 3393 2398 3449 ob
2431 3407 2654 3450 causam
2690 3410 2787 3449 rex
2821 3396 2890 3450 ab
2927 3412 2994 3451 eo
3029 3404 3113 3450 est
3146 3397 3511 3451 renuntiatus.
3545 3396 3651 3452 Sed

2061 3496 2290 3556 uterque
2335 3487 2577 3542 vicissim
2624 3488 2791 3542 falsus
2841 3500 2958 3555 est,
2991 3496 3046 3544 et
3088 3489 3180 3558 qui
3228 3489 3649 3558 appellationem

2061 3582 2266 3649 regiam
2306 3581 2536 3651 recepit,
2571 3591 2619 3636 et
2659 3582 2798 3635 alter
2828 3583 2919 3653 qui
2959 3598 3158 3638 munus
3193 3583 3473 3652 impertiit.
3504 3581 3651 3637 Jam-

2063 3674 2266 3727 dm‘um
2312 3673 2459 3728 enim
2508 3674 2925 3742 imperatorium
2972 3691 3169 3728 nomen
3210 3674 3398 3729 Boium
3440 3675 3651 3729 exsult-

2065 3776 2211 3819 ctmu
2245 3775 2385 3834 erat,
2408 3782 2473 3821 ex
2504 3782 2611 3836 quo
2638 3768 2704 3822 ah
2730 3770 2974 3838 Augusto
3004 3767 3184 3840 (quem
3214 3777 3268 3822 et
3295 3768 3649 3839 Augustulum

2064 3859 2357 3925 vocabant,
2393 3870 2608 3915 artatem
2659 3861 2778 3928 ejus
2826 3871 3088 3923 teneram,
3126 3861 3179 3915 iu
3219 3877 3321 3927 qua
3367 3860 3650 3928 occupavit

2062 3948 2390 4018 imperium,
2423 3949 2819 4021 signiﬁcantes)
2856 3950 2909 4004 in
2955 3950 3262 4006 Odoaermu
3309 3959 3363 4006 et
3403 3948 3649 4005 Theodo-

2063 4040 2235 4094 ricum
2293 4042 2552 4111 deinceps
2605 4039 2910 4095 Gothorum
2964 4043 3298 4112 principem.
3363 4056 3654 4112 tyranuum

2064 4145 2382 4200 utrumque,
2419 4133 2711 4186 translatus
2763 4145 2846 4185 est
2893 4132 3253 4203 principatus.
3295 4134 3455 4201 ltegis
3501 4135 3652 4188 enim

2067 4225 2317 4287 nomine,
2357 4238 2464 4276 non
2519 4223 2901 4292 imperatoris,
2938 4225 3116 4292 quoad
3164 4225 3331 4289 vixit,
3367 4225 3655 4294 insignitus-

2064 4313 2167 4368 fuit
2194 4313 2595 4378 Theodericus,
2624 4323 2679 4368 ut
2708 4314 2901 4368 scribit
2930 4316 3250 4386 Procopius.
3285 4316 3401 4387 Ipsa
3434 4317 3650 4386 quidem

2065 4403 2235 4459 Roma
2284 4419 2316 4459 a
2361 4402 2684 4461 Theoderici
2731 4406 3077 4479 temporibus
3120 4417 3177 4463 et
3224 4408 3386 4478 paulo
3426 4419 3556 4464 ante
3600 4410 3658 4463 in

2066 4502 2209 4555 hunc
2243 4517 2414 4570 usque
2444 4502 2589 4556 diem
2623 4517 2649 4554 a
2688 4512 2885 4560 caetero
2920 4505 3151 4573 imperio
3185 4505 3393 4569 divulsa
3432 4504 3653 4559 mansit.

2066 4597 2330 4671 Licetque
2375 4617 2405 4655 a
2451 4600 2717 4655 Belisario
2758 4606 2813 4655 e’t
2860 4601 3055 4666 Narse,
3097 4600 3326 4655 ducibus
3367 4599 3653 4663 Romanis,

2068 4693 2169 4748 sub
2193 4691 2504 4751 Iustiniano
2539 4707 2858 4765 recuperata
2885 4694 3054 4766 219
3081 4694 3268 4760 fuerit,
3296 4693 3651 4763 Romanoque

2069 4798 2283 4842 asserta
2337 4789 2565 4858 imperio
2611 4807 2624 4842 :
2678 4805 2900 4845 rursum
2953 4796 3136 4843 tamen
3189 4789 3242 4842 in
3297 4799 3666 4859 tyrannorum

2069 4876 2443 4933 Barbarorum
2504 4880 2825 4934 servitutem
2888 4878 3127 4941 decidit,
3180 4879 3271 4947 qui
3327 4878 3665 4934 'l'heodoricii

2069 4968 2225 5038 primi
2265 4968 2408 5035 regis
2450 4971 2671 5039 perinde
2704 4985 2769 5024 ac
2810 4969 3025 5040 tyranni
3070 4967 3320 5038 exemplo
3363 4983 3516 5039 reges
3558 4981 3663 5034 ονε.

2065 5060 2358 5130 pellantur.
2385 5060 2489 5127 Qui
2521 5062 2687 5128 igitur
2717 5061 2833 5115 ﬁeri
2872 5069 3071 5131 potest,
3100 5069 3160 5116 ut
3186 5061 3277 5129 qui
3315 5059 3649 5128 imperatorii

2067 5154 2324 5208 culminis
2381 5170 2488 5207 non
2550 5159 2680 5209 situt
2738 5155 3066 5224 participes,
3120 5160 3299 5207 tantas
3360 5151 3650 5217 tiigttilales

2064 5245 2318 5300 conferre
2353 5248 2590 5317 possint,
2615 5263 2738 5318 qua:
2773 5257 2833 5302 ut
2861 5249 2973 5319 jam
3007 5246 3283 5307 diximus.
3315 5244 3385 5299 ab
3419 5244 3645 5310 impera-

1734 5384 1836 5445 Du
1867 5385 2086 5461 tﬁaugii
2118 5395 2311 5448 notae.

447 5520 561 5592 (77)
593 5514 1095 5592 Hetplxoy._Forle
1132 5509 1400 5592 ξεινοιυαι·
1441 5508 1774 5592 εειι-Ρέεινςῖ
1788 5511 1953 5567 Vala-

379 5581 494 5661 din,
516 5581 797 5661 oppidum.
832 5584 1133 5661 Sclavuniae
1151 5581 1399 5661 Savianx
1420 5582 1653 5635 validum
1670 5583 1735 5661 ad
1760 5582 1957 5636 Istrum

380 5634 982 5716 ﬁlii’aiiii'é"§i'é"eiiii.i
1012 5634 1213 5707 dictum
1258 5634 1499 5716 volunt,
1528 5634 1956 5722 quasicastruui

378 5748 443 5784 ex
498 5732 670 5800 petris
705 5744 809 5800 seu
849 5722 1473 5800 lapiilihtt§_eon!ectun1.

402 5838 403 5841 η
453 5790 568 5872 (7'3)
618 5799 859 5872 Μακρὸς
897 5790 1031 5866 γάρ.
1081 5792 1171 5846 Sic
1227 5790 1458 5847 Graeculi
1515 5790 1822 5872 scriptores
1853 5793 1957 5847 itu-

385 5886 416 5942 p
455 5863 670 5927 ratoriae
717 5863 1142 5924 Alamannorum
1187 5873 1243 5920 et
1270 5877 1605 5920 summorum
1640 5863 1952 5934 pontiﬁcum

2062 5515 2333 5582 primaria?
2360 5512 2413 5566 in
2432 5512 2671 5567 Ecclesia
2705 5511 2953 5582 dignitati
2984 5509 3647 5582 solentLol)latrare._fros

2069 5578 2289 5651 Semper
2324 5588 2474 5651 auxit
2505 5585 2573 5635 ah
2605 5583 2673 5637 iis
2706 5578 3031 5636 translatum
3067 5595 3097 5633 a
3152 5579 3358 5636 Graecis
3388 5583 3439 5632 in
3475 5578 3645 5634 Fran-

2066 5650 2203 5720 cos,’
2238 5654 2307 5708 ab
2337 5650 2562 5707 Oriente
2600 5653 2653 5706 iu
2694 5652 3069 5717 Occidentem,
3112 5651 3476 5715 imperatoriae
3502 5666 3627 5720 una

2059 5719 2277 5789 jestatis
2326 5725 2563 5777 culmen.
2624 5722 2826 5777 Locum
2860 5720 3111 5788 Proc0pii
3149 5721 3339 5787 habes,
3373 5722 3408 5776 ι.
3438 5735 3453 5776 t
3482 5719 3646 5778 Goth.

2063 5791 2201 5851 Vide
2233 5795 2454 5850 dissert.
2483 5791 2573 5860 27,
2622 5795 2689 5849 ad
2741 5790 3050 5847 .loiuvillatn
3086 5807 3141 5863 p.
3176 5790 3305 5848 3w.
