4014 6404
434 340 540 407 583

434 448 723 510 confestim
766 443 1063 507 comparat.
1093 428 1335 486 Gnarum
1372 436 1501 478 vero
1531 416 1867 473 'I‘zechorum
1912 407 2019 459 lin-
2046 410 2090 463 Λ

434 506 553 618 qua:
579 525 1191 615 Romanumquemdirm
1224 520 1289 573 ad
1317 531 1374 570 se
1398 520 1554 567 vocat
1576 509 1733 618 eique
1785 506 2019 570 imperat

439 597 764 703 nummatis
807 599 1274 680 vestibrrs,Eastra
1319 606 1556 662 hostium
1598 597 1824 655 subiret,
1860 600 2022 657 atque

440 694 527 779 ubi
568 725 632 775 ad
669 718 812 785 regis
844 709 1184 767 Tzer-horum
1220 699 1457 756 venisset
1488 697 1867 758 conspectum,
1899 694 2020 734 eum

441 822 590 875 hisce
622 811 805 864 verbis
832 807 1235 872 alloquerctur:
1265 814 1283 847 ι
1321 792 1439 859 Quo
1470 788 1684 840 tandem
1716 775 2024 849 proficisce-

442 907 551 964 ris?
585 903 727 973 quod
764 901 867 954 iter
902 912 1023 952 cum
1063 890 1168 943 tuis
1201 882 1441 955 capessis
1484 872 1688 945 copiis?
1731 887 1799 924 an
1838 863 2027 919 nescis

445 1016 497 1057 Ie
525 1003 579 1055 in
612 1009 866 1062 magnum
897 990 1280 1055 impcratOrem
1309 989 1529 1032 manum
1562 972 1830 1023 intentar-
1858 956 2028 1011 tri-lle?

445 1110 569 1148 cum
604 1107 711 1159 quo
739 1088 824 1140 vel
854 1082 1018 1154 iustis
1050 1079 1117 1134 de
1148 1073 1327 1130 causis
1361 1068 1557 1121 bellum
1596 1073 1785 1130 gerere
1820 1053 2030 1124 pericu-

448 1189 623 1241 losum
653 1191 757 1241 est,
781 1178 975 1231 nedrrrn
1011 1186 1131 1227 cum
1162 1180 1247 1230 eo,
1273 1175 1433 1232 quem
1467 1153 1703 1225 lluugari
1736 1147 1824 1203 isti
1856 1141 2034 1211 despi-

450 1275 595 1332 catui
642 1271 863 1334 habent,
901 1267 994 1336 qui
1036 1275 1180 1322 eam,
1215 1270 1375 1326 quam
1420 1249 1560 1303 Belua
1606 1246 1658 1297 in
1704 1232 2034 1294 hzereditatis

454 1376 664 1440 partem
722 1360 1142 1416 concesserant,
1198 1343 1598 1418 possessionem
1664 1332 2033 1387 abstulerunt,

460 1423 820 1516 sacramentis
862 1465 960 1518 pro
1004 1447 1130 1498 ludo
1166 1443 1400 1511 jouoqne
1445 1429 1670 1486 habitis.
1706 1423 1813 1480 Sed
1864 1434 2037 1488 neque

458 1552 551 1622 qui
605 1561 726 1601 cum
774 1541 988 1613 privato
1038 1535 1255 1590 homine
1302 1527 1626 1598 paciscitur,
1668 1521 1930 1573 innocens
1973 1530 2037 1568 ex

464 1608 583 1710 lege
624 1608 924 1706 iudicatur,
960 1631 1004 1684 si
1052 1642 1174 1681 eum
1214 1624 1267 1677 in
1311 1628 1544 1674 ruenteru
1587 1613 1731 1666 venit
1774 1608 2041 1678 negligere

463 1742 615 1800 pacta
641 1729 787 1783 velit.
812 1729 890 1778 An
918 1736 1047 1775 vero
1074 1718 1162 1788 qui
1193 1724 1399 1768 tantum
1425 1711 1803 1777 imperatorem
1829 1697 2043 1755 violatis

464 1826 761 1883 iwderibus
786 1818 1125 1877 offenderunt
1155 1808 1414 1880 Hungari,
1440 1803 1732 1860 manebunt
1760 1794 2047 1867 iurpuniti?

465 1922 848 1989 Nequaquam;
879 1924 1058 1967 nonne
1085 1904 1469 1978 223justum
1496 1897 1631 1966 gerit
1658 1892 1852 1947 bellum
1882 1891 2051 1954 impc-

470 1981 655 2066 rator?
676 1981 739 2063 et
765 2007 830 2060 ad
857 2002 1124 2073 justitiam
1156 2009 1372 2065 semper
1402 1990 1523 2046 belli
1557 1987 1768 2041 fortuna
1805 1981 2048 2036 inclinat.

468 2105 549 2159 Tu
577 2117 704 2156 vero
729 2098 859 2154 illurl
889 2092 1161 2165 perpende
1194 2106 1209 2144 :
1238 2089 1442 2142 Servus
1467 2081 1685 2136 domino
1707 2076 1907 2131 bellrrrn
1938 2073 2056 2126 illa-

474 2213 629 2253 turus
662 2192 838 2255 venis,
873 2203 977 2243 non
1027 2196 1203 2239 tamen
1246 2193 1460 2240 servus,
1487 2175 1570 2228 cui
1610 2186 1707 2242 per
1738 2168 1842 2222 vim
1882 2167 2056 2233 impu-

472 2293 574 2344 sita
623 2296 709 2343 est
754 2282 986 2339 servitus
1036 2276 1150 2345 (sic
1196 2275 1341 2330 enim
1393 2269 1635 2340 profecto
1684 2277 1771 2317 res
1822 2259 2057 2324 aliquam

480 2380 749 2436 rationem
783 2375 1030 2436 haberet,
1060 2366 1324 2437 siquidem
1356 2361 1447 2431 qui
1483 2358 1707 2413 iuvitarrr
1744 2349 2057 2406 servitutem

483 2469 732 2527 serviunt
763 2462 1085 2519 naturaliter
1114 2476 1142 2510 a
1176 2454 1412 2511 dominis
1444 2446 1784 2516 abhorrent),
1814 2444 1905 2498 sed
1938 2456 2059 2496 svr-

481 2577 579 2618 vus
606 2557 975 2618 voluntarius,
1000 2566 1095 2606 seu
1124 2560 1180 2603 ut
1208 2563 1305 2601 vus
1336 2544 1513 2599 dicitis
1546 2541 1703 2594 lizius
1743 2559 1752 2589 :
1794 2535 1892 2589 nisi
1929 2533 2066 2585 forte

484 2662 632 2704 tuam
669 2645 977 2715 ell'ugcrunt
1011 2638 1331 2696 memoriam
1368 2649 1486 2703 qua:
1517 2632 1787 2701 quondam
1822 2624 2065 2695 Byzantii

486 2751 677 2809 pactus
706 2754 790 2797 es,
820 2750 941 2789 cum
976 2732 1029 2809 in
1056 2731 1240 2784 Asiam
1271 2741 1375 2780 una
1407 2739 1531 2778 cum
1562 2720 1812 2776 Conrado
1844 2714 2065 2785 expedi-

485 2807 686 2887 tionem
716 2807 1024 2894 suscepisti.
1050 2824 1188 2878 Dum
1222 2820 1382 2890 igitur
1408 2818 1477 2871 ab
1502 2814 1723 2885 optione
1755 2822 1841 2863 trra
1874 2807 2070 2879 pendet

491 2922 564 2976 rei
611 2920 807 2982 exitus,
840 2914 979 2984 elige
1020 2912 1165 2983 quod
1210 2919 1267 2966 et
1307 2908 1405 2964 tibi
1450 2917 1504 2963 et
1546 2902 1777 2958 Tzechis
1821 2898 2072 2955 omnibus

495 3009 748 3079 expediat
783 3024 797 3060 :
829 3018 951 3074 quae
983 3004 1128 3058 enim
1164 3013 1274 3055 non
1308 3004 1611 3068 Opportuna
1642 2992 1701 3047 ﬁt
1729 2990 2069 3061 poenitentia,

493 3097 884 3155 cam‘facienti
936 3093 1195 3165 prodesse
1247 3090 1667 3159 haudquaquam
1717 3087 1871 3139 solet.
1924 3100 1942 3133 ι
2002 3080 2146 3144 Itac

493 3193 709 3262 quidem
742 3190 830 3244 ille
864 3189 1077 3243 locutus
1110 3191 1217 3241 est.
1242 3178 1556 3238 Vladislaus
1586 3186 1766 3233 autem
1800 3176 1901 3245 (sic
1930 3173 2076 3225 cnim

495 3284 894 3354 appellabatur)
942 3281 997 3336 in
1046 3288 1191 3337 hunc
1236 3277 1457 3333 modum
1501 3272 1780 3343 respondit
1825 3286 1839 3323 :
1894 3288 1911 3319 r
1967 3265 2079 3319 Non

496 3375 695 3429 illaturi
743 3371 943 3428 bellum
990 3386 1184 3439 magno
1226 3365 1540 3437 imperatori
1585 3364 1693 3417 huc
1739 3361 2012 3419 venimus,
2051 3369 2082 3408 ο

500 3466 670 3531 boue;
702 3476 879 3532 neque
908 3462 1051 3516 enim
1089 3475 1279 3516 eorum
1304 3472 1425 3528 quae
1453 3471 1576 3511 cum
1604 3454 1696 3507 illo
1727 3451 1868 3519 pacti
1899 3462 2085 3502 sumus

508 3557 771 3609 memoria
810 3568 911 3609 nos
942 3553 1112 3620 fugit;
1148 3551 1245 3605 sed
1277 3548 1559 3619 Stephano
1592 3547 1791 3616 injuste
1827 3560 1855 3595 a
1893 3555 2086 3610 patruo

506 3645 754 3712 impetito
780 3656 941 3712 opem
973 3640 1153 3694 laturi.
1183 3638 1339 3693 Illum
1371 3637 1571 3707 quippe
1600 3646 1824 3704 paterna
1856 3646 2087 3699 prrmurn

511 3750 652 3792 terra
684 3744 740 3789 et
770 3733 1089 3788 hereditate
1121 3732 1272 3785 exuit
1303 3747 1318 3784 :
1354 3729 1551 3783 deinde
1577 3726 1701 3794 jure
1731 3740 1828 3777 suo
1862 3724 2087 3777 restitu-

514 3840 621 3881 turrr
649 3840 866 3881 rursum
897 3823 1037 3879 bello
1063 3821 1284 3878 lacessit
1310 3828 1364 3875 et
1391 3833 1640 3888 regnum,
1660 3818 1802 3885 quod
1830 3813 1967 3867 male
1996 3815 2094 3865 irn-

510 3920 754 3990 perando
784 3917 991 3983 amisit,
1025 3931 1119 3986 per
1148 3914 1254 3968 vim
1290 3925 1614 3982 recuperare
1644 3911 1839 3965 iterum
1873 3916 2096 3960 contun-

506 4006 611 4065 rtlil.
643 4012 945 4080 Eaprupter
975 4008 1358 4078 imperatorem
1394 4003 1798 4074 supplicaturus
1828 3998 2008 4063 venio,
2040 4005 2096 4050 ut

506 4103 774 4172 pupillum
808 4100 987 4169 potius
1015 4113 1238 4168 puerum
1271 4104 1520 4166 protegat
1542 4109 1607 4149 ac
1636 4104 1858 4147 tutetur.
1883 4089 1940 4144 Si
1966 4089 2096 4158 quid

506 4204 697 4246 autem
733 4190 1048 4260 Stephanus
1079 4188 1166 4244 hic
1187 4188 1376 4257 junior
1404 4190 1456 4240 in
1491 4196 1635 4240 tuam
1664 4183 1908 4253 peccavit
1934 4180 2098 4247 maje-

509 4296 715 4339 :statem
756 4284 941 4355 (audio
976 4283 1118 4335 enim
1158 4280 1298 4334 Beia:
1332 4290 1531 4334 terram
1570 4277 1701 4330 nihil
1737 4279 1802 4327 ad
1838 4289 1896 4328 se
1932 4273 2099 4342 perti-

512 4392 741 4433 Arentem
773 4374 1095 4445 occupasse)
1116 4370 1292 4442 7224
1320 4372 1578 4425 continuo
1611 4367 1765 4421 nobis
1796 4364 2016 4418 arbitris
2047 4371 2102 4416 et

511 4472 771 4537 a'r-giones
800 4468 1049 4520 restituet
1069 4477 1123 4517 et
1143 4481 1288 4516 omnr
1324 4462 1480 4515 modo
1505 4461 1758 4515 delictum
1786 4456 2046 4526 expiabit.
2075 4473 2094 4504 ι

516 4562 621 4616 llis
658 4561 815 4614 dictis
859 4560 1133 4613 horninem
1173 4558 1398 4610 dimisit.
1429 4554 1519 4635 Ille
1559 4569 1686 4605 vero
1728 4551 2098 4604 Romanorun

515 4665 707 4708 castra
756 4666 1009 4705 reversus
1059 4647 1374 4717 imperatori
1422 4662 1543 4715 qua:
1595 4647 1661 4697 ab
1713 4658 1779 4697 eo
1812 4642 2109 4695 audit-erat

521 4745 717 4799 rr'etulit
759 4762 775 4798 :
823 4757 942 4812 qua:
986 4740 1206 4811 quidem
1247 4741 1457 4807 accepit
1499 4736 1639 4790 haud
1680 4735 1975 4793 illibenter,
2009 4731 2108 4783 Clsi

524 4836 695 4890 {idem
730 4834 797 4888 iis
826 4834 1052 4888 omnino
1086 4846 1191 4885 non
1224 4823 1527 4898 pra'staret.
1555 4826 1741 4894 Neque
1770 4827 1911 4879 enim
1946 4827 2056 4877 lucc
2084 4842 2112 4875 a

534 4927 812 4983 V’ladislao
841 4942 904 4980 ex
938 4924 1106 4978 animi
1135 4923 1402 4977 sententia
1435 4922 1578 4976 dicta
1612 4934 1735 4973 esse
1764 4918 2111 4985 epiuabatur,

541 5022 941 5088 verebaturque
989 5033 1057 5070 ne
1100 5015 1224 5085 quis
1272 5014 1519 5067 subesset
1564 5012 1738 5066 dolus.
1778 5008 2117 5078 Quapropter

536 5114 803 5182 quosdam
852 5125 917 5162 ex
964 5109 1075 5161 suis
1118 5106 1185 5161 ad
1229 5106 1373 5158 illum
1415 5105 1592 5160 denuo
1638 5105 1819 5167 misit,
1858 5113 1915 5155 ut
1964 5111 2117 5168 pacta

539 5202 892 5273 jurejurando
949 5200 1265 5263 (irritarent;
1330 5199 1469 5267 quorl
1533 5199 1622 5250 ille
1682 5198 1813 5249 nihil
1880 5207 2122 5246 moratus

540 5295 800 5350 confecit.
835 5291 1020 5363 Neque
1058 5308 1122 5346 ea
1168 5293 1366 5354 solum,
1401 5306 1584 5344 verum
1629 5306 1747 5356 quae
1785 5288 1912 5343 olim
1959 5287 2121 5339 etiam

1721 296 2044 365 ΙΟΑΝΝΙΞ
2084 289 2412 352 (ἶίΝΝΛΜῙ

3582 263 3689 328 5Βὶ

2124 402 2394 467 Στέφανον
2422 397 2586 466 ὲγγἈς
2616 393 2719 465 ἤδη
2758 389 3040 459 γεγονέναι
3093 386 3175 449 είς
3207 382 3307 455 μὲν
3337 380 3429 432 τὶν
3460 376 3700 445 πόλεμον

2120 494 2319 548 αὐτίκα
2349 490 2696 543 καθίσταται.
2744 481 3034 552 Ῥωμαίων
3066 478 3122 531 δέ
3150 493 3274 530 τινα
3324 472 3427 542 τῆς
3479 470 3701 538 Τζέχων

2124 583 2370 636 συνιέντα
2396 579 2643 648 γλώττης
2659 569 3179 649 προσκαλεσάμενος
3221 563 3439 618 ἐκέλευε
3496 575 3707 630 μεταμ-

2125 674 2452 744 φιεσάμενον
2484 670 2578 721 ἐπὶ
2606 667 2667 720 τὸ
2693 666 2801 719 τῶν
2839 661 3118 731 πολεμίων
3143 652 3515 710 καθυποδῦναι
3543 666 3708 720 στρα-

2125 740 2455 825 emam.
2484 761 2607 830 δψιν
2639 775 2701 811 τε
2745 756 2826 827 τῷ
2867 755 2976 807 τῶν
3023 751 3247 820 Τζέχων
3307 745 3531 801 ἐλθόντα
3581 740 3711 812 ρηγὶ

2126 860 2254 914 τάδε
2308 857 2550 910 ἀνειπεῖν
2599 849 2767 920 αὐτῷ*
2802 867 2820 900 r
2866 847 2966 900 Ποῖ
3019 844 3219 914 δήποτε
3276 837 3524 910 πορεύῃ;
3591 834 3715 888 τίνα

2128 950 2334 1019 ταύτην
2383 946 2613 1015 πορείαν
2649 947 2746 995 σὺν
2784 939 2863 1010 τῷ
2891 938 2998 992 ὑπὸ
3035 938 3094 989 σὲ
3129 935 3273 1004 φέρῃ
3296 928 3714 1002 στρατεύματις

2131 1043 2164 1113 ἢ
2207 1044 2306 1093 οὐκ
2355 1034 2502 1101 οἶδας
2543 1037 2617 1099 ὼς
2656 1033 2868 1105 βασιλεῖ
2914 1027 3137 1100 μεγάλῳ
3184 1026 3380 1096 χεῖρας
3434 1019 3717 1088 ἀνταίρειν

2132 1134 2371 1204 τολμᾷς;
2400 1124 2444 1199 ᾧ
2472 1131 2568 1183 καὶ
2592 1129 2651 1180 τὸ
2686 1126 2777 1180 ὑπ’
2798 1123 2998 1186 αίτίαις
3025 1120 3183 1189 λόγον
3217 1114 3470 1188 ἐχούσαις
3491 1113 3580 1167 διὰ
3611 1115 3721 1182 μά-

2132 1246 2237 1298 χης
2273 1228 2411 1280 ίὲναι
2459 1220 2747 1293 σφαλερὸν,
2801 1218 2876 1287 id]
2923 1216 3006 1269 ὅτι
3054 1230 3120 1282 γε
3176 1209 3313 1282 πρὸς
3349 1208 3458 1262 τῶν
3503 1204 3724 1259 Οὖννων

2136 1318 2367 1374 τουτωνὶ
2416 1311 2867 1386 περιφρονεῖσθαι
2920 1306 3307 1367 κινδυνεύοντι,
3333 1302 3383 1355 οἳ
3408 1299 3547 1371 Βελᾷ
3584 1298 3724 1363 κλῆο

2143 1433 2235 1484 ρον
2266 1412 2450 1470 δόντες
2479 1404 2599 1462 εἶτα
2625 1406 2940 1477 ἀφείλαντο,
2975 1402 3079 1456 ὅσα
3120 1402 3215 1453 καὶ
3238 1399 3515 1466 παιγνίοις
3540 1396 3727 1462 ὅρκοις

2141 1505 2481 1577 χρησάμενοι
2507 1503 2616 1563 τοῖς
2648 1496 2851 1551 αὐτῶν.
2891 1494 3004 1548 Καί
3031 1509 3114 1556 τις
3165 1492 3265 1563 μὲν
3310 1490 3496 1559 ἰδιώτῃ
3532 1484 3730 1553 ξυναλ-

2143 1574 2355 1650 λάττων
2390 1592 2547 1664 ἀνδρὶ
2575 1589 2772 1643 οὔκουν
2805 1586 2982 1649 eoeo;
3010 1584 3090 1653 τῷ
3118 1583 3268 1652 νόμῳ
3294 1579 3594 1647 διαγίνεται
3616 1574 3731 1628 τῶν

2147 1688 2511 1757 δεδογμένων,
2542 1686 2609 1739 ἀν
2640 1684 2783 1738 οὕτω
2807 1680 2975 1752 τύχῃ,
3010 1673 3394 1745 καταφρονῶν·
3433 1669 3646 1741 βασιλεί
3674 1667 3734 1721 δὲ

2152 1779 2457 1852 τηλικούτῳ
2480 1780 2598 1840 ταῖς
2623 1774 2936 1846 ὁμολογίαις
2958 1770 3059 1841 ήδη
3082 1763 3589 1839 προσκεκρουκότες
3614 1762 3737 1813 ditt.-

2158 1874 2408 1945 μώρητοι
2462 1867 2816 1941 διαμενοῦσιν
2877 1860 3108 1927 Οὗννοι;
3162 1857 3367 1915 Πολλοῦ
3409 1872 3472 1925 γε
3513 1852 3606 1907 καὶ
3630 1853 3741 1908 δεῖ.

2154 1965 2305 2037 ’Λρα
2331 1966 2521 2018 δίκαια
2554 1960 2813 2031 βασιλεὺς
2849 1957 3116 2018 πολεμεῖς
3172 1952 3308 2023 πρὸς
3348 1949 3403 2002 δὲ
3434 1947 3496 2000 τὸ
3528 1945 3742 1999 δίκαιον

2157 2036 2254 2113 καῖ⁵
2297 2057 2387 2110 ἀεὶ
2413 2057 2447 2127 ὴ
2479 2054 2575 2106 τοῦ
2611 2051 2850 2119 πολέμου
2891 2049 3033 2120 ῥοπὴ
3069 2044 3302 2112 γίνεται.
3333 2040 3405 2092 Σὺ
3432 2037 3487 2090 δὲ
3518 2036 3746 2090 κακεῖνο

2160 2149 2502 2216 ἀναλόγισαι.
2533 2141 2731 2202 Δοῦλος
2781 2139 2875 2192 ἐπὶ
2900 2136 3167 2205 δεσπότην
3196 2132 3354 2202 ἥκεις
3391 2128 3743 2197 πολεμήσων,

2161 2246 2256 2297 καὶ
2285 2240 2474 2304 δοῦλος
2498 2239 2559 2293 οὐ
2599 2236 2694 2309 βίᾳ
2724 2235 2813 2287 τὸν
2846 2232 3012 2301 ζυγὸν
3043 2227 3245 2291 ὑποδὺς
3274 2220 3332 2297 (ἦ
3370 2224 3481 2295 γὰρ
3530 2220 3599 2307 ἂν
3630 2216 3748 2288 εἶχε

2161 2336 2321 2403 λόγον
2347 2332 2496 2397 τινὰ,
2523 2331 2685 2400 φύσει
2725 2327 2833 2396 γὰρ
2862 2323 2928 2377 δι’
2960 2320 3257 2391 ἀπεχθείας
3283 2317 3345 2371 τὸ
3364 2298 3607 2370 τοιοῦτον
3636 2316 3751 2373 τοῖς

2165 2424 2531 2493 κεκτημένοις
2568 2420 2763 2489 ἐστὶν).
2788 2416 2928 2470 ἀλλά
2960 2414 3146 2476 δοῦλος
3175 2408 3519 2470 ὲθελόδουλος
3550 2406 3720 2475 (ἑρμη
3738 2434 3752 2442 -

2166 2516 2312 2570 νεύει
2345 2515 2401 2569 δέ
2443 2531 2527 2567 σοι
2560 2512 2719 2566 τοῦτο
2747 2512 2808 2563 τὸ
2837 2508 3059 2576 λίζιον),
3096 2506 3151 2559 εῐ
3168 2521 3233 2572 γε
3270 2502 3345 2574 μὴ
3388 2500 3614 2568 διέφυγέ
3654 2513 3751 2548 σου

2168 2609 2267 2678 τὴν
2297 2609 2522 2678 μνήμην
2545 2605 2645 2658 ὅσα
2675 2605 2734 2656 ὲν
2764 2599 3045 2669 Βυζαντίῳ
3078 2596 3249 2652 πάλαι
3274 2594 3585 2655 τετέλεκας,
3613 2593 3758 2657 ὁπη-

2171 2702 2298 2753 νίκα
2340 2698 2438 2751 σὺν
2487 2695 2577 2763 τῷ
2620 2693 2889 2765 Κορρἀῳ
2931 2691 3025 2744 ἐπὶ
3068 2687 3257 2743 Ἀσίαν
3288 2682 3568 2737 ἐστέλλου.
3608 2680 3760 2740 Ἕως

2171 2797 2357 2849 τοίνυν
2381 2790 2652 2864 αἱρέσεως
2698 2789 2796 2858 τῆς
2845 2787 2944 2857 σῆς
2969 2786 3004 2856 ή
3030 2783 3125 2836 τοῦ
3159 2782 3485 2851 πράγματος
3520 2777 3760 2848 ἤρτηται

2176 2886 2468 2946 ἀπόϐασις,
2502 2879 2625 2934 ἑλοῦ
2659 2878 2719 2931 τὸ
2772 2878 2998 2946 Τςέχοις
3036 2888 3096 2926 τε
3121 2872 3258 2924 πᾶσι
3285 2868 3381 2921 καὶ
3409 2867 3492 2919 σοὶ
3515 2865 3762 2917 συνοῖσον

2177 2976 2348 3046 αὐτῷ.
2407 2970 2758 3042 Μεταμέλεια
2809 2971 2919 3038 γὰρ
2975 2966 3076 3019 οὐκ
3133 2965 3192 3015 ὲν
3246 2958 3424 3030 καιρῴ
3495 2954 3765 3023 γενομένη

2180 3073 2381 3142 ἥκιστα
2431 3066 2510 3137 τῷ
2561 3061 2831 3134 χρωμένῳ
2874 3058 3150 3111 συντελεῖν
3214 3050 3428 3106 εἴωθεν.
3460 3067 3479 3100 ι
3550 3047 3610 3101 'O
3666 3046 3767 3116 μὲν

2179 3141 2352 3216 ταῦτα
2371 3153 2513 3212 εἶπε·
2544 3150 2942 3211 Βλαδίσυλαϐος
2966 3150 3019 3203 δὲ
3068 3146 3247 3217 (τοῦτο
3274 3146 3382 3213 γὰρ
3415 3141 3563 3211 αύτῷ
3593 3141 3770 3210 δνομα

2182 3251 2382 3321 ἔκειτο)
2435 3247 2729 3319 ἀμείϐεται
2778 3238 2913 3295 ἀδεο
2950 3258 2967 3290 r
3011 3240 3088 3292 Ού
3119 3236 3354 3305 πόλεμον
3408 3233 3632 3301 ἄγοντες
3674 3234 3772 3284 ἐπὶ

2186 3348 2412 3419 βασιλέα
2443 3344 2617 3415 μέγαν
2640 3336 2876 3392 ενταῦθα
2906 3335 3170 3404 πάριμεν,
3190 3324 3234 3383 ὦ
3284 3328 3459 3399 λῷστε
3490 3329 3589 3398 (μὴ
3622 3324 3769 3378 οὕτω

2184 3418 2296 3494 τῶν
2324 3440 2403 3500 εἰς
2426 3434 2589 3490 αὑτὸν
2634 3432 3090 3501 ἁμνηστὴσαιμεν
3120 3420 3448 3492 συνθηκῶν),
3477 3418 3612 3473 ἀλλά
3644 3419 3775 3471 Στε-

2189 3534 2341 3602 φάνῳ
2370 3527 2545 3598 τούτῳ
2564 3523 2895 3596 ἀμυνοῦ.τες
2915 3520 2976 3571 οὐ
3006 3517 3187 3571 δίκαια
3218 3515 3355 3586 πρὸς
3395 3514 3773 3585 πατραδέλφου

2191 3621 2510 3684 πεπονθότι,
2535 3618 2593 3677 ὃς
2608 3632 2672 3684 γε
2698 3613 2760 3667 τὸ
2801 3612 2899 3683 μὲν
2930 3611 3150 3679 πρῶτον
3178 3606 3279 3676 τῆς
3309 3604 3569 3676 πατρῴας
3609 3603 3778 3655 αὑτὸν

2190 3718 2361 3788 ἥλασε
2392 3714 2495 3781 γῆς
2529 3710 2628 3763 καὶ¹
2656 3707 2752 3760 τοῦ
2792 3705 3019 3773 κλήρου,
3070 3699 3190 3754 εἶτα
3220 3699 3320 3765 τῆς
3343 3698 3498 3767 δίκης
3539 3696 3623 3769 ίΡ.
3653 3696 3781 3769 150]

2193 3803 2621 3873 ἀντεισαγνιύσης
2675 3801 2763 3852 ὅδε
2812 3793 2971 3859 αὖθις
3030 3792 3421 3864 ἐπιστρατεύει
3456 3792 3633 3861 τούτῳ
3682 3795 3781 3842 καὶ

2195 3902 2261 3971 ἣν
2297 3918 2351 3951 εν
2400 3898 2475 3964 τῷ
2513 3892 2697 3955 κακῶς
2763 3890 2954 3961 ἄρχειν
2987 3886 3355 3956 ἀποϐεϐλήκει
3400 3884 3574 3954 ἀρχὴν
3616 3882 3783 3934 δυνα-

2199 3993 2355 4066 στεία
2392 3991 2488 4045 καὶ
2542 3988 2703 4042 πάλιν
2744 3982 2978 4039 κτᾶσθαι
3011 3982 3326 4035 διανοεῖται.
3359 3979 3532 4048 Ὑπὲρ
3566 3969 3643 4030 ὧν
3684 3975 3785 4028 καὶ

2197 4087 2522 4157 δεησόμενος
2543 4098 2559 4148 ;
2582 4081 2703 4154 ἥκω
2732 4078 2996 4150 βασιλέως
3021 4077 3116 4129 καὶ
3144 4072 3383 4143 ὀρφανοῦ
3418 4072 3605 4133 παιδὸς
3624 4072 3723 4140 χεῖ,
3751 4087 3789 4121 α

2205 4180 2408 4251 μᾶλλον
2477 4175 2774 4247 ὑπερσχεῖν
2826 4171 3202 4239 λιτασόμενος.
3257 4166 3318 4219 Εἰ
3347 4164 3403 4218 δέ
3432 4182 3482 4217 τι
3512 4165 3605 4216 καὶ
3646 4172 3789 4233 πρς

2202 4277 2478 4346 Στεφάνου
2529 4269 2751 4323 τουτουὶ
2798 4266 2893 4321 τοῦ
2940 4267 3209 4333 νεωτέρου
3242 4263 3335 4314 ἐπὶ
3365 4260 3462 4331 τὴν
3502 4258 3674 4330 αὐτὴν
3707 4259 3792 4311 δι-

2204 4373 2524 4439 ημάρτηται
2567 4363 2844 4434 βασιλείαν
2868 4358 3359 4432 (πυνθάνομαιγὰρ
3394 4355 3468 4416 ὡς
3500 4352 3596 4421 τῆς
3653 4353 3796 4405 [laid

2213 4463 2380 4534 μηδὲν
2411 4458 2559 4529 αὐτῷ
2591 4458 2869 4528 προσῆκον
2911 4452 3006 4506 καὶ
3046 4452 3209 4504 πάλιν
3242 4447 3540 4502 ἐπελάϐετο
3580 4444 3794 4517 χώρας)

2209 4556 2409 4610 αὐτίκα
2438 4552 2521 4623 ἐφ’
2552 4553 2683 4621 ἡμῖν
2711 4547 3063 4607 διαλλακταῖς
3094 4545 3194 4614 τήν
3245 4558 3306 4595 τε
3341 4539 3527 4612 χώραν
3557 4540 3791 4609 ἀποδοίη

2211 4651 2307 4702 καὶ
2329 4647 2518 4717 τρόπῳ
2558 4642 2726 4697 παντὶ
2753 4642 2853 4709 τὴν
2881 4636 3174 4708 ἁμαρτάδα
3202 4634 3535 4700 ὲξιλάσεται.
3570 4649 3589 4682 ι
3624 4630 3793 4683 Ταῦτ’

2212 4740 2381 4795 εἰπὼν
2416 4736 2784 4807 ἀπεπέμψατο
2810 4732 2901 4786 τὸν
2929 4731 3241 4800 ἄνθρωπον.
3271 4728 3330 4781 '0
3350 4727 3407 4780 δὲ
3440 4727 3532 4779 ἐπὶ
3563 4725 3626 4777 τὸ
3657 4725 3799 4777 Ῥω.

2220 4831 2396 4899 μαίων
2423 4823 2773 4895 ἀναστρέψας
2798 4819 3159 4891 στρατόπεδον
3199 4815 3415 4888 βασιλεῖ
3446 4813 3572 4875 τοὺς
3604 4811 3798 4877 λόγους

2216 4896 2497 4987 ἐκόμισεν.
2550 4917 2613 4969 '0
2644 4913 2701 4966 δὲ
2742 4912 2944 4982 ἤκουσε
2989 4908 3085 4978 μὲν
3114 4907 3225 4959 τῶν
3251 4904 3427 4972 λόγων
3466 4900 3570 4953 οὐκ
3596 4896 3800 4967 ἀηδῶς,

2219 5016 2280 5065 οὺ
2317 5012 2501 5079 μέντοι
2524 5004 2843 5060 παντάπασι
2865 4999 3146 5054 πιστεύειν
3173 4992 3321 5066 εἶχεν
3343 5012 3354 5024 ’
3374 4994 3554 5047 ἔννοια
3582 4990 3693 5060 γζὰρ
3717 5005 3804 5051 τις

2224 5101 2373 5172 αὑτῷ
2406 5102 2602 5169 γέγονε
2635 5097 2709 5168 μὴ
2740 5093 3127 5161 Βλαδισολάϐῳ
3158 5091 3258 5144 ούκ
3293 5087 3403 5141 ἀπὸ
3461 5085 3693 5153 γνώμης
3727 5083 3806 5133 εῖ-

2228 5210 2393 5262 ρηται
2413 5191 2608 5255 ταῦτα,
2638 5189 2757 5241 ἀλλ’
2782 5184 3128 5253 ύποκὰθηταί
3157 5198 3241 5244 τις
3287 5180 3384 5232 καὶ
3412 5176 3563 5239 δόλος
3593 5175 3805 5235 αὐτοῖς.

2238 5284 2456 5354 Ἀμέλει
2499 5280 2725 5336 καὶτῶν
2770 5279 2901 5347 περ).
2955 5276 3119 5330 αὐτόν
3152 5289 3306 5335 τινας
3343 5266 3497 5332 αὖθις
3549 5269 3607 5330 ὲς
3642 5266 3809 5320 αὐτὸν

549 5390 624 5441 uti
658 5389 892 5442 diximus
925 5387 1221 5456 pepigerat,
1257 5385 1495 5437 secundo
1526 5385 1833 5450 jurameuto
1870 5379 2123 5431 sancitit.

449 5526 458 5533 .
547 5478 716 5534 Paulo
764 5489 891 5553 post,
933 5489 988 5532 et
1028 5478 1362 5546 Stephanus,
1399 5476 1580 5530 missis
1628 5475 1694 5526 ad
1746 5475 2126 5538 imperatorem

551 5572 766 5640 legatis,
796 5572 1065 5638 regionem
1100 5570 1334 5621 restituit
1364 5569 1630 5633 simulque
1663 5568 1988 5633 deprecatus
2022 5575 2127 5625 est,

557 5680 621 5715 ne
664 5678 897 5728 unquam
944 5661 1278 5727 Stephanum
1326 5674 1573 5726 patruum
1619 5658 1757 5722 bello
1800 5656 2128 5721 llungariarn

561 5753 815 5805 infestare
872 5752 1229 5820 permitteret.
1287 5751 1380 5803 llis
1416 5750 1651 5817 aet-cptis
1706 5747 2129 5812 conditionibus,

2227 5376 2450 5447 πέμψας
2497 5375 2683 5444 ὅρκοις
2715 5372 2785 5425 τά
2836 5369 3139 5439 δεδογμένα
3191 5362 3517 5419 πιστοῦσθαι
3557 5360 3808 5422 ἐκέλευε,

2229 5473 2324 5524 καὶ
2354 5470 2413 5533 ὃς
2441 5470 2646 5523 αὐτίκα
2685 5467 2854 5538 μηδὲν
2888 5463 3166 5535 μελλήσας
3192 5459 3419 5529 ἐπιτελῆ
3442 5453 3616 5509 ταῦτα
3633 5449 3810 5505 ἔθετο.

2231 5564 2306 5616 Ού
2341 5561 2447 5633 μὴν
2469 5561 2604 5614 ἀλλά
2621 5561 2717 5612 καὶ
2740 5559 2842 5612 ὅσα
2864 5556 3056 5618 πάλαι,
3085 5552 3336 5620 καθάπερ
3359 5548 3518 5617 ἔφην,
3543 5544 3814 5612 ὑπέσχετο

2231 5631 2507 5722 δευτέροις
2539 5647 3049 5717 ὲπικατελάμϐανεν
3081 5644 3286 5712 ὅρκοις.
3335 5637 3533 5706 Ὀλίγῳ
3554 5632 3612 5686 δὲ
3645 5631 3815 5685 κατόν

2235 5763 2329 5799 πιν
2369 5747 2464 5799 κα)⁵
2487 5743 2759 5811 Στέφανος
2793 5739 3055 5811 πρέσϐεις
3090 5738 3147 5798 ές
3190 5732 3411 5803 βασιλέα
3456 5724 3682 5797 πέμψας
3717 5723 3814 5791 τήν
