4014 6402
3083 316 3125 325 Α

350 354 458 417 585
1542 348 1590 405 ll
1605 344 1901 404 [STORIA
1911 345 2015 404 RU
2025 347 2078 404 Μ
2121 347 2265 407 LIB.
2310 351 2370 410 V.
3062 344 3067 367 λ
3497 356 3601 420 585

352 483 413 519 τε
437 463 623 535 χώραν
665 460 919 516 ἀπεδίδου
942 461 1034 514 καὶ
1053 460 1401 532 παράκλησιν
1444 459 1690 530 προσῆγε
1722 456 1925 527 μηκέτι

2058 461 2283 530 ψίιιεερε
2321 462 2458 516 bello
2504 463 2771 532 dirempto
2814 465 2869 518 in
2914 463 3189 519 Romanos
3231 479 3398 536 prope
3445 468 3602 521 rediit

350 558 612 627 Στεφάνῳ
650 555 795 609 κατὰ
821 555 921 625 τῆς
951 553 1219 623 Ούννικῆς
1250 553 1465 621 ἐφιέναι
1495 550 1815 621 στρατεύειν
1852 550 1929 618 τῷ

2058 554 2185 606 lues.
2223 553 2557 622 Stephanum
2587 566 2768 609 autem
2804 556 3049 611 hortatus
3084 564 3167 610 est
3196 557 3511 626 imperator,
3542 570 3603 613 ut

353 650 508 719 θείῳ.
536 648 722 716 Ἀπερ
757 648 785 699 6
806 644 1061 715 βασιλεὺς
1090 643 1553 716 προσδεξάμενος,
1580 640 1673 694 τὸν
1695 640 1930 708 πόλεμον

2064 654 2081 695 ι
2112 644 2229 713 ipse
2258 646 2324 699 ab
2352 643 2624 714 [iungaris
2654 648 2959 711 excederet,
2991 655 3051 703 ut
3076 650 3166 718 qui
3196 664 3387 704 revera
3418 651 3602 706 odium

353 739 522 801 λύσας
555 737 630 800 ὡς
665 737 758 789 ἐπὶ
799 737 899 805 τὴν
960 735 1249 806 Ῥωμαίων
1294 734 1605 806 μετεϐαινε,
1676 730 1933 799 Στεφάνῳ

352 847 415 884 τε
453 828 689 899 παρῄνει
730 826 1184 881 ἀπαλλάσσεσθαι
1242 826 1345 897 ἥδη
1392 826 1489 894 τῆς
1534 824 1801 891 Ούννικῆς
1838 821 1934 872 καὶ

354 922 522 975 αὑτὸν
570 920 667 975 ἀτε
712 918 882 991 πείρᾳ
929 919 1170 989 μαθόντα
1205 916 1267 971 τὸ
1312 917 1440 986 περὶ
1498 916 1664 969 αὑτὸν
1708 912 1933 966 δύσνουν

354 1013 465 1066 τῶν
495 1011 812 1081 ὁμοφύλων.
884 1009 1099 1064 Πείθειν
1145 1009 1189 1062 δ’
1212 1010 1313 1062 οὐκ
1344 1008 1484 1079 ἔχων
1525 1007 1616 1059 τὸν
1644 1006 1934 1074 ἄνθρωπον

358 1122 382 1156 ι
433 1101 574 1171 Ἐγὼ
611 1102 711 1172 μὲν
739 1142 754 1166 ,
792 1099 918 1171 ἔφη,
964 1100 1163 1170 ἄπειμι
1196 1100 1330 1170 ἤδη⁸
1371 1096 1782 1164 ἀνασωσαμένῳ
1825 1094 1935 1163 γάρ

360 1213 451 1267 μοι
484 1196 582 1265 τὴν
607 1196 792 1265 χώραν
814 1194 892 1263 τῷ
924 1194 1064 1266 Βελᾷ
1112 1193 1292 1265 μάχης
1326 1194 1411 1247 ὅτι
1441 1192 1518 1263 μὴ
1552 1191 1742 1245 ἀδίκου
1777 1189 1935 1257 λόγος

356 1286 742 1339 ὑπολέλειπται
770 1284 945 1348 οὐδείς
967 1301 982 1317 ο
1011 1285 1076 1337 σὺ
1100 1284 1157 1338 δὲ
1184 1285 1285 1337 οὐκ
1314 1286 1391 1347 εἰς
1416 1283 1635 1355 μακρὰν
1662 1284 1772 1337 ῖσθι
1798 1301 1936 1354 προ-

358 1374 734 1445 δοθησόμενος
788 1376 900 1438 τοῖς
948 1374 1181 1445 ἐχθροῖς.
1238 1375 1299 1428 Et
1342 1375 1522 1446 βούλει
1581 1375 1659 1438 δὲ,
1707 1377 1804 1429 καὶ
1856 1378 1937 1439 εἰς

356 1466 478 1535 δψιν
506 1465 632 1537 ἄρτι
660 1464 720 1519 τὸ
743 1465 981 1538 πρᾶγμά
1003 1482 1087 1518 σοι
1113 1466 1458 1536 παραστήσω
1482 1467 1638 1519 Ἔστι
1665 1483 1749 1519 σοι
1780 1466 1937 1520 ἀδελ-

358 1557 544 1629 φιδοῦς
577 1558 854 1629 Στέφανος
892 1558 1006 1628 (88)
1038 1557 1280 1629 τοσούτῳ
1317 1558 1387 1612 τά
1415 1560 1492 1621 είς
1524 1560 1741 1631 μορφὴν
1769 1560 1939 1629 ἐμφε-

362 1652 485 1721 ρὴς,
516 1650 625 1720 ὅσῳ
646 1651 760 1712 τοῖς
784 1648 1139 1719 ἀπεριέργως
1174 1650 1230 1712 ἐς
1255 1649 1402 1720 ὑμᾶς
1430 1648 1599 1717 ὁρῶσι
1635 1648 1938 1721 πράγματα

360 1738 501 1793 εἶναι
556 1740 792 1811 θατέρου
843 1739 1176 1809 διαιρεῖσθαι
1234 1740 1326 1792 τὸν
1366 1739 1575 1811 ἕτερον.
1629 1738 1833 1791 Τοῦτον
1870 1739 1934 1806 δὴ

360 1831 545 1894 ὅπλοις
597 1834 711 1894 τοῖς
753 1829 951 1883 σαυτοῦ
998 1831 1283 1899 κοσμήσας
1334 1829 1592 1883 κέλευσον
1643 1830 1704 1882 τὸ
1735 1829 1844 1882 ὑπό
1875 1845 1937 1881 σε

355 1920 769 1991 ἀναλαϐόμενον
796 1919 1112 1991 στράτευμα
1138 1920 1230 1973 ἐπὶ
1245 1921 1372 1983 τοὺς
1400 1920 1696 1991 πολεμίους
1716 1922 1937 1990 χωρεῖν.

363 2012 434 2065 Σὺ
474 2012 530 2064 δὲ
564 2010 803 2064 ἐνταῦθά
846 2028 950 2063 που
984 2008 1485 2080 κατακρυψάμενος
1533 2009 1731 2062 ἐαυτὸν
1760 2011 1940 2078 τήρει,

359 2109 454 2159 καὶ
514 2104 699 2175 γνώσῃ
747 2103 945 2158 αὐτίκα
1010 2104 1159 2166 ὅπως
1210 2103 1341 2155 ποτέ
1394 2120 1476 2155 σοι
1538 2099 1942 2173 προσφέρονται

356 2190 572 2248 Οὖννοι.
595 2213 614 2246 ι
661 2194 720 2246 '0
755 2194 856 2263 μὲν
885 2188 977 2246 οὖν
1004 2193 1288 2262 σκαφίδιον
1312 2192 1488 2262 ἐμϐὰς
1522 2192 1650 2262 περί
1698 2208 1813 2245 που
1845 2192 1944 2253 τὰς

360 2286 453 2340 τοῦ
488 2287 708 2354 Ἴστρου
740 2284 1020 2338 λανθάνων
1055 2283 1315 2337 ἐσάλευεν
1353 2283 1542 2353 ὄχθας,
1576 2283 1604 2334 6
1631 2282 1688 2334 δὲ
1721 2281 1943 2350 ἀδελφι-

359 2378 483 2441 δοῦς
526 2377 694 2432 αὑτοῦ
746 2378 1017 2445 Στέφανος
1060 2376 1178 2446 ἅμα
1211 2378 1323 2439 τοῖς
1354 2377 1485 2445 περὶ
1524 2375 1690 2428 αὑτὸν
1724 2373 1947 2437 Οῦννοις

362 2470 618 2539 Στεφάνῳ
650 2468 727 2539 τῷ
770 2470 901 2538 ρηγὶ
943 2466 1439 2537 συμπλακήσεσθαι
1473 2466 1785 2539 ἠπείγετο.Δ
1807 2464 1948 2519 Ἀλλ’

361 2562 512 2616 οὔπω
542 2564 598 2624 ἐς
634 2561 831 2614 ταυτὸν
861 2559 1112 2629 ἀλλήλοις
1136 2560 1388 2626 ἐγένοντο
1426 2558 1494 2612 τά
1538 2536 1950 2629 στρατεύματα,

362 2656 457 2708 καὶ
493 2654 543 2706 οι
585 2654 684 2705 σὺν
722 2651 801 2721 τῷ
853 2652 1111 2720 Στεφάνῳ
1159 2648 1353 2703 Οὗννοι
1382 2652 1568 2721 χεῖρας
1601 2648 1953 2711 ἐπιϐαλόντες

370 2744 526 2815 αύτῷ
561 2744 637 2807 ὡς
671 2742 833 2796 αὐτὸν
861 2743 951 2794 τὸν
986 2741 1358 2812 πρεσϐύτερον
1390 2741 1665 2809 Στέφανον
1692 2740 1772 2809 τῷ
1821 2739 1953 2808 ρηγὶ

365 2833 728 2905 παρετίθεσαν
768 2831 1056 2903 φέροντες.
1098 2832 1223 2895 Τοῖς
1243 2832 1343 2903 μὲν
1366 2831 1589 2895 Οῠννοις
1621 2833 1654 2902 ἡ
1690 2830 1868 2899 πλάνη
1896 2832 1956 2882 ἐν

368 2925 503 2995 τῷδε
526 2923 801 2977 ἐτελεύτα·
844 2923 1098 2993 βασιλεὺς
1126 2923 1181 2999 δὲ
1211 2922 1520 2992 πυθόμενος
1542 2920 1720 2975 ταῦτα
1750 2920 1956 2991 παραί-

367 3033 513 3071 νεσιν
562 3016 816 3085 Στεφάνῳ
848 3016 1148 3084 προσῆγεν,
1180 3033 1199 3067 ι
1236 3014 1500 3085 Ἀπόχρη,
1544 3013 1740 3082 λέγων,
1768 3009 1812 3067 ὦ
1866 3013 1959 3068 ἄν-

1964 1802 2012 1859 Β

2031 748 2158 802 erga
2189 748 2248 789 se
2275 736 2813 808 indignationemun
2836 741 3219 794 contribulium
3247 754 3392 797 esset
3414 758 3605 811 exper-

2036 833 2143 878 tus.
2172 821 2276 877 Sed
2306 840 2427 878 eum
2459 826 2513 880 id
2541 826 2745 881 homini
2778 827 3104 897 persuadere
3132 828 3272 883 haud
3300 829 3559 897 potuisset
3586 847 3601 883 :

2034 915 2146 985 Ego
2186 916 2427 985 quidem,
2459 916 2658 987 inquit,
2693 933 2837 972 nunc
2875 920 3098 985 recedo;
3144 918 3267 974 Beia
3308 920 3506 989 quippe
3551 922 3603 974 in

2036 1011 2302 1080 integrum
2358 1010 2643 1074 restituto,
2682 1010 2828 1064 nulla
2872 1011 3000 1065 Inibi
3049 1011 3283 1080 amplius
3326 1012 3450 1067 belli
3501 1014 3606 1067 nisi

2034 1100 2220 1168 injusti
2255 1102 2393 1156 ratio
2425 1101 2770 1171 relinquitur.
2797 1100 2876 1156 Tu
2909 1117 3037 1157 vero
3069 1118 3167 1172 pro
3199 1115 3349 1158 certo
3382 1104 3524 1159 scias
3554 1114 3609 1159 te

2036 1192 2185 1245 brevi
2222 1192 2459 1248 inimicis
2494 1194 2603 1249 tuis
2639 1195 2973 1263 prodendum
3008 1209 3160 1258 esse;
3197 1204 3253 1248 et
3286 1198 3331 1251 si
3368 1194 3605 1256 videtur.

2036 1283 2308 1352 quomodo
2338 1284 2390 1337 id
2417 1282 2665 1339 futurum
2697 1284 2768 1339 sit
2791 1283 3095 1339 ostendam.
3126 1284 3192 1338 Et
3222 1284 3316 1339 tibi
3349 1299 3414 1339 ex
3442 1285 3610 1340 fratre

2039 1389 2205 1443 nepos
2250 1375 2579 1447 Stephanus,
2617 1377 2751 1432 adeo
2787 1375 2935 1429 vultu
2973 1384 3028 1431 et
3067 1375 3229 1447 225
3270 1375 3610 1432 lineamentis

2041 1463 2143 1518 tibi
2179 1464 2396 1528 similis,
2430 1474 2487 1520 ut
2520 1466 2625 1521 nisi
2659 1475 2865 1522 attente
2899 1467 3191 1522 admodum
3224 1482 3321 1521 vos
3353 1467 3612 1522 intuenti-

2040 1559 2140 1612 bus
2180 1557 2325 1612 haud
2369 1556 2526 1613 facile
2570 1558 2642 1613 sit
2681 1558 2909 1612 alterum
2955 1558 3023 1612 ab
3069 1556 3238 1612 altero
3277 1556 3610 1612 discernere.

2042 1649 2199 1705 Hunc
2227 1650 2336 1705 tuis
2367 1649 2614 1705 indutum
2645 1651 2813 1704 armis
2839 1649 2970 1718 iube
3005 1660 3096 1704 tuo
3128 1664 3247 1704 cum
3285 1648 3523 1703 exercitu
3558 1648 3610 1703 in

2045 1743 2251 1797 hostem
2288 1742 2368 1796 ire
2404 1759 2421 1795 :
2460 1752 2515 1795 tu
2547 1754 2676 1797 vero
2712 1741 2916 1797 interea
2952 1750 3005 1796 te
3039 1743 3091 1796 in
3126 1740 3341 1796 occulto
3376 1749 3528 1803 tene,
3559 1754 3615 1795 et

2041 1848 2235 1889 nosces
2260 1833 2520 1888 continuo
2544 1832 2721 1902 qualis
2748 1835 2819 1887 sit
2842 1848 2968 1902 erga
3001 1843 3053 1887 te
3080 1831 3457 1903 llungarorum
3485 1830 3616 1885 alie-

2041 1936 2184 1981 ctus.
2227 1943 2247 1977 ι
2300 1924 2393 1979 llle
2437 1924 2604 1994 igitur
2650 1923 2906 1993 scapham
2949 1923 3246 1994 ingressus,
3284 1924 3422 1977 clam
3469 1923 3615 1977 circa

2043 2018 2167 2075 lstri
2205 2018 2353 2088 ripas
2383 1997 2677 2086 obnavigat
2711 2034 2725 2068 :
2770 2017 2975 2071 interea
3006 2016 3131 2069 dum
3168 2016 3314 2069 illius
3348 2031 3416 2070 ex
3449 2014 3617 2070 fratre

2047 2123 2217 2179 nepos
2277 2106 2585 2176 Stephanus
2642 2120 2765 2161 cum
2819 2104 3145 2175 Hungaricis
3198 2120 3333 2174 quas
3384 2105 3619 2159 habebat

2047 2198 2220 2268 cupiis
2253 2212 2375 2273 cum
2410 2211 2536 2267 rege
2568 2196 2844 2265 Stephano
2877 2194 3120 2262 praelium
3156 2193 3390 2275 initurus
3424 2194 3621 2262 depro-

2048 2298 2220 2360 perat.
2250 2289 2355 2345 Sed
2384 2288 2620 2344 nondum
2653 2290 2890 2343 coiverat
2921 2294 3149 2355 uterque
3176 2286 3467 2350 exercitus,
3495 2301 3617 2341 cum

2052 2381 2142 2451 qui
2191 2380 2527 2450 Stephanum
2576 2379 2971 2434 comitabantur
3015 2375 3287 2447 Hungari,
3324 2391 3517 2430 manus
3564 2376 3621 2428 in

2051 2471 2200 2525 illum
2253 2471 2536 2541 injiciuttt,
2573 2481 2627 2525 et
2674 2479 2930 2540 tanquam
2980 2476 3124 2523 esset
3173 2467 3482 2536 Stephanus
3532 2465 3623 2520 illo

2052 2564 2269 2627 senior,
2317 2577 2502 2618 coram
2558 2575 2684 2630 rege
2737 2576 2859 2615 ettm
2913 2559 3129 2614 sistunt.
3176 2558 3233 2612 In
3292 2559 3360 2614 iis
3405 2557 3623 2627 quidem

2051 2656 2434 2723 llungarorum
2487 2666 2641 2708 error
2689 2651 2871 2706 desiit.
2915 2650 3206 2719 Postquam
3260 2665 3321 2705 ea
3372 2649 3626 2719 princeps

2056 2746 2351 2810 intellexit,
2384 2745 2579 2799 iterum
2629 2742 2912 2797 admonuit
2956 2741 3286 2810 Stephanum
3337 2757 3351 2794 :
3407 2757 3427 2790 ‹
3474 2739 3628 2793 Νυιιε

2060 2839 2297 2904 tandem,
2328 2837 2602 2906 inquiens,
2630 2834 2848 2901 suﬂieit,
2878 2833 2953 2889 mi
2982 2835 3164 2888 homo.
3195 2832 3265 2888 Ut
3291 2832 3434 2887 enim
3467 2831 3631 2887 rebus

2057 2947 2116 2987 se
2144 2930 2401 2985 iutricare
2429 2944 2535 2983 non
2567 2927 2893 2983 necessariis
2920 2927 3304 2997 periculosum,
3334 2925 3403 2979 ita
3436 2924 3632 2979 intem-

2060 3023 2265 3094 pestiva
2297 3020 2515 3090 aggredi
2546 3018 2772 3075 stultum
2803 3028 2909 3074 est.
2943 3018 3080 3073 Ecce
3106 3016 3217 3085 jam
3255 3018 3337 3071 his
3369 3014 3627 3077 didicisti,

358 3106 575 3178 θρωπε.
620 3106 705 3169 '0;
738 3106 847 3176 γὰρ
870 3105 944 3175 τῷ
975 3103 1210 3176 [P.15l]
1262 3104 1338 3175 μὴ
1375 3105 1604 3159 ἐνδέοντι
1638 3104 1955 3158 ἀναπίπτειν

2061 3124 2262 3188 quanta
2290 3114 2384 3168 tibi
2412 3111 2830 3180 unumquodque
2852 3126 2920 3165 ex
2949 3109 3015 3164 iis
3044 3109 3311 3178 paraverit
3341 3106 3483 3161 mala
3517 3122 3533 3159 :
3565 3120 3633 3159 ne

365 3198 683 3269 ἐπισφαλὲς,
719 3200 858 3252 οὕτω
898 3197 963 3269 δὴ
1006 3197 1068 3251 τὸ
1114 3198 1457 3268 παρακαίρια
1489 3198 1695 3268 τολμᾷν
1726 3197 1956 3266 ἀμαθές.

385 3290 513 3345 Ἰδοὺ
569 3291 652 3354 δὶς
719 3290 865 3360 ἔχεις
922 3290 1109 3360 μαθὼν
1142 3290 1319 3343 ὁπόσα
1354 3306 1437 3342 σοι
1462 3289 1524 3341 τὸ
1566 3289 1692 3342 καθ’
1722 3290 1957 3342 ἕκαστον

368 3382 740 3455 προύξένησεν
780 3381 882 3452 ἠδη
932 3381 1105 3437 κακά.
1142 3380 1234 3451 Μὴ
1273 3382 1369 3435 καί
1400 3380 1593 3451 τρίτην
1632 3380 1956 3451 ἀναμεινῃς,

372 3468 418 3527 ὦ
446 3474 710 3545 βέλτιστε,
760 3476 979 3542 πεῖραν.
1027 3471 1182 3543 Τάχα
1217 3471 1325 3544 γὰρ
1362 3471 1483 3525 οὐδὲ
1508 3470 1849 3537 διορθοῦσθαί
1878 3488 1959 3523 σοι

376 3564 686 3635 βουλομένῳ
709 3564 979 3619 ἐνέσται.»
1001 3563 1264 3627 Βασιλεὺς
1297 3564 1396 3634 μὲν
1413 3562 1649 3617 τοσαῦτα
1677 3563 1864 3631 ἐλεγεν
1886 3579 1899 3592 ·
1931 3567 1960 3616 6

370 3656 453 3720 δὲ,
477 3673 496 3706 ι
523 3655 636 3709 Νῦν
662 3654 884 3725 μᾶλλον,
906 3652 1081 3721 εἶπεν,
1117 3654 1427 3709 αἰδέσονται
1460 3671 1527 3723 με
1563 3653 1772 3721 Οὗννοι,
1798 3654 1958 3707 ὁπότε

383 3747 833 3819 κακουργοῦντες
871 3748 974 3818 ήδη
1002 3747 1412 3819 πεφώρανται.»
1480 3745 1637 3800 Οὕτω
1672 3746 1817 3815 ψυχὴ
1862 3763 1962 3799 κα-

378 3841 561 3907 θάπαξ
600 3840 919 3911 ἐπιθυμίαις
970 3840 1173 3895 ἁλοῦσα
1219 3842 1397 3895 πάντα
1448 3840 1605 3908 λόγον
1661 3843 1742 3903 εἰς
1785 3840 1963 3903 αύτάς

383 3936 679 4006 μεταφέρει
710 3935 805 3989 καὶ
838 3933 1107 4004 βιάζεται.
1156 3934 1275 4003 Ἐφ’
1329 3929 1410 3996 οἷς
1446 3933 1768 4004 ἀπειρηκὼς
1810 3934 1964 4003 βασι-

378 4030 504 4092 λεὺς
528 4027 837 4097 Νικηφόρον
867 4027 967 4097 μὲν
989 4026 1079 4080 τὸν
1105 4026 1400 4097 Χαλούφην
1433 4026 1601 4080 αὐτοῦ
1631 4026 1814 4078 ἔλιπεν
1846 4026 1964 4094 ἅμα

385 4120 786 4191 στρατεύματι,
827 4116 1320 4187 συμπαρεσόμενόν
1378 4134 1439 4169 τε
1472 4117 1551 4186 τῷ
1580 4116 1838 4184 Στεφάνῳ
1867 4117 1964 4168 καὶ

384 4214 453 4265 τὰ
478 4210 910 4282 παραπίπτοντα
936 4208 1488 4278 συνδιοικησόμενον.
1535 4208 1595 4261 '0
1641 4207 1697 4260 δὲ
1738 4207 1829 4259 ἐπὶ
1866 4207 1965 4274 τὴν

394 4297 679 4367 Ῥωμαίων
717 4292 903 4367 ἦλθεν.
938 4296 1014 4350 Οὐ
1051 4295 1185 4348 πολὺ
1233 4296 1293 4348 τὸ
1330 4296 1555 4365 μεταξὺ,
1593 4296 1686 4347 καὶ
1720 4294 1965 4365 πυθόμε-

385 4405 475 4450 νος
499 4390 527 4440 ὁ
567 4388 677 4441 τῶν
695 4386 914 4441 Οΰννων
945 4386 1046 4456 ρὴξ
1073 4386 1167 4439 ἐπὶ
1198 4386 1465 4455 Ούννικῆς
1493 4387 1767 4455 Στέφανον
1796 4386 1965 4439 είσέτι

2061 3218 2114 3263 ει
2148 3206 2328 3270 tertio,
2355 3205 2496 3260 bone
2526 3204 2631 3267 vir,
2662 3200 2844 3256 iacere
2878 3200 3177 3270 periculum
3214 3197 3348 3251 velis
3383 3214 3398 3252 :
3435 3195 3634 3251 {ortas-

2062 3300 2138 3355 sis
2166 3297 2309 3353 enim
2344 3293 2696 3350 emendandae
2731 3291 2901 3361 culpae
2931 3290 3156 3345 facultas
3188 3303 3291 3341 non
3326 3288 3569 3342 daretur.
3605 3306 3624 3337 ι

2059 3386 2188 3441 Haec
2214 3384 2430 3455 quidem
2463 3383 2787 3452 imperator;
2821 3381 2910 3436 ille
2934 3394 3061 3433 vero
3093 3394 3107 3431 :
3141 3396 3161 3429 ι
3193 3377 3260 3432 At
3292 3393 3434 3432 nunc
3463 3378 3634 3431 multo

2064 3479 2256 3548 magis,
2294 3477 2491 3546 inquit,
2525 3492 2611 3531 me
2642 3476 3032 3529 reverebuntur
3059 3470 3320 3541 Hungari,
3349 3469 3474 3539 quia
3513 3485 3635 3540 per-

2063 3585 2249 3639 peram
2294 3568 2474 3638 egisse
2510 3565 2830 3634 deprehensi
2879 3572 3029 3619 sunt.
3070 3581 3089 3615 ι
3138 3562 3214 3616 lta
3260 3561 3434 3616 victus
3470 3562 3640 3614 seme.‘

2065 3662 2447 3730 cupiditatibus
2493 3660 2709 3714 animus
2748 3672 2940 3712 omnes
2983 3672 3050 3712 eo
3095 3655 3356 3709 transfert
3396 3654 3637 3724 rapitque

2064 3756 2438 3823 Cogitationes.
2473 3752 2767 3821 Imperator
2788 3750 2954 3818 igitur
2978 3749 3253 3802 hominem
3279 3744 3638 3816 persuadendi

2067 3863 2217 3915 spent
2282 3860 2499 3898 omnem
2560 3843 2820 3911 abjiciens
2881 3839 3245 3909 Nicephorum
3308 3838 3639 3908 Cltaluphem

2066 3936 2229 4007 226
2258 3935 2331 3989 ibi
2361 3951 2482 3989 cum
2518 3935 2756 3988 exercitu
2790 3931 3064 4001 relinquit,
3088 3940 3147 3984 ut
3177 3929 3456 3998 Stephano
3486 3932 3637 3983 ades-

2066 4041 2171 4093 sel,
2204 4038 2258 4082 et
2298 4034 2460 4094 prout.
2503 4040 2590 4079 res
2636 4024 2973 4094 postularent
3010 4021 3219 4091 negotia
3261 4036 3366 4073 ttna
3409 4035 3531 4074 cum
3576 4036 3640 4072 eo

2065 4119 2366 4188 expediret.
2399 4116 2519 4186 Ipse
2562 4117 2776 4170 interim
2818 4115 2869 4168 in
2906 4114 3039 4168 ﬁnes
3071 4112 3436 4186 Rotuanorum
3470 4112 3639 4167 venit.

2066 4206 2183 4259 Non
2249 4206 2419 4260 multo
2480 4213 2635 4273 post,
2692 4203 2781 4256 ubi
2848 4203 3057 4271 accepit
3114 4200 3490 4269 Hungarorum
3548 4217 3641 4254 rex

2070 4298 2408 4367 Stephanum
2455 4295 2632 4350 adhuc
2676 4295 2730 4350 in
2776 4292 3052 4365 Hungaria
3095 4292 3318 4358 morari,
3352 4292 3643 4362 majoribus
3705 4314 3709 4318 ·

2066 4389 2365 4446 contractis
2406 4387 2601 4457 copiis,
2638 4402 2752 4443 rem
2801 4397 2967 4441 totam
3009 4386 3148 4442 bello
3193 4387 3488 4441 decernere
3530 4396 3644 4440 sta-

376 4480 671 4550 διατριὸὴν
717 4479 1012 4546 ποιεῖσθαι,
1052 4480 1310 4549 δυνάμεις
1354 4478 1435 4531 ἔτι
1480 4479 1683 4549 μᾶλλον
1730 4478 1955 4549 ἀγείρας

2072 4482 2197 4537 tuit.
2231 4481 2440 4535 Interea
2475 4479 2661 4533 multis
2696 4480 2894 4549 ubique
2921 4481 2986 4533 de
3017 4477 3276 4548 Stephani
3312 4479 3551 4533 exercitu
3581 4478 3645 4529 ad

388 4569 609 4639 πολέμῳ
630 4570 693 4622 τὸ
712 4573 819 4623 πᾶν
837 4569 1108 4639 διακρῖναι
1127 4570 1402 4639 ἠπείγετο.
1441 4569 1531 4622 Ἐν
1560 4569 1616 4622 δὲ
1638 4568 1812 4638 τούτῳ
1837 4566 1965 4620 πολ-

388 4659 469 4712 λοὶ
516 4660 626 4713 τῶν
672 4661 769 4713 σὺν
807 4660 1065 4731 Στεφάνῳ
1093 4662 1187 4713 ἐπὶ
1247 4661 1337 4714 τὸν
1389 4661 1535 4733 ρῆγα
1602 4659 1964 4731 μετατιθέμεο

391 4768 469 4804 νοι
516 4750 773 4803 ἑκάστοτε
827 4750 1112 4821 ψιλοῦσθαι
1157 4752 1346 4805 τοῦτον
1375 4754 1612 4806 ἐποίουν.
1654 4752 1719 4805 Ὃ
1743 4752 1902 4820 γνοὺς
1937 4750 1966 4801 6

393 4842 681 4913 Χαλούφης
706 4842 900 4914 βουλὴν
932 4846 1207 4915 προσῆγεν
1234 4844 1384 4915 αύτῷ
1409 4844 1507 4912 τῆς
1528 4845 1796 4913 Ούννικῆς
1832 4846 1965 4896 ἀπο-

395 4936 642 5007 σχομένῳ
677 4937 768 4988 ἐπὶ
828 4935 1052 5006 Σίρμιον
1081 4937 1398 5005 ἀφικέσθαι.
1430 4938 1542 5008 Τῆς
1592 4940 1701 5006 γὰρ
1730 4936 1965 4990 ἐνταῦθα

394 5027 576 5099 χώρας
605 5026 707 5079 ὑπὸ
736 5026 941 5098 βασιλεῖ
976 5028 1236 5099 κειμένης
1266 5027 1472 5093 ἐξεῖναι
1508 5029 1659 5102 αὐτῷ
1677 5028 1828 5097 ἔλεγε
1853 5029 1973 5081 κατ’

396 5119 639 5183 ἐξουσίαν
656 5114 735 5182 οἷς
754 5118 817 5172 ἂν
835 5118 1077 5188 βούλοιτο
1090 5121 1381 5189 ἐγχειρεῖν.
1410 5119 1496 5182 Ὠς
1514 5122 1558 5173 δ’
1580 5121 1816 5191 ἰσχυρῶς
1837 5121 1979 5173 ἐκεῖ·

397 5226 488 5274 νος
504 5213 781 5278 ἀνένευεν,
816 5214 842 5263 ὁ
892 5211 949 5263 δὲ
966 5210 1145 5264 τοιάδε
1169 5213 1392 5265 ἐνενόει.
1425 5212 1782 5283 Σκηψάμενος
1802 5215 1980 5283 γράμ-

2073 4588 2255 4646 regetn
2298 4572 2709 4638 deﬁcientibus,
2743 4573 3124 4627 minuebantur
3156 4572 3300 4625 illius
3334 4571 3509 4636 vires;
3543 4586 3646 4639 quo

2074 4667 2325 4735 cegnito.
2355 4664 2664 4734 Chaluphes
2711 4666 3000 4720 consilium
3045 4666 3093 4720 ei
3141 4666 3320 4727 dedit,
3358 4674 3419 4718 ut
3460 4664 3648 4718 relicta

2078 4758 2350 4829 llungaria
2376 4759 2430 4811 in
2461 4757 2814 4812 Sirmiensem
2848 4772 3034 4825 agrum
3066 4756 3391 4811 concederet
3420 4773 3434 4811 :
3469 4757 3520 4810 in
3537 4758 3649 4808 ἦδινι

2078 4853 2223 4907 enim
2253 4851 2475 4920 regione
2508 4850 2822 4919 imperatori
2852 4850 3094 4913 subdita,
3117 4865 3275 4917 posse
3302 4849 3447 4903 illum
3475 4850 3649 4903 aiebat

2085 4960 2181 5017 pro
2218 4944 2443 4998 arbitrio
2474 4958 2593 5013 qua:
2627 4944 2788 4997 vellet
2820 4943 3018 4998 moliri.
3045 4942 3151 4997 Sed
3192 4944 3282 4997 illo
3323 4943 3650 5011 pertinacius

2084 5046 2364 5099 renuente,
2399 5036 2506 5090 tale
2543 5036 2673 5104 quid
2718 5035 3172 5090 comminiscitur.
3210 5035 3440 5089 Litteras
3482 5035 3649 5101 impe-

2087 5127 2280 5181 ratoris
2310 5127 2515 5194 fingens
2543 5126 2645 5180 sibi
2675 5140 2800 5180 esse
2832 5126 3050 5188 allatas,
3080 5139 3272 5178 versus
3302 5122 3494 5176 Istrum
3526 5140 3653 5189 pro-

2089 5218 2261 5271 fectns
2306 5228 2407 5280 εει,
2444 5225 2503 5269 υι
2550 5232 2645 5272 eos
2690 5218 2783 5283 qui
2824 5216 2941 5269 illas
2981 5215 3277 5269 attulerant
3322 5213 3499 5281 ibique
3547 5228 3652 5279 pm:

1766 5356 1859 5413 Du
1894 5356 2112 5434 Cangii
2150 5361 2333 5433 nota}.

627 5470 1012 5541 Ἀδελςοιδοῦς
1056 5472 1383 5541 Στέφανος.
1412 5471 1494 5525 An
1532 5470 1790 5527 Vladislai
1844 5475 1987 5539 regis

399 5540 590 5593 ﬁlius?
623 5553 770 5594 certe
803 5546 867 5595 de
896 5540 1460 5609 Vladislai’Stephani
1494 5543 1680 5596 lratris
1714 5546 1985 5597 connubio

404 5611 565 5663 silent
587 5612 897 5678 scriptores.
933 5612 1038 5665 Sed
1071 5628 1167 5665 nec
1192 5613 1367 5666 sunile
1396 5611 1611 5665 videtur
1636 5627 1783 5675 vero,
1817 5612 1980 5663 lilium

406 5678 685 5751 Yladislai,
724 5682 876 5750 cujus
903 5683 1138 5751 nuptias,
1162 5684 1205 5735 si
1238 5696 1375 5750 quas
1403 5683 1542 5745 iniit,
1570 5692 1691 5749 post
1718 5682 1983 5745 Stephani

406 5750 591 5805 fratris
647 5766 769 5806 enm
838 5750 1003 5804 Maria
1061 5752 1338 5805 Coutuena
1417 5754 1745 5806 connuhiunt
1810 5753 1982 5805 laetas

722 5846 988 5907 ΡΑΤιιοι..
1049 5848 1162 5907 GR.
1211 5847 1527 5907 CXXXIII.

2083 5482 2316 5537 c0nstat,
2361 5473 2533 5538 ipsum
2586 5474 2920 5545 Stephanum
2956 5474 3099 5545 vultu
3140 5480 3194 5526 et
3228 5488 3323 5527 ore
3369 5472 3653 5545 adt-oes-

2087 5545 2377 5609 pressisse,
2428 5546 2519 5609 qui
2580 5541 2739 5608 :rta'te
2797 5545 2964 5597 tnulto
3016 5543 3238 5595 inferior
3290 5551 3427 5594 crat.
3482 5541 3660 5595 Malim

2084 5614 2248 5678 igitur
2278 5628 2372 5677 per
2413 5615 2729 5680 ἀδελφιδοῦν
2782 5612 3026 5681 Μιχαὴλ
3074 5614 3379 5679 quetnpia-ut
3431 5612 3595 5663 alium
3634 5629 3665 5664 ε

2083 5683 2254 5750 stirpe
2289 5684 2431 5748 regia
2469 5685 2732 5752 Stephani
2786 5688 3014 5737 senioris
3064 5687 3522 5749 euttsanguiurtnu
3576 5683 3657 5733 iu-

2082 5753 2415 5806 itttellcxisse
2446 5755 2791 5819 Clitumnum,
2824 5756 3071 5821 quisquis
3101 5756 3187 5804 ille
3231 5756 3329 5803 fuit

3186 5843 3254 5903 1'.)
