4014 6400
392 349 497 413 587

1678 338 2004 401 JOANNIS
2042 337 2365 399 ClNNAMI

3542 333 3647 397 588

392 462 765 532 llungarornm
814 463 955 509 netu
1004 453 1391 517 substiterant,
1432 455 1768 509 conveniret.
1805 452 1962 506 Post-

2084 467 2218 518 tara.
2236 452 2299 503 ἐκ
2332 448 2596 518 βασιλέως
2619 448 2773 520 ἥκειν
2800 444 2950 514 αὒτῷ
2968 444 3061 498 ἐπὶ
3080 443 3171 498 τὸν
3193 441 3402 513 Ἴστρον
3425 444 3645 516 ἐχώρει.

389 568 552 621 quam
584 565 648 603 eo
679 551 943 617 pervenit,
967 546 1019 600 itt
1053 545 1403 601 Sirmiensetn
1433 543 1703 613 regionem
1733 542 1961 611 trajecit.

393 628 502 696 Nec
529 638 697 693 multo
730 644 849 706 post
877 638 1190 705 Stephanus
1217 650 1338 690 cum
1366 648 1532 704 prepe
1559 633 1750 688 luisset
1776 643 1965 703 captus

393 740 460 787 ab
494 730 771 796 hostibus,
803 728 1015 797 fugiens
1047 728 1112 782 ad
1144 727 1293 782 illum
1325 724 1575 781 accessit.
1604 724 1705 780 Ubi
1738 725 1853 780 haec
1880 740 1967 779 re-

392 824 551 879 scivit
577 824 847 893 princeps,
879 822 1129 875 idoneum
1164 823 1460 874 exercitum
1491 817 1749 873 Sirmium
1782 816 1964 882 mittit,

392 929 505 973 tum
543 924 600 971 nt
633 924 980 970 conservaret
1012 913 1112 967 sibi
1148 912 1421 981 regionem
1458 911 1615 966 istam
1661 911 1969 979 (verebatur

392 1009 536 1066 enim
585 1006 817 1061 maxime
862 1019 932 1060 ne
976 1004 1214 1075 Hungari
1260 1004 1453 1058 iterum
1500 1017 1584 1056 res
1625 997 1966 1069 iunovarent)

397 1112 508 1155 tum
565 1108 621 1153 ut
667 1096 1007 1153 subditorum
1058 1095 1335 1150 securitati
1387 1102 1441 1149 et
1492 1092 1755 1163 Stephani
1807 1091 1969 1146 saluti

396 1191 726 1248 consuleret.
750 1187 988 1243 Praeerat
1014 1185 1131 1241 istis
1158 1185 1328 1255 cupiis
1352 1184 1581 1239 Michael
1610 1192 1970 1254 cognomento

397 1285 628 1346 Gahras,
657 1281 746 1351 qui
779 1290 833 1334 et
863 1281 976 1349 ipse
1009 1293 1074 1332 ex
1108 1276 1277 1331 fratre
1312 1275 1573 1331 Manuelis
1606 1276 1807 1344 neptim
1833 1290 1970 1330 uxo-

400 1390 510 1429 rem
537 1375 787 1434 duxerat,
813 1382 864 1425 et
893 1371 1091 1426 sebasn
1118 1370 1323 1423 honore
1345 1382 1469 1422 cum
1495 1365 1776 1435 Chaluphe
1796 1365 1973 1420 fuerat

399 1467 651 1520 donatus.
709 1462 963 1531 Princeps
1019 1475 1146 1514 vero
1198 1456 1449 1528 Procopii
1505 1456 1667 1527 227
1721 1456 1973 1527 martyris

401 1573 643 1622 manum,
673 1569 837 1624 quam
871 1568 933 1608 ex
972 1552 1170 1607 Sirmio
1203 1549 1346 1605 forte
1377 1551 1700 1613 abstulerat,
1731 1548 1785 1602 in
1826 1547 1969 1601 Νιιίδί

402 1649 663 1718 templum
690 1647 930 1708 allatam,
960 1643 1169 1712 reliquo
1203 1642 1435 1698 reddidit
1465 1640 1700 1710 corpori,
1728 1656 1848 1694 cum
1885 1654 1970 1703 ea,

2066 546 2175 606 τοῖς
2190 541 2363 595 ταῦτα
2377 541 2700 611 κομίζουσιν
2716 538 3101 608 ἐπευξάμενος
3121 535 3355 591 ἐνταῦθά
3370 554 3472 589 που
3496 538 3649 608 παρά

2067 636 2158 689 τὸν
2188 636 2401 703 Ἴστρον
2423 634 2531 688 δέει
2568 633 2647 704 τῷ
2669 634 2733 687 ἐκ
2763 632 2871 686 τῶν
2891 630 3109 685 Οῦννων
3138 627 3424 698 διατριϐὴν
3459 646 3648 683 ποιου-

2071 728 2273 797 μένοις.
2306 726 2526 796 Ἐπειδή
2549 742 2608 778 τε
2639 723 2878 778 ἐνταῦθα
2923 722 3162 790 ἐγένετο,
3197 720 3650 790 περαιωσάμενος

2070 820 2165 873 ἐπὶ
2192 820 2420 889 Σιρμιον
2458 814 2645 889 ἦλθεν.
2690 815 2888 885 Ὀλίγῳ
2919 814 2976 867 δὲ
3011 813 3236 882 ὓστερον
3286 812 3381 866 καὶ
3437 812 3649 882 Στέφα-

2069 927 2158 973 νος
2197 910 2365 978 ἐγγὺς
2407 908 2612 963 ἁλῶναι
2659 910 2773 968 τοϊς
2820 904 3106 976 πολεμίοις
3147 903 3320 959 ἐλθὼν
3373 905 3553 974 φυγὰς
3590 910 3649 970 ἐς

2070 1001 2232 1055 αὐτὸν
2262 1001 2649 1068 παραγίνεται.
2675 987 2898 1052 Τούτων
2930 996 3171 1059 ἀκούσας
3197 994 3449 1065 βασιλεὺς
3483 997 3649 1068 στρά-

2072 1112 2253 1165 τευμα
2279 1095 2440 1162 λόγου
2481 1092 2632 1157 ἄξιον
2659 1091 2754 1145 ἐπὶ
2790 1092 3019 1161 Σίρμιον
3048 1089 3286 1160 έπεμψε,
3344 1088 3406 1142 τὸ
3449 1089 3546 1159 μέν
3597 1107 3650 1143 τι

2070 1189 2169 1260 τὴν
2193 1188 2378 1260 χώραν
2402 1187 2553 1257 αὐτῷ
2588 1188 2828 1258 τηρῆσον
2863 1186 3095 1257 (ὑποψία
3132 1185 3241 1257 γὰρ
3276 1187 3334 1248 ἐς
3364 1186 3490 1248 τοὺς
3516 1184 3651 1238 Οὕν-

2071 1297 2196 1343 νους
2227 1280 2426 1351 ἐχρῆτο
2456 1280 2625 1350 πολλῇ
2654 1281 2729 1351 μή
2775 1296 2830 1332 τι
2874 1279 2968 1333 καὶ
3021 1278 3183 1332 πάλιν
3228 1276 3648 1347 νεωτερίσαιεν),

2072 1371 2134 1423 τὸ
2160 1370 2218 1423 δὲ
2244 1371 2337 1423 καὶ
2363 1370 2441 1442 τῷ
2468 1370 2810 1441 εὐπροσώπῳ
2833 1371 2931 1435 τῆς
2959 1370 3069 1423 τῶν
3104 1369 3321 1423 οἰκείων
3356 1367 3652 1434 ἀσφαλείας

2075 1464 2172 1517 καὶ
2243 1464 2503 1534 Στεφάνῳ
2561 1462 2661 1533 τὴν
2733 1461 3009 1531 σωτηρίαν
3071 1460 3653 1531 πραγματευσάμενον.

2073 1550 2253 1625 Ἶίρχε
2290 1554 2349 1607 δὲ
2411 1555 2644 1625 ταυτησὶ
2687 1555 2785 1624 τῆς
2821 1553 3079 1624 στρατιᾶς
3116 1549 3338 1622 Μιχαὴλ
3368 1552 3656 1621 ἐπίκλησιν

2074 1647 2292 1718 Γαϐρᾶς
2323 1646 2460 1716 (89),
2492 1646 2551 1710 ὃς
2577 1646 2673 1700 καὶ
2711 1645 2875 1707 αὐτὸς
2919 1644 3189 1715 βασιλέως
3215 1645 3402 1713 γήμας
3441 1642 3659 1711 ἀδελφι-

403 1754 562 1808 quam
607 1738 856 1791 dicturus
900 1751 1043 1801 sum,
1076 1734 1141 1788 de
1188 1748 1348 1787 causa
1394 1733 1462 1786 ab
1509 1747 1576 1786 eo
1616 1731 1742 1785 olim
1789 1731 1973 1783 fuisset

2084 1736 2176 1805 δῆν
2218 1737 2479 1800 σεϐαστός
2511 1739 2610 1791 σὺν
2638 1736 2716 1807 τῷ
2741 1735 3005 1807 Χαλούφη
3040 1735 3357 1805 τετίμηται.
3393 1733 3652 1797 Βασιλεὺς

402 1831 605 1884 avulsa.
639 1828 1017 1897 llungarorum
1066 1841 1197 1896 gens
1240 1840 1382 1896 saepe
1426 1824 1793 1880 Romanorum
1838 1822 1971 1876 lines

2084 1798 2141 1879 si
2161 1827 2227 1897 ἥν
2252 1828 2316 1880 ἐκ
2344 1826 2439 1880 τοῦ
2463 1798 2701 1898 *Σιρμίου
2747 1798 3057 1898 Προκοπίου
3090 1798 3187 1878 του
3229 1798 3503 1895 μάρτυρος
3542 1822 3659 1896 (90)

403 1920 723 1982 incursavit.
754 1932 806 1973 et
846 1918 1006 1986 paulo
1048 1927 1173 1972 ante
1213 1932 1372 1987 quam
1420 1919 1710 1985 imperaret
1751 1915 1971 1970 Alexius

404 2014 734 2075 (lomncnus,
763 2008 1024 2064 Sirmium
1057 2009 1197 2076 cepit
1232 2007 1521 2078 multisque
1550 2007 1971 2062 Transistrianis

404 2103 626 2156 tzt‘ltibtts
656 2101 979 2171 expugnatis
1016 2099 1237 2154 Naismn
1282 2113 1454 2168 usque
1494 2101 1757 2170 pervenit.
1791 2097 1867 2152 lbi
1916 2102 1966 2153 in

404 2204 644 2249 sanctum
681 2194 825 2249 illius
861 2194 1116 2263 martyris
1152 2192 1453 2246 incidentes
1484 2191 1767 2255 feretrum,
1800 2201 1970 2246 totum

402 2289 616 2355 quidem
664 2288 789 2341 inde
831 2301 1028 2353 corpus
1072 2284 1288 2339 auferre
1329 2284 1706 2348 inhumamnn,
1737 2297 1794 2338 ut
1824 2286 1973 2339 arbi-

404 2394 536 2442 tror,
565 2378 962 2442 existimantes,
996 2377 1109 2431 sola
1143 2391 1300 2431 mamt
1339 2375 1517 2429 ablata
1554 2391 1833 2431 recessere
1869 2395 1882 2429 :
1919 2385 1973 2428 et

405 2471 664 2523 hii-mium
691 2468 916 2529 reversi,
938 2484 1054 2520 eam
1083 2469 1383 2536 deposuere
1412 2466 1467 2520 in
1498 2471 1694 2536 temp'o
1720 2468 1972 2522 Demetrii

408 2559 685 2627 martyris,
713 2556 856 2624 quod
890 2558 1099 2623 pridem
1128 2564 1475 2610 exstruxerat
1509 2556 1553 2610 is
1582 2559 1673 2624 qui
1704 2555 1976 2625 Illyricum

406 2648 695 2717 prmioctus
723 2647 961 2716 regebat.
990 2645 1124 2700 Eam
1159 2648 1320 2714 igitur
1350 2646 1459 2701 illic
1492 2647 1763 2724 inventam
1800 2662 1979 2702 snsm-

402 2743 464 2794 Ιιι
511 2742 633 2795 inde
676 2740 968 2808 imperator
1008 2750 1061 2791 et
1108 2740 1338 2808 reliquo,
1368 2750 1425 2794 ut
1461 2740 1719 2805 diximus,
1749 2742 1979 2793 reddidit

396 2831 639 2899 corpori.

2085 1920 2411 1990 ἀνελόμενος
2445 1920 2601 1989 ἔτυχε
2626 1921 2782 1989 χξτρα
2809 1919 2901 1970 ἐπὶ
2927 1917 3017 1969 τὸν
3035 1916 3092 1968 ἐν
3119 1915 3307 1982 Ναῖσῷ
3336 1913 3469 1968 νεὼν
3508 1914 3659 1983 ἄγων

2076 2011 2158 2084 τῷ
2179 2010 2349 2083 λοιπῷ
2375 2012 2579 2081 ταύτην
2614 2011 2863 2063 ἀπέδωκε
2887 2009 3121 2079 σώματι,
3146 2005 3377 2060 παλαιοῦ
3411 2006 3505 2061 τοῦ
3534 2008 3660 2077 χρό-

2076 2121 2168 2158 νου
2191 2106 2287 2159 ἀπ’
2318 2105 2497 2168 αἰτίας
2522 2105 2932 2175 ἀπορραγεῖσαν
2950 2100 3188 2154 τοιᾶσδε.
3223 2099 3422 2157 "rem,
3444 2099 3659 2153 Οὖννων

2079 2198 2230 2261 ἔθνος
2253 2198 2425 2251 πολλὰ
2461 2198 2561 2267 μὲν
2592 2196 2851 2259 πολλάκις
2890 2195 2989 2265 τὴν
3031 2194 3320 2263 Ῥωμαίων
3348 2193 3675 2271 κατέδραμε

2080 2291 2206 2357 γῆν,
2246 2289 2416 2359 ὀλίγῳ
2467 2288 2524 2342 δέ
2549 2288 2859 2359 ἔμπροσθεν
2893 2288 2993 2355 τῆς
3034 2285 3273 2351 Ἀλεξίου
3322 2284 3416 2338 τοῦ
3443 2285 3665 2354 Κομνη-

2082 2380 2173 2435 νοῦ
2201 2380 2479 2451 βασιλείας
2523 2381 2750 2450 Σίρμιόν
2795 2397 2855 2432 τε
2887 2372 2997 2430 εἷλε
3032 2380 3127 2431 καὶ
3153 2375 3355 2441 πολλάς
3397 2375 3504 2429 τῶν
3550 2377 3661 2430 Πα-

2093 2472 2353 2541 ριστρίων
2411 2472 2950 2543 ἀνδραποδισάμενος
3012 2468 3221 2523 πόλεων
3271 2469 3398 2540 ἄχρι
3448 2467 3544 2522 καὶ
3568 2468 3660 2521 ἐπὶ

2078 2563 2283 2616 Ναῖσὸν
2329 2561 2511 2634 ἦλθεν.
2577 2562 2747 2616 Ἔνοα
2790 2565 2853 2632 τῇ
2892 2561 2983 2614 τοῦ
3019 2561 3295 2633 μάρτυρος
3341 2560 3493 2614 τοῦδε
3541 2561 3660 2632 ἱερᾷ

2085 2654 2583 2724 περιτετυχηκότες
2651 2648 2797 2723 cepi?»
2850 2654 2971 2706 ὅλον
3043 2654 3141 2721 μὲν
3193 2652 3547 2723 ἀφαιρεῖσθαι
3600 2652 3660 2704 τὸ

2079 2746 2238 2815 σῶμα
2273 2746 2623 2817 κεκρίκασιν,
2649 2742 2825 2814 οἶμαι,
2878 2746 3273 2815 ἀπάνθρωπον,
3320 2746 3419 2815 τήν
3458 2760 3521 2812 γε
3555 2743 3660 2814 μὴν

2080 2839 2236 2909 χεῖρα
2276 2837 2579 2907 διελόμενοι
2624 2836 3026 2908 ἀπεχώρησανο
3064 2840 3123 2889 ἐν
3180 2836 3392 2908 Σιρμίῳ
3421 2836 3476 2890 δέ
3498 2853 3663 2905 γεγο-

402 2920 554 2982 νότες
583 2921 675 2972 ἐπὶ
710 2919 799 2973 τὸν
843 2921 965 2990 τῇδε
1005 2918 1100 2974 τοῦ
1171 2919 1448 2990 μάρτυρος
1508 2921 1820 2991 Δημητρίου
1870 2923 2164 2978 κατέθεντο
2199 2928 2316 2979 νεδν
2364 2928 2499 2997 (91),
2532 2928 2590 2980 ὃν
2641 2927 2698 2980 ὲν
2764 2929 2879 2991 τοῖς
2949 2927 3062 2981 ἄνω
3108 2928 3322 2998 χρόνοις
3353 2929 3381 2980 ὁ
3409 2927 3509 2999 τὴν
3568 2926 3664 2981 τοῦ

413 3011 715 3082 Ἰλλυρικοῦ
756 3011 954 3065 διέπων
996 3010 1301 3082 ἐδομήσατο
1338 3010 1533 3081 ἀρχήν.
1568 3012 1653 3082 (Ρ.
1678 3011 1804 3082 152)
1841 3013 2011 3067 Ἔνθα
2050 3015 2259 3087 ταῦτην
2307 3016 2485 3090 εὑρὼν
2523 3017 2777 3089 βασιλεὺς
2811 3016 3043 3072 ἀνέλαϐέ
3089 3034 3150 3071 τε
3216 3016 3424 3072 ἐκεῖθεν
3461 3019 3556 3072 καὶ
3586 3018 3666 3089 τῷ

401 3097 593 3171 λοιπῷ,
629 3104 882 3175 καθάπερ
902 3104 1142 3175 εἴρηται,
1171 3103 1355 3175 φέρων
1375 3104 1627 3158 ἀπέδωκε
1661 3104 1899 3175 σώματι.

472 3200 525 3254 9.
574 3201 750 3268 Atque
800 3201 913 3253 llaec
962 3199 1075 3253 fere
1124 3209 1285 3261 sunt,
1341 3213 1462 3267 qua:
1507 3214 1573 3255 eo
1618 3214 1761 3254 anno
1794 3210 1974 3255 contra

2160 3203 2270 3257 Καὶ
2307 3202 2374 3256 τὰ
2400 3202 2500 3274 μὲν
2525 3206 2604 3268 είς
2636 3206 2816 3258 ἐκεῖνο
2846 3204 2907 3258 τὸ
2942 3203 3063 3269 ἔτος
3084 3206 3227 3260 κατὰ
3297 3205 3515 3261 Οὖννων
3583 3206 3667 3278 τῷ

409 3292 686 3358 llungaros
711 3292 874 3362 gessit
902 3290 1173 3359 princeps.
1200 3289 1449 3344 Alcxium
1475 3290 1671 3345 deinde
1696 3292 1978 3347 domestici

404 3384 591 3447 lilium,
622 3382 712 3452 qui
750 3381 1124 3452 protonotarii,
1165 3390 1222 3433 ιιι
1264 3383 1459 3449 smpius
1497 3396 1529 3434 ιι
1579 3397 1664 3437 me
1698 3393 1975 3437 narratum

404 3486 510 3543 est,
543 3488 765 3528 munere
811 3473 1153 3541 fungi-batur,
1202 3487 1397 3539 magno
1435 3474 1756 3526 instructum
1806 3489 1977 3543 appa.

410 3576 529 3621 ratu
561 3565 613 3619 itt
645 3564 883 3619 Ciliciam
919 3565 1064 3616 misit
1092 3574 1143 3616 et
1173 3577 1439 3615 summum
1475 3563 1591 3631 ejus
1628 3565 1748 3617 belli
1783 3565 1976 3620 ducem

409 3655 710 3709 constituit.
768 3653 973 3722 Quippe
1027 3653 1331 3707 Nuradinus
1394 3653 1666 3709 Berrhceze
1733 3657 1980 3712 sultauus

409 3746 681 3816 prioribus
713 3746 888 3801 elatus
933 3745 1174 3799 victoriis
1226 3746 1498 3814 potiundae
1541 3761 1698 3813 quam
1747 3749 1976 3816 primum

407 3837 644 3895 civitatis
679 3834 1025 3890 Antiochenae
1063 3850 1212 3904 spent
1238 3818 1674 3904 'conccperatpet
1713 3837 1976 3903 Torosus,

405 3931 498 4002 qui
526 3941 633 3984 tum
659 3928 935 3982 Armeniis
958 3926 1274 3996 imperabat,
1300 3926 1559 3997 plurimas
1577 3928 1793 3984 Isauria:
1815 3931 1977 3986 urbes

406 4023 641 4093 principi
670 4023 927 4077 obnoxias
967 4020 1090 4073 dolo
1117 4030 1355 4089 ceperat,
1390 4019 1700 4075 Andronico
1736 4020 1979 4092 Euphor-

407 4114 548 4168 hcno
574 4113 834 4181 principis
861 4110 1027 4180 228
1050 4118 1303 4180 cognato,
1328 4109 1535 4165 Cilicia:
1563 4122 1672 4165 tmn
1705 4114 1978 4180 praeit-clo,

406 4206 671 4261 infensus.
714 4204 845 4258 Nam
896 4205 1140 4273 plurimis
1174 4203 1296 4259 aliis
1328 4219 1450 4258 eum
1483 4204 1804 4259 criminibus
1836 4204 1982 4259 inse-

408 4299 690 4361 ctabatur,
741 4313 804 4351 ac
855 4298 977 4352 εωδί
1030 4298 1262 4351 ιιιιιιιίιιιο
1299 4295 1482 4349 fratris
1530 4297 1583 4349 in
1614 4313 1737 4350 eum
1768 4297 1980 4362 culpam

408 4388 694 4445 referebat.
721 4390 846 4444 llaec
880 4399 991 4444 tum
1024 4390 1094 4443 ibi
1122 4396 1273 4457 gesta
1307 4397 1454 4445 sunt.
1484 4386 1774 4443 Frederico
1803 4398 1981 4442 autem

2090 3295 2300 3362 βασιλεί
2334 3295 2705 3366 πεπραγμένα
2738 3295 2917 3351 τοιάδε
2939 3296 3064 3350 τινὰ
3080 3291 3244 3365 ἦσαν.
3318 3298 3376 3351 Ὀ
3405 3297 3461 3350 δὲ
3511 3297 3665 3351 Ἀλέ-

2090 3386 2201 3450 ξιον
2228 3387 2322 3439 τὸν
2346 3386 2442 3439 τοῦ
2479 3387 2805 3455 δομεστίκου
2824 3389 2963 3454 υἱέα,
2996 3388 3055 3453 δς
3082 3389 3181 3461 τὴν
3199 3392 3662 3462 ⁸ηρωτονοει-αρίου,

2089 3474 2277 3545 ὥσπερ
2310 3493 2402 3546 μοι
2439 3476 3160 3550 πολλάκιςέρῤέθη,διεῑπεν
3176 3480 3371 3551 ἀρχὴν,
3400 3483 3498 3534 σὺν
3536 3480 3665 3552 ᾴξέᾳ

2084 3565 2242 3635 λόγου
2269 3572 2589 3641 παρασκευῇ
2616 3570 2709 3623 ἐπὶ
2763 3571 2863 3642 τὴν
2894 3570 3135 3625 Κιλίκων
3159 3570 3507 3638 ἐξαπέστειλε
3538 3573 3664 3643 γῆν,

2087 3658 2392 3727 στρατηγὸν
2414 3658 2791 3730 αὐτοκράτορα
2818 3659 2915 3714 τοῦ
2947 3660 3185 3730 πολέμου
3218 3660 3370 3715 τοῦδε
3396 3678 3666 3731 καταστη-

2089 3748 2343 3818 σάμενος.
2373 3749 2641 3821 Νουραδίν
2657 3767 2717 3803 τε
2742 3751 2851 3822 γὰρ
2879 3753 2907 3805 ὀ
2944 3752 3256 3823 Βερροιατος
3281 3753 3566 3825 σατράπης
3588 3754 3670 3806 νί-

2085 3856 2209 3904 καις
2242 3843 2362 3904 ταῖς
2395 3842 2794 3913 προλαϐούσαις
2820 3843 3081 3914 ἐπαρθεὶς
3104 3844 3318 3898 ἐλπίσιν
3343 3844 3664 3915 ὡχεῖτοίπό-

2086 3932 2223 3991 λεως
2248 3936 2349 3987 οὐκ
2377 3934 2455 3997 είς
2490 3934 2708 4004 μακρὰν
2748 3935 3163 4008 περιγεγονέναι
3194 3937 3545 4008 ’Δντιοχείας,
3572 3937 3671 3991 καὶ

2095 4023 2337 4095 Τερόζης
2380 4025 2438 4088 ὃς
2491 4025 2795 4097 Ἀρμενίων
2823 4027 3141 4083 ἐδυνάστευε
3181 4027 3302 4081 τότε
3332 4030 3532 4093 πολλὰς
3560 4030 3671 4082 τῶν

2090 4115 2303 4186 βασιλεί
2354 4116 2641 4187 κατηκόων
2674 4116 2858 4181 πόλεις
2913 4118 3220 4188 Ἰσαυρικάς
3258 4119 3392 4189 δόλῳ
3427 4119 3671 4190 ἥρπασε,

2088 4206 2165 4278 τῷ
2194 4208 2455 4280 Φερόηνῷ
2508 4209 2878 4279 δυσμεναίνων
2921 4211 3241 4282 Ἀνδρονίκῳ
3287 4212 3367 4283 τῷ
3407 4212 3674 4282 βασιλέως

2090 4297 2371 4369 ἐξαδέλφῳ
2401 4301 2493 4352 καὶ
2519 4300 2762 4353 Κιλίκων
2788 4302 3185 4372 στρατηγοῦντι
3213 4301 3291 4374 τῷ
3319 4304 3462 4359 τότε.
3501 4302 3671 4357 Ἀλλα

2060 4387 2149 4441 ’τε
2192 4388 2300 4459 γὰρ
2348 4388 2578 4444 πλεῖστα
2642 4391 2903 4445 ἐπεκάλει
2934 4390 3113 4461 τούτῳ
3178 4396 3274 4445 και
3327 4393 3391 4464 δὴ
3449 4394 3671 4464 καὶτῆς

1785 4509 1881 4568 Du
1909 4506 2131 4586 Cangii
2165 4516 2356 4570 notae.

481 4630 594 4701 (89)
644 4631 891 4700 Μιχαὴλ.
911 4630 1165 4698 Γαΰρᾶς.
1216 4630 1460 4697 Nicetes,
1511 4629 1550 4684 l.
1581 4646 1633 4698 ν,
1686 4646 1739 4685 ιι.
1797 4629 1849 4683 ’5.

406 4714 643 4759 stemma
676 4701 941 4756 Comnen.

483 4770 593 4841 (90)
644 4773 983 4838 Προκοπίου
1038 4770 1145 4824 τοῦ
1211 4771 1532 4841 μάρτυρος.
1594 4771 1674 4841 An
1736 4769 1985 4841 Procopii

412 4844 691 4963 tnart¥ris,
726 4843 880 4911 cujus
904 4842 1100 4896 festum
1131 4840 1293 4911 agunt
1322 4842 1496 4896 Great-1
1524 4855 1588 4894 ac
1622 4840 1798 4894 Latini
1836 4841 1868 4895 8
1904 4840 1980 4897 id.

412 4912 535 4963 Julii
616 4913 683 4963 At
716 4913 910 4963 cumis
939 4913 1037 4963 sub
1081 4910 1411 4963 Diocletiano
1440 4911 1697 4963 Czesarea:
1730 4910 1779 4963 iu
1828 4910 1980 4963 l’alae.

407 4910 576 4967 Julii?
616 4913 683 4965 At
716 4910 910 4966 omnis
939 4913 1037 4965 sub
1081 4910 1411 4966 Diocletiano
1440 4911 1697 4965 Czesareze
1730 4910 1779 4963 iu
1828 4910 1990 4965 l’alae-

410 4984 552 5036 stina
613 4983 926 5049 martyrium
978 4982 1279 5049 pertulerit,
1330 4981 1545 5049 quando
1591 4980 1735 5032 illius
1785 4993 1983 5049 corpus

405 5052 633 5106 Naisnm
665 5052 988 5105 translatum
1022 5054 1146 5105 inde
1184 5053 1366 5114 fuerit,
1401 5067 1582 5111 ttetno,
1617 5051 1834 5116 Opinor,
1866 5061 1980 5102 tra-

412 5124 567 5175 didit.
592 5121 745 5175 xEdis
769 5122 891 5175 divo
914 5123 997 5175 isti
1029 5122 1223 5174 dieatae
1257 5122 1309 5174 in
1341 5121 1735 5188 l’elotiuttneso,
1763 5129 1819 5172 ttt
1843 5120 1982 5172 vide-

410 5204 519 5255 tur,
559 5194 801 5244 tnetnintt
855 5202 1044 5244 auctor
1081 5189 1209 5243 Vita:
1257 5192 1315 5244 S.
1357 5187 1514 5242 Lucae
1545 5187 1807 5252 Junioris,
1842 5203 1892 5242 c.
1925 5192 1977 5255 5,

414 5281 468 5315 ιι.
496 5263 584 5315 57.
624 5263 837 5314 institit
865 5264 967 5314 alia
998 5270 1253 5329 pra-terea
1285 5262 1428 5329 {cdes
1458 5264 1508 5312 d.
1544 5259 1788 5325 Procopii
1834 5259 1980 5312 Con-

413 5332 786 5398 stantinopoli,
818 5347 975 5398 quam
998 5326 1295 5383 renovavit
1344 5326 1492 5382 Zeno
1539 5329 1779 5393 lsaurus,
1809 5339 1864 5379 nt
1898 5341 1983 5382 est

414 5417 468 5455 tn
501 5401 774 5454 Chronico
825 5400 1211 5462 Alexandrino,
1249 5416 1310 5452 ac
1345 5401 1541 5452 deinde
1572 5398 1840 5451 AtttOnina
1882 5398 1978 5453 lle-

412 5473 575 5523 ltsarti
620 5486 754 5523 uxor
796 5473 936 5539 apud
981 5471 1302 5537 scriptorem
1350 5467 1602 5522 Chronicr
1648 5471 1798 5534 (pol.
1856 5471 1979 5537 Agit

412 5543 575 5593 etiam
609 5541 673 5590 dc
710 5541 874 5593 hocce
902 5539 1099 5606 templo
1128 5539 1340 5594 Suidas.
1370 5582 1376 5589 .

484 5611 597 5679 (91)
637 5610 746 5661 Ίοῦ
790 5609 1094 5679 μιὶμιερος·
1120 5611 1453 5677 Δημητρίου
1484 5611 1657 5665 νεών.
1695 5610 1846 5675 Quod
1895 5607 1981 5661 hic

412 5677 642 5731 [tacetur
675 5679 928 5743 templum
955 5678 1016 5731 D.
1051 5679 1330 5741 Demetrii,
1369 5682 1578 5734 videtur
1615 5682 1741 5734 illud
1778 5692 1922 5741 esse,
1951 5697 1976 5730 a

413 5763 518 5817 quo
545 5748 797 5816 oppidum
832 5749 893 5802 υ.
933 5747 1189 5804 Demetrii
1230 5751 1294 5805 ad
1332 5750 1528 5806 Savum
1565 5767 1778 5807 amnem
1816 5750 1977 5804 situm

1922 4628 1985 4681 ν.
2023 4640 2069 4699 ι)
2098 4644 2293 4685 nomen
2347 4630 2601 4700 accepit,
2648 4632 2805 4687 hodie
2853 4631 2913 4689 S.
2978 4632 3217 4687 Demeter
3264 4631 3491 4699 dictum,
3529 4633 3674 4689 haud

2097 4700 2284 4768 procul
2311 4704 2378 4754 ab
2415 4703 2634 4769 antiquo
2660 4700 2880 4757 Sirmio.
2913 4702 3066 4769 Quod
3098 4716 3228 4757 vero
3263 4702 3516 4770 templum
3545 4704 3671 4760 illud

2098 4773 2149 4821 in
2201 4769 2415 4841 Sirmio
2446 4781 2659 4825 exstare
2711 4773 2785 4825 ait
2835 4772 3150 4836 Cinnamus,
3196 4771 3246 4824 id
3295 4769 3670 4841 accipiendum

2099 4849 2226 4907 puto
2257 4853 2356 4907 pro
2386 4838 2673 4896 Sirmiensi
2720 4856 2890 4908 agro:
2923 4856 3044 4894 nam
3090 4842 3317 4910 Σίρμιον
3344 4838 3450 4910 non
3501 4844 3669 4896 semel

2102 4925 2147 4962 IS
2175 4911 2375 4962 dlCllUl'
2404 4910 2577 4963 eidem
2610 4911 2884 4979 scriptori.
2922 4910 3114 4978 Oppidi
3151 4909 3278 4965 Vero
3319 4912 3379 4965 S.
3408 4909 3669 4967 Demetrii

2096 4979 2343 5032 meminit
2375 4979 2655 5033 Bonlinius
2691 4981 2811 5034 dec.
2849 4981 2905 5043 5,
2936 4981 2971 5033 Ι.
3002 4996 3079 5045 ιν,
3113 4989 3377 5037 extremo.

2165 5048 2280 5118 (92)
2312 5049 2612 5117 .‘A6s.150017
2643 5050 2971 5118 Στεφάνου.
3000 5048 3118 5102 Jam
3152 5051 3311 5104 modo
3344 5050 3675 5118 percipimus

2092 5124 2214 5189 quis
2268 5119 2431 5172 {inerit
2483 5119 2809 5186 Stephanus,
2867 5121 3023 5189 cujus
3071 5119 3215 5173 illius
3257 5120 3429 5189 fuisse,
3466 5121 3671 5175 dicitur

2094 5188 2221 5239 Litt)
2248 5204 2338 5241 seu
2371 5190 2508 5252 Leo,
2544 5192 2750 5255 primus
2786 5188 3056 5243 Armenitc
3086 5204 3199 5255 rex,
3235 5189 3286 5241 in
3320 5188 3468 5241 Bulla
3502 5205 3669 5244 aurea

2093 5274 2183 5309 seu
2221 5257 2521 5324 Diplomate
2546 5274 2638 5310 an.
2674 5259 2832 5323 l‘2l0,
2860 5261 3001 5327 quod
3037 5256 3273 5311 Manusci
3304 5259 3353 5311 in
3388 5260 3671 5326 provincia

2092 5330 2232 5397 apud
2288 5330 2806 5391 lla-roselymitanos
2855 5331 3062 5395 equites
3096 5342 3430 5392 asset-vatur,
3472 5329 3523 5381 in
3561 5344 3674 5397 quo

2090 5396 2193 5447 Leo
2246 5397 2389 5459 ﬁlius
2424 5398 2627 5449 dc-tnim’
2672 5397 2924 5462 Stephani
2984 5399 3132 5451 bona:
3182 5400 3447 5451 memoria:
3489 5396 3589 5450 Dei
3619 5409 3670 5451 et

2088 5468 2292 5532 ἔρημοι-ἠ
2348 5466 2574 5520 Romani
2608 5471 2779 5536 gratia
2819 5482 2908 5519 rex
2956 5468 3217 5521 Armenia!
3259 5469 3500 5536 dicitur._
3530 5467 3671 5522 Hinc

2089 5545 2250 5590 etiam
2294 5548 2440 5605 patet
2500 5534 2696 5591 Leonis
2752 5540 2920 5604 ipsius
2980 5537 3256 5600 Milonem,
3314 5540 3407 5605 qui
3461 5534 3669 5591 Toroso

2090 5607 2242 5658 lratri
2270 5610 2319 5661 in
2345 5608 2615 5659 Armenia:
2637 5607 2996 5676 principatum
3029 5608 3315 5676 successit,
3344 5606 3668 5660 avunculum

2091 5686 2234 5729 ret-te
2283 5678 2538 5743 appellari
2584 5675 2652 5729 ab
2688 5675 3000 5730 Innocentio
3045 5675 3110 5727 Ill
3171 5691 3285 5743 pp.,
3315 5676 3349 5731 Ι.
3388 5690 3453 5742 11,
3492 5678 3669 5743 lipist.

2091 5690 2234 5729 ret-te
2283 5690 2538 5743 ιιιψυιωη
2584 5690 2652 5729 an
2688 5690 3000 5730 Innocentio
3045 5690 3110 5727 ιιι
3171 5691 3285 5743 pp.,
3315 5690 3349 5731 ι.
3388 5690 3453 5742 ιι,
3492 5690 3528 5729 ιι.
3576 5690 3669 5729 ιει.

2088 5764 2142 5817 p.
2178 5746 2672 5815 536.1’roindeqtte
2722 5760 2752 5800 a
2801 5746 3125 5814 scriptorum
3191 5744 3487 5816 plerisque,
3533 5690 3671 5800 giu-
