4014 6402
443 386 544 450 580

1670 387 1717 444 1]
1735 385 2213 446 lSTOll'lAllUM
2255 385 2398 444 LIB.
2443 387 2509 446 ν.

3603 392 3711 456 590

455 497 550 552 τοῦ
576 496 808 565 ἀδελφοῦ
840 496 1113 564 Στεφάνου
1149 497 1258 567 (99.)
1301 499 1490 567 ᾐτιᾶτο
1545 500 1779 566 σφαγῆς.
1837 499 2009 551 Ταῦτα

2133 500 2558 552 Alemannorum
2591 511 2700 567 regi
2738 511 2791 550 in
2824 500 2938 552 dies
2971 499 3274 568 angebatur
3301 497 3353 552 in
3384 498 3708 558 immensum

445 591 539 658 μὲν
571 588 664 642 οὖν
707 589 832 659 τῇδε
874 588 1202 659 ἐπράσσετο.
1273 589 1588 662 Φρεδερίκῳ
1635 590 1692 644 δὲ
1754 591 1831 659 τῷ
1895 593 2021 662 ρηγὶ

452 681 777 753 ’Λλαμανῶν
805 683 898 734 ἐπὶ
954 681 1098 752 μέγα
1149 682 1413 736 ἑκάστοτε
1463 682 1532 736 τὰ
1579 683 1678 752 τῆς
1737 683 2021 752 δυνάμεως

437 771 633 842 ἐχώρει
667 771 761 825 καὶ
799 769 1057 842 ηὔξανεν.
1102 771 1317 825 Ἀλλων
1353 789 1413 824 τε
1471 772 1580 842 γὰρ
1625 774 1701 835 ὡς
1751 771 2022 825 πλείστων

437 862 522 915 ἐπ’
555 861 829 930 ἀσφαλείᾳ
877 861 974 914 τοῦ
1019 861 1259 933 κράτους
1309 862 1596 930 ἐφρόντισε
1660 863 1758 916 καὶ
1804 863 1868 933 δὴ
1925 864 2020 915 καὶ

435 952 736 1024 χρημάτων
774 952 1224 1024 μεταπεποίηται
1264 953 1530 1022 μάλιστα,
1560 954 1664 1007 οὐκ
1704 949 2021 1024 εἰθισμένον

435 1045 594 1100 τοῦτό
623 1062 686 1114 γε
721 1046 872 1114 αὐτῷ
901 1047 1194 1117 πρότερον.
1225 1046 1420 1098 Τοίνυν
1447 1046 1781 1099 Μεδιόλανόν
1813 1063 1872 1098 τε
1906 1041 2018 1099 εἷλε

432 1138 591 1191 πόλιν
623 1141 926 1208 περιφανῆ,
963 1139 1054 1192 καὶ
1089 1139 1149 1192 τδ
1186 1139 1472 1210 Λιγούρων
1493 1139 1593 1191 εἰτ’
1618 1137 1714 1192 οὖν
1746 1140 2019 1212 Λαμπάρ-

429 1230 538 1285 δων
561 1230 919 1301 ὲτροπώσατο
953 1232 1126 1295 ἔθνος,
1161 1232 1263 1301 ὁδῷ
1299 1249 1357 1285 τε
1384 1231 1593 1303 προῖὼν
1647 1234 1740 1285 καὶ
1792 1234 1884 1286 ἐπὶ
1949 1234 2018 1287 τὰ

436 1322 692 1392 ὲνδότερα
713 1323 824 1376 τῶν
893 1323 1168 1393 ἐσπερίων
1236 1324 1452 1394 ἐχώρει.
1502 1325 1611 1378 Καὶ
1662 1325 1692 1376 ὁ
1752 1324 1886 1396 μηδὲ
1911 1326 2018 1379 τῶν

428 1414 655 1484 ἔγγιστα
678 1415 902 1486 πολέμῳ
927 1416 1284 1488 δεδυνημένος
1324 1417 1710 1488 περιγενέσθαι
1737 1418 1798 1471 τὸ
1825 1418 2018 1486 πρότε-

433 1523 546 1577 ρον,
580 1507 702 1561 τότε
758 1508 856 1562 καὶ
889 1509 998 1561 τῶν
1033 1508 1310 1562 ἀπωτάτω
1348 1510 1592 1581 ἐκράτει.
1640 1510 1779 1580 Ἤδη
1821 1510 1879 1563 δὲ
1920 1513 2017 1564 καὶ

441 1597 630 1670 Ῥώμῃ
662 1599 800 1670 αὐτῇ
839 1601 978 1672 πρὸς
1008 1603 1192 1672 μάχην
1225 1602 1490 1673 κατέστη.
1561 1602 1730 1657 Ὅθεν
1781 1605 1875 1658 καὶ
1947 1604 2014 1657 δι’

427 1689 751 1760 ἐπιμελείας
789 1692 1004 1760 βασιλεῖ
1031 1691 1297 1763 Μανουὴλ
1324 1692 1567 1762 ἐγένετο,
1612 1693 1760 1758 ὅπως
1819 1693 1886 1747 ἂν
1916 1697 2016 1766 τῆς

425 1782 602 1855 ὁρμῆς
624 1783 789 1839 αὐτὸν
836 1786 1039 1857 σχήσῃ,
1070 1784 1146 1848 ὡς
1171 1787 1246 1857 μὴ
1273 1787 1333 1840 τὸ
1360 1786 1690 1858 παραλόγως
1722 1788 2014 1859 εὐημερεῖν

2129 601 2392 658 potestas.
2426 589 2672 659 Cumque
2703 589 2824 644 aliis
2852 590 3034 645 multis
3063 590 3349 660 imperium
3380 592 3482 646 sibi
3515 609 3706 648 corro-

2127 683 2320 736 hurare
2343 680 2607 735 sollicitus
2635 691 2800 746 esset,
2830 681 2896 735 ad
2931 681 2981 736 id
3009 697 3224 752 quoque
3252 684 3512 753 pecunias
3538 700 3702 754 quam

2126 773 2387 841 plurimas
2421 788 2584 827 avara
2619 782 2864 828 votorum
2896 773 3193 841 cupiditate
3236 776 3530 845 congessit,
3561 778 3705 846 quod

2123 864 2259 918 alias
2307 864 2492 919 facere
2547 879 2651 918 non
2698 874 3075 919 consueverat.
3132 864 3298 934 Igitur
3343 865 3702 922 Mediolanum

2122 957 2286 1025 cepit,
2331 957 2606 1012 civitatem
2641 957 2932 1022 celebrem,
2981 967 3035 1011 et
3087 956 3347 1026 Ligurum
3395 960 3509 1014 sive
3539 958 3692 1013 Lom-

2121 1047 2413 1103 bardorum
2447 1059 2660 1120 gentem
2693 1049 2892 1104 devicit
2922 1067 2934 1102 :
2962 1048 3280 1119 longiusque
3309 1064 3623 1120 progressus
3646 1051 3700 1104 in

2121 1141 2239 1210 ipsa
2289 1140 2600 1198 Occidentis
2650 1144 2860 1196 viscera
2899 1142 3135 1196 transiit.
3188 1140 3266 1195 lta
3321 1141 3411 1210 qui
3467 1141 3700 1209 primum

2120 1232 2328 1288 vicinos
2361 1234 2466 1288 sibi
2503 1235 2688 1289 hostes
2719 1233 2858 1289 bello
2886 1249 3147 1304 superare
3175 1249 3280 1289 non
3311 1242 3578 1303 potuerat,
3607 1247 3696 1287 re-

2122 1323 2455 1378 motissimos
2485 1325 2648 1378 etiam
2677 1325 2990 1390 debellavit,
3024 1325 3094 1378 ita
3125 1333 3183 1378 ut
3227 1324 3411 1379 Romae
3455 1324 3555 1392 ipsi
3585 1323 3698 1394 jam

2119 1413 2318 1469 bellum
2355 1416 2670 1471 intentaret.
2697 1414 2849 1471 Unde
2879 1416 2931 1470 id
2962 1416 3261 1485 praesertim
3289 1414 3522 1485 principi
3555 1429 3702 1469 cura:

2119 1506 2240 1574 fuit,
2287 1519 2394 1575 quo
2441 1517 2602 1576 pacto
2636 1506 2779 1562 illius
2829 1505 3084 1574 impetum
3140 1506 3480 1574 reprimeret,
3519 1520 3586 1559 ne
3623 1515 3704 1559 tot

2119 1599 2368 1654 immensi
2407 1613 2690 1655 successus
2721 1599 2774 1653 in
2809 1598 3180 1653 Romanorum
3229 1597 3386 1661 ﬁnes,
3414 1612 3520 1667 quo
3556 1597 3700 1665 jam-

2118 1690 2321 1744 dudum
2371 1691 2559 1746 avidos
2591 1691 2778 1746 oculos
2825 1691 3154 1754 intenderat,
3211 1690 3354 1745 illius
3385 1705 3534 1744 arma
3564 1705 3698 1745 con-

2117 1790 2411 1836 verterent.
2441 1780 2738 1851 EaprOpter
2773 1782 2839 1835 ad
2878 1791 3063 1852 gentes
3094 1781 3166 1835 ibi
3199 1783 3359 1845 sitas,
3391 1792 3446 1836 et
3472 1796 3590 1850 qua:
3615 1781 3700 1835 lo-

431 1875 523 1928 καὶ
543 1873 639 1927 ἐπὶ
665 1875 764 1942 τὴν
797 1875 1086 1945 Ῥωμαίων
1145 1877 1308 1931 αὐτὸν
1337 1879 1579 1948 τρέψειε,
1641 1879 1810 1942 πολὺς
1855 1880 1914 1945 ἐξ
1949 1873 2009 1933 οὗ

2116 1874 2262 1928 nium
2321 1874 2460 1927 intra
2507 1873 2684 1928 sinum
2716 1872 2984 1941 adjacent,
3013 1872 3422 1942 ignobilioribns
3471 1872 3697 1942 quibus-

430 1963 620 2038 χρόνος
651 1965 838 2036 λίχνον
871 1967 1248 2038 tarpeiam-ca
1299 1969 1477 2042 ταύτῃ
1497 1970 1800 2042 ὀφθαλμόν.
1848 1971 2011 2024 Ὀθεν

429 2058 519 2110 καὶ
547 2057 642 2110 ἐπὶ
671 2058 771 2129 μὲν
793 2058 924 2129 ἔθνη
941 2060 1009 2113 τὰ
1029 2061 1154 2131 τῇδε
1185 2063 1282 2116 καλ⁵
1309 2063 1410 2116 ὅσα
1440 2063 1644 2116 κόλπου
1673 2063 1822 2128 me;
1859 2047 2008 2135 ἵδρυ-

429 2162 518 2202 ται
550 2147 645 2202 τοῦ
683 2147 864 2203 Ἰονίου
897 2151 1005 2205 τῶν
1033 2153 1397 2224 ἀσημοτέρων
1427 2153 1580 2216 τινὰς
1639 2153 1862 2220 ἀφανῶς
1917 2157 2008 2207 ὲκ-

430 2239 667 2310 πέμπων
689 2241 790 2312 τῆς
830 2243 1162 2314 Φρεδερίκου
1239 2262 1300 2298 τε
1373 2245 1514 2298 αὑτά
1565 2246 2010 2316 ὑπομιμνήσκειν

427 2331 680 2386 ἐκέλευεν
705 2335 1017 2404 ἀπληστίας
1051 2337 1144 2389 καὶ
1185 2338 1322 2408 πρὸς
1382 2338 1701 2391 ἀντίστασιν
1762 2339 2008 2410 ἤγειρεν.

427 2422 519 2486 Είς
552 2424 610 2477 δὲ
635 2424 694 2477 τὸ
721 2424 1034 2480 Οὖεννέτων
1059 2427 1212 2491 ἔθνος
1237 2427 1556 2498 Νικηφόρον
1606 2429 1704 2482 σὺν
1756 2431 2009 2500 χρήμασι

421 2511 513 2563 τὸν
545 2513 844 2583 Χαλούφην
877 2513 1116 2584 ἔπεμπε,
1147 2516 1551 2586 πειρασόμενόν
1580 2533 1640 2568 τε
1672 2518 1774 2586 τῆς
1803 2513 2011 2577 ειςάὺ-

420 2601 514 2655 τὸν
540 2603 635 2657 τοῦ
670 2603 860 2668 ἔθνους
892 2607 1109 2668 εὐνοίας
1139 2605 1235 2660 καὶ
1266 2607 1361 2659 ἐπὶ
1393 2608 1470 2676 τῷ
1508 2607 1810 2676 Ῥωμαίοις
1873 2625 2001 2677 συμ-

423 2694 642 2766 φέροντι
669 2695 738 2748 τὰ
752 2697 877 2768 τῇδε
895 2697 1662 2770 διοικησόμενον.Φρεδερίκος
1693 2700 1750 2752 δὲ
1785 2700 2009 2770 Ῥώμης

423 2785 527 2856 ήδη
557 2788 936 2856 περιγεγονὼς
972 2789 1110 2844 ἄλλα
1140 2807 1198 2843 τε
1243 2791 1415 2844 πολλὰ
1463 2792 1786 2863 ἐνεωτέρισε
1820 2795 1917 2845 καὶ
1943 2793 2008 2864 δὴ

428 2879 520 2936 καὶ
557 2880 912 2952 Ἀλέξανδρον
940 2881 1036 2934 τὸν
1061 2883 1188 2953 τῇδε
1213 2883 1482 2955 ἀρχιερέα
1506 2885 1599 2937 τοῦ
1670 2885 1862 2955 θρόνου
1911 2903 2010 2938 κα-

423 2972 710 3036 τασπάσας
745 2974 1106 3027 Ὀκταϐιανὸν
1145 2976 1486 3046 ἀντεισῆξεν,
1559 2975 1814 3028 ἐντεῦθεν
1852 2973 2008 3048 οἶμαι

429 3064 523 3117 τοῦ
558 3062 847 3135 Ῥωμαίων
878 3066 1276 3137 αὐτοκράτορος
1294 3067 1405 3138 (95)
1434 3069 1842 3140 προσαρμόσειν
1860 3071 2009 3141 αὐτῷ

429 3155 487 3208 τὸ
519 3154 740 3224 ἀξίωμα
765 3157 974 3227 οἰηθείς
997 3172 1013 3188 '
1043 3157 1222 3210 οὐδενὶ⁴
1241 3159 1351 3229 γὰρ
1375 3158 1520 3229 ἄλλῳ
1553 3157 1636 3211 ὅτι
1676 3160 1751 3228 μὴ
1794 3159 2010 3230 βασιλεί

2115 1969 2236 2022 dam
2279 1967 2415 2021 clam
2484 1965 2790 2032 submissis,
2849 1963 3122 2048 Frederici
3171 1963 3532 2018 insatiabilem
3581 1963 3701 2017 ani-

2115 2077 2260 2116 mum
2285 2063 2354 2117 oh
2381 2061 2570 2117 oculos
2594 2075 2800 2130 ponens
2828 2060 2892 2114 ad
2925 2060 3290 2136 resistendum
3322 2060 3589 2115 incitavit.
3615 2058 3700 2114 Ad

2114 2151 2347 2209 Venetos
2380 2162 2562 2207 autem
2593 2151 2955 2222 Nicephorum
3000 2151 3335 2219 Chaluphem
3368 2167 3492 2206 cum
3528 2166 3696 2222 pecu—

2113 2245 2219 2301 niis
2271 2245 2439 2311 misit,
2475 2244 2568 2314 qui
2600 2244 2760 2298 istius
2805 2241 3042 2296 nationis
3086 2241 3398 2312 exploraret
3441 2241 3696 2298 aﬂ'ectum

2113 2347 2168 2391 et
2211 2347 2407 2391 caetera
2456 2351 2577 2405 quae
2629 2333 2892 2389 Romanis
2942 2333 3309 2388 conducerent
3364 2335 3434 2388 ibi
3491 2344 3692 2404 ageret.

2112 2425 2437 2482 Fredericus
2468 2429 2674 2480 interea
2705 2425 2873 2479 Bonna
2897 2425 3008 2494 jam
3034 2425 3236 2493 potitus
3261 2436 3371 2478 tum
3400 2424 3502 2479 alia
3529 2425 3695 2479 multa

2115 2519 2415 2582 innovavit,
2458 2527 2568 2571 tum
2619 2527 2674 2572 et
2717 2516 3080 2582 Alexandum,
3115 2517 3204 2584 qui
3257 2533 3323 2588 ea,
3374 2525 3698 2586 tempestate

2113 2627 2360 2667 summus
2389 2610 2555 2680 229
2585 2609 2824 2679 pontifex
2865 2617 3004 2672 erat,
3052 2609 3247 2662 throno
3278 2608 3472 2676 dejecit
3501 2619 3554 2662 et
3586 2608 3695 2663 Oc-

2117 2705 2389 2758 tavianum
2425 2702 2701 2757 suhStituit
2729 2718 2744 2756 :
2777 2701 2921 2765 inde,
2961 2710 3018 2754 ut
3047 2700 3260 2769 Opinor,
3294 2714 3547 2769 arrogarc
3589 2700 3694 2754 sibi

2115 2798 2489 2852 Romanorum
2543 2795 2887 2865 itnpe:atoris
2938 2793 3121 2847 volens
3164 2803 3505 2861 potestatem.
3551 2791 3693 2846 Nulli

2114 2892 2262 2945 enim
2295 2891 2386 2943 alii
2420 2899 2783 2958 praeterquam
2812 2885 3175 2938 Romanorum
3206 2886 3515 2953 imperatori
3547 2900 3697 2939 sum-

2115 2997 2260 3036 mum
2287 2983 2468 3035 llonta:
2488 2979 2800 3049 pontiﬁcem
2826 2977 2952 3032 licet
2973 2979 3269 3046 prazlicerc.
3305 2974 3382 3030 Ex
3416 2991 3522 3044 quo
3549 2977 3692 3031 enim

2113 3083 2332 3142 propter
2369 3073 2790 3142 Byzantinorum
2851 3069 3236 3138 imperatorum
3290 3069 3594 3138 neglectum
3649 3069 3694 3121 is

2115 3178 2236 3218 mos
2266 3164 2505 3218 abolitus
2554 3170 2657 3224 est,
2699 3175 2856 3215 nemo
2889 3173 3215 3229 quemquam
3259 3157 3441 3212 Romae
3489 3161 3696 3212 consti-

427 3248 538 3318 (94)
579 3224 872 3318 Ῥωμαίων
919 3249 1182 3320 ἀρχιερέα
1235 3224 1642 3321 προϐεόλῆσθαι
1794 3224 2000 3322 ,Ῥώμῃ

2117 3257 2217 3310 tuit
2249 3253 2576 3324 pontiﬁcem,
2611 3252 2703 3306 sed
2740 3251 2784 3305 is
2830 3265 2924 3320 per
2957 3251 3333 3318 episcoporum
3369 3257 3420 3302 et
3463 3247 3695 3302 Romani

425 3341 662 3409 ἐφεῖται.
697 3341 890 3396 Τοίνυν
934 3342 1032 3397 καὶ
1065 3342 1253 3410 ὲξότου
1320 3341 1590 3413 ὀλιγωρίᾳ.
1641 3343 1750 3396 τῶν
1788 3344 1846 3396 ἐν
1893 3343 1999 3397 Bu-

425 3433 626 3506 ζαντίῳ
648 3433 916 3504 βασιλέων
946 3435 1009 3490 τὸ
1035 3434 1278 3490 τοιοῦτον
1302 3435 1611 3500 ἀπεσϐήκει
1640 3424 1781 3501 ἔθος,
1819 3436 1998 3500 οὐδεὶς

2109 3346 2240 3400 eleri
2268 3343 2573 3398 antistitum
2596 3341 2886 3395 concilium
2910 3340 3218 3394 creabatur.
3250 3337 3571 3392 Fredericus
3600 3353 3696 3390 au-

2109 3449 2214 3492 tem
2243 3435 2606 3504 imperatoriae
2626 3431 2738 3500 jam
2763 3432 2886 3484 olim
2921 3431 3134 3484 inhians
3161 3428 3434 3500 dignitati,
3463 3429 3565 3483 hoc
3587 3431 3695 3484 sibi

1800 3569 1901 3630 Du
1936 3568 2155 3647 Cangii
2185 3573 2375 3630 notua.

427 3691 606 3746 contio
634 3689 1027 3763 Bellovacensi,
1059 3691 1287 3757 Sanuto,
1331 3693 1646 3763 llovetleno,
1678 3692 2010 3763 Bromptono

425 3771 586 3835 atque
650 3761 787 3835 adeo
839 3773 1095 3835 accurato
1174 3762 1684 3835 alias_Fatniliarutu
1731 3761 2007 3835 [p.179]

431 3831 924 3886 Ultramarinarum
975 3833 1258 3900 scriptore,
1316 3833 1514 3902 [lupini
1566 3831 1789 3887 fratrem
1836 3831 2006 3888 fuisse

428 3902 661 3972 [senuem
712 3914 990 3972 perperam
1042 3904 1257 3956 referri.
1311 3902 1422 3957 Nec
1465 3903 1647 3958 obstat
1697 3904 1838 3972 quod
1897 3903 2008 3957 Leo

429 3970 726 4042 Rupilium,
753 3967 949 4038 Rupini
975 3985 1040 4042 ex
1079 3971 1186 4025 lilia
1214 3983 1466 4042 nepotem
1511 3967 1727 4042 passim'
1753 3984 2008 4042 nepotem

428 4040 749 4110 simpliciter
779 4051 952 4094 vocat.
983 4040 1192 4110 Quippe
1239 4040 1424 4097 vocem
1467 4040 1606 4096 hanc
1639 4058 1737 4110 pro
1770 4040 2002 4097 consan-

429 4109 607 4179 gninei
643 4109 752 4161 lilio
789 4111 1038 4166 crebrius
1085 4109 1336 4180 nSurpari
1384 4111 1523 4179 apud
1570 4109 1824 4166 auctores
1869 4127 2001 4166 con-

431 4189 562 4242 stat,
591 4193 694 4248 qua
727 4181 1020 4232 etiamnum
1051 4183 1317 4235 Armorici
1356 4181 1527 4235 nostri
1567 4183 1752 4236 eadem
1783 4182 2003 4236 notione

430 4251 624 4320 passim
673 4259 915 4302 utuntur.
972 4249 1044 4303 De
1092 4251 1404 4305 Andronico
1456 4250 1821 4320 Enphorheno
1869 4266 2001 4305 con-

429 4319 710 4372 sulemlnnt
748 4328 975 4372 stemma
1003 4319 1414 4374 Conmenicum.

499 4390 610 4457 (95)
654 4388 765 4440 Τοῦ
811 4389 1114 4457 Ῥωμαίων
1154 4389 1615 4457 αὐτοκράτορος.
1642 4389 1808 4444 Vetus
1843 4399 2004 4444 estet

430 4459 714 4512 (lceatnata
763 4459 848 4510 illa
894 4461 1121 4525 quzestio
1168 4468 1222 4512 et
1277 4462 1672 4526 controversia,
1729 4461 2004 4514 Romano-

431 4543 619 4582 rmnne
643 4530 1028 4594 imperatorum
1058 4527 1221 4583 fuerit
1247 4544 1488 4583 summos
1510 4531 1791 4598 pontiliees
1818 4528 2004 4584 Roma:

435 4612 641 4662 creare,
686 4599 767 4652 vel
816 4610 965 4652 certe
1003 4615 1070 4651 an
1107 4601 1140 4652 ii
1180 4601 1383 4668 absque
1410 4600 1795 4670 imperatorum
1839 4600 2004 4670 elige-

435 4671 1042 4738 renturconsensu,de
1078 4684 1184 4738 qua
1212 4673 1384 4738 multa
1414 4669 1516 4722 viri
1557 4669 1698 4724 docti
1741 4669 2004 4724 hactenus

433 4748 594 4811 atque
629 4737 681 4811 in
719 4740 907 4811 primis
933 4737 1166 4811 Jacobus
1209 4737 1482 4811 Pamelius
1525 4741 1604 4811 ad‘
1623 4740 1786 4811 epist.
1824 4741 1915 4805 52,
1944 4742 2002 4794 S.

431 4806 708 4929 quriani,
737 4809 976 4875 Angelus
1007 4824 1035 4861 a
1067 4806 1214 4862 Nuee
1250 4811 1342 4862 ad'
1369 4808 1538 4864 Leon.
1571 4806 1688 4864 Osi.
1733 4811 1768 4863 I.
1821 4825 1904 4876 Ill,
1952 4827 2001 4864 c.

432 4877 467 4928 2
509 4915 524 4929 .
577 4877 686 4929 50:
739 4876 1118 4929 Bellarminus.
1155 4879 1418 4929 Baronius
1459 4888 1514 4929 et
1561 4880 1650 4929 alii
1693 4883 1904 4929 erudito
1953 4891 2001 4929 et

432 4876 524 4942 21,
577 4877 686 4941 50;
739 4876 1118 4944 Bellarminus,
1155 4879 1418 4934 Baronius
1459 4888 1514 4933 et
1561 4880 1650 4933 alii
1693 4883 1904 4934 erudite
1953 4891 2006 4934 et

436 4948 656 5016 copiose
691 4949 1087 5002 disseruerunt.

505 5017 617 5086 (94)
652 5016 782 5090 "ori
805 5018 890 5087 μὴ
916 5019 1186 5081 βασιλεῖ.
1237 5019 1300 5072 Ει
1331 5033 1460 5074 sane
1481 5029 1660 5075 stante
1689 5034 2006 5090 gravissimo

438 5086 528 5140 illo
559 5091 699 5156 quod
728 5086 1024 5143 Euelesiam
1057 5091 1330 5144 divexavit
1359 5089 1448 5142 diu
1481 5086 1771 5146 schismate
1799 5089 2008 5143 Mannel

441 5173 692 5227 magnum
721 5161 843 5211 inde
886 5160 987 5212 Sibi
1013 5160 1198 5214 volens
1221 5173 1535 5225 comparare
1561 5162 2006 5224 emolumentum,

439 5228 800 5281 Alexandrum
835 5227 877 5281 ll
939 5245 1025 5298 pp.
1084 5230 1254 5284 variis
1308 5228 1500 5286 ciliciis
1559 5231 1660 5284 sibi
1721 5231 2011 5284 conciliare

442 5300 670 5360 studuit,
700 5313 806 5366 quo
834 5299 935 5354 sibi
962 5299 1062 5353 soli
1115 5300 1520 5369 imperatorium
1554 5299 1768 5354 titulum
1797 5313 2010 5354 assere-

443 5379 542 5432 ret,
568 5372 834 5434 promisso
867 5371 1028 5423 etiam
1065 5385 1172 5426 non
1209 5369 1420 5424 modico
1450 5370 1652 5423 auxilio
1691 5380 1743 5423 et
1781 5371 2008 5423 duarum

441 5440 792 5509 ecclesiarum
849 5440 1120 5509 proposita
1176 5439 1420 5493 unione:
1486 5440 1629 5509 quod
1688 5441 1816 5494 olim
1875 5455 2012 5492 avus

445 5505 702 5562 Manuelis
741 5505 962 5562 Aleiius
1000 5526 1028 5562 a
1065 5509 1316 5564 Paschali
1350 5509 1390 5562 ll
1424 5505 1517 5578 pp:
1544 5509 1788 5563 obtinere
1846 5511 2010 5563 etiam

443 5581 674 5649 annixus
705 5580 899 5644 fuerat,
931 5596 1051 5634 cum
1080 5583 1147 5633 ab
1177 5580 1408 5633 llenrico
1437 5579 1473 5633 V
1513 5582 1834 5647 imperatore
1859 5595 2012 5649 pres-

442 5651 557 5701 sius
607 5647 692 5702 ille
750 5661 1057 5716 urgeretur,
1109 5657 1379 5705 utauctor
1418 5662 1500 5705 est
1536 5651 1726 5704 Petrus
1786 5647 2009 5703 iliacon.

445 5717 480 5770 l.
514 5733 587 5782 tv,
617 5718 818 5771 Chron.
844 5721 966 5774 Cas.
1000 5738 1046 5773 c.
1089 5723 1172 5773 ili.
1215 5723 1346 5773 Acta
1377 5722 1670 5773 Alexandri
1707 5735 1796 5772 an.
1831 5720 2007 5772 illiti:

443 5787 546 5840 [ἐν
606 5788 737 5842 idem
789 5801 987 5856 tempus
1046 5792 1358 5844 Emmanuel
1413 5806 1632 5860 magnus
1695 5801 1742 5843 et
1779 5791 2010 5845 excelsus

2111 3691 2331 3758 Cpoleos
2388 3693 2698 3758 imperator,
2756 3705 2922 3741 sciens
2982 3687 3250 3740 molestias
3307 3695 3356 3740 et
3379 3689 3693 3756 gravamina

2109 3778 2227 3832 qua:
2257 3764 2541 3830 prwdictus
2566 3759 2894 3832 fredericus
2951 3759 3502 3832 renerandoepiscopo
3535 3759 3696 3832 Alea:-

2109 3829 2277 3884 andro
2315 3843 2501 3885 contra
2555 3830 2722 3884 Deum
2753 3841 2799 3883 et
2832 3846 3038 3882 omnem
3084 3829 3354 3896 justitiam
3383 3830 3690 3881 minabatur

2108 3901 2326 3971 inferre,
2373 3903 2517 3955 misit
2542 3904 2609 3954 ad
2642 3900 2824 3954 urbem
2868 3898 3114 3971 Rgntatn
3148 3897 3444 3971 Jordanutn
3485 3899 3693 3971 imperii

2107 3967 2191 4024 sui
2242 3975 2507 4025 sebastum
2567 3972 2840 4040 ﬁliumque
2899 3968 3114 4022 Roberti
3154 3967 3408 4040 _Capuani
3440 3969 3690 4040 principis

2110 4041 2178 4093 ad
2236 4037 2624 4094 subventione’m
2675 4037 3051 4094 et'servitium
3113 4037 3346 4104 ejusdem
3391 4037 3678 4104 pontiﬁcis.

2124 4109 2344 4163 Veniens
2383 4119 2561 4163 autem
2593 4110 2730 4163 idem
2765 4111 3002 4162 sebastus
3029 4108 3296 4160 humiliter
3324 4123 3378 4159 se
3410 4107 3692 4160 inclinavit

2110 4181 2276 4234 eidem
2315 4180 2548 4248 pontiﬁci
2620 4188 2668 4231 et
2699 4179 2887 4232 oblatis
2921 4179 2990 4228 ad
3042 4176 3207 4248 pedes_
3236 4177 3348 4248 ejus
3389 4180 3591 4248 magnis
3642 4187 3690 4230 et

2111 4250 2356 4317 pretiosis
2412 4246 2735 4314 muneribus,
2787 4249 2962 4301 omnia
3024 4263 3139 4316 quia
3188 4246 3409 4299 habebat
3448 4247 3500 4297 in
3537 4263 3687 4299 tlttttt-

2114 4321 2254 4372 datis
2304 4319 2578 4388 diligenter
2636 4319 2894 4385 exposuit.
2955 4317 3018 4370 Et
3078 4317 3213 4370 inter
3279 4326 3471 4388 canem
3527 4332 3688 4369 unum

2114 4385 2498 4453 continebat—nr,
2552 4398 2658 4444 etc.
2717 4387 2955 4442 Asseruit
2995 4387 3131 4440 enim
3193 4390 3328 4456 quod
3359 4385 3494 4440 idem
3522 4388 3691 4456 impe.

2113 4469 2260 4512 ratur
2308 4460 2579 4512 ecclesiam
2629 4475 2781 4512 suam
2830 4461 2979 4510 unire
3049 4455 3275 4520 volebat,
3327 4467 3430 4511 etc.
3508 4455 3689 4509 Nihilo

2111 4531 2284 4582 minus
2331 4533 2556 4597 petebat,
2604 4539 2658 4581 ut
2694 4531 2817 4598 quia
2858 4527 3066 4580 occasio
3106 4526 3255 4594 justo
3292 4537 3338 4581 et
3360 4537 3571 4598 tempus
3594 4544 3690 4589 0p-

2110 4609 2395 4667 portunum
2440 4609 2490 4651 et
2522 4600 2838 4668 acceptabile
2892 4613 2945 4668 se
3006 4597 3286 4668 obtulerat,
3346 4597 3572 4650 Romani
3597 4615 3674 4649 co-

2110 4686 2241 4722 rona
2276 4671 2484 4733 imperii
2515 4686 2547 4720 a
2579 4667 2699 4722 sede
2731 4667 3021 4732 apostolica
3079 4667 3402 4730 redderetur,
3435 4669 3688 4736 quoniam

2111 4757 2214 4793 non
2245 4741 2312 4792 ad
2359 4738 2632 4792 Frederici
2667 4737 2968 4801 Alemanni,
3001 4737 3090 4789 sed
3119 4738 3190 4789 ad
3215 4738 3310 4805 jus
3359 4754 3509 4790 suum
3535 4753 3684 4790 asse-

2112 4817 2245 4862 reret
2283 4811 2564 4875 pertinere.
2593 4809 2678 4860 Ad
2713 4810 2850 4876 quod
2883 4823 3012 4871 opus
3040 4808 3338 4876 faciendum
3361 4817 3531 4859 tantas
3566 4810 3690 4859 auri

2111 4880 2413 4948 argentique
2452 4895 2571 4944 opes
2636 4889 2683 4932 et
2735 4877 2950 4948 fortium
3000 4879 3230 4929 virorum
3276 4881 3590 4948 potentiam
3633 4895 3687 4926 se

2109 4947 2428 5018 largiturum
2481 4948 2708 5017 ﬁrmiter
2776 4947 3081 5018 spondebat,
3155 4952 3293 5016 quod
3361 4963 3459 5018 non
3512 4947 3683 4999 solum

2113 5014 2360 5081 Romam,
2391 5014 2490 5072 sed
2519 5021 2677 5070 etiam
2729 5014 2891 5070 totam
2944 5014 3261 5070 ltaliant'ad
3321 5017 3684 5071 ecclesiwser-

2110 5089 2293 5142 vitium
2331 5099 2380 5142 et
2400 5088 2776 5142 restituendam
2807 5088 2907 5140 sibi
2957 5085 3186 5138 ecclesia:
3216 5103 3464 5139 coronam
3488 5089 3684 5154 absque

2110 5161 2268 5212 dubio
2319 5159 2550 5228 sufﬁcere
2607 5167 2831 5227 poterat.
2887 5154 3036 5228 Quod
3100 5156 3309 5228 verbum
3365 5157 3483 5228 licet
3529 5157 3684 5208 nimis

2111 5229 2316 5298 di/ﬁcile
2365 5225 2630 5282 uideretur
2686 5228 2734 5280 ei
2783 5236 2834 5280 et
2904 5225 3072 5279 multa
3112 5225 3486 5298 deliberatione
3553 5241 3682 5298 opus

2111 5295 2320 5360 habere,
2370 5299 2497 5350 utile
2549 5309 2724 5351 tamen
2773 5298 2938 5350 visum
2975 5303 3072 5358 est,
3121 5305 3175 5347 ut
3205 5296 3471 5362 paulisper
3503 5295 3683 5347 habitu

2113 5383 2232 5420 cum
2283 5371 2542 5435 fratribus
2599 5369 2709 5420 suis
2757 5367 2976 5419 consilio
3029 5367 3323 5435 episcopum
3391 5364 3683 5417 Ostiensem

2113 5450 2157 5491 et
2187 5433 2508 5491 cardinalent
2542 5436 2644 5492 SS.
2679 5435 2904 5491 Joannis
2951 5443 2998 5486 et
3047 5433 3201 5486 Pauli
3236 5450 3328 5499 pro
3385 5451 3546 5487 causa
3569 5435 3685 5501 ipsa

2117 5510 2397 5562 tractanda
2435 5507 2654 5562 elatere
2704 5524 2799 5560 suo
2876 5519 2996 5558 cum
3050 5505 3297 5570 prwtlicto
3355 5506 3558 5556 sebasto
3618 5506 3688 5555 ad

2113 5580 2346 5646 ejusdem
2376 5579 2704 5646 imperatoris
2735 5575 3069 5644 prarsentiant
3091 5574 3398 5646 destinaret.
3445 5573 3498 5627 Id
3523 5574 3688 5646 etiam

2117 5643 2302 5719 postea
2367 5643 2593 5702 tentavit
2641 5646 2922 5719 Mann‘elp
2955 5660 3043 5696 an.
3101 5643 3371 5719 H70,__ut
3421 5660 3485 5719 es
3539 5645 3694 5719 Actis

2116 5714 2356 5786 ejusdem
2415 5718 2683 5784 pontiﬁcis
2746 5714 3022 5783 colligitur
3075 5716 3215 5782 apud
3279 5714 3588 5767 Baronium.
3629 5714 3691 5766 \l.

2121 5791 2258 5843 infra
2293 5804 2343 5857 p.
2376 5788 2482 5842 εὶϋὲ
2513 5805 2593 5856 sq.
