  <div class='ocr_page' id='page_1' title='image "/cluster/home/n/w/nwhite01/storage/ocr_20150623/133/coo.31924054870385/303.png"; bbox 0 0 4014 6406; ppageno 0'>
   <div class='ocr_carea' id='block_1_1' title="bbox 363 368 465 434">
    <p class='ocr_par' dir='ltr' id='par_1_1' title="bbox 363 368 465 434">
     <span class='ocr_line' id='line_1_1' title="bbox 363 368 465 434; baseline -0.02 0"><span class='ocrx_word' id='word_1_1' title='bbox 363 368 465 434; x_wconf 74' lang='lat'><strong>591</strong></span> 
     </span>
    </p>
   </div>
   <div class='ocr_carea' id='block_1_2' title="bbox 1661 349 2351 414">
    <p class='ocr_par' dir='ltr' id='par_1_2' title="bbox 1661 349 2351 414">
     <span class='ocr_line' id='line_1_2' title="bbox 1661 349 2351 414; baseline -0.009 0"><span class='ocrx_word' id='word_1_2' title='bbox 1661 351 1986 414; x_wconf 82' lang='lat' dir='ltr'><strong>JOANNIS</strong></span> <span class='ocrx_word' id='word_1_3' title='bbox 2027 349 2351 410; x_wconf 74' lang='lat' dir='ltr'><strong>CINNAMI</strong></span> 
     </span>
    </p>
   </div>
   <div class='ocr_carea' id='block_1_3' title="bbox 3511 340 3615 402">
    <p class='ocr_par' dir='ltr' id='par_1_3' title="bbox 3511 340 3615 402">
     <span class='ocr_line' id='line_1_3' title="bbox 3511 340 3615 402; baseline -0.019 -1"><span class='ocrx_word' id='word_1_4' title='bbox 3511 340 3615 402; x_wconf 58' lang='lat'><strong>5‘59.</strong></span> 
     </span>
    </p>
   </div>
   <div class='ocr_carea' id='block_1_4' title="bbox 355 455 1937 548">
    <p class='ocr_par' dir='ltr' id='par_1_4' title="bbox 355 459 1937 548">
     <span class='ocr_line' id='line_1_4' title="bbox 355 459 1937 548; baseline -0.018 -11"><span class='ocrx_word' id='word_1_5' title='bbox 355 484 410 537; x_wconf 88' lang='lat' dir='ltr'><strong>si</strong></span> <span class='ocrx_word' id='word_1_6' title='bbox 443 483 768 548; x_wconf 73' lang='lat' dir='ltr'><strong>arrogassel,</strong></span> <span class='ocrx_word' id='word_1_7' title='bbox 799 471 1122 540; x_wconf 60' lang='lat' dir='ltr'><strong>principium]</strong></span> <span class='ocrx_word' id='word_1_8' title='bbox 1157 466 1300 521; x_wconf 86' lang='lat' dir='ltr'><strong>illius</strong></span> <span class='ocrx_word' id='word_1_9' title='bbox 1334 470 1710 532; x_wconf 78' lang='lat' dir='ltr'><strong>argumentum</strong></span> <span class='ocrx_word' id='word_1_10' title='bbox 1741 459 1937 512; x_wconf 84' lang='lat' dir='ltr'><strong>habere</strong></span> 
     </span>
    </p>
   </div>
   <div class='ocr_carea' id='block_1_5' title="bbox 2040 455 3616 548">
    <p class='ocr_par' dir='ltr' id='par_1_5' title="bbox 2042 455 3616 548">
     <span class='ocr_line' id='line_1_5' title="bbox 2042 455 3616 548; baseline -0.001 -40"><span class='ocrx_word' id='word_1_11' title='bbox 2042 456 2233 548; x_wconf 71' lang='grc' dir='ltr'>υύδὲνα</span> <span class='ocrx_word' id='word_1_12' title='bbox 2262 457 2318 508; x_wconf 76' lang='grc' dir='ltr'>ὲν</span> <span class='ocrx_word' id='word_1_13' title='bbox 2370 455 2553 528; x_wconf 79' lang='grc' dir='ltr'>Ῥώμῃ</span> <span class='ocrx_word' id='word_1_14' title='bbox 2588 459 2848 530; x_wconf 78' lang='grc' dir='ltr'><strong>ἀρχιερέα</strong></span> <span class='ocrx_word' id='word_1_15' title='bbox 2879 457 3130 529; x_wconf 84' lang='grc' dir='ltr'>καθίστη,</span> <span class='ocrx_word' id='word_1_16' title='bbox 3159 458 3273 512; x_wconf 78' lang='grc' dir='ltr'>ἀλλ’</span> <span class='ocrx_word' id='word_1_17' title='bbox 3329 459 3616 509; x_wconf 81' lang='grc' dir='ltr'>ὲπισκοπι·</span> 
     </span>
    </p>
   </div>
   <div class='ocr_carea' id='block_1_6' title="bbox 361 552 1934 628">
    <p class='ocr_par' dir='ltr' id='par_1_6' title="bbox 361 552 1934 628">
     <span class='ocr_line' id='line_1_6' title="bbox 361 552 1934 628; baseline -0.015 0"><span class='ocrx_word' id='word_1_18' title='bbox 361 575 464 628; x_wconf 90' lang='lat' dir='ltr'><strong>sibi</strong></span> <span class='ocrx_word' id='word_1_19' title='bbox 503 571 803 626; x_wconf 84' lang='lat' dir='ltr'><strong>videbatur.</strong></span> <span class='ocrx_word' id='word_1_20' title='bbox 834 563 1031 618; x_wconf 81' lang='lat' dir='ltr'><strong>Verum</strong></span> <span class='ocrx_word' id='word_1_21' title='bbox 1082 562 1168 615; x_wconf 88' lang='lat' dir='ltr'><strong>ille</strong></span> <span class='ocrx_word' id='word_1_22' title='bbox 1212 558 1516 614; x_wconf 72' lang='lat' dir='ltr'><strong>conciliatis</strong></span> <span class='ocrx_word' id='word_1_23' title='bbox 1563 552 1934 621; x_wconf 74' lang='lat' dir='ltr'><strong>compluribus</strong></span> 
     </span>
    </p>
   </div>
   <div class='ocr_carea' id='block_1_7' title="bbox 358 643 1929 732">
    <p class='ocr_par' dir='ltr' id='par_1_7' title="bbox 358 643 1929 732">
     <span class='ocr_line' id='line_1_7' title="bbox 358 643 1929 732; baseline -0.014 -17"><span class='ocrx_word' id='word_1_24' title='bbox 358 657 1037 732; x_wconf 54' lang='lat' dir='ltr'><strong>episc0pis,&#39;qundeunque</strong></span> <span class='ocrx_word' id='word_1_25' title='bbox 1067 651 1190 704; x_wconf 89' lang='lat' dir='ltr'><strong>novi</strong></span> <span class='ocrx_word' id='word_1_26' title='bbox 1221 655 1503 719; x_wconf 75' lang='lat' dir='ltr'><strong>peregerat</strong></span> <span class='ocrx_word' id='word_1_27' title='bbox 1544 659 1636 714; x_wconf 92' lang='lat' dir='ltr'><strong>per</strong></span> <span class='ocrx_word' id='word_1_28' title='bbox 1666 643 1929 712; x_wconf 83' lang='lat' dir='ltr'><strong>synodum</strong></span> 
     </span>
    </p>
   </div>
   <div class='ocr_carea' id='block_1_8' title="bbox 357 732 1932 810">
    <p class='ocr_par' dir='ltr' id='par_1_8' title="bbox 357 732 1932 810">
     <span class='ocr_line' id='line_1_8' title="bbox 357 732 1932 810; baseline -0.017 -3"><span class='ocrx_word' id='word_1_29' title='bbox 357 751 666 806; x_wconf 85' lang='lat' dir='ltr'><strong>coulirmari</strong></span> <span class='ocrx_word' id='word_1_30' title='bbox 699 747 927 800; x_wconf 84' lang='lat' dir='ltr'><strong>curavit.</strong></span> <span class='ocrx_word' id='word_1_31' title='bbox 961 741 1018 796; x_wconf 85' lang='lat' dir='ltr'><strong>Id</strong></span> <span class='ocrx_word' id='word_1_32' title='bbox 1050 742 1264 810; x_wconf 79' lang='lat' dir='ltr'><strong>regibus</strong></span> <span class='ocrx_word' id='word_1_33' title='bbox 1298 738 1508 793; x_wconf 70' lang='lat' dir='ltr'><strong>cmteris</strong></span> <span class='ocrx_word' id='word_1_34' title='bbox 1539 736 1678 790; x_wconf 85' lang='lat' dir='ltr'><strong>haud</strong></span> <span class='ocrx_word' id='word_1_35' title='bbox 1710 732 1932 803; x_wconf 85' lang='lat' dir='ltr'><strong>placuit.</strong></span> 
     </span>
    </p>
   </div>
   <div class='ocr_carea' id='block_1_9' title="bbox 365 821 1935 898">
    <p class='ocr_par' dir='ltr' id='par_1_9' title="bbox 365 821 1935 898">
     <span class='ocr_line' id='line_1_9' title="bbox 365 821 1935 898; baseline -0.017 0"><span class='ocrx_word' id='word_1_36' title='bbox 365 845 531 898; x_wconf 73' lang='lat' dir='ltr'><strong>Nemo</strong></span> <span class='ocrx_word' id='word_1_37' title='bbox 565 852 741 894; x_wconf 88' lang='lat' dir='ltr'><strong>tamen</strong></span> <span class='ocrx_word' id='word_1_38' title='bbox 773 837 837 890; x_wconf 90' lang='lat' dir='ltr'><strong>ad</strong></span> <span class='ocrx_word' id='word_1_39' title='bbox 892 833 1248 888; x_wconf 86' lang='lat' dir='ltr'><strong>resistendum</strong></span> <span class='ocrx_word' id='word_1_40' title='bbox 1296 828 1608 891; x_wconf 78' lang='lat' dir='ltr'><strong>Frederico,</strong></span> <span class='ocrx_word' id='word_1_41' title='bbox 1651 825 1740 893; x_wconf 87' lang='lat' dir='ltr'><strong>qui</strong></span> <span class='ocrx_word' id='word_1_42' title='bbox 1775 824 1838 876; x_wconf 91' lang='lat' dir='ltr'><strong>ad</strong></span> <span class='ocrx_word' id='word_1_43' title='bbox 1885 821 1935 873; x_wconf 92' lang='lat' dir='ltr'><strong>id</strong></span> 
     </span>
    </p>
   </div>
   <div class='ocr_carea' id='block_1_10' title="bbox 353 912 1934 1006">
    <p class='ocr_par' dir='ltr' id='par_1_10' title="bbox 353 912 1934 1006">
     <span class='ocr_line' id='line_1_10' title="bbox 353 912 1934 1006; baseline -0.012 -23"><span class='ocrx_word' id='word_1_44' title='bbox 353 933 648 1006; x_wconf 67' lang='lat' dir='ltr'><strong>potestatis</strong></span> <span class='ocrx_word' id='word_1_45' title='bbox 691 940 744 984; x_wconf 88' lang='lat' dir='ltr'><strong>et</strong></span> <span class='ocrx_word' id='word_1_46' title='bbox 790 928 982 981; x_wconf 78' lang='lat' dir='ltr'><strong>vitium</strong></span> <span class='ocrx_word' id='word_1_47' title='bbox 1021 931 1360 993; x_wconf 80' lang='lat' dir='ltr'><strong>pervenerat,</strong></span> <span class='ocrx_word' id='word_1_48' title='bbox 1408 921 1634 972; x_wconf 88' lang='lat' dir='ltr'><strong>idoneus</strong></span> <span class='ocrx_word' id='word_1_49' title='bbox 1683 914 1782 968; x_wconf 78' lang='lat' dir='ltr'><strong>fuit</strong></span> <span class='ocrx_word' id='word_1_50' title='bbox 1832 912 1934 966; x_wconf 90' lang='lat' dir='ltr'><strong>nisi</strong></span> 
     </span>
    </p>
   </div>
   <div class='ocr_carea' id='block_1_11' title="bbox 361 1005 1938 1096">
    <p class='ocr_par' dir='ltr' id='par_1_11' title="bbox 361 1005 1938 1096">
     <span class='ocr_line' id='line_1_11' title="bbox 361 1005 1938 1096; baseline -0.016 -14"><span class='ocrx_word' id='word_1_51' title='bbox 361 1032 674 1096; x_wconf 87' lang='lat' dir='ltr'><strong>imperator,</strong></span> <span class='ocrx_word' id='word_1_52' title='bbox 707 1021 795 1090; x_wconf 87' lang='lat' dir='ltr'><strong>qtti</strong></span> <span class='ocrx_word' id='word_1_53' title='bbox 831 1017 1071 1086; x_wconf 87' lang='lat' dir='ltr'><strong>pecuniis</strong></span> <span class='ocrx_word' id='word_1_54' title='bbox 1117 1013 1432 1081; x_wconf 88' lang='lat' dir='ltr'><strong>artibusque</strong></span> <span class='ocrx_word' id='word_1_55' title='bbox 1481 1009 1603 1062; x_wconf 87' lang='lat' dir='ltr'><strong>aliis</strong></span> <span class='ocrx_word' id='word_1_56' title='bbox 1642 1015 1696 1061; x_wconf 87' lang='lat' dir='ltr'><strong>et</strong></span> <span class='ocrx_word' id='word_1_57' title='bbox 1745 1007 1795 1058; x_wconf 92' lang='lat' dir='ltr'><strong>in</strong></span> <span class='ocrx_word' id='word_1_58' title='bbox 1837 1005 1938 1058; x_wconf 86' lang='lat' dir='ltr'><strong>hoc</strong></span> 
     </span>
    </p>
   </div>
   <div class='ocr_carea' id='block_1_12' title="bbox 361 1097 1936 1186">
    <p class='ocr_par' dir='ltr' id='par_1_12' title="bbox 361 1097 1936 1186">
     <span class='ocr_line' id='line_1_12' title="bbox 361 1097 1936 1186; baseline -0.015 -16"><span class='ocrx_word' id='word_1_59' title='bbox 361 1130 576 1186; x_wconf 83' lang='lat' dir='ltr'><strong>quoque</strong></span> <span class='ocrx_word' id='word_1_60' title='bbox 608 1114 681 1167; x_wconf 90' lang='lat' dir='ltr'><strong>illi</strong></span> <span class='ocrx_word' id='word_1_61' title='bbox 714 1110 944 1171; x_wconf 88' lang='lat' dir='ltr'><strong>obstitit,</strong></span> <span class='ocrx_word' id='word_1_62' title='bbox 979 1116 1034 1160; x_wconf 92' lang='lat' dir='ltr'><strong>et</strong></span> <span class='ocrx_word' id='word_1_63' title='bbox 1068 1103 1430 1158; x_wconf 78' lang='lat' dir='ltr'><strong>Alexandrum</strong></span> <span class='ocrx_word' id='word_1_64' title='bbox 1472 1114 1657 1154; x_wconf 86' lang='lat' dir='ltr'><strong>rursus</strong></span> <span class='ocrx_word' id='word_1_65' title='bbox 1693 1099 1745 1150; x_wconf 90' lang='lat' dir='ltr'><strong>in</strong></span> <span class='ocrx_word' id='word_1_66' title='bbox 1789 1097 1936 1149; x_wconf 85' lang='lat' dir='ltr'><strong>tbro-</strong></span> 
     </span>
    </p>
   </div>
   <div class='ocr_carea' id='block_1_13' title="bbox 365 1191 1936 1274">
    <p class='ocr_par' dir='ltr' id='par_1_13' title="bbox 365 1191 1936 1274">
     <span class='ocr_line' id='line_1_13' title="bbox 365 1191 1936 1274; baseline -0.017 -10"><span class='ocrx_word' id='word_1_67' title='bbox 365 1227 490 1264; x_wconf 89' lang='lat' dir='ltr'><strong>num</strong></span> <span class='ocrx_word' id='word_1_68' title='bbox 527 1203 799 1274; x_wconf 76' lang='lat' dir='ltr'><strong>imposuit.</strong></span> <span class='ocrx_word' id='word_1_69' title='bbox 835 1201 940 1255; x_wconf 88' lang='lat' dir='ltr'><strong>Sed</strong></span> <span class='ocrx_word' id='word_1_70' title='bbox 988 1199 1056 1252; x_wconf 87' lang='lat' dir='ltr'><strong>de</strong></span> <span class='ocrx_word' id='word_1_71' title='bbox 1098 1198 1164 1250; x_wconf 87' lang='lat' dir='ltr'><strong>iis</strong></span> <span class='ocrx_word' id='word_1_72' title='bbox 1217 1205 1423 1264; x_wconf 83' lang='lat' dir='ltr'><strong>postea.</strong></span> <span class='ocrx_word' id='word_1_73' title='bbox 1457 1191 1764 1258; x_wconf 80' lang='lat' dir='ltr'><strong>Cltalupltcs</strong></span> <span class='ocrx_word' id='word_1_74' title='bbox 1807 1200 1936 1240; x_wconf 91' lang='lat' dir='ltr'><strong>vero</strong></span> 
     </span>
    </p>
   </div>
   <div class='ocr_carea' id='block_1_14' title="bbox 361 1278 1935 1366">
    <p class='ocr_par' dir='ltr' id='par_1_14' title="bbox 361 1278 1935 1366">
     <span class='ocr_line' id='line_1_14' title="bbox 361 1278 1935 1366; baseline -0.017 -12"><span class='ocrx_word' id='word_1_75' title='bbox 361 1316 486 1354; x_wconf 90' lang='lat' dir='ltr'><strong>cum</strong></span> <span class='ocrx_word' id='word_1_76' title='bbox 518 1296 870 1366; x_wconf 84' lang='lat' dir='ltr'><strong>Epidamnum</strong></span> <span class='ocrx_word' id='word_1_77' title='bbox 899 1286 1236 1346; x_wconf 80' lang='lat' dir='ltr'><strong>accessisset,</strong></span> <span class='ocrx_word' id='word_1_78' title='bbox 1265 1284 1447 1337; x_wconf 90' lang='lat' dir='ltr'><strong>relicta</strong></span> <span class='ocrx_word' id='word_1_79' title='bbox 1477 1281 1545 1334; x_wconf 91' lang='lat' dir='ltr'><strong>ibi</strong></span> <span class='ocrx_word' id='word_1_80' title='bbox 1575 1279 1732 1333; x_wconf 83' lang='lat' dir='ltr'><strong>siculi</strong></span> <span class='ocrx_word' id='word_1_81' title='bbox 1763 1278 1935 1344; x_wconf 88' lang='lat' dir='ltr'><strong>impe-</strong></span> 
     </span>
    </p>
   </div>
   <div class='ocr_carea' id='block_1_15' title="bbox 365 1374 1938 1450">
    <p class='ocr_par' dir='ltr' id='par_1_15' title="bbox 365 1374 1938 1450">
     <span class='ocr_line' id='line_1_15' title="bbox 365 1374 1938 1450; baseline -0.016 -7"><span class='ocrx_word' id='word_1_82' title='bbox 365 1400 538 1443; x_wconf 85' lang='lat' dir='ltr'><strong>ratqu</strong></span> <span class='ocrx_word' id='word_1_83' title='bbox 574 1396 690 1440; x_wconf 89' lang='lat' dir='ltr'><strong>erat</strong></span> <span class='ocrx_word' id='word_1_84' title='bbox 725 1379 916 1450; x_wconf 83' lang='lat' dir='ltr'><strong>majori</strong></span> <span class='ocrx_word' id='word_1_85' title='bbox 969 1374 1318 1447; x_wconf 87' lang='lat' dir='ltr'><strong>pecuniarum</strong></span> <span class='ocrx_word' id='word_1_86' title='bbox 1370 1381 1544 1442; x_wconf 87' lang='lat' dir='ltr'><strong>parte,</strong></span> <span class='ocrx_word' id='word_1_87' title='bbox 1585 1377 1801 1421; x_wconf 86' lang='lat' dir='ltr'><strong>ventum</strong></span> <span class='ocrx_word' id='word_1_88' title='bbox 1849 1382 1938 1420; x_wconf 80' lang='lat' dir='ltr'><strong>se-</strong></span> 
     </span>
    </p>
   </div>
   <div class='ocr_carea' id='block_1_16' title="bbox 362 1456 1936 1533">
    <p class='ocr_par' dir='ltr' id='par_1_16' title="bbox 362 1456 1936 1533">
     <span class='ocr_line' id='line_1_16' title="bbox 362 1456 1936 1533; baseline -0.015 0"><span class='ocrx_word' id='word_1_89' title='bbox 362 1481 592 1533; x_wconf 76' lang='lat' dir='ltr'><strong>randum</strong></span> <span class='ocrx_word' id='word_1_90' title='bbox 629 1486 822 1529; x_wconf 90' lang='lat' dir='ltr'><strong>nactus</strong></span> <span class='ocrx_word' id='word_1_91' title='bbox 853 1471 918 1524; x_wconf 87' lang='lat' dir='ltr'><strong>ad</strong></span> <span class='ocrx_word' id='word_1_92' title='bbox 958 1456 1187 1523; x_wconf 75' lang='lat' dir='ltr'><strong>Vetietos</strong></span> <span class='ocrx_word' id='word_1_93' title='bbox 1229 1465 1446 1532; x_wconf 80' lang='lat' dir='ltr'><strong>navigio</strong></span> <span class='ocrx_word' id='word_1_94' title='bbox 1479 1461 1721 1530; x_wconf 88' lang='lat' dir='ltr'><strong>pervenit</strong></span> <span class='ocrx_word' id='word_1_95' title='bbox 1755 1478 1767 1512; x_wconf 91' lang='lat'><strong>:</strong></span> <span class='ocrx_word' id='word_1_96' title='bbox 1800 1469 1853 1512; x_wconf 88' lang='lat' dir='ltr'><strong>et</strong></span> <span class='ocrx_word' id='word_1_97' title='bbox 1885 1458 1936 1511; x_wconf 93' lang='lat' dir='ltr'><strong>iu</strong></span> 
     </span>
    </p>
   </div>
   <div class='ocr_carea' id='block_1_17' title="bbox 359 1549 1938 1637">
    <p class='ocr_par' dir='ltr' id='par_1_17' title="bbox 359 1549 1938 1637">
     <span class='ocr_line' id='line_1_17' title="bbox 359 1549 1938 1637; baseline -0.016 -11"><span class='ocrx_word' id='word_1_98' title='bbox 359 1568 685 1637; x_wconf 76' lang='lat' dir='ltr'><strong>colloquium</strong></span> <span class='ocrx_word' id='word_1_99' title='bbox 733 1563 953 1617; x_wconf 89' lang='lat' dir='ltr'><strong>veniens</strong></span> <span class='ocrx_word' id='word_1_100' title='bbox 998 1574 1118 1612; x_wconf 86' lang='lat' dir='ltr'><strong>cum</strong></span> <span class='ocrx_word' id='word_1_101' title='bbox 1155 1556 1391 1625; x_wconf 82' lang='lat' dir='ltr'><strong>regionis</strong></span> <span class='ocrx_word' id='word_1_102' title='bbox 1421 1554 1556 1606; x_wconf 87' lang='lat' dir='ltr'><strong>duce</strong></span> <span class='ocrx_word' id='word_1_103' title='bbox 1602 1551 1832 1618; x_wconf 80' lang='lat' dir='ltr'><strong>aliisque</strong></span> <span class='ocrx_word' id='word_1_104' title='bbox 1885 1549 1938 1600; x_wconf 92' lang='lat' dir='ltr'><strong>in</strong></span> 
     </span>
    </p>
   </div>
   <div class='ocr_carea' id='block_1_18' title="bbox 364 1642 1936 1729">
    <p class='ocr_par' dir='ltr' id='par_1_18' title="bbox 364 1642 1936 1729">
     <span class='ocr_line' id='line_1_18' title="bbox 364 1642 1936 1729; baseline -0.015 -14"><span class='ocrx_word' id='word_1_105' title='bbox 364 1665 464 1715; x_wconf 83' lang='lat' dir='ltr'><strong>ista</strong></span> <span class='ocrx_word' id='word_1_106' title='bbox 516 1669 675 1729; x_wconf 73' lang='lat' dir='ltr'><strong>gente</strong></span> <span class='ocrx_word' id='word_1_107' title='bbox 726 1654 856 1706; x_wconf 82' lang='lat' dir='ltr'><strong>viris</strong></span> <span class='ocrx_word' id='word_1_108' title='bbox 906 1649 1228 1709; x_wconf 85' lang='lat' dir='ltr'><strong>illustribus,</strong></span> <span class='ocrx_word' id='word_1_109' title='bbox 1281 1642 1589 1712; x_wconf 88' lang='lat' dir='ltr'><strong>bujusmodi</strong></span> <span class='ocrx_word' id='word_1_110' title='bbox 1638 1642 1936 1694; x_wconf 89' lang='lat' dir='ltr'><strong>orationem</strong></span> 
     </span>
    </p>
   </div>
   <div class='ocr_carea' id='block_1_19' title="bbox 2041 545 3617 621">
    <p class='ocr_par' dir='ltr' id='par_1_19' title="bbox 2041 545 3617 621">
     <span class='ocr_line' id='line_1_19' title="bbox 2041 545 3617 621; baseline 0.006 -23"><span class='ocrx_word' id='word_1_111' title='bbox 2041 545 2153 599; x_wconf 83' lang='grc' dir='ltr'>κῶν</span> <span class='ocrx_word' id='word_1_112' title='bbox 2181 548 2412 599; x_wconf 80' lang='grc' dir='ltr'>συνόδων</span> <span class='ocrx_word' id='word_1_113' title='bbox 2435 549 2526 600; x_wconf 78' lang='grc' dir='ltr'><strong>καὶ</strong></span> <span class='ocrx_word' id='word_1_114' title='bbox 2572 548 2664 601; x_wconf 74' lang='grc' dir='ltr'><strong>τού</strong></span> <span class='ocrx_word' id='word_1_115' title='bbox 2701 551 2841 602; x_wconf 70' lang='grc' dir='ltr'>κατὰ</span> <span class='ocrx_word' id='word_1_116' title='bbox 2894 551 2980 621; x_wconf 86' lang='grc' dir='ltr'><strong>[Ρ.</strong></span> <span class='ocrx_word' id='word_1_117' title='bbox 3043 550 3191 620; x_wconf 72' lang='lat'><strong>155.]</strong></span> <span class='ocrx_word' id='word_1_118' title='bbox 3257 549 3356 618; x_wconf 76' lang='grc' dir='ltr'><strong>τὴν</strong></span> <span class='ocrx_word' id='word_1_119' title='bbox 3392 547 3617 616; x_wconf 71' lang='grc' dir='ltr'>Ῥώμην</span> 
     </span>
    </p>
   </div>
   <div class='ocr_carea' id='block_1_20' title="bbox 2034 638 3608 713">
    <p class='ocr_par' dir='ltr' id='par_1_20' title="bbox 2034 638 3608 713">
     <span class='ocr_line' id='line_1_20' title="bbox 2034 638 3608 713; baseline 0.009 -24"><span class='ocrx_word' id='word_1_120' title='bbox 2034 638 2424 708; x_wconf 68' lang='grc' dir='ltr'>ἀρχιερατικοῦ</span> <span class='ocrx_word' id='word_1_121' title='bbox 2456 640 2632 693; x_wconf 80' lang='grc' dir='ltr'>ταῦτα</span> <span class='ocrx_word' id='word_1_122' title='bbox 2666 641 2926 694; x_wconf 75' lang='grc' dir='ltr'>ἐτελεῖτο.</span> <span class='ocrx_word' id='word_1_123' title='bbox 2973 641 3138 695; x_wconf 80' lang='grc' dir='ltr'>’Λλλά</span> <span class='ocrx_word' id='word_1_124' title='bbox 3183 639 3514 713; x_wconf 76' lang='grc' dir='ltr'>Φρεδερίκος</span> <span class='ocrx_word' id='word_1_125' title='bbox 3541 642 3608 708; x_wconf 81' lang='grc' dir='ltr'>τῇ</span> 
     </span>
    </p>
   </div>
   <div class='ocr_carea' id='block_1_21' title="bbox 2035 729 3614 804">
    <p class='ocr_par' dir='ltr' id='par_1_21' title="bbox 2035 729 3614 804">
     <span class='ocr_line' id='line_1_21' title="bbox 2035 729 3614 804; baseline 0.003 -26"><span class='ocrx_word' id='word_1_126' title='bbox 2035 729 2441 802; x_wconf 80' lang='grc' dir='ltr'><strong>αὐτοκράτορος</strong></span> <span class='ocrx_word' id='word_1_127' title='bbox 2475 733 2646 786; x_wconf 80' lang='grc' dir='ltr'>πάλαι</span> <span class='ocrx_word' id='word_1_128' title='bbox 2693 735 3119 804; x_wconf 77' lang='grc' dir='ltr'>ὲποφθαλμίζων</span> <span class='ocrx_word' id='word_1_129' title='bbox 3138 735 3302 804; x_wconf 84' lang='grc' dir='ltr'>ἀρχῇ,</span> <span class='ocrx_word' id='word_1_130' title='bbox 3329 735 3423 785; x_wconf 79' lang='grc' dir='ltr'><strong>καὶ</strong></span> <span class='ocrx_word' id='word_1_131' title='bbox 3454 731 3614 783; x_wconf 80' lang='grc' dir='ltr'>τοῦτο</span> 
     </span>
    </p>
   </div>
   <div class='ocr_carea' id='block_1_22' title="bbox 2033 818 3612 899">
    <p class='ocr_par' dir='ltr' id='par_1_22' title="bbox 2033 818 3612 899">
     <span class='ocr_line' id='line_1_22' title="bbox 2033 818 3612 899; baseline 0.006 -31"><span class='ocrx_word' id='word_1_132' title='bbox 2033 818 2096 889; x_wconf 81' lang='grc' dir='ltr'>δὴ</span> <span class='ocrx_word' id='word_1_133' title='bbox 2123 821 2382 888; x_wconf 83' lang='grc' dir='ltr'>μέγιστον</span> <span class='ocrx_word' id='word_1_134' title='bbox 2413 823 2584 892; x_wconf 77' lang='grc' dir='ltr'>αὐτῆς</span> <span class='ocrx_word' id='word_1_135' title='bbox 2611 825 2900 895; x_wconf 84' lang='grc' dir='ltr'>γνώρισμα</span> <span class='ocrx_word' id='word_1_136' title='bbox 2929 825 3394 899; x_wconf 74' lang='grc' dir='ltr'>ὑφαρπασάμενος</span> <span class='ocrx_word' id='word_1_137' title='bbox 3433 826 3612 888; x_wconf 73' lang='grc' dir='ltr'>ἔδοξεν</span> 
     </span>
    </p>
   </div>
   <div class='ocr_carea' id='block_1_23' title="bbox 2037 913 3614 990">
    <p class='ocr_par' dir='ltr' id='par_1_23' title="bbox 2037 913 3614 990">
     <span class='ocr_line' id='line_1_23' title="bbox 2037 913 3614 990; baseline 0.003 -26"><span class='ocrx_word' id='word_1_138' title='bbox 2037 913 2202 982; x_wconf 77' lang='grc' dir='ltr'>ἔχειν.</span> <span class='ocrx_word' id='word_1_139' title='bbox 2233 915 2292 966; x_wconf 87' lang='grc' dir='ltr'><strong>Ὀ</strong></span> <span class='ocrx_word' id='word_1_140' title='bbox 2309 913 2364 966; x_wconf 84' lang='grc' dir='ltr'>δὲ</span> <span class='ocrx_word' id='word_1_141' title='bbox 2387 917 2483 968; x_wconf 73' lang='grc' dir='ltr'>καὶ</span> <span class='ocrx_word' id='word_1_142' title='bbox 2514 917 2620 970; x_wconf 83' lang='grc' dir='ltr'>τῶν</span> <span class='ocrx_word' id='word_1_143' title='bbox 2643 919 2959 973; x_wconf 78' lang='grc' dir='ltr'>ἐπισκόπων</span> <span class='ocrx_word' id='word_1_144' title='bbox 2986 920 3460 990; x_wconf 84' lang='grc' dir='ltr'>ύποποιησάμενος</span> <span class='ocrx_word' id='word_1_145' title='bbox 3481 919 3614 970; x_wconf 82' lang='grc' dir='ltr'>πολ-</span> 
     </span>
    </p>
   </div>
   <div class='ocr_carea' id='block_1_24' title="bbox 2037 1006 3615 1081">
    <p class='ocr_par' dir='ltr' id='par_1_24' title="bbox 2037 1006 3615 1081">
     <span class='ocr_line' id='line_1_24' title="bbox 2037 1006 3615 1081; baseline 0.003 -25"><span class='ocrx_word' id='word_1_146' title='bbox 2037 1006 2162 1068; x_wconf 80' lang='grc' dir='ltr'>λοὺς</span> <span class='ocrx_word' id='word_1_147' title='bbox 2192 1007 2296 1059; x_wconf 77' lang='grc' dir='ltr'>ὑπὸ</span> <span class='ocrx_word' id='word_1_148' title='bbox 2331 1008 2718 1078; x_wconf 78' lang='grc' dir='ltr'>συνόδῳ·δῆθεν</span> <span class='ocrx_word' id='word_1_149' title='bbox 2773 1012 3018 1081; x_wconf 77' lang='grc' dir='ltr'>ἐκύρωσε</span> <span class='ocrx_word' id='word_1_150' title='bbox 3069 1013 3136 1065; x_wconf 85' lang='grc' dir='ltr'><strong>τά</strong></span> <span class='ocrx_word' id='word_1_151' title='bbox 3197 1011 3290 1065; x_wconf 78' lang='grc' dir='ltr'>τοῦ</span> <span class='ocrx_word' id='word_1_152' title='bbox 3358 1027 3615 1080; x_wconf 81' lang='grc' dir='ltr'>νεωτερι-</span> 
     </span>
    </p>
   </div>
   <div class='ocr_carea' id='block_1_25' title="bbox 2039 1093 3616 1171">
    <p class='ocr_par' dir='ltr' id='par_1_25' title="bbox 2039 1093 3616 1171">
     <span class='ocr_line' id='line_1_25' title="bbox 2039 1093 3616 1171; baseline 0.003 -24"><span class='ocrx_word' id='word_1_153' title='bbox 2039 1093 2202 1160; x_wconf 84' lang='grc' dir='ltr'>σμοῦ.</span> <span class='ocrx_word' id='word_1_154' title='bbox 2238 1096 2410 1148; x_wconf 81' lang='grc' dir='ltr'>Τοῦτο</span> <span class='ocrx_word' id='word_1_155' title='bbox 2442 1098 2568 1168; x_wconf 78' lang='grc' dir='ltr'>ρηξὶ</span> <span class='ocrx_word' id='word_1_156' title='bbox 2595 1101 2712 1164; x_wconf 84' lang='grc' dir='ltr'>τοῖς</span> <span class='ocrx_word' id='word_1_157' title='bbox 2745 1101 2928 1166; x_wconf 78' lang='grc' dir='ltr'>ἄλλοις</span> <span class='ocrx_word' id='word_1_158' title='bbox 2949 1102 3095 1168; x_wconf 73' lang='grc' dir='ltr'>ἔδοξε</span> <span class='ocrx_word' id='word_1_159' title='bbox 3133 1101 3232 1171; x_wconf 79' lang='grc' dir='ltr'><strong>μὲν</strong></span> <span class='ocrx_word' id='word_1_160' title='bbox 3258 1101 3358 1153; x_wconf 79' lang='grc' dir='ltr'>οὐκ</span> <span class='ocrx_word' id='word_1_161' title='bbox 3393 1103 3616 1153; x_wconf 81' lang='grc' dir='ltr'>ἐπαινε-</span> 
     </span>
    </p>
   </div>
   <div class='ocr_carea' id='block_1_26' title="bbox 2045 1187 3614 1265">
    <p class='ocr_par' dir='ltr' id='par_1_26' title="bbox 2045 1187 3614 1265">
     <span class='ocr_line' id='line_1_26' title="bbox 2045 1187 3614 1265; baseline 0.006 -28"><span class='ocrx_word' id='word_1_162' title='bbox 2045 1187 2156 1250; x_wconf 68' lang='grc' dir='ltr'>τὺν,</span> <span class='ocrx_word' id='word_1_163' title='bbox 2185 1187 2412 1258; x_wconf 79' lang='grc' dir='ltr'><strong>ἐδυνήθη</strong></span> <span class='ocrx_word' id='word_1_164' title='bbox 2439 1189 2493 1242; x_wconf 83' lang='grc' dir='ltr'>δὲ</span> <span class='ocrx_word' id='word_1_165' title='bbox 2533 1191 2710 1256; x_wconf 80' lang='grc' dir='ltr'>οὐδεὶς</span> <span class='ocrx_word' id='word_1_166' title='bbox 2739 1195 3048 1265; x_wconf 83' lang='grc' dir='ltr'>Φρεδερίκῳ</span> <span class='ocrx_word' id='word_1_167' title='bbox 3075 1194 3404 1264; x_wconf 75' lang='grc' dir='ltr'>ἀντιπρᾶξαι</span> <span class='ocrx_word' id='word_1_168' title='bbox 3451 1193 3614 1247; x_wconf 62' lang='lat' dir='ltr'><strong>ﬁuvi-</strong></span> 
     </span>
    </p>
   </div>
   <div class='ocr_carea' id='block_1_27' title="bbox 2040 1267 3614 1352">
    <p class='ocr_par' dir='ltr' id='par_1_27' title="bbox 2040 1267 3614 1352">
     <span class='ocr_line' id='line_1_27' title="bbox 2040 1267 3614 1352; baseline 0.003 -27"><span class='ocrx_word' id='word_1_169' title='bbox 2040 1290 2184 1342; x_wconf 87' lang='grc' dir='ltr'>μεως</span> <span class='ocrx_word' id='word_1_170' title='bbox 2215 1275 2308 1327; x_wconf 79' lang='grc' dir='ltr'>ἐπὶ</span> <span class='ocrx_word' id='word_1_171' title='bbox 2334 1276 2586 1330; x_wconf 86' lang='grc' dir='ltr'>πλεῖστον</span> <span class='ocrx_word' id='word_1_172' title='bbox 2615 1280 2836 1349; x_wconf 76' lang='grc' dir='ltr'>ἥκοντι,</span> <span class='ocrx_word' id='word_1_173' title='bbox 2869 1283 2950 1334; x_wconf 87' lang='grc' dir='ltr'><strong>ὃτι</strong></span> <span class='ocrx_word' id='word_1_174' title='bbox 2974 1267 3058 1352; x_wconf 65' lang='grc' dir='ltr'><strong>’μὴ</strong></span> <span class='ocrx_word' id='word_1_175' title='bbox 3085 1281 3340 1352; x_wconf 80' lang='grc' dir='ltr'>βασιλεὺς</span> <span class='ocrx_word' id='word_1_176' title='bbox 3364 1279 3614 1350; x_wconf 73' lang='grc' dir='ltr'>χρήμασί</span> 
     </span>
    </p>
   </div>
   <div class='ocr_carea' id='block_1_28' title="bbox 2037 1363 3616 1442">
    <p class='ocr_par' dir='ltr' id='par_1_28' title="bbox 2037 1363 3616 1442">
     <span class='ocr_line' id='line_1_28' title="bbox 2037 1363 3616 1442; baseline 0.007 -31"><span class='ocrx_word' id='word_1_177' title='bbox 2037 1377 2096 1412; x_wconf 89' lang='grc' dir='ltr'><strong>τε</strong></span> <span class='ocrx_word' id='word_1_178' title='bbox 2127 1363 2220 1414; x_wconf 73' lang='grc' dir='ltr'><strong>καὶ</strong></span> <span class='ocrx_word' id='word_1_179' title='bbox 2254 1369 2530 1434; x_wconf 82' lang='grc' dir='ltr'><strong>μηχαναῖς</strong></span> <span class='ocrx_word' id='word_1_180' title='bbox 2560 1369 2778 1438; x_wconf 82' lang='grc' dir='ltr'><strong>ἑτέραις</strong></span> <span class='ocrx_word' id='word_1_181' title='bbox 2804 1371 3060 1440; x_wconf 81' lang='grc' dir='ltr'>ἐμποδὼν</span> <span class='ocrx_word' id='word_1_182' title='bbox 3093 1372 3244 1442; x_wconf 80' lang='grc' dir='ltr'>αὐτῷ</span> <span class='ocrx_word' id='word_1_183' title='bbox 3275 1375 3376 1425; x_wconf 80' lang='grc' dir='ltr'><strong>κάν</strong></span> <span class='ocrx_word' id='word_1_184' title='bbox 3439 1371 3616 1438; x_wconf 78' lang='grc' dir='ltr'>τούτῳ</span> 
     </span>
    </p>
   </div>
   <div class='ocr_carea' id='block_1_29' title="bbox 2039 1451 3616 1533">
    <p class='ocr_par' dir='ltr' id='par_1_29' title="bbox 2039 1451 3616 1533">
     <span class='ocr_line' id='line_1_29' title="bbox 2039 1451 3616 1533; baseline 0.008 -31"><span class='ocrx_word' id='word_1_185' title='bbox 2039 1451 2279 1518; x_wconf 78' lang='grc' dir='ltr'>ἐγένετο,</span> <span class='ocrx_word' id='word_1_186' title='bbox 2321 1455 2673 1529; x_wconf 79' lang='grc' dir='ltr'>Ἀλέξανδρον</span> <span class='ocrx_word' id='word_1_187' title='bbox 2711 1463 2803 1514; x_wconf 75' lang='grc' dir='ltr'>ἐπὶ</span> <span class='ocrx_word' id='word_1_188' title='bbox 2854 1463 2950 1515; x_wconf 85' lang='grc' dir='ltr'>τοῦ</span> <span class='ocrx_word' id='word_1_189' title='bbox 2983 1463 3173 1533; x_wconf 88' lang='grc' dir='ltr'>θρόνου</span> <span class='ocrx_word' id='word_1_190' title='bbox 3217 1463 3461 1524; x_wconf 76' lang='grc' dir='ltr'>εἰσαῦθις</span> <span class='ocrx_word' id='word_1_191' title='bbox 3518 1479 3616 1514; x_wconf 80' lang='grc' dir='ltr'>κα-</span> 
     </span>
    </p>
   </div>
   <div class='ocr_carea' id='block_1_30' title="bbox 2038 1544 3616 1622">
    <p class='ocr_par' dir='ltr' id='par_1_30' title="bbox 2038 1544 3616 1622">
     <span class='ocr_line' id='line_1_30' title="bbox 2038 1544 3616 1622; baseline 0.008 -29"><span class='ocrx_word' id='word_1_192' title='bbox 2038 1544 2471 1614; x_wconf 83' lang='grc' dir='ltr'>ταστησάμενος.</span> <span class='ocrx_word' id='word_1_193' title='bbox 2515 1548 2677 1602; x_wconf 76' lang='grc' dir='ltr'>Ἀλλὰ</span> <span class='ocrx_word' id='word_1_194' title='bbox 2709 1551 2880 1604; x_wconf 78' lang='grc' dir='ltr'>ταῦτα</span> <span class='ocrx_word' id='word_1_195' title='bbox 2911 1553 3012 1622; x_wconf 84' lang='grc' dir='ltr'><strong>μὲν</strong></span> <span class='ocrx_word' id='word_1_196' title='bbox 3043 1553 3291 1622; x_wconf 78' lang='grc' dir='ltr'>ὕστερον.</span> <span class='ocrx_word' id='word_1_197' title='bbox 3323 1555 3382 1606; x_wconf 85' lang='grc' dir='ltr'>Ὀ</span> <span class='ocrx_word' id='word_1_198' title='bbox 3413 1554 3468 1606; x_wconf 82' lang='grc' dir='ltr'><strong>δὲ</strong></span> <span class='ocrx_word' id='word_1_199' title='bbox 3501 1554 3616 1606; x_wconf 71' lang='lat' dir='ltr'><strong>X1-</strong></span> 
     </span>
    </p>
   </div>
   <div class='ocr_carea' id='block_1_31' title="bbox 2037 1633 3618 1715">
    <p class='ocr_par' dir='ltr' id='par_1_31' title="bbox 2037 1633 3618 1715">
     <span class='ocr_line' id='line_1_31' title="bbox 2037 1633 3618 1715; baseline 0.007 -30"><span class='ocrx_word' id='word_1_200' title='bbox 2037 1633 2264 1705; x_wconf 73' lang='grc' dir='ltr'>λούιρης,</span> <span class='ocrx_word' id='word_1_201' title='bbox 2304 1639 2492 1708; x_wconf 80' lang='grc' dir='ltr'>ἐπειδὴ</span> <span class='ocrx_word' id='word_1_202' title='bbox 2522 1640 2662 1709; x_wconf 86' lang='grc' dir='ltr'>πρὸς</span> <span class='ocrx_word' id='word_1_203' title='bbox 2734 1643 3045 1715; x_wconf 81' lang='grc' dir='ltr'>Ἐπιδάμνῳ</span> <span class='ocrx_word' id='word_1_204' title='bbox 3104 1646 3339 1712; x_wconf 76' lang='grc' dir='ltr'>ἐγένετο,</span> <span class='ocrx_word' id='word_1_205' title='bbox 3380 1644 3618 1697; x_wconf 77' lang='grc' dir='ltr'>ἐνταῦθα</span> 
     </span>
    </p>
   </div>
   <div class='ocr_carea' id='block_1_32' title="bbox 363 1729 1937 1808">
    <p class='ocr_par' dir='ltr' id='par_1_32' title="bbox 363 1732 1934 1807">
     <span class='ocr_line' id='line_1_32' title="bbox 363 1732 1934 1807; baseline -0.015 -1"><span class='ocrx_word' id='word_1_206' title='bbox 363 1753 593 1807; x_wconf 90' lang='lat' dir='ltr'><strong>babnit:</strong></span> <span class='ocrx_word' id='word_1_207' title='bbox 632 1765 650 1798; x_wconf 83' lang='lat' dir='ltr'><strong>t</strong></span> <span class='ocrx_word' id='word_1_208' title='bbox 689 1745 856 1799; x_wconf 86' lang='lat' dir='ltr'><strong>Nemo</strong></span> <span class='ocrx_word' id='word_1_209' title='bbox 890 1751 1126 1797; x_wconf 78' lang='lat' dir='ltr'><strong>vestrum</strong></span> <span class='ocrx_word' id='word_1_210' title='bbox 1175 1738 1467 1799; x_wconf 80' lang='lat' dir='ltr'><strong>existimet,</strong></span> <span class='ocrx_word' id='word_1_211' title='bbox 1500 1735 1621 1801; x_wconf 75' lang='lat' dir='ltr'><strong>viri,</strong></span> <span class='ocrx_word' id='word_1_212' title='bbox 1662 1747 1768 1798; x_wconf 90' lang='lat' dir='ltr'><strong>me,</strong></span> <span class='ocrx_word' id='word_1_213' title='bbox 1811 1732 1934 1799; x_wconf 87' lang='lat' dir='ltr'><strong>quia</strong></span> 
     </span>
    </p>
   </div>
   <div class='ocr_carea' id='block_1_33' title="bbox 2040 1729 3619 1808">
    <p class='ocr_par' dir='ltr' id='par_1_33' title="bbox 2042 1729 3619 1804">
     <span class='ocr_line' id='line_1_33' title="bbox 2042 1729 3619 1804; baseline 0.006 -30"><span class='ocrx_word' id='word_1_214' title='bbox 2042 1729 2522 1797; x_wconf 80' lang='grc' dir='ltr'>προστεταγμένον</span> <span class='ocrx_word' id='word_1_215' title='bbox 2558 1729 2709 1802; x_wconf 83' lang='grc' dir='ltr'>αὐτῷ</span> <span class='ocrx_word' id='word_1_216' title='bbox 2734 1733 2806 1785; x_wconf 84' lang='grc' dir='ltr'>τὰ</span> <span class='ocrx_word' id='word_1_217' title='bbox 2845 1734 3018 1787; x_wconf 91' lang='grc' dir='ltr'>πλείω</span> <span class='ocrx_word' id='word_1_218' title='bbox 3042 1734 3151 1787; x_wconf 86' lang='grc' dir='ltr'><strong>τῶν</strong></span> <span class='ocrx_word' id='word_1_219' title='bbox 3206 1737 3504 1804; x_wconf 78' lang='grc' dir='ltr'>χρημάτων</span> <span class='ocrx_word' id='word_1_220' title='bbox 3537 1735 3619 1786; x_wconf 62' lang='lat'><strong>1:-</strong></span> 
     </span>
    </p>
   </div>
   <div class='ocr_carea' id='block_1_34' title="bbox 364 1824 1939 1899">
    <p class='ocr_par' dir='ltr' id='par_1_34' title="bbox 364 1824 1939 1899">
     <span class='ocr_line' id='line_1_34' title="bbox 364 1824 1939 1899; baseline -0.017 -1"><span class='ocrx_word' id='word_1_221' title='bbox 364 1843 650 1899; x_wconf 83' lang='lat' dir='ltr'><strong>metuiinus</strong></span> <span class='ocrx_word' id='word_1_222' title='bbox 681 1853 747 1892; x_wconf 92' lang='lat' dir='ltr'><strong>ne</strong></span> <span class='ocrx_word' id='word_1_223' title='bbox 775 1844 952 1890; x_wconf 83' lang='lat' dir='ltr'><strong>vestra</strong></span> <span class='ocrx_word' id='word_1_224' title='bbox 1005 1832 1226 1886; x_wconf 83' lang='lat' dir='ltr'><strong>ﬂuctuet</strong></span> <span class='ocrx_word' id='word_1_225' title='bbox 1270 1842 1398 1898; x_wconf 79' lang='lat' dir='ltr'><strong>erga</strong></span> <span class='ocrx_word' id='word_1_226' title='bbox 1439 1826 1738 1879; x_wconf 79' lang='lat' dir='ltr'><strong>Romanum</strong></span> <span class='ocrx_word' id='word_1_227' title='bbox 1769 1824 1939 1891; x_wconf 84' lang='lat' dir='ltr'><strong>impe-</strong></span> 
     </span>
    </p>
   </div>
   <div class='ocr_carea' id='block_1_35' title="bbox 363 1913 1941 1990">
    <p class='ocr_par' dir='ltr' id='par_1_35' title="bbox 363 1913 1941 1990">
     <span class='ocr_line' id='line_1_35' title="bbox 363 1913 1941 1990; baseline -0.016 -1"><span class='ocrx_word' id='word_1_228' title='bbox 363 1937 500 1990; x_wconf 88' lang='lat' dir='ltr'><strong>rium</strong></span> <span class='ocrx_word' id='word_1_229' title='bbox 549 1929 938 1989; x_wconf 87' lang='lat' dir='ltr'><strong>benevolentia,</strong></span> <span class='ocrx_word' id='word_1_230' title='bbox 973 1924 1093 1977; x_wconf 88' lang='lat' dir='ltr'><strong>ideo</strong></span> <span class='ocrx_word' id='word_1_231' title='bbox 1126 1925 1229 1974; x_wconf 89' lang='lat' dir='ltr'><strong>huc</strong></span> <span class='ocrx_word' id='word_1_232' title='bbox 1259 1919 1480 1972; x_wconf 88' lang='lat' dir='ltr'><strong>missum</strong></span> <span class='ocrx_word' id='word_1_233' title='bbox 1513 1930 1635 1971; x_wconf 88' lang='lat' dir='ltr'><strong>esse</strong></span> <span class='ocrx_word' id='word_1_234' title='bbox 1669 1915 1736 1968; x_wconf 89' lang='lat' dir='ltr'><strong>ab</strong></span> <span class='ocrx_word' id='word_1_235' title='bbox 1771 1913 1941 1979; x_wconf 89' lang='lat' dir='ltr'><strong>impe-</strong></span> 
     </span>
    </p>
   </div>
   <div class='ocr_carea' id='block_1_36' title="bbox 369 2007 1938 2085">
    <p class='ocr_par' dir='ltr' id='par_1_36' title="bbox 369 2007 1938 2085">
     <span class='ocr_line' id='line_1_36' title="bbox 369 2007 1938 2085; baseline -0.014 -8"><span class='ocrx_word' id='word_1_236' title='bbox 369 2037 568 2085; x_wconf 84' lang='lat' dir='ltr'><strong>ratore,</strong></span> <span class='ocrx_word' id='word_1_237' title='bbox 602 2035 661 2076; x_wconf 89' lang='lat' dir='ltr'><strong>ut</strong></span> <span class='ocrx_word' id='word_1_238' title='bbox 695 2019 936 2072; x_wconf 90' lang='lat' dir='ltr'><strong>labantes</strong></span> <span class='ocrx_word' id='word_1_239' title='bbox 967 2024 1175 2068; x_wconf 83' lang='lat' dir='ltr'><strong>vestros</strong></span> <span class='ocrx_word' id='word_1_240' title='bbox 1215 2010 1425 2063; x_wconf 88' lang='lat' dir='ltr'><strong>animos</strong></span> <span class='ocrx_word' id='word_1_241' title='bbox 1467 2007 1673 2076; x_wconf 81' lang='lat' dir='ltr'><strong>erigam</strong></span> <span class='ocrx_word' id='word_1_242' title='bbox 1715 2018 1778 2057; x_wconf 92' lang='lat' dir='ltr'><strong>ac</strong></span> <span class='ocrx_word' id='word_1_243' title='bbox 1808 2017 1938 2056; x_wconf 83' lang='lat' dir='ltr'><strong>con-</strong></span> 
     </span>
    </p>
   </div>
   <div class='ocr_carea' id='block_1_37' title="bbox 364 2095 1939 2178">
    <p class='ocr_par' dir='ltr' id='par_1_37' title="bbox 364 2095 1939 2178">
     <span class='ocr_line' id='line_1_37' title="bbox 364 2095 1939 2178; baseline -0.015 -8"><span class='ocrx_word' id='word_1_244' title='bbox 364 2119 594 2170; x_wconf 87' lang='lat' dir='ltr'><strong>lirment.</strong></span> <span class='ocrx_word' id='word_1_245' title='bbox 653 2108 834 2178; x_wconf 82' lang='lat' dir='ltr'><strong>Neque</strong></span> <span class='ocrx_word' id='word_1_246' title='bbox 878 2107 1023 2161; x_wconf 91' lang='lat' dir='ltr'><strong>enim</strong></span> <span class='ocrx_word' id='word_1_247' title='bbox 1079 2105 1319 2156; x_wconf 84' lang='lat' dir='ltr'><strong>l&#39;uturum</strong></span> <span class='ocrx_word' id='word_1_248' title='bbox 1370 2099 1622 2160; x_wconf 85' lang='lat' dir='ltr'><strong>arbitror,</strong></span> <span class='ocrx_word' id='word_1_249' title='bbox 1670 2095 1832 2164; x_wconf 77' lang='lat'><strong>230</strong></span> <span class='ocrx_word' id='word_1_250' title='bbox 1879 2101 1939 2147; x_wconf 81' lang='lat' dir='ltr'><strong>ut</strong></span> 
     </span>
    </p>
   </div>
   <div class='ocr_carea' id='block_1_38' title="bbox 361 2190 1938 2274">
    <p class='ocr_par' dir='ltr' id='par_1_38' title="bbox 361 2190 1938 2274">
     <span class='ocr_line' id='line_1_38' title="bbox 361 2190 1938 2274; baseline -0.012 -14"><span class='ocrx_word' id='word_1_251' title='bbox 361 2219 455 2260; x_wconf 81' lang='lat' dir='ltr'><strong>aut</strong></span> <span class='ocrx_word' id='word_1_252' title='bbox 479 2222 574 2260; x_wconf 88' lang='lat' dir='ltr'><strong>vos</strong></span> <span class='ocrx_word' id='word_1_253' title='bbox 609 2203 707 2274; x_wconf 89' lang='lat' dir='ltr'><strong>ipsi</strong></span> <span class='ocrx_word' id='word_1_254' title='bbox 739 2211 846 2256; x_wconf 86' lang='lat' dir='ltr'><strong>tam</strong></span> <span class='ocrx_word' id='word_1_255' title='bbox 877 2199 1171 2268; x_wconf 82' lang='lat' dir='ltr'><strong>degeneres</strong></span> <span class='ocrx_word' id='word_1_256' title='bbox 1199 2203 1254 2249; x_wconf 84' lang='lat' dir='ltr'><strong>et</strong></span> <span class='ocrx_word' id='word_1_257' title='bbox 1285 2203 1458 2248; x_wconf 85' lang='lat' dir='ltr'><strong>vestra</strong></span> <span class='ocrx_word' id='word_1_258' title='bbox 1503 2190 1751 2259; x_wconf 75' lang='lat' dir='ltr'><strong>indignos</strong></span> <span class='ocrx_word' id='word_1_259' title='bbox 1781 2198 1938 2256; x_wconf 80' lang='lat' dir='ltr'><strong>gente</strong></span> 
     </span>
    </p>
   </div>
   <div class='ocr_carea' id='block_1_39' title="bbox 361 2278 1939 2370">
    <p class='ocr_par' dir='ltr' id='par_1_39' title="bbox 361 2278 1939 2370">
     <span class='ocr_line' id='line_1_39' title="bbox 361 2278 1939 2370; baseline -0.015 -17"><span class='ocrx_word' id='word_1_260' title='bbox 361 2297 647 2370; x_wconf 63' lang='lat' dir='ltr'><strong>priestetis,</strong></span> <span class='ocrx_word' id='word_1_261' title='bbox 680 2305 771 2347; x_wconf 86' lang='lat' dir='ltr'><strong>aut</strong></span> <span class='ocrx_word' id='word_1_262' title='bbox 799 2292 868 2345; x_wconf 92' lang='lat' dir='ltr'><strong>ab</strong></span> <span class='ocrx_word' id='word_1_263' title='bbox 891 2306 955 2346; x_wconf 93' lang='lat' dir='ltr'><strong>ea</strong></span> <span class='ocrx_word' id='word_1_264' title='bbox 983 2304 1144 2358; x_wconf 89' lang='lat' dir='ltr'><strong>quam</strong></span> <span class='ocrx_word' id='word_1_265' title='bbox 1175 2288 1242 2341; x_wconf 90' lang='lat' dir='ltr'><strong>de</strong></span> <span class='ocrx_word' id='word_1_266' title='bbox 1266 2284 1415 2339; x_wconf 80' lang='lat' dir='ltr'><strong>vobis</strong></span> <span class='ocrx_word' id='word_1_267' title='bbox 1456 2281 1663 2352; x_wconf 87' lang='lat' dir='ltr'><strong>pridem</strong></span> <span class='ocrx_word' id='word_1_268' title='bbox 1690 2278 1939 2348; x_wconf 88' lang='lat' dir='ltr'><strong>concepit</strong></span> 
     </span>
    </p>
   </div>
   <div class='ocr_carea' id='block_1_40' title="bbox 359 2373 1938 2463">
    <p class='ocr_par' dir='ltr' id='par_1_40' title="bbox 359 2373 1938 2463">
     <span class='ocr_line' id='line_1_40' title="bbox 359 2373 1938 2463; baseline -0.015 -19"><span class='ocrx_word' id='word_1_269' title='bbox 359 2392 616 2463; x_wconf 85' lang='lat' dir='ltr'><strong>npinione</strong></span> <span class='ocrx_word' id='word_1_270' title='bbox 665 2385 878 2440; x_wconf 84' lang='lat' dir='ltr'><strong>recedat</strong></span> <span class='ocrx_word' id='word_1_271' title='bbox 940 2384 1255 2450; x_wconf 84' lang='lat' dir='ltr'><strong>imperator.</strong></span> <span class='ocrx_word' id='word_1_272' title='bbox 1317 2373 1758 2441; x_wconf 83' lang='lat' dir='ltr'><strong>Quandoquidem</strong></span> <span class='ocrx_word' id='word_1_273' title='bbox 1807 2383 1938 2423; x_wconf 90' lang='lat' dir='ltr'><strong>vero</strong></span> 
     </span>
    </p>
   </div>
   <div class='ocr_carea' id='block_1_41' title="bbox 364 2461 1934 2544">
    <p class='ocr_par' dir='ltr' id='par_1_41' title="bbox 364 2461 1934 2544">
     <span class='ocr_line' id='line_1_41' title="bbox 364 2461 1934 2544; baseline -0.013 -8"><span class='ocrx_word' id='word_1_274' title='bbox 364 2461 504 2536; x_wconf 70' lang='lat' dir='ltr'><strong>initer</strong></span> <span class='ocrx_word' id='word_1_275' title='bbox 537 2493 726 2535; x_wconf 91' lang='lat' dir='ltr'><strong>omnes</strong></span> <span class='ocrx_word' id='word_1_276' title='bbox 768 2478 856 2544; x_wconf 91' lang='lat' dir='ltr'><strong>qui</strong></span> <span class='ocrx_word' id='word_1_277' title='bbox 906 2473 1009 2526; x_wconf 88' lang='lat' dir='ltr'><strong>sub</strong></span> <span class='ocrx_word' id='word_1_278' title='bbox 1052 2470 1197 2525; x_wconf 85' lang='lat' dir='ltr'><strong>illius</strong></span> <span class='ocrx_word' id='word_1_279' title='bbox 1234 2476 1502 2536; x_wconf 86' lang='lat' dir='ltr'><strong>potestate</strong></span> <span class='ocrx_word' id='word_1_280' title='bbox 1532 2474 1656 2517; x_wconf 89' lang='lat' dir='ltr'><strong>sunt</strong></span> <span class='ocrx_word' id='word_1_281' title='bbox 1689 2461 1934 2532; x_wconf 88' lang='lat' dir='ltr'><strong>populos,</strong></span> 
     </span>
    </p>
   </div>
   <div class='ocr_carea' id='block_1_42' title="bbox 365 2555 1933 2632">
    <p class='ocr_par' dir='ltr' id='par_1_42' title="bbox 365 2555 1933 2632">
     <span class='ocr_line' id='line_1_42' title="bbox 365 2555 1933 2632; baseline -0.014 -6"><span class='ocrx_word' id='word_1_282' title='bbox 365 2581 416 2628; x_wconf 86' lang='lat' dir='ltr'><strong>in</strong></span> <span class='ocrx_word' id='word_1_283' title='bbox 453 2581 626 2626; x_wconf 76' lang='lat' dir='ltr'><strong>vestra</strong></span> <span class='ocrx_word' id='word_1_284' title='bbox 668 2564 1038 2623; x_wconf 66' lang='lat' dir='ltr'><strong>benevolentia</strong></span> <span class='ocrx_word' id='word_1_285' title='bbox 1071 2561 1408 2632; x_wconf 80' lang='lat' dir='ltr'><strong>potissimam</strong></span> <span class='ocrx_word' id='word_1_286' title='bbox 1455 2557 1618 2611; x_wconf 83' lang='lat' dir='ltr'><strong>liabet</strong></span> <span class='ocrx_word' id='word_1_287' title='bbox 1661 2555 1933 2614; x_wconf 85' lang='lat' dir='ltr'><strong>ﬁduciam,</strong></span> 
     </span>
    </p>
   </div>
   <div class='ocr_carea' id='block_1_43' title="bbox 362 2645 1939 2736">
    <p class='ocr_par' dir='ltr' id='par_1_43' title="bbox 362 2645 1939 2736">
     <span class='ocr_line' id='line_1_43' title="bbox 362 2645 1939 2736; baseline -0.013 -19"><span class='ocrx_word' id='word_1_288' title='bbox 362 2672 645 2736; x_wconf 83' lang='lat' dir='ltr'><strong>eapropter</strong></span> <span class='ocrx_word' id='word_1_289' title='bbox 671 2672 725 2715; x_wconf 87' lang='lat' dir='ltr'><strong>et</strong></span> <span class='ocrx_word' id='word_1_290' title='bbox 747 2675 895 2711; x_wconf 88' lang='lat' dir='ltr'><strong>suam</strong></span> <span class='ocrx_word' id='word_1_291' title='bbox 924 2654 1339 2709; x_wconf 89' lang='lat' dir='ltr'><strong>sollicitudinem</strong></span> <span class='ocrx_word' id='word_1_292' title='bbox 1367 2650 1517 2704; x_wconf 78' lang='lat' dir='ltr'><strong>Vobis</strong></span> <span class='ocrx_word' id='word_1_293' title='bbox 1544 2649 1773 2718; x_wconf 86' lang='lat' dir='ltr'><strong>primum</strong></span> <span class='ocrx_word' id='word_1_294' title='bbox 1807 2645 1939 2698; x_wconf 83' lang='lat' dir='ltr'><strong>indi-</strong></span> 
     </span>
    </p>
   </div>
   <div class='ocr_carea' id='block_1_44' title="bbox 362 2737 1937 2823">
    <p class='ocr_par' dir='ltr' id='par_1_44' title="bbox 362 2737 1937 2823">
     <span class='ocr_line' id='line_1_44' title="bbox 362 2737 1937 2823; baseline -0.014 -13"><span class='ocrx_word' id='word_1_295' title='bbox 362 2773 488 2810; x_wconf 75' lang='lat' dir='ltr'><strong>rare</strong></span> <span class='ocrx_word' id='word_1_296' title='bbox 521 2765 682 2823; x_wconf 89' lang='lat' dir='ltr'><strong>atque</strong></span> <span class='ocrx_word' id='word_1_297' title='bbox 711 2753 991 2806; x_wconf 86' lang='lat' dir='ltr'><strong>ostendere</strong></span> <span class='ocrx_word' id='word_1_298' title='bbox 1016 2746 1224 2800; x_wconf 88' lang='lat' dir='ltr'><strong>statuit.</strong></span> <span class='ocrx_word' id='word_1_299' title='bbox 1257 2742 1431 2809; x_wconf 88' lang='lat' dir='ltr'><strong>Turpe</strong></span> <span class='ocrx_word' id='word_1_300' title='bbox 1465 2739 1608 2794; x_wconf 89' lang='lat' dir='ltr'><strong>enim</strong></span> <span class='ocrx_word' id='word_1_301' title='bbox 1635 2746 1718 2792; x_wconf 88' lang='lat' dir='ltr'><strong>est</strong></span> <span class='ocrx_word' id='word_1_302' title='bbox 1747 2737 1937 2792; x_wconf 89' lang='lat' dir='ltr'><strong>subdi-</strong></span> 
     </span>
    </p>
   </div>
   <div class='ocr_carea' id='block_1_45' title="bbox 364 2827 1936 2912">
    <p class='ocr_par' dir='ltr' id='par_1_45' title="bbox 364 2827 1936 2912">
     <span class='ocr_line' id='line_1_45' title="bbox 364 2827 1936 2912; baseline -0.011 -18"><span class='ocrx_word' id='word_1_303' title='bbox 364 2842 432 2896; x_wconf 84' lang='lat' dir='ltr'><strong>tis</strong></span> <span class='ocrx_word' id='word_1_304' title='bbox 464 2841 679 2912; x_wconf 86' lang='lat' dir='ltr'><strong>quidem</strong></span> <span class='ocrx_word' id='word_1_305' title='bbox 713 2835 790 2889; x_wconf 91' lang='lat' dir='ltr'><strong>uti</strong></span> <span class='ocrx_word' id='word_1_306' title='bbox 836 2833 1104 2896; x_wconf 80' lang='lat' dir='ltr'><strong>felicibus,</strong></span> <span class='ocrx_word' id='word_1_307' title='bbox 1135 2830 1426 2885; x_wconf 80' lang='lat' dir='ltr'><strong>infelicium</strong></span> <span class='ocrx_word' id='word_1_308' title='bbox 1460 2843 1586 2881; x_wconf 89' lang='lat' dir='ltr'><strong>vero</strong></span> <span class='ocrx_word' id='word_1_309' title='bbox 1613 2827 1936 2895; x_wconf 89' lang='lat' dir='ltr'><strong>postbabere</strong></span> 
     </span>
    </p>
   </div>
   <div class='ocr_carea' id='block_1_46' title="bbox 362 2915 1936 2994">
    <p class='ocr_par' dir='ltr' id='par_1_46' title="bbox 362 2915 1936 2994">
     <span class='ocr_line' id='line_1_46' title="bbox 362 2915 1936 2994; baseline -0.011 -11"><span class='ocrx_word' id='word_1_310' title='bbox 362 2930 612 2983; x_wconf 80' lang='lat' dir='ltr'><strong>salutem.</strong></span> <span class='ocrx_word' id='word_1_311' title='bbox 645 2923 721 2979; x_wconf 78' lang='lat' dir='ltr'><strong>Ne</strong></span> <span class='ocrx_word' id='word_1_312' title='bbox 758 2924 922 2994; x_wconf 81' lang='lat' dir='ltr'><strong>igitur</strong></span> <span class='ocrx_word' id='word_1_313' title='bbox 955 2920 1130 2985; x_wconf 88' lang='lat' dir='ltr'><strong>vobis,</strong></span> <span class='ocrx_word' id='word_1_314' title='bbox 1166 2929 1222 2972; x_wconf 93' lang='lat' dir='ltr'><strong>ut</strong></span> <span class='ocrx_word' id='word_1_315' title='bbox 1255 2927 1309 2972; x_wconf 91' lang='lat' dir='ltr'><strong>et</strong></span> <span class='ocrx_word' id='word_1_316' title='bbox 1351 2918 1559 2972; x_wconf 62' lang='lat' dir='ltr'><strong>caeteris</strong></span> <span class='ocrx_word' id='word_1_317' title='bbox 1583 2917 1674 2985; x_wconf 92' lang='lat' dir='ltr'><strong>qui</strong></span> <span class='ocrx_word' id='word_1_318' title='bbox 1707 2915 1936 2984; x_wconf 85' lang='lat' dir='ltr'><strong>impera-</strong></span> 
     </span>
    </p>
   </div>
   <div class='ocr_carea' id='block_1_47' title="bbox 365 3009 1934 3081">
    <p class='ocr_par' dir='ltr' id='par_1_47' title="bbox 365 3009 1934 3081">
     <span class='ocr_line' id='line_1_47' title="bbox 365 3009 1934 3081; baseline -0.008 -8"><span class='ocrx_word' id='word_1_319' title='bbox 365 3021 499 3076; x_wconf 87' lang='lat' dir='ltr'><strong>toris</strong></span> <span class='ocrx_word' id='word_1_320' title='bbox 531 3017 767 3073; x_wconf 83' lang='lat' dir='ltr'><strong>amicitia</strong></span> <span class='ocrx_word' id='word_1_321' title='bbox 801 3030 904 3070; x_wconf 91' lang='lat' dir='ltr'><strong>non</strong></span> <span class='ocrx_word' id='word_1_322' title='bbox 941 3013 1216 3076; x_wconf 83' lang='lat' dir='ltr'><strong>fruuntur,</strong></span> <span class='ocrx_word' id='word_1_323' title='bbox 1265 3014 1343 3067; x_wconf 88' lang='lat' dir='ltr'><strong>vis</strong></span> <span class='ocrx_word' id='word_1_324' title='bbox 1374 3011 1550 3081; x_wconf 89' lang='lat' dir='ltr'><strong>aliqua</strong></span> <span class='ocrx_word' id='word_1_325' title='bbox 1580 3026 1608 3064; x_wconf 86' lang='lat' dir='ltr'><strong>a</strong></span> <span class='ocrx_word' id='word_1_326' title='bbox 1643 3009 1934 3063; x_wconf 79' lang='lat' dir='ltr'><strong>Frederico</strong></span> 
     </span>
    </p>
   </div>
   <div class='ocr_carea' id='block_1_48' title="bbox 2044 1814 3616 1894">
    <p class='ocr_par' dir='ltr' id='par_1_48' title="bbox 2044 1814 3616 1894">
     <span class='ocr_line' id='line_1_48' title="bbox 2044 1814 3616 1894; baseline 0.008 -28"><span class='ocrx_word' id='word_1_327' title='bbox 2044 1814 2159 1867; x_wconf 87' lang='grc' dir='ltr'>πὼν</span> <span class='ocrx_word' id='word_1_328' title='bbox 2187 1816 2350 1882; x_wconf 79' lang='grc' dir='ltr'>αὐτὸς</span> <span class='ocrx_word' id='word_1_329' title='bbox 2377 1819 2472 1872; x_wconf 73' lang='grc' dir='ltr'><strong>ἐπὶ</strong></span> <span class='ocrx_word' id='word_1_330' title='bbox 2502 1821 2834 1888; x_wconf 83' lang='grc' dir='ltr'>Οὑεννέτους</span> <span class='ocrx_word' id='word_1_331' title='bbox 2861 1826 3055 1878; x_wconf 80' lang='grc' dir='ltr'>ναυσὶν</span> <span class='ocrx_word' id='word_1_332' title='bbox 3105 1820 3238 1894; x_wconf 79' lang='grc' dir='ltr'>ἦλθε</span> <span class='ocrx_word' id='word_1_333' title='bbox 3300 1826 3616 1894; x_wconf 83' lang='grc' dir='ltr'>πνεύματος</span> 
     </span>
    </p>
   </div>
   <div class='ocr_carea' id='block_1_49' title="bbox 2039 1905 3618 1984">
    <p class='ocr_par' dir='ltr' id='par_1_49' title="bbox 2039 1905 3618 1984">
     <span class='ocr_line' id='line_1_49' title="bbox 2039 1905 3618 1984; baseline 0.006 -27"><span class='ocrx_word' id='word_1_334' title='bbox 2039 1905 2306 1978; x_wconf 83' lang='grc' dir='ltr'>ὲπιφόρου</span> <span class='ocrx_word' id='word_1_335' title='bbox 2336 1908 2536 1979; x_wconf 86' lang='grc' dir='ltr'>τυχὼν,</span> <span class='ocrx_word' id='word_1_336' title='bbox 2563 1912 2640 1981; x_wconf 82' lang='grc' dir='ltr'>τῷ</span> <span class='ocrx_word' id='word_1_337' title='bbox 2668 1913 2764 1983; x_wconf 86' lang='grc' dir='ltr'>τῆς</span> <span class='ocrx_word' id='word_1_338' title='bbox 2795 1913 2978 1984; x_wconf 84' lang='grc' dir='ltr'>χώρας</span> <span class='ocrx_word' id='word_1_339' title='bbox 3033 1931 3093 1966; x_wconf 88' lang='grc' dir='ltr'><strong>τε</strong></span> <span class='ocrx_word' id='word_1_340' title='bbox 3139 1915 3292 1968; x_wconf 69' lang='grc' dir='ltr'>δουκὶ</span> <span class='ocrx_word' id='word_1_341' title='bbox 3353 1916 3447 1967; x_wconf 67' lang='grc' dir='ltr'>καὶ</span> <span class='ocrx_word' id='word_1_342' title='bbox 3503 1916 3618 1976; x_wconf 83' lang='grc' dir='ltr'>τοῖς</span> 
     </span>
    </p>
   </div>
   <div class='ocr_carea' id='block_1_50' title="bbox 2039 1998 3620 2090">
    <p class='ocr_par' dir='ltr' id='par_1_50' title="bbox 2039 1998 3620 2090">
     <span class='ocr_line' id='line_1_50' title="bbox 2039 1998 3620 2090; baseline 0.005 -38"><span class='ocrx_word' id='word_1_343' title='bbox 2039 1998 2221 2062; x_wconf 75' lang='grc' dir='ltr'>ἄλλοις</span> <span class='ocrx_word' id='word_1_344' title='bbox 2258 2001 2367 2053; x_wconf 88' lang='grc' dir='ltr'><strong>τῶν</strong></span> <span class='ocrx_word' id='word_1_345' title='bbox 2401 2005 2460 2090; x_wconf 55' lang='grc' dir='ltr'><strong>ἐγ</strong></span> <span class='ocrx_word' id='word_1_346' title='bbox 2488 2003 2563 2073; x_wconf 78' lang='grc' dir='ltr'>τῷ</span> <span class='ocrx_word' id='word_1_347' title='bbox 2599 2004 2743 2058; x_wconf 80' lang='grc' dir='ltr'>ἔθνει</span> <span class='ocrx_word' id='word_1_348' title='bbox 2773 2006 2946 2077; x_wconf 87' lang='grc' dir='ltr'>τούτῳ</span> <span class='ocrx_word' id='word_1_349' title='bbox 2991 2007 3234 2077; x_wconf 81' lang='grc' dir='ltr'>λογίμων</span> <span class='ocrx_word' id='word_1_350' title='bbox 3285 2009 3364 2070; x_wconf 85' lang='grc' dir='ltr'><strong>είς</strong></span> <span class='ocrx_word' id='word_1_351' title='bbox 3421 2006 3620 2074; x_wconf 76' lang='grc' dir='ltr'>λόγους</span> 
     </span>
    </p>
   </div>
   <div class='ocr_carea' id='block_1_51' title="bbox 2044 2091 3619 2172">
    <p class='ocr_par' dir='ltr' id='par_1_51' title="bbox 2044 2091 3619 2172">
     <span class='ocr_line' id='line_1_51' title="bbox 2044 2091 3619 2172; baseline 0.009 -30"><span class='ocrx_word' id='word_1_352' title='bbox 2044 2091 2215 2146; x_wconf 75' lang='grc' dir='ltr'>ἐλθὼν</span> <span class='ocrx_word' id='word_1_353' title='bbox 2239 2092 2386 2158; x_wconf 77' lang='grc' dir='ltr'>ἔλεξε</span> <span class='ocrx_word' id='word_1_354' title='bbox 2411 2095 2536 2148; x_wconf 81' lang='grc' dir='ltr'>τάδε</span> <span class='ocrx_word' id='word_1_355' title='bbox 2570 2111 2586 2128; x_wconf 77' lang='grc'><strong><em>⁸</em></strong></span> <span class='ocrx_word' id='word_1_356' title='bbox 2635 2116 2652 2148; x_wconf 86' lang='grc' dir='ltr'><strong>ι</strong></span> <span class='ocrx_word' id='word_1_357' title='bbox 2680 2099 2884 2170; x_wconf 79' lang='grc' dir='ltr'><strong>Μηδεὶς</strong></span> <span class='ocrx_word' id='word_1_358' title='bbox 2920 2101 3096 2171; x_wconf 81' lang='grc' dir='ltr'>ὑμῶν,</span> <span class='ocrx_word' id='word_1_359' title='bbox 3159 2095 3204 2154; x_wconf 81' lang='grc' dir='ltr'>ὦ</span> <span class='ocrx_word' id='word_1_360' title='bbox 3238 2102 3450 2172; x_wconf 78' lang='grc' dir='ltr'>ἄνδρες,</span> <span class='ocrx_word' id='word_1_361' title='bbox 3485 2104 3619 2156; x_wconf 84' lang='grc' dir='ltr'>ὑπο-</span> 
     </span>
    </p>
   </div>
   <div class='ocr_carea' id='block_1_52' title="bbox 2039 2183 3622 2274">
    <p class='ocr_par' dir='ltr' id='par_1_52' title="bbox 2039 2183 3622 2274">
     <span class='ocr_line' id='line_1_52' title="bbox 2039 2183 3622 2274; baseline 0.008 -38"><span class='ocrx_word' id='word_1_362' title='bbox 2039 2183 2254 2239; x_wconf 76' lang='grc' dir='ltr'>λαϐέτω</span> <span class='ocrx_word' id='word_1_363' title='bbox 2276 2185 2386 2240; x_wconf 80' lang='grc' dir='ltr'>δέει</span> <span class='ocrx_word' id='word_1_364' title='bbox 2412 2189 2507 2242; x_wconf 81' lang='grc' dir='ltr'>τοῦ</span> <span class='ocrx_word' id='word_1_365' title='bbox 2547 2190 2622 2260; x_wconf 78' lang='grc' dir='ltr'>μὴ</span> <span class='ocrx_word' id='word_1_366' title='bbox 2651 2191 2722 2274; x_wconf 60' lang='grc' dir='ltr'><strong>ςιδ</strong></span> <span class='ocrx_word' id='word_1_367' title='bbox 2750 2193 2805 2256; x_wconf 79' lang='grc' dir='ltr'>ἐς</span> <span class='ocrx_word' id='word_1_368' title='bbox 2828 2192 2926 2264; x_wconf 84' lang='grc' dir='ltr'><strong>τὴν</strong></span> <span class='ocrx_word' id='word_1_369' title='bbox 2975 2193 3266 2264; x_wconf 81' lang='grc' dir='ltr'>Ῥωμαίων</span> <span class='ocrx_word' id='word_1_370' title='bbox 3297 2195 3490 2248; x_wconf 77' lang='grc' dir='ltr'>εὔνουν</span> <span class='ocrx_word' id='word_1_371' title='bbox 3521 2195 3622 2265; x_wconf 82' lang='grc' dir='ltr'><strong>βα-</strong></span> 
     </span>
    </p>
   </div>
   <div class='ocr_carea' id='block_1_53' title="bbox 2052 2279 3622 2357">
    <p class='ocr_par' dir='ltr' id='par_1_53' title="bbox 2052 2279 3622 2357">
     <span class='ocr_line' id='line_1_53' title="bbox 2052 2279 3622 2357; baseline 0.006 -28"><span class='ocrx_word' id='word_1_372' title='bbox 2052 2279 2266 2332; x_wconf 89' lang='grc' dir='ltr'>σιλείαν</span> <span class='ocrx_word' id='word_1_373' title='bbox 2299 2283 2639 2351; x_wconf 73' lang='grc' dir='ltr'>προήσεσθαι</span> <span class='ocrx_word' id='word_1_374' title='bbox 2674 2299 2806 2336; x_wconf 86' lang='grc' dir='ltr'>ποτε</span> <span class='ocrx_word' id='word_1_375' title='bbox 2847 2283 2945 2356; x_wconf 82' lang='grc' dir='ltr'><strong>τὴν</strong></span> <span class='ocrx_word' id='word_1_376' title='bbox 3004 2286 3277 2356; x_wconf 80' lang='grc' dir='ltr'>ὑμετέραν</span> <span class='ocrx_word' id='word_1_377' title='bbox 3337 2286 3622 2357; x_wconf 82' lang='grc' dir='ltr'>ἀγχίνοιαν</span> 
     </span>
    </p>
   </div>
   <div class='ocr_carea' id='block_1_54' title="bbox 2041 2371 3623 2448">
    <p class='ocr_par' dir='ltr' id='par_1_54' title="bbox 2041 2371 3623 2448">
     <span class='ocr_line' id='line_1_54' title="bbox 2041 2371 3623 2448; baseline 0.005 -27"><span class='ocrx_word' id='word_1_378' title='bbox 2041 2371 2177 2440; x_wconf 87' lang='grc' dir='ltr'>πρὸς</span> <span class='ocrx_word' id='word_1_379' title='bbox 2214 2371 2481 2441; x_wconf 81' lang='grc' dir='ltr'>βασιλέως</span> <span class='ocrx_word' id='word_1_380' title='bbox 2514 2373 2751 2430; x_wconf 78' lang='grc' dir='ltr'>ἐνταῦθά</span> <span class='ocrx_word' id='word_1_381' title='bbox 2775 2393 2842 2446; x_wconf 89' lang='grc' dir='ltr'><strong>με</strong></span> <span class='ocrx_word' id='word_1_382' title='bbox 2885 2377 3118 2446; x_wconf 76' lang='grc' dir='ltr'>ἀφῖχθαι</span> <span class='ocrx_word' id='word_1_383' title='bbox 3197 2377 3526 2448; x_wconf 80' lang='grc' dir='ltr'>στηρίξοντα</span> <span class='ocrx_word' id='word_1_384' title='bbox 3557 2378 3623 2429; x_wconf 69' lang='grc' dir='ltr'>τὸ</span> 
     </span>
    </p>
   </div>
   <div class='ocr_carea' id='block_1_55' title="bbox 2040 2461 3620 2538">
    <p class='ocr_par' dir='ltr' id='par_1_55' title="bbox 2040 2461 3620 2538">
     <span class='ocr_line' id='line_1_55' title="bbox 2040 2461 3620 2538; baseline 0.004 -26"><span class='ocrx_word' id='word_1_385' title='bbox 2040 2461 2196 2530; x_wconf 85' lang='grc' dir='ltr'>ὑμῶν</span> <span class='ocrx_word' id='word_1_386' title='bbox 2225 2461 2358 2524; x_wconf 76' lang='grc' dir='ltr'>ἴσως</span> <span class='ocrx_word' id='word_1_387' title='bbox 2409 2462 2643 2528; x_wconf 81' lang='grc' dir='ltr'>ὀκλάζον</span> <span class='ocrx_word' id='word_1_388' title='bbox 2671 2465 2774 2532; x_wconf 84' lang='grc' dir='ltr'>τῆς</span> <span class='ocrx_word' id='word_1_389' title='bbox 2836 2465 3082 2537; x_wconf 83' lang='grc' dir='ltr'>γνώμης.</span> <span class='ocrx_word' id='word_1_390' title='bbox 3135 2467 3228 2538; x_wconf 79' lang='grc' dir='ltr'><strong>Μὴ</strong></span> <span class='ocrx_word' id='word_1_391' title='bbox 3281 2467 3390 2535; x_wconf 80' lang='grc' dir='ltr'>γὰρ</span> <span class='ocrx_word' id='word_1_392' title='bbox 3443 2465 3620 2530; x_wconf 79' lang='grc' dir='ltr'>οὕτως</span> 
     </span>
    </p>
   </div>
   <div class='ocr_carea' id='block_1_56' title="bbox 2038 2551 3621 2628">
    <p class='ocr_par' dir='ltr' id='par_1_56' title="bbox 2038 2551 3621 2628">
     <span class='ocr_line' id='line_1_56' title="bbox 2038 2551 3621 2628; baseline 0.004 -26"><span class='ocrx_word' id='word_1_393' title='bbox 2038 2551 2191 2603; x_wconf 85' lang='grc' dir='ltr'>αὐτοί</span> <span class='ocrx_word' id='word_1_394' title='bbox 2229 2569 2289 2604; x_wconf 83' lang='grc' dir='ltr'><strong>τε</strong></span> <span class='ocrx_word' id='word_1_395' title='bbox 2314 2553 2558 2621; x_wconf 84' lang='grc' dir='ltr'>ἀγεννῶς</span> <span class='ocrx_word' id='word_1_396' title='bbox 2596 2557 2691 2608; x_wconf 67' lang='grc' dir='ltr'>καὶ</span> <span class='ocrx_word' id='word_1_397' title='bbox 2759 2557 2993 2623; x_wconf 77' lang='grc' dir='ltr'>ἀναξίως</span> <span class='ocrx_word' id='word_1_398' title='bbox 3056 2557 3149 2611; x_wconf 81' lang='grc' dir='ltr'>τοῦ</span> <span class='ocrx_word' id='word_1_399' title='bbox 3229 2558 3386 2628; x_wconf 81' lang='grc' dir='ltr'>ὑμῶν</span> <span class='ocrx_word' id='word_1_400' title='bbox 3436 2559 3621 2611; x_wconf 75' lang='grc' dir='ltr'>αὐτῶν</span> 
     </span>
    </p>
   </div>
   <div class='ocr_carea' id='block_1_57' title="bbox 2039 2641 3619 2735">
    <p class='ocr_par' dir='ltr' id='par_1_57' title="bbox 2039 2641 3619 2735">
     <span class='ocr_line' id='line_1_57' title="bbox 2039 2641 3619 2735; baseline 0.007 -43"><span class='ocrx_word' id='word_1_401' title='bbox 2039 2641 2257 2735; x_wconf 76' lang='grc' dir='ltr'>σχοίητε</span> <span class='ocrx_word' id='word_1_402' title='bbox 2289 2645 2504 2710; x_wconf 77' lang='grc' dir='ltr'>γένους,</span> <span class='ocrx_word' id='word_1_403' title='bbox 2549 2648 2644 2698; x_wconf 80' lang='grc' dir='ltr'>καὶ</span> <span class='ocrx_word' id='word_1_404' title='bbox 2677 2646 2936 2716; x_wconf 81' lang='grc' dir='ltr'>βασιλεὺς</span> <span class='ocrx_word' id='word_1_405' title='bbox 2974 2649 3073 2720; x_wconf 85' lang='grc' dir='ltr'>τῆς</span> <span class='ocrx_word' id='word_1_406' title='bbox 3103 2651 3233 2720; x_wconf 72' lang='grc' dir='ltr'>περὶ</span> <span class='ocrx_word' id='word_1_407' title='bbox 3263 2651 3406 2720; x_wconf 77' lang='grc' dir='ltr'>ὑμᾶς</span> <span class='ocrx_word' id='word_1_408' title='bbox 3447 2651 3619 2703; x_wconf 81' lang='grc' dir='ltr'>πάλαι</span> 
     </span>
    </p>
   </div>
   <div class='ocr_carea' id='block_1_58' title="bbox 2035 2731 3619 2810">
    <p class='ocr_par' dir='ltr' id='par_1_58' title="bbox 2035 2731 3619 2810">
     <span class='ocr_line' id='line_1_58' title="bbox 2035 2731 3619 2810; baseline 0.006 -26"><span class='ocrx_word' id='word_1_409' title='bbox 2035 2731 2328 2804; x_wconf 78' lang='grc' dir='ltr'>διαμᾶρτοι</span> <span class='ocrx_word' id='word_1_410' title='bbox 2354 2735 2535 2805; x_wconf 81' lang='grc' dir='ltr'>δόξης.</span> <span class='ocrx_word' id='word_1_411' title='bbox 2581 2738 2722 2791; x_wconf 83' lang='grc' dir='ltr'>Ἀλλ’</span> <span class='ocrx_word' id='word_1_412' title='bbox 2746 2739 2937 2810; x_wconf 79' lang='grc' dir='ltr'>ἐπειδὴ</span> <span class='ocrx_word' id='word_1_413' title='bbox 2958 2739 3066 2793; x_wconf 83' lang='grc' dir='ltr'>τῶν</span> <span class='ocrx_word' id='word_1_414' title='bbox 3102 2742 3302 2807; x_wconf 85' lang='grc' dir='ltr'>ἄλλων,</span> <span class='ocrx_word' id='word_1_415' title='bbox 3337 2744 3452 2794; x_wconf 79' lang='grc' dir='ltr'>ὅσοι</span> <span class='ocrx_word' id='word_1_416' title='bbox 3511 2741 3619 2794; x_wconf 79' lang='grc' dir='ltr'><strong>ύπδ</strong></span> 
     </span>
    </p>
   </div>
   <div class='ocr_carea' id='block_1_59' title="bbox 2037 2823 3621 2915">
    <p class='ocr_par' dir='ltr' id='par_1_59' title="bbox 2037 2823 3621 2915">
     <span class='ocr_line' id='line_1_59' title="bbox 2037 2823 3621 2915; baseline 0.005 -39"><span class='ocrx_word' id='word_1_417' title='bbox 2037 2823 2137 2893; x_wconf 79' lang='grc' dir='ltr'><strong>τὴν</strong></span> <span class='ocrx_word' id='word_1_418' title='bbox 2166 2825 2428 2896; x_wconf 84' lang='grc' dir='ltr'>παλάμην</span> <span class='ocrx_word' id='word_1_419' title='bbox 2456 2829 2671 2915; x_wconf 71' lang='grc' dir='ltr'>τελοῦσι</span> <span class='ocrx_word' id='word_1_420' title='bbox 2693 2830 2791 2900; x_wconf 87' lang='grc' dir='ltr'><strong>τὴν</strong></span> <span class='ocrx_word' id='word_1_421' title='bbox 2808 2831 2998 2896; x_wconf 83' lang='grc' dir='ltr'>αὐτοῦ,</span> <span class='ocrx_word' id='word_1_422' title='bbox 3016 2832 3143 2903; x_wconf 79' lang='grc' dir='ltr'>ὑμῖν</span> <span class='ocrx_word' id='word_1_423' title='bbox 3169 2833 3404 2902; x_wconf 85' lang='grc' dir='ltr'>μάλιστα</span> <span class='ocrx_word' id='word_1_424' title='bbox 3426 2835 3501 2894; x_wconf 77' lang='grc' dir='ltr'>εἰς</span> <span class='ocrx_word' id='word_1_425' title='bbox 3525 2833 3621 2884; x_wconf 79' lang='grc' dir='ltr'><strong>εύο</strong></span> 
     </span>
    </p>
   </div>
   <div class='ocr_carea' id='block_1_60' title="bbox 2035 2917 3621 2994">
    <p class='ocr_par' dir='ltr' id='par_1_60' title="bbox 2035 2917 3621 2994">
     <span class='ocr_line' id='line_1_60' title="bbox 2035 2917 3621 2994; baseline 0.008 -28"><span class='ocrx_word' id='word_1_426' title='bbox 2035 2917 2393 2988; x_wconf 85' lang='grc' dir='ltr'>γνωμοσύνην</span> <span class='ocrx_word' id='word_1_427' title='bbox 2450 2919 2807 2992; x_wconf 72' lang='grc' dir='ltr'>τεθαρρηκὼς</span> <span class='ocrx_word' id='word_1_428' title='bbox 2833 2923 2942 2994; x_wconf 68' lang='grc' dir='ltr'>εἴη,</span> <span class='ocrx_word' id='word_1_429' title='bbox 2981 2923 3208 2994; x_wconf 84' lang='grc' dir='ltr'>πρώτην</span> <span class='ocrx_word' id='word_1_430' title='bbox 3237 2924 3326 2977; x_wconf 80' lang='grc' dir='ltr'>διὰ</span> <span class='ocrx_word' id='word_1_431' title='bbox 3348 2923 3504 2976; x_wconf 81' lang='grc' dir='ltr'>τοῦτο</span> <span class='ocrx_word' id='word_1_432' title='bbox 3526 2925 3621 2978; x_wconf 72' lang='grc' dir='ltr'><strong>καὶ</strong></span> 
     </span>
    </p>
   </div>
   <div class='ocr_carea' id='block_1_61' title="bbox 2035 3010 3623 3088">
    <p class='ocr_par' dir='ltr' id='par_1_61' title="bbox 2035 3010 3623 3088">
     <span class='ocr_line' id='line_1_61' title="bbox 2035 3010 3623 3088; baseline 0.005 -26"><span class='ocrx_word' id='word_1_433' title='bbox 2035 3010 2132 3081; x_wconf 79' lang='grc' dir='ltr'>τὴν</span> <span class='ocrx_word' id='word_1_434' title='bbox 2145 3012 2309 3065; x_wconf 80' lang='grc' dir='ltr'>αὐτοῦ</span> <span class='ocrx_word' id='word_1_435' title='bbox 2333 3013 2656 3083; x_wconf 85' lang='grc' dir='ltr'>κηδεμονίαν</span> <span class='ocrx_word' id='word_1_436' title='bbox 2670 3016 2795 3085; x_wconf 78' lang='grc' dir='ltr'>ὑμίν</span> <span class='ocrx_word' id='word_1_437' title='bbox 2817 3018 2887 3070; x_wconf 83' lang='grc' dir='ltr'>ὲπ</span> <span class='ocrx_word' id='word_1_438' title='bbox 2899 3017 3062 3083; x_wconf 83' lang='grc' dir='ltr'>ιδείξα</span> <span class='ocrx_word' id='word_1_439' title='bbox 3071 3017 3190 3071; x_wconf 86' lang='grc' dir='ltr'>σθαι</span> <span class='ocrx_word' id='word_1_440' title='bbox 3209 3018 3368 3086; x_wconf 78' lang='grc' dir='ltr'>ἔγνω.</span> <span class='ocrx_word' id='word_1_441' title='bbox 3384 3019 3623 3088; x_wconf 69' lang='grc' dir='ltr'>Αἰσχρὸν</span> 
     </span>
    </p>
   </div>
   <div class='ocr_carea' id='block_1_62' title="bbox 364 3079 1937 3182">
    <p class='ocr_par' dir='ltr' id='par_1_62' title="bbox 364 3079 1931 3176">
     <span class='ocr_line' id='line_1_62' title="bbox 364 3079 1931 3176; baseline -0.01 -8"><span class='ocrx_word' id='word_1_442' title='bbox 364 3111 651 3174; x_wconf 80' lang='lat' dir='ltr'><strong>inferatur,</strong></span> <span class='ocrx_word' id='word_1_443' title='bbox 693 3108 808 3162; x_wconf 87' lang='lat' dir='ltr'><strong>viro</strong></span> <span class='ocrx_word' id='word_1_444' title='bbox 845 3105 1142 3176; x_wconf 84' lang='lat' dir='ltr'><strong>imperandi</strong></span> <span class='ocrx_word' id='word_1_445' title='bbox 1195 3079 1484 3174; x_wconf 78' lang='lat' dir='ltr'><strong>percupido</strong></span> <span class='ocrx_word' id='word_1_446' title='bbox 1527 3111 1581 3156; x_wconf 85' lang='lat' dir='ltr'><strong>et</strong></span> <span class='ocrx_word' id='word_1_447' title='bbox 1627 3116 1746 3171; x_wconf 67' lang='lat' dir='ltr'><strong>quae</strong></span> <span class='ocrx_word' id='word_1_448' title='bbox 1795 3111 1931 3155; x_wconf 88' lang='lat' dir='ltr'><strong>tem-</strong></span> 
     </span>
    </p>
   </div>
   <div class='ocr_carea' id='block_1_63' title="bbox 2040 3079 3620 3182">
    <p class='ocr_par' dir='ltr' id='par_1_63' title="bbox 2043 3079 3620 3182">
     <span class='ocr_line' id='line_1_63' title="bbox 2043 3079 3620 3182; baseline 0.004 -26"><span class='ocrx_word' id='word_1_449' title='bbox 2043 3079 2139 3173; x_wconf 68' lang='grc' dir='ltr'><strong>μεν</strong></span> <span class='ocrx_word' id='word_1_450' title='bbox 2161 3107 2267 3176; x_wconf 80' lang='grc' dir='ltr'>γὰρ</span> <span class='ocrx_word' id='word_1_451' title='bbox 2287 3079 2519 3176; x_wconf 74' lang='grc' dir='ltr'>χρῆσθαι</span> <span class='ocrx_word' id='word_1_452' title='bbox 2558 3111 2670 3171; x_wconf 85' lang='grc' dir='ltr'>τοῖς</span> <span class='ocrx_word' id='word_1_453' title='bbox 2707 3079 2970 3178; x_wconf 76' lang='grc' dir='ltr'>ύπηκόοις</span> <span class='ocrx_word' id='word_1_454' title='bbox 2992 3079 3348 3182; x_wconf 31' lang='grc' dir='ltr'>ενύημερούσι,</span> <span class='ocrx_word' id='word_1_455' title='bbox 3375 3079 3620 3180; x_wconf 55' lang='grc' dir='ltr'><strong>δυστιξρα⁴</strong></span> 
     </span>
    </p>
   </div>
   <div class='ocr_carea' id='block_1_64' title="bbox 365 3195 1936 3276">
    <p class='ocr_par' dir='ltr' id='par_1_64' title="bbox 365 3195 1936 3276">
     <span class='ocr_line' id='line_1_64' title="bbox 365 3195 1936 3276; baseline -0.008 -16"><span class='ocrx_word' id='word_1_456' title='bbox 365 3219 494 3276; x_wconf 89' lang='lat' dir='ltr'><strong>pore</strong></span> <span class='ocrx_word' id='word_1_457' title='bbox 521 3214 576 3257; x_wconf 90' lang='lat' dir='ltr'><strong>et</strong></span> <span class='ocrx_word' id='word_1_458' title='bbox 604 3202 762 3272; x_wconf 75' lang='lat' dir='ltr'><strong>longa</strong></span> <span class='ocrx_word' id='word_1_459' title='bbox 791 3199 1107 3253; x_wconf 76' lang='lat' dir='ltr'><strong>saeculorum</strong></span> <span class='ocrx_word' id='word_1_460' title='bbox 1131 3197 1518 3251; x_wconf 88' lang='lat' dir='ltr'><strong>consuetudine</strong></span> <span class='ocrx_word' id='word_1_461' title='bbox 1547 3195 1778 3248; x_wconf 85' lang='lat' dir='ltr'><strong>stabilita</strong></span> <span class='ocrx_word' id='word_1_462' title='bbox 1811 3203 1936 3248; x_wconf 86' lang='lat' dir='ltr'><strong>sunt</strong></span> 
     </span>
    </p>
   </div>
   <div class='ocr_carea' id='block_1_65' title="bbox 363 3286 1936 3358">
    <p class='ocr_par' dir='ltr' id='par_1_65' title="bbox 363 3286 1936 3358">
     <span class='ocr_line' id='line_1_65' title="bbox 363 3286 1936 3358; baseline -0.008 -6"><span class='ocrx_word' id='word_1_463' title='bbox 363 3297 668 3352; x_wconf 83' lang='lat' dir='ltr'><strong>convellere</strong></span> <span class='ocrx_word' id='word_1_464' title='bbox 715 3293 860 3346; x_wconf 90' lang='lat' dir='ltr'><strong>nullo</strong></span> <span class='ocrx_word' id='word_1_465' title='bbox 906 3292 1090 3346; x_wconf 89' lang='lat' dir='ltr'><strong>labore</strong></span> <span class='ocrx_word' id='word_1_466' title='bbox 1137 3299 1436 3358; x_wconf 69' lang='lat' dir='ltr'><strong>satagente,</strong></span> <span class='ocrx_word' id='word_1_467' title='bbox 1471 3303 1576 3351; x_wconf 79' lang='lat' dir='ltr'><strong>me,</strong></span> <span class='ocrx_word' id='word_1_468' title='bbox 1613 3286 1688 3340; x_wconf 91' lang='lat' dir='ltr'><strong>uti</strong></span> <span class='ocrx_word' id='word_1_469' title='bbox 1719 3287 1936 3354; x_wconf 80' lang='lat' dir='ltr'><strong>videtis,</strong></span> 
     </span>
    </p>
   </div>
   <div class='ocr_carea' id='block_1_66' title="bbox 363 3379 1934 3452">
    <p class='ocr_par' dir='ltr' id='par_1_66' title="bbox 363 3379 1934 3452">
     <span class='ocr_line' id='line_1_66' title="bbox 363 3379 1934 3452; baseline -0.006 -12"><span class='ocrx_word' id='word_1_470' title='bbox 363 3389 429 3442; x_wconf 82' lang='lat' dir='ltr'><strong>ad</strong></span> <span class='ocrx_word' id='word_1_471' title='bbox 479 3401 574 3439; x_wconf 82' lang='lat' dir='ltr'><strong>vos</strong></span> <span class='ocrx_word' id='word_1_472' title='bbox 609 3385 776 3445; x_wconf 87' lang='lat' dir='ltr'><strong>misit,</strong></span> <span class='ocrx_word' id='word_1_473' title='bbox 823 3383 1174 3452; x_wconf 74' lang='lat' dir='ltr'><strong>prmbiturnm</strong></span> <span class='ocrx_word' id='word_1_474' title='bbox 1207 3380 1410 3440; x_wconf 87' lang='lat' dir='ltr'><strong>omnia,</strong></span> <span class='ocrx_word' id='word_1_475' title='bbox 1449 3395 1565 3448; x_wconf 63' lang='lat' dir='ltr'><strong>quae</strong></span> <span class='ocrx_word' id='word_1_476' title='bbox 1598 3381 1663 3431; x_wconf 88' lang='lat' dir='ltr'><strong>ab</strong></span> <span class='ocrx_word' id='word_1_477' title='bbox 1693 3379 1810 3446; x_wconf 90' lang='lat' dir='ltr'><strong>ipso</strong></span> <span class='ocrx_word' id='word_1_478' title='bbox 1839 3393 1934 3447; x_wconf 88' lang='lat' dir='ltr'><strong>po-</strong></span> 
     </span>
    </p>
   </div>
   <div class='ocr_carea' id='block_1_67' title="bbox 363 3468 1940 3549">
    <p class='ocr_par' dir='ltr' id='par_1_67' title="bbox 363 3468 1940 3549">
     <span class='ocr_line' id='line_1_67' title="bbox 363 3468 1940 3549; baseline -0.008 -15"><span class='ocrx_word' id='word_1_479' title='bbox 363 3477 668 3549; x_wconf 82' lang='lat' dir='ltr'><strong>poscerilis.</strong></span> <span class='ocrx_word' id='word_1_480' title='bbox 707 3472 890 3528; x_wconf 82' lang='lat' dir='ltr'><strong>Nostis</strong></span> <span class='ocrx_word' id='word_1_481' title='bbox 937 3472 1105 3537; x_wconf 88' lang='lat' dir='ltr'><strong>enim,</strong></span> <span class='ocrx_word' id='word_1_482' title='bbox 1156 3481 1215 3523; x_wconf 89' lang='lat' dir='ltr'><strong>ut</strong></span> <span class='ocrx_word' id='word_1_483' title='bbox 1247 3472 1535 3538; x_wconf 86' lang='lat' dir='ltr'><strong>aliquando</strong></span> <span class='ocrx_word' id='word_1_484' title='bbox 1583 3469 1648 3522; x_wconf 89' lang='lat' dir='ltr'><strong>ad</strong></span> <span class='ocrx_word' id='word_1_485' title='bbox 1680 3468 1940 3524; x_wconf 81' lang='lat' dir='ltr'><strong>Mediola-</strong></span> 
     </span>
    </p>
   </div>
   <div class='ocr_carea' id='block_1_68' title="bbox 365 3561 1939 3636">
    <p class='ocr_par' dir='ltr' id='par_1_68' title="bbox 365 3561 1939 3636">
     <span class='ocr_line' id='line_1_68' title="bbox 365 3561 1939 3636; baseline -0.006 -12"><span class='ocrx_word' id='word_1_486' title='bbox 365 3585 517 3634; x_wconf 91' lang='lat' dir='ltr'><strong>num,</strong></span> <span class='ocrx_word' id='word_1_487' title='bbox 550 3568 840 3636; x_wconf 84' lang='lat' dir='ltr'><strong>adjuvaute</strong></span> <span class='ocrx_word' id='word_1_488' title='bbox 862 3564 1126 3632; x_wconf 82' lang='lat' dir='ltr'><strong>principe,</strong></span> <span class='ocrx_word' id='word_1_489' title='bbox 1156 3563 1343 3629; x_wconf 79' lang='lat' dir='ltr'><strong>pra-lio</strong></span> <span class='ocrx_word' id='word_1_490' title='bbox 1371 3577 1492 3614; x_wconf 84' lang='lat' dir='ltr'><strong>cum</strong></span> <span class='ocrx_word' id='word_1_491' title='bbox 1521 3561 1808 3616; x_wconf 87' lang='lat' dir='ltr'><strong>Frederico</strong></span> <span class='ocrx_word' id='word_1_492' title='bbox 1833 3561 1939 3616; x_wconf 91' lang='lat' dir='ltr'><strong>isto</strong></span> 
     </span>
    </p>
   </div>
   <div class='ocr_carea' id='block_1_69' title="bbox 365 3653 1939 3721">
    <p class='ocr_par' dir='ltr' id='par_1_69' title="bbox 365 3653 1939 3721">
     <span class='ocr_line' id='line_1_69' title="bbox 365 3653 1939 3721; baseline -0.008 -3"><span class='ocrx_word' id='word_1_493' title='bbox 365 3662 659 3718; x_wconf 88' lang='lat' dir='ltr'><strong>commisso</strong></span> <span class='ocrx_word' id='word_1_494' title='bbox 687 3658 920 3711; x_wconf 87' lang='lat' dir='ltr'><strong>victores</strong></span> <span class='ocrx_word' id='word_1_495' title='bbox 948 3655 1230 3708; x_wconf 79' lang='lat' dir='ltr'><strong>evaseritis</strong></span> <span class='ocrx_word' id='word_1_496' title='bbox 1256 3671 1269 3708; x_wconf 90' lang='lat'><strong>:</strong></span> <span class='ocrx_word' id='word_1_497' title='bbox 1296 3653 1436 3707; x_wconf 88' lang='lat' dir='ltr'><strong>unde</strong></span> <span class='ocrx_word' id='word_1_498' title='bbox 1466 3665 1520 3708; x_wconf 90' lang='lat' dir='ltr'><strong>et</strong></span> <span class='ocrx_word' id='word_1_499' title='bbox 1560 3654 1939 3721; x_wconf 86' lang='lat' dir='ltr'><strong>imperatorem</strong></span> 
     </span>
    </p>
   </div>
   <div class='ocr_carea' id='block_1_70' title="bbox 363 3744 1938 3816">
    <p class='ocr_par' dir='ltr' id='par_1_70' title="bbox 363 3744 1938 3816">
     <span class='ocr_line' id='line_1_70' title="bbox 363 3744 1938 3816; baseline -0.008 -7"><span class='ocrx_word' id='word_1_500' title='bbox 363 3768 589 3809; x_wconf 76' lang='lat' dir='ltr'><strong>exosum</strong></span> <span class='ocrx_word' id='word_1_501' title='bbox 637 3751 821 3813; x_wconf 82' lang='lat' dir='ltr'><strong>liabet,</strong></span> <span class='ocrx_word' id='word_1_502' title='bbox 876 3746 1192 3816; x_wconf 60' lang='lat' dir='ltr'><strong>stolidaeque</strong></span> <span class='ocrx_word' id='word_1_503' title='bbox 1237 3746 1473 3800; x_wconf 87' lang='lat' dir='ltr'><strong>conlisus</strong></span> <span class='ocrx_word' id='word_1_504' title='bbox 1507 3745 1786 3807; x_wconf 60' lang='lat' dir='ltr'><strong>set-ordiar,</strong></span> <span class='ocrx_word' id='word_1_505' title='bbox 1828 3744 1938 3796; x_wconf 77' lang='lat' dir='ltr'><strong>Ro-</strong></span> 
     </span>
    </p>
   </div>
   <div class='ocr_carea' id='block_1_71' title="bbox 366 3835 1938 3908">
    <p class='ocr_par' dir='ltr' id='par_1_71' title="bbox 366 3835 1938 3908">
     <span class='ocr_line' id='line_1_71' title="bbox 366 3835 1938 3908; baseline -0.009 -6"><span class='ocrx_word' id='word_1_506' title='bbox 366 3859 651 3902; x_wconf 86' lang='lat' dir='ltr'><strong>manorum</strong></span> <span class='ocrx_word' id='word_1_507' title='bbox 682 3855 803 3898; x_wconf 85' lang='lat' dir='ltr'><strong>sese</strong></span> <span class='ocrx_word' id='word_1_508' title='bbox 831 3840 1236 3908; x_wconf 74' lang='lat' dir='ltr'><strong>imperatorem,</strong></span> <span class='ocrx_word' id='word_1_509' title='bbox 1266 3837 1412 3889; x_wconf 89' lang='lat' dir='ltr'><strong>nullo</strong></span> <span class='ocrx_word' id='word_1_510' title='bbox 1442 3835 1566 3889; x_wconf 80' lang='lat' dir='ltr'><strong>licet</strong></span> <span class='ocrx_word' id='word_1_511' title='bbox 1592 3837 1732 3904; x_wconf 84' lang='lat' dir='ltr'><strong>jure,</strong></span> <span class='ocrx_word' id='word_1_512' title='bbox 1759 3835 1938 3888; x_wconf 88' lang='lat' dir='ltr'><strong>vocari</strong></span> 
     </span>
    </p>
   </div>
   <div class='ocr_carea' id='block_1_72' title="bbox 366 3926 1938 3993">
    <p class='ocr_par' dir='ltr' id='par_1_72' title="bbox 366 3926 1938 3993">
     <span class='ocr_line' id='line_1_72' title="bbox 366 3926 1938 3993; baseline -0.009 0"><span class='ocrx_word' id='word_1_513' title='bbox 366 3938 478 3993; x_wconf 86' lang='lat' dir='ltr'><strong>vult</strong></span> <span class='ocrx_word' id='word_1_514' title='bbox 508 3953 522 3992; x_wconf 88' lang='lat'><strong>:</strong></span> <span class='ocrx_word' id='word_1_515' title='bbox 550 3934 801 3990; x_wconf 87' lang='lat' dir='ltr'><strong>nesciens</strong></span> <span class='ocrx_word' id='word_1_516' title='bbox 844 3929 1308 3985; x_wconf 78' lang='lat' dir='ltr'><strong>extraordinarios</strong></span> <span class='ocrx_word' id='word_1_517' title='bbox 1356 3926 1586 3981; x_wconf 78' lang='lat' dir='ltr'><strong>fortuna:</strong></span> <span class='ocrx_word' id='word_1_518' title='bbox 1633 3940 1938 3990; x_wconf 88' lang='lat' dir='ltr'><strong>successus,</strong></span> 
     </span>
    </p>
   </div>
   <div class='ocr_carea' id='block_1_73' title="bbox 364 4015 1942 4082">
    <p class='ocr_par' dir='ltr' id='par_1_73' title="bbox 364 4015 1942 4082">
     <span class='ocr_line' id='line_1_73' title="bbox 364 4015 1942 4082; baseline -0.006 -1"><span class='ocrx_word' id='word_1_519' title='bbox 364 4041 485 4080; x_wconf 85' lang='lat' dir='ltr'><strong>cum</strong></span> <span class='ocrx_word' id='word_1_520' title='bbox 521 4024 793 4079; x_wconf 86' lang='lat' dir='ltr'><strong>soliditate</strong></span> <span class='ocrx_word' id='word_1_521' title='bbox 823 4021 966 4074; x_wconf 87' lang='lat' dir='ltr'><strong>nulla</strong></span> <span class='ocrx_word' id='word_1_522' title='bbox 1003 4018 1319 4082; x_wconf 89' lang='lat' dir='ltr'><strong>l&#39;ulciantur,</strong></span> <span class='ocrx_word' id='word_1_523' title='bbox 1354 4017 1460 4071; x_wconf 90' lang='lat' dir='ltr'><strong>cito</strong></span> <span class='ocrx_word' id='word_1_524' title='bbox 1491 4016 1668 4070; x_wconf 84' lang='lat' dir='ltr'><strong>solere</strong></span> <span class='ocrx_word' id='word_1_525' title='bbox 1701 4015 1942 4072; x_wconf 83' lang='lat' dir='ltr'><strong>dillluere</strong></span> 
     </span>
    </p>
   </div>
   <div class='ocr_carea' id='block_1_74' title="bbox 364 4109 1939 4182">
    <p class='ocr_par' dir='ltr' id='par_1_74' title="bbox 364 4109 1939 4182">
     <span class='ocr_line' id='line_1_74' title="bbox 364 4109 1939 4182; baseline -0.007 -9"><span class='ocrx_word' id='word_1_526' title='bbox 364 4131 418 4175; x_wconf 93' lang='lat' dir='ltr'><strong>ct</strong></span> <span class='ocrx_word' id='word_1_527' title='bbox 447 4129 795 4172; x_wconf 82' lang='lat' dir='ltr'><strong>evanescere.</strong></span> <span class='ocrx_word' id='word_1_528' title='bbox 832 4114 1010 4182; x_wconf 80' lang='lat' dir='ltr'><strong>Atque</strong></span> <span class='ocrx_word' id='word_1_529' title='bbox 1039 4125 1100 4165; x_wconf 90' lang='lat' dir='ltr'><strong>ea</strong></span> <span class='ocrx_word' id='word_1_530' title='bbox 1131 4119 1257 4164; x_wconf 89' lang='lat' dir='ltr'><strong>sunt</strong></span> <span class='ocrx_word' id='word_1_531' title='bbox 1283 4124 1510 4178; x_wconf 89' lang='lat' dir='ltr'><strong>quorum</strong></span> <span class='ocrx_word' id='word_1_532' title='bbox 1542 4110 1715 4178; x_wconf 82' lang='lat' dir='ltr'><strong>gratia</strong></span> <span class='ocrx_word' id='word_1_533' title='bbox 1747 4109 1812 4163; x_wconf 90' lang='lat' dir='ltr'><strong>ad</strong></span> <span class='ocrx_word' id='word_1_534' title='bbox 1844 4123 1939 4162; x_wconf 84' lang='lat' dir='ltr'><strong>vos</strong></span> 
     </span>
    </p>
   </div>
   <div class='ocr_carea' id='block_1_75' title="bbox 366 4200 1942 4270">
    <p class='ocr_par' dir='ltr' id='par_1_75' title="bbox 366 4200 1942 4270">
     <span class='ocr_line' id='line_1_75' title="bbox 366 4200 1942 4270; baseline -0.004 -10"><span class='ocrx_word' id='word_1_535' title='bbox 366 4209 484 4265; x_wconf 89' lang='lat' dir='ltr'><strong>veni</strong></span> <span class='ocrx_word' id='word_1_536' title='bbox 517 4226 532 4262; x_wconf 90' lang='lat'><strong>:</strong></span> <span class='ocrx_word' id='word_1_537' title='bbox 565 4215 804 4261; x_wconf 82' lang='lat' dir='ltr'><strong>vestrum</strong></span> <span class='ocrx_word' id='word_1_538' title='bbox 833 4215 1010 4257; x_wconf 90' lang='lat' dir='ltr'><strong>autem</strong></span> <span class='ocrx_word' id='word_1_539' title='bbox 1040 4201 1143 4255; x_wconf 89' lang='lat' dir='ltr'><strong>erit</strong></span> <span class='ocrx_word' id='word_1_540' title='bbox 1177 4200 1266 4254; x_wconf 88' lang='lat' dir='ltr'><strong>illa</strong></span> <span class='ocrx_word' id='word_1_541' title='bbox 1297 4200 1584 4264; x_wconf 75' lang='lat' dir='ltr'><strong>centicere,</strong></span> <span class='ocrx_word' id='word_1_542' title='bbox 1613 4214 1732 4269; x_wconf 75' lang='lat' dir='ltr'><strong>qua:</strong></span> <span class='ocrx_word' id='word_1_543' title='bbox 1771 4216 1942 4270; x_wconf 86' lang='lat' dir='ltr'><strong>nuper</strong></span> 
     </span>
    </p>
   </div>
   <div class='ocr_carea' id='block_1_76' title="bbox 360 4290 1942 4370">
    <p class='ocr_par' dir='ltr' id='par_1_76' title="bbox 360 4290 1942 4370">
     <span class='ocr_line' id='line_1_76' title="bbox 360 4290 1942 4370; baseline -0.005 -16"><span class='ocrx_word' id='word_1_544' title='bbox 360 4315 459 4370; x_wconf 86' lang='lat' dir='ltr'><strong>per</strong></span> <span class='ocrx_word' id='word_1_545' title='bbox 505 4299 708 4367; x_wconf 74' lang='lat' dir='ltr'><strong>legatus</strong></span> <span class='ocrx_word' id='word_1_546' title='bbox 762 4309 884 4350; x_wconf 90' lang='lat' dir='ltr'><strong>cum</strong></span> <span class='ocrx_word' id='word_1_547' title='bbox 938 4294 1262 4362; x_wconf 82' lang='lat' dir='ltr'><strong>imperatore</strong></span> <span class='ocrx_word' id='word_1_548' title='bbox 1313 4291 1616 4362; x_wconf 77' lang='lat' dir='ltr'><strong>pepigistis.</strong></span> <span class='ocrx_word' id='word_1_549' title='bbox 1671 4290 1942 4347; x_wconf 84' lang='lat' dir='ltr'><strong>Dicebatis</strong></span> 
     </span>
    </p>
   </div>
   <div class='ocr_carea' id='block_1_77' title="bbox 363 4381 1937 4458">
    <p class='ocr_par' dir='ltr' id='par_1_77' title="bbox 363 4381 1937 4458">
     <span class='ocr_line' id='line_1_77' title="bbox 363 4381 1937 4458; baseline -0.004 -14"><span class='ocrx_word' id='word_1_550' title='bbox 363 4404 601 4458; x_wconf 85' lang='lat' dir='ltr'><strong>namque</strong></span> <span class='ocrx_word' id='word_1_551' title='bbox 622 4387 991 4458; x_wconf 79' lang='lat' dir='ltr'><strong>adjungendas</strong></span> <span class='ocrx_word' id='word_1_552' title='bbox 1018 4383 1133 4439; x_wconf 75' lang='lat' dir='ltr'><strong>fore</strong></span> <span class='ocrx_word' id='word_1_553' title='bbox 1156 4385 1360 4438; x_wconf 85' lang='lat' dir='ltr'><strong>vicinas</strong></span> <span class='ocrx_word' id='word_1_554' title='bbox 1380 4381 1635 4454; x_wconf 76' lang='lat' dir='ltr'><strong>Ligurum</strong></span> <span class='ocrx_word' id='word_1_555' title='bbox 1665 4382 1937 4442; x_wconf 84' lang='lat' dir='ltr'><strong>civitates,</strong></span> 
     </span>
    </p>
   </div>
   <div class='ocr_carea' id='block_1_78' title="bbox 367 4475 1938 4548">
    <p class='ocr_par' dir='ltr' id='par_1_78' title="bbox 367 4475 1938 4548">
     <span class='ocr_line' id='line_1_78' title="bbox 367 4475 1938 4548; baseline -0.005 -12"><span class='ocrx_word' id='word_1_556' title='bbox 367 4485 410 4536; x_wconf 88' lang='lat' dir='ltr'><strong>si</strong></span> <span class='ocrx_word' id='word_1_557' title='bbox 442 4483 598 4534; x_wconf 88' lang='lat' dir='ltr'><strong>modo</strong></span> <span class='ocrx_word' id='word_1_558' title='bbox 628 4481 823 4547; x_wconf 80' lang='lat' dir='ltr'><strong>aliquis</strong></span> <span class='ocrx_word' id='word_1_559' title='bbox 860 4475 1142 4548; x_wconf 83' lang='lat' dir='ltr'><strong>Byzantio,</strong></span> <span class='ocrx_word' id='word_1_560' title='bbox 1175 4475 1267 4544; x_wconf 89' lang='lat' dir='ltr'><strong>qui</strong></span> <span class='ocrx_word' id='word_1_561' title='bbox 1303 4475 1577 4530; x_wconf 89' lang='lat' dir='ltr'><strong>vobiscum</strong></span> <span class='ocrx_word' id='word_1_562' title='bbox 1608 4491 1721 4529; x_wconf 91' lang='lat' dir='ltr'><strong>rem</strong></span> <span class='ocrx_word' id='word_1_563' title='bbox 1749 4489 1938 4544; x_wconf 83' lang='lat' dir='ltr'><strong>capes-</strong></span> 
     </span>
    </p>
   </div>
   <div class='ocr_carea' id='block_1_79' title="bbox 366 4567 1936 4639">
    <p class='ocr_par' dir='ltr' id='par_1_79' title="bbox 366 4567 1936 4639">
     <span class='ocr_line' id='line_1_79' title="bbox 366 4567 1936 4639; baseline -0.008 -11"><span class='ocrx_word' id='word_1_564' title='bbox 366 4582 532 4639; x_wconf 82' lang='lat' dir='ltr'><strong>seret,</strong></span> <span class='ocrx_word' id='word_1_565' title='bbox 563 4573 880 4626; x_wconf 87' lang='lat' dir='ltr'><strong>adventaret</strong></span> <span class='ocrx_word' id='word_1_566' title='bbox 903 4587 919 4623; x_wconf 84' lang='lat'><strong>:</strong></span> <span class='ocrx_word' id='word_1_567' title='bbox 939 4568 1082 4638; x_wconf 90' lang='lat' dir='ltr'><strong>quod</strong></span> <span class='ocrx_word' id='word_1_568' title='bbox 1112 4577 1166 4622; x_wconf 90' lang='lat' dir='ltr'><strong>ct</strong></span> <span class='ocrx_word' id='word_1_569' title='bbox 1198 4568 1396 4621; x_wconf 78' lang='lat' dir='ltr'><strong>factum</strong></span> <span class='ocrx_word' id='word_1_570' title='bbox 1426 4576 1531 4630; x_wconf 90' lang='lat' dir='ltr'><strong>est,</strong></span> <span class='ocrx_word' id='word_1_571' title='bbox 1561 4568 1634 4620; x_wconf 88' lang='lat' dir='ltr'><strong>uti</strong></span> <span class='ocrx_word' id='word_1_572' title='bbox 1670 4567 1881 4621; x_wconf 84' lang='lat' dir='ltr'><strong>videtis.</strong></span> <span class='ocrx_word' id='word_1_573' title='bbox 1915 4584 1936 4616; x_wconf 75' lang='grc' dir='ltr'><strong>ι</strong></span> 
     </span>
    </p>
   </div>
   <div class='ocr_carea' id='block_1_80' title="bbox 371 4657 1940 4734">
    <p class='ocr_par' dir='ltr' id='par_1_80' title="bbox 371 4657 1940 4734">
     <span class='ocr_line' id='line_1_80' title="bbox 371 4657 1940 4734; baseline -0.007 -13"><span class='ocrx_word' id='word_1_574' title='bbox 371 4669 493 4722; x_wconf 71' lang='lat' dir='ltr'><strong>llaec</strong></span> <span class='ocrx_word' id='word_1_575' title='bbox 527 4665 740 4734; x_wconf 88' lang='lat' dir='ltr'><strong>quidem</strong></span> <span class='ocrx_word' id='word_1_576' title='bbox 785 4663 919 4718; x_wconf 77' lang='lat' dir='ltr'><strong>dixit</strong></span> <span class='ocrx_word' id='word_1_577' title='bbox 960 4661 1310 4730; x_wconf 80' lang='lat' dir='ltr'><strong>Nicephorus.</strong></span> <span class='ocrx_word' id='word_1_578' title='bbox 1348 4657 1506 4728; x_wconf 75' lang='grc'><strong>231</strong></span> <span class='ocrx_word' id='word_1_579' title='bbox 1541 4657 1726 4712; x_wconf 81' lang='lat' dir='ltr'><strong>Veneti</strong></span> <span class='ocrx_word' id='word_1_580' title='bbox 1759 4670 1940 4712; x_wconf 85' lang='lat' dir='ltr'><strong>autem</strong></span> 
     </span>
    </p>
   </div>
   <div class='ocr_carea' id='block_1_81' title="bbox 365 4750 1942 4826">
    <p class='ocr_par' dir='ltr' id='par_1_81' title="bbox 365 4750 1942 4826">
     <span class='ocr_line' id='line_1_81' title="bbox 365 4750 1942 4826; baseline -0.007 -13"><span class='ocrx_word' id='word_1_581' title='bbox 365 4768 592 4826; x_wconf 77' lang='lat' dir='ltr'><strong>excepta</strong></span> <span class='ocrx_word' id='word_1_582' title='bbox 637 4756 781 4810; x_wconf 88' lang='lat' dir='ltr'><strong>illius</strong></span> <span class='ocrx_word' id='word_1_583' title='bbox 809 4755 1074 4816; x_wconf 86' lang='lat' dir='ltr'><strong>oratione,</strong></span> <span class='ocrx_word' id='word_1_584' title='bbox 1107 4753 1284 4805; x_wconf 90' lang='lat' dir='ltr'><strong>omnia</strong></span> <span class='ocrx_word' id='word_1_585' title='bbox 1317 4767 1374 4804; x_wconf 83' lang='lat' dir='ltr'><strong>se</strong></span> <span class='ocrx_word' id='word_1_586' title='bbox 1408 4761 1760 4804; x_wconf 62' lang='lat' dir='ltr'><strong>exsecuturos</strong></span> <span class='ocrx_word' id='word_1_587' title='bbox 1788 4750 1942 4818; x_wconf 84' lang='lat' dir='ltr'><strong>pulli-</strong></span> 
     </span>
    </p>
   </div>
   <div class='ocr_carea' id='block_1_82' title="bbox 367 4841 1943 4908">
    <p class='ocr_par' dir='ltr' id='par_1_82' title="bbox 367 4841 1943 4908">
     <span class='ocr_line' id='line_1_82' title="bbox 367 4841 1943 4908; baseline -0.004 -6"><span class='ocrx_word' id='word_1_588' title='bbox 367 4851 456 4902; x_wconf 79' lang='lat' dir='ltr'><strong>citi</strong></span> <span class='ocrx_word' id='word_1_589' title='bbox 488 4857 629 4902; x_wconf 89' lang='lat' dir='ltr'><strong>sunt.</strong></span> <span class='ocrx_word' id='word_1_590' title='bbox 667 4845 771 4900; x_wconf 86' lang='lat' dir='ltr'><strong>Sed</strong></span> <span class='ocrx_word' id='word_1_591' title='bbox 801 4855 855 4898; x_wconf 89' lang='lat' dir='ltr'><strong>et</strong></span> <span class='ocrx_word' id='word_1_592' title='bbox 882 4843 1149 4898; x_wconf 85' lang='lat' dir='ltr'><strong>Cremona</strong></span> <span class='ocrx_word' id='word_1_593' title='bbox 1195 4853 1248 4897; x_wconf 88' lang='lat' dir='ltr'><strong>et</strong></span> <span class='ocrx_word' id='word_1_594' title='bbox 1278 4841 1577 4905; x_wconf 87' lang='lat' dir='ltr'><strong>Patavium,</strong></span> <span class='ocrx_word' id='word_1_595' title='bbox 1613 4842 1943 4908; x_wconf 84' lang='lat' dir='ltr'><strong>complures-</strong></span> 
     </span>
    </p>
   </div>
   <div class='ocr_carea' id='block_1_83' title="bbox 365 4934 1946 5012">
    <p class='ocr_par' dir='ltr' id='par_1_83' title="bbox 365 4934 1946 5012">
     <span class='ocr_line' id='line_1_83' title="bbox 365 4934 1946 5012; baseline -0.003 -18"><span class='ocrx_word' id='word_1_596' title='bbox 365 4956 470 5012; x_wconf 88' lang='lat' dir='ltr'><strong>que</strong></span> <span class='ocrx_word' id='word_1_597' title='bbox 508 4941 626 4997; x_wconf 77' lang='lat' dir='ltr'><strong>alia:</strong></span> <span class='ocrx_word' id='word_1_598' title='bbox 655 4941 706 4993; x_wconf 91' lang='lat' dir='ltr'><strong>in</strong></span> <span class='ocrx_word' id='word_1_599' title='bbox 741 4936 956 5008; x_wconf 83' lang='lat' dir='ltr'><strong>Liguria</strong></span> <span class='ocrx_word' id='word_1_600' title='bbox 989 4935 1355 4991; x_wconf 78' lang='lat' dir='ltr'><strong>celeberrimae</strong></span> <span class='ocrx_word' id='word_1_601' title='bbox 1390 4934 1639 4989; x_wconf 85' lang='lat' dir='ltr'><strong>civitates</strong></span> <span class='ocrx_word' id='word_1_602' title='bbox 1687 4936 1946 5005; x_wconf 85' lang='lat' dir='ltr'><strong>principis</strong></span> 
     </span>
    </p>
   </div>
   <div class='ocr_carea' id='block_1_84' title="bbox 366 5029 1945 5106">
    <p class='ocr_par' dir='ltr' id='par_1_84' title="bbox 366 5029 1945 5106">
     <span class='ocr_line' id='line_1_84' title="bbox 366 5029 1945 5106; baseline -0.002 -19"><span class='ocrx_word' id='word_1_603' title='bbox 366 5048 548 5106; x_wconf 86' lang='lat' dir='ltr'><strong>partes</strong></span> <span class='ocrx_word' id='word_1_604' title='bbox 593 5045 718 5090; x_wconf 87' lang='lat' dir='ltr'><strong>sunt</strong></span> <span class='ocrx_word' id='word_1_605' title='bbox 746 5034 1024 5103; x_wconf 73' lang='lat' dir='ltr'><strong>amplexae.</strong></span> <span class='ocrx_word' id='word_1_606' title='bbox 1058 5033 1186 5086; x_wconf 71' lang='lat' dir='ltr'><strong>Haec</strong></span> <span class='ocrx_word' id='word_1_607' title='bbox 1220 5032 1272 5085; x_wconf 91' lang='lat' dir='ltr'><strong>in</strong></span> <span class='ocrx_word' id='word_1_608' title='bbox 1315 5029 1468 5086; x_wconf 84' lang='lat' dir='ltr'><strong>Italia</strong></span> <span class='ocrx_word' id='word_1_609' title='bbox 1515 5033 1583 5086; x_wconf 93' lang='lat' dir='ltr'><strong>ab</strong></span> <span class='ocrx_word' id='word_1_610' title='bbox 1620 5032 1945 5100; x_wconf 90' lang='lat' dir='ltr'><strong>imperatore</strong></span> 
     </span>
    </p>
   </div>
   <div class='ocr_carea' id='block_1_85' title="bbox 364 5126 1942 5196">
    <p class='ocr_par' dir='ltr' id='par_1_85' title="bbox 364 5126 1942 5196">
     <span class='ocr_line' id='line_1_85' title="bbox 364 5126 1942 5196; baseline -0.003 -12"><span class='ocrx_word' id='word_1_611' title='bbox 364 5143 485 5185; x_wconf 85' lang='lat' dir='ltr'><strong>acta</strong></span> <span class='ocrx_word' id='word_1_612' title='bbox 535 5139 696 5191; x_wconf 84' lang='lat' dir='ltr'><strong>sunt,</strong></span> <span class='ocrx_word' id='word_1_613' title='bbox 752 5144 856 5181; x_wconf 89' lang='lat' dir='ltr'><strong>non</strong></span> <span class='ocrx_word' id='word_1_614' title='bbox 915 5137 1100 5195; x_wconf 82' lang='lat' dir='ltr'><strong>aperte</strong></span> <span class='ocrx_word' id='word_1_615' title='bbox 1150 5126 1363 5196; x_wconf 89' lang='lat' dir='ltr'><strong>quidem</strong></span> <span class='ocrx_word' id='word_1_616' title='bbox 1398 5143 1413 5181; x_wconf 87' lang='lat'><strong>:</strong></span> <span class='ocrx_word' id='word_1_617' title='bbox 1445 5141 1568 5179; x_wconf 91' lang='lat' dir='ltr'><strong>nam</strong></span> <span class='ocrx_word' id='word_1_618' title='bbox 1622 5136 1942 5194; x_wconf 78' lang='lat' dir='ltr'><strong>conceptum</strong></span> 
     </span>
    </p>
   </div>
   <div class='ocr_carea' id='block_1_86' title="bbox 364 5219 1938 5291">
    <p class='ocr_par' dir='ltr' id='par_1_86' title="bbox 364 5219 1938 5291">
     <span class='ocr_line' id='line_1_86' title="bbox 364 5219 1938 5291; baseline -0.001 -17"><span class='ocrx_word' id='word_1_619' title='bbox 364 5225 624 5278; x_wconf 69' lang='lat' dir='ltr'><strong>adversus</strong></span> <span class='ocrx_word' id='word_1_620' title='bbox 691 5219 1034 5276; x_wconf 64' lang='lat' dir='ltr'><strong>Frederieum</strong></span> <span class='ocrx_word' id='word_1_621' title='bbox 1105 5220 1286 5274; x_wconf 89' lang='lat' dir='ltr'><strong>odium</strong></span> <span class='ocrx_word' id='word_1_622' title='bbox 1355 5227 1534 5291; x_wconf 75' lang='lat' dir='ltr'><strong>tegere</strong></span> <span class='ocrx_word' id='word_1_623' title='bbox 1600 5219 1778 5272; x_wconf 82' lang='lat' dir='ltr'><strong>adhuc</strong></span> <span class='ocrx_word' id='word_1_624' title='bbox 1841 5235 1938 5274; x_wconf 83' lang='lat' dir='ltr'><strong>cu-</strong></span> 
     </span>
    </p>
   </div>
   <div class='ocr_carea' id='block_1_87' title="bbox 365 5316 562 5388">
    <p class='ocr_par' dir='ltr' id='par_1_87' title="bbox 365 5316 562 5388">
     <span class='ocr_line' id='line_1_87' title="bbox 365 5316 562 5388; baseline 0 -18"><span class='ocrx_word' id='word_1_625' title='bbox 365 5316 562 5388; x_wconf 69' lang='lat' dir='ltr'><strong>picbttl.</strong></span> 
     </span>
    </p>
   </div>
   <div class='ocr_carea' id='block_1_88' title="bbox 1967 4429 2017 4487">
    <p class='ocr_par' dir='ltr' id='par_1_88' title="bbox 1967 4429 2017 4487">
     <span class='ocr_line' id='line_1_88' title="bbox 1967 4429 2017 4487; baseline 0 0"><span class='ocrx_word' id='word_1_626' title='bbox 1967 4429 2017 4487; x_wconf 90' lang='lat' dir='ltr'>D</span> 
     </span>
    </p>
   </div>
   <div class='ocr_carea' id='block_1_89' title="bbox 2036 3198 3613 3273">
    <p class='ocr_par' dir='ltr' id='par_1_89' title="bbox 2036 3198 3613 3273">
     <span class='ocr_line' id='line_1_89' title="bbox 2036 3198 3613 3273; baseline 0.003 -23"><span class='ocrx_word' id='word_1_627' title='bbox 2036 3201 2276 3266; x_wconf 85' lang='grc' dir='ltr'>γούντων</span> <span class='ocrx_word' id='word_1_628' title='bbox 2315 3199 2370 3252; x_wconf 81' lang='grc' dir='ltr'>δὲ</span> <span class='ocrx_word' id='word_1_629' title='bbox 2399 3198 2978 3272; x_wconf 84' lang='grc' dir='ltr'>ἀ[πο]προσποιεῖσθαι</span> <span class='ocrx_word' id='word_1_630' title='bbox 3018 3204 3115 3273; x_wconf 78' lang='grc' dir='ltr'>τὴν</span> <span class='ocrx_word' id='word_1_631' title='bbox 3148 3204 3444 3272; x_wconf 79' lang='grc' dir='ltr'>σωτηρίαν.</span> <span class='ocrx_word' id='word_1_632' title='bbox 3491 3203 3613 3254; x_wconf 72' lang='grc' dir='ltr'>’ἕνα</span> 
     </span>
    </p>
   </div>
   <div class='ocr_carea' id='block_1_90' title="bbox 2035 3290 3619 3363">
    <p class='ocr_par' dir='ltr' id='par_1_90' title="bbox 2035 3290 3619 3363">
     <span class='ocr_line' id='line_1_90' title="bbox 2035 3290 3619 3363; baseline 0.001 -21"><span class='ocrx_word' id='word_1_633' title='bbox 2035 3290 2213 3343; x_wconf 87' lang='grc' dir='ltr'>τοίνυν</span> <span class='ocrx_word' id='word_1_634' title='bbox 2250 3291 2324 3361; x_wconf 80' lang='grc' dir='ltr'>μὴ</span> <span class='ocrx_word' id='word_1_635' title='bbox 2349 3292 2440 3344; x_wconf 77' lang='grc' dir='ltr'><strong>καὶ</strong></span> <span class='ocrx_word' id='word_1_636' title='bbox 2477 3293 2604 3362; x_wconf 88' lang='grc' dir='ltr'>ύμῖν</span> <span class='ocrx_word' id='word_1_637' title='bbox 2633 3293 2728 3345; x_wconf 80' lang='grc' dir='ltr'><strong>σὺν</strong></span> <span class='ocrx_word' id='word_1_638' title='bbox 2755 3292 2954 3356; x_wconf 79' lang='grc' dir='ltr'>ἄλλοις,</span> <span class='ocrx_word' id='word_1_639' title='bbox 2975 3293 3120 3356; x_wconf 82' lang='grc' dir='ltr'>ὅσοις</span> <span class='ocrx_word' id='word_1_640' title='bbox 3142 3295 3204 3346; x_wconf 88' lang='grc' dir='ltr'><strong>ού</strong></span> <span class='ocrx_word' id='word_1_641' title='bbox 3231 3294 3329 3363; x_wconf 77' lang='grc' dir='ltr'><strong>τῆς</strong></span> <span class='ocrx_word' id='word_1_642' title='bbox 3357 3293 3619 3362; x_wconf 81' lang='grc' dir='ltr'>βασιλέως</span> 
     </span>
    </p>
   </div>
   <div class='ocr_carea' id='block_1_91' title="bbox 2041 3384 3619 3456">
    <p class='ocr_par' dir='ltr' id='par_1_91' title="bbox 2041 3384 3619 3456">
     <span class='ocr_line' id='line_1_91' title="bbox 2041 3384 3619 3456; baseline 0 -20"><span class='ocrx_word' id='word_1_643' title='bbox 2041 3384 2296 3453; x_wconf 78' lang='grc' dir='ltr'>μέτεστιν</span> <span class='ocrx_word' id='word_1_644' title='bbox 2339 3384 2653 3454; x_wconf 82' lang='grc' dir='ltr'>εὐμενείας,</span> <span class='ocrx_word' id='word_1_645' title='bbox 2723 3385 3015 3453; x_wconf 78' lang='grc' dir='ltr'>βεϐιάσθαι</span> <span class='ocrx_word' id='word_1_646' title='bbox 3071 3384 3224 3454; x_wconf 88' lang='grc' dir='ltr'><strong>παρά</strong></span> <span class='ocrx_word' id='word_1_647' title='bbox 3291 3385 3619 3456; x_wconf 83' lang='grc' dir='ltr'>Φρεδερίκου</span> 
     </span>
    </p>
   </div>
   <div class='ocr_carea' id='block_1_92' title="bbox 2040 3475 3620 3553">
    <p class='ocr_par' dir='ltr' id='par_1_92' title="bbox 2040 3475 3620 3553">
     <span class='ocr_line' id='line_1_92' title="bbox 2040 3475 3620 3553; baseline 0 -25"><span class='ocrx_word' id='word_1_648' title='bbox 2040 3476 2308 3547; x_wconf 84' lang='grc' dir='ltr'>συμϐαίη,</span> <span class='ocrx_word' id='word_1_649' title='bbox 2377 3476 2570 3547; x_wconf 83' lang='grc' dir='ltr'>ἀνδρὸς</span> <span class='ocrx_word' id='word_1_650' title='bbox 2631 3476 3033 3553; x_wconf 45' lang='lat' dir='ltr'><strong>animum;</strong></span> <span class='ocrx_word' id='word_1_651' title='bbox 3062 3479 3154 3529; x_wconf 67' lang='grc' dir='ltr'><strong>καὶ</strong></span> <span class='ocrx_word' id='word_1_652' title='bbox 3197 3477 3264 3530; x_wconf 84' lang='grc' dir='ltr'><strong>τά</strong></span> <span class='ocrx_word' id='word_1_653' title='bbox 3294 3475 3469 3546; x_wconf 84' lang='grc' dir='ltr'>χρόνῳ</span> <span class='ocrx_word' id='word_1_654' title='bbox 3524 3477 3620 3528; x_wconf 78' lang='grc' dir='ltr'>καὶ</span> 
     </span>
    </p>
   </div>
   <div class='ocr_carea' id='block_1_93' title="bbox 2038 3561 3620 3636">
    <p class='ocr_par' dir='ltr' id='par_1_93' title="bbox 2038 3561 3620 3636">
     <span class='ocr_line' id='line_1_93' title="bbox 2038 3561 3620 3636; baseline 0.001 -21"><span class='ocrx_word' id='word_1_655' title='bbox 2038 3561 2150 3618; x_wconf 75' lang='grc' dir='ltr'>ἔθει</span> <span class='ocrx_word' id='word_1_656' title='bbox 2179 3567 2568 3634; x_wconf 84' lang='grc' dir='ltr'>κεκρατηκότα</span> <span class='ocrx_word' id='word_1_657' title='bbox 2605 3565 2805 3636; x_wconf 86' lang='grc' dir='ltr'>μακρῴ</span> <span class='ocrx_word' id='word_1_658' title='bbox 2828 3563 3069 3618; x_wconf 86' lang='grc' dir='ltr'>διαλύειν</span> <span class='ocrx_word' id='word_1_659' title='bbox 3112 3565 3260 3634; x_wconf 78' lang='grc' dir='ltr'>πόνῳ</span> <span class='ocrx_word' id='word_1_660' title='bbox 3302 3563 3481 3616; x_wconf 81' lang='grc' dir='ltr'>οὐδενὶ</span> <span class='ocrx_word' id='word_1_661' title='bbox 3530 3581 3620 3630; x_wconf 79' lang='grc' dir='ltr'><strong>φι-</strong></span> 
     </span>
    </p>
   </div>
   <div class='ocr_carea' id='block_1_94' title="bbox 2038 3654 3619 3727">
    <p class='ocr_par' dir='ltr' id='par_1_94' title="bbox 2038 3654 3619 3727">
     <span class='ocr_line' id='line_1_94' title="bbox 2038 3654 3619 3727; baseline 0.001 -21"><span class='ocrx_word' id='word_1_662' title='bbox 2038 3654 2430 3719; x_wconf 83' lang='grc' dir='ltr'>λονεικοῦντος,</span> <span class='ocrx_word' id='word_1_663' title='bbox 2458 3656 2557 3725; x_wconf 77' lang='grc' dir='ltr'><strong>ἐμὲ</strong></span> <span class='ocrx_word' id='word_1_664' title='bbox 2580 3659 2713 3727; x_wconf 84' lang='grc' dir='ltr'>παρ’</span> <span class='ocrx_word' id='word_1_665' title='bbox 2731 3657 2874 3726; x_wconf 80' lang='grc' dir='ltr'>ὑμᾶς</span> <span class='ocrx_word' id='word_1_666' title='bbox 2906 3657 2981 3719; x_wconf 86' lang='grc' dir='ltr'>ὡς</span> <span class='ocrx_word' id='word_1_667' title='bbox 3007 3658 3169 3726; x_wconf 76' lang='grc' dir='ltr'>ὁρᾶτε</span> <span class='ocrx_word' id='word_1_668' title='bbox 3201 3657 3415 3726; x_wconf 75' lang='grc' dir='ltr'>ἔπεμψε</span> <span class='ocrx_word' id='word_1_669' title='bbox 3444 3657 3619 3708; x_wconf 67' lang='grc' dir='ltr'>πάντα</span> 
     </span>
    </p>
   </div>
   <div class='ocr_carea' id='block_1_95' title="bbox 2039 3746 3620 3819">
    <p class='ocr_par' dir='ltr' id='par_1_95' title="bbox 2039 3746 3620 3819">
     <span class='ocr_line' id='line_1_95' title="bbox 2039 3746 3620 3819; baseline 0.001 -22"><span class='ocrx_word' id='word_1_670' title='bbox 2039 3746 2414 3817; x_wconf 83' lang='grc' dir='ltr'>παρεξόμενον</span> <span class='ocrx_word' id='word_1_671' title='bbox 2444 3749 2583 3800; x_wconf 85' lang='grc' dir='ltr'>ὅσων</span> <span class='ocrx_word' id='word_1_672' title='bbox 2619 3747 2686 3801; x_wconf 85' lang='grc' dir='ltr'>ἂν</span> <span class='ocrx_word' id='word_1_673' title='bbox 2719 3751 2903 3819; x_wconf 83' lang='grc' dir='ltr'>τυχεῖν</span> <span class='ocrx_word' id='word_1_674' title='bbox 2935 3749 3251 3819; x_wconf 80' lang='grc' dir='ltr'>παράύτοῦ</span> <span class='ocrx_word' id='word_1_675' title='bbox 3284 3749 3620 3818; x_wconf 74' lang='grc' dir='ltr'>δέησθε.Καὶ</span> 
     </span>
    </p>
   </div>
   <div class='ocr_carea' id='block_1_96' title="bbox 2037 3829 3617 3921">
    <p class='ocr_par' dir='ltr' id='par_1_96' title="bbox 2037 3829 3617 3921">
     <span class='ocr_line' id='line_1_96' title="bbox 2037 3829 3617 3921; baseline -0.001 -31"><span class='ocrx_word' id='word_1_676' title='bbox 2037 3839 2137 3907; x_wconf 79' lang='grc' dir='ltr'>τὴν</span> <span class='ocrx_word' id='word_1_677' title='bbox 2173 3841 2229 3889; x_wconf 84' lang='grc' dir='ltr'>ὲν</span> <span class='ocrx_word' id='word_1_678' title='bbox 2265 3837 2620 3901; x_wconf 86' lang='grc' dir='ltr'>Μεδιολάνοις</span> <span class='ocrx_word' id='word_1_679' title='bbox 2653 3839 2761 3921; x_wconf 83' lang='grc' dir='ltr'>γάρ</span> <span class='ocrx_word' id='word_1_680' title='bbox 2788 3829 2919 3894; x_wconf 76' lang='grc' dir='ltr'>ποτε</span> <span class='ocrx_word' id='word_1_681' title='bbox 2945 3839 3209 3921; x_wconf 63' lang='grc' dir='ltr'>βασιλέως</span> <span class='ocrx_word' id='word_1_682' title='bbox 3264 3840 3617 3909; x_wconf 75' lang='grc' dir='ltr'>συμπράξανο</span> 
     </span>
    </p>
   </div>
   <div class='ocr_carea' id='block_1_97' title="bbox 2039 3908 3618 3996">
    <p class='ocr_par' dir='ltr' id='par_1_97' title="bbox 2039 3908 3618 3996">
     <span class='ocr_line' id='line_1_97' title="bbox 2039 3908 3618 3996; baseline 0.001 -21"><span class='ocrx_word' id='word_1_683' title='bbox 2039 3941 2132 3986; x_wconf 87' lang='grc' dir='ltr'><strong>τος</strong></span> <span class='ocrx_word' id='word_1_684' title='bbox 2167 3926 2303 3994; x_wconf 69' lang='grc' dir='ltr'>πρὸς</span> <span class='ocrx_word' id='word_1_685' title='bbox 2337 3925 2666 3994; x_wconf 78' lang='grc' dir='ltr'>Φρεδερίκον</span> <span class='ocrx_word' id='word_1_686' title='bbox 2693 3908 2842 3978; x_wconf 76' lang='grc' dir='ltr'>τόνδε</span> <span class='ocrx_word' id='word_1_687' title='bbox 2873 3908 3197 3996; x_wconf 74' lang='grc' dir='ltr'>διαράμενοι</span> <span class='ocrx_word' id='word_1_688' title='bbox 3268 3908 3447 3994; x_wconf 70' lang='grc' dir='ltr'>μάχην</span> <span class='ocrx_word' id='word_1_689' title='bbox 3504 3925 3618 3977; x_wconf 68' lang='grc' dir='ltr'>ἴστε</span> 
     </span>
    </p>
   </div>
   <div class='ocr_carea' id='block_1_98' title="bbox 2039 4017 3618 4090">
    <p class='ocr_par' dir='ltr' id='par_1_98' title="bbox 2039 4017 3618 4090">
     <span class='ocr_line' id='line_1_98' title="bbox 2039 4017 3618 4090; baseline 0.001 -20"><span class='ocrx_word' id='word_1_690' title='bbox 2039 4017 2364 4083; x_wconf 49' lang='grc' dir='ltr'>ὃπωςαύτοῦ</span> <span class='ocrx_word' id='word_1_691' title='bbox 2387 4019 2748 4089; x_wconf 78' lang='grc' dir='ltr'>ἐκρατήσατε.</span> <span class='ocrx_word' id='word_1_692' title='bbox 2773 4017 2898 4072; x_wconf 75' lang='grc' dir='ltr'><strong>Δι’ἃ</strong></span> <span class='ocrx_word' id='word_1_693' title='bbox 2920 4019 3014 4073; x_wconf 78' lang='grc' dir='ltr'>καὶ</span> <span class='ocrx_word' id='word_1_694' title='bbox 3039 4019 3105 4071; x_wconf 84' lang='grc' dir='ltr'>δι’</span> <span class='ocrx_word' id='word_1_695' title='bbox 3135 4018 3428 4090; x_wconf 84' lang='grc' dir='ltr'>ἀπεχθείας</span> <span class='ocrx_word' id='word_1_696' title='bbox 3457 4019 3618 4083; x_wconf 72' lang='grc' dir='ltr'>αὐτὸς</span> 
     </span>
    </p>
   </div>
   <div class='ocr_carea' id='block_1_99' title="bbox 2043 4109 3616 4182">
    <p class='ocr_par' dir='ltr' id='par_1_99' title="bbox 2043 4109 3616 4182">
     <span class='ocr_line' id='line_1_99' title="bbox 2043 4109 3616 4182; baseline 0 -22"><span class='ocrx_word' id='word_1_697' title='bbox 2043 4109 2256 4177; x_wconf 83' lang='grc' dir='ltr'>βασιλεί</span> <span class='ocrx_word' id='word_1_698' title='bbox 2277 4110 2530 4179; x_wconf 84' lang='grc' dir='ltr'>φέρεται,</span> <span class='ocrx_word' id='word_1_699' title='bbox 2573 4112 2850 4182; x_wconf 84' lang='grc' dir='ltr'>ἀλογίστῳ</span> <span class='ocrx_word' id='word_1_700' title='bbox 2895 4128 2958 4164; x_wconf 85' lang='grc' dir='ltr'><strong>τε</strong></span> <span class='ocrx_word' id='word_1_701' title='bbox 3003 4111 3279 4164; x_wconf 82' lang='grc' dir='ltr'>πιστεύων</span> <span class='ocrx_word' id='word_1_702' title='bbox 3340 4109 3616 4181; x_wconf 74' lang='grc' dir='ltr'>εὐπραγίᾳ</span> 
     </span>
    </p>
   </div>
   <div class='ocr_carea' id='block_1_100' title="bbox 2041 4199 3616 4274">
    <p class='ocr_par' dir='ltr' id='par_1_100' title="bbox 2041 4199 3616 4274">
     <span class='ocr_line' id='line_1_100' title="bbox 2041 4199 3616 4274; baseline -0.001 -21"><span class='ocrx_word' id='word_1_703' title='bbox 2041 4203 2132 4253; x_wconf 69' lang='grc' dir='ltr'>καὶ</span> <span class='ocrx_word' id='word_1_704' title='bbox 2149 4201 2434 4271; x_wconf 86' lang='grc' dir='ltr'>Ῥωμαίων</span> <span class='ocrx_word' id='word_1_705' title='bbox 2468 4201 2621 4255; x_wconf 82' lang='grc' dir='ltr'>οὐδὲν</span> <span class='ocrx_word' id='word_1_706' title='bbox 2649 4203 2926 4274; x_wconf 78' lang='grc' dir='ltr'>προσῆκον</span> <span class='ocrx_word' id='word_1_707' title='bbox 2950 4201 3310 4271; x_wconf 82' lang='grc' dir='ltr'>αὐτοκράτωρ</span> <span class='ocrx_word' id='word_1_708' title='bbox 3322 4199 3616 4268; x_wconf 80' lang='grc' dir='ltr'>κεκλῆσθαι</span> 
     </span>
    </p>
   </div>
   <div class='ocr_carea' id='block_1_101' title="bbox 2041 4292 3620 4364">
    <p class='ocr_par' dir='ltr' id='par_1_101' title="bbox 2041 4292 3620 4364">
     <span class='ocr_line' id='line_1_101' title="bbox 2041 4292 3620 4364; baseline -0.003 -17"><span class='ocrx_word' id='word_1_709' title='bbox 2041 4294 2202 4358; x_wconf 82' lang='grc' dir='ltr'>ἀξιοῖ,</span> <span class='ocrx_word' id='word_1_710' title='bbox 2227 4295 2326 4347; x_wconf 81' lang='grc' dir='ltr'><strong>οὐκ</strong></span> <span class='ocrx_word' id='word_1_711' title='bbox 2357 4292 2516 4357; x_wconf 84' lang='grc' dir='ltr'>εἰδὼς</span> <span class='ocrx_word' id='word_1_712' title='bbox 2552 4295 2624 4358; x_wconf 81' lang='grc' dir='ltr'>ὼς</span> <span class='ocrx_word' id='word_1_713' title='bbox 2649 4295 2717 4348; x_wconf 81' lang='grc' dir='ltr'>τὰ</span> <span class='ocrx_word' id='word_1_714' title='bbox 2750 4295 2850 4362; x_wconf 84' lang='grc' dir='ltr'>τῆς</span> <span class='ocrx_word' id='word_1_715' title='bbox 2883 4295 3056 4364; x_wconf 86' lang='grc' dir='ltr'>τύχης</span> <span class='ocrx_word' id='word_1_716' title='bbox 3089 4293 3376 4361; x_wconf 82' lang='grc' dir='ltr'>παράλογα</span> <span class='ocrx_word' id='word_1_717' title='bbox 3405 4295 3500 4346; x_wconf 68' lang='lat' dir='ltr'><strong>at:</strong></span> <span class='ocrx_word' id='word_1_718' title='bbox 3519 4292 3620 4344; x_wconf 83' lang='grc' dir='ltr'><strong>οὐκ</strong></span> 
     </span>
    </p>
   </div>
   <div class='ocr_carea' id='block_1_102' title="bbox 2042 4367 3620 4458">
    <p class='ocr_par' dir='ltr' id='par_1_102' title="bbox 2042 4367 3620 4458">
     <span class='ocr_line' id='line_1_102' title="bbox 2042 4367 3620 4458; baseline -0.002 -21"><span class='ocrx_word' id='word_1_719' title='bbox 2042 4385 2131 4438; x_wconf 78' lang='grc' dir='ltr'><strong>ἐπ’</strong></span> <span class='ocrx_word' id='word_1_720' title='bbox 2161 4386 2441 4456; x_wconf 82' lang='grc' dir='ltr'>ἀσφαλοῦς</span> <span class='ocrx_word' id='word_1_721' title='bbox 2467 4387 2738 4457; x_wconf 78' lang='grc' dir='ltr'>βεϐηκότα</span> <span class='ocrx_word' id='word_1_722' title='bbox 2760 4387 2858 4456; x_wconf 79' lang='grc' dir='ltr'>τῆς</span> <span class='ocrx_word' id='word_1_723' title='bbox 2888 4387 3050 4458; x_wconf 75' lang='grc' dir='ltr'>ἕδρας</span> <span class='ocrx_word' id='word_1_724' title='bbox 3105 4389 3244 4455; x_wconf 79' lang='grc' dir='ltr'>ταχὺ</span> <span class='ocrx_word' id='word_1_725' title='bbox 3317 4367 3620 4455; x_wconf 63' lang='grc' dir='ltr'>καταρρεῖν</span> 
     </span>
    </p>
   </div>
   <div class='ocr_carea' id='block_1_103' title="bbox 2043 4472 3620 4549">
    <p class='ocr_par' dir='ltr' id='par_1_103' title="bbox 2043 4472 3620 4549">
     <span class='ocr_line' id='line_1_103' title="bbox 2043 4472 3620 4549; baseline -0.004 -19"><span class='ocrx_word' id='word_1_726' title='bbox 2043 4478 2226 4534; x_wconf 79' lang='grc' dir='ltr'>εἴωθε.</span> <span class='ocrx_word' id='word_1_727' title='bbox 2260 4480 2336 4530; x_wconf 88' lang='grc' dir='ltr'><strong>Δι’</strong></span> <span class='ocrx_word' id='word_1_728' title='bbox 2368 4477 2404 4533; x_wconf 80' lang='grc' dir='ltr'>ὃ.</span> <span class='ocrx_word' id='word_1_729' title='bbox 2431 4481 2529 4548; x_wconf 77' lang='grc' dir='ltr'><strong>μὲν</strong></span> <span class='ocrx_word' id='word_1_730' title='bbox 2555 4475 2649 4532; x_wconf 78' lang='grc' dir='ltr'><strong>οὖν</strong></span> <span class='ocrx_word' id='word_1_731' title='bbox 2671 4480 2832 4542; x_wconf 79' lang='grc' dir='ltr'>αὐτὸς</span> <span class='ocrx_word' id='word_1_732' title='bbox 2890 4479 2974 4547; x_wconf 75' lang='grc' dir='ltr'><strong>ἐφ’</strong></span> <span class='ocrx_word' id='word_1_733' title='bbox 3027 4479 3174 4548; x_wconf 84' lang='grc' dir='ltr'>ὑμᾶς</span> <span class='ocrx_word' id='word_1_734' title='bbox 3215 4473 3400 4549; x_wconf 79' lang='grc' dir='ltr'>ἦλθον,</span> <span class='ocrx_word' id='word_1_735' title='bbox 3449 4472 3620 4527; x_wconf 85' lang='grc' dir='ltr'>ταῦτα</span> 
     </span>
    </p>
   </div>
   <div class='ocr_carea' id='block_1_104' title="bbox 2042 4565 3621 4640">
    <p class='ocr_par' dir='ltr' id='par_1_104' title="bbox 2042 4565 3621 4640">
     <span class='ocr_line' id='line_1_104' title="bbox 2042 4565 3621 4640; baseline -0.004 -19"><span class='ocrx_word' id='word_1_736' title='bbox 2042 4573 2169 4622; x_wconf 88' lang='grc' dir='ltr'>είσι.</span> <span class='ocrx_word' id='word_1_737' title='bbox 2210 4569 2454 4640; x_wconf 86' lang='grc' dir='ltr'>Μελήσει</span> <span class='ocrx_word' id='word_1_738' title='bbox 2485 4569 2529 4622; x_wconf 83' lang='grc' dir='ltr'>δ’</span> <span class='ocrx_word' id='word_1_739' title='bbox 2556 4570 2683 4640; x_wconf 83' lang='grc' dir='ltr'>ὑμίν</span> <span class='ocrx_word' id='word_1_740' title='bbox 2718 4571 2811 4624; x_wconf 70' lang='grc' dir='ltr'><strong>ἐπὶ</strong></span> <span class='ocrx_word' id='word_1_741' title='bbox 2844 4570 2952 4623; x_wconf 85' lang='grc' dir='ltr'><strong>τῶν</strong></span> <span class='ocrx_word' id='word_1_742' title='bbox 3009 4569 3184 4640; x_wconf 73' lang='grc' dir='ltr'>ἔργων</span> <span class='ocrx_word' id='word_1_743' title='bbox 3215 4567 3459 4634; x_wconf 76' lang='grc' dir='ltr'>ἐξάγειν,</span> <span class='ocrx_word' id='word_1_744' title='bbox 3519 4565 3621 4616; x_wconf 81' lang='grc' dir='ltr'><strong>ὅσα</strong></span> 
     </span>
    </p>
   </div>
   <div class='ocr_carea' id='block_1_105' title="bbox 2049 4657 3614 4732">
    <p class='ocr_par' dir='ltr' id='par_1_105' title="bbox 2049 4657 3614 4732">
     <span class='ocr_line' id='line_1_105' title="bbox 2049 4657 3614 4732; baseline -0.004 -18"><span class='ocrx_word' id='word_1_745' title='bbox 2049 4662 2200 4731; x_wconf 71' lang='grc' dir='ltr'>παρὰ</span> <span class='ocrx_word' id='word_1_746' title='bbox 2251 4662 2482 4732; x_wconf 83' lang='grc' dir='ltr'>βασιλέα</span> <span class='ocrx_word' id='word_1_747' title='bbox 2541 4662 2863 4732; x_wconf 79' lang='grc' dir='ltr'>πέμψαντες</span> <span class='ocrx_word' id='word_1_748' title='bbox 2916 4661 3145 4732; x_wconf 73' lang='grc' dir='ltr'>ἔναγχος</span> <span class='ocrx_word' id='word_1_749' title='bbox 3207 4657 3614 4728; x_wconf 85' lang='grc' dir='ltr'>διωμολογείτε.</span> 
     </span>
    </p>
   </div>
   <div class='ocr_carea' id='block_1_106' title="bbox 2045 4749 3618 4830">
    <p class='ocr_par' dir='ltr' id='par_1_106' title="bbox 2045 4749 3618 4830">
     <span class='ocr_line' id='line_1_106' title="bbox 2045 4749 3618 4830; baseline -0.004 -24"><span class='ocrx_word' id='word_1_750' title='bbox 2045 4755 2254 4823; x_wconf 84' lang='grc' dir='ltr'>Ἔφατε</span> <span class='ocrx_word' id='word_1_751' title='bbox 2286 4754 2467 4807; x_wconf 90' lang='grc' dir='ltr'>τοίνυν</span> <span class='ocrx_word' id='word_1_752' title='bbox 2504 4753 2605 4817; x_wconf 84' lang='grc' dir='ltr'>τὰς</span> <span class='ocrx_word' id='word_1_753' title='bbox 2639 4755 3021 4830; x_wconf 80' lang='grc' dir='ltr'>ἀγχιγείτονας</span> <span class='ocrx_word' id='word_1_754' title='bbox 3074 4755 3206 4822; x_wconf 81' lang='grc' dir='ltr'>ἡμῖν</span> <span class='ocrx_word' id='word_1_755' title='bbox 3256 4749 3618 4822; x_wconf 81' lang='grc' dir='ltr'>παραστήσα-</span> 
     </span>
    </p>
   </div>
   <div class='ocr_carea' id='block_1_107' title="bbox 2045 4841 3621 4915">
    <p class='ocr_par' dir='ltr' id='par_1_107' title="bbox 2045 4841 3621 4915">
     <span class='ocr_line' id='line_1_107' title="bbox 2045 4841 3621 4915; baseline -0.002 -16"><span class='ocrx_word' id='word_1_756' title='bbox 2045 4848 2170 4901; x_wconf 88' lang='grc' dir='ltr'>σθαι</span> <span class='ocrx_word' id='word_1_757' title='bbox 2199 4847 2385 4910; x_wconf 82' lang='grc' dir='ltr'>πόλεις</span> <span class='ocrx_word' id='word_1_758' title='bbox 2401 4847 2710 4915; x_wconf 83' lang='grc' dir='ltr'>Λιγούρων,</span> <span class='ocrx_word' id='word_1_759' title='bbox 2732 4849 2781 4898; x_wconf 88' lang='grc' dir='ltr'><strong>εί</strong></span> <span class='ocrx_word' id='word_1_760' title='bbox 2809 4846 2904 4900; x_wconf 77' lang='grc' dir='ltr'><strong>καί</strong></span> <span class='ocrx_word' id='word_1_761' title='bbox 2927 4864 3009 4908; x_wconf 85' lang='grc' dir='ltr'><strong>τις</strong></span> <span class='ocrx_word' id='word_1_762' title='bbox 3045 4848 3110 4898; x_wconf 85' lang='grc' dir='ltr'>ὲκ</span> <span class='ocrx_word' id='word_1_763' title='bbox 3139 4843 3437 4908; x_wconf 74' lang='grc' dir='ltr'>Βυζαντίου</span> <span class='ocrx_word' id='word_1_764' title='bbox 3456 4841 3621 4913; x_wconf 78' lang='grc' dir='ltr'>ἔργου</span> 
     </span>
    </p>
   </div>
   <div class='ocr_carea' id='block_1_108' title="bbox 2045 4929 3623 5008">
    <p class='ocr_par' dir='ltr' id='par_1_108' title="bbox 2045 4929 3623 5008">
     <span class='ocr_line' id='line_1_108' title="bbox 2045 4929 3623 5008; baseline -0.006 -16"><span class='ocrx_word' id='word_1_765' title='bbox 2045 4937 2452 5008; x_wconf 78' lang='grc' dir='ltr'>συλληψόμενος</span> <span class='ocrx_word' id='word_1_766' title='bbox 2493 4937 2622 5005; x_wconf 81' lang='grc' dir='ltr'>ὑμῖν</span> <span class='ocrx_word' id='word_1_767' title='bbox 2651 4936 2815 4991; x_wconf 74' lang='grc' dir='ltr'>ἔλθοι.</span> <span class='ocrx_word' id='word_1_768' title='bbox 2869 4937 2934 4989; x_wconf 86' lang='grc' dir='ltr'><em>Ὃ</em></span> <span class='ocrx_word' id='word_1_769' title='bbox 2957 4936 3022 5007; x_wconf 82' lang='grc' dir='ltr'>δὴ</span> <span class='ocrx_word' id='word_1_770' title='bbox 3039 4935 3130 4988; x_wconf 76' lang='grc' dir='ltr'>καὶ</span> <span class='ocrx_word' id='word_1_771' title='bbox 3151 4939 3397 5004; x_wconf 83' lang='grc' dir='ltr'>γέγονεν,</span> <span class='ocrx_word' id='word_1_772' title='bbox 3433 4929 3623 5000; x_wconf 81' lang='grc' dir='ltr'>ὥσπερ</span> 
     </span>
    </p>
   </div>
   <div class='ocr_carea' id='block_1_109' title="bbox 2043 5023 3621 5101">
    <p class='ocr_par' dir='ltr' id='par_1_109' title="bbox 2043 5023 3621 5101">
     <span class='ocr_line' id='line_1_109' title="bbox 2043 5023 3621 5101; baseline -0.007 -17"><span class='ocrx_word' id='word_1_773' title='bbox 2043 5033 2229 5101; x_wconf 77' lang='grc' dir='ltr'>ὁρᾶτε.</span> <span class='ocrx_word' id='word_1_774' title='bbox 2272 5049 2291 5081; x_wconf 74' lang='grc' dir='ltr'><strong>ι</strong></span> <span class='ocrx_word' id='word_1_775' title='bbox 2329 5028 2649 5099; x_wconf 80' lang='grc' dir='ltr'>Νικηφόρος</span> <span class='ocrx_word' id='word_1_776' title='bbox 2688 5028 2787 5098; x_wconf 78' lang='grc' dir='ltr'>μὲν</span> <span class='ocrx_word' id='word_1_777' title='bbox 2825 5027 3070 5082; x_wconf 82' lang='grc' dir='ltr'>τοσαῦτα</span> <span class='ocrx_word' id='word_1_778' title='bbox 3104 5023 3284 5091; x_wconf 77' lang='grc' dir='ltr'>εἶπεν,</span> <span class='ocrx_word' id='word_1_779' title='bbox 3337 5024 3621 5077; x_wconf 79' lang='grc' dir='ltr'>Οὑέννετοι</span> 
     </span>
    </p>
   </div>
   <div class='ocr_carea' id='block_1_110' title="bbox 2043 5116 3624 5191">
    <p class='ocr_par' dir='ltr' id='par_1_110' title="bbox 2043 5116 3624 5191">
     <span class='ocr_line' id='line_1_110' title="bbox 2043 5116 3624 5191; baseline -0.008 -12"><span class='ocrx_word' id='word_1_780' title='bbox 2043 5127 2101 5179; x_wconf 81' lang='grc' dir='ltr'>δὲ</span> <span class='ocrx_word' id='word_1_781' title='bbox 2125 5126 2250 5187; x_wconf 78' lang='grc' dir='ltr'>τοὺς</span> <span class='ocrx_word' id='word_1_782' title='bbox 2290 5122 2481 5190; x_wconf 59' lang='grc' dir='ltr'>λόγους</span> <span class='ocrx_word' id='word_1_783' title='bbox 2508 5120 2886 5191; x_wconf 79' lang='grc' dir='ltr'>εἰσδεξάμενοι</span> <span class='ocrx_word' id='word_1_784' title='bbox 2923 5121 3147 5185; x_wconf 76' lang='grc' dir='ltr'>ἐπιτελῆ</span> <span class='ocrx_word' id='word_1_785' title='bbox 3166 5119 3346 5172; x_wconf 79' lang='grc' dir='ltr'>πάντα</span> <span class='ocrx_word' id='word_1_786' title='bbox 3375 5116 3624 5184; x_wconf 83' lang='grc' dir='ltr'>ποιήσειν</span> 
     </span>
    </p>
   </div>
   <div class='ocr_carea' id='block_1_111' title="bbox 2047 5207 3620 5286">
    <p class='ocr_par' dir='ltr' id='par_1_111' title="bbox 2047 5207 3620 5286">
     <span class='ocr_line' id='line_1_111' title="bbox 2047 5207 3620 5286; baseline -0.006 -17"><span class='ocrx_word' id='word_1_787' title='bbox 2047 5217 2368 5286; x_wconf 81' lang='grc' dir='ltr'>ὑπέσχοντο.</span> <span class='ocrx_word' id='word_1_788' title='bbox 2399 5215 2506 5266; x_wconf 81' lang='grc' dir='ltr'><strong>Καὶ</strong></span> <span class='ocrx_word' id='word_1_789' title='bbox 2567 5212 2634 5283; x_wconf 73' lang='grc' dir='ltr'>δὴ</span> <span class='ocrx_word' id='word_1_790' title='bbox 2679 5213 2919 5282; x_wconf 79' lang='grc' dir='ltr'>Κρεμών</span> <span class='ocrx_word' id='word_1_791' title='bbox 2968 5230 3024 5265; x_wconf 85' lang='grc' dir='ltr'><strong>τε</strong></span> <span class='ocrx_word' id='word_1_792' title='bbox 3081 5213 3177 5265; x_wconf 71' lang='grc' dir='ltr'>καὶ</span> <span class='ocrx_word' id='word_1_793' title='bbox 3229 5209 3480 5263; x_wconf 75' lang='grc' dir='ltr'>Παταϐία</span> <span class='ocrx_word' id='word_1_794' title='bbox 3530 5207 3620 5260; x_wconf 48' lang='grc' dir='ltr'>καὶ</span> 
     </span>
    </p>
   </div>
   <div class='ocr_carea' id='block_1_112' title="bbox 2049 5305 3614 5379">
    <p class='ocr_par' dir='ltr' id='par_1_112' title="bbox 2049 5305 3614 5379">
     <span class='ocr_line' id='line_1_112' title="bbox 2049 5305 3614 5379; baseline -0.01 -15"><span class='ocrx_word' id='word_1_795' title='bbox 2049 5312 2296 5364; x_wconf 79' lang='grc' dir='ltr'>πλεῖσται</span> <span class='ocrx_word' id='word_1_796' title='bbox 2325 5307 2484 5362; x_wconf 78' lang='grc' dir='ltr'>ἄλλαι</span> <span class='ocrx_word' id='word_1_797' title='bbox 2511 5307 2618 5360; x_wconf 87' lang='grc' dir='ltr'><strong>τῶν</strong></span> <span class='ocrx_word' id='word_1_798' title='bbox 2649 5305 2737 5379; x_wconf 75' lang='grc' dir='ltr'><strong>[Ρ.</strong></span> <span class='ocrx_word' id='word_1_799' title='bbox 2776 5305 2900 5376; x_wconf 73' lang='grc'><strong>154]</strong></span> <span class='ocrx_word' id='word_1_800' title='bbox 2951 5310 3007 5358; x_wconf 79' lang='grc' dir='ltr'><strong>εν</strong></span> <span class='ocrx_word' id='word_1_801' title='bbox 3054 5306 3341 5374; x_wconf 70' lang='grc' dir='ltr'>Λιγούροις</span> <span class='ocrx_word' id='word_1_802' title='bbox 3390 5318 3614 5370; x_wconf 64' lang='grc' dir='ltr'>περιρ..-</span> 
     </span>
    </p>
   </div>
   <div class='ocr_carea' id='block_1_113' title="bbox 365 5398 3624 5483">
    <p class='ocr_par' dir='ltr' id='par_1_113' title="bbox 365 5398 3624 5483">
     <span class='ocr_line' id='line_1_113' title="bbox 365 5398 3624 5483; baseline -0.005 -21"><span class='ocrx_word' id='word_1_803' title='bbox 365 5410 638 5463; x_wconf 79' lang='grc' dir='ltr'>νεστὰτων</span> <span class='ocrx_word' id='word_1_804' title='bbox 674 5409 884 5462; x_wconf 79' lang='grc' dir='ltr'>πόλεων</span> <span class='ocrx_word' id='word_1_805' title='bbox 949 5406 1162 5478; x_wconf 77' lang='grc' dir='ltr'>βασιλεῖ</span> <span class='ocrx_word' id='word_1_806' title='bbox 1211 5410 1663 5480; x_wconf 77' lang='grc' dir='ltr'>προσεχώρησαν.</span> <span class='ocrx_word' id='word_1_807' title='bbox 1745 5411 1832 5463; x_wconf 86' lang='grc' dir='ltr'>Ἐν</span> <span class='ocrx_word' id='word_1_808' title='bbox 1887 5414 1988 5483; x_wconf 77' lang='grc' dir='ltr'><strong>μὲν</strong></span> <span class='ocrx_word' id='word_1_809' title='bbox 2023 5414 2089 5482; x_wconf 79' lang='grc' dir='ltr'>δὴ</span> <span class='ocrx_word' id='word_1_810' title='bbox 2137 5405 2334 5474; x_wconf 77' lang='grc' dir='ltr'>Ἰταλίᾳ</span> <span class='ocrx_word' id='word_1_811' title='bbox 2392 5403 2562 5456; x_wconf 79' lang='grc' dir='ltr'>ταῦτα</span> <span class='ocrx_word' id='word_1_812' title='bbox 2593 5403 2848 5473; x_wconf 78' lang='grc' dir='ltr'>βασιλεὺς</span> <span class='ocrx_word' id='word_1_813' title='bbox 2891 5404 3187 5472; x_wconf 79' lang='grc' dir='ltr'>ἔπρασσεν,</span> <span class='ocrx_word' id='word_1_814' title='bbox 3237 5398 3389 5452; x_wconf 76' lang='grc' dir='ltr'>οὖπω</span> <span class='ocrx_word' id='word_1_815' title='bbox 3439 5398 3624 5467; x_wconf 82' lang='grc' dir='ltr'>μέντοι</span> 
     </span>
    </p>
   </div>
   <div class='ocr_carea' id='block_1_114' title="bbox 364 5501 2390 5578">
    <p class='ocr_par' dir='ltr' id='par_1_114' title="bbox 364 5501 2390 5578">
     <span class='ocr_line' id='line_1_114' title="bbox 364 5501 2390 5578; baseline -0.002 -21"><span class='ocrx_word' id='word_1_816' title='bbox 364 5503 634 5573; x_wconf 77' lang='grc' dir='ltr'>ἐπιδήλως</span> <span class='ocrx_word' id='word_1_817' title='bbox 664 5519 676 5532; x_wconf 84' lang='grc'><strong>·</strong></span> <span class='ocrx_word' id='word_1_818' title='bbox 705 5504 766 5555; x_wconf 77' lang='grc' dir='ltr'><strong>τδ</strong></span> <span class='ocrx_word' id='word_1_819' title='bbox 801 5503 907 5573; x_wconf 79' lang='grc' dir='ltr'>γὰρ</span> <span class='ocrx_word' id='word_1_820' title='bbox 965 5507 1020 5566; x_wconf 83' lang='grc' dir='ltr'><strong>ἐς</strong></span> <span class='ocrx_word' id='word_1_821' title='bbox 1058 5504 1382 5574; x_wconf 81' lang='grc' dir='ltr'>Φρεδερίκον</span> <span class='ocrx_word' id='word_1_822' title='bbox 1434 5503 1590 5572; x_wconf 75' lang='grc' dir='ltr'>ἔχθος</span> <span class='ocrx_word' id='word_1_823' title='bbox 1647 5506 2040 5578; x_wconf 68' lang='grc' dir='ltr'>ἐγκρυφιὰζειν</span> <span class='ocrx_word' id='word_1_824' title='bbox 2077 5501 2390 5573; x_wconf 68' lang='grc' dir='ltr'>ἒτιὴθελεν.</span> 
     </span>
    </p>
   </div>
   <div class='ocr_carea' id='block_1_115' title="bbox 438 5593 1937 5664">
    <p class='ocr_par' dir='ltr' id='par_1_115' title="bbox 438 5593 1937 5664">
     <span class='ocr_line' id='line_1_115' title="bbox 438 5593 1937 5664; baseline 0.003 -17"><span class='ocrx_word' id='word_1_825' title='bbox 438 5596 522 5647; x_wconf 77' lang='grc'><strong>10.</strong></span> <span class='ocrx_word' id='word_1_826' title='bbox 575 5593 706 5647; x_wconf 86' lang='lat' dir='ltr'><strong>Dum</strong></span> <span class='ocrx_word' id='word_1_827' title='bbox 761 5596 877 5649; x_wconf 57' lang='lat' dir='ltr'><strong>hanc</strong></span> <span class='ocrx_word' id='word_1_828' title='bbox 928 5607 1208 5663; x_wconf 71' lang='lat' dir='ltr'><strong>geruntur,</strong></span> <span class='ocrx_word' id='word_1_829' title='bbox 1250 5593 1623 5664; x_wconf 81' lang='lat' dir='ltr'><strong>llungarorum</strong></span> <span class='ocrx_word' id='word_1_830' title='bbox 1678 5613 1768 5651; x_wconf 81' lang='lat' dir='ltr'><strong>rex</strong></span> <span class='ocrx_word' id='word_1_831' title='bbox 1822 5599 1937 5651; x_wconf 78' lang='lat' dir='ltr'><strong>Sir-</strong></span> 
     </span>
    </p>
   </div>
   <div class='ocr_carea' id='block_1_116' title="bbox 366 5685 1937 5752">
    <p class='ocr_par' dir='ltr' id='par_1_116' title="bbox 366 5685 1937 5752">
     <span class='ocr_line' id='line_1_116' title="bbox 366 5685 1937 5752; baseline 0.001 -16"><span class='ocrx_word' id='word_1_832' title='bbox 366 5701 396 5736; x_wconf 87' lang='grc' dir='ltr'><strong>ιι</strong></span> <span class='ocrx_word' id='word_1_833' title='bbox 424 5688 529 5738; x_wconf 82' lang='lat' dir='ltr'><strong>iuni</strong></span> <span class='ocrx_word' id='word_1_834' title='bbox 563 5686 752 5738; x_wconf 86' lang='lat' dir='ltr'><strong>iterum</strong></span> <span class='ocrx_word' id='word_1_835' title='bbox 791 5686 1045 5740; x_wconf 77' lang='lat' dir='ltr'><strong>Romanis</strong></span> <span class='ocrx_word' id='word_1_836' title='bbox 1071 5685 1363 5738; x_wconf 82' lang='lat' dir='ltr'><strong>abstulerat</strong></span> <span class='ocrx_word' id='word_1_837' title='bbox 1392 5687 1597 5752; x_wconf 84' lang='lat' dir='ltr'><strong>ipsique</strong></span> <span class='ocrx_word' id='word_1_838' title='bbox 1625 5688 1937 5740; x_wconf 70' lang='lat' dir='ltr'><strong>intutineliat</strong></span> 
     </span>
    </p>
   </div>
   <div class='ocr_carea' id='block_1_117' title="bbox 365 5773 1929 5846">
    <p class='ocr_par' dir='ltr' id='par_1_117' title="bbox 365 5773 1929 5846">
     <span class='ocr_line' id='line_1_117' title="bbox 365 5773 1929 5846; baseline 0.004 -20"><span class='ocrx_word' id='word_1_839' title='bbox 365 5773 678 5841; x_wconf 71' lang='lat' dir='ltr'><strong>l-ugmiuo.</strong></span> <span class='ocrx_word' id='word_1_840' title='bbox 725 5775 880 5839; x_wconf 82' lang='lat' dir='ltr'><strong>Quod</strong></span> <span class='ocrx_word' id='word_1_841' title='bbox 911 5777 999 5830; x_wconf 85' lang='lat' dir='ltr'><strong>ubi</strong></span> <span class='ocrx_word' id='word_1_842' title='bbox 1044 5779 1252 5842; x_wconf 84' lang='lat' dir='ltr'><strong>accepit</strong></span> <span class='ocrx_word' id='word_1_843' title='bbox 1305 5779 1577 5843; x_wconf 64' lang='lat' dir='ltr'><strong>princeps,</strong></span> <span class='ocrx_word' id='word_1_844' title='bbox 1614 5792 1703 5831; x_wconf 77' lang='lat' dir='ltr'><strong>St&#39;l‘</strong></span> <span class='ocrx_word' id='word_1_845' title='bbox 1731 5791 1847 5846; x_wconf 82' lang='lat' dir='ltr'><strong>ptas</strong></span> <span class='ocrx_word' id='word_1_846' title='bbox 1881 5781 1929 5834; x_wconf 88' lang='lat' dir='ltr'><strong>in</strong></span> 
     </span>
    </p>
   </div>
   <div class='ocr_carea' id='block_1_118' title="bbox 2121 5583 3615 5662">
    <p class='ocr_par' dir='ltr' id='par_1_118' title="bbox 2121 5583 3615 5662">
     <span class='ocr_line' id='line_1_118' title="bbox 2121 5583 3615 5662; baseline -0.008 -16"><span class='ocrx_word' id='word_1_847' title='bbox 2121 5593 2172 5649; x_wconf 87' lang='lat' dir='ltr'><strong>t&#39;.</strong></span> <span class='ocrx_word' id='word_1_848' title='bbox 2215 5594 2273 5645; x_wconf 83' lang='lat'><strong>&#39;0</strong></span> <span class='ocrx_word' id='word_1_849' title='bbox 2301 5594 2358 5646; x_wconf 79' lang='grc' dir='ltr'><strong>δὲ</strong></span> <span class='ocrx_word' id='word_1_850' title='bbox 2393 5591 2501 5644; x_wconf 82' lang='grc' dir='ltr'>τῶν</span> <span class='ocrx_word' id='word_1_851' title='bbox 2523 5591 2764 5644; x_wconf 83' lang='grc' dir='ltr'>Παιόνων</span> <span class='ocrx_word' id='word_1_852' title='bbox 2953 5589 3176 5660; x_wconf 77' lang='grc' dir='ltr'>Σέρμιόν</span> <span class='ocrx_word' id='word_1_853' title='bbox 3203 5605 3264 5639; x_wconf 88' lang='grc' dir='ltr'><strong>τε</strong></span> <span class='ocrx_word' id='word_1_854' title='bbox 3290 5583 3445 5648; x_wconf 82' lang='grc' dir='ltr'>αὖθις</span> <span class='ocrx_word' id='word_1_855' title='bbox 3488 5586 3615 5636; x_wconf 80' lang='grc' dir='ltr'><strong>Ῥω-</strong></span> 
     </span>
    </p>
   </div>
   <div class='ocr_carea' id='block_1_119' title="bbox 2050 5675 3620 5756">
    <p class='ocr_par' dir='ltr' id='par_1_119' title="bbox 2050 5675 3620 5756">
     <span class='ocr_line' id='line_1_119' title="bbox 2050 5675 3620 5756; baseline -0.01 -17"><span class='ocrx_word' id='word_1_856' title='bbox 2050 5686 2229 5756; x_wconf 76' lang='grc' dir='ltr'>μαίοις</span> <span class='ocrx_word' id='word_1_857' title='bbox 2257 5683 2593 5753; x_wconf 82' lang='grc' dir='ltr'>ἀφελόμενος</span> <span class='ocrx_word' id='word_1_858' title='bbox 2625 5683 2752 5752; x_wconf 77' lang='grc' dir='ltr'>ἔσχε</span> <span class='ocrx_word' id='word_1_859' title='bbox 2782 5686 2877 5733; x_wconf 79' lang='grc' dir='ltr'>καὶ</span> <span class='ocrx_word' id='word_1_860' title='bbox 2920 5680 3225 5749; x_wconf 81' lang='grc' dir='ltr'>Ζευγμίνου</span> <span class='ocrx_word' id='word_1_861' title='bbox 3291 5675 3456 5729; x_wconf 84' lang='grc' dir='ltr'>αὑτοῦ</span> <span class='ocrx_word' id='word_1_862' title='bbox 3521 5675 3620 5742; x_wconf 68' lang='grc' dir='ltr'><strong>ᾕὶη</strong></span> 
     </span>
    </p>
   </div>
   <div class='ocr_carea' id='block_1_120' title="bbox 2051 5763 3624 5850">
    <p class='ocr_par' dir='ltr' id='par_1_120' title="bbox 2051 5763 3624 5850">
     <span class='ocr_line' id='line_1_120' title="bbox 2051 5763 3624 5850; baseline -0.011 -19"><span class='ocrx_word' id='word_1_863' title='bbox 2051 5782 2410 5850; x_wconf 80' lang='grc' dir='ltr'>μετεποιεῖτο.</span> <span class='ocrx_word' id='word_1_864' title='bbox 2449 5776 2633 5831; x_wconf 77' lang='grc' dir='ltr'>Ταῦτα</span> <span class='ocrx_word' id='word_1_865' title='bbox 2659 5775 2962 5838; x_wconf 75' lang='grc' dir='ltr'>πυθόμενος</span> <span class='ocrx_word' id='word_1_866' title='bbox 2997 5771 3254 5827; x_wconf 63' lang='grc' dir='ltr'>Βασιλεὺς</span> <span class='ocrx_word' id='word_1_867' title='bbox 3307 5763 3624 5822; x_wconf 71' lang='grc' dir='ltr'>ἐπέστειλεν</span> 
     </span>
    </p>
   </div>
  </div>
