4014 6398
317 388 425 452 595

1628 389 1949 451 JOANNIS
1983 391 2305 455 CINNAMI

3478 388 3584 453 5.16

317 505 416 557 hoc
463 504 638 571 ipsum
693 500 988 568 assumptis
1018 498 1274 561 consciis,
1305 514 1369 553 ex
1423 498 1570 554 ferro
1625 498 1900 555 confectas

2019 510 2251 562 teutaiov
2288 507 2442 578 κηρῷ
2469 507 2565 571 τὰς
2606 508 2823 570 κλεῖδας
2878 502 3203 577 μεταλαϐὼν
3258 500 3315 564 ἐς
3372 517 3433 554 τε
3477 499 3585 567 τὴν

314 600 380 650 ad
411 611 532 651 eum
566 595 868 649 remittunt.
907 592 977 648 Iis
1004 593 1243 660 acceptis
1272 594 1453 649 statim
1495 602 1619 664 post
1652 593 1802 657 solis,
1838 603 1896 647 ut

314 689 489 754 aiunt,
532 697 805 751 occasum,
858 685 999 755 quod
1053 693 1265 754 tempus
1313 686 1381 741 ad
1433 685 1482 740 id
1529 686 1894 755 peragendum

314 778 640 845 ντίείίιιίιυιιι
688 777 888 843 fuerat,
925 778 1213 834 observata
1243 779 1529 833 custodum
1570 778 1836 841 absentia,
1868 792 1899 831 ο

313 886 533 925 carcere
557 872 753 925 evasit.
785 870 884 924 Est
922 885 1051 924 vero
1079 870 1348 939 quoddam
1381 869 1708 923 domicilium
1745 882 1898 921 muro

315 961 652 1031 adjunctum,
682 964 734 1016 in
759 976 870 1033 quo
896 961 1305 1016 custodiebatur
1334 978 1347 1014 :
1376 960 1488 1024 ubi,
1513 970 1698 1027 utpote
1724 958 1899 1012 rarius

315 1053 634 1108 conculcata
662 1064 826 1119 terra,
855 1054 1036 1108 herbze
1059 1052 1257 1123 aliquae
1283 1062 1475 1123 sponte
1501 1050 1660 1106 altius
1685 1064 1899 1106 succre-

313 1156 529 1209 verant,
560 1145 610 1199 in
641 1160 776 1215 quas
797 1160 917 1200 cum
946 1144 1161 1214 elapsus
1187 1158 1244 1199 se
1274 1145 1587 1213 recepisset,
1618 1151 1901 1198 contracto

315 1252 476 1305 quam
511 1237 745 1291 maxime
783 1251 1009 1306 corpore
1054 1236 1254 1304 leporis
1284 1237 1457 1291 instar
1500 1234 1729 1290 delituit.
1763 1232 1898 1301 Cum

315 1344 448 1398 ergo
486 1343 591 1383 nox
638 1328 745 1397 iant
794 1328 1027 1393 adesset,
1065 1337 1384 1397 tempusque
1428 1342 1537 1397 quo
1568 1325 1658 1395 qui
1692 1324 1901 1393 vigilias

315 1432 381 1470 ex
424 1431 575 1472 more
622 1419 846 1481 obeunt,
894 1417 1171 1473 custodias
1214 1418 1444 1472 lustrare
1474 1416 1667 1478 solent,
1707 1429 1898 1485 proce-

315 1508 454 1564 dens
482 1509 550 1573 is,
582 1511 666 1563 cui
713 1510 1033 1563 demandata
1065 1510 1134 1563 ab
1164 1509 1493 1578 imperatore
1536 1508 1678 1562 illius
1722 1516 1902 1562 custo-

317 1598 499 1653 diendi
531 1614 656 1654 cura
693 1598 890 1663 fuerat,
920 1599 1174 1670 vigilibus
1218 1599 1432 1670 positis,
1485 1599 1733 1667 serisque
1767 1613 1900 1653 cou-

318 1691 515 1755 cnssis,
556 1691 699 1761 quod
735 1691 963 1762 singulis
1009 1692 1196 1747 diebus
1242 1692 1558 1761 priusquam
1611 1689 1901 1744 dormitum

318 1781 647 1837 concederet
679 1781 862 1838 facere
892 1782 1123 1848 solebat,
1159 1783 1459 1853 exploravit
1495 1798 1560 1836 an
1594 1782 1754 1836 etiam
1801 1782 1897 1835 ali-

319 1874 447 1943 quid
491 1874 578 1930 ille
621 1875 747 1930 mali
789 1886 935 1931 esset
964 1877 1330 1931 machinatus.
1358 1874 1463 1930 Sed
1496 1885 1553 1930 ut
1580 1890 1641 1929 ea
1686 1878 1906 1929 omnino

322 1965 512 2029 procul
559 1966 627 2020 ab
660 1969 808 2022 omni
861 1969 984 2023 dolo
1023 1982 1145 2023 esse
1194 1968 1448 2033 advertit,
1487 1968 1611 2022 inde
1653 1982 1909 2039 egressus

320 2072 513 2110 somno
541 2072 604 2113 se
637 2059 863 2115 daturus
913 2059 1070 2115 abiit.
1116 2060 1462 2116 Andronicus
1508 2060 1655 2114 enim
1702 2058 1909 2114 veritus

320 2161 390 2199 ne
428 2149 473 2200 si
511 2157 721 2216 portam
771 2149 1085 2204 offendisset
1117 2163 1361 2220 apertam
1394 2149 1597 2206 Cladon
1637 2150 1714 2223 (id
1761 2150 1907 2205 enim

320 2239 524 2293 homini
579 2256 775 2296 nomen
825 2243 964 2314 erat)
1016 2243 1274 2299 continuo
1324 2243 1706 2313 insequeretur
1743 2252 1800 2298 et
1850 2255 1911 2297 se

319 2334 684 2401 perquireret,
721 2334 809 2388 illa
849 2335 1044 2389 iterum
1077 2335 1261 2389 clausa
1293 2343 1349 2389 et
1379 2335 1632 2391 obserata
1678 2336 1909 2390 absces~

322 2432 488 2477 serat.
518 2423 639 2478 Mox
667 2425 985 2494 intempesta
1012 2425 1122 2492 jam
1159 2434 1320 2480 nocte
1357 2426 1423 2480 ad
1453 2435 1692 2481 extrema
1733 2425 1911 2480 domi-

326 2513 434 2567 cilii
468 2513 624 2568 istius
651 2512 814 2585 234
841 2515 1008 2578 venit,
1036 2530 1140 2582 qua
1186 2524 1341 2582 parte
1374 2530 1528 2568 muro
1563 2514 1763 2569 insistit
1801 2518 1927 2569 non'

323 2605 544 2675 quidem
582 2607 796 2660 excelso
831 2607 1076 2671 omnino,
1109 2621 1207 2661 nec
1248 2617 1425 2661 tamen
1469 2616 1675 2661 tantum
1709 2624 1737 2659 a
1777 2609 1910 2660 mari

328 2707 561 2761 remoto,
591 2695 720 2766 quin
754 2695 881 2750 illud
909 2699 1086 2753 ventis
1113 2698 1444 2754 australibus
1476 2700 1737 2769 agitatum
1772 2713 1914 2768 saepe

326 2806 451 2843 eum
479 2790 635 2845 undis
663 2788 1028 2861 ﬂuctibusque
1067 2792 1180 2846 suis
1220 2791 1420 2860 pulset.
1450 2790 1565 2845 Hoc
1599 2789 1690 2846 ille
1713 2790 1768 2844 in
1797 2791 1913 2845 loco

329 2896 570 2950 appenso
603 2881 728 2937 fune
752 2897 925 2951 eoque
964 2883 1306 2951 apprehenso
1333 2883 1386 2937 in
1421 2883 1571 2938 littus
1597 2898 1717 2939 sese
1742 2883 1917 2938 demi-

329 2977 423 3031 sit.
458 2975 533 3029 lbi
568 2985 725 3030 torvo
764 2975 909 3028 vultu
962 2974 1108 3029 illum
1146 2977 1425 3045 excipiens
1474 2976 1749 3047 paulisper
1797 2974 1910 3031 for-

330 3077 484 3131 tuna,
532 3068 775 3122 arridere
809 3068 1024 3121 demum
1075 3076 1131 3121 et
1178 3068 1334 3138 quasi
1375 3067 1718 3124 manifestius
1746 3066 1913 3123 collu-

2001 605 2241 671 γυναῖκα
2274 605 2369 656 καὶ
2399 602 2490 656 τὸν
2529 603 2646 656 υἱὸν
2672 602 2942 672 επεμψενι
2979 601 3044 654 Ol
3067 600 3124 652 δὲ
3150 594 3416 652 συνειδόσι
3442 595 3585 657 πρὸς

1997 697 2160 748 τοῦτο
2192 696 2286 750 καὶ
2310 697 2489 758 ἄλλοις
2516 696 2853 766 χρησάμενοι
2896 693 3119 760 σιδήρου
3151 690 3357 750 ταύτας
3386 688 3581 756 εἰργα-

2004 788 2187 857 σμένοι
2207 788 2460 856 ἔπεμψαν
2484 782 2641 850 αὖθις
2661 785 2827 856 αὐτῷ.
2847 785 2907 838 Ὀ
2929 783 2985 837 δὲ
3014 781 3200 850 ἐπειδὴ
3224 779 3429 839 ταύτας
3458 775 3588 830 ἕλα-

2000 878 2112 944 6εν,
2143 881 2267 950 ἄρτι
2298 878 2604 942 δεδυκότος,
2641 877 2831 947 φασὶν,
2859 876 3035 945 ἡλίου,
3073 871 3197 926 καθ’
3229 870 3287 922 ὃν
3311 868 3591 935 ξυνέκειτο

1999 971 2172 1025 ταῦτα
2190 970 2405 1041 καιρὸν,
2433 970 2667 1040 ἐρημίαν
2706 968 2812 1022 τῶν
2843 967 3101 1037 φυλάκων
3135 963 3380 1032 τηρήσας
3415 959 3586 1030 ἐξῄει.

2004 1065 2163 1119 Ἔστι
2218 1065 2276 1118 δέ
2308 1082 2392 1127 τις
2436 1063 2620 1128 αὔλιος
2661 1063 2919 1133 ἐχόμενος
2949 1058 3043 1113 τοῦ
3073 1056 3299 1127 τειχίου,
3354 1054 3411 1105 ὲν
3449 1046 3494 1120 ᾧ
3522 1052 3589 1122 δὴ

2002 1157 2316 1227 καθεῖρκτο.
2357 1154 2526 1207 Ἔνθα
2555 1155 2651 1209 an
2690 1154 2848 1222 ὀλίγα
2880 1150 3223 1218 πατουμένου
3282 1145 3377 1200 τοῦ
3405 1144 3589 1216 χώρου

2006 1244 2224 1314 βοτάναι
2255 1244 2400 1305 τινὲς
2430 1242 2729 1312 αὐτόματοι
2758 1239 3026 1309 φυόμεναι
3058 1235 3152 1289 ἐπὶ
3202 1235 3454 1288 πλεῖστον
3492 1232 3591 1315 άν-

2004 1339 2229 1407 έτρεχον
2262 1337 2455 1407 μῆκος.
2476 1333 2749 1387 Ἐνταῦθα
2780 1330 3075 1401 ἐκδραμὼν
3102 1327 3199 1381 az:
3214 1324 3399 1392 λαγὼς
3418 1324 3592 1391 ὲκρύ-
3636 1332 3639 1333 ⁷

2003 1430 2141 1496 ψατο
2166 1426 2226 1480 τὸ
2255 1411 2415 1496 σῶμα
2440 1422 2722 1484 συστείλας
2755 1422 2850 1476 ιπι
2883 1417 3079 1490 βραχύ.
3099 1413 3328 1468 Ἐπεὶδὲ
3358 1411 3455 1477 νὺξ
3486 1409 3591 1481 ήδη

2004 1517 2073 1592 ἦν
2103 1520 2197 1572 καὶ
2222 1518 2327 1572 ἔδει
2348 1518 2473 1579 τοὺς
2506 1514 2565 1580 ἐξ
2581 1514 2734 1574 ἔθους
2767 1512 2920 1583 αὑτῷ
2991 1505 3592 1574 νυκτοφυλακήσοντας

2007 1612 2437 1685 περιστήσεσθαι
2466 1610 2565 1681 τὴν
2609 1606 2875 1679 φρουρὰν,
2907 1602 3150 1675 προσιὼν
3170 1601 3197 1652 ὁ
3232 1599 3331 1668 τὴν
3358 1597 3595 1665 τήρησιν

2009 1708 2146 1778 πρὸς
2178 1706 2445 1777 βασιλέως
2480 1700 2961 1771 ἐπιτετραμμένος
3004 1698 3105 1766 τήν
3165 1691 3332 1748 αὑτοῦ
3376 1689 3471 1752 τάς
3530 1704 3595 1739 τε

2013 1799 2264 1871 φυλακὰς
2302 1798 2493 1852 ἔταττε
2526 1796 2620 1848 καὶ
2649 1794 2718 1847 τὰ
2769 1792 2999 1861 κλεῖθρα
3078 1784 3374 1844 ἀνασείων,
3456 1780 3597 1848 ὅπερ

2011 1892 2252 1958 ἑκάστης
2284 1888 2435 1958 αὖτῷ
2465 1887 2557 1939 ὲπὶ
2593 1885 2746 1954 ὕπνῳ
2786 1880 3061 1954 χωροῦντι
3099 1877 3308 1930 εἴθιστο
3357 1871 3596 1943 ἡμέρας,

2011 1985 2273 2054 ἐπειρᾶτο
2296 1984 2344 2035 εί
2381 1983 2455 2050 μή
2481 1998 2533 2033 τι
2564 1994 2735 2030 κακου
2748 1974 2976 2046 ργηθείη
3009 1972 3236 2041 γνῶναι.
3271 1968 3358 2054 Ὠς
3383 1965 3440 2054 δε
3459 1978 3600 2054 παν-

2011 2074 2249 2127 τάπασιν
2280 2067 2716 2125 ἀνεπιδούλευτα
2750 2062 2928 2117 ταῦτα
2957 2061 3122 2128 ἔγνω.
3180 2053 3361 2109 ἀπιὼν
3392 2050 3456 2105 τδ
3484 2051 3601 2103 λοι-

2012 2162 2113 2216 πὸν
2142 2164 2199 2224 ἐς
2226 2160 2394 2214 ὕπνον
2418 2156 2775 2226 κατέδαρθεν.
2829 2152 3175 2220 ’Δνδρόνικος
3248 2145 3357 2215 γὰρ
3412 2140 3600 2202 δείσας

2016 2251 2091 2322 μὴ
2124 2249 2533 2319 ἀνακεκλιμένη
2558 2249 2623 2317 τῇ
2685 2244 2832 2316 πύλῃ
2896 2237 3210 2312 περιτυχὼν
3287 2237 3315 2288 ὁ
3370 2230 3600 2285 κλάδων

2015 2343 2198 2416 (τοῦτο
2221 2343 2332 2412 γὰρ
2356 2341 2651 2409 ἐπίκλησις
2679 2338 2861 2392 ἔκειτο
2888 2334 2966 2406 τῷ
3007 2332 3189 2402 ἀνδρὶ)
3221 2328 3358 2397 ταχὺ
3417 2327 3474 2387 ὲς
3498 2323 3601 2391 τὴν

2013 2438 2246 2508 ζήτησιν
2280 2436 2377 2507 τὴν
2415 2433 2582 2488 αὑτοῦ
2606 2430 2936 2499 κατασταίη.
2958 2423 3117 2487 αὖθις
3149 2421 3321 2489 αὐτὴν
3386 2416 3599 2508 Emeisi;

2015 2507 2458 2596 ἀσφαλισάμενος
2487 2544 2544 2578 τε
2575 2522 2950 2595 ἀνεχώρησεν,
2984 2516 3172 2587 ἐπειδὴ
3206 2532 3265 2568 τε
3319 2510 3463 2583 ἀωρὶ
3485 2507 3600 2560 τῶν

2015 2622 2225 2677 νυκτῶν
2253 2622 2354 2690 ήδη
2386 2619 2605 2685 ἐγένετο
2666 2618 2764 2671 ἐπὶ
2826 2614 2893 2667 τὰ
2954 2612 3160 2682 ἔσχατα
3223 2609 3325 2675 τῆς
3407 2599 3602 2656 αὐλίου

2018 2715 2215 2781 ἐλθὼν,
2239 2708 2300 2769 οὗ
2341 2715 2406 2785 δὴ
2429 2712 2777 2767 τελευτῶσαν
2819 2709 2997 2780 αὐτὴν
3057 2704 3265 2774 τειχίον
3295 2694 3601 2767 ὑπερείδει,

2020 2811 2296 2883 μετέωρον
2373 2808 2474 2877 μὲν
2548 2806 2610 2859 οὐ
2674 2805 2816 2859 πάνυ
2868 2819 2920 2855 τι
2985 2799 3045 2852 ὃν
3121 2794 3362 2862 τοσούτῳ
3408 2791 3467 2843 δὲ
3500 2786 3603 2855 τῆς

2017 2903 2193 2972 ὑγρᾶς
2222 2902 2499 2967 ἀφεστὼς,
2537 2900 2647 2966 ὅσῳ
2678 2895 2956 2964 πνεύματι
2991 2886 3423 2959 θυιλομαχοῦσαν
3447 2895 3604 2933 νοτε·-

2018 2970 2142 3065 ραίς
2164 2992 2298 3048 αὐτὸ
2323 2990 2580 3053 πολλάκις
2601 2985 2995 3061 ἐπιρραπίζειν
3034 2980 3342 3049 παλάμαις.
3384 2970 3607 3027 Ἐντεῦο

2017 3089 2108 3141 θεν
2136 3084 2404 3140 καλώδιόν
2433 3102 2487 3137 τι
2525 3084 2725 3154 ἐξῆπτε
2764 3078 3063 3149 λαϐόμενός
3092 3092 3153 3128 τε
3181 3069 3349 3125 αὐτοῦ
3381 3066 3607 3121 καθεῖτο

333 3163 459 3213 dcte
498 3162 607 3211 visa
641 3171 742 3215 est.
778 3159 1005 3226 Quidam
1051 3163 1197 3216 enim
1247 3162 1315 3216 de
1353 3161 1534 3231 palatii
1582 3160 1913 3216 excubitori-

2019 3181 2099 3242 εἰς
2129 3179 2227 3249 τὴν
2284 3178 2479 3245 ἀκτήν.
2540 3175 2711 3229 Ἔνθα
2773 3173 2870 3226 καὶ
2927 3170 3093 3223 πάλιν
3145 3162 3429 3249 βλοσυροῖς
3489 3157 3606 3249 τοῖς

333 3250 454 3306 Irus.
486 3251 576 3319 qui
608 3265 824 3318 semper
855 3251 1175 3320 permutatis
1201 3267 1266 3306 ex
1304 3251 1693 3311 morevicibus
1724 3251 1916 3306 statio-

332 3357 429 3393 ειυς»
461 3341 515 3393 in
548 3342 791 3395 turribus
825 3352 1026 3408 tenent,
1054 3352 1261 3398 certum
1297 3342 1513 3412 aliquod
1543 3342 1647 3397 sibi
1680 3343 1914 3398 invicem

331 3429 689 3488 iuclntitnntes
737 3434 982 3497 verbum,
1016 3434 1098 3489 sic
1146 3434 1358 3501 vigilias
1405 3447 1534 3488 suas
1585 3434 1805 3501 obeunt,
1858 3441 1920 3488 ut

332 3522 488 3574 illum
535 3523 687 3583 vidit,
723 3524 988 3577 accedens
1032 3525 1157 3592 quis
1201 3534 1345 3577 esset
1397 3534 1782 3593 percunctatus
1813 3533 1915 3579 est.

331 3609 427 3663 Ille
459 3627 621 3664 ttnmn
652 3627 711 3665 se
737 3626 801 3665 ex
839 3612 1033 3665 vinctis
1058 3627 1181 3667 esse
1221 3612 1376 3679 dixit,
1407 3613 1497 3683 qui
1532 3613 1584 3666 in
1618 3613 1817 3681 palatio
1850 3612 1920 3667 ob

336 3719 411 3757 aes
436 3696 672 3758 alienum
710 3721 736 3755 a
773 3706 934 3774 Papia
978 3705 1364 3760 detinebantur
1390 3715 1445 3761 et
1480 3724 1494 3760 :
1532 3725 1549 3756 1
1585 3706 1639 3761 Si
1674 3722 1759 3761 mc
1787 3707 1921 3761 sinis

336 3797 508 3862 abire,
539 3796 731 3866 inquit,
761 3797 875 3852 haec
901 3798 998 3853 tibi
1027 3815 1056 3852 a
1088 3813 1174 3852 me
1202 3799 1374 3864 gratia
1406 3800 1697 3865 referetur;
1735 3819 1752 3851 1
1788 3816 1919 3853 cou-

338 3894 601 3960 tiuuoquc
635 3891 778 3959 quod
811 3891 1021 3960 pectori
1050 3906 1346 3960 appensum
1377 3895 1622 3960 gestabat
1650 3892 1919 3963 phylacte‘

338 3994 475 4044 rium
528 3991 780 4046 eductum
830 3991 1085 4046 ostendit.
1119 3990 1170 4045 Is
1220 4006 1346 4043 vero
1391 3998 1533 4058 (erat
1568 3993 1709 4045 ettittt
1763 3992 1922 4044 1101110

338 4086 570 4154 agrestis
611 4094 665 4138 et
704 4084 795 4154 qui
844 4100 964 4138 cum
997 4092 1315 4153 paupertate
1348 4093 1609 4152 perpetuo
1656 4084 1922 4139 collucta-

338 4175 541 4244 batur),
573 4175 734 4229 simul
766 4186 930 4244 atque
967 4174 1113 4229 illius
1141 4174 1329 4230 oculos
1356 4190 1547 4229 aurum
1581 4175 1920 4245 perstrinxit,

339 4281 407 4320 eo
442 4275 684 4335 accepto,
716 4267 1086 4323 Andronicum
1140 4268 1294 4321 abire
1340 4282 1533 4337 passus
1566 4278 1671 4322 est.
1712 4266 1924 4337 Scapha

342 4359 582 4424 interim,
618 4375 741 4429 qua:
778 4359 920 4414 haud
963 4361 1150 4429 procul
1194 4361 1402 4428 aberat,
1453 4360 1599 4414 illum
1633 4367 1922 4428 exceptura

342 4450 613 4514 accessit,
661 4464 766 4518 qua
813 4464 1110 4507 conscensa
1160 4451 1377 4507 domum
1429 4451 1632 4507 relatus
1693 4462 1797 4508 est.
1849 4449 1922 4505 Ibi

2018 3239 2339 3339 προσῶποις
2368 3239 2705 3332 δεδεξαμένη
2741 3259 2936 3314 τοῦτον
2967 3259 3001 3326 ή
3058 3255 3198 3325 τύχη
3265 3247 3440 3322 βραχὺ
3484 3239 3606 3296 εἷτα

2019 3356 2382 3429 προσεμειδία
2418 3354 2513 3408 καὶ
2548 3356 2728 3407 ἀνεῖτο
2748 3350 2887 3422 πρὸς
2901 3349 3085 3421 χάριν,
3110 3338 3466 3417 θρυπτομένη
3483 3348 3606 3429 παυς

2019 3426 2116 3507 καὶ
2137 3426 2414 3520 διαφανῶς
2450 3448 2743 3511 παίζουσα.
2773 3445 2896 3497 Τῶν
2946 3444 3054 3512 γάρ
3100 3457 3185 3503 τις
3241 3439 3299 3490 ὲν
3357 3426 3607 3496 παλατίῳ

2024 3544 2308 3614 φυλάκων,
2344 3542 2503 3609 οἷπερ
2541 3540 2602 3602 ἐξ
2640 3537 2795 3600 ἔθους
2828 3537 2915 3590 ἀεὶ
2955 3533 3377 3602 διεσκηνημένοι
3408 3523 3611 3614 κάθηνο

2020 3611 2115 3687 ται
2141 3632 2284 3704 ὑπὲρ
2304 3632 2414 3686 τῶν
2439 3630 2667 3701 πύργων
2702 3629 2768 3680 ὲκ
2807 3624 3152 3697 περιτροπῆς
3206 3636 3350 3683 τινος
3403 3611 3606 3710 ἐπιθω-

2025 3722 2285 3784 ύσσοντές
2311 3737 2372 3773 τε
2394 3718 2645 3785 ἀλλήλοις
2670 3718 2767 3769 καὶ
2804 3714 3007 3767 τακτὸν
3043 3713 3070 3764 ὅ
3089 3728 3143 3762 τι
3169 3709 3234 3777 δὴ
3265 3710 3605 3772 ὲπιιρωνουν-

2022 3830 2113 3875 τες
2147 3812 2415 3882 ῥημάτιον
2444 3809 2587 3862 οὕτω
2614 3825 2671 3859 τε
2708 3806 3058 3876 ἐγρηγόρασι
3102 3800 3361 3871 μάλιστα,
3413 3789 3603 3859 ἐπειδὴ

2024 3907 2213 3961 τοῦτον
2254 3903 2385 3968 εἶδε,
2412 3900 2659 3972 προσιὼν
2686 3901 2832 3962 ὅστις
2902 3898 3033 3949 ποτὲ
3082 3896 3167 3964 εἴη
3217 3886 3608 3944 διεπυνθάνετο

2025 4000 2295 4053 ἀνειπεῖν.
2345 3996 2402 4050 Ὀ
2435 3995 2493 4049 δὲ
2519 3993 2806 4063 δεσμώτης
2833 3986 2974 4043 εἶναι
3006 3988 3214 4056 ἔφασκε
3267 3980 3380 4033 τῶν
3404 3978 3462 4030 ἐν
3498 3990 3606 4028 πα-

2025 4087 2194 4158 λατίῳ
2234 4085 2372 4155 πρὸς
2400 4082 2496 4137 τοῦ
2538 4080 2751 4134 Παπίου
2792 4077 2905 4150 (96)
2932 4076 3019 4129 ἐπ’
3064 4072 3271 4134 αἰτίαις
3328 4066 3606 4158 ἐχομένων

2026 4156 2422 4252 χρηματικαϊς,
2448 4174 2544 4229 καὶ
2565 4191 2584 4225 1
2622 4173 2688 4225 Et
2708 4188 2768 4240 γε
2788 4170 3025 4240 ἀφήσεις
3059 4182 3149 4236 με,
3191 4163 3319 4252 ἔφη,
3346 4156 3600 4252 Δξὶινπινένξιῖι.

2199 4265 2262 4334 δή
2294 4280 2377 4319 σοι
2404 4264 2537 4334 παρ’
2568 4260 2702 4332 ἐμοῦ
2731 4258 2895 4329 χάρις
2925 4256 3103 4313 ἔσται.
3144 4271 3162 4304 1
3198 4250 3307 4304 Καὶ
3344 4247 3462 4318 ἅμα
3518 4242 3603 4294 λέ·

2027 4376 2139 4426 γων
2172 4357 2233 4410 τὸ
2270 4355 2588 4409 ὲπικόλπιον
2618 4352 2768 4421 αὐτῷ
2807 4345 3101 4418 ἐξαγαγὼν
3169 4341 3384 4396 ἐδείκνυ
3437 4335 3608 4406 φυλα-

2028 4453 2273 4520 κτήριον.
2325 4446 2385 4502 Ὀ
2416 4446 2473 4500 δὲ
2505 4445 2636 4516 (τῶν
2666 4445 2777 4514 γὰρ
2793 4438 3139 4514 ἀγροικικῶν
3168 4453 3252 4498 τις
3278 4429 3346 4505 ἦν
3376 4427 3605 4488 καὶτοῖς

1702 4582 1799 4642 Du
1842 4580 2064 4658 Cangii
2116 4587 2300 4639 noue.

418 4703 531 4773 (96)
565 4701 721 4772 Πρὸς
769 4702 876 4773 τοῦ
907 4704 1164 4773 Παπίου.
1197 4699 1407 4773 Puppim
1458 4719 1552 4758 seu
1598 4703 1775 4773 papize
1802 4702 1921 4757 oiIi-
1958 4706 2002 4764 D
2030 4684 2218 4757 c‘haele
2251 4699 2434 4754 Balbo.
2501 4698 2628 4753 Fuit
2666 4695 3011 4773 sauesitnile
3058 4701 3457 4773 qavarretorum
3489 4688 3609 4744 olli-

346 4772 519 4832 cium'
546 4781 665 4829 erat
700 4772 882 4839 palatii
915 4772 1179 4836 custodia,
1213 4772 1313 4826 sub
1340 4776 1657 4840 curopalata
1687 4772 1917 4837 scilicet,

343 4846 505 4917 cujus
542 4845 815 4917 praecipua
846 4853 962 4895 erat
1011 4841 1154 4897 illius
1187 4856 1336 4908 cura,
1378 4850 1521 4897 utex
1573 4842 1931 4897 Constantino

344 4913 596 4972 manasse
630 4913 841 4968 discere
865 4921 948 4967 est
974 4927 987 4962 :

417 5020 565 5089 Πρδς
593 5017 687 5071 τὸν
715 5016 882 5070 οἴκων
910 5015 1129 5089 φύλακα
1156 5014 1266 5089 τῶν
1295 5015 1493 5089 ἐντοῖς
1516 5014 1869 5089 Αὰνακτόροις.

422 5082 644 5144 Παπίαν
671 5082 1106 5158 λέγομενάὑτὸν
1136 5082 1280 5138 κατὰ
1316 5084 1607 5154 Ῥωμαίων
1659 5082 1931 5161 γλῶτταν.

345 5196 488 5250 unde
519 5193 660 5263 apud
687 5190 991 5263 Cedrenum
1013 5189 1223 5253 παπίας
1243 5188 1339 5243 τοῦ
1365 5188 1641 5263 τιταλατίου⁸
1658 5188 1709 5242 in
1738 5188 1919 5263 Leone

344 5259 672 5334 C0prou'ymi
715 5263 783 5334 E.
805 5273 859 5334 et
907 5259 1142 5334 LeutLem
1178 5271 1598 5334 grattttuattcutu
1631 5260 1681 5334 in
1738 5259 1920 5334 Leone

346 5328 604 5389 Armenio
637 5345 690 5387 et
739 5332 999 5386 Mit'ltaele
1031 5328 1311 5398 Theophili
1343 5329 1429 5401 [P.
1471 5328 1598 5400 480]
1726 5343 1783 5401 Ρ.
1815 5329 1921 5382 447

344 5406 473 5469 469,
506 5416 678 5459 custos
714 5403 919 5471 palatii,
960 5403 1146 5471 papias
1177 5411 1225 5454 et
1256 5398 1528 5463 ostiarius,
1554 5398 1605 5452 in
1654 5400 1687 5454 8
1720 5398 1923 5453 Sinodo

349 5488 459 5531 act.
490 5476 545 5537 5,
620 5470 980 5540 nuncupatur.
1044 5470 1385 5538 Proindeque
1426 5486 1529 5522 non
1587 5474 1744 5522 modo
1773 5472 1924 5540 habi-

349 5549 500 5599 labat
545 5546 597 5598 in
653 5543 769 5612 ipso
808 5539 1043 5609 palatio,
1107 5543 1181 5595 uti
1219 5541 1512 5612 observare
1551 5550 1655 5612 est»
1692 5556 1757 5593 ex
1792 5539 1927 5608 Scy-

348 5616 476 5668 litzc
516 5616 567 5667 itt
612 5610 874 5667 Michaele
922 5612 1222 5680 Rhangabe
1255 5627 1305 5677 p.
1338 5610 1441 5680 492
1472 5619 1524 5680 et
1555 5610 1679 5671 495,
1740 5612 1836 5680 sed
1872 5618 1925 5661 et

348 5684 776 5754 penesqpapiam
830 5679 1299 5754 reorum,’qui_iu
1360 5679 1543 5747 palatii
1615 5679 1925 5754 carceribus

352 5749 756 5818 detinebantur,
813 5766 942 5805 cura
984 5751 1283 5818 praesertim
1314 5759 1455 5814 erat,
1486 5750 1628 5817 quod
1659 5750 1758 5803 hoc
1806 5749 1922 5801 loco

358 5821 479 5875 plus
518 5821 651 5875 satis
680 5821 851 5874 innuit
901 5821 1222 5885 Cinnamus,
1270 5830 1419 5873 ut.ct
1469 5820 1708 5875 Zonaras
1740 5821 1791 5874 iu
1826 5820 1918 5872 Mi-

2040 4772 2184 4824 cium
2214 4775 2267 4824 in
2322 4772 2442 4822 aula
2475 4784 2656 4842 regum
2685 4767 2881 4822 Sit-ilhc
2920 4767 3019 4821 sub
3058 4762 3412 4842 Forntannis,
3439 4775 3606 4842 penes

2038 4855 2175 4910 quos
2204 4856 2308 4894 non
2343 4855 2469 4894 cura
2500 4831 2767 4910 duntaxat
2801 4847 2852 4890 et
2879 4836 3124 4890 custodia
3161 4831 3341 4910 palatii
3372 4831 3475 4910 sub
3517 4845 3609 4884 ca-

2041 4901 2269 4964 stellauo
2313 4908 2677 4969 incumbebat,
2734 4911 2827 4960 sed
2872 4918 2923 4957 et
2972 4921 3067 4959 eos
3104 4902 3199 4973 qui
3242 4917 3338 4969 per
3363 4901 3608 4973 diversos

2042 4980 2225 5050 palatii
2275 4993 2526 5033 carceres
2576 4977 2896 5031 tenebantur
2932 4970 3150 5050 inclusi,
3179 4971 3493 5050 frequenter
3521 4970 3608 5050 inf

2042 5042 2252 5119 spicere
2302 5064 2598 5116 eorumque
2648 5046 3064 5117 statuminibus
3090 5042 3608 5119 asperiu-sve,prout

2043 5111 2091 5174 ei
2128 5120 2303 5173 visum
2357 5111 2885 5181 eratfcommutar'e
2941 5125 2994 5168 et
3025 5111 3182 5183 prout
3236 5111 3393 5164 vellet
3429 5118 3610 5164 custo-

2029 5193 2124 5245 des
2181 5189 2411 5252 singulis
2464 5187 2751 5258 designare
2796 5185 3128 5246 carceribus,
3174 5191 3232 5236 ut
3266 5193 3468 5258 auctor
3501 5190 3608 5258 _est

2033 5261 2185 5327 llugo
2257 5250 2612 5327 Falcandus:
2637 5258 3086 5327 Gavarretorum‘
3117 5252 3362 5327 meminit
3394 5321 3405 5327 _
3443 5250 3605 5327 etiam

2033 5319 2335 5384 Richardus
2360 5329 2426 5382 de
2454 5325 2513 5386 S.
2536 5327 2826 5381 Germano.
2843 5341 2933 5376 au.
2958 5323 3113 5379 19.52.
3137 5323 3203 5375 de
3227 5321 3405 5389 magni
3435 5319 3605 5388 patria

2031 5398 2207 5452 oilicio
2233 5399 2399 5469 plura
2420 5397 2897 5469 habetMeuArsius,
2919 5395 3069 5463 cujus
3105 5392 3408 5461 dignitatis,
3440 5404 3601 5469 quam

2032 5458 2248 5533 simili;
2277 5458 2399 5539 quae
2429 5468 2531 5521 fuit
2559 5467 2685 5521 olitn
2726 5466 2776 5518 itt
2814 5458 2997 5539 reguui
3032 5458 3364 5539 ttostrurUttt_
3384 5458 3604 5539 palatio,

2034 5529 2352 5606 eotuparal'e
2394 5548 2500 5601 est,
2559 5550 2829 5605 quamque
2863 5529 3159 5588 etiamnum
3215 5529 3606 5606 conciefgeﬂu

2032 5599 2200 5671 palais
2257 5599 2845 5670 vocant,vméutio'est
2897 5616 3153 5671 praetereat
3197 5601 3338 5667 apud
3400 5599 3610 5671 Pachy«

2033 5669 2257 5741 merctn,
2310 5679 2347 5732 l.
2402 5669 2468 5743 v,’
2511 5693 2560 5732 c.
2621 5676 2674 5737 5,
2725 5669 3185 5743 (31111111ζ11Δ2131111111,
3258 5672 3366 5743 l._t,
3417 5685 3465 5723 c.
3515 5669 3608 5730 26,

2028 5748 2141 5809 ὕες
2196 5737 2325 5814 Ι.’11,
2374 5737 2558 5815 α’ἓΞ,
2594 5746 2705 5811 27;
2762 5755 2816 5798 et
2869 5737 3229 5811 Nic'ephorum
3280 5740 3609 5805 Grcgorant,

2021 5820 2054 5873 l.
2096 5832 2209 5872 \‘Ill.
