4014 6436
368 406 476 469 597

1598 411 2145 477 HISTORIARUM
2184 417 2325 479 LIB.
2367 420 2436 480 V.

3521 426 3630 491 598

360 506 561 577 πενίας
601 515 788 587 ἔργοις
823 518 1063 589 ἐμάχετο
1078 518 1398 593 διηνεκῶς),
1432 521 1639 594 ἐπειδὴ,
1670 522 1774 588 τὰς
1801 524 1939 596 δψεις

2055 529 2233 583 exutis
2260 518 2609 601 compedibus
2642 548 2761 602 qua:
2807 536 2967 602 pedes
3011 542 3469 600 constrinxerant,
3506 554 3630 591 rur-

365 607 456 680 [P.
486 606 633 680 156.]
658 607 811 679 αύτῷ
845 611 1228 682 κατέστραψεν
1257 614 1285 665 ὁ
1350 613 1581 685 χρυσὸς,
1649 614 1834 670 λαϐὼν
1892 616 1953 670 τὸ

362 701 553 772 χρῆμα
583 701 927 772 Ἀνδρόνικον
966 705 1146 774 ἀφῆκε
1169 692 1461 776 φέρεσθαι.
1538 707 1626 761 Ἐν
1687 707 1865 778 τούτῳ
1892 708 1951 762 δὲ

363 793 459 845 καὶ
479 792 540 846 τὸ
564 792 884 863 ληψόμενον
913 794 1106 849 τοῦτον
1136 796 1366 851 ἀκάτιον
1395 799 1458 852 ού
1489 798 1712 870 μακρὰν
1739 798 1951 854 ἀποσα-

376 880 534 934 λεῦον
570 882 802 955 προσῄει
824 901 839 918 ·
870 884 965 939 καὶ
998 884 1254 952 λαϐόντες
1302 888 1468 943 αὑτὸν
1519 890 1608 942 ἐπ’
1635 888 1787 943 οἴκου
1826 889 1949 944 ἐκό-

364 988 554 1041 μισαν,
597 972 728 1029 ἔνθα
755 975 855 1040 τὰς
884 976 1055 1045 πέδας
1116 978 1581 1050 ἀποσεισάμενος,
1611 980 1670 1035 αἲ
1694 979 1776 1033 τὼ
1814 981 1943 1035 πόδε

360 1056 550 1131 εῖργον
590 1063 763 1135 αὐτῷ,
793 1066 963 1138 ἀνέϐη
1002 1085 1063 1123 τε
1086 1068 1341 1134 είσαῢθις
1368 1069 1468 1141 τήν
1497 1068 1635 1124 ναῦν
1669 1071 1765 1125 καὶ
1825 1072 1943 1125 δια-

2054 633 2173 673 sum
2205 621 2480 691 ingressus
2502 633 2582 678 est
2610 639 2823 687 narem,
2852 640 3024 695 eaque
3047 638 3234 683 vectus
3256 639 3406 684 extra
3440 646 3628 684 muros

2055 706 2287 775 trajecit.
2316 710 2430 766 Illic
2461 723 2678 781 paratos
2707 715 2772 768 ad
2806 715 2905 770 hoc
2936 717 3110 785 ipsmn
3151 719 3431 775 inveniens
3461 735 3628 789 equos

2053 803 2370 857 conscendit
2395 813 2448 858 et
2482 805 2746 861 abscessit
2781 823 2796 862 :
2827 806 2905 862 sic
2937 808 3151 877 quidem
3179 812 3413 864 evadens
3442 824 3473 863 e
3505 826 3628 864 car-

2053 904 2182 946 cere
2229 893 2571 950 Andronicus
2618 898 2684 951 ad
2722 896 3123 971 Tauroseythas
3174 901 3436 968 pervenit.
3472 899 3628 953 Nunc

2052 989 2232 1036 autem
2298 984 2363 1039 ad
2428 1000 2491 1041 ea
2553 1001 2673 1058 quae
2734 1003 2898 1060 supra
2960 989 3271 1054 retulimus,
3338 991 3627 1046 reducatur

2048 1075 2244 1132 oratio.

359 1155 742 1228 πλωῖσάμενος
770 1159 877 1228 ἔξω
912 1164 1141 1233 τειχέων
1187 1164 1426 1231 ἐγένετο.
1468 1163 1643 1218 Ἔνθα
1688 1164 1892 1228 ἵππους
1929 1166 2108 1235 εὑρὼν
2138 1170 2190 1223 οἳ
2241 1170 2302 1223 ἐν
2358 1173 2687 1243 παρασκευῇ
2742 1171 3040 1244 ἐτύγχανον
3066 1173 3216 1244 αὐτῷ
3245 1174 3416 1238 ὄντες,
3448 1173 3621 1243 ἐπέϐη

358 1265 420 1302 τε
462 1253 559 1305 καὶ
591 1253 774 1308 ἀπιὼν
825 1255 1022 1328 ᾤχετο.
1072 1257 1418 1330 Ἀνδρόνικος
1489 1259 1592 1330 μὲν
1634 1258 1700 1331 δὴ
1747 1259 1889 1312 οὕτω
1933 1259 2035 1331 τῆς
2071 1264 2298 1336 εἱρκτῆς
2326 1265 2570 1338 ἀποδρὰς
2602 1266 2695 1320 ἐπὶ
2723 1267 3117 1331 Ταυοοσκύθας
3159 1263 3342 1338 ἦλθεν.
3388 1268 3548 1335 Ἡμῖν
3578 1265 3625 1317 δ’

358 1345 624 1400 ἀνακτέον
655 1348 749 1401 τὸν
786 1348 945 1418 λόγον
980 1351 1074 1404 ἐπὶ
1104 1351 1172 1406 τὰ
1195 1352 1458 1424 πρότερα.

430 1435 520 1505 ιβ’.
577 1434 700 1491 Τῶν
750 1440 1061 1510 εἰρημένων
1107 1460 1167 1496 τε
1214 1443 1380 1500 ἕνεκα
1409 1448 1439 1499 ὁ
1468 1447 1728 1518 Μανουὴλ
1780 1449 1934 1519 παρὰ

359 1527 768 1597 Πριμίσθλαϐον
796 1530 909 1600 (97)
932 1527 1065 1602 ἦλθέ
1092 1535 1188 1589 καὶ¹
1212 1536 1360 1601 ὅπως
1378 1540 1537 1608 χεῖρα
1567 1539 1777 1594 ἐκεῖθεν
1803 1540 1940 1611 σύμ-

360 1637 537 1690 μαχον
567 1619 661 1675 ἐπὶ
701 1622 1007 1693 Ῥωμαίους
1030 1625 1154 1700 ἄξῃ.
1192 1629 1520 1684 Ἐπέσταλτο
1540 1631 1653 1704 γὰρ
1674 1632 1826 1705 αὐτῷ
1843 1634 1937 1688 καὶ

2116 1446 2278 1518 235
2314 1447 2402 1502 12.
2426 1446 2649 1517 Propter
2671 1448 2785 1504 haec
2810 1448 2974 1518 igitur
2995 1463 3113 1518 quze
3146 1448 3380 1504 diximus
3410 1449 3621 1506 Manucl

2047 1537 2112 1590 ad
2142 1536 2483 1593 Primislaum
2514 1540 2682 1605 venit,
2718 1548 2771 1595 et
2804 1549 2863 1594 ut
2894 1539 3181 1593 auxiliares
3206 1540 3388 1609 cupias
3419 1541 3491 1596 ibi
3526 1558 3624 1612 pro

2046 1627 2307 1686 Romanis
2347 1631 2709 1687 contraheret.
2762 1630 2868 1687 Sed
2914 1641 2967 1686 et
3001 1632 3199 1686 missus
3230 1643 3310 1686 cst
3346 1633 3412 1687 ad
3465 1633 3623 1691 Rosi-

366 1713 755 1814 Ῥωσισθλάϐῳ
803 1716 883 1788 τῷ
912 1717 1009 1771 καὶ
1049 1718 1200 1791 αὐτῷ
1239 1721 1332 1776 ἐπὶ
1359 1722 1814 1795 Ταυροσκυθικῆς
1838 1726 1937 1797 ἄρ-

2046 1720 2245 1788 slanm,
2286 1723 2376 1793 qui
2426 1733 2481 1779 et
2524 1724 2642 1795 ipsc
2682 1724 3120 1797 Taurosrythieze
3159 1723 3523 1793 imperitabat,
3556 1728 3622 1781 de

357 1818 507 1895 χοντι
569 1804 698 1875 περὶ
767 1806 1092 1877 συμμαχίας
1116 1807 1440 1881 διειλέχθαι.
1473 1812 1584 1866 Καὶ
1617 1814 1804 1883 μέντοι
1842 1816 1935 1870 καὶ

2048 1810 2279 1866 ineunda
2310 1827 2588 1868 armorum
2616 1815 2877 1871 societate
2902 1831 3023 1870 cum
3048 1830 3113 1869 eo
3135 1825 3375 1895 acturus.
3405 1815 3621 1887 Resque

354 1892 626 1964 τετύχηκε
646 1896 741 1949 τοῦ
765 1897 908 1952 κατὰ
932 1899 1153 1956 σκοπόν.
1194 1900 1523 1973 ’Υπερφυῶς
1548 1906 1659 1975 γὰρ
1681 1906 1941 1977 ἡσθέντες

354 1983 434 2037 δτι
467 1984 531 2056 δὴ
561 1986 866 2059 τηλικούτῳ
924 1992 983 2054 ἐς
1024 1991 1222 2057 αὐτοὺς
1274 1995 1303 2047 ὀ
1364 1996 1617 2064 βασιλεὺς
1666 1998 1940 2069 ἐχρήσατο

356 2080 695 2153 πρεσϐευτῇ,
735 2082 1039 2154 ὑπέσχοντο
1093 2084 1315 2155 ἐπιτελῆ
1355 2086 1533 2142 πάντα
1561 2090 1814 2159 ποιήσειν
1837 2090 1940 2145 ὅσα

354 2170 432 2243 τῷ
477 2171 693 2243 βασιλεῖ
749 2173 1065 2246 βουλομένῳ
1118 2160 1279 2246 ἦσαν.
1314 2176 1391 2229 Ού
1446 2177 1554 2247 μὴν
1614 2179 1738 2232 ούδέ
1780 2181 1943 2250 Ἱερό-

356 2263 591 2319 comam
649 2265 737 2320 διὰ
787 2266 960 2321 ταῦτα
994 2266 1251 2338 βασιλεὺς
1274 2269 1513 2338 περιεῖδε
1537 2285 1550 2299 -
1585 2274 1857 2340 μηχαναῖς
1882 2272 1939 2326 δέ

354 2353 452 2407 καὶ
477 2352 668 2408 τοῦτον
721 2355 940 2424 ἑτέραις
996 2356 1139 2409 κατὰ
1172 2358 1451 2426 Στεφάνου
1498 2358 1933 2430 ἐξεπολέμωσεν,

353 2445 671 2510 ἐπιστείλας
697 2446 846 2517 αὐτῷ
877 2447 1113 2501 οὑτωσίο
1150 2466 1170 2500 ι
1199 2449 1278 2502 Ού
1311 2451 1672 2521 μιμησόμεθα
1706 2470 1800 2507 σου
1833 2453 1937 2524 τὴν
1968 2486 1978 2495 -

350 2538 668 2609 ἀστοργίαν,
703 2539 773 2611 ῆν
809 2541 963 2594 οὐδὲν
980 2541 1097 2595 δέον
1128 2543 1211 2606 είς
1254 2543 1405 2613 ἡμᾶς
1436 2543 1723 2609 ἐπεδείξω,
1757 2543 1936 2613 λόγων

350 2645 410 2682 τε
442 2630 537 2684 καὶ
565 2631 853 2702 συνθηκῶν
887 2632 997 2686 τῶν
1029 2632 1226 2704 πρώην
1252 2633 1354 2706 ἤδη
1388 2635 1810 2706 ὀμωμοσμένων
1851 2655 1934 2692 σοι

350 2720 851 2792 κατωλιγωρηκὼς.
908 2722 1075 2777 Ἀλλά
1111 2740 1197 2778 σοι
1249 2725 1321 2779 τὰ
1377 2725 1588 2796 ἔσχατα
1618 2725 1935 2798 διυϐρίσθαι

351 2810 715 2867 κινδυνεύοντι
744 2812 836 2867 ὑπ’
859 2812 986 2885 ὄψιν
1015 2815 1085 2869 τὰ
1113 2815 1217 2885 τῆς
1253 2814 1466 2890 ὕϐρεως
1495 2816 1742 2889 τίθεμαι.
1776 2818 1920 2872 Ἵσθι

350 2905 532 2959 τοίνυν
575 2907 734 2978 ἀνδρὶ
796 2909 965 2964 παῖδα
1029 2910 1358 2974 συνοικίζων
1407 2912 1511 2982 τὴν
1551 2913 1653 2982 σὴν
1692 2913 1769 2983 τῷ
1801 2914 1935 2985 ρηγὶ

350 2996 599 3051 Παιόνων
659 2998 926 3070 κακοήθει
959 3016 1020 3053 τε
1051 3000 1146 3054 καὶ
1177 3000 1369 3066 δεινῶς
1396 3002 1639 3075 ἀϐεϐαίῳ
1666 3004 1765 3074 τὴν
1793 3004 1933 3073 γνώ-

352 3103 461 3159 μην
508 3087 666 3182 γδντιο
725 3089 883 3161 δίκης
943 3092 1052 3162 γάρ
1106 3109 1239 3146 ποτε
1281 3094 1314 3165 ἢ
1357 3094 1620 3161 ἀληθείας
1657 3097 2003 3182 ἐντροπὴνο

349 3181 649 3253 πεποίηται
678 3182 961 3252 οὐδεμίαν.
1002 3183 1307 3257 Ἀνθρὼπῳ
1336 3185 1395 3239 δὲ
1420 3186 1678 3257 ἁπολύτῳ
1712 3188 1931 3256 φύσεώς

348 3274 534 3326 τεκαὶ
591 3274 776 3344 νόμων
836 3275 913 3339 ὡς
968 3276 1181 3331 ἐπίπαν
1228 3279 1524 3351 φερομένῳ
1552 3279 1732 3333 πάντα
1755 3284 1933 3336 ποιεῖν

349 3355 505 3431 οἶμαι
536 3362 740 3434 ῥᾴδιον.
798 3363 1011 3418 Οὐκοῦν
1034 3363 1155 3418 οὐδὲ
1188 3366 1499 3436 ξυνοικήσει
1543 3383 1626 3421 σοι
1662 3368 1934 3433 Στέφανος

348 3455 414 3522 τῇ
437 3452 694 3524 θυγατρὶ,
736 3455 858 3509 οὐδέ
888 3472 943 3508 τι
970 3454 1102 3510 ἄλλο
1124 3456 1232 3509 τῶν
1264 3459 1411 3511 κατὰ
1446 3459 1611 3529 νόμον
1637 3460 1732 3514 ἐπὶ
1759 3461 1931 3533 ταύτῃ

347 3547 727 3617 διαπράξεται.
784 3547 932 3601 Εἲδέ
955 3548 1053 3601 καὶ
1106 3546 1444 3618 ξυνοικήσει,
1504 3550 1622 3603 ἀλλ’
1681 3552 1781 3605 ὅσα
1836 3554 1933 3607 καὶ

349 3639 629 3710 τριοδίτιδι
675 3640 850 3713 ταύτῃ
904 3642 1447 3713 λπροσενεχθήσεταιζ
1499 3645 1560 3699 Ὀ
1602 3646 1711 3716 γὰρ
1764 3648 1820 3710 ἐς
1869 3648 1929 3702 τὸ

350 3733 623 3804 ἡμέτερον
682 3733 828 3787 οὕτω
886 3736 1088 3806 κράτος
1142 3734 1408 3806 ἁμαρτὼν
1446 3738 1646 3807 ὅρκους
1668 3754 1726 3790 τε
1748 3739 1824 3802 ὡς
1872 3741 1932 3792 ἐν

353 3825 572 3888 παιδιᾶς
615 3825 761 3894 λόγῳ
809 3827 936 3889 τοὺς
998 3824 1227 3896 ἔναγχος
1290 3827 1728 3898 ὀμωμοσμένους
1778 3830 1930 3902 αύτῷ

351 3907 666 3985 λογίζεσθαι
687 3919 1168 3988 ἀπαναισχυντῶν,
1189 3918 1503 3989 συλλόγισαι
1531 3920 1583 3973 τί
1612 3920 1713 3973 οὐκ
1739 3921 1807 3975 ἂν
1838 3923 1933 3976 ἐπὶ

353 4008 413 4059 σέ
439 4008 688 4077 ποιήσειν
740 4008 1291 4078 ἀπανθρωπεύσεται.
1323 4029 1342 4063 ι
1401 4010 1622 4064 Τούτων
1671 4011 1701 4063 ὁ
1741 4012 1938 4083 Πριμί-

357 4101 590 4163 σθλτιϐος
622 4102 720 4154 σὺν
744 4100 1009 4171 βαρϐάρῳ
1033 4102 1144 4155 τινὶ
1170 4102 1404 4173 ἀφελείᾳ
1429 4102 1539 4157 τῶν
1568 4103 1742 4170 λόγων
1773 4105 1939 4159 ἀκού-

357 4212 456 4258 σας
498 4195 642 4248 ἐάλω
669 4210 727 4246 τε
756 4195 954 4247 αὐτίκα
997 4195 1093 4246 καὶ
1138 4193 1213 4257 ὠς
1267 4194 1525 4265 πολέμιον
1570 4198 1664 4251 τιν
1690 4198 1936 4270 γαμϐρὸν

352 4285 719 4350 ὑπεϐλέπετο,
759 4285 881 4337 κατ’
920 4283 1084 4337 αὑτοῦ
1145 4300 1206 4336 τε
1250 4282 1539 4355 Ῥωμαίοις
1584 4288 1936 4357 στρατεύουσι

2043 1901 2118 1957 illi
2145 1916 2210 1956 ex
2245 1911 2369 1959 voto
2398 1905 2678 1959 successit.
2714 1904 2944 1960 Maxime
2970 1907 3115 1960 enim
3143 1906 3313 1975 gavisi
3343 1907 3484 1977 quod
3509 1917 3616 1962 tam

2042 1993 2233 2048 illustri
2269 2009 2362 2049 eos
2394 1996 2642 2066 dignatus
2681 2006 2826 2052 esset
2868 1995 3065 2065 legato,
3097 1997 3276 2051 omnia
3307 2012 3425 2066 qum
3454 2000 3620 2054 vellet

2041 2083 2290 2153 princeps
2319 2100 2376 2139 se
2403 2085 2642 2140 facturos
2677 2085 2816 2140 ultra
2850 2085 3071 2154 polliciti
3105 2095 3246 2139 sunt.
3282 2085 3467 2156 Neque
3498 2086 3618 2141 ideo

2040 2180 2220 2228 tamen
2252 2172 2587 2229 Hieroslaum
2620 2175 2860 2245 despexit
2890 2176 3203 2245 imperator,
3239 2177 3331 2233 sed
3363 2187 3480 2232 arte
3509 2177 3612 2231 alia

2039 2263 2299 2321 adversus
2348 2265 2686 2336 Stephanum
2741 2268 3069 2336 concitavit,
3125 2269 3304 2324 missis
3358 2270 3613 2338 hujusce-

2039 2356 2180 2411 modi
2232 2357 2299 2411 ad
2349 2358 2522 2426 ipsum
2570 2359 2814 2414 litteris:
2859 2377 2878 2409 ι
2917 2357 3033 2413 Νοη
3087 2360 3419 2415 imitabimur
3466 2370 3610 2415 tuam

2038 2447 2503 2518 ingratitudinem,
2529 2465 2692 2519 quam
2741 2451 2883 2505 nulla
2911 2450 2977 2505 ad
3008 2451 3061 2506 id
3094 2452 3399 2519 impellente
3430 2466 3616 2508 neces-

2036 2540 2370 2608 sitate‘erga
2406 2555 2504 2596 nos
2533 2540 2847 2607 exhibuisti,
2902 2542 3160 2612 neglectis
3210 2544 3494 2610 promi~sis
3522 2557 3617 2610 pa-

2035 2630 2246 2701 etisque
2278 2631 2365 2697 iis,
2405 2648 2526 2702 qua:
2562 2646 2733 2701 nuper
2778 2632 3087 2687 saneiveras
3115 2650 3127 2686 :
3158 2633 3250 2686 sed
3282 2634 3399 2700 tibi,
3430 2634 3617 2689 ultima

2038 2738 2135 2778 nos
2162 2723 2356 2793 injuria
2404 2723 2619 2779 allicere
2654 2724 2888 2793 paranti,
2921 2726 2990 2778 ob
3035 2724 3222 2778 oculos
3267 2740 3385 2779 eam
3421 2740 3615 2795 prepo-

2037 2816 2237 2870 nimus.
2265 2812 2421 2869 Scias
2448 2814 2632 2882 igitur,
2657 2815 2781 2868 dum
2815 2814 2977 2867 ﬁliam
3011 2825 3158 2869 tuam
3190 2813 3479 2880 [iungarire
3505 2816 3615 2885 regi

2036 2922 2257 2962 uxorem
2296 2907 2484 2973 tradis,
2531 2906 2676 2960 illam
2712 2917 2762 2961 te
2795 2906 3022 2976 jungere
3056 2907 3173 2961 viro
3209 2908 3467 2977 maligno,
3502 2910 3620 2977 aui-

2034 3012 2231 3067 moque
2275 2999 2427 3054 valde
2483 2998 2744 3054 instabili.
2788 2998 3020 3053 .Iustitize
3064 3004 3206 3053 enim
3243 3016 3335 3056 seu
3378 3003 3618 3056 veritatis

2036 3089 2242 3145 nullum
2276 3106 2511 3160 unquam
2543 3098 2848 3160 respectum
2877 3090 3086 3145 habuit.
3121 3092 3402 3147 Hominem
3434 3102 3613 3147 autem

2037 3185 2128 3249 qui
2155 3198 2256 3239 nec
2274 3193 2525 3237 naturam
2550 3198 2646 3239 nec
2671 3183 2817 3254 leges
2841 3193 3143 3245 reveretur,
3163 3198 3371 3251 suoque
3395 3200 3618 3251 prorsus

2035 3274 2207 3328 fertur
2254 3274 2501 3337 arbitrio,
2556 3270 2737 3329 omnia
2794 3276 3014 3343 exsequi
3066 3289 3227 3342 posse
3278 3275 3418 3328 haud
3474 3291 3617 3344 argve

2036 3365 2308 3421 existimo.
2335 3363 2568 3420 Proinde
2610 3379 2786 3435 neque
2821 3364 2985 3419 tiliam
3015 3373 3163 3419 tuam
3199 3365 3353 3419 duret
3391 3365 3616 3435 Stepha-

2040 3470 2161 3522 nus,
2204 3470 2383 3526 neque
2419 3455 2563 3511 aliud
2596 3456 2874 3526 quidpiam
2906 3455 3114 3527 legibus
3163 3464 3611 3521 consentaneum,

2036 3556 2297 3617 quantum
2327 3547 2395 3602 ad
2426 3547 2567 3602 illam
2603 3556 2830 3617 spectat,
2862 3536 3206 3614 exsequetur.
3243 3548 3392 3614 Quod
3425 3549 3469 3602 si
3498 3563 3615 3601 eam

2038 3640 2221 3704 ducat,
2261 3639 2497 3710 vulgaris
2528 3639 2806 3710 cujusdam
2840 3647 2895 3694 et
2927 3639 3070 3692 velut
3106 3654 3137 3693 e
3184 3639 3343 3692 trivio
3375 3639 3619 3693 adductae

2040 3735 2249 3790 feminzc
2280 3736 2396 3790 loco
2422 3735 2662 3790 habebit.
2695 3734 2795 3802 Qui
2827 3735 2970 3790 enim
3007 3735 3346 3806 majestatem
3379 3745 3617 3791 nostram

2042 3836 2326 3894 tantopere
2347 3824 2568 3880 offendit
2591 3834 2645 3880 et
2665 3834 3003 3881 sacramenta
3028 3842 3197 3896 nuper
3221 3829 3343 3879 data
3375 3843 3468 3897 pro
3496 3827 3620 3883 ludo

2041 3918 2238 3971 habere
2270 3932 2375 3972 non
2410 3918 2648 3982 erubuit,
2692 3917 2867 3987 cogita
2897 3932 3056 3985 quam
3090 3920 3141 3971 in
3178 3927 3226 3972 te
3255 3917 3619 3972 inhumanita-

2040 4014 2148 4060 tem
2189 4022 2298 4060 non
2326 4005 2397 4060 sit
2431 4007 2843 4062 connnissurus.
2886 4026 2904 4058 ι
2936 4006 3033 4062 llis
3071 4022 3191 4062 cum
3225 4006 3451 4063 barbara
3486 4024 3622 4078 qua»

2039 4101 2161 4153 dam
2193 4097 2544 4165 simplicitate
2587 4097 2752 4169 236
2797 4098 2993 4152 auditis
3039 4096 3402 4161 sermonibus,
3432 4106 3619 4167 captus

2038 4198 2123 4245 est
2170 4188 2425 4242 continuo
2473 4187 2812 4253 Primislaus,
2845 4187 2896 4241 e't
2932 4201 3185 4254 generum
3218 4186 3365 4241 velut
3407 4187 3615 4244 hostem

2040 4287 2324 4334 aversatus
2368 4277 2565 4333 bellum
2597 4278 2647 4332 ei
2698 4277 3057 4334 inferentibus
3088 4275 3350 4333 Romanis
3377 4280 3525 4333 omni
3559 4295 3618 4333 sc

353 4378 515 4432 παντὶ
549 4377 737 4447 τρόπῳ
788 4374 1136 4446 συναίρεσθαι
1160 4374 1449 4445 ὡμολόγει.
1481 4378 1638 4431 Ἐστι
1666 4378 1723 4433 δέ
1748 4397 1832 4443 τις
1878 4384 1936 4433 ἐν

2044 4373 2348 4430 adfuturum
2385 4374 2587 4426 auxilio
2618 4373 2897 4443 professus
2924 4383 3027 4428 est.
3056 4373 3148 4428 Est
3179 4389 3306 4428 vero
3337 4375 3387 4428 in
3417 4374 3621 4427 Tauro-

351 4468 772 4539 Ταυροσκυθικῇ
802 4467 957 4532 πόλις
999 4466 1172 4537 ὄνομα
1200 4467 1392 4538 Κίαμα
1415 4468 1550 4541 (98),
1574 4469 1609 4541 ἢ
1635 4470 1845 4526 πόλεών
1869 4490 1928 4526 τε

2044 4469 2278 4539 scythica
2314 4468 2534 4537 regione
2561 4467 2752 4522 civitas
2792 4467 3006 4522 nomine
3034 4467 3243 4532 Kiovia,
3280 4483 3401 4537 qua:
3429 4482 3620 4521 omnes

352 4561 732 4632 ὑπερκάθηται
758 4561 868 4616 τῶν
896 4561 1073 4633 ἄλλων
1095 4561 1219 4614 ὅσαι
1252 4560 1381 4633 τῇδε
1414 4561 1680 4633 ἵδρυνται,
1707 4565 1801 4617 καὶ
1828 4565 1929 4618 ὅσα

2044 4561 2173 4616 alias
2226 4559 2333 4613 illic
2383 4558 2520 4613 sitas
2577 4557 2892 4628 prmcellens
2945 4559 3256 4628 metropolis
3306 4566 3389 4613 cst.
3452 4558 3620 4613 totius

352 4655 447 4706 καὶ
512 4653 855 4725 μητρόπολις
910 4652 989 4724 τῷ
1030 4632 1176 4707 ἔθνει
1247 4652 1423 4725 τούτῳ
1453 4632 1716 4726 τυγχάνει
1759 4649 1921 4710 οὖσα.

2044 4654 2229 4724 gentis.
2266 4651 2565 4722 Episcopus
2595 4650 2856 4721 Byzantio
2890 4650 3085 4706 missus
3117 4651 3191 4704 illi
3223 4649 3421 4719 praeﬁci
3457 4650 3619 4713 solet,

364 4742 680 4813 ’Λρχιερεύς
709 4758 769 4796 τε
803 4741 911 4811 γὰρ
946 4743 1010 4796 ἐκ
1051 4740 1354 4805 Βυζαντίου
1387 4743 1518 4813 παρ’
1549 4743 1724 4813 αὐτὴν
1777 4743 1925 4814 ἣκει,

2044 4743 2340 4813 gaudetque
2370 4739 2582 4797 caeteris
2621 4742 2893 4806 omnibus,
2926 4756 3045 4812 quae
3080 4742 3144 4795 ad
3180 4741 3619 4797 excellentiorcm

351 4834 441 4888 καὶ
468 4834 581 4893 τῶν
614 4834 792 4890 ἄλλων
823 4835 925 4889 ὅσα
958 4837 1018 4899 ἐς
1058 4833 1351 4904 πρεσϐεῖον
1394 4835 1623 4907 φέρουσι
1664 4833 1927 4901 κατεξαί-

2044 4834 2324 4891 rcufcrunt
2351 4832 2787 4904 praerogativam.
2817 4830 2989 4903 Hujus
3011 4834 3189 4902 itaque
3214 4833 3450 4901 regionis
3474 4833 3623 4917 prin-

1708 4992 1806 5052 Du
1840 4989 2061 5069 Cangii
2101 4996 2290 5051 notae.

425 5131 539 5205 (97)
573 5132 767 5205 ΔΠαρὰ
821 5133 1291 5205 Πριμίσθλαϐον.
1341 5129 1790 5205 Varios_Russiae
1837 5145 1932 5186 seu

2044 5127 2177 5205 dunt
2200 5130 2289 5183 alii
2316 5128 2452 5185 alios
2475 5129 2761 5195 invadunt,
2800 5132 3002 5185 mutuis
3034 5145 3155 5185 sese
3190 5129 3473 5184 coniecere
3509 5132 3621 5185 vul-

351 5200 657 5273 Moscoviaa,
685 5200 882 5273 'quam
920 5200 1421 5273 Tauroscytbarum
1450 5202 1724 5273 regionem
1751 5210 1932 5273 vocat,
2045 5200 2284 5273 aeribus.
2340 5272 2345 5273 ί
2554 5271 2592 5273 _
2890 5272 2902 5273 ί
3260 5208 3297 5273 ,ξ

355 5272 632 5345 principes
689 5269 939 5345 recenset
985 5269 1302 5345 Cinnamus,
1358 5271 1598 5339 atquein
1631 5271 1713 5345 his
1753 5269 1933 5345 Yladi-

358 5340 565 5397 inermi:
618 5354 671 5396 et
731 5341 1039 5399 Jaroslaum
1097 5341 1341 5401 Galitzae.
1384 5356 1504 5410 qua;
1548 5340 1824 5408 provincia
1851 5348 1937 5392 cst

362 5411 574 5467 Russite
603 5411 850 5478 Minoris,
880 5414 1170 5480 toparchas
1200 5427 1214 5462 :
1267 5420 1530 5478 praetcrea
1566 5410 1932 5480 Primislaum,

358 5482 664 5545 Rosilaum,
700 5477 1030 5545 JeroSlatitn,
1084 5477 1375 5551 Georgium
1410 5477 1850 5551 Basilicgﬁlium
1879 5488 1935 5532 et

364 5551 696 5606 Vladislaum
733 5553 828 5620 qui
874 5568 994 5607 cuin
1019 5565 1190 5606 uxore
1214 5547 1277 5620 et
1314 5549 1498 5620 liberis
1531 5550 1594 5620 ad
1630 5547 1931 5602 Manuclem

360 5621 595 5683 transiit,
629 5637 658 5676 a
708 5618 816 5691 quo
862 5622 1080 5690 regione
1111 5620 1177 5674 ad
1198 5619 1411 5691 ilstrum
1433 5618 1932 5691 sita_tlonatus_est.

358 5694 536 5762 Atque
586 5691 641 5745 hi
678 5686 894 5762 quidem
925 5686 1131 5762 Vontnes
1185 5689 1437 5762 Jaroslai,
1472 5687 1562 5757 qui
1613 5686 1761 5762 solus
1792 5688 1935 5742 Rus-

362 5757 875 5831 sizefprincipatum
911 5759 1169 5831 obtinuit,
1207 5759 1300 5813 lilii
1339 5758 1590 5831 videntur
1645 5757 1817 5812 fuisse
1845 5767 1939 5831 aut

366 5844 435 5885 ex
465 5829 588 5885 ﬁliis
622 5828 864 5890 nepotes.
917 5832 1006 5889 oui
1038 5830 1329 5888 ditionibus
1356 5828 1469 5885 suis
1532 5844 1635 5884 non
1672 5830 1934 5893 contenti,

2110 5270 2223 5341 (98)
2273 5272 2487 5341 Κιάμα.
2553 5271 2712 5326 Forte
2769 5272 2965 5326 Κιοϐία
3019 5284 3111 5329 ant
3170 5268 3620 5341 Kt66a,Kiowia,

2040 5338 2253 5412 Russia;
2300 5338 2425 5395 olim
2463 5342 2772 5407 metmpolis
2802 5343 2866 5396 ad
2916 5341 3334 5412 BorySthcnem,
3394 5340 3605 5412 Κιοάϐα

2045 5409 2187 5461 dicta
2215 5409 2574 5464 Constantino
2602 5413 2669 5465 de
2703 5414 2861 5464 Adm.
2913 5408 3041 5478 imp'.
3070 5429 3118 5466 ο.
3153 5412 3206 5472 9,
3240 5408 3396 5477 cujus
3424 5410 3620 5478 ampli-

2047 5479 2180 5531 tudo
2231 5480 2559 5534 describitur
2589 5489 2643 5533 et
2698 5483 3021 5548 praedicatur
3057 5498 3083 5532 a
3157 5479 3487 5548 l)itmaro,J.
3521 5495 3620 5542 vtt.

2042 5556 2309 5614 extremo,
2347 5550 2553 5603 Adamo
2603 5544 2906 5611 Bremensi,
2945 5566 2995 5604 (τ.
3032 5550 3130 5616 66,
3167 5549 3387 5604 Matthia
3408 5544 3618 5606 Hscho-

2034 5618 2233 5697 v‘iensi,
2276 5619 2310 5671 Ι.
2362 5634 2511 5697 tunc.
2542 5620 2827 5697 l8;__A.lex.
2859 5619 3106 5697 Gagni_no
3130 5631 3184 5697 _e_t
3225 5620 3296 5697 a_l.
3338 5622 3623 5697 perperam

2038 5686 2197 5760 gilius
2257 5704 2353 5757 pro
2412 5689 2573 5760 (ΙΙιὶοῙ
2619 5689 2726 5743 dici
2791 5686 2982 5760 inqvit—tt
3019 5691 3076 5745 S.
3130 5686 3356 5743 Mariaui
3433 5686 3616 5745 abbati.

1999 5752 2011 5765 ⁸
2041 5752 2321 5828 Ratispon.
2358 5774 2406 5813 c.
2440 5759 2473 5812 4
2500 5752 2751 5816 observat
2789 5758 3084 5816 Bollandus
3114 5761 3148 5817 9
3173 5760 3331 5816 Febr.
