4014 6392
189 373 287 440 σοι

1421 368 1972 431 HlS’l‘OBlARUM
2010 370 2158 430 LIB.
2192 370 2265 431 V.

3353 356 3460 419 602

190 503 276 539 ται
314 486 423 539 τίνι
456 484 779 557 ξυγκρούειν
810 484 963 537 αὐτοὶ
995 485 1415 555 τετολμήκασιν.
1452 503 1471 535 ι
1529 484 1619 536 Ἐν
1640 477 1759 531 τού-
1788 525 1792 533 .

1898 495 1915 534 s
1961 489 2142 531 autem
2185 475 2274 530 ubi
2328 472 2466 529 nihil
2512 473 2580 526 de
2631 469 2914 525 Antiochia
2976 467 3080 521 sibi
3122 466 3452 534 sperandum

191 592 303 632 στοις
343 577 442 643 μὲν
469 577 539 629 τὰ
582 576 675 630 τοῦ
701 577 1032 647 γράμματος
1055 572 1217 645 ἦσαν.
1266 578 1324 629 Ὀ
1365 576 1421 628 δὲ
1447 575 1633 645 ἐπειδὴ
1667 575 1776 627 τῶν

194 664 276 720 ἐπ’
316 668 620 738 Ἀντιοχείᾳ
670 666 1023 737 ἡλπισμένων
1079 665 1461 734 ἀπετύγχανεν
1519 663 1641 733 ἤδη.
1688 663 1775 713 ἐν·

200 753 375 811 iuno
414 758 541 827 περὶ
567 756 759 822 κήδους
796 755 981 809 λοιπὸν
1007 755 1097 809 τὸν
1128 755 1351 826 βασιλέα
1390 754 1477 827 [Ρ.
1510 752 1634 823 158]
1667 769 1776 803 παι

202 847 576 919 ραιτούμενος.
633 845 780 899 Μίαν
803 844 984 898 τοίνυν
1026 846 1134 898 τῶν
1166 844 1260 898 τοῦ
1319 841 1771 913 πρωτοσεὸαστοῦ

197 940 582 1009 ἁρμοσάμενος
621 937 939 1007 θυγατέρων
960 937 1225 1006 ὀμώμοκε
1244 936 1433 989 λοιπὸν
1464 935 1558 988 καὶ
1586 933 1772 995 αὐτὸς,

197 1034 292 1086 ὅσα
318 1031 414 1086 καὶ
443 1030 761 1092 Βαλδουῖνος
781 1030 808 1081 ό
841 1029 1071 1097 ἁδελφὸς
1094 1028 1260 1081 αὐτοῦ
1294 1028 1578 1097 πρότερον.
1610 1025 1775 1077 Βασι-

198 1122 320 1184 λεὺς
341 1122 420 1183 δὲ,
454 1119 644 1187 ἐπειδὴ
701 1119 930 1190 μηδέπω
958 1119 1026 1172 τὰ
1050 1120 1184 1190 πρδς
1244 1118 1344 1190 τὴν
1407 1116 1561 1187 παρὰ
1611 1116 1777 1178 πόδας

199 1209 634 1279 ἐξαρτυσὰμενος
689 1207 846 1277 ἔτυχε
886 1208 1068 1278 μάχην
1098 1223 1115 1238 ο
1146 1207 1331 1270 δείσας
1365 1208 1496 1276 περὶ
1526 1208 1592 1276 τῇ
1624 1205 1777 1258 πόλει

202 1301 425 1372 Ζεύγμῃ
460 1300 537 1368 ('5)
579 1297 675 1351 ἐπὶ
740 1300 988 1351 πλεῖστον
1024 1299 1125 1371 ἤδη
1178 1299 1314 1370 πρὸς
1369 1296 1463 1350 τοῦ
1499 1296 1775 1365 Στεφάνου

203 1392 666 1465 πυργηρουμένῃ.
706 1389 815 1460 πρὸ
854 1391 947 1443 τοῦ
979 1391 1071 1444 τὸν
1093 1391 1234 1462 ὑπὲρ
1248 1391 1357 1444 τῶν
1387 1390 1523 1444 ὅλων
1545 1388 1777 1459 ἐκρῆξαι

203 1486 460 1556 πόλεμον,
529 1486 845 1558 στράτευμα
892 1485 1052 1551 λόγου
1111 1484 1262 1549 ἄξιον
1328 1483 1593 1553 βοηθῆσον
1637 1484 1775 1553 αὐτῇ

204 1574 450 1627 ἔστελλεν
520 1573 624 1626 ύπδ
660 1574 987 1644 στρατηγοῖς
1031 1572 1253 1643 Μιχαήλ
1280 1590 1338 1626 τε
1362 1572 1440 1642 τῷ
1470 1573 1656 1643 Γαὸρᾷ
1683 1573 1778 1625 καὶ

203 1663 276 1735 τῷ
299 1665 573 1735 Βρυεννίῳ
610 1664 829 1735 Ἰωσὴφ,
866 1664 959 1733 ὑφ’
998 1663 1096 1726 οὓς
1124 1664 1343 1717 ἐτέλουν
1374 1664 1525 1717 ἄλλοι
1576 1680 1639 1716 τε
1669 1663 1778 1715 τῶν

204 1756 260 1809 ἐν
308 1755 603 1827 Ῥωμαίοις
654 1754 1129 1825 ἐπιφανεστέρων,
1169 1756 1265 1807 καὶ
1310 1755 1563 1823 Ἰωάννης
1590 1754 1648 1806 ὃν
1673 1754 1776 1821 ἄγ-

1881 571 2035 634 vidit,
2065 568 2303 638 perstitit
2330 566 2400 620 de
2452 564 2711 618 allinitate
2764 562 3152 630 imperatorem
3212 572 3403 627 rogare
3440 573 3453 609 :

1861 648 2176 727 letacrepta
2230 659 2283 711 in
2338 655 2744 709 matrimonium
2783 667 2888 706 una
2924 653 3158 704 ﬁliarum
3215 659 3459 718 protosc-

1879 751 2039 816 basti,
2088 750 2280 803 eadem
2334 763 2456 817 quas
2511 755 2670 799 antea
2714 744 2833 811 ejus
2895 742 3064 795 frater
3122 740 3454 796 Balduinus.

1878 853 2068 913 pactus
2089 850 2192 897 est.
2229 841 2529 911 Imperator
2569 840 2730 892 rebus
2758 834 3011 889 onmihus
3049 832 3284 888 nondum
3321 831 3458 885 satis

1878 935 1944 987 ad
2002 948 2243 1001 praesens
2297 931 2497 985 bellum
2554 926 2851 997 apparatis,
2903 933 3149 979 metuens
3207 922 3459 992 Zeugma:

1880 1024 2022 1089 urbi,
2051 1038 2210 1092 quam
2249 1022 2560 1092 Stephanus
2591 1010 2905 1073 arctissima
2936 1016 3218 1072 obsidione
3240 1028 3455 1084 preme-

1878 1124 1991 1189 bat,
2026 1122 2342 1193 priusquam
2370 1118 2439 1175 de
2464 1133 2673 1175 summa
2706 1130 2890 1172 rerum
2921 1114 3119 1170 bellum
3168 1114 3460 1184 arriperet,

1882 1218 2104 1272 idoneas
2142 1214 2349 1283 aliquot
2394 1213 2582 1281 copias
2610 1211 2664 1265 in
2699 1210 2964 1264 auxilium
2994 1224 3058 1264 eo
3098 1207 3275 1270 misit,
3311 1205 3464 1261 duci-

1880 1308 1983 1363 bus
2017 1304 2282 1361 blichaele
2313 1302 2491 1359 Gabra
2526 1312 2581 1356 et
2606 1302 2842 1371 Josepho
2873 1299 3166 1371 Bryenuio,
3205 1298 3313 1353 sub
3345 1298 3467 1368 qui-

1882 1402 1982 1456 bns
2013 1399 2323 1455 militabant
2357 1407 2469 1450 tum
2507 1395 2597 1449 alii
2628 1395 2772 1449 inter
2812 1392 3088 1447 Romanos
3120 1390 3465 1450 illustriores,

1883 1503 1994 1546 tum
2050 1490 2292 1544 Joannes
2354 1496 2718 1559 cognomento
2771 1482 3049 1551 Angelus,
3103 1481 3189 1534 vir
3258 1479 3467 1535 militiae

1880 1580 2264 1651 peritissimus,
2285 1590 2339 1633 et
2365 1577 2605 1632 Joannes
2628 1574 2759 1637 lses,
2783 1572 3004 1627 natione
3027 1570 3244 1639 quidem
3272 1567 3464 1630 Persa,

1882 1685 2140 1730 caeterum
2212 1671 2356 1726 inter
2428 1668 2705 1725 Romanos
2768 1664 3009 1720 nutritus
3069 1671 3124 1718 et
3178 1662 3465 1717 educatus.

1883 1766 2127 1834 Cumque
2156 1762 2451 1834 plurimum
2478 1758 2599 1815 urbi
2625 1757 2887 1814 auxilium
2914 1756 3056 1811 ferre
3082 1753 3279 1817 vellet,
3305 1768 3468 1808 naves

206 1847 360 1915 γελον
393 1826 719 1911 ἐπεκάλουν,
756 1847 896 1918 ἀνὴρ
946 1846 1446 1917 ἐμπειροπόλεμος,
1472 1847 1566 1898 καὶ
1598 1845 1782 1898 Ἰωάν-

1898 1855 2191 1925 :omplures
2216 1853 2482 1907 militibus
2528 1850 2796 1918 rebusque
2824 1847 2946 1901 aliis
2980 1843 3307 1899 necessariis
3337 1858 3470 1897 onc-

207 1942 351 2010 νηςό
412 1940 575 2009 ἰσὴς,
632 1940 849 2011 Πέρσης
908 1940 1007 2010 μὲν
1034 1940 1093 1991 τὸ
1130 1940 1287 2008 γένος
1346 1939 1552 2007 τροφῆς
1592 1938 1646 1991 δὲ
1687 1939 1781 1993 καὶ

207 2033 418 2103 διαίτης
441 2033 788 2104 ξμεταλαχὼν
830 2034 1169 2104 Ῥωμαῖκῆς.
1216 2034 1342 2087 Ἐπὶ
1386 2034 1547 2086 πλέον
1578 2050 1640 2100 γε
1675 2033 1783 2103 μὴν

207 2126 268 2193 τῇ
302 2124 456 2176 πόλει
508 2124 820 2194 ἐπαρκέσαι
877 2125 1158 2195 βουληθεὶς
1195 2125 1327 2187 ναῦς
1350 2126 1481 2179 ὡσεὶ
1521 2126 1784 2189 πλείστας

210 2219 557 2287 στρατιωτῶν
583 2235 643 2273 τε
672 2219 768 2272 καὶ
828 2220 938 2272 τῶν
981 2220 1307 2288 ἐπιτηδείων
1357 2220 1783 2289 ἐμπλησάμενος

208 2308 423 2362 ἐκέλευε
444 2310 535 2363 τὸν
601 2312 816 2381 Ἴστρον
849 2312 1276 2382 παραπλεούσας
1302 2316 1412 2375 τοῖς
1439 2313 1613 2367 ἔνδοθι
1640 2331 1785 2385 παρ-

209 2400 355 2469 έχειν
389 2399 501 2455 τῶν
531 2401 873 2469 ἀναγκαίων,
898 2402 1004 2466 ἕως
1034 2403 1197 2466 αὐτὸς
1218 2406 1527 2474 πανστρατὶ
1561 2407 1653 2459 ἐπὶ
1683 2407 1785 2477 τὴν

211 2492 477 2564 Ούννικὴν
526 2493 810 2563 ἀφίκηται.
864 2490 1058 2547 Ούννοι
1086 2496 1167 2558 δὲ,
1202 2497 1392 2567 ἐπειδὴ
1450 2497 1618 2550 πολύν
1663 2516 1787 2551 τινα

211 2584 399 2653 χρόνον
435 2585 579 2653 ἀμφὶ
608 2584 681 2655 τῷ
712 2586 986 2657 περιϐόλῳ
1042 2587 1485 2658 ἐνδιατρίψαντες
1526 2590 1786 2652 πολλάκις

211 2686 268 2722 τε
298 2671 473 2725 αὐτοῦ
492 2674 1005 2744 ἁποπειρασάμενοι
1041 2677 1290 2744 ἐγνωσαν
1319 2677 1634 2745 ἀνεφίκτοις
1667 2682 1789 2733 ἐπιδ

214 2766 415 2834 χειρεῖν
445 2764 519 2835 (αί
545 2766 651 2835 γάρ
690 2767 1000 2835 Ῥωμαϊκαὶ
1061 2770 1189 2838 νῆες
1239 2770 1332 2823 ἐπὶ
1375 2770 1472 2841 τὴν
1524 2772 1789 2841 ἐχομένην

216 2856 462 2927 ποταμοῦ
504 2858 720 2929 Ἴστρου
752 2860 995 2928 πλευράν
1025 2862 1397 2932 όρμιζόμεναι
1423 2865 1636 2934 μεγάλα
1679 2866 1792 2926 τοῖς

216 2950 360 3004 Ενδον
413 2952 707 3021 Ῥωμαίοις
738 2953 1148 3018 συνεόἀλλοντο,
1193 2956 1328 3027 πρὸς
1362 2957 1418 3009 δὲ
1452 2957 1551 3009 καὶ
1584 2957 1709 3019 τοὺς
1733 2959 1792 3009 ἐν

216 3044 436 3113 πολέμῳ
468 3044 817 3113 τραυματίας
870 3047 1275 3116 γεγενημένους
1313 3048 1793 3117 ἀπολαμϐάνουσαι

1887 1960 2031 2004 ratas
2062 1961 2320 2018 superare
2345 1945 2543 1999 Istrum
2575 1951 2628 1997 et
2656 1939 2893 1995 obsessis
2922 1947 3286 1995 commeatum
3329 1950 3470 2005 pra:-

1884 2042 2014 2096 bere
2051 2040 2236 2110 jussit,
2273 2036 2445 2090 donec
2495 2032 2612 2102 ipse
2644 2046 2767 2085 cum
2815 2029 3075 2085 universo
3127 2026 3368 2082 exercitu
3415 2024 3469 2077 in

1884 2130 2216 2200 llungariam
2266 2124 2642 2182 descenderet.
2697 2120 2941 2191 llungari
2994 2134 3150 2183 vero,
3194 2132 3317 2173 cum
3377 2118 3470 2169 diu

1893 2226 2040 2281 circa
2076 2222 2228 2277 urbis
2266 2217 2464 2274 omnia
2504 2216 2701 2271 morati
2755 2229 2818 2271 ea
2867 2212 3062 2282 saapius
3112 2208 3471 2279 nequidquam

1888 2322 2219 2376 tentasseut,
2272 2325 2389 2366 rem
2439 2322 2602 2378 supra
2655 2307 2800 2362 vires
2857 2303 3079 2374 aggredi
3130 2306 3471 2357 statuerunt.

1886 2408 2092 2466 Classis
2107 2404 2251 2461 enim
2272 2404 2520 2458 Romana
2550 2399 2604 2455 in
2632 2398 2863 2453 alterum
2880 2395 3029 2450 ﬂuvii
3058 2393 3199 2447 latus
3224 2391 3472 2452 advecta,

1892 2514 2002 2558 tmn
2044 2510 2099 2555 et
2144 2511 2336 2568 magna
2370 2492 2656 2557 Romanis,
2685 2489 2776 2561 qui
2816 2490 2871 2543 in
2920 2487 3057 2542 urbe
3105 2492 3284 2545 erant,
3316 2496 3472 2536 com-

1891 2595 2045 2649 moda
2084 2587 2397 2660 prmSIabat,
2460 2594 2571 2638 tum
2614 2581 2782 2637 etiam
2823 2581 2891 2635 iis
2925 2579 3016 2651 qui
3063 2578 3203 2632 inter
3232 2588 3480 2644 pugnan-

1890 2687 2015 2739 dum
2049 2682 2272 2736 vulnera
2316 2686 2649 2746 exceperant
2684 2672 2947 2742 receptis,
2998 2669 3132 2723 alios
3162 2665 3483 2735 corporibus

1891 2780 2128 2847 integros
2158 2771 2323 2843 239
2357 2770 2410 2823 in
2439 2782 2628 2822 eorum
2661 2766 2838 2819 locum
2875 2759 3266 2818 substitnebat.
3304 2756 3478 2812 Navi-

1893 2870 1997 2940 giis
2026 2868 2188 2936 igitur
2237 2873 2293 2919 et
2343 2861 2446 2932 ipsi
2498 2858 2777 2918 collectis,
2816 2856 3134 2926 priusquam
3193 2850 3383 2906 Gabrae
3427 2857 3484 2903 et

1893 2939 2152 3031 Bryennii
2188 2957 2242 3009 in
2270 2951 2601 3022 llungariam
2650 2948 3000 3003 advenissent
3043 2942 3213 3010 c0pia:
3242 2955 3348 3009 per
3382 2939 3484 2993 llu~

1894 3066 2021 3105 men
2052 3049 2104 3103 in
2142 3048 2415 3102 Romanas
2448 3057 2613 3097 naves
2639 3038 2804 3094 delati
2837 3044 2988 3100 sunt,
3016 3043 3078 3089 ut
3108 3046 3201 3087 eas
3232 3031 3483 3085 submer-

225 3133 440 3205 ἐτέρους
471 3135 792 3205 ἀκραιφνεῖς
816 3139 929 3200 τοῖς
980 3136 1230 3207 σώμασιν
1266 3140 1658 3210 ὰντιπαρεῖχον
1696 3141 1792 3193 αύ-

1899 3148 2089 3214 gerent
2129 3153 2231 3193 nec
2278 3135 2449 3190 multo
2478 3149 2601 3187 eum
2648 3131 2834 3185 labore
2868 3130 3052 3183 hostes
3084 3123 3271 3193 praelia
3298 3120 3483 3175 devin‘

220 3229 378 3292 τοῖς).
432 3228 569 3298 νῆας
598 3229 695 3282 καὶ
725 3230 880 3283 αὐτοὶ
926 3230 1334 3300 συλλεξάμενοι,
1374 3232 1541 3301 μήπω
1572 3232 1668 3284 τοῦ
1694 3233 1793 3286 σὺν

217 3317 292 3387 τῷ
343 3319 383 3371 Γ
385 3318 531 3390 αϐρᾷ
562 3320 656 3374 καὶ
693 3319 770 3390 τῷ
810 3321 1083 3392 Βρυεννίῳ
1136 3324 1549 3394 στρατεύματος
1583 3326 1782 3393 ἀφικο-

223 3410 387 3477 μένου
427 3413 520 3463 ἐπὶ
575 3412 982 3482 Ούννικὴν,διὰ
1035 3414 1129 3467 τοῦ
1193 3415 1441 3484 ποταμοῦ
1493 3419 1631 3470 κατᾶ
1685 3417 1796 3469 τῶν

228 3500 554 3571 Ῥωμαϊκῶν
588 3504 850 3573 ἐφέροντο
876 3505 951 3568 ὡς
984 3506 1381 3571 καταδύσοντές
1409 3524 1467 3560 τε
1501 3509 1671 3570 αὑτὰς
1697 3510 1794 3562 καὶ

221 3595 371 3665 μάχῃ
399 3594 460 3645 ού
503 3596 599 3648 σὺν
647 3596 797 3667 πόνῳ
843 3599 1357 3669 περιγενησὸμενοι,
1384 3602 1430 3651 εί
1475 3603 1569 3654 καὶ
1596 3601 1797 3671 ταύτης

217 3689 317 3754 τῆς
347 3686 548 3757 πείρας
575 3689 869 3760 ἠλέγχοντο
891 3692 1158 3763 δεύτεροι.
1213 3695 1277 3747 Al
1300 3694 1414 3764 γὰρ
1446 3695 1627 3747 αὐτῶν
1648 3698 1795 3765 νῆες,

220 3775 314 3833 ﬁt:
346 3778 551 3846 ἥκιστα
581 3779 678 3833 τοῦ
714 3784 1119 3851 ναυπηγεῖσθαι
1149 3783 1341 3849 δεξιῶς
1370 3787 1426 3846 ἐς
1443 3785 1800 3855 ἀσύμμετρόν

219 3885 271 3921 τι
304 3869 707 3939 διατεινόμεναι
742 3872 924 3943 εὖρος,
956 3874 1025 3927 τὰ
1057 3875 1351 3948 δευτεραῖα
1390 3877 1483 3929 ἐπὶ
1537 3879 1802 3948 ταχύτητι

221 3962 541 4060 κομίζονται
595 3965 705 4019 τῶν
756 3966 1103 4034 Ῥωμαϊκῶν.
1160 3970 1372 4040 ᾝεσαν
1425 3970 1524 4039 μὲν
1568 3971 1678 4041 γὰρ
1715 3972 1805 4025 διὰ

219 4054 315 4104 τοῦ
372 4054 622 4123 ποταμοῦ
656 4094 673 4121 ,
763 4056 1031 4125 Ῥωμαῖοι
1080 4058 1138 4112 δὲ
1192 4059 1561 4129 παρατάξεως
1615 4063 1805 4131 σχῆμα

223 4144 588 4214 ποιησάμενοι
639 4147 783 4200 κατά
845 4149 1009 4218 μέσον
1059 4148 1544 4219 ἀπολαμϐάνουσιν
1604 4151 1808 4216 αὐτοὺς

226 4234 401 4301 συχνά
422 4251 481 4287 τε
502 4238 637 4300 ⁶τοῖς
690 4237 1027 4306 τοξεύμασιν
1057 4238 1309 4304 ἔϐαλλον,
1346 4239 1433 4309 ἐφ’
1459 4235 1540 4305 οἷς
1568 4242 1806 4314 ἀπειρη-

225 4325 381 4388 κότες
414 4328 613 4417 ἐκεῖνοι
640 4329 899 4399 πρύμναν
927 4331 1283 4399 ἐκρούσαντο.
1313 4331 1380 4383 Δί
1414 4329 1515 4399 μὲν
1542 4330 1636 4385 οὖν
1649 4331 1809 4387 ἄλλαι

225 4420 351 4490 νῆες
413 4423 596 4499 αὐτῶν
653 4422 859 4494 Θατέρᾳ
889 4422 985 4476 τοῦ
1021 4424 1270 4495 ποταμοῦ
1328 4424 1641 4479 πελάσασαι
1673 4426 1809 4499 ὄχθῃ

1902 3243 2126 3291 cerent:
2157 3231 2258 3287 etsi
2294 3229 2383 3284 hic
2432 3234 2660 3281 conatus
2688 3224 2872 3278 minus
2901 3233 3161 3291 prospere
3194 3218 3261 3273 iis
3294 3214 3481 3270 cessit.

1901 3328 2102 3382 Eorum
2145 3322 2344 3393 quippe
2399 3331 2563 3373 naves
2614 3316 2797 3371 minus
2845 3322 2967 3383 apte
3014 3309 3289 3365 fabricatae
3333 3316 3385 3361 et
3432 3304 3484 3358 in

1903 3420 2245 3480 immodicam
2290 3423 2529 3470 extensa:
2572 3408 2912 3465 latitudinem
2949 3403 3237 3460 velocitate
3282 3397 3483 3453 Roma-

1906 3528 2098 3572 norum
2147 3507 2563 3579 superabantur.
2615 3504 2680 3555 Et
2722 3501 2836 3571 jam
2886 3499 2941 3553 in
3001 3496 3198 3549 ﬂumen
3245 3492 3493 3546 deductas

1906 3613 2082 3669 erant,
2113 3616 2234 3657 cum
2253 3596 2485 3653 Romani
2518 3590 2899 3650 navibus‘suis
2940 3588 2993 3641 in
3027 3585 3196 3640 aciem
3224 3579 3491 3637 ordinatis

1908 3699 2031 3752 illas
2101 3692 2383 3764 excipiunt
2470 3686 2791 3754 crebrisque
2852 3677 3276 3750 iaculationibus
3346 3671 3489 3726 infe-

1908 3796 2053 3843 stant
2090 3801 2105 3839 :
2160 3781 2359 3853 quibus
2386 3779 2461 3833 illi
2493 3773 2699 3845 fatigati
2744 3785 2909 3826 naves
2953 3769 3261 3824 inhibuere.
3295 3763 3492 3817 Earum

1909 3892 2038 3950 pars
2093 3874 2252 3931 alteri
2300 3869 2524 3943 appulsa
2573 3865 2741 3922 littori
2796 3862 3091 3919 discrimen
3141 3856 3339 3922 evasit,
3388 3869 3492 3907 una

1908 3983 2041 4024 vero
2067 3968 2266 4023 ducum
2298 3960 2619 4016 militarium
2655 3956 2815 4028 plena
2845 3955 2899 4009 in
2927 3952 3296 4006 Romanorum
3338 3953 3493 4015 pote-

1912 4072 2109 4117 statem
2141 4058 2313 4121 venit,
2347 4066 2578 4122 arteque
2611 4049 2860 4106 conlecto
2897 4046 3026 4114 igne
3071 4043 3357 4122 absumpta
3389 4046 3493 4091 est.

1914 4150 2150 4223 llungari
2204 4150 2423 4216 itaque,
2465 4121 2747 4213 postquam
2798 4147 2854 4193 et
2907 4137 2996 4190 hic
3045 4121 3495 4188 irritus'eonatus

1914 4244 2037 4306 fuit,
2059 4239 2209 4297 aliud
2239 4246 2366 4293 sunt
2387 4235 2582 4292 moliti.
2604 4230 2906 4288 Nonnullos
2925 4226 3070 4283 enim
3095 4238 3160 4280 ex
3190 4237 3287 4279 sua
3315 4228 3501 4291 gente,

1919 4335 2015 4404 qui
2049 4332 2329 4402 Stephano
2376 4326 2801 4383 famulabantur.
2836 4316 3082 4390 pecuniis
3124 4320 3502 4380 corrumpunt,

1919 4403 2092 4496 iisque
2142 4420 2472 4493 persuadent
2517 4427 2577 4471 ut
2629 4414 2918 4485 propinato
2967 4422 3178 4464 veneno
3225 4403 3505 4460 hominem.

228 4514 318 4566 τὶν
348 4497 589 4570 κίνδυνον
640 4516 863 4583 ἔφυγον,
920 4516 1020 4585 μία
1051 4515 1109 4569 δέ
1158 4516 1341 4571 αὐτῶν
1393 4517 1609 4588 ἀνδρῶν
1663 4496 1792 4572 πλέα

1914 4524 2197 4573 necarent.
2234 4511 2315 4567 Ita
2342 4521 2398 4565 et
2426 4510 2556 4564 urbs
2600 4516 2762 4576 capta
2805 4511 2975 4559 estet
3024 4510 3195 4556 totum
3245 4496 3499 4552 Sirmium

226 4607 338 4658 τῶν
400 4607 532 4677 παρ’
585 4608 769 4671 αὐτοῖς
823 4609 1282 4679 στρατηγούντων
1311 4610 1629 4681 ὑποχείριος
1673 4610 1792 4664 Ῥω‹

1908 4612 1964 4665 in
2003 4608 2096 4677 jus
2136 4606 2285 4661 venit
2319 4601 2724 4672 Hungarorum.
2776 4598 2844 4649 At
2886 4593 2977 4664 qui
3026 4592 3078 4646 in
3131 4590 3354 4665 civitate
3404 4602 3509 4655 pro

236 4698 418 4764 μαίοις
469 4700 689 4766 ἐγένετο
745 4701 1033 4772 σκευαστῷ
1096 4703 1233 4773 πυρὶ
1286 4703 1363 4773 (4)
1425 4701 1790 4773 καταπλήξασ

1911 4700 2187 4767 Stephano
2251 4697 2505 4756 stabant,
2555 4688 2788 4767 Romani
2847 4687 3069 4758 perinde
3117 4699 3184 4740 ac
3232 4681 3509 4751 llungari,

232 4790 457 4860 ταύτην.
483 4791 673 4844 Οῢννοι
705 4792 907 4858 τοίνυν,
965 4793 1157 4864 ἐπειδὴ
1205 4795 1300 4848 καὶ
1332 4795 1537 4863 ταύτης
1568 4794 1792 4861 ἀπετύγ-

1912 4791 2214 4849 incolumes
2245 4796 2302 4842 et
2340 4785 2494 4840 illaesi
2526 4795 2796 4847 mansere,
2824 4788 3013 4848 utpote
3047 4777 3141 4847 qui
3176 4776 3263 4831 his
3304 4772 3500 4829 condio

232 4896 397 4948 χανον
431 4883 529 4950 τῆς
585 4884 807 4952 πείρας,
838 4885 923 4953 ἐφ’
954 4884 1151 4956 ἐτέρας
1193 4885 1520 4956 ἐτράποντο.
1551 4886 1672 4937 Τῶν
1703 4885 1814 4954 γὰρ

234 4971 313 5038 τῷ
338 4972 596 5042 Στεφάνῳ
614 4973 1140 5044 διυπηρετουμένων
1199 4975 1420 5029 Οὓννων
1450 4976 1702 5047 χρήμασί
1732 4993 1811 5028 τι-

238 5082 334 5126 νας
365 5065 795 5135 ύποκλέψαντες,
822 5068 1151 5139 δηλητήριον
1181 5067 1257 5138 (5)
1304 5068 1383 5138 τῷ
1421 5069 1696 5140 ἀνθρώπῳ
1730 5086 1823 5122 κε-

241 5152 404 5221 ράσαι
451 5155 772 5210 ἀνέπεισαν.
828 5157 1145 5209 Κάντεῦθεν
1175 5157 1208 5225 ἦ
1234 5173 1295 5210 τε
1321 5157 1477 5221 πόλις
1539 5157 1685 5209 ἐάλω
1724 5158 1821 5209 καὶ

239 5243 466 5315 Σίρμιον
486 5246 634 5300 ἆπαν
673 5246 777 5301 ὑπὸ
812 5247 1046 5311 Οΰννους
1074 5248 1231 5312 αὖθις
1277 5249 1516 5316 ἐγένετο.
1544 5249 1608 5301 Οί
1635 5248 1820 5318 μέντοι

243 5334 391 5392 ἔνδον
426 5339 688 5411 Ῥωμαῖοί
718 5358 779 5394 τε
808 5343 902 5394 καὶ
926 5341 1142 5405 Οὒννοι,
1176 5342 1294 5395 ὅσοι
1328 5342 1426 5395 σὺν
1455 5342 1532 5413 τῷ
1561 5342 1821 5410 Στεφάνῳ

1924 4886 2167 4940 tionibus
2200 4881 2392 4936 urbem
2424 4877 2782 4933 tradiderant.
2811 4871 3071 4941 Stephani
3096 4884 3229 4925 vero
3250 4863 3505 4924 cadaveri

1926 4976 2214 5033 illudentes
2270 4969 2511 5040 Hungari
2585 4968 2821 5035 primum
2881 4962 3101 5032 quidem
3160 4959 3287 5015 illud
3344 4954 3516 5012 nullis.

1925 5068 2098 5124 sacris
2143 5062 2418 5135 prosecuti
2474 5066 2600 5114 sunt
2634 5054 2952 5119 honoribus,
2998 5067 3174 5121 neque
3218 5049 3344 5104 aliis
3385 5061 3505 5115 qua:

1926 5160 2157 5215 mortuis
2210 5154 2374 5226 25.0
2421 5152 2729 5215 debentur,
2776 5145 3002 5202 oﬂieiis:
3044 5143 3139 5198 sed
3201 5139 3506 5209 expositum

1927 5224 2338 5320 projectumque
2390 5252 2516 5297 ante
2559 5239 2707 5295 urbis
2747 5245 2933 5308 portas
2986 5235 3328 5288 inhumatum
3376 5224 3507 5279 reli-

1930 5314 2190 5410 querunt,
2217 5314 2394 5392 donec
2418 5334 2553 5403 ipsis
2582 5340 2789 5386 naturae
2812 5325 3093 5383 aﬂectibus
3115 5318 3345 5392 permoti
3378 5314 3506 5369 illud

1604 5461 1697 5517 Du
1734 5456 1955 5535 Cangii
1990 5461 2181 5518 nota).

321 5581 398 5649 (5)
435 5586 691 5651 Ζεύγμῃ.
738 5583 804 5639 ν.
832 5581 1003 5639 Nicet.
1026 5584 1063 5639 1.
1090 5599 1162 5647 ιν,
1194 5603 1247 5637 ιι.
1275 5585 1328 5638 ’5.

324 5652 409 5733 (47),
425 5651 755 5733 gregna-att?)
785 5653 949 5733 ςὶυρί.
1006 5652 1127 5733 lgni
1162 5656 1372 5733 Graeco,
1394 5655 1486 5733 _qui
1522 5655 1721 5733 nostris
1742 5652 1823 5722 [eu

250 5724 506 5848 ξἰιῖξίὶεε
528 5725 749 5849 ἓίοἰιαιῂ
787 5723 1224 5795 Ἐσκευασμένον
1252 5726 1361 5793 πῦρ
1393 5724 1555 5779 Leoni
1591 5726 1643 5778 in
1666 5724 1821 5778 Tact.

286 5832 300 5845 .
443 5810 495 5848 ιι.
560 5834 586 5847 ν.

2011 5581 2088 5651 (5)
2122 5580 2539 5651 Anlmqptor._
2586 5573 2825 5651 Veneno
2871 5564 3137 5651 interiisse
3171 5559 3504 5651 Stephantth

1937 5629 2439 5705 sedivdremws'cribit
2468 5644 2633 5699 etiam
2676 5639 2917 5698 Nicetas,
2942 5630 3298 5705 Thwroesius
3325 5629 3377 5705 in
3408 5639 3508 5705 op-

1939 5694 2727 5787 ᾖῖἆζῖῖὲἱξιιὲἆὸῑίίίεὲξὶέάιιίι
2759 5710 2824 5762 Α.
2857 5694 3007 5762 Dom.
3044 5701 3184 5757 ma
3218 5701 3293 5755 ld.
3329 5694 3503 5762 April.

1943 5784 2041 5845 l‘er.
2074 5790 2107 5843 5
2136 5798 2188 5842 et
2218 5786 2365 5841 Alba:
2394 5784 2681 5853 sepnl.um.
