4014 6402
484 376 596 447 603

1776 383 2019 445 JOANN
2029 384 2098 445 IS
2136 383 2457 445 CINNAMI

3634 381 3737 446 6ft

476 494 696 551 tandem
733 494 786 550 in
824 494 1089 565 Stephani
1147 493 1571 566 protomartyris
1628 493 1861 550 intulere
1914 507 2057 551 tem-

2173 497 2470 561 ἐτάττοντο,
2500 498 2705 561 ἀσινεῖς
2730 498 3055 566 διεγένοντο,
3096 498 3193 553 ἆτε
3221 496 3487 568 ὁμολογία
3513 497 3739 572 τοιαύτῃ

474 587 645 655 plum,
668 586 850 656 ibique
878 587 1041 641 humo
1077 586 1424 641 mandavere.

2159 591 2257 658 τὴν
2285 592 2437 644 πόλιν
2461 592 2702 655 ἐνδόντες
2744 594 2949 657 αύτοϊς.
2990 589 3183 646 Οὗννοι
3208 593 3265 646 δὲ
3295 593 3371 662 τῷ
3401 592 3494 645 τοῦ
3529 593 3738 661 Iaspi-

473 688 566 731 νου
601 677 977 750 ἐνυϐρίζοντες
1022 677 1205 749 νεκρῷ
1248 676 1311 732 τὺ
1381 676 1482 749 μὲν
1515 676 1734 747 πρῶτον
1784 675 1911 730 οὔτε
1970 677 2126 743 ὁσίας
2166 681 2479 750 μετέδωκαν
2540 682 2670 737 οὔτε
2720 684 2867 749 τινὸς
2936 685 3097 739 ἄλλου
3150 684 3267 737 τῶν
3328 686 3420 737 ἐπὶ
3469 683 3734 736 τεθνεῶτι

472 774 563 846 [Ρ.
597 773 721 847 159]
738 774 992 844 ’νομίμων
1033 772 1314 842 ἠξίωσανρ
1345 776 1453 843 πρὸ
1487 773 1547 828 δὲ
1579 773 1687 827 τῶν
1725 772 1829 842 τῆς
1888 772 2100 838 πόλεως
2139 775 2359 828 ἐκθετον
2384 779 2743 849 ποιησάμενοι
2781 779 2987 843 πυλῶν,
3013 775 3220 849 ἄταφον
3239 780 3425 847 μένειν
3443 777 3739 832 ἐδικαίουν.

484 865 615 934 Ὀψέ
643 864 688 918 δ’
710 863 802 918 οὖν
838 864 944 944 ὑπὸ
987 864 1086 934 τῆς
1143 862 1360 933 φύσεως
1393 862 1847 935 παρακληθέντες
1873 864 1932 926 ἐς
1959 863 2050 917 τὸν
2090 866 2361 938 Στεφάνου
2398 867 2492 923 τοῦ
2520 869 2991 944 πρωτομάρτυρος
3052 871 3248 940 ἀγουσι
3316 870 3476 934 νεὼν,
3505 869 3636 924 ἔνθα
3666 868 3744 939 τῷ

473 958 691 1028 χώματι
712 939 904 1008 τοῦτον
934 954 1163 1007 ἔδωκαν.

544 1050 634 1106 14,
693 1049 988 1117 Postquam
1048 1050 1163 1104 hzec
1215 1049 1425 1119 accepit
1488 1049 1766 1119 princeps,
1821 1049 2061 1120 Augusta

476 1146 603 1199 licet
633 1142 867 1213 graviori
913 1141 1104 1198 morbo
1138 1141 1205 1197 iis
1245 1141 1441 1197 diebus
1484 1142 1908 1207 conﬂictaretur,
1947 1144 2063 1211 ipse

475 1234 664 1289 divino
692 1233 952 1304 quodam,
996 1233 1074 1287 uti
1111 1233 1339 1296 solebat,
1379 1247 1643 1288 accensus
1666 1232 1884 1300 ardore,
1914 1243 2061 1288 totus

477 1328 532 1379 in
566 1327 763 1381 bellum
794 1327 1065 1384 incubuit.
1100 1325 1385 1381 Sardicam
1421 1340 1550 1396 ergo
1575 1339 1701 1380 cum
1726 1328 2063 1395 pervenisset

476 1414 781 1485 Illyriorum
831 1414 1195 1484 metropolim,
1242 1415 1427 1483 copias
1482 1414 1553 1468 ibi
1587 1415 1884 1471 contrahit.
1934 1414 2063 1471 Inde

475 1500 638 1554 Iunio
680 1515 867 1555 mense
907 1510 1104 1555 exacto
1135 1500 1299 1556 motis
1338 1501 1533 1557 castris
1572 1501 1639 1555 ad
1691 1500 1886 1555 Istrum
1930 1516 2060 1555 con-

480 1593 697 1647 tendit:
727 1607 958 1661 cumque
987 1593 1137 1647 illum
1187 1593 1515 1665 traiecturus
1553 1602 1723 1659 esset,
1760 1594 1812 1647 id
1845 1594 2061 1662 putissi-

479 1698 629 1738 uzum
681 1683 1154 1740 comminiscitur:
1208 1694 1451 1756 quoquot
1503 1696 1662 1739 erant
1712 1687 1764 1739 in
1820 1686 2062 1741 exercitu

480 1775 676 1843 potiori
723 1784 998 1830 armatura
1045 1784 1139 1831 aut
1186 1779 1383 1832 robore
1427 1777 1738 1844 couSpicni,
1769 1792 1799 1830 e
1844 1780 2062 1847 regione

477 1867 696 1921 Chrami
729 1865 1017 1935 Hungaria:
1046 1868 1227 1937 oppidi
1260 1867 1577 1934 collocavit,
1610 1883 1674 1923 eo
1712 1867 1815 1923 loci
1857 1881 2066 1923 extem-

480 1957 570 2027 plo
603 1958 1051 2012 transmissurum
1083 1972 1143 2014 se
1190 1958 1392 2013 Istrum
1446 1958 1711 2014 simulans
1752 1975 1766 2011 :
1801 1974 1921 2012 cum
1965 1974 2063 2013 au-

491 2059 601 2103 tem
644 2050 848 2105 videret
887 2052 1114 2104 adversa
1152 2051 1518 2105 consistentes
1542 2052 1657 2120 ripa
1690 2051 2065 2120 Ilnngarorum

480 2142 691 2210 cepias,
722 2144 787 2196 ad
829 2142 1123 2211 Belegrada
1160 2157 1517 2213 progressus,
1566 2144 1654 2198 ubi
1697 2144 1897 2206 illuxit,
1942 2158 2073 2197 cou-

480 2232 662 2286 festim
690 2233 813 2287 inde
836 2234 1093 2290 excessit.
1124 2232 1201 2289 Ita
1234 2234 1474 2289 hostium
1507 2235 1618 2290 illic
1650 2236 1795 2291 vires
1824 2237 2052 2291 distrahi

480 2339 551 2378 ac
608 2324 788 2379 divelli
851 2326 1100 2397 contigit,
1159 2326 1287 2381 dum
1341 2327 1559 2397 utrique
1607 2329 1874 2383 obsistere
1926 2333 2065 2398 parti

483 2414 853 2470 ronnituntur.
904 2415 1091 2487 Neque
1133 2425 1314 2472 tamen
1364 2418 1547 2474 minor
1588 2420 1654 2472 ad
1687 2420 2069 2487 trajiciendnm

483 2504 852 2559 Romanorum
904 2508 1116 2563 animos
1147 2509 1435 2579 occupavit
1468 2524 1656 2580 pavor.
1704 2510 1858 2575 Quod
1907 2510 2071 2564 simul

490 2610 656 2666 atque
702 2601 934 2654 advertit
980 2603 1299 2670 imperator,
1334 2605 1451 2674 ipse
1507 2614 1635 2658 ante
1707 2604 1862 2669 alios,
1893 2604 2069 2673 qualia

484 2706 629 2761 smpe
674 2707 838 2747 ausus
883 2703 986 2759 est,
1034 2697 1293 2764 scapham
1354 2697 1631 2767 ingressus
1678 2698 1728 2750 in
1782 2698 2068 2750 adversam

486 2785 657 2849 ripam
700 2786 959 2842 transiit:
1012 2794 1179 2855 atque
1227 2787 1354 2841 inde
1408 2789 1649 2856 reliquus
1699 2787 2067 2840 Romanorum

483 2879 756 2928 exercitus
809 2876 1157 2944 imperatoris
1216 2877 1467 2930 ardorem
1549 2876 1823 2930 reveritus
1904 2889 2070 2930 naves

485 2966 827 3019 conscendit.
877 2965 1120 3035 Hnngari
1172 2981 1299 3020 vero
1341 2976 1627 3049 postquam
1685 2966 2068 3035 imperatorem

488 3056 859 3111 transmisisse
891 3058 1165 3141 viderunt,
1196 3058 1367 3127 ruptis
1402 3058 1585 3113 statim
1614 3058 1896 3112 ordinibus
1919 3065 2069 3110 retro

485 3159 719 3200 cessere.
752 3145 871 3212 Quo
906 3157 1018 3200 tum
1053 3159 1293 3217 tempore
1323 3148 1542 3214 accidit,
1575 3157 1635 3201 ut
1667 3147 1792 3199 dum
1827 3146 2063 3215 impera-

487 3245 572 3288 tor
598 3237 663 3289 ad
695 3246 895 3291 terram
933 3238 1186 3293 hostilem
1217 3239 1496 3307 appellcus
1523 3237 1736 3309 longius
1776 3252 1935 3307 quam
1970 3254 2065 3306 par

484 3335 603 3379 erat
630 3328 905 3396 prosiliret
936 3327 1205 3398 (obstabat
1233 3330 1430 3399 quippe
1456 3329 1635 3394 limus,
1661 3329 1821 3401 2&1
1839 3332 2069 3399 .quomi-

485 3434 588 3473 nus
642 3420 865 3489 propius
899 3422 963 3474 ad
1016 3422 1168 3475 littus
1220 3431 1402 3491 posset
1461 3416 1939 3493 navis'applicari)
1975 3437 2069 3492 pes

486 3504 627 3559 alter
660 3507 879 3576 gravius
907 3507 1193 3563 oiTendcrit
1219 3549 1233 3574 ,
1268 3519 1429 3580 atque
1481 3510 1608 3565 inde
1653 3510 1794 3565 male
1827 3511 2068 3565 haberet.

489 3594 676 3664 Neque
711 3606 888 3650 tamen
916 3599 1037 3652 ideo
1065 3614 1092 3651 a
1119 3600 1283 3664 priori
1320 3601 1529 3655 remisit
1553 3601 1787 3656 ardore:
1822 3604 1914 3655 sed
1941 3601 2067 3654 dum

490 3686 730 3741 Ilnininis
753 3703 972 3743 cursum
1002 3690 1271 3746 divertere
1300 3704 1552 3758 conatur,
1585 3701 1803 3760 totoque
1829 3692 1917 3747 die
1946 3692 2072 3747 huic

489 3778 640 3846 operi
698 3779 943 3844 interest,
987 3789 1295 3836 tumescere
1345 3798 1472 3852 pars
1518 3782 1645 3837 laesa
1683 3761 1835 3850 pedis
1882 3783 2068 3851 coepit.

491 3869 715 3925 Plurimi
774 3885 903 3925 vero
947 3887 1011 3926 ex
1056 3871 1312 3928 Barbarie
1353 3874 1442 3943 qui
1481 3873 1752 3945 Zeugmen
1789 3876 2074 3928 tuebantur

488 3970 647 4017 extra
692 3964 891 4016 moenia
946 3973 1331 4033 procurrentes
1372 3980 1648 4034 Opponere
1706 3980 1766 4020 se
1814 3963 2075 4020 Romanis

491 4062 707 4122 parant.
744 4051 939 4108 Verum
990 4055 1152 4109 simul
1203 4063 1366 4126 atque
1419 4056 1803 4127 imperatorem
1859 4057 2071 4122 vident,

492 4142 617 4196 dum
668 4155 789 4197 sese
846 4143 1076 4199 invicem
1142 4154 1469 4213 praevertere
1535 4147 1805 4210 nituntur,
1865 4145 2071 4214 ingenti

491 4236 724 4288 tumultu
757 4244 811 4290 et
843 4238 1202 4307 trepidatione
1252 4238 1304 4292 in
1354 4239 1543 4294 urbem
1589 4239 1824 4302 irruunt,
1862 4251 1962 4292 nec
2008 4253 2071 4292 ca

494 4326 731 4394 amplius
772 4328 973 4382 audent
996 4327 1204 4399 egredi.
1234 4328 1462 4384 Romani
1498 4327 1782 4398 posthaec,
1825 4327 2075 4383 omnibus

493 4403 618 4481 qua:
650 4415 715 4469 ad
741 4419 1201 4486 oppugnationem
1234 4419 1544 4476 necessaria
1578 4428 1737 4473 erant
1769 4416 2070 4488 apparatis.

2243 1052 2322 1109 ιδ’,
2355 1054 2573 1110 Τούτων
2624 1055 2866 1121 ἀκούσας
2905 1054 3187 1126 βασιλεὺς,
3238 1054 3417 1109 καίτοι
3460 1054 3563 1124 τῆς
3589 1054 3749 1124 βασι-

2164 1145 2306 1208 λίδος
2363 1146 2503 1217 νόσῳ
2567 1147 2765 1219 βαρεῖα
2792 1147 2853 1200 τδ
2905 1146 3164 1218 τηνικάδε
3201 1144 3553 1215 πιεζομένης,
3579 1145 3745 1208 αὐτὸς

2163 1234 2423 1305 δαιμονίᾳ
2454 1236 2562 1289 τινὶ
2592 1235 2785 1307 ὥσπερ
2813 1234 2994 1290 εἰώθει
3023 1234 3385 1305 κεκινημένος
3414 1236 3557 1305 ὁρμῇ
3605 1234 3746 1288 καθ-

2171 1322 2360 1378 ίστατο
2397 1325 2533 1395 πρὸς
2579 1324 2674 1379 τὸν
2719 1326 2977 1397 πόλεμον.
3034 1326 3124 1379 Ἔν
3150 1324 3388 1396 Σαρδικῇ
3445 1324 3625 1378 τοίνυν
3674 1327 3746 1395 τῇ

2181 1412 2462 1482 Ἰλλυριῶν
2486 1415 2779 1486 γενόμενος
2830 1416 3162 1487 μητροπόλει
3189 1415 3423 1470 ἐνταῦθα
3454 1416 3546 1469 τὸν
3572 1431 3749 1486 στρα-

2167 1502 2257 1554 τὸν
2310 1504 2584 1575 ἥθροιζεν,
2642 1506 2863 1559 Ἰουνίου
2895 1505 2951 1559 δὲ
2980 1505 3262 1573 φθίνοντος
3325 1505 3537 1559 ἐκεῖθεν
3603 1505 3749 1574 ἀρας

2168 1592 2260 1645 ἐπὶ
2286 1593 2377 1645 τὸν
2412 1595 2627 1665 Ἴστρον
2678 1591 2829 1665 ἦλθε.
2886 1596 3111 1650 Μέλλων
3159 1597 3214 1650 δὲ
3247 1596 3347 1667 ἤδη
3385 1595 3752 1663 περαιοῦσθαι

2169 1681 2311 1735 κατά
2352 1683 2479 1737 τάδε
2532 1684 2728 1741 ἐποίει.
2820 1686 3051 1739 Ὀπόσον
3115 1686 3173 1739 ἐν
3232 1685 3309 1755 τῷ
3369 1685 3753 1756 στρατεύματι

2168 1773 2379 1828 ὁπλίσει
2408 1793 2467 1829 τε
2491 1776 2749 1847 διαφέρον
2804 1778 2897 1830 καὶ
2956 1762 3342 1857 μαχιμώτερον
3383 1772 3473 1849 ἦν,
3514 1778 3751 1845 ἀντικιρῦ

2171 1868 2402 1936 Χράμου
2428 1867 2636 1930 πόλεως
2666 1868 2894 1938 ἔστησεν
2913 1869 3200 1939 Οὑννικῆς,
3229 1868 3461 1938 δόκησιν
3486 1873 3752 1939 παρέχεον

2170 1956 2246 2019 ώς
2283 1958 2480 2010 αὐτίκα
2497 1956 2708 2010 ἐκεῖθεν
2740 1956 3205 2026 περαιωσόμενος.
3241 1957 3404 2010 Ὅθεν
3427 1958 3522 2011 καὶ
3554 1958 3755 2026 ἐπειδὴ

2169 2044 2541 2116 ἀντίπορθμον
2568 2044 2803 2099 ἐνταῦθα
2854 2043 2916 2097 τὸ
2947 2044 3207 2100 υύννικόν
3250 2043 3426 2108 ἐστὼς
3463 2042 3625 2110 εἶδεν,
3648 2045 3756 2099 ἐπὶ

2170 2135 2482 2206 Βελέγραδα
2540 2137 2786 2209 μεταϐὰς
2832 2137 3033 2208 ὄρθρου
3071 2137 3285 2192 ἐκεῖθεν
3318 2138 3573 2193 ἀπέπλει.
3625 2138 3755 2192 Ἐν-

2168 2228 2363 2283 τεῦθέν
2391 2248 2451 2283 τε
2473 2231 2768 2303 διῃρῆσθαι
2796 2233 3076 2285 συνέϐαινε
3107 2233 3237 2295 τοὺς
3274 2231 3567 2301 πολεμίους
3613 2232 3758 2284 ἐκα-

2169 2317 2348 2383 τέροις
2404 2317 2798 2384 ἀντιτάξασθαι
2851 2319 3267 2387 διανοουμένους
3323 2318 3539 2389 μέρεσι.
3595 2319 3758 2388 Πλὴν

2169 2408 2307 2462 ἀλλά
2334 2409 2428 2461 καὶ
2455 2410 2780 2477 οίῬωμαίοι
2810 2411 3035 2481 ὀκνήσει
3071 2410 3241 2482 πολλῇ
3277 2413 3336 2474 ἐς
3360 2410 3461 2481 τὴν
3492 2410 3757 2464 διάϐασιν

2169 2498 2399 2568 εἴχοντο,
2442 2500 2471 2552 ὖ
2505 2501 2666 2567 γνοὺς
2725 2500 2981 2570 βασιλεὺς
3023 2501 3186 2566 αύτδς
3233 2502 3342 2573 πρὸ
3385 2502 3496 2556 τών
3546 2501 3755 2569 ἀλλων,

2168 2591 2327 2643 ὁποῖα
2390 2590 2649 2653 πολλάκις
2703 2592 2804 2662 ἤδη
2863 2590 3145 2661 τολμήσας
3209 2591 3366 2663 ἔτυχε
3395 2632 3409 2654 ,
3467 2590 3755 2661 λεμϐαδίῳ

2169 2682 2369 2743 ἐπιϐὰς
2414 2682 2507 2733 ἐπὶ
2556 2682 2655 2751 τὴν
2716 2683 3017 2753 ἀντιπέρας
3047 2683 3274 2753 ἐφέρετο
3304 2682 3491 2753 ϐχθην,
3533 2681 3656 2751 ἑξῆς
3684 2684 3751 2734 δὲ

2170 2774 2263 2824 καὶ
2291 2774 2318 2824 ὁ
2369 2772 2660 2841 Ῥωμαίων
2688 2773 2917 2845 στρατὸς
2944 2773 3042 2843 τὴν
3077 2772 3339 2843 βασιλέως
3378 2772 3552 2843 ὁρμὴν
3588 2773 3701 2825 αίδε
3721 2803 3740 2813 -

2172 2860 2391 2924 οθέντες
2450 2863 2541 2915 ἐπὶ
2577 2862 2677 2925 τὰς
2737 2863 2868 2927 ναῦς
2935 2861 3198 2933 ἐχώρουν.
3248 2859 3436 2917 Οὗννοι
3466 2863 3522 2917 δὲ
3554 2862 3755 2935 ἐπειδὴ

2171 2952 2401 3023 βασιλέα
2458 2954 2915 3025 περαιωσάμενον
2978 2950 3141 3020 εἶδον,
3167 2954 3323 3008 ἐλυόν
3349 2971 3410 3007 τε
3449 2956 3578 3024 παρ’
3606 2955 3755 3006 αὐτὰ

2168 3044 2262 3095 τὸν
2297 3046 2678 3113 συνασπισμὶν
2718 3045 2815 3099 καὶ
2842 3044 3152 3117 ἀνεχώρουν
3201 3045 3401 3099 ὀπίσω.
3453 3046 3581 3099 Ὀτε
3629 3061 3756 3098 συν-

2171 3130 2268 3201 έϐη
2299 3131 2377 3201 τῷ
2412 3131 2624 3198 βασιλεί
2671 3133 2730 3184 ἐν
2759 3134 2824 3203 τῇ
2861 3132 2999 3203 πρὸς
3039 3132 3139 3202 τὴν
3174 3132 3441 3202 πολεμίαν
3475 3132 3752 3185 ἀποϐάσει

2173 3220 2394 3291 πλέονῆ
2457 3221 2626 3292 ἐχρῆν
2675 3221 2924 3292 ἁλομένῳ
2982 3222 3125 3293 (οὐδὲ
3174 3222 3282 3292 γὰρ
3337 3221 3636 3293 συνεχώρει
3683 3221 3753 3274 τὸ

2166 3314 2470 3380 τεναγῶδες
2504 3316 2569 3383 τῇ
2599 3313 2782 3384 χέρσῳ
2836 3315 3101 3367 διοκεῖλαι
3159 3314 3262 3384 τὴν
3302 3311 3458 3382 ναῦν)
3515 3313 3753 3382 θάτερον

2170 3400 2610 3471 παρασφήλαντα
2640 3403 2753 3454 τοῖν
2808 3401 2992 3454 ποδοῖν
3024 3402 3278 3471 πονήρως
3310 3399 3465 3471 αύτῷ
3487 3398 3752 3470 διατεθῆ-

2170 3509 2276 3545 ναι.
2309 3492 2368 3546 Ὀ
2396 3493 2451 3546 δὲ
2480 3492 2597 3545 οὐδὲ
2628 3492 2705 3555 ὣς
2727 3493 2823 3563 τῆς
2851 3492 2993 3560 ἄγαν
3015 3492 3175 3564 ἤθελε
3192 3492 3381 3560 λήγειν
3415 3486 3749 3561 προθυμίας,

2171 3582 2309 3636 ἀλλά
2333 3600 2455 3636 τινα
2479 3582 2572 3636 τοῦ
2616 3583 2864 3653 ποταμοῦ
2888 3583 2996 3653 γὰρ
3022 3579 3114 3637 οὖν
3168 3584 3523 3652 ἐπειγόμενος
3555 3582 3753 3649 ἐκτρο-

2171 3670 2301 3740 πὴν,
2325 3673 2382 3723 ἐν
2413 3670 2588 3740 τούτῳ
2613 3687 2674 3723 τε
2725 3670 3095 3741 διημερεύσας
3126 3670 3208 3743 τῷ
3246 3671 3397 3741 πόνῳ
3435 3671 3516 3732 εἰς
3573 3668 3747 3737 ὄγκον

2171 3764 2343 3834 ἐπῆρε
2374 3766 2435 3816 τὸ
2490 3765 2798 3834 πεπονηκὸς
2840 3764 2991 3834 αὐτῷ
3026 3764 3121 3818 τοῦ
3171 3764 3333 3826 ποδὸς
3395 3763 3585 3833 μέρος.
3621 3761 3750 3814 Τῶν

2171 3855 2226 3909 δὲ
2255 3856 2352 3924 τὴν
2404 3854 2662 3925 Ζεύγμην
2728 3856 3110 3926 φρουρούντων
3142 3855 3443 3928 Βαρϐάρων
3465 3855 3542 3917 ὡς
3590 3853 3749 3907 πλεῖ-

2175 3965 2289 4001 στοι
2318 3950 2542 4019 τειχέων
2566 3949 2931 4019 ἐκδραμόντες
2953 3950 3030 4012 ώς
3059 3946 3474 4019 ἀντιταξάμενοι
3506 3946 3751 4015 ἔστησαν

2185 4042 2325 4093 Ἀλλ’
2394 4042 2509 4111 ἅμα
2543 4056 2600 4094 τε
2627 4040 2851 4110 βασιλέα
2883 4036 3023 4094 εἶδον
3056 4041 3149 4094 καὶ
3173 4040 3331 4104 ἀλλος
3387 4039 3546 4093 ἀλλον
3613 4054 3752 4107 προ-

2177 4133 2400 4203 φοάνειν
2447 4132 2792 4203 ἐπειγόμενοι
2844 4132 3122 4202 ταραγμῷ
3169 4133 3266 4185 καὶ
3299 4132 3519 4203 θορύϐῳ
3550 4132 3610 4194 ἐς
3648 4129 3749 4200 τὴν

2175 4225 2330 4277 πόλιν
2351 4225 2669 4277 εἰσέπιπτον
2710 4225 2988 4290 ἐπεξιέναι
3012 4240 3071 4277 τε
3105 4224 3290 4277 οὐκέτι
3340 4222 3602 4290 ἐτόλμων.
3635 4222 3750 4275 Καὶ

2174 4317 2358 4371 λοιπὸν
2395 4317 2754 4388 Ῥωμαῖοιτὰ
2797 4317 2933 4386 πρὸς
2994 4315 3354 4386 τειχομαχίαν
3398 4312 3746 4386 ἐξηρτύοντο.

2175 4409 2347 4481 Τρίτῃ
2380 4411 2436 4464 δὲ
2464 4410 2582 4479 μετ’
2615 4408 2835 4479 ἐκείνην
2861 4409 3044 4480 ἡμέρᾳ
3066 4409 3162 4463 καὶ
3194 4407 3359 4479 ἔργου
3392 4407 3623 4477 εἴχοντο.
3683 4406 3751 4459 Οἱ

497 4504 661 4577 tertio
704 4516 825 4574 post
849 4506 936 4562 die
974 4523 1085 4561 rem
1115 4509 1528 4577 aggrediuntur.
1570 4506 1796 4563 Barbari
1839 4516 2017 4561 autem
2048 4521 2069 4560 ε

2180 4501 2235 4556 δὲ
2259 4500 2537 4571 Βάρϐαροι
2565 4500 2629 4554 ἐκ
2651 4499 2762 4552 τῶν
2807 4498 3091 4563 ἐπάλξεων
3149 4497 3485 4568 ἀμυνόμενοι
3515 4511 3753 4565 κεκραγ⁸

494 4576 735 4647 turribus
765 4576 1189 4663 propugnantes,
1233 4595 1672 4664 clamoribusque
1699 4603 1754 4650 et
1798 4594 2071 4648 vociten-

496 4683 737 4738 tionibus
767 4684 1055 4753 implentes
1094 4700 1275 4740 aerem
1301 4728 1315 4752 ,
1354 4687 1458 4741 tela
1502 4687 1764 4742 continuo
1798 4686 2076 4756 jaeiebant

498 4776 726 4846 telisque
752 4775 994 4831 vicissim
1045 4778 1482 4847 impetebantur.
1508 4781 1683 4847 Atque
1720 4779 1769 4831 in
1798 4792 1863 4833 eo
1898 4785 2078 4831 certa-

496 4866 662 4923 minis
690 4881 888 4936 genere
929 4869 1045 4923 dies
1082 4868 1187 4923 iste
1227 4879 1283 4924 et
1314 4883 1548 4938 sequens
1580 4881 1932 4937 consumptus
1970 4878 2074 4925 est.

496 4956 758 5013 Romanis
786 4959 1008 5027 perinde
1049 4973 1114 5014 ac
1160 4960 1435 5027 ﬂurtgaris
1468 4959 1597 5014 nihil
1644 4960 2075 5029 proﬁcientibus.

498 5049 635 5105 Tum
662 5058 717 5106 et
756 5050 859 5105 alia
906 5050 1167 5105 demirari
1208 5052 1354 5106 subit
1399 5052 1451 5107 in
1499 5066 1561 5106 ea
1594 5051 1877 5107 obsidione
1911 5053 2077 5119 facta,

498 5143 799 5211 przesertim
835 5157 964 5197 vero
995 5143 1340 5211 imperatoris
1385 5143 1666 5197 audaciam
1695 5161 1709 5197 :
1750 5157 1939 5212 quam,
1973 5144 2078 5200 nisi

501 5241 627 5288 tunc
678 5213 940 5301 temporis
988 5230 1279 5287 adfuissem
1321 5247 1582 5300 praesens,
1615 5241 1670 5286 et
1717 5246 1905 5288 eorum
1952 5247 2075 5303 quae

500 5323 590 5377 hic
621 5332 769 5393 gesta
804 5333 932 5378 sunt
968 5324 1124 5379 testis
1154 5325 1272 5393 ipse
1303 5326 1661 5390 exstitissem,
1692 5325 1813 5379 aliis
1845 5342 2079 5381 narran-

504 5414 646 5467 tibus
677 5415 764 5468 vix
789 5429 854 5469 ac
879 5432 943 5469 uc
977 5415 1064 5469 vix
1088 5416 1303 5483 quidem
1340 5416 1641 5471 crederem.
1670 5415 1901 5471 Romani
1933 5418 2078 5472 enim

503 5505 680 5573 lignea
736 5517 1012 5561 exstructa
1068 5507 1202 5561 turri
1252 5509 1639 5563 transcendere
1696 5509 1747 5562 in
1783 5509 1972 5563 urbem
2028 5518 2080 5562 et

507 5599 810 5653 comminus
841 5615 962 5652 eum
997 5598 1248 5655 Barbaris
1291 5601 1486 5655 mmuia
1524 5600 1934 5656 defensantibus
1969 5614 2080 5653 man

509 5701 611 5743 nus
658 5703 942 5742 conserere
990 5699 1316 5745 statuerunt.
1347 5691 1464 5758 Ipse
1509 5702 1690 5747 autem
1726 5693 1930 5759 primus
1957 5706 2077 5745 ont-

513 5775 663 5828 uimn
695 5781 1060 5833 con-cendere
1093 5781 1264 5834 voluit
1294 5799 1305 5835 :
1340 5801 1355 5833 t
1392 5783 1536 5838 Istud
1562 5799 1672 5852 pne
1721 5782 1954 5845 (veteris,
1986 5781 2071 5833 in'

2179 4592 2296 4664 μῶν
2362 4609 2524 4645 τινων
2556 4592 2653 4645 καὶ
2718 4591 2950 4661 ἀσήμων
2982 4589 3272 4659 ἀλαλαγῶν
3307 4590 3397 4643 τὸν
3422 4588 3559 4659 ἀέρα
3583 4586 3753 4657 ἐπλή-

2178 4702 2304 4756 ρουν
2342 4684 2569 4737 ἔϐαλλόν
2591 4699 2653 4736 τε
2682 4682 2933 4753 διηνεκὲς
2985 4684 3082 4737 καὶ
3122 4683 3432 4737 ἐϐάλλοντο.
3477 4679 3620 4735 Ἀλλ’
3656 4679 3752 4732 ἐπὶ

2173 4777 2436 4838 τοιούτοις
2471 4777 2570 4846 μὲν
2598 4777 2631 4845 ἡ
2655 4775 2856 4831 αὐτίκα
2881 4777 2977 4830 καὶ
2999 4776 3034 4845 ἡ
3064 4775 3182 4847 μετ’
3234 4775 3452 4845 ἐκείνην
3479 4774 3747 4843 ὴνάλωτο,

2178 4871 2274 4923 καὶ
2325 4868 2477 4923 οὐδὲν
2547 4868 2671 4922 οὔτε
2735 4867 3033 4938 Ῥωμαίοις
3086 4867 3209 4922 οὔτε
3238 4865 3480 4941 [P.HO]
3525 4864 3797 4925 Οὕννοιςί

2180 4955 2515 5027 προύχώρει.
2577 4953 2722 5023 Ἐγὼ
2749 4955 2807 5008 δὲ
2833 4955 2929 5008 καὶ
2977 4954 3115 5009 ἄλλα
3145 4954 3246 5025 μὲν
3278 4953 3387 5008 τῶν
3410 4954 3490 5015 είς
3532 4951 3750 5021 ἐκείνην

2176 5045 2583 5117 τετελεσμένων
2615 5044 2916 5116 θαυμάζειν
2939 5045 3050 5116 ἐχω
3111 5046 3211 5117 τὴν
3259 5044 3599 5115 πολιορκίαν,
3649 5042 3753 5113 τήν

2178 5155 2241 5208 γε
2280 5138 2387 5209 μὴν
2412 5137 2509 5191 τοῦ
2536 5136 2800 5209 βασιλέως
2819 5137 3047 5209 τόλμαν,
3087 5136 3232 5209 εἰμί)
3267 5136 3463 5207 παρὼν
3512 5132 3753 5202 ἐτύγχα-

2179 5245 2270 5283 νον
2302 5228 2428 5299 τῇδε
2442 5226 2554 5282 τῶν
2568 5227 2959 5298 πραττομένων
2976 5226 3254 5295 αὐτόπτης
3265 5226 3567 5295 γινόμενος,
3588 5221 3754 5293 σχολῇ

2178 5320 2244 5373 ἂν
2270 5320 2677 5390 ἀφηγουμένοις
2727 5318 3047 5372 ἐπίστευσα.
3112 5316 3372 5387 Ῥωμαῖοι
3407 5315 3514 5383 γὰρ
3541 5313 3754 5378 ξύλινον

2179 5413 2575 5482 τεκτηνάμενοι
2606 5410 2816 5481 πύργον
2841 5410 3155 5463 ἀναϐαίνειν
3183 5412 3278 5462 ἐπὶ
3303 5409 3401 5480 τὴν
3448 5407 3605 5460 πόλιν
3638 5404 3753 5459 διε-

2179 5502 2420 5565 νοοῦντο,
2477 5501 2552 5564 ώς
2605 5502 2715 5554 ἀπὸ
2767 5501 2950 5571 χειρὸς
2994 5503 3110 5565 τοῖς
3153 5501 3246 5553 ἐπὶ
3297 5498 3408 5553 τῶν
3464 5498 3752 5565 ἐπάλξεων

2178 5593 2769 5663 ἀντικαταστησόμενοι
2836 5592 3162 5665 Βαρϐάροις.
3203 5592 3262 5645 ’0
3284 5592 3341 5645 δὲ
3400 5591 3619 5662 πρῶτος
3641 5590 3754 5644 τῶν

2181 5685 2357 5740 ἀλλων
2411 5684 2726 5739 ἀναϐαίνειν
2779 5684 2933 5754 ἠξίου
2992 5684 3251 5751 «Ταύτην
3297 5683 3353 5737 δέ
3401 5699 3513 5752 μοι,
3553 5681 3754 5749 λέγων,

2181 5778 2372 5847 ἄνδρες
2426 5778 2709 5847 Ῥωμαῖοι,
2771 5777 2939 5845 μείζω
2963 5775 3067 5829 τῶν
3116 5776 3292 5830 ἄλλων
3339 5774 3620 5845 χαριεῖσθε
3654 5773 3755 5843 τὴν
