4014 6428
221 405 333 471 605

1459 400 1999 463 IIlSTOliIARUM
2042 404 2189 465 LIB'.
2228 407 2294 466 ν..

3383 407 3487 467 blib

222 517 465 582 εὔνοιαν,
521 516 574 570 εί
616 530 679 581 γε
732 512 1099 568 ἀναϐαίνοντα
1157 512 1399 567 κωλύετε
1457 513 1691 585 μηδέν.»
1729 512 1803 566 Οὐ

1916 518 2124 585 quiens,
2160 517 2259 571 viri
2294 515 2544 578 Romani,
2575 514 2679 568 erit
2711 514 2840 569 mihi
2876 512 3260 569 benevolentiae
3291 521 3486 567 vestrm

225 609 415 682 μέντοι
442 606 537 661 καὶ
553 606 821 678 ἐξέπραξε
844 605 904 659 τό
932 604 1280 676 ἐπιθύμημα.
1311 606 1376 661 Oi
1402 603 1808 682 γάρ-προύχον-

221 717 316 765 τες
345 701 455 752 τῶν
505 698 830 768 στρατηγῶν
875 697 1236 767 περιστάντες
1281 678 1445 766 αὐτῷ’
1481 676 1807 765 ίσχυρότατα

220 789 585 847 διεκώλυσαν.
628 787 690 844 Ὀ
726 787 783 840 δὲ
813 785 999 859 κύκλῳ
1025 785 1086 841 τὸ
1122 790 1297 858 τεῖχος
1328 785 1557 858 περιιὼν
1584 786 1719 840 αὐτό
1745 803 1807 840 τε

221 882 350 937 ὅθεν
374 882 650 952 ἐπίμαχον
683 880 921 949 μάλιστα
945 876 1013 950 ἦν
1029 880 1373 934 διεσκοπείτο
1430 880 1525 934 κα)⁸
1565 878 1662 942 τὰς
1710 879 1807 932 τά·

223 991 422 1042 φρους,
472 973 530 1027 αἰ
567 972 667 1043 τὴν
697 972 855 1026 πόλιν
907 971 1202 1037 ὲζώννυον,
1256 969 1458 1037 βάθους
1488 988 1548 1024 τε
1590 973 1685 1025 καὶ⁵
1711 969 1805 1024 εὖ·

223 1085 355 1140 ρους
381 1068 581 1129 ἱκανῶς
613 1067 858 1138 ἔχουσαι,
886 1067 1174 1135 φακέλλων
1198 1068 1366 1121 τινῶν
1389 1067 1486 1122 καὶ
1508 1067 1805 1137 φρυγάνων

222 1160 434 1231 ἀπορίᾳ
456 1160 621 1213 λίθων
645 1160 867 1213 ἐκέλευε
892 1160 1134 1231 πληροῦν
1191 1160 1338 1215 οὕτω
1374 1177 1436 1213 τε
1461 1159 1805 1224 διαϐιϐάζειν

223 1252 295 1307 τά
323 1254 721 1323 μηχανήματα*
739 1235 951 1323 ’ἤνυστο
972 1253 1029 1306 δὲ
1060 1254 1213 1323 ὅμως
1240 1253 1333 1306 ἐπὶ
1358 1255 1426 1322 τῇ
1456 1253 1556 1323 τῆς
1591 1252 1804 1317 πόλεως

224 1343 430 1398 ἁλώσει
482 1342 636 1397 οὔπω
681 1344 857 1398 οὐδέν.
916 1340 1108 1399 Οὗννοι
1167 1345 1300 1415 γάρ,
1359 1345 1538 1399 καίτοι
1592 1345 1806 1414 μεγάλα

229 1437 366 1505 πρὸς
402 1436 695 1505 Ῥωμαίων
731 1436 1044 1508 βιαζόμενοι
1072 1437 1443 1507 στρατιωτῶν,
1491 1434 1806 1500 ἐπαιάνιζόν

225 1541 288 1578 τε
317 1525 520 1593 μᾶλλον
557 1526 590 1595 ἦ
633 1526 901 1596 πρότερον
942 1528 1039 1580 καὶ
1086 1527 1301 1581 ἐλπίσιν
1354 1525 1596 1598 ὠχοῦντο
1651 1526 1804 1597 παρά

234 1617 404 1683 πόδας
429 1619 611 1683 αὐτοῖς
640 1620 731 1672 τὸν
754 1620 914 1676 ἄλλον
942 1622 1079 1676 ἰέναι
1101 1621 1209 1675 τῶν
1233 1618 1450 1677 Οὔννων
1477 1621 1731 1692 στρατόν.

1910 618 2312 681 argumentum,
2346 609 2390 662 si
2418 621 2505 661 me
2543 605 2838 660 ascendere
2874 620 2980 659 non
3017 602 3423 674 proliibueritis.
3457 618 3477 651 ι

1906 702 2092 772 Neque
2140 710 2318 755 tamen
2368 698 2511 770 quod
2568 697 2747 751 animo
2779 696 3024 749 volverat
3059 694 3310 765 perfecit.
3357 691 3484 761 quia

1909 794 2104 848 ducum
2151 790 2313 862 242
2374 788 2628 860 praecipui
2694 786 2785 855 qui
2835 800 2956 840 eum
3020 784 3484 843 circumstabant,

1907 883 2239 954 prrtiuacius
2287 881 2471 936 obnixi
2522 888 2669 934 sunt.
2705 877 2796 932 ille
2841 877 3026 947 itaque
3081 874 3230 929 urbis
3285 871 3487 927 mmnia

1905 975 2227 1044 obequitans
2254 982 2308 1028 et
2327 973 2446 1043 {qua
2479 979 2632 1040 parte
2675 978 2984 1039 expugnatu
3028 965 3287 1020 facillima
3334 963 3486 1016 vide-

1907 1077 2099 1120 rentur
2122 1064 2435 1133 eXplorans,
2468 1061 2642 1116 fossas
2678 1063 2868 1114 urbem
2901 1057 3228 1120 ambientes,
3261 1051 3483 1124 profun-

1905 1157 2002 1212 das
2033 1154 2165 1210 satis
2191 1163 2248 1209 et
2287 1153 2426 1219 latas
2449 1192 2464 1215 ,
2499 1151 2726 1207 fascium
2759 1159 2811 1204 et
2845 1146 3200 1219 virgultorum
3233 1143 3481 1214 penuria,

1907 1246 2179 1318 lapidibus
2232 1243 2490 1314 compleri
2543 1241 2730 1309 sicque
2788 1234 3150 1306 transportari
3203 1229 3486 1287 machinas

1908 1334 2216 1408 imperavit.
2247 1335 2353 1390 Sed
2381 1347 2557 1402 neque
2585 1347 2647 1387 ea
2682 1344 2769 1385 res
2802 1327 3095 1399 quidquam
3129 1321 3386 1380 momenti
3416 1320 3483 1374 ad

1907 1433 2226 1505 capiendam
2259 1428 2445 1481 urbem
2476 1423 2677 1478 attulit.
2712 1419 2953 1489 Hungari
2984 1417 3202 1487 quippe,
3239 1410 3490 1483 quamvis

1905 1541 1934 1580 a
1968 1500 2231 1578 immanis
2263 1513 2524 1569 militibus
2564 1509 2748 1582 gravia
2798 1516 2985 1564 essent
3035 1504 3202 1575 passi,
3251 1500 3488 1569 majores

1907 1630 2071 1686 quam
2122 1619 2280 1666 antea
2328 1606 2595 1661 clamores
2643 1586 2899 1663 edebant,
2944 1608 3150 1667 speque
3203 1593 3490 1648 alebantur

1906 1708 2152 1780 proxime
2182 1698 2392 1755 venturi
2423 1699 2476 1752 in
2510 1709 2698 1751 eorum
2732 1690 3006 1748 auxilium
3055 1686 3283 1742 alterius
3334 1682 3489 1739 Hun-

1909 1812 2160 1872 garorum
2197 1791 2493 1849 exercitus.

301 1869 386 1921 ιε’.
455 1865 583 1920 Ἐπὶ
612 1867 886 1931 τοιούτοις
920 1870 1032 1923 τῶν
1067 1874 1416 1943 πραγμάτιον
1449 1874 1802 1946 ἠρτημένων,

1916 1858 1939 1872 υ
1982 1889 2072 1944 t5.
2100 1887 2236 1941 Dum
2283 1885 2336 1938 in
2382 1897 2446 1938 eo
2476 1887 2660 1936 essent
2700 1891 2881 1933 rerum
2913 1883 3080 1936 statu,
3111 1872 3485 1927 Romanorum

229 1956 555 2026 προσιόντες
615 1961 665 2013 οί
727 1961 1017 2033 Ῥωμαίων
1069 1966 1262 2019 σκοποὶ
1319 1967 1561 2036 μεγάλου
1615 1966 1806 2036 ἔφοδον

228 2046 472 2117 ἐμήνυον
507 2052 921 2124 στρατεύματος
952 2056 1161 2121 αὐτοῖς’
1198 2058 1350 2112 κόνιν
1390 2060 1502 2127 γάρ
1531 2058 1625 2112 ἐπὶ
1652 2059 1807 2112 πλεῖ-

231 2155 357 2193 στον
382 2142 477 2193 τοῦ
510 2140 668 2213 ἀέρος
709 2145 1071 2217 ὀρθιάζουσαν
1105 2149 1335 2205 ἰδέσθαι.
1374 2148 1537 2203 Ἀλλὰ
1567 2151 1660 2204 καὶ
1699 2150 1807 2203 τῶν

228 2246 316 2293 τις
347 2231 567 2287 Οὔννων
591 2234 766 2305 τύχης
806 2238 1112 2308 ἐπιφανοῦς
1158 2241 1416 2311 Βασάκης
1446 2241 1620 2312 ὄνομα
1671 2241 1808 2296 Ῥω-

231 2320 415 2389 μαίοις
464 2328 875 2396 προσχωρήσας
925 2329 985 2381 ού
1044 2330 1265 2401 μακρὰν
1298 2331 1503 2386 ἄποθεν
1532 2328 1673 2386 εἶναι
1715 2333 1808 2386 τὸν

228 2412 479 2468 Παιόνων
550 2418 891 2488 ίσχυρίζεται
959 2423 1123 2493 ρῆγα,
1187 2423 1383 2486 ἄλλους
1441 2441 1503 2477 τε
1568 2424 1805 2495 ἀριθμοῦ

231 2505 521 2574 κρείσσους
544 2511 636 2562 καὶ
662 2510 727 2582 δὴ
760 2513 853 2565 καὶ
885 2513 1099 2591 Σκύθην
1128 2514 1265 2583 ὁμοῦ
1296 2516 1391 2568 καὶ
1413 2516 1809 2588 Ταυροσκύθην

232 2592 436 2664 ἄγοντα
487 2601 744 2670 στρατὸν,
788 2603 926 2673 πρὸς
979 2598 1062 2669 οἷς
1103 2606 1198 2659 καὶ
1239 2606 1334 2660 τὸν
1386 2606 1607 2677 Τζέχων
1654 2608 1809 2673 ἔλεγε

232 2687 506 2760 δυνάστην
555 2696 862 2764 πανστρατὶ
910 2695 1005 2748 καὶ
1056 2696 1223 2751 πάλιν
1275 2696 1374 2751 σὺν
1424 2699 1576 2771 αύτῷ
1628 2700 1806 2771 ἥκειν.

237 2777 458 2833 Τούτων
501 2783 805 2855 ἐπειδήπερ
844 2787 872 2839 ό
905 2786 1162 2857 βασιλεὺς
1202 2789 1404 2860 ἤκουσε
1431 2830 1446 2854 ,
1482 2790 1682 2860 βουλὴν
1710 2794 1810 2847 σὺν

233 2870 347 2930 τοῖς
382 2874 676 2940 μεγιστᾶσι
695 2873 932 2940 καθίζει,
949 2877 1098 2941 ὅπως
1111 2878 1311 2947 δήποτε
1336 2881 1444 2950 χρὴ
1474 2881 1542 2934 τὰ
1564 2883 1809 2950 παρόντα

235 2955 558 3014 διοικεῖσθαι
592 2961 794 3034 ζητῶν.
826 2983 846 3018 ι
885 2966 1115 3038 Ἀνδρες
1151 2968 1370 3037 ἀμέλει,
1395 2968 1811 3043 ἐφη,⁰Ρωμαίοι

236 3050 296 3102 οὐ
340 3051 502 3125 τοῦτο
535 3055 698 3124 μόνον
743 3060 776 3128 ή
823 3059 932 3112 τῶν
969 3063 1316 3132 πραγμάτων
1355 3060 1464 3117 οἶδε
1506 3065 1691 3133 φύσις,
1726 3068 1812 3120 ἵνα

234 3159 320 3206 τις
351 3144 513 3213 μόνον
546 3148 744 3219 τολμᾷ,
771 3151 889 3204 ἀλλ’
910 3151 987 3215 ὡς
1013 3153 1081 3207 ἂν
1115 3156 1180 3225 τῇ
1211 3154 1382 3226 τόλμῃ
1415 3155 1490 3226 μὴ
1520 3156 1812 3227 ἀξύμϐατα

238 3237 330 3289 καὶ
355 3237 424 3290 τὰ
450 3238 587 3309 ἔργα
617 3242 866 3313 ἐπιτιθῇ,
907 3242 1145 3313 μάλιστα
1173 3244 1351 3313 ἔγωγε
1390 3244 1469 3315 τῷ
1518 3247 1615 3299 καὶ
1666 3248 1809 3300 κατὰ

241 3329 416 3401 βραχὺ
446 3334 821 3403 σωφρονοῦντι
870 3336 1000 3404 περὶ
1050 3336 1324 3390 πλείστων
1353 3333 1495 3391 εἶναι
1538 3338 1808 3409 οἰόμενος.

238 3422 328 3493 Μὴ
360 3423 562 3489 τοίνυν,
597 3426 786 3496 ἐπειδὴ
817 3427 879 3481 τὸ
907 3426 1060 3490 ἔθνος
1089 3427 1250 3482 τοῦτο
1280 3430 1344 3481 ἐκ
1373 3428 1700 3498 ’παραλόγου
1732 3447 1815 3482 τι-

240 3514 327 3578 νὸς
354 3517 565 3570 ἀνωθεν
608 3518 781 3588 τύχης
825 3520 1182 3591 εὐημερῆσαν
1217 3519 1685 3575 δυσαντίϐλεπτον
1738 3524 1805 3593 τῇ

249 3604 542 3676 Ῥωμαίων
582 3609 825 3681 κατέστη
864 3611 1034 3681 ἀρχῇ,
1067 3610 1158 3664 διὰ
1193 3610 1366 3666 ταῦτα
1406 3612 1659 3683 ἀποχρῆν
1684 3614 1816 3683 ἡμῖν

240 3698 532 3771 οἰηθῶμεν,
552 3702 600 3753 εί
633 3701 797 3771 μόνον
822 3703 916 3757 ἐπὶ
934 3693 1037 3773 γῆς
1065 3704 1353 3775 στρατεύοι
1362 3721 1462 3775 μεν
1480 3706 1581 3775 τῆς
1604 3704 1810 3760 αὐτῶν.

256 3791 398 3845 Ἀλλ’
431 3793 813 3864 άπονεμητέον
840 3795 1064 3865 ἑκάστῳ
1097 3797 1279 3867 καιρῷ
1303 3797 1364 3850 τὸ
1405 3798 1685 3870 προσῆκον
1722 3798 1817 3852 καὶ

246 3882 537 3937 ἀποδοτέον
567 3887 906 3941 καταστάσει
943 3890 1009 3959 τῇ
1046 3887 1298 3961 παρούσῃ
1331 3891 1532 3961 πρᾶξιν
1574 3888 1660 3961 [Ρ.
1691 3888 1816 3961 Ml]

244 3973 340 4043 τὴν
367 3974 616 4029 δέουσαν.
649 3977 724 4029 Οὐ
771 3976 880 4048 γὰρ
909 3977 1085 4031 ταῦτα
1120 3979 1493 4050 εύημεροῠσιν
1521 3975 1677 4050 οἴμαι
1724 3980 1819 4034 καὶ

243 4061 655 4136 δυσπραγοῦσιν
705 4067 1012 4137 άρμόσαιεν
1066 4069 1133 4122 ἂν
1188 4069 1497 4141 πράγματα
1538 4084 1555 4100 ⁶
1608 4070 1703 4123 καὶ
1749 4072 1818 4142 τῇ

254 4155 549 4228 Ῥωμαίων
574 4158 758 4211 τοίνυν
785 4159 950 4229 ἀρχῇ,
1000 4161 1048 4212 εί
1084 4161 1181 4214 καὶ
1226 4163 1326 4230 τῆς
1383 4162 1624 4227 παλαιᾶς
1665 4161 1821 4215 οὔπω

244 4248 549 4319 τετύχηκεν
584 4247 905 4318 εὐκληρίας,
947 4247 1083 4302 ἀλλὰ
1111 4250 1234 4318 (σὺν
1265 4248 1386 4321 Θεῷ
1413 4252 1601 4321 φάναι)
1639 4249 1821 4321 πολλῴ

248 4337 479 4408 βελτίονι
540 4340 634 4410 ὑφ’
685 4344 821 4411 ἡμῖν
880 4344 1222 4417 ἀναφανείσῃ
1285 4351 1709 4416 προασπισταῖς,
1741 4352 1822 4416 είς

246 4430 490 4498 εὐδοξίαν
536 4435 932 4505 περιστήσεται
986 4436 1206 4501 πάντως
1239 4438 1304 4490 ἐκ
1355 4438 1537 4492 ποδὼν
1581 4441 1659 4512 τῷ
1686 4441 1821 4498 Οῠνο

1906 1979 2276 2052 speculatores
2327 1987 2581 2045 magnum
2639 1969 2889 2026 hostibus
2942 1966 3147 2021 auxilio
3190 1962 3487 2019 exercitum

1905 2074 2163 2130 advenire
2225 2067 2512 2124 nuntiant:
2567 2063 2846 2135 pulverem
2904 2058 3047 2114 enim
3097 2056 3254 2111 sein
3306 2067 3488 2108 aerem

1908 2167 2071 2223 altius
2108 2164 2311 2219 elatum
2358 2158 2664 2214 advertisse
2695 2155 2936 2210 aiebant.
2976 2152 3080 2206 Sed
3107 2160 3161 2205 et
3200 2146 3493 2216 Hungarus

1908 2259 2125 2328 quidam
2156 2269 2222 2309 ex
2258 2249 2671 2313 illustrioribus,
2711 2246 2932 2302 nomine
2961 2242 3202 2297 Basakes
3241 2239 3334 2311 qui
3376 2237 3490 2292 Ro-

1907 2360 2191 2403 manorum
2221 2350 2404 2413 partes
2443 2339 2726 2410 amplexus
2754 2343 2896 2401 erat,
2940 2348 3047 2389 non
3094 2332 3250 2400 longe
3298 2328 3492 2382 abesse

1908 2438 2291 2514 iiungarorum
2328 2445 2510 2500 regem
2546 2428 2870 2493 aiiirmahat,
2896 2434 2953 2481 et
2980 2432 3176 2495 praeter
3215 2419 3488 2477 inﬁnitum

1909 2511 2231 2587 bellatorum
2261 2537 2541 2579 numerum
2572 2530 2627 2576 et
2665 2519 2988 2591 Scytharum
3014 2513 3176 2570 simul
3200 2520 3254 2567 et
3283 2511 3494 2565 Tauro-

1912 2620 2227 2691 scytbarum
2264 2615 2461 2680 aciem,
2503 2613 2729 2680 insuper
2760 2608 2925 2663 etiam
2970 2604 3311 2661 Tzecliorum
3342 2599 3495 2671 prin-

1912 2713 2091 2782 cipem
2152 2723 2274 2764 cum
2347 2701 2618 2759 universis
2666 2699 2878 2755 viribus
2926 2710 3141 2751 rursum
3196 2706 3318 2746 cum
3370 2690 3494 2758 ipso

1913 2802 2120 2859 venire.
2178 2800 2472 2867 Postquam
2535 2795 2653 2850 haec
2708 2791 2946 2864 principi
3018 2795 3294 2855 comperta
3344 2789 3492 2847 sunt,

1912 2904 2228 2963 magnatum
2287 2889 2581 2946 concilium
2642 2885 2791 2957 cogit
2863 2884 3038 2953 deque
3095 2879 3256 2936 modo
3312 2890 3491 2931 rerum

1914 2987 2242 3060 agendarum
2293 2979 2592 3036 sententias
2635 2991 2828 3032 eorum
2887 2981 3040 3044 rogat
3082 2989 3096 3026 :
3141 2987 3160 3021 ι
3204 2966 3321 3023 Non
3361 2963 3492 3021 illud

1913 3081 2113 3145 solum,
2142 3074 2245 3131 viri
2278 3070 2537 3137 Romani,
2561 3069 2835 3140 inquiens,
2859 3079 3041 3121 rerum
3072 3062 3242 3133 exigit
3273 3069 3492 3122 natura,

1841 3205 1883 3262 α
1916 3179 1974 3226 ut
2000 3169 2123 3240 quis
2154 3165 2315 3220 modo
2345 3160 2625 3217 audaciam
2672 3173 2783 3230 pm
2811 3172 2871 3213 se
2913 3155 3077 3222 ferat,
3109 3153 3202 3208 sed
3245 3160 3304 3205 ut
3327 3150 3494 3205 auda-

1916 3263 2014 3317 cias
2038 3258 2218 3314 minus
2249 3261 2617 3310 consentanea
2665 3263 2771 3304 non
2806 3246 3034 3315 arripiat
3077 3241 3494 3311 aggrediaturve

1915 3369 2104 3427 Opera,
2135 3355 2373 3407 maxime
2417 3346 2670 3417 equidem
2700 3344 2783 3399 vel
2810 3343 3001 3398 leviter
3030 3338 3191 3410 25.3
3223 3333 3494 3407 prudenti,

1916 3423 2303 3502 altendendmn
2354 3438 2612 3495 arbitror.
2657 3435 2738 3490 Ne
2806 3433 2992 3503 igitur,
3040 3431 3167 3497 quia
3214 3439 3348 3498 gens
3393 3423 3496 3477 ista

1914 3538 1996 3592 sic
2051 3547 2246 3603 nempe
2305 3531 2488 3587 divina
2550 3527 2839 3583 ordinante
2896 3518 3274 3583 Providentia,
3333 3514 3495 3569 rebus

1917 3630 2056 3685 elata
2105 3623 2381 3698 prosperis
2410 3622 2464 3676 in
2496 3619 2802 3683 Romanum
2844 3612 3131 3683 imperium
3184 3604 3500 3665 terribiliter

1918 3718 2143 3789 ingruit,
2174 3708 2461 3786 prop'terea
2503 3711 2637 3766 satis
2686 3707 2842 3764 nobis
2885 3710 3026 3760 esse?
3057 3702 3415 3764 arbitremur,
3450 3699 3499 3751 si

1920 3814 1971 3867 in
2000 3826 2189 3868 eorum
2222 3806 2600 3863 tantummodo
2622 3801 2740 3856 solo
2770 3799 2969 3857 bellum
2992 3809 3266 3868 geramus.
3296 3790 3499 3846 Verum

1918 3904 2049 3976 quid
2083 3899 2414 3970 temporibus
2441 3896 2747 3966 quibusque
2779 3889 3068 3946 conveniat
3097 3883 3498 3956 inspiciendum

1920 4005 2024 4064 est,
2063 4002 2119 4049 et
2150 3991 2401 4048 facienda
2435 4001 2559 4058 quae
2596 3998 2836 4054 praesens
2865 3983 2954 4037 hic
2992 3989 3166 4062 status
3192 3978 3502 4047 postulave-

1925 4087 2018 4141 rit.
2067 4084 2252 4153 Neque
2296 4080 2439 4136 enim
2488 4076 2701 4139 eadem,
2752 4083 2812 4128 ut
2855 4056 3114 4134 arbitror,
3147 4077 3200 4121 et
3246 4078 3504 4136 prospere

1924 4175 2250 4232 habentibus
2280 4180 2335 4227 et
2367 4169 2594 4251 adversa
2622 4165 2904 4220 utentibus
2938 4161 3158 4215 fortuna
3196 4167 3320 4225 apta
3352 4165 3499 4211 sunt.

1926 4270 2294 4324 Romanorum
2318 4246 2503 4329 itaque
2532 4256 2790 4328 imperio,
2813 4254 2918 4310 etsi
2946 4251 3231 4322 pristinam
3257 4246 3500 4302 nondum

1925 4357 2237 4414 felicitatem
2261 4358 2575 4415 consecuto,
2601 4346 2695 4403 sed
2730 4345 2893 4418 (quod
2922 4341 3226 4414 prmiiscine
3250 4335 3500 4406 dixerim)

1926 4452 1979 4505 in
2008 4447 2285 4503 meliorem
2338 4453 2518 4498 tamen
2561 4448 2760 4497 statum
2813 4437 2969 4492 nobis
3012 4432 3388 4490 defensoribus
3412 4429 3506 4483 ad-

246 4540 353 4578 νων
383 4523 643 4592 γενέσθαι
673 4527 828 4597 ρηγὶ,
858 4527 957 4582 σὺν
995 4527 1176 4599 πολλῷ
1204 4529 1303 4599 μὲν
1334 4529 1412 4594 ὥς
1440 4547 1574 4600 φασι
1608 4534 1701 4587 καὶ
1742 4533 1815 4603 τῷ

1928 4543 2090 4597 ducto
2111 4579 2128 4606 ,
2158 4549 2504 4607 nequaquam
2541 4528 2955 4595 dedecoriferit,
3000 4527 3045 4581 si
3076 4522 3313 4579 universi
3358 4520 3507 4575 iiun-

249 4612 536 4684 αύτόχθονι
563 4615 777 4669 ἐπιόντι
806 4616 1049 4689 στρατῷ,
1098 4617 1311 4672 πλείονι
1348 4618 1406 4673 δὲ
1458 4621 1557 4675 καὶ
1599 4621 1679 4692 τῷ
1717 4622 1827 4677 ἀπὸ

251 4705 595 4776 συμμαχίδος
630 4709 1095 4780 συγκροτουμένῳ
1117 4710 1323 4782 χειρός.
1355 4713 1546 4777 Ὅπως
1585 4711 1679 4768 οὖν
1711 4716 1826 4786 άμ-

252 4799 460 4869 φότερα
502 4798 680 4870 ταύτῃ
719 4801 1080 4875 περισωθείη,
1122 4802 1252 4869 δόξα
1283 4820 1344 4858 τε
1378 4807 1443 4875 ἢν
1478 4809 1560 4870 είς
1595 4807 1656 4860 τὸ
1705 4806 1829 4878 βέλ-

248 4905 364 4944 τιον
398 4890 503 4961 ἤδη
541 4889 961 4959 μεταϐαλοῦσαν
991 4890 1144 4963 ἔσχε,
1191 4893 1284 4947 καὶ
1310 4887 1546 4965 δύναμις
1578 4895 1612 4967 ἢ
1654 4896 1826 4966 αὐτῆς

250 4982 567 5053 ἀκραιφνὴς
602 4982 858 5036 ἐντεῦθεν
882 4982 1250 5056 ἀπαλλαγείη.
1286 4984 1605 5054 βουλευτέον
1638 4986 1715 5052 ὡς
1745 4986 1828 5042 ἔνι

254 5073 513 5142 μάλιστα.
544 5092 563 5125 ›
601 5074 867 5137 Βασιλεὺς
908 5075 1007 5146 μὲν
1055 5077 1294 5131 τοσαῦτα
1339 5074 1485 5133 εἶπε.
1538 5078 1830 5152 Ῥωμαίων

254 5163 313 5217 δὲ
342 5166 454 5219 τῶν
485 5167 552 5219 ἐκ
586 5165 785 5236 βουλῆς
825 5168 940 5230 τοῖς
972 5166 1072 5238 μὲν
1109 5171 1831 5239 μεταστρατοπεδεύσασθαι

256 5257 507 5312 ἐντεῦθεν
531 5258 627 5312 ἐπὶ
663 5259 802 5312 Σᾶόν
825 5276 884 5312 τε
911 5259 1005 5312 τὸν
1029 5260 1250 5330 χάρακα
1283 5263 1600 5330 πήγνυσθαι
1627 5263 1829 5329 ἐδόκει,

254 5352 403 5416 ὅπως
429 5350 682 5406 ἐντεῦθεν
708 5353 805 5405 σὺν
829 5351 909 5420 τῷ
939 5351 1176 5419 ἀσφαλεῖ
1204 5353 1319 5415 τοῖς
1349 5354 1634 5424 πολεμίοις
1677 5357 1830 5410 ἀντι-

256 5443 520 5517 φέρεσθαι
537 5445 819 5510 δύναιντο,
839 5446 965 5508 τοὺς
984 5443 1041 5497 δὲ
1064 5442 1227 5497 τοῦτο
1244 5444 1344 5515 μὲν
1372 5445 1586 5517 οὐδαμῆ
1604 5448 1833 5517 ἤρεσκε,

255 5536 354 5605 τῆς
401 5536 728 5607 πολιορκίας
778 5536 825 5589 δ’
882 5537 1193 5607 ἀφεμένους
1254 5536 1430 5590 ἐδόκει
1483 5538 1715 5608 δυνάμει
1768 5544 1833 5611 τῇ

260 5630 410 5701 πάσῃ
433 5629 589 5683 ἐπιὸν
622 5627 1032 5699 ὑποστήσεσθαι
1062 5628 1125 5682 τὺ
1152 5629 1437 5699 πολέμιον.
1475 5629 1642 5684 Ἀλλὰ
1679 5631 1839 5703 βασι-

257 5719 381 5784 λεὺς
412 5723 703 5793 ἀμφότερα
732 5722 833 5774 οὐκ
856 5721 1046 5793 ἐπῄνει
1072 5738 1086 5752 ·
1137 5722 1197 5774 τὸ
1233 5722 1332 5791 μὲν
1364 5721 1471 5792 γὰρ
1503 5722 1726 5790 δειλίαν,
1774 5726 1836 5778 τὸ

257 5808 311 5864 δὲ
345 5813 438 5864 καὶ
473 5811 735 5867 ἀϐουλίαν
781 5812 1139 5881 ἀπεψήφιστο
1170 5814 1456 5884 ἄντικρυς.
1502 5833 1520 5867 ι
1581 5814 1831 5881 Ἐξέσται

1928 4643 2186 4704 garorum
2238 4626 2353 4696 regi
2394 4623 2614 4686 cedant,
2645 4618 2739 4690 qui
2794 4632 2916 4672 cum
2967 4614 3195 4685 ingenti,
3224 4621 3285 4668 ut
3332 4613 3505 4674 aiunt,

1929 4702 2302 4793 indigenarum
2344 4713 2585 4771 exercitu
2630 4709 2860 4776 accedit,
2902 4717 2957 4764 et
3000 4706 3300 4777 majoribus
3329 4702 3507 4758 adhuc

1928 4813 2203 4869 sociorum
2237 4808 2421 4879 copiis
2436 4813 2629 4861 auctus
2666 4809 2751 4858 est
2798 4815 2863 4856 ac
2908 4799 3228 4855 instructus.
3260 4795 3508 4866 Quapro-

1930 4918 2051 4974 pter
2078 4901 2316 4959 maxime
2346 4898 2658 4969 prospicere
2693 4894 2922 4965 quisque
2956 4891 3113 4947 debet
3156 4905 3261 4961 qua
3299 4888 3508 4944 ratione

1933 5009 2161 5066 utraque
2212 4993 2290 5050 illi
2345 4996 2855 5050 conserventur,et
2908 4984 3098 5056 gloria,
3126 4997 3246 5054 qua:
3289 4984 3400 5052 jam
3453 4980 3508 5034 in

1932 5088 2129 5144 melius
2158 5086 2238 5140 ire
2277 5082 2461 5154 erepit,
2490 5091 2545 5138 et
2564 5080 2823 5150 potentia,
2846 5092 2969 5149 quae
2997 5077 3122 5131 inde
3151 5084 3261 5129 tota
3293 5072 3361 5127 ab
3396 5073 3508 5141 ipso

1934 5180 2238 5235 recederet.
2279 5194 2298 5227 ι
2334 5175 2395 5230 ln
2439 5175 2588 5229 hunc
2637 5173 2856 5226 modum
2900 5167 3160 5224 diss‘eruit
3192 5166 3507 5234 imperator.

1934 5271 2166 5340 Quidam
2214 5278 2393 5320 autem
2443 5279 2509 5317 ex
2539 5261 2823 5323 Romanis,
2849 5259 2939 5328 qui
2970 5255 3198 5313 concilio
3222 5254 3298 5309 illi
3343 5254 3505 5308 inter-

1935 5370 2112 5425 erant,
2148 5356 2523 5414 lransl‘erenda
2563 5355 2687 5409 inde
2744 5354 2810 5407 ad
2866 5351 3066 5405 Savum
3105 5357 3286 5402 castra
3319 5361 3481 5401 cense

1937 5457 2086 5517 bant,
2127 5462 2184 5504 ut
2216 5450 2384 5504 tutius
2425 5464 2490 5502 ex
2521 5462 2585 5500 eo
2632 5448 2749 5499 loco
2794 5442 3041 5497 hostibus
3083 5448 3266 5507 posset
3296 5438 3506 5492 obsisti.

1934 5547 2069 5596 Aliis
2108 5542 2161 5596 id
2194 5541 2414 5594 mznime
2446 5538 2690 5607 placuit:
2726 5535 2820 5590 sed
2859 5532 3042 5588 relicta
3068 5530 3349 5586 obsidione
3392 5544 3509 5581 cum

1935 5633 2189 5687 omnibus
2218 5630 2429 5685 viribus
2475 5628 2846 5681 imminentem
2881 5623 3087 5677 hostem
3129 5619 3383 5674 sustineri
3418 5618 3511 5674 de-.

1937 5725 2064 5777 bere
2090 5723 2497 5784 existimabant,
2529 5721 2599 5772 At
2631 5719 2882 5788 princeps
2917 5723 3207 5783 utrumque
3249 5726 3511 5782 respuens

1938 5816 2245 5880 consilium,
2277 5815 2404 5868 illud
2432 5823 2627 5877 metus,
2655 5811 2758 5866 boc
2788 5818 2975 5867 contra
3009 5806 3330 5863 temeritatis
3354 5803 3512 5884 244
