4014 6426
519 422 624 484 607

516 732 667 788 sunt,
697 723 936 793 majores
980 726 1163 795 copias
1193 741 1386 795 cogere
1417 733 1473 782 et
1511 726 1838 783 commeatui
1886 726 2091 797 largius

518 815 824 885 providere.
852 814 1079 872 Censuit
1120 817 1286 887 igitur
1315 820 1432 888 ipse
1461 827 1518 873 ut
1561 818 1790 873 imbellis
1822 818 2093 874 exercitus

518 922 645 974 pars
677 907 907 977 limique
950 924 1015 963 ac
1052 909 1272 965 calones
1320 919 1699 979 armarentur,
1730 919 1784 966 et
1830 911 1900 967 ibi
1943 911 2091 965 circa

518 998 710 1053 urbem
738 1000 841 1054 sub
870 999 1079 1069 aliqum
1116 1000 1348 1058 ducibus
1383 1001 1525 1056 haud
1571 1002 1857 1056 admodum
1901 1001 2093 1057 nobili-

518 1089 620 1143 bus
650 1098 969 1156 manerent;
997 1089 1237 1159 reliquus
1285 1100 1462 1146 autem
1508 1092 1782 1149 exercitus
1824 1107 2007 1147 secum
2038 1094 2091 1147 in

519 1179 761 1246 reliquos
790 1177 1073 1249 Hungaros
1100 1193 1435 1250 pugnaturus
1467 1183 1661 1238 exiret.
1696 1182 1822 1239 Haec
1849 1185 1943 1239 ubi
1973 1200 2096 1240 sen-

521 1268 687 1323 tentia
728 1269 902 1331 stetit,
933 1267 1001 1322 ad
1032 1268 1138 1324 iter
1167 1284 1227 1325 se
1270 1269 1323 1323 in
1352 1271 1653 1339 proximum
1697 1272 1838 1327 diem
1884 1288 2093 1344 praepa-

521 1368 664 1414 rant.
700 1358 835 1413 Cum
876 1374 1006 1415 vero
1037 1360 1172 1414 nihil
1213 1363 1346 1415 certi
1398 1361 1531 1431 ipsis
1574 1371 1720 1417 esset
1765 1364 2092 1424 nuntiatum,

522 1450 754 1518 sumptis
786 1449 958 1519 prima
997 1449 1117 1505 luce
1151 1452 1319 1507 armis
1351 1453 1569 1507 tertium
1601 1454 1654 1507 in
1682 1456 1872 1508 urbem
1925 1456 2093 1525 impe-

521 1549 635 1593 tum
687 1539 914 1594 faciunt.
951 1540 1130 1612 Pugna
1168 1542 1350 1611 itaque
1398 1559 1612 1599 rursum
1659 1546 1992 1611 conseritur,
2032 1563 2097 1602 ac

522 1632 760 1701 lluugari
792 1633 1032 1701 quidem,
1065 1635 1155 1704 qui
1190 1635 1386 1690 mtenia
1420 1635 1792 1704 defensabant,
1829 1639 2096 1709 lapidibus

522 1724 839 1793 sagittisque
901 1724 1172 1792 rebusque
1250 1724 1373 1778 aliis
1452 1726 1865 1797 quibuscunque
1925 1729 2098 1784 obviis

522 1816 816 1870 subeuntes
854 1817 1113 1871 arcebant
1151 1816 1445 1872 Romanos.
1491 1818 1555 1872 lli
1586 1835 1715 1874 vero
1750 1821 1907 1892 longe
1934 1838 2094 1891 quam

524 1916 680 1960 antea
709 1906 1084 1962 vehementius
1110 1908 1458 1967 fundamenta
1487 1910 1868 1981 sull‘odiebant,
1895 1915 2099 1970 machi-

525 1998 721 2066 nisque
792 1999 1046 2068 petrariis
1106 2000 1341 2057 admotis
1404 2019 1684 2058 murorum
1738 2004 1939 2060 loricas
1994 2006 2100 2061 dif-

524 2086 855 2157 fringebant.
887 2089 1104 2145 Crebrae
1145 2094 1419 2162 utrimque
1469 2095 1878 2153 adhortationes
1920 2108 1974 2152 et
2019 2099 2100 2154 in-

524 2179 842 2245 citamenta,
893 2197 1168 2250 vocesque
1219 2194 1273 2238 et
1323 2185 1576 2250 ululatus,
1616 2187 1979 2260 dissonusque
2031 2205 2097 2245 ac

525 2272 765 2328 incertus
798 2273 1005 2330 clamor
1043 2276 1496 2333 exaudiebantur.
1530 2275 1705 2333 Simul
1735 2289 1898 2352 atque
1939 2282 2104 2352 igitur

524 2365 819 2437 llnngaria
851 2369 1114 2425 Romanis
1162 2370 1511 2427 fundamenta
1563 2375 1819 2432 viderunt
1863 2394 2104 2434 conmm-

523 2456 661 2521 veri,
691 2455 744 2511 id
777 2458 958 2512 statim
992 2460 1305 2513 moliuntur.
1345 2463 1549 2516 Saxum
1578 2476 1698 2519 erat
1730 2467 1870 2523 intra
1900 2470 2100 2524 mmnia

525 2544 764 2612 ingentis
781 2545 1174 2615 magnitudinis
1198 2565 1212 2601 :
1247 2548 1300 2602 id
1327 2550 1572 2605 trabibus
1599 2558 1899 2624 suppositis
1920 2557 2106 2627 alliga-

526 2636 707 2704 tisque
738 2636 956 2692 [utribus
993 2638 1045 2692 in
1081 2639 1318 2710 ligneum
1348 2643 1587 2701 educunt
1625 2651 2104 2719 propugnaculum,

527 2730 672 2796 quod
693 2728 790 2798 ipsi
813 2728 1237 2797 fabricaveram,
1267 2735 1596 2805 murisjipsis
1624 2738 1783 2810 longe
1814 2741 2104 2809 excelsius,

528 2828 589 2873 ut
643 2819 766 2873 inde
814 2819 869 2874 in
924 2822 1202 2879 Romanos
1271 2825 1400 2881 illud
1454 2829 1823 2886 devolverent.
1884 2831 2109 2890 Sublato

528 2909 693 2977 igitur
729 2910 781 2963 in
815 2912 1006 2965 turrim
1038 2913 1218 2982 lapide
1240 2954 1256 2979 ,
1296 2932 1418 2970 cum
1461 2927 1669 2972 tantum
1706 2922 1913 2989 pondus
1937 2926 2107 2977 susti-

529 3016 657 3055 nere
700 3000 789 3056 illa
840 3018 944 3057 non
995 3016 1177 3072 posset
1222 3007 1360 3078 (erat
1400 3009 1548 3065 enim
1602 3013 1880 3068 immensae
1929 3015 2108 3085 molis)

526 3105 749 3161 repente
796 3108 918 3148 cum
957 3096 1087 3166 ipsis
1119 3095 1412 3169 "nugaris,
1459 3117 1691 3171 quorum
1739 3103 1901 3176 245
1950 3123 2110 3162 nemo

1814 426 2138 489 JOANNIS
2175 426 2503 489 CINNAMI

397 604 402 611 ,
514 540 833 597 damnavit:
870 559 889 593 ι
915 539 1084 598 Nobis
1141 543 1287 598 enim
1320 542 1518 611 aiebat,
1548 542 1884 601 obsidionem
1920 544 2086 598 omit-

2206 541 2324 611 γάρ,
2374 542 2552 611 ἔλεγε,
2603 545 2703 613 τῆς
2745 542 3067 614 πολιορκίας
3144 540 3551 611 ἀποσχομένων
3627 542 3786 611 ημῶν

394 694 397 697 η
512 631 779 696 tentibus,
814 632 1082 704 integrum
1115 635 1220 690 erit
1244 634 1534 705 llungaris,
1558 636 1655 707 qui
1687 636 1938 706 prmsidio
1969 636 2088 691 urbi

3679 388 3788 488 eos

2191 626 2429 698 δύναμίν
2466 646 2528 681 τε
2554 628 2755 700 πολλὴν
2781 629 2884 700 τῆς
2914 630 3010 683 νῦν
3041 627 3210 699 μείζω
3244 628 3340 682 καὶ
3378 628 3451 682 τά
3490 628 3789 699 ἐπιτήδεια

2190 719 2437 791 διαρκῶς
2459 720 2863 791 ἐσκομίσασθαι
2897 720 3156 784 θύννους,
3209 719 3261 772 οἳ
3308 718 3461 789 ἀμφὶ
3509 721 3582 790 τῇ
3632 720 3787 773 πόλει

2197 811 2449 882 φρουράν
2510 812 2817 867 ποιοῦνται.
2877 830 2896 864 ι
2973 811 3182 865 Ἐδόκει
3243 810 3301 864 δὲ
3362 810 3523 881 αὐτῷ
3575 810 3643 864 τὸ
3690 811 3790 879 μὲν

2194 899 2547 970 ἀχρειότερον
2570 899 2666 952 τοῦ
2701 897 2935 971 στρατοῦ
2963 913 3059 952 και
3083 900 3210 953 ὅσον
3233 897 3516 950 οἰκετικὸν
3548 894 3623 968 ἦν
3646 899 3788 950 ὅπλα

2193 990 2553 1063 περιθέμενον
2578 990 2744 1046 αὐτοῦ
2774 992 2909 1064 πρὸς
2934 993 3000 1061 τῇ
3032 989 3189 1043 πόλει
3216 992 3398 1058 μεῖναι
3430 990 3551 1042 ὑπὸ
3576 1006 3783 1058 στρ-ιτ-

2193 1084 2349 1151 ηγοϊς
2377 1101 2488 1138 τισι
2525 1083 2637 1138 τῶν
2681 1084 2744 1138 ού
2770 1083 2895 1139 λίαν
2926 1084 3239 1152 ἐπισήμων,
3271 1081 3333 1135 τδ
3369 1082 3415 1135 δ’
3456 1082 3602 1135 ἄλλο
3643 1080 3795 1134 ἅπαν

2195 1172 2315 1244 ἄμα
2346 1174 2498 1241 αὐτῷ
2522 1175 2617 1229 ἐπὶ
2652 1174 2890 1239 Οὖννους
2921 1174 3051 1238 τοὺς
3100 1171 3299 1236 ἀλλους
3345 1172 3489 1225 ίέναι
3538 1173 3793 1242 μαχησό-

2199 1284 2385 1337 μενον.
2424 1268 2515 1332 Ὦς
2538 1264 2634 1322 οὖν
2663 1269 2890 1340 ἐκράτει
2911 1266 3108 1332 ταῦτα,
3152 1265 3658 1338 παρεσκευάζοντο
3696 1265 3795 1334 μὲν

2196 1362 2297 1428 τῆς
2328 1360 2595 1431 ἐπιούσης
2626 1359 2840 1414 ἐκεῖθεν
2890 1357 3323 1427 ἀναστησόμενοι
3343 1398 3359 1419 ,
3392 1357 3523 1411 ἐπεὶ
3542 1357 3604 1408 δὲ
3641 1356 3798 1409 οὐδὲν

2195 1451 2412 1505 οὐδέπω
2469 1453 2645 1520 σαφὲς
2699 1452 2889 1515 αὐτοῖς
2949 1450 3280 1520 ἀπηγγέλη,
3346 1448 3798 1518 ἐξοπλισάμενοι

2200 1543 2376 1597 ἔωθεν
2433 1543 2533 1597 καὶ
2576 1544 2771 1616 τρίτην
2804 1544 2907 1612 ἠδη
2945 1546 3143 1614 πεῖραν
3177 1541 3468 1613 προσῆγον
3497 1544 3573 1613 τῇ
3614 1540 3795 1594 πόλει.

2196 1637 2359 1707 Μάχη
2394 1634 2574 1689 τοίνυν
2602 1631 2759 1698 αὖθις
2789 1635 3107 1689 συνίσταται
3152 1652 3168 1666 ·
3205 1635 3303 1687 καὶ
3339 1631 3544 1688 υῦννοι
3594 1634 3699 1704 μὲν
3748 1634 3799 1693 οἱ

2198 1732 2293 1784 ἐπὶ
2323 1729 2432 1783 τῶν
2463 1728 2745 1794 ἐπάλξεων
2776 1729 2947 1794 λίθοις
2981 1730 3076 1784 καὶ
3123 1729 3304 1799 βέλεσι
3343 1730 3439 1782 καὶ
3486 1729 3670 1783 παντὶ
3721 1727 3801 1797 τῷ

2203 1819 2579 1889 παρατυχόντι
2608 1822 2703 1871 τδν
2742 1818 3039 1888 Ῥωμαίων
3067 1817 3343 1888 ἠμύνοντο
3367 1818 3636 1888 στρατὸν,
3667 1820 3718 1870 οἱ
3742 1817 3801 1870 δέ

2204 1906 2465 1979 μᾶλλονῆ
2502 1907 2769 1977 πρότερον
2800 1905 3128 1977 ύπὼρυσσόν
3168 1923 3229 1960 τε
3272 1907 3339 1959 τά
3369 1906 3640 1977 κρηπιδὼ
3653 1922 3803 1975 ματα

2205 1998 2303 2051 καὶ
2336 1999 2453 2060 τοῖς
2485 1997 2843 2069 πετροϐόλοις
2879 1998 2979 2061 τὰς
3024 1996 3135 2050 τῶν
3167 1996 3336 2051 λίθων
3387 1996 3800 2066 διεσπάραττον

2200 2090 2460 2160 ἐμϐολάς,
2495 2088 2943 2159 παρακελευσμοί
2990 2107 3045 2143 τι
3084 2089 3273 2159 συχνοὶ
3304 2089 3400 2142 καὶ
3429 2088 3801 2157 παραινέσεις

2202 2182 2484 2251 ἑκατέρων
2543 2180 2828 2250 ἠκούοντο,
2887 2181 2984 2234 καὶ
3028 2179 3126 2252 βοὴ
3168 2180 3265 2234 καὶ
3313 2179 3646 2249 ἀλαλαγμὸς
3709 2174 3798 2249 ἦν,

2202 2272 2297 2326 καὶ
2324 2271 2490 2342 θροῦς
2519 2271 2779 2342 ἠγείρετο
2805 2271 3044 2342 ἄσημος.
3072 2266 3268 2325 Οὗννοι
3298 2270 3485 2323 τοίνυν
3536 2269 3674 2332 τοὺς
3706 2269 3803 2322 ἐπὶ

2204 2363 2315 2417 τῶν
2356 2362 2627 2432 θεμελίων
2663 2361 3138 2433 ύπομοχλεύοντας
3169 2359 3439 2429 θεώμενοι
3496 2359 3799 2430 Ῥωμαίων

2204 2455 2389 2509 τοιάδε
2427 2454 2670 2509 ἐποίουν.
2703 2453 2868 2519 Λίθος
2900 2455 3043 2525 μέγα
3073 2471 3133 2507 τε
3154 2454 3348 2525 χρῆμα
3376 2453 3537 2517 ἐντὸς
3568 2452 3801 2522 τειχέων

2207 2547 2459 2618 κείμενος
2485 2541 2553 2617 ἦν
2578 2562 2596 2579 θ
2621 2545 2812 2600 τοῦτον
2845 2546 2951 2601 ὑπὸ
2982 2544 3298 2617 ξυλώμασιν
3323 2545 3616 2616 ἐνθέμενοι
3650 2543 3796 2615 σχοί-

2217 2654 2342 2700 νους
2372 2655 2433 2692 τε
2466 2637 2775 2709 ἀνάψαντες
2811 2638 2966 2707 σφῶν
3012 2637 3107 2691 ἐπὶ
3149 2636 3215 2691 τὸ
3270 2634 3489 2702 ξύλινον
3542 2635 3795 2691 ἀνεῖλκον

2209 2726 2387 2797 προπύ
2397 2743 2546 2799 ργιον
2562 2728 2698 2797 ὅπερ
2726 2727 2911 2790 αὐτοῖς
2938 2723 3343 2780 κατεσκεύαστο
3365 2725 3607 2795 τειχέων
3631 2724 3801 2796 ὑπερ-

2211 2817 2524 2886 ιστάμενον,
2598 2816 2673 2880 ὡς
2712 2816 2928 2870 ἐκεῖθεν
2954 2816 3048 2870 ἐπὶ
3103 2814 3423 2886 Ῥωμαίους
3455 2817 3794 2888 ἀφήσουσιν.

2222 2907 2365 2961 Ἀλλ’
2415 2908 2541 2978 ἄρτι
2572 2909 2600 2961 ὁ
2654 2906 2803 2971 λίθος
2850 2906 3050 2978 ὡμίλει
3097 2905 3179 2976 τῷ
3216 2905 3456 2976 πυργίῳ*
3486 2906 3553 2959 τὸ
3603 2904 3663 2960 δὲ
3700 2904 3798 2957 οὐκ

2210 2998 2441 3068 ἐνεγκόν
2470 2999 2571 3072 τὴν
2604 3000 2775 3071 ὁλκὴν
2803 3000 3005 3071 (μέγας
3045 2998 3158 3074 γὰρ
3202 2999 3508 3072 ὑπερφυῶς
3543 2993 3636 3070 ἦν)
3672 2996 3795 3062 ἐξα-

2211 3092 2449 3157 πιναίως
2500 3094 2672 3164 ραγέν
2720 3093 2804 3156 είς
2848 3093 2952 3163 γῆν
3001 3092 3206 3164 ἠνέχθη
3262 3094 3362 3146 σὺν
3407 3092 3524 3145 τῶν
3579 3088 3797 3145 θύννων

526 3185 818 3240 discrimen
867 3190 1062 3255 evasit,
1106 3190 1326 3260 delapsa
1356 3193 1408 3247 in
1456 3202 1659 3249 terram
1710 3198 1937 3255 corruit.
1976 3198 2104 3254 Iulle

2212 3185 2454 3250 πολλοῖς,
2520 3188 2619 3240 καὶ
2682 3185 2866 3239 αὐτῶν
2925 3185 3107 3249 οὐδεὶς
3152 3184 3247 3238 τὸν
3304 3184 3560 3238 κίνδυνον
3604 3181 3791 3252 ἔφυγε.

525 3275 722 3328 iterum
773 3277 975 3332 clamor
1009 3280 1138 3334 oriri
1183 3286 1369 3351 empit,
1408 3293 1463 3338 et
1503 3299 1680 3356 pugna
1730 3288 1899 3342 multo
1926 3290 2108 3344 acrior

526 3366 688 3422 facta.
724 3365 860 3421 Tum
893 3371 1055 3425 etiam
1093 3372 1475 3442 imperatorem
1518 3377 1694 3447 aiunt,
1722 3393 1847 3432 cum
1902 3379 2107 3434 Roma-

527 3474 655 3512 num
693 3462 980 3528 quemdam
1010 3474 1160 3519 certo
1193 3468 1299 3519 ictu
1332 3468 1401 3521 ab
1429 3468 1673 3524 hostibus
1699 3474 2106 3545 percutiendum

528 3558 585 3605 et
613 3550 755 3604 haud
787 3552 946 3607 dubie
967 3555 1263 3622 periturqu
1309 3558 1537 3614 vidisset
1559 3564 1863 3618 accurrisse
1897 3573 1950 3618 et
1977 3580 2105 3636 pro-

530 3649 687 3694 tenso
715 3641 902 3711 clypeo
933 3659 961 3697 a
996 3645 1222 3702 vibratis
1247 3647 1367 3703 telis
1395 3648 1669 3705 hominem
1694 3668 1970 3711 servasse.

599 3729 689 3784 16.
722 3730 960 3801 llungari
1000 3748 1126 3789 vero
1161 3744 1219 3790 ut
1253 3739 1521 3807 angustiis
1569 3757 1628 3796 se
1663 3744 1905 3814 undique
1932 3748 2108 3815 premi

529 3823 900 3887 adverterunt,
943 3825 1127 3881 missis
1159 3825 1352 3896 legatis
1381 3828 1683 3898 principem
1736 3847 2017 3901 rogavere,
2050 3844 2106 3890 ut

528 3913 788 3968 dedentes
832 3912 1110 3970 civitatem
1156 3917 1290 3971 salvi
1333 3926 1387 3973 et
1417 3919 1718 3987 incolumes
1763 3935 1985 3993 possent
2010 3942 2108 3981 ex-

527 4004 745 4060 cedere.
777 4007 847 4059 At
891 4006 980 4060 ille
1011 4023 1116 4061 non
1151 4024 1211 4065 se
1246 4010 1397 4078 prius
1433 4012 1486 4065 id
1518 4011 1781 4067 facturum
1811 4018 2109 4086 respondit,

526 4109 689 4163 quam
720 4094 1019 4164 Gregorius
1042 4101 1204 4169 etqui
1233 4116 1356 4155 eum
1388 4102 1453 4156 iis
1481 4113 1637 4157 erant
1659 4108 1854 4175 zupani
1888 4111 2112 4166 astricto

526 4187 746 4242 funibus
779 4188 940 4256 collo,
976 4192 1202 4260 pedibus
1224 4194 1601 4267 capitibusque
1624 4198 1784 4254 nudis
1813 4201 2108 4259 venissent.

527 4274 734 4344 Quibus
767 4295 889 4335 cum
935 4281 1042 4337 hoc
1076 4299 1339 4355 responso
1382 4287 1645 4357 remissis,
1687 4292 1913 4347 Romani
1954 4295 2111 4367 longe

529 4370 711 4424 acrius
745 4371 932 4427 urbem
979 4374 1153 4430 adorti
1198 4391 1316 4431 eam
1345 4393 1444 4448 per
1474 4380 1582 4435 vim
1627 4397 1963 4454 expugnant.
1993 4387 2109 4454 Qua

531 4472 710 4528 capta,
744 4460 1037 4533 Gregorius
1066 4477 1119 4522 et
1143 4473 1326 4525 caeteri
1371 4470 1751 4544 Hungarorum
1788 4479 1956 4536 duces
1984 4497 2106 4537 cum

2207 3273 2382 3345 Θρούς
2412 3274 2593 3327 τοίνυν
2621 3274 2718 3328 καὶ
2740 3272 2903 3329 πάλιν
2930 3273 3016 3346 [Ρ.
3046 3272 3175 3345 142]
3206 3274 3418 3345 ἠγέρθη
3451 3275 3552 3326 καὶ
3584 3274 3617 3343 ἠ
3651 3270 3794 3341 μάχη

2209 3368 2293 3419 ἐτι
2331 3367 2533 3438 μᾶλλον
2584 3367 2862 3437 ἐμαίνετο.
2900 3367 3031 3420 Ὅτε
3082 3366 3322 3434 λέγεται,
3371 3364 3446 3428 ὡς
3506 3362 3796 3433 Ῥωμαίων

2211 3462 2335 3514 τινα
2362 3460 2751 3530 εὐστοχώτατα
2809 3459 3275 3529 ἐπιτοξαζόμενον
3320 3457 3581 3529 βασιλεὺς
3627 3472 3794 3510 κατα·

2211 3553 2415 3622 νοήσας
2441 3552 2721 3623 ἐπέδραμέ
2746 3570 2807 3606 τε
2839 3552 2936 3606 καὶ
2960 3553 3062 3622 τὴν
3086 3552 3295 3606 ἀσπίδα
3322 3550 3621 3622 προτείνας
3651 3550 3793 3602 ἀπα-

2214 3644 2286 3714 θῆ
2319 3644 2494 3715 βελῶν
2527 3647 2816 3715 συνετήρει
2844 3645 2940 3697 τὸν
2986 3643 3298 3716 ἄνθρωπον.

2288 3735 2386 3800 ις’.
2421 3733 2615 3790 Οὗννοι
2649 3736 2728 3799 δὲ,
2762 3735 3072 3806 ἐπειδήπερ
3094 3736 3153 3788 ἐν
3186 3732 3360 3804 στενῷ
3396 3733 3601 3802 κομιδῆ
3627 3748 3791 3802 περι-

2215 3828 2409 3898 στῆναι
2459 3827 2613 3896 σφίσι
2662 3828 2730 3880 τὰ
2777 3828 3085 3898 πράγματα
3134 3826 3408 3895 ἔγνωσαν,
3472 3825 3791 3896 πέμψαντες

2218 3919 2458 3990 ἔχρῃζον
2516 3919 2807 3989 βασιλέως,
2859 3920 2935 3982 ὡς
2986 3919 3235 3982 ἐνδόντες
3277 3916 3377 3989 τὴν
3427 3918 3589 3972 πόλιν
3645 3912 3789 3981 αὐτῷ

2211 4010 2379 4083 ἀθῷοι
2443 4009 2700 4066 ἐντεῦθεν
2730 4010 2918 4065 λοιπὸν
2945 4010 3358 4077 ἀπαλλάξωσιν.
3387 4009 3446 4063 '0
3472 4009 3530 4063 δὲ
3564 4010 3625 4063 ού
3663 4006 3789 4077 πρό·

2211 4118 2374 4173 τερον
2423 4100 2529 4171 ἐφη
2583 4102 2744 4155 τοῦτο
2795 4103 3045 4171 ποιήσειν
3095 4103 3227 4172 πρὶν
3271 4102 3338 4155 ἂν
3393 4098 3634 4155 καλώδια
3682 4095 3787 4149 τῶν

2211 4192 2805 4264 τραχήλωνΓρηγόριός
2822 4210 2881 4245 τε
2912 4193 3003 4246 καὶ
3030 4192 3140 4246 τῶν
3162 4193 3222 4246 ἐν
3253 4193 3405 4263 σφίσι
3425 4189 3713 4258 ζουπανῶν
3741 4186 3786 4239 οί

2212 4283 2364 4338 ἄλλοι
2397 4282 2742 4355 ἀναψάμενοι
2772 4272 3117 4354 γυμνωθεϊσι
3184 4284 3316 4337 ποσὶ
3354 4285 3449 4339 καὶ
3490 4281 3784 4350 ἀκαλυφέσι

2211 4378 2334 4439 ταῖς
2384 4375 2655 4445 κεφαλαῖς
2702 4377 2826 4440 ταῖς
2864 4375 3048 4430 αὐτῶν
3095 4374 3325 4432 ἔλθοιεν.
3377 4376 3436 4430 '0
3465 4376 3568 4446 μὲν
3598 4375 3661 4445 δὴ
3696 4371 3785 4426 ἐπὶ

2209 4466 2474 4532 τοιούτοις
2498 4469 2634 4523 αὐτο
2648 4467 2712 4532 ὺς
2743 4466 3135 4538 ἀπεπέμψατο·
3186 4466 3454 4537 Ῥωμαῖοι
3481 4468 3538 4521 δὲ
3567 4463 3782 4537 σφοδρός

533 4547 853 4619 ignominia,
886 4555 951 4609 ad
987 4570 1111 4612 eum
1151 4573 1310 4628 quem
1344 4562 1584 4620 diximus
1624 4569 1843 4623 modum
1880 4572 2104 4627 misera-

2212 4575 2373 4631 τερον
2404 4559 2796 4631 ἐπιδρίσαντες
2818 4559 2918 4631 τὴν
2945 4559 3104 4614 πόλιν
3130 4553 3297 4626 εἷλον,
3333 4554 3401 4632 ἦς
3438 4560 3543 4631 ἥδη
3571 4559 3781 4613 ἁλισκο-

533 4641 627 4695 bili
659 4644 845 4698 habitu
873 4661 972 4701 nec
995 4649 1112 4703 sine
1145 4649 1348 4718 ejulatu
1379 4655 1445 4709 ad
1471 4658 1770 4727 principem
1805 4676 2109 4720 accessere.
2138 4700 2147 4707 -

538 4730 738 4784 Verum
807 4732 895 4788 ille
946 4735 1260 4806 aliquandiu
1324 4757 1391 4796 ne
1459 4756 1681 4816 aspectu
1740 4748 1958 4818 quidem
2018 4769 2113 4809 eos

532 4820 784 4892 dignatus
810 4835 934 4881 est:
974 4831 1067 4884 sed
1109 4834 1322 4886 tandem
1369 4832 1500 4889 Bela-
1532 4820 1928 4907 in‘tercedente,
1962 4860 2109 4898 mor-

534 4921 642 4968 tem
693 4915 1039 4983 roudonavit,
1102 4935 1307 4991 eosque
1363 4925 1415 4977 in
1481 4928 1784 4983 custodiam
1843 4935 2112 5004 extemplo

533 5006 734 5076 conjici
763 5006 949 5076 jussit.
1007 5009 1234 5065 Romani
1275 5024 1452 5071 autem
1485 5032 1697 5074 summo
1721 5022 1885 5078 animi
1918 5024 2113 5082 ardore

527 5100 722 5154 urbem
754 5101 980 5171 ingressi
1009 5105 1254 5161 homines
1275 5106 1345 5161 ibi
1376 5109 1522 5165 velut
1547 5126 1714 5182 agnos
1747 5115 2107 5177 trucidarunt.

536 5191 690 5249 Unde
719 5194 848 5249 mihi
886 5195 1210 5251 oboriuntur
1238 5183 1513 5271 lacrymm,
1546 5219 1669 5258 cum
1715 5206 1877 5261 vitam
1913 5207 2109 5264 huma-

534 5298 660 5337 nam
693 5284 936 5352 ,intueor,
984 5295 1041 5339 et
1071 5288 1292 5356 quantis
1339 5289 1481 5345 ultro
1540 5308 1600 5348 se
1651 5295 1806 5351 malis
1854 5298 2106 5355 miserum

533 5374 639 5429 huc
679 5377 957 5431 hominum
1010 5393 1181 5447 genus
1232 5380 1483 5436 ithOIan.
1536 5385 1941 5443 Aufert-bantur
1988 5392 2110 5445 the-

534 5466 681 5518 sauri
717 5476 774 5520 et
808 5477 987 5522 vestes
1046 5477 1103 5522 et
1149 5486 1279 5525 vasa
1330 5482 1609 5542 argentea,
1641 5478 1930 5547 omniaque
1975 5482 2109 5536 adeo

532 5571 723 5609 eorum
763 5558 899 5611 bona
936 5556 1349 5628 diripiebantur.
1384 5564 1525 5628 Quin
1570 5578 1622 5620 et
1657 5566 1873 5621 inventa
1914 5580 1997 5625 est
2028 5569 2107 5623 iu-

555 5647 659 5698 t-lix
707 5646 873 5718 246
907 5651 1246 5719 muliercula,
1275 5654 1362 5708 cui
1398 5671 1520 5723 pars
1552 5671 1656 5725 qua
1702 5659 1953 5713 sedemus
2004 5660 2108 5714 telo

535 5740 793 5790 ltnuslixa
865 5750 1000 5795 erat.
1051 5740 1107 5795 ιιι
1156 5746 1203 5798 ei
1257 5750 1524 5813 quomodo
1558 5751 1833 5805 ‘acciderit
1873 5764 2106 5805 commc-

535 5826 784 5881 morabo.
822 5827 945 5885 llaec
973 5833 1230 5889 nondum'
1258 5838 1431 5893 adhuc
1468 5851 1625 5895 cauta
1670 5841 1889 5895 civitate
1944 5857 2103 5897 supra

2219 4651 2415 4721 μένης,
2447 4649 2752 4723 Γρηγόριός
2779 4668 2838 4705 τε
2870 4649 2967 4705 καὶ
2989 4650 3040 4705 οἱ
3059 4651 3158 4706 σὺν
3189 4650 3339 4722 αύτῷ
3364 4647 3660 4721 στρατηγοί⁸
3679 4643 3780 4698 τῶν

2215 4741 2438 4795 Οὗννων
2470 4742 2570 4796 σὺν
2606 4741 2807 4814 ἀτιμίᾳ
2839 4741 3043 4811 τρόπον
3082 4742 3176 4795 τὸν
3218 4742 3516 4812 εἰρημένον
3566 4732 3780 4794 ἐλεεινοὶ

2212 4834 2323 4889 τῶν
2370 4833 2672 4906 σχημάτων
2730 4834 2943 4904 βασιλεῖ
2996 4834 3319 4907 προσιόντες
3366 4833 3577 4891 ἔκλαον.
3617 4832 3674 4883 '0
3724 4823 3778 4877 δὲ

2217 4928 2378 4998 μέχρι
2406 4927 2508 4997 μέν
2528 4942 2671 4991 τινος
2692 4926 2814 4980 οὐδὲ
2841 4926 3206 4999 προσὸλέπειν
3227 4927 3398 4997 ἠξίου,
3418 4925 3515 4995 ὀψὲ
3539 4925 3595 4978 δὲ
3619 4917 3778 4977 πολλὲ

2214 5017 2313 5071 τοῦ
2349 5016 2489 5071 Βελᾶ
2522 5017 3034 5087 παραιτησαμένου,
3082 5016 3176 5072 τὸν
3210 5018 3310 5087 μὲν
3352 5015 3512 5084 φόνον
3554 5012 3776 5082 ἀφῆκεν,

2212 5111 2272 5173 ἐς
2313 5110 2371 5164 δὲ
2413 5109 2662 5182 φρουρὰν
2703 5110 2908 5162 αὐτίκα
2944 5108 3185 5180 ἔπεμψε.
3242 5109 3508 5180 Ῥωμαῖοι
3542 5108 3599 5162 δὲ
3630 5096 3777 5171 θυμῷ

2213 5201 2439 5274 μεγάλῳ
2492 5202 2571 5265 εἰς
2614 5200 2714 5271 τήν
2767 5200 3241 5263 πόλιν-εἰσιόντες
3298 5200 3392 5253 ἆτε
3446 5199 3618 5270 ἀρνας
3659 5190 3775 5250 τοὺς

2210 5293 2340 5362 τῇδε
2376 5291 2638 5344 κατέθυον
2662 5289 3014 5361 ἀνθρώπους.
3054 5291 3186 5344 Ὅτε
3237 5307 3329 5361 μοι
3381 5291 3476 5343 καὶ
3516 5284 3774 5359 δακρῦσαι

2211 5382 2415 5453 ἐπῆλθε
2448 5381 2567 5453 βίον
2598 5381 2943 5453 ἐννοουμένῳ
2971 5383 3066 5435 τὸν
3091 5381 3434 5454 ἀνθρώπειον
3462 5381 3608 5444 ὅσοις
3633 5393 3691 5430 τε
3719 5373 3776 5425 τὸ

2210 5475 2442 5530 δείλαιον
2473 5474 2635 5528 τοῦτο
2679 5475 2836 5543 γένος
2870 5474 3140 5536 ἑκουσίοις
3174 5474 3336 5528 ἐαυτδ
3383 5474 3639 5541 ξυνέδησε
3681 5480 3774 5521 κα-

2212 5569 2354 5630 κοῖς.
2393 5567 2632 5634 Ἥγοντο
2670 5567 2935 5636 κειμήλια
2962 5566 3061 5620 καὶ
3086 5566 3375 5636 ίματισμοὶ
3409 5568 3503 5619 καὶ
3534 5556 3774 5633 ἀργυρώ-

2216 5677 2383 5731 ματα,
2415 5660 2509 5714 καὶ
2539 5660 2713 5714 πάντα
2737 5660 2803 5713 τὰ
2823 5660 3047 5714 ἐκείνων
3068 5657 3314 5730 ἐληίζετο
3342 5651 3774 5725 ἀγαθάῖοπλῃις

2214 5754 2330 5816 τοῖς
2361 5750 2574 5822 ἐχθρῶν
2600 5752 2915 5822 ἠμπίσχετο
2945 5752 3175 5814 ἕκαστος
3210 5751 3305 5803 καὶ
3330 5750 3438 5803 τῶν
3462 5747 3633 5816 ψιλῶν
3656 5738 3771 5794 τοῦ·

2212 5860 2321 5899 των
2351 5844 2448 5899 καὶ
2475 5823 2726 5898 ἀνόπλων
2767 5841 3053 5907 μαγητῶν,
3103 5844 3193 5896 ὅτε
3236 5842 3301 5905 δὴ
3345 5842 3440 5896 καὶ
3471 5824 3686 5899 γύναιὸν
3723 5840 3771 5876 τι
