4014 6402
226 353 338 418 609

1449 355 1877 418 HISTORIAR
1902 359 2016 419 UM
2059 359 2206 418 LIB.
2246 361 2316 421 V.

3395 363 3502 430 610

226 465 426 538 εὕρετο
448 465 715 539 δύστηνον
740 469 1136 543 διεληλαμένην
1165 469 1328 524 ἀκίδα
1349 474 1444 542 τῆς
1476 473 1640 542 ἕδρας
1671 471 1794 542 ἔχον

1925 485 2113 525 muros
2143 480 2298 526 stans
2329 486 2565 526 cinerem
2616 473 2950 538 excutiebat,
2989 482 3044 529 et
3074 474 3305 530 sublatis
3352 477 3502 533 nullo

229 558 407 614 Πόθεν
463 560 519 613 δὲ
591 560 742 631 αὐτῷ
813 563 974 616 τοῦτο
1033 563 1256 634 συνέϐη,
1308 564 1510 618 αὐτίκα
1561 556 1810 633 δηλώσω.

228 651 407 722 Αὕτη,
448 653 690 724 ὁπηνίκα
727 653 814 706 ἔτι
845 655 1121 719 ἀνάλωτος
1157 652 1226 727 ἦν
1255 658 1288 727 ή
1322 657 1497 720 πόλις,
1525 657 1666 728 ὑπὲρ
1703 657 1813 710 τῶν

225 743 458 812 τειχέων
511 743 730 798 ἑστῶσα
784 745 983 798 σποδόν
1041 763 1102 798 τε
1159 748 1412 800 κατέσειε
1467 749 1543 818 (6)
1595 751 1691 802 καὶ
1744 750 1811 802 τὰ

229 833 427 903 ἱμάτια
452 836 642 905 κ·5σμῳ
665 835 842 888 οὐδενὶ
860 836 1183 904 ἀνασύρασα
1211 838 1311 910 τὴν
1335 839 1494 911 ἕδραν
1520 839 1813 910 παλιντρό-

229 943 320 996 πῳ
354 925 434 996 τῷ
468 925 758 997 προσώπῳ
787 930 846 992 ἐς
892 930 986 982 τὸν
1030 929 1321 1000 Ῥωμαίων
1361 933 1600 986 ἐδείκνυε
1643 950 1810 1004 στρα-

226 1018 342 1081 τὸν,
369 1019 675 1089 ἀπέραντόν
699 1021 760 1073 τέ
790 1038 911 1073 τινα
938 1021 1296 1092 βαττολογίαν
1319 1025 1704 1095 ὐποψάλλουσα
1730 1026 1806 1096 (7)

223 1107 575 1178 δαιμονιώδει
600 1111 710 1162 τινὶ
739 1111 1050 1182 μαγγανεία
1083 1111 1393 1181 Ῥωμαίους
1420 1112 1626 1177 ξυνδεῖν
1650 1113 1803 1184 ᾤετο.

241 1199 406 1255 Ἀλλά
428 1218 510 1264 τις
545 1202 902 1272 στρατιωτῶν
940 1201 1094 1273 βέλος
1124 1203 1212 1259 ἐπ’
1238 1202 1411 1276 αὐτὴν
1437 1205 1597 1273 ἁφὰς
1632 1222 1807 1258 κατα-

223 1295 384 1364 τυχεῖ
434 1293 536 1364 τῆς
585 1294 957 1366 ταλαιπώρου,
1010 1295 1142 1349 ἔνθα
1173 1296 1265 1349 τὸν
1303 1297 1396 1350 τοῦ
1429 1297 1804 1368 σκυδαλισμοῦ

225 1386 605 1456 παραπομπὺν
635 1388 667 1457 ὴ
704 1386 867 1456 φύσις
901 1388 1118 1441 αὐλῶνα
1143 1388 1377 1460 ἵδρυσεν.
1409 1388 1614 1460 Εῢρετο
1637 1390 1693 1443 δὲ
1713 1391 1806 1444 καί

224 1492 310 1538 τις
361 1476 650 1546 Ῥωμαίων
676 1479 962 1552 δεσμώτης
989 1484 1016 1535 ὁ
1057 1481 1278 1554 τλήμων
1325 1484 1418 1535 ἐπὶ
1475 1482 1804 1548 σκολιώδους

218 1567 368 1630 τινὸς
401 1571 495 1622 καὶ¹
519 1570 745 1641 ἀνηλίου
770 1572 1178 1645 καθειργμένος
1200 1574 1483 1645 δωματίου
1506 1575 1602 1629 ἀπ’
1623 1577 1804 1640 αἰτίας

219 1661 671 1718 τοιᾶσδε.Τοῦτον
686 1665 877 1720 Οὖννοι
903 1668 1254 1738 αἰχμάλωτον
1285 1669 1386 1740 ἤδη
1417 1672 1800 1742 πεποιημένοι,

219 1753 319 1806 ἅτε
359 1756 576 1823 τοξείας
609 1753 669 1811 εὖ
706 1759 876 1813 εἰδότι
928 1761 1228 1830 Ῥωμαίοις
1278 1764 1342 1814 ὲκ
1372 1761 1467 1814 τοῦ
1509 1764 1800 1835 περιόόλου

1924 562 2129 629 ριιιιοτο
2155 561 2649 622 νοειί,ι›ιιε.εῐειςῖθιιί
2691 573 2966 631 avertens,
3010 575 3166 620 nates
3211 566 3507 635 inspicien-

1922 650 2021 702 das
2052 649 2329 719 pratbebat
2370 649 2615 703 Romano
2641 651 2941 717 exercitui,
2973 652 3142 706 multa
3175 655 3505 708 intercincns

1922 750 1977 792 et
2032 753 2401 803 murmurans,
2455 740 2654 807 quibus
2699 748 2816 793 arte
2876 742 3107 807 quadam
3170 743 3502 797 dtemouiaca

1917 832 2193 885 Romanos
2221 830 2492 886 fascinare
2518 845 2584 884 ac
2611 831 2902 900 praestigiis
2939 832 3155 886 irretirc
3191 833 3501 886 arbitraba—

1919 935 2024 980 tur.
2056 924 2165 980 Sed
2195 925 2350 980 miles
2377 925 2596 994 quidam
2646 925 2893 980 immisso
2928 925 2982 979 in
3011 925 3156 980 illam
3191 925 3295 978 telo
3331 927 3501 981 miseo

1917 1031 2031 1070 ram
2067 1031 2132 1072 eo
2178 1019 2418 1086 percutit
2449 1016 2606 1081 loco,
2642 1032 2804 1086 quem
2838 1017 3120 1087 ejiciendis
3161 1025 3354 1070 natura
3401 1032 3503 1070 ex-

1915 1111 2206 1164 crementis
2239 1108 2389 1164 fecit.
2437 1107 2706 1178 Repertus
2749 1119 2833 1164 est
2883 1119 2938 1162 et
2987 1109 3266 1164 Romanus
3308 1107 3504 1176 aliquis

1915 1203 1968 1256 in
1999 1202 2276 1257 sordidum
2316 1217 2379 1257 ac
2425 1203 2774 1257 tenebrosum
2805 1216 3078 1256 carcerem
3123 1199 3291 1254 miser
3319 1199 3504 1269 conjs-

1915 1301 2000 1346 tus
2032 1306 2096 1346 ex
2131 1291 2297 1346 haece
2349 1306 2536 1345 causa.
2568 1290 2704 1344 Cum
2745 1306 2868 1344 eum
2916 1291 3190 1359 captivum
3239 1281 3503 1344 fecissent

1915 1380 2152 1450 lluttgari
2209 1381 2521 1450 scirentque
2559 1380 2843 1452 jaculandi
2901 1380 3297 1451 peritissimum
3353 1393 3498 1444 esse,

1913 1485 1971 1528 ut
2017 1474 2288 1530 Romanos
2323 1489 2352 1527 e
2377 1490 2531 1528 muro
2555 1473 2766 1544 sagittis
2787 1473 3071 1544 impeteret
3092 1474 3378 1542 cogebant.
3403 1464 3504 1525 11Ιό

1911 1581 2040 1621 vero
2067 1567 2256 1621 crebra
2287 1568 2502 1637 quidem
2535 1565 2784 1621 vibrabat
2816 1565 2920 1620 tela
2945 1603 2962 1630 ,
2995 1565 3088 1620 sed
3104 1553 3191 1618 ita
3230 1572 3288 1616 ut
3319 1563 3504 1618 omnia

1909 1657 2380 1725 praetervolareut.
2405 1657 2676 1725 Quod'ubi
2717 1656 3003 1712 advertere
3047 1653 3310 1724 Hungari,
3333 1653 3502 1724 virgis

1909 1765 2105 1806 caesum
2141 1749 2412 1805 hominem
2451 1749 2726 1819 arctisque
2758 1749 3113 1804 constrictum
3145 1746 3502 1816 compedibus

221 1847 646 1912 ὲπιτοξάζεσθαι
687 1852 937 1923 ἀνάγκην
993 1854 1299 1925 προσῆγον.
1375 1855 1437 1910 Ὀ
1480 1856 1538 1908 δὲ
1582 1857 1644 1910 οὐ
1702 1857 1800 1909 σὺν

1908 1843 1958 1898 in
1978 1842 2274 1898 custodiam
2295 1845 2558 1897 condunt.
2582 1841 2660 1895 ita
2690 1855 2906 1895 rursum
2937 1849 3096 1910 capta
3120 1847 3204 1894 est
3232 1837 3496 1907 Zeugme.

220 1935 416 2008 γνώμῃ
455 1939 556 2008 μὲν
587 1940 743 2009 ἠφίει
781 1942 828 1995 δ’
860 1943 1008 2013 ὅμως
1045 1946 1250 2010 πυκνὰ,
1305 1945 1484 1998 πάντα
1527 1946 1583 1999 δὲ
1616 1949 1797 2019 ἁμαρ-

219 2031 335 2079 τεῖν
366 2031 578 2086 ἐποίει.
619 2034 802 2104 Ὅπερ
847 2031 1038 2089 Οὖννοι
1080 2044 1521 2107 κατανοήσαντες
1561 2042 1800 2108 ξαίνουσί

219 2125 279 2171 τε
313 2120 392 2191 τῷ
423 2123 697 2196 ἀνθρώπῳ
726 2127 870 2179 κατὰ
901 2128 1072 2181 νώτου
1106 2130 1306 2195 πολλὰς
1337 2132 1431 2184 καὶ
1486 2136 1585 2189 σὺν
1622 2137 1799 2205 ἀσφα-

218 2209 340 2282 λείᾳ
371 2213 764 2285 καθείρξαντες
802 2215 970 2289 εἶχον.
1015 2220 1172 2274 Οὕτω
1205 2222 1304 2292 μὲν
1343 2223 1410 2294 δὴ
1440 2225 1665 2298 Ζεύγμη
1704 2228 1800 2281 καὶ

222 2305 388 2358 πάλιν
419 2307 566 2360 ἑάλω
594 2323 609 2338 ο
638 2309 728 2363 ὅτε
771 2310 962 2364 πολλοὶ
1012 2311 1116 2382 μὲν
1158 2314 1256 2367 καὶ
1305 2315 1457 2370 ἄλλοι
1505 2316 1667 2387 λόγου
1706 2321 1801 2373 καὶ

1905 1937 2024 2003 Quo
2053 1935 2270 2005 quidem
2313 1944 2554 2004 tempore
2581 1933 2733 1988 multi
2769 1933 3031 2004 praclara
3063 1941 3118 1986 et
3145 1929 3498 2001 praedicanda

1904 2027 2234 2082 fortitudinis
2258 2027 2478 2081 edidere
2502 2023 2766 2091 facinora,
2799 2035 2962 2095 atque
2985 2026 3037 2078 in
3072 2025 3139 2080 iis
3155 2023 3499 2078 Andronicus

1903 2120 2104 2175 Ducas.
2137 2119 2268 2174 Cum
2284 2120 2430 2174 enim
2465 2116 2760 2184 Romanos,
2809 2116 3041 2172 admotis
3078 2116 3269 2184 scalis,
3292 2113 3498 2169 moenia

1901 2215 2087 2270 subire
2117 2229 2179 2268 ac
2205 2215 2472 2268 scandere
2500 2224 2771 2277 cerneret,
2803 2211 3070 2266 accedens
3117 2209 3185 2263 ad
3215 2207 3494 2262 Androni-

1906 2321 2032 2359 cum
2071 2306 2420 2380 imperatoris
2461 2313 2742 2374 agnatum,
2769 2304 2882 2369 ;sub
2916 2317 3024 2371 quo
3052 2317 3082 2356 a
3109 2299 3499 2369 TaurOScythis

220 2395 424 2467 ἀρετῆς
459 2399 790 2470 εἰργάσαντο
817 2401 970 2468 ἄξια,
1004 2404 1103 2476 οὐχ
1129 2405 1333 2475 ἥκιστα
1364 2407 1422 2461 δὲ
1462 2411 1557 2463 καὶ
1583 2403 1800 2484 Ἀνδρό-

1908 2397 2007 2462 iam
2046 2399 2242 2450 reduce
2294 2406 2348 2451 et
2394 2395 2612 2449 veniam
2665 2393 2987 2448 delictorum
3045 2393 3113 2447 ab
3169 2394 3499 2462 imperatore

220 2502 369 2548 νικος
393 2488 421 2540 ό
449 2489 680 2552 Δούκας.
727 2491 947 2561 Ἐπειδὴ
991 2491 1099 2562 γὰρ
1141 2491 1447 2560 Ῥωμαίους
1477 2495 1567 2549 διὰ
1595 2497 1797 2566 κλίμα-

223 2595 316 2642 κος
370 2581 870 2653 ἀναῤῥιχωμένους
919 2585 1014 2637 ἐπὶ
1057 2585 1116 2638 τὸ
1154 2589 1332 2656 τεῖχος
1367 2585 1507 2642 εἶδεν
1529 2588 1616 2661 [Ρ.
1650 2591 1794 2664 145],

220 2669 553 2744 Ἀνδρονίκῳ
585 2673 662 2745 (8)
729 2674 808 2744 τῷ
879 2676 1145 2746 βασιλέως
1200 2677 1480 2751 ὲξαδέλφῳ
1531 2685 1796 2753 προσιὼν,

222 2763 312 2832 ὑφ’
340 2763 400 2816 ὃν
425 2765 600 2818 τελεῖν
630 2766 822 2836 ἔλαχεν
846 2768 946 2838 ἤδη
980 2769 1044 2821 ὲκ
1080 2769 1489 2841 Ταυροσκυθῶν
1517 2774 1796 2844 ἀφικόμε-

229 2870 317 2906 νον
373 2854 503 2908 ἴλεώ
532 2873 592 2909 τε
619 2857 715 2910 τοῦ
745 2858 1014 2928 βασιλέως
1045 2861 1302 2930 τυχόντα,
1333 2863 1488 2932 ἠξίου
1515 2865 1795 2938 ἑνδοθῆναι

224 2945 375 3018 αὐτῷ
420 2949 523 3018 τῆς
568 2948 760 3002 ἀνόδου
807 2951 1134 3021 πειρᾶσθαι,
1181 2953 1276 3005 τοῦ
1309 2954 1366 3007 δὲ
1399 2957 1796 3028 ἐπιτρέψαντος

224 3037 430 3110 σπουδῇ
487 3038 657 3111 πολλῇ
709 3041 768 3104 ὲς
813 3040 974 3094 τοῦτο
1020 3041 1239 3114 ἐχώρει.
1279 3045 1500 3117 Ἐπειδὴ
1535 3049 1592 3101 δέ
1652 3067 1796 3114 τινες

229 3129 477 3184 Λατίνων
541 3133 778 3186 κατόπιν
843 3133 1019 3196 ίόντες
1076 3135 1373 3206 παρελθεῖν
1425 3139 1795 3210 ἐφιλονείκουν

230 3219 412 3286 αὑτὸν,
437 3221 466 3273 ὁ
490 3220 546 3274 δὲ
578 3223 916 3292 ἀντέπραττε
949 3225 1104 3294 σφίσι
1137 3226 1308 3279 πολλά
1337 3229 1430 3281 καὶ
1460 3229 1672 3303 οὐδαμῆ
1707 3234 1802 3286 τοῦ

225 3312 418 3377 κλέους
452 3319 759 3384 συγχωρεῖν
789 3316 1000 3388 ἤθελεν.
1024 3317 1110 3371 Ἐν
1139 3312 1184 3386 ᾧ
1207 3318 1262 3371 δὲ
1294 3319 1470 3375 ταῦτα
1499 3323 1730 3391 ἐγίνετο.
1767 3327 1801 3396 ή

225 3404 427 3473 κλίμαξ
473 3405 746 3474 αἰφνίδιον
779 3409 859 3471 είς
907 3409 1013 3478 γῆν
1060 3410 1264 3481 ἠνέχθη
1320 3415 1794 3492 κατασπασθεῖσαι

234 3497 372 3550 Ἀλλ’
405 3497 806 3570 ὁἈνδρόνικος
836 3499 934 3552 τοῦ
989 3501 1256 3573 συνήθους
1302 3506 1398 3558 καὶ
1455 3507 1618 3562 πάλιν
1663 3509 1796 3562 ἀντ-

229 3587 411 3643 ἐκειτο
435 3589 690 3663 θράσους.
730 3591 948 3663 Ἐπειδὴ
982 3593 1092 3664 γὰρ
1114 3594 1305 3666 ἑτέρας
1328 3597 1638 3668 ἐνεχθείσης
1671 3603 1804 3655 ἀνα·-

225 3681 515 3746 6αίνοντάς
553 3699 708 3746 τινας
737 3679 897 3748 αὖθις
932 3680 1064 3750 εἶδε,
1120 3685 1349 3758 δραμὼν
1395 3689 1658 3745 ἐπέϐαινε
1708 3695 1805 3747 καὶ⁹

229 3774 413 3836 αὑτός.
456 3774 644 3828 Ταῦτα
682 3775 782 3845 μὲν
830 3775 961 3847 τῇδε
1013 3775 1287 3848 ἐχώρησε.
1337 3780 1617 3850 Στέφανος
1669 3783 1728 3838 δὲ
1775 3787 1804 3839 ὁ

224 3867 326 3935 pip“,
353 3868 420 3938 τῇ
452 3867 551 3936 τῆς
588 3866 796 3930 πόλεως
839 3867 1124 3933 πεποιθὼς
1155 3869 1431 3942 ἀσφαλείᾳ
1475 3871 1638 3944 (πρὸς
1693 3875 1802 3945 γὰρ

1900 2499 2193 2544 ιτοιιδεοιιιο
2224 2488 2512 2551 militabat,
2543 2502 2668 2542 eum
2696 2487 2906 2557 rogavit
2941 2484 3103 2556 247
3135 2494 3192 2538 ιιι
3221 2484 3323 2538 sibi
3357 2497 3494 2550 quo-

1900 2598 2005 2652 que
2037 2581 2363 2637 ascendendi
2406 2589 2730 2650 potestatem
2768 2580 2970 2635 faceret
3023 2598 3038 2632 :
3077 2592 3248 2646 eoque
3278 2575 3504 2644 perluit-

1917 2683 2088 2740 tente,
2123 2689 2337 2728 summo
2369 2671 2540 2727 animi
2571 2674 2766 2727 ardore
2796 2670 2850 2725 in
2897 2668 2952 2725 id
2997 2667 3258 2723 incubuit.
3295 2665 3503 2727 Latinis

1906 2780 2036 2820 vero
2077 2765 2399 2834 quibusdam
2427 2778 2567 2833 pone
2592 2763 2767 2833 ipsum
2790 2762 3146 2832 sequentibus
3171 2773 3236 2814 ac
3263 2758 3502 2828 priorem

1901 2857 2080 2911 locum
2127 2869 2397 2924 occupare
2453 2855 2852 2920 annitentibus,
2885 2853 3014 2920 ipse
3060 2861 3249 2907 contra
3293 2850 3503 2912 obstiti;

1901 2951 2137 3000 maxime
2164 2959 2341 3014 neque
2363 2929 2660 3013 quidquam
2682 2945 2753 2999 de
2774 2943 2944 3012 gloria
2973 2943 3275 2997 concedere
3297 2938 3497 2994 voluit.

1901 3034 2119 3096 luterea
2163 3050 2345 3094 autem
2397 3021 2528 3093 dum
2580 3040 2698 3094 barc
2754 3039 2969 3102 fierent,
3011 3037 3158 3092 scala
3208 3036 3259 3090 in
3297 3044 3500 3091 terram

1907 3141 2132 3203 repente
2187 3131 2408 3201 delapsa
2451 3131 2622 3186 fracta
2672 3139 2779 3187 est.
2821 3130 2927 3186 Sed
2978 3129 3321 3184 Andronicus
3363 3141 3499 3181 con-

1910 3237 2122 3282 suetam
2180 3225 2466 3279 audaciam
2517 3225 2851 3293 resumpsit:
2885 3235 2941 3278 et
2968 3223 3131 3278 simul
3174 3232 3347 3290 atque
3392 3221 3498 3274 alia

1910 3327 2092 3373 erecta
2125 3317 2293 3381 scala,
2343 3316 2476 3370 vidit
2526 3315 2815 3370 nonnullos
2864 3316 3060 3368 iterum
3112 3311 3498 3376 ascendentes,

1908 3420 1962 3465 et
1997 3409 2116 3479 ipse
2161 3409 2328 3463 etiam
2385 3407 2647 3470 accurrit,
2680 3406 3049 3476 ascenditque.
3097 3404 3223 3460 Haec
3274 3404 3497 3472 quidem

1909 3503 1980 3557 ibi
2013 3516 2274 3572 prospero
2326 3515 2559 3556 cessere.
2622 3500 2934 3570 Stephanus
2980 3509 3160 3554 autem
3208 3512 3304 3552 rex
3353 3496 3500 3551 .iisus

1910 3597 2128 3667 ingenio
2157 3605 2211 3652 et
2237 3595 2542 3651 fortitudini
2576 3595 2816 3650 civitatis
2861 3595 3082 3666 (praeter
3127 3605 3320 3648 cetera
3350 3593 3498 3645 enim

1912 3695 2059 3748 rivus
2084 3707 2152 3747 ex
2205 3690 2330 3746 lstri
2384 3691 2646 3745 deductus
2698 3691 2859 3744 undis
2911 3705 3030 3743 eam
3095 3688 3349 3757 rigabat:
3403 3685 3498 3755 qui

1911 3785 2087 3853 primo
2121 3783 2338 3852 qu'ulem
2383 3765 2570 3851 aperte
2621 3792 2675 3836 et
2727 3781 2832 3835 sub
2872 3782 2964 3836 dio
3015 3784 3222 3850 positus
3248 3820 3264 3846 ,
3300 3779 3502 3834 deinde

1913 3878 2242 3946 imperatore
2293 3875 2570 3944 Stephano
2616 3875 2813 3930 bellum
2866 3875 3171 3942 inferente,
3223 3887 3319 3942 per
3367 3873 3499 3928 sub-

1570 3995 1676 4058 Du
1711 3996 1936 4078 Cangii
1968 4003 2160 4059 notas.
2201 4036 2207 4065 .

288 4112 638 4189 (6)210662
685 4114 1088 4189 τρι-κατέσειε.
1144 4113 1428 4189 Pulverem
1479 4118 1794 4189 dispergere

221 4182 361 4260 ιοιίιο
405 4187 677 4260 pertinuit.
721 4187 787 4260 ei!
855 4187 1427 4260 aestimarant?“
1487 4182 1798 4260 σπδδοέλαν-

217 4253 396 4328 τείαν,
422 4256 486 4307 de
510 4253 853 4328 qua__Delrius
889 4255 938 4328 Ι,
961 4253 1009 4308 iv
1037 4253 1267 4328 hisijttis.
1295 4257 1549 4325 Magicar.
1591 4253 1793 4328 quaest.

223 4323 295 4396 7,_
332 4321 748 4396 sect._i.ANam
802 4325 1007 4396 mulier
1063 4321 1157 4377 ιιιεί
1204 4321 1429 4396 magicis
1471 4321 1796 4384 incantatio-

220 4394 385 4448 nibus
434 4393 747 4448 obsidentes
800 4394 1015 4447 irretirc
1067 4393 1389 4449 conabatur.
1442 4396 1552 4451 Nec
1580 4399 1697 4454 scio
1726 4417 1795 4454 an

220 4466 397 4538 etiam
433 4476 499 4538 eo
541 4475 796 4538 _spectet_
834 4479 885 4538 c.
935 4463 1006 4538 2?
1050 4464 1354 4538 additiouis
1413 4465 1449 4518 2
1499 4468 1566 4521 ad
1616 4467 1795 4538 Capit.

1898 4121 2476 4178 excommunicationis
2527 4122 2585 4178 in
2637 4121 2956 4175 Michaelem
3021 4117 3389 4187 patriarebam
3438 4127 3496 4171 et

1900 4194 2020 4262 ejus
2079 4206 2342 4260 sequaces
2392 4206 2560 4259 super
2630 4191 2789 4245 altari
2842 4189 3166 4262 posuissent
3227 4197 3500 4262 praesente

1899 4260 2044 4317 clero
2075 4271 2130 4314 et
2190 4262 2411 4328 populo,
2464 4262 2588 4314 inde
2617 4277 2742 4313 mox
2785 4262 2980 4329 egressi
3020 4261 3176 4312 etiam
3203 4260 3494 4329 puluerem

1899 4332 2098 4399 pedum
2125 4326 2342 4383 suorum
2376 4347 2650 4385 excussere
2672 4334 2723 4382 in
2756 4326 3110 4399 testimonium
3153 4326 3258 4380 illis
3287 4327 3494 4399 dictam

1905 4396 2179 4469 Evangelii
2209 4402 2626 4468 proclamantes:
2651 4400 2821 4454 rideat
2849 4400 2988 4453 Deus
3009 4397 3375 4467 eijudicet.;V.
3393 4396 3495 4449 Pa-

1911 4473 2094 4522 chvm.
2126 4471 2159 4521 l.
2201 4486 2261 4522 ιι.
2287 4487 2336 4522 c.
2372 4471 2460 4522 17.

1911 4473 2159 4541 chym.|.
2201 4486 2261 4531 ιι,
2287 4487 2336 4541 e_.
2372 4473 2460 4525 17.

221 4534 400 4621 gat-eli
541 4529 699 4621 Livi
755 4533 831 4614 De
865 4531 1160 4616 homicidiis
1193 4535 1348 4600 [actis
1374 4552 1513 4621 anno
1551 4529 1798 4603 praesenti
1824 4529 1878 4589 D
1904 4609 1918 4621 ι
1979 4529 2054 4611 (7)
2093 4529 2606 4621 'Y‘node-J'ovona.
2667 4539 2782 4621 Vos
2816 4538 3040 4619 magicis
3089 4536 3489 4619 incantationi-

220 4603 359 4674 inter
411 4603 648 4674 vulgares
678 4603 911 4658 homines
937 4605 1090 4672 quasi
1129 4616 1340 4674 propter
1369 4607 1631 4674 pulverem
1662 4625 1803 4662 mor-

223 4672 402 4726 talem.
465 4671 561 4726 Ubi
591 4683 804 4740 propter
855 4671 996 4727 idem
1033 4671 1171 4727 valet
1206 4671 1269 4728 ac
1301 4671 1412 4741 per,
1446 4678 1515 4730 ita
1551 4680 1801 4731 uthomi-

223 4743 364 4795 cidia
394 4742 538 4816 [acta
561 4759 654 4816 per
678 4743 940 4811 pulverem
969 4744 1282 4816 _mortulem
1340 4761 1435 4799 seu
1469 4761 1564 4813 per
1599 4765 1800 4816 τεφρα-

225 4813 486 4880 μαντείαν
526 4813 913 4876 intelltgantur.
963 4812 1068 4866 Sed
1120 4817 1421 4881 cuiusmodi
1470 4812 1558 4871 ea:
1600 4812 1802 4874 fuerint

223 4883 620 4937 incantationes
680 4897 743 4936 ea
778 4893 937 4936 aetate
993 4898 1090 4950 per
1150 4887 1449 4951 pulverem,
1480 4889 1620 4940 haud
1662 4903 1797 4942 cou-

224 4963 332 5006 stat
364 4967 380 5005 :
422 4967 544 5005 nam
579 4967 703 5021 quae
752 4953 939 5006 scribit
977 4953 1208 5020 Delrius,
1252 4955 1379 5009 huic
1427 4958 1545 5011 loco
1577 4958 1798 5013 minime

224 5023 576 5097 eonveniuut.
629 5021 768 5097 Quid
795 5022 845 5097 Asi
900 5023 1098 5097 mulier
1128 5023 1230 5078 ista
1256 5026 1532 5093 pulverem
1571 5028 1800 5097 pedibus

225 5091 280 5145 in
323 5093 520 5165 hostes
575 5092 884 5165 escutiebat
924 5093 978 5146 in
1014 5108 1202 5146 eorum
1232 5091 1602 5165 contemptum
1631 5097 1798 5151 ?l’ul-

226 5161 367 5234 veris
393 5164 536 5234 enim
573 5164 842 5225 excussio,
895 5173 1240 5229 contemptus
1297 5179 1391 5218 seu
1431 5161 1610 5234 potius
1639 5169 1794 5220 abdi-

226 5231 457 5286 cationis
510 5243 563 5286 et
610 5235 1192 5303 exconununieationis
1258 5231 1636 5303 argumentum
1695 5236 1802 5291 fuit

227 5316 290 5354 ex
333 5304 400 5354 iis
443 5318 562 5368 quae
600 5305 866 5357 habentur
901 5302 1091 5357 Matth.
1121 5317 1152 5355 κ
1183 5316 1240 5358 et
1272 5302 1444 5358 Marc.
1497 5321 1545 5359 vt
1574 5305 1799 5360 Guillel-

230 5388 350 5424 mus
399 5373 566 5428 abbas
620 5374 678 5427 S.
727 5371 1002 5426 Theudor.
1031 5375 1081 5425 in
1124 5371 1242 5427 Vita
1276 5377 1334 5428 S.
1370 5375 1530 5428 Bern.
1577 5379 1611 5430 l.
1656 5393 1715 5440 ιι,
1745 5393 1796 5432 c.

229 5445 260 5495 8
289 5459 315 5515 ε.
355 5441 456 5494 llic
485 5444 780 5514 (Ettgcttttts
812 5443 883 5515 ιν
928 5450 1041 5513 pp.)
1073 5443 1323 5496 seditione
1349 5455 1464 5497 orla
1490 5447 1549 5498 in
1607 5452 1797 5515 populo

227 5512 502 5583 pulverem
538 5517 725 5580 pedum
757 5515 812 5566 in
866 5512 1130 5583 litigantes
1188 5515 1435 5578 excussit,
1487 5526 1537 5569 et
1604 5512 1798 5571 relmis

226 5582 302 5655 eis
347 5583 404 5635 in
444 5581 732 5655 lf'runciam
789 5581 968 5655 renitﬁ
998 5584 1071 5637 Ita
1128 5584 1457 5638 Humbertus
1514 5587 1798 5655 episcopus

232 5653 390 5706 Silvae
432 5654 690 5708 Caudidze
714 5654 1006 5710 cardinalis
1058 5664 1114 5707 et
1148 5655 1236 5708 alii
1265 5655 1514 5709 Ecclesiae
1543 5653 1798 5712 “uetante

230 5723 644 5793 archiepiscopi,
690 5741 812 5778 cun.
860 5728 1159 5793 imperante
1193 5725 1552 5780 Constantino
1607 5725 1796 5780 Morio-

231 5793 422 5850 macbo
473 5792 628 5866 Cpoli
678 5796 730 5852 in
794 5792 1024 5851 ecclesia
1073 5796 1132 5850 S.
1199 5796 1415 5866 Sepbize
1470 5798 1792 5853 sententiam

1904 4609 2007 4666 bus
2036 4609 2043 4611 “
2068 4612 2310 4678 propria.
2375 4609 2624 4678 Veneﬁci,
2685 4612 2776 4680 qui
2822 4609 3038 4680 magicis
3098 4609 3332 4680 susurris
3360 4677 3369 4680 _
3395 4622 3494 4680 seu

1914 4676 2238 4750 carminibus
2287 4676 2522 4734 homines
2565 4676 2833 4741 occidunt,
2867 4676 2961 4750 §3
2994 4677 3234 4750 InstLde‘
3282 4676 3490 4750 public.

1898 4749 2071 4817 judic.
2127 4748 2374 4804 Julianus
2419 4751 2754 4804 Antecessor
2800 4745 2989 4804 Const.
3060 4745 3243 4818 107,§
3287 4745 3402 4818 ὗε
3431 4745 3494 4802 Si

1903 4816 2113 4873 uenenis
2168 4831 2258 4888 aut
2301 4821 2535 4872 susurris
2584 4820 2804 4888 magicis
2854 4816 3494 4888 vitaaAeorumiinsidia-

1904 4901 2104 4943 rentur.
2158 4887 2434 4942 Zoroastri
2499 4886 2709 4943 susurri
2778 4890 2920 4957 apud
2979 4886 3492 4957 Prudentiumad-

1908 4975 2098 5014 versus
2129 5029 2140 5030 ί
2159 4957 2373 5030 ΪΙιιιιιιεοε
2399 4976 2412 5012 :
2471 4958 2743 5030 Mogicum
2775 4956 3120 5030 susuyamen
3173 4958 3313 5030 apud
3345 4956 3496 5030 Apu-

1905 5030 2070 5084 leium
2127 5028 2345 5082 Metam.
2381 5030 2417 5084 Ι.
2453 5045 2490 5082 1.
2526 5027 2637 5084 Lex
2667 5031 2721 5092 5,
2764 5031 2828 5082 C.
2899 5027 3110 5085 Theod.
3170 5029 3238 5081 de
3282 5027 3488 5095 indulg.

1902 5101 2156 5154 erimin.:
2215 5098 2321 5162 Qui
2363 5101 2536 5152 noxiis
2591 5105 2814 5168 quwsila
2867 5098 3198 5168 graminibus
3249 5106 3298 5151 et
3357 5096 3491 5150 diris

1901 5170 2314 5222 immurmurata
2345 5171 2554 5223 secretis
2580 5171 2766 5223 mentis
2790 5178 2840 5222 et
2869 5169 3104 5237 corporis
3134 5182 3330 5221 venena
3347 5183 3494 5221 com-

1903 5243 2102 5308 posuit.
2156 5239 2290 5292 Acta
2324 5238 2603 5310 S.Thyrsi
2636 5255 2686 5294 (δ.
2716 5244 2750 5294 ὃ
2778 5255 2833 5294 ιι.
2855 5240 2927 5294 29
2950 5256 2963 5291 :
2990 5239 3122 5293 Aliis
3161 5237 3306 5290 circa
3328 5252 3492 5310 ntem-

1903 5307 1996 5362 bra
2025 5325 2206 5362 eorum
2233 5309 2472 5363 carmina
2497 5307 2993 5378 incantameulaque
3015 5307 3487 5378 murmurantibus.

1903 5379 2070 5432 Porro
2103 5379 2232 5448 quid
2293 5379 2470 5432 simile
2515 5389 2771 5433 narratur
2809 5397 2837 5432 a
2887 5377 3196 5448 [{aiinundo
3214 5379 3281 5430 de
3302 5377 3489 5446 Agiles

1903 5449 1956 5502 in
1989 5446 2133 5504 Hist.
2179 5447 2394 5504 Hieros.
2426 5463 2479 5517 p.
2511 5448 2614 5502 178
2641 5466 2653 5503 :
2707 5449 2839 5501 Dum
2870 5451 2988 5500 dua:
3021 5446 3263 5500 mulieres
3315 5461 3494 5517 petra-

1903 5521 2036 5571 riam
2089 5535 2248 5571 unam
2304 5521 2370 5571 de
2403 5516 2595 5573 nostris
2637 5521 2908 5586 fascinare
2955 5517 3168 5580 vellent,
3221 5518 3355 5580 lapis
3409 5516 3489 5569 τὶν

1901 5590 2070 5642 riliter
2130 5603 2380 5643 excussus
2429 5589 2671 5644 mulieres
2721 5588 3077 5641 carminantes
3146 5603 3264 5640 cum
3321 5588 3490 5640 tribus

1899 5660 2075 5727 pueris
2105 5659 2294 5712 aliisit.

1975 5729 2052 5849 l(ii)
2090 5728 2466 5849 ᾉὲὃρονίκφ.
2499 5727 2891 5829 Euphorbeno,
2923 5727 3073 5795 cujus
3111 5741 3274 5795 supra
3295 5727 3499 5802 ιιιιςιιιίέ

1905 5801 1981 5855 ttil
2009 5816 2064 5870 p.
2095 5801 2223 5855 ⁸2⁸23..
2805 5824 2810 5829 ·
