4014 6404
502 355 609 417 (iiii

1778 343 2097 407 ,1οᾹῗέδῖῐὲ
2137 341 2365 404 (ΣΙΝΝΧ
2380 350 2465 407 Ml

3648 345 3752 406 620

502 465 801 537 theologica
835 461 1173 531 ueterisque.
1207 460 1508 515 Exercebat
1560 457 1701 512 enim
1748 470 1869 509 sese
1913 455 1965 505 in
1999 453 2067 504 di-

2190 452 2286 517 τιδν
2335 456 2527 518 ἀνιείς.
2569 460 2627 511 Ὀ
2678 459 2776 527 μὲν
2836 455 2927 511 οῦν
2983 457 3152 521 οὕτως
3206 457 3471 526 δεξιότητι
3522 456 3750 522 φύσεως,

500 560 643 613 vinis
671 557 895 627 perinde
925 571 987 610 ac
1013 554 1424 609 humanioribus
1450 550 1776 620 disciplinis,
1807 557 1859 602 et
1884 558 2078 613 magno

496 663 790 719 utrumque
829 648 1062 703 habebat
1092 647 1233 712 loco,
1254 645 1478 699 Martem
1512 655 1565 697 et
1597 641 1946 703 Mercurium,
1976 633 2078 692 etsi

492 744 640 798 nullo
689 741 1081 812 propemodum
1139 747 1387 807 tempore
1437 736 1510 791 illi
1576 751 1605 789 a
1663 732 1870 788 bellicis
1924 730 2073 785 curis

493 844 735 889 vacaret.
771 833 867 887 ille
900 834 1105 899 itaque,
1139 830 1216 882 ιιιί
1269 829 1540 886 diximus.
1575 826 1881 894 complures
1906 837 1971 876 ex
2010 820 2076 873 iis

489 928 816 996 quibuscum
875 936 1201 990 congressus
1260 929 1388 983 est,
1464 917 1530 971 ad
1609 931 1763 970 suam
1825 911 2076 982 perduxit

486 1020 841 1075 sententiam.
877 1015 1118 1069 Primum
1140 1013 1286 1067 enim
1313 1026 1469 1066 nemo
1493 1018 1637 1071 erat,
1660 1010 1749 1078 qui
1774 1024 1875 1060 non
1904 1005 2074 1074 partis

484 1121 633 1166 esset
663 1111 765 1165 sibi
799 1110 1063 1171 adversae,
1101 1116 1462 1174 praeterquam
1498 1103 1674 1156 Lucas
1703 1102 1864 1154 rebus
1899 1096 2074 1153 eccle-

486 1200 728 1255 siasticis
782 1208 895 1252 tum
930 1195 1252 1266 praepositus
1279 1233 1294 1254 ,
1345 1195 1433 1263 qui
1471 1201 1526 1246 et
1556 1192 1669 1259 ipse
1704 1205 1804 1244 nec
1859 1187 2072 1258 aperire

494 1293 668 1345 libere
703 1299 937 1343 mentem
974 1303 1123 1341 suam
1146 1286 1399 1350 audebat,
1426 1299 1549 1338 cum
1587 1298 1681 1338 sex
1711 1297 1816 1335 non
1844 1280 2073 1348 amplius

484 1381 730 1435 diaconis
764 1378 953 1449 251‘.
983 1376 1174 1431 Cat-teri
1207 1386 1387 1429 autent
1428 1389 1618 1429 omnes
1642 1412 1658 1436 ,
1693 1380 1751 1426 ut
1782 1374 2072 1441 p‘erusque

484 1485 605 1543 post
657 1472 931 1525 lamiliare
987 1484 1111 1521 cum
1146 1468 1480 1537 imperatore
1516 1466 1840 1533 colloquium
1892 1479 1921 1515 a
1959 1463 2071 1516 suis

484 1564 732 1632 partibus
766 1559 1062 1614 abscedere
1093 1558 1379 1620 viderunt,
1414 1557 1467 1609 in
1502 1556 1729 1611 secretis
1778 1554 1899 1607 istis
1936 1570 2068 1607 cou-

492 1653 800 1723 gressibus,
835 1649 1032 1719 ingenii
1068 1649 1288 1709 solertia
1343 1662 1407 1703 ac
1452 1647 1648 1717 lingua:
1696 1644 1966 1700 lenocinio
2000 1645 2066 1697 ad

487 1753 634 1808 illius
685 1765 809 1805 esse
862 1757 1170 1819 pertractus
1215 1746 1542 1802 sententiam
1602 1744 1706 1798 rati
1753 1760 1767 1797 :
1818 1742 1960 1813 apud
2009 1756 2066 1795 se

482 1854 723 1899 statuere
769 1881 785 1907 ,
870 1850 930 1896 ut
1010 1854 1170 1894 nemo
1248 1853 1277 1891 e
1360 1839 1476 1892 suis
1556 1836 1814 1903 deinceps
1898 1834 2053 1888 solus

486 1942 583 1989 aut
620 1942 833 1987 secreto
881 1945 1002 1984 cum
1058 1928 1305 1999 principe
1362 1928 1781 1997 colloqueretur.
1838 1924 2066 1992 Quippe,

484 2025 587 2080 etsi
633 2039 739 2077 non
785 2023 837 2076 iu
888 2023 990 2076 hac
1018 2023 1125 2074 vita
1181 2019 1440 2089 quidem,
1474 2016 1693 2072 tandem
1744 2024 1922 2069 tamen
1952 2022 2073 2083 post

490 2124 722 2171 mortem
776 2112 1110 2168 anathemati
1156 2110 1381 2166 oumino
1427 2125 1547 2164 esse
1588 2106 1929 2164 subdendqu
1963 2104 2074 2159 aie-

481 2205 633 2261 bant.
682 2204 762 2259 Ad
800 2205 914 2259 htec
963 2212 1152 2258 mutuo
1203 2201 1257 2254 in
1291 2201 1498 2254 aedibus
1525 2200 1645 2254 suis
1675 2208 1729 2253 et
1760 2199 2069 2268 principum

481 2299 692 2368 aliquot
758 2297 1000 2351 virorum
1053 2303 1359 2349 conventus
1413 2291 1810 2353 instituerunt,
1842 2304 2072 2359 quorum

480 2388 723 2441 Omnium
774 2386 995 2455 ignarus
1027 2385 1326 2454 imperator
1352 2422 1369 2449 ,
1407 2380 1755 2452 Euthymium
1798 2377 2072 2434 Novarum

480 2476 770 2533 Patrarum
803 2477 1123 2546 episcopum
1182 2485 1397 2529 secreto
1445 2473 1511 2526 de
1548 2472 1652 2527 hac
1697 2470 2073 2527 controversia

492 2580 886 2641 percontatur,
947 2568 1196 2633 hancque
1248 2580 1370 2619 cum
1428 2564 1517 2619 illo
1566 2565 1775 2634 agitare
1826 2578 1886 2619 se
1941 2562 2077 2618 velle

486 2661 848 2731 quaestionem
914 2658 1012 2712 ait.
1048 2660 1145 2711 ’Δὶ
1209 2657 1256 2711 is
1310 2656 1448 2710 labia
1501 2656 1795 2711 occludens
1859 2653 2074 2710 silebat.

491 2749 829 2816 Exquirente
854 2759 1039 2805 autem
1078 2748 1411 2817 imperatore
1444 2762 1666 2802 causam
1699 2746 1924 2811 silentii,
1959 2755 2074 2798 tum

498 2842 841 2912 respondens
893 2840 984 2897 ille
1024 2856 1139 2897 rem
1187 2854 1404 2895 onmem
1459 2838 1741 2908 explicuit.
1777 2837 1850 2892 Ex
1882 2838 2077 2908 quibus

483 2953 591 2991 non
624 2937 836 2991 modice
881 2944 1186 2990 commotus
1235 2938 1488 3003 princeps
1540 2934 1731 3002 iraque
1756 2946 2075 2999 succensus,

481 3030 624 3099 quod
658 3028 796 3084 alias
825 3028 1021 3083 solitus
1052 3043 1158 3080 non
1196 3036 1312 3080 erat
1338 3068 1353 3092 ,
1408 3035 1593 3096 utpote
1619 3025 1710 3095 qui
1742 3040 1866 3087 cum
1907 3025 2074 3079 animi

2187 544 2325 617 ὅπερ
2359 549 2641 619 ἐλέγομεν,
2677 552 2908 614 πολλοὺς
2932 553 3038 604 τῶν
3069 551 3508 620 ἐντυγχανόντων
3538 553 3594 611 ἐς
3617 548 3753 608 γνώ-

2187 657 2296 709 μην
2329 643 2603 709 μετετίῦει
2643 644 2741 714 τὴν
2794 643 3013 699 ἑαυτοῦ.
3050 645 3123 697 Τὸ
3156 646 3264 713 γὰρ
3293 646 3560 713 πρότερον
3583 644 3754 706 οὐδεὶς

2180 728 2249 802 ἦν
2280 735 2423 796 ὅστις
2452 735 2573 804 οὐχὶ
2595 736 2690 803 τῆς
2722 737 3109 805 ἀντικειμένης
3141 737 3291 804 αὐτῷ
3328 739 3525 805 μοίρας
3554 732 3642 807 ἦν,
3672 737 3754 789 ὅτι

2182 823 2259 894 μὴ
2292 826 2507 889 Λουκᾶς
2526 828 2553 879 ὁ
2580 828 2835 895 τηνικάδε
2862 831 2974 891 τοῖς
3002 829 3481 897 ἐκκ).ησιαστικοῖς
3510 827 3755 895 ἐφεστὼς

2178 913 2236 976 ὃς
2277 915 2371 967 καὶ
2419 918 2580 980 αὐτδς
2624 920 2836 988 οὐδαμῆ
2888 920 3372 990 παρρησιάζεσθαι
3409 919 3491 972 ἔτι
3528 920 3751 987 ἐτόλμα,

2179 1009 2271 1059 καί
2333 1008 2600 1062 διακόνων
2634 1012 2694 1064 οὐ
2752 1011 2971 1076 πλείους
3021 1014 3131 1065 τῶν
3190 1012 3270 1078 ἓξ.
3301 1014 3364 1065 Oi
3419 1013 3475 1066 δὲ
3505 1013 3569 1082 δὴ
3604 1013 3754 1066 ἄλλοι

2178 1094 2440 1172 ᾅπαντες,
2470 1098 2544 1162 ὡς
2577 1104 2640 1153 ἐκ
2682 1101 2781 1169 τῆς
2808 1102 2916 1171 ἰδίᾳ
2950 1102 3027 1172 τῷ
3064 1103 3275 1172 βασιλεί
3296 1103 3583 1165 κοινωνίας
3624 1103 3754 1155 πολ-

2173 1167 2302 1246 iob;
2331 1184 2424 1237 τοῦ
2452 1187 2571 1239 κατ’
2599 1189 2799 1252 αὐτοὺς
2818 1191 3191 1259 ἁπορῤέοντας
3215 1191 3403 1258 ἐώρων
3426 1190 3609 1261 χοροῦ,
3637 1196 3756 1260 οη-

2178 1274 2360 1340 Οέντες
2391 1278 2468 1346 τῷ
2499 1278 2739 1351 διαφόρῳ
2769 1282 2866 1349 τῆς
2895 1284 3133 1351 νοήσεως
3164 1283 3259 1336 καὶ⁹
3280 1283 3358 1353 τῷ
3379 1283 3481 1352 τῆς
3508 1281 3758 1349 γλώττης

2172 1368 2461 1440 εὑστρόφῳ
2514 1374 2572 1425 ἐν
2623 1377 2744 1436 ταῖς
2781 1374 3114 1438 ἰδιαζούσαις
3156 1377 3281 1439 τοὺς
3317 1376 3545 1437 πολλοὺς
3576 1375 3757 1427 αὐτῶν

2174 1461 2254 1521 εἰς
2316 1463 2505 1518 ἑαυτὸν
2568 1466 2895 1534 ἐφέλκεσθαι
2954 1468 3288 1531 συνουσίαις,
3328 1468 3568 1539 ἔστησαν
3626 1467 3756 1534 παρ’

2171 1551 2405 1617 ἑαυτοῖς,
2435 1555 2632 1623 μηκέτι
2665 1557 2870 1627 μηδένα
2900 1559 3042 1612 κατὰ
3077 1560 3246 1629 μόνας
3281 1561 3376 1612 καὶ
3413 1560 3471 1610 ἐν
3496 1556 3752 1627 παραϐύ-

2174 1662 2284 1716 στῳ
2334 1647 2411 1714 τῷ
2442 1647 2657 1717 βασιλεῖ
2682 1649 3029 1716 ἐντεύξεσθαι
3072 1651 3279 1706 αὐτῶν.
3310 1640 3337 1703 Ἰ(
3374 1652 3494 1705 Κᾶν
3518 1651 3627 1721 γὰρ
3674 1650 3755 1721 μὴ

2172 1737 2291 1804 νῦν,
2320 1739 2434 1792 ἀλλ’
2460 1740 2557 1809 ὀψὲ
2591 1741 2685 1793 καί¹
2718 1743 2857 1810 μετὰ
2880 1743 3181 1796 ἁποϐίωσιν
3203 1744 3508 1812 ἀναθέματι
3535 1744 3759 1806 πάντως

2173 1832 2637 1902 ὑποϐληθὴσεται,
2675 1853 2694 1885 ι
2725 1834 2931 1903 ελεγον,
2971 1836 3309 1898 συνελεύσεις
3342 1837 3399 1900 ἐς
3427 1853 3485 1888 τε
3509 1835 3760 1903 ἀλλήλων

2173 1926 2267 1979 καὶ
2307 1926 2371 1995 δὴ
2414 1925 2510 1979 καὶ
2551 1927 2928 1998 ὑπερεχόντων
2979 1927 3141 1982 τινῶν
3175 1929 3490 1998 ποιούμενοι
3549 1928 3758 1990 οἰκίας.

2177 2010 2283 2069 Ὦν
2313 2017 2469 2070 οὐδὲν
2497 2016 2582 2071 ἔτι
2613 2016 2843 2073 συνιδὼν
2864 2021 2891 2072 ὁ
2917 2018 3170 2089 βασιλεὺς
3192 2018 3470 2089 Εὐθύμιόν
3487 2021 3601 2091 (9.0)
3622 2037 3697 2071 πο
3734 2035 3761 2072 ε

2172 2108 2282 2162 τῶν
2320 2109 2474 2162 Νέων
2495 2109 2727 2180 Πατρῶν
2768 2110 3030 2181 ἀρχιερέα
3072 2110 3179 2182 ἰδίᾳ
3213 2112 3469 2175 καλέσας,
3506 2113 3752 2164 ἀνεπυν-

2182 2200 2378 2254 θάνετο
2436 2203 2547 2255 τῶν
2576 2202 2884 2273 εἰρημένων
2910 2203 3213 2273 γυμνάζειν
3236 2220 3296 2255 τε
3331 2204 3428 2256 σὺν
3469 2202 3618 2271 αὐτῷ
3656 2204 3764 2271 τὴν

2174 2292 2334 2359 δόξαν
2365 2292 2576 2363 ἢθελεν.
2621 2294 2681 2347 '0
2712 2294 2768 2348 δὲ
2797 2295 3058 2365 μεμυκὼς
3092 2296 3163 2349 τὰ
3196 2295 3351 2366 χείλη
3388 2297 3514 2366 σιγῇ
3542 2296 3760 2349 ἵστατο.

2176 2385 2283 2438 Τοῦ
2319 2385 2585 2456 βασιλέως
2611 2386 2669 2441 δὲ
2715 2387 2816 2458 τὴν
2851 2388 3035 2442 αἰτίαν
3072 2390 3334 2459 ἐρομένου
3378 2387 3481 2457 τῆς
3515 2388 3761 2455 σιωπῆς,

2177 2477 2268 2533 τδν
2298 2479 2479 2534 πάντα
2505 2480 2662 2549 λόγον
2693 2480 2982 2534 ὑπολαϐὼν
3006 2482 3215 2540 ἐκεῖνος
3238 2480 3463 2551 διεξῄει.
3495 2478 3763 2549 Θυμήνας

2176 2566 2272 2624 οὖν
2303 2571 2397 2623 ἐπὶ
2416 2571 2651 2639 τούτοις,
2680 2572 2860 2627 καίτοι
2886 2574 2947 2626 οὐ
2981 2574 3246 2643 πρότερον
3266 2570 3572 2641 εἰθισμένον
3605 2570 3761 2639 αὑτῴ

2177 2656 2336 2711 τοῦτο
2360 2658 2408 2728 (ὅ
2436 2676 2487 2712 τι
2519 2660 2631 2730 γὰρ
2662 2662 2728 2714 ἂν
2756 2661 2986 2731 πράττοι
3019 2663 3116 2716 σὺν
3146 2661 3438 2732 εὐσταθείᾳ
3468 2661 3561 2715 καὶ
3585 2661 3763 2730 ἀκρο-

2178 2749 2364 2819 κολίας
2391 2748 2477 2823 [Ρ.
2507 2749 2633 2823 149]
2664 2751 2932 2822 ἔπραττεν
2960 2753 3110 2823 ἔξω),
3143 2754 3408 2824 ἠπείλησε
3435 2751 3577 2807 κατὰ
3614 2769 3764 2821 κρη-

2182 2840 2318 2911 μνοῦ
2361 2842 2549 2897 τοῦτον
2587 2843 2845 2913 ώθήσειν,
2900 2846 2956 2898 εί
3007 2863 3070 2914 γε
3117 2847 3268 2900 αὐτοὶ
3308 2845 3408 2915 τὴν
3459 2846 3590 2913 ὑγιᾶ
3628 2844 3763 2912 περὶ

2177 2932 2315 2986 θεοῦ
2345 2933 2761 3006 διαστρέφοντες
2786 2936 2945 3001 δόξαν
2980 2936 3129 3005 αὑτῷ
3176 2935 3349 2989 ταῦτα
3377 2935 3761 2989 ἐπικαλοῦσιν.

2184 3043 2205 3077 ί
2259 3025 2399 3079 Ἀλλ’
2437 3028 2545 3091 ἵνα,
2581 3027 2684 3097 ἔφη
2725 3028 3070 3097 μεταϐαλὼν,
3118 3027 3396 3094 γνώσεσθε
3431 3028 3647 3097 πρῶτον
3677 3026 3763 3097 οῖ-

479 3123 791 3174 coustantia
842 3130 899 3174 et
943 3130 1141 3189 praeter
1170 3118 1509 3173 iracundiam
1557 3118 1814 3188 quzelibet
1858 3127 2064 3185 ageret,

2176 3134 2324 3183 τινες
2380 3119 2661 3195 ὄντεςκαί
2701 3120 2851 3183 ὅπως
2898 3120 3029 3173 ποτέ
3079 3121 3209 3189 περὶ
3256 3119 3391 3173 Θεοῦ
3428 3117 3762 3189 φρονοῦντες

476 3224 660 3263 comm
688 3219 849 3263 natur
877 3224 1000 3264 eum
1029 3210 1095 3263 de
1145 3208 1431 3263 excelsiori
1478 3209 1598 3262 loco
1628 3209 1960 3277 praecipitem
2002 3223 2063 3263 se

475 3303 764 3367 daturum,
792 3302 839 3356 si
866 3301 963 3372 qui
996 3316 1187 3357 sanam
1225 3303 1291 3356 de
1341 3301 1452 3357 Deo
1483 3300 1787 3356 doctrinam
1842 3315 2065 3369 perver-

481 3404 682 3460 terent,
713 3394 822 3450 sibi
853 3409 974 3449 eam
1026 3393 1245 3449 crimini
1292 3396 1576 3449 ducerent.
1618 3411 1639 3446 (
1676 3393 1780 3449 Sed
1810 3402 1866 3447 ut
1905 3393 2066 3448 intel-

477 3488 693 3557 ligatis,
724 3486 927 3555 inquit,
965 3495 1175 3541 mutata
1226 3487 1464 3557 primum
1507 3499 1643 3540 voce
1680 3524 1695 3551 ,
1741 3487 1931 3554 quales
1969 3500 2066 3539 vos

481 3588 536 3632 ct
565 3580 844 3645 quomodo
875 3577 940 3631 de
962 3578 1070 3631 Deo
1100 3576 1401 3631 sentientes
1427 3576 1622 3644 probra
1655 3575 1786 3629 mihi
1821 3574 2066 3644 ingeritis

488 3672 612 3740 (ego
666 3678 849 3722 autem
888 3668 1143 3734 injuriam
1186 3668 1520 3732 transmitto,
1556 3682 1624 3721 ne
1652 3667 1909 3735 rigidiore
1937 3665 2067 3719 faci-

480 3776 616 3815 nore
660 3775 805 3814 vera:
859 3769 1127 3830 rectisque
1155 3759 1416 3814 doctrina:
1448 3757 1665 3813 oliicere
1717 3759 1939 3812 videar:
1971 3757 2064 3812 bo-

484 3870 681 3908 norum
741 3856 886 3909 enim
945 3866 1173 3924 operum
1220 3866 1344 3906 cum
1399 3851 1580 3919 pravis
1643 3850 1944 3906 similitudo
1997 3850 2065 3905 ad

481 3947 690 4001 animos
722 3949 887 4001 ctiam
908 3987 924 4012 ,
961 3947 1105 4000 unde
1141 3953 1372 4013 utraque
1403 3945 1766 4014 proveniunt,
1802 3942 1919 4012 pari
1948 3943 2066 3997 labe

478 4040 847 4111 aspergendas
875 4038 1036 4111 255
1065 4038 1317 4109 sufficit),
1353 4038 1526 4107 agite,
1555 4051 1705 4090 arma
1740 4034 1971 4100 induite,
2010 4042 2065 4087 ut

480 4149 693 4188 mecum
727 4135 939 4188 tandem
968 4133 1084 4188 solo
1114 4141 1302 4187 contra
1357 4146 1454 4186 vos
1499 4137 1762 4194 venturo,
1813 4143 1919 4181 non
1952 4142 2067 4180 ma-

481 4243 648 4280 nuum
679 4227 753 4286 vi.
783 4227 877 4281 sed
914 4226 1188 4279 rationum
1221 4231 1274 4277 et
1311 4231 1757 4292 argumentorum
1802 4220 2063 4288 pondere,

484 4319 801 4388 depugnare
852 4318 1091 4387 possitis.
1116 4315 1254 4371 Nolo
1304 4317 1446 4368 enim
1496 4315 1669 4367 victus
1719 4311 1971 4375 vincere;
2011 4321 2065 4365 et

479 4412 636 4491 testis
667 4409 800 4463 mihi
830 4417 913 4464 est
950 4409 1064 4463 haec
1097 4409 1260 4463 actio.
1294 4406 1579 4461 Manifesta
1607 4407 1807 4475 quippe
1836 4404 2063 4459 aﬂ'ectns

2174 3209 2490 3280 σκώμματά
2512 3229 2571 3265 τε
2602 3213 2981 3282 ἐπιρριπτεῖτε
3005 3213 3174 3282 κάμοί
3198 3212 3488 3284 (ἀνέχομαι
3515 3211 3570 3264 δὲ
3600 3210 3764 3282 ὑϐρι-

2170 3304 2419 3374 ζόμενος,
2446 3305 2522 3369 ὡς
2552 3304 2628 3375 μὴ
2658 3304 2817 3371 δόξαν
2842 3304 3010 3376 ὀρθὴν
3037 3305 3360 3375 αῦθεκάστῳ
3391 3303 3503 3375 (21)
3531 3304 3762 3356 διαϐάλ-

2168 3396 2317 3467 λοιμι
2363 3397 2586 3468 πράξει.
2623 3397 2691 3450 Ai
2740 3399 2849 3466 γὰρ
2880 3398 3017 3467 πρὸς
3051 3398 3120 3449 τὰ
3152 3397 3332 3466 φαῦλα
3362 3396 3472 3449 τῶν
3524 3396 3758 3464 ἀγαθῶν

2167 3490 2346 3558 ἔργων
2377 3489 2697 3557 ὁμοιότητες
2728 3490 2913 3543 ἱκαναὶ
2936 3490 3032 3543 καὶ
3063 3489 3162 3552 τὰς
3196 3490 3423 3559 γνώμας
3451 3489 3757 3552 ταυτίςειν,

2168 3583 2228 3646 ἐξ
2258 3577 2332 3636 ὧν
2362 3584 2606 3653 ἑκάτερα
2657 3582 3072 3655 προέρχονται),
3118 3580 3528 3635 ἁνθοπλίσασθε
3571 3580 3761 3633 τοίνυν

2167 3674 2316 3736 ὅπως
2343 3691 2433 3740 μοι
2462 3674 2609 3744 μόνῳ
2631 3674 2741 3727 τῶν
2766 3674 3026 3727 ἁπάντων
3057 3672 3393 3736 ὰπεναντίας
3417 3671 3545 3741 ὑμῖν
3566 3669 3759 3739 ἥξοντι

2170 3766 2662 3838 συμπλακήσεσθαι
2712 3768 2901 3820 λοιπὸν
2944 3766 3237 3837 δυνηθῆτε,
3286 3766 3347 3819 ού
3389 3766 3481 3837 βίᾳ
3523 3764 3757 3834 χειρῶν,

2169 3860 2285 3913 ἀλλ’
2323 3860 2578 3928 ἐνεργείᾳ
2612 3859 2810 3927 λόγων.
2846 3859 3101 3913 Μισείται
3133 3858 3242 3927 γάρ
3276 3874 3365 3926 μοι
3387 3858 3543 3927 νικᾷν
3572 3858 3758 3926 ήττω-

2172 3954 2339 4024 μένῳ,
2388 3954 2485 4006 καὶ
2544 3953 2759 4023 μάρτυς
2809 3954 2841 4024 ἡ
2879 3954 3082 4023 πρᾶξις
3130 3952 3249 4021 ἥδε.
3285 3951 3611 4019 Σαφέστατα
3640 3951 3754 4021 γὰρ

2171 4044 2660 4115 περιυϐρισμένος,
2706 4044 2898 4115 ὥσπερ
2946 4045 3098 4115 ὁρᾷς.
3149 4043 3336 4113 ἐπέχω
3373 4043 3471 4113 τὴν
3504 4043 3755 4111 ἄμυναν·

2169 4139 2351 4191 καίτοι
2382 4137 2490 4190 ἔδει
2523 4137 2598 4207 μὴ
2659 4139 2718 4190 ἐν
2749 4136 2976 4205 γωνίαις
3009 4137 3155 4205 ὑμᾶς
3212 4134 3387 4188 ταῦτα
3441 4133 3753 4203 διασύρειν.

2168 4229 2266 4293 Τίς
2298 4230 2408 4300 γὰρ
2454 4231 2600 4300 ὑμᾶς
2645 4231 2739 4283 καὶ
2774 4229 3063 4294 ἐϐιάσατος
3101 4229 3133 4297 ἢ
3175 4227 3260 4291 τίς
3302 4227 3402 4298 τὴν
3436 4225 3754 4296 παρρησίαν

2167 4322 2397 4391 ἁφεῖλε;
2441 4322 2572 4374 πότε
2617 4338 2707 4390 μοι
2738 4318 2846 4392 πρὸ
2875 4319 2969 4372 τοῦ
3006 4319 3251 4389 βήματος
3298 4316 3620 4386 ἀπεώσοητε
3661 4314 3752 4366 λέ-

2168 4429 2394 4483 γοντες;
2448 4412 2500 4463 τί
2531 4411 2778 4481 κερδανῶ
2822 4410 3003 4473 αὐτὸς,
3036 4409 3164 4479 δόξῃ
3194 4409 3545 4481 παρίσταμαι
3592 4407 3752 4459 ἁλλο-

476 4483 704 4569 injtiria,
731 4510 790 4554 ut
821 4500 999 4565 vides,
1019 4499 1086 4553 ab
1114 4498 1320 4552 ultione
1348 4498 1614 4552 abstineo.
1636 4497 1855 4551 Minime
1884 4506 2063 4550 autem

2172 4506 2353 4575 κότῳ;
2394 4504 2537 4574 ι’Δρα
2571 4503 2646 4565 ὡς
2679 4502 2754 4572 μὴ
2797 4500 2895 4572 τὴν
2929 4501 3058 4569 περὶ
3089 4501 3280 4568 λόγους
3332 4516 3422 4567 μοι
3449 4498 3607 4564 δόξαν
3665 4496 3754 4547 αίη

477 4597 800 4661 eratuterat
830 4605 929 4645 vos
969 4604 1032 4645 ea
1067 4590 1122 4643 in
1151 4589 1369 4659 angulis
1415 4588 1682 4658 proferre.
1738 4586 1870 4654 Quis
1916 4589 2063 4642 enim

478 4701 576 4740 vos
638 4686 704 4739 ad
759 4687 812 4740 id
851 4684 1075 4754 coegit?
1123 4692 1217 4737 aut
1258 4683 1381 4751 quis
1438 4683 1745 4737 libertatem
1796 4679 2067 4735 abstulit?

481 4775 701 4844 quando
734 4788 836 4845 ego
865 4776 1062 4830 sedens
1088 4788 1185 4840 pro
1222 4771 1725 4825 tribunali-dicendi
1752 4770 2063 4824 facultatem

480 4867 784 4937 denegari?
812 4868 938 4937 quid
970 4865 1097 4920 inde
1125 4880 1226 4934 ego
1252 4864 1389 4918 lucri
1429 4863 1660 4919 referam
1687 4903 1702 4927 ,
1749 4865 1793 4918 si
1827 4865 2063 4934 ineptam

478 4980 541 5018 ac
578 4962 839 5017 insulsam
892 4960 1204 5031 opinionem
1247 4956 1583 5012 dcfeudcro?
1630 4958 1794 5027 igitur
1848 4968 1905 5011 ut
1955 4974 2060 5013 non

475 5059 712 5127 pudeat,
744 5055 886 5125 quod
938 5070 1043 5108 non
1089 5054 1223 5109 satis
1278 5054 1506 5107 erudita:
1552 5052 1747 5122 linguae
1779 5052 2060 5123 animique

472 5151 777 5213 exsistam,
825 5149 967 5218 quod
1008 5145 1120 5216 jam
1176 5144 1361 5199 multis
1391 5154 1632 5200 vestrum
1682 5144 1875 5199 accidit
1910 5144 2061 5215 (licet

2166 4593 2377 4664 σχυνῶ,
2427 4594 2565 4661 ὅπερ
2594 4592 2697 4662 ἤδη
2718 4590 2902 4643 πολλοὶ
2939 4592 3049 4643 τῶν
3075 4590 3196 4643 καθ’
3226 4590 3371 4660 ὑμᾶς
3398 4590 3599 4642 ἔπαθον
3636 4585 3757 4654 (καὶ

2168 4688 2274 4759 μὴν
2301 4685 2556 4739 οὐδέποτε
2584 4681 2885 4753 τηλικαῦτα
2916 4683 3285 4754 ἐπήγγελμαι)
3316 4682 3564 4735 λείπεται
3603 4679 3747 4726 πάν·

2164 4797 2295 4842 τως,
2355 4778 2445 4832 ἵνα
2479 4775 2553 4847 μὴ
2594 4792 2662 4828 πε
2674 4776 2731 4846 pi.
2762 4775 2919 4829 Θείου
2945 4776 3105 4842 δόξαν
3130 4773 3475 4844 καταπροδίῦ.
3499 4762 3563 4819 Ei
3582 4765 3639 4818 δέ
3664 4781 3750 4827 τις

2169 4869 2519 4941 μεταδιδάςαι
2555 4884 2623 4937 με
2656 4867 2814 4936 σχοίη
2844 4867 2942 4936 τὴν
2978 4864 3239 4945 γνώίμίημγ
3258 4856 3573 4927 συμφώνως
3604 4858 3747 4923 Γρα-

2174 4964 2299 5033 Qui;
2329 4959 2508 5014 λαλῶν
2542 4960 2659 5020 ταῖς
2689 4946 3142 5033 ἱεραζςτνθόσέμία
3182 4966 3274 5017 μοι
3309 4949 3527 5033 πάντως
3556 4948 3749 5019 αἰσχύ-

2170 5073 2235 5125 νη
2269 5053 2356 5107 ἐπ’
2391 5027 2976 5110 ἐκεῖνανμετᾶῖέσθαι·
3013 5039 3072 5092 ἓν
3111 5041 3167 5093 δὲ
3212 5042 3374 5110 μόνον
3404 5027 3562 5094 τοῦτο
3589 5057 3749 5109 τετη-

2175 5142 2380 5216 ρήσθω,
2404 5134 2726 5203 ἀνύϐριστος
2749 5130 3093 5201 Θεός.’Υπὲρ
3129 5131 3319 5184 τούτου
3348 5134 3459 5204 γὰρ
3489 5132 3749 5202 μυριάκις

1834 5264 1934 5326 Du
1972 5266 2191 5346 Cangii
2231 5266 2418 5323 noltB.

548 5367 660 5438 (9.0)
695 5366 945 5439 [P._485]
974 5366 1306 5434 Εὐθύμιον.
1335 5362 1584 5439 Interfuit
1612 5366 1936 5437 Euthymius
1958 5370 2060 5424 iste

479 5434 751 5492 Novarum
781 5434 1063 5506 Patrairtttu
1093 5450 1382 5506 eptsCupus
1413 5436 1640 5506 synodo,
1675 5434 1794 5503 qufc
1827 5453 1916 5489 an.
1952 5439 2053 5493 Ch.

478 5509 615 5562 1166
644 5508 909 5560 celebrata
934 5505 1033 5559 fuit
1061 5519 1251 5559 contra
1318 5505 1652 5558 Demetrium
1698 5506 2054 5575 Latnpeuutn.

474 5578 611 5632 Vide
642 5581 889 5629 eumdem
921 5577 1199 5628 Allatium.

545 5649 654 5713 (ἐι)
687 5648 1069 5708 Αῠθεκᾱστῳ.
1126 5644 1306 5700 Editio
1336 5644 1581 5715 Tulliana
1647 5644 2055 5715 praafcrtaiaOé-

474 5720 665 5785 καίνῳ.
702 5718 782 5768 Au
830 5716 1107 5782 legendum
1190 5714 1524 5782 ἁντικαίνῳῗ
1581 5714 1664 5768 est
1696 5718 1839 5768 enim
1902 5717 2054 5768 ἀντί-

476 5802 660 5840 κα.νον
712 5785 980 5854 licsych'to
1038 5786 1332 5851 ὶσόκαινον,
1396 5802 1462 5839 att
1508 5801 1639 5840 vero
1702 5785 2052 5851 αὐθεκάστῳ,

2165 5380 2333 5437 quam
2376 5357 2760 5437 t'ocettt_itletn
2823 5354 3135 5437 Hesychius
3191 5356 3421 5437 ἀκριϐῆ,
3475 5359 3753 5437 αὐστηρὸν

2164 5426 2241 5505 τῷ
2257 5434 2421 5502 λόγῳ,
2452 5428 2779 5505 ἐλευθέριον,
2812 5426 3151 5505 ἀξιόπιστον,
3189 5426 3293 5480 etc.
3324 5426 3753 5505 interpretatur?

2164 5497 2243 5559 sic
2304 5497 2388 5556 hic
2451 5499 2598 5553 notio
2633 5501 2732 5551 ista
2781 5513 2885 5550 non
2930 5497 3157 5551 omnino
3216 5501 3466 5563 Quadrat.
3529 5498 3741 5552 Mallem

2162 5574 2327 5639 igitur
2360 5570 2655 5638 ἁντικαίνῳ
2702 5580 3013 5639 reponere,
3049 5567 3295 5639 hancque
3332 5568 3637 5639 periodum
3668 5569 3750 5622 sic

2164 5637 2556 5710 interpretari:
2616 5637 2947 5710 Egerautem
3002 5637 3201 5705 injuria
3255 5638 3559 5710 agit-iliaan
3610 5653 3750 5710 ωςίςε

2162 5732 2227 5777 pa
2254 5707 2354 5774 iur,
2386 5729 2447 5764 ne
2482 5710 2687 5762 actione
2715 5707 2878 5761 simili
2910 5723 3045 5760 verte
3072 5718 3327 5778 recta‘que
3359 5708 3613 5763 doctrina:
3640 5707 3753 5777 oﬂi-

2163 5800 2279 5836 cere
2308 5785 2507 5836 videar.
