4014 6426
378 395 479 457 6‘21

1592 394 2143 455 HISTORIARUM
2183 395 2332 455 LIB.
2376 394 2475 457 VI.

3534 390 3639 462 δίζε

379 506 541 569 αὐτὸς
593 505 951 579 ὑϐριζόμενος
1010 506 1319 575 ὑπενέγκω.
1370 525 1389 558 ι
1448 504 1634 560 Ταῦτα
1687 507 1785 573 μὲν
1818 508 1948 579 τῇδε

2082 510 2332 577 iiut-modi
2358 524 2636 581 nunquam
2654 508 2929 579 professus
2953 507 3099 578 sim),
3124 513 3369 579 superest
3393 508 3641 577 omnino,

381 597 692 670 ἐχώρησαν,
740 601 963 674 ἡμερῶν
998 600 1055 654 δὲ
1101 600 1302 669 ὀλίγων
1340 599 1571 672 ὕστερον
1612 601 1834 672 βίϐλους
1876 620 1960 669 τε,

383 690 505 745 ὅσαι
530 708 589 744 τε
612 692 743 763 περὶ
771 692 978 746 τούτων
1006 693 1315 765 τρανοῦσιν,
1354 692 1579 763 ἐκόμιζε
1605 696 1804 766 συχνὰς
1827 695 1963 749 κάπὶ

386 784 706 855 καινοτέρας
732 786 794 839 τδ
820 787 1056 858 πρᾶγμα
1090 785 1375 857 προύτίθει
1412 786 1718 858 ζητήσεως.
1764 787 1969 860 ’Υπέρ-

390 875 514 944 ρεον
563 874 659 929 οὖν
711 877 972 929 ἑκάστοτε
1022 879 1209 947 συχνοὶ
1254 877 1353 947 τῆς
1407 877 1692 931 ἀντιθέτου
1744 878 1961 949 μοίρας,

381 967 491 1030 ἓως
521 968 761 1032 ἅπαντες
796 969 912 1040 ἅμα
943 970 1315 1041 πατριάρχαις
1346 973 1459 1034 τοῖς
1485 970 1668 1035 ἄλλοις
1696 972 1959 1043 ὠμοφρό-

385 1059 557 1128 νησαν
591 1076 651 1112 τε
688 1060 786 1113 καὶ
820 1060 917 1114 τὸν
958 1060 1183 1131 βασιλέα
1213 1061 1315 1131 τῆς
1363 1061 1471 1114 τῶν
1498 1061 1735 1132 Γραφῶν
1770 1062 1967 1132 μᾶλλον

388 1150 625 1215 ξυνιέναι
677 1153 992 1224 ὡμολόγουν
1040 1154 1301 1217 διανοίας.
1357 1153 1449 1222 Τῷ
1501 1171 1564 1222 γε
1620 1154 1725 1227 μὴν
1783 1156 1968 1227 Λουκᾷ

390 1244 746 1313 ἐχαλέπαινόν
766 1263 822 1299 τε
863 1246 1178 1317 περιφανῶς
1205 1248 1297 1298 καὶ
1328 1245 1639 1317 σκώμματα
1667 1248 1965 1317 προσῆγον,

389 1332 460 1386 δι’
483 1334 521 1388 ἃ.
548 1335 641 1388 τοῦ
668 1336 861 1407 θρόνου
890 1340 1179 1408 κατασπᾷν
1203 1336 1514 1392 ἐπεόοῶντο
1537 1338 1630 1390 τὸν
1655 1338 1964 1406 ἄνθρωπον,

388 1426 533 1479 πάνυ
582 1427 812 1496 ἀμαθῶς
855 1430 968 1493 τοῖς
1004 1429 1328 1499 πράγμασιν
1375 1429 1689 1498 ἐφιστάνειν
1737 1430 1966 1491 εἰδότες.

389 1516 500 1585 Τῆς
534 1517 721 1571 Λουκέι
763 1518 872 1588 γὰρ
907 1517 1176 1589 ἡττῆσθαι
1228 1517 1668 1590 ὁμολογήσαντες
1715 1518 1969 1587 γνώμης,

387 1610 472 1665 ὅτι
509 1610 601 1663 καὶ
631 1615 729 1682 τῆς
775 1611 1042 1682 βασιλέως
1076 1610 1258 1681 πολλῷ
1291 1611 1580 1684 πρότερον,
1612 1610 1876 1681 ἀλώσιμοί
1909 1627 1969 1663 τε

390 1701 571 1763 αὐτοῖς
596 1704 653 1765 ἐς
676 1702 773 1773 τὴν
792 1702 1089 1773 θρησκείαν
1115 1701 1427 1770 γεγονότες,
1458 1700 1576 1754 οἱδὲ
1607 1700 1971 1770 ἐγκλημάτων

391 1792 595 1863 ἐτέρων
631 1794 933 1864 ἐγράφοντο
966 1792 1178 1847 τοῦτον.
1226 1793 1342 1861 Ἐφ’
1376 1787 1457 1856 οἷς
1494 1787 1651 1862 οἶμαι
1685 1794 1779 1846 καὶ
1814 1792 1972 1863 βασιο

2067 611 2314 671 utquam
2371 603 2435 657 de
2482 600 2595 656 Deo
2646 601 2821 655 habeo
2863 597 3170 669 Opinionem
3196 639 3212 664 ,
3270 614 3377 653 non
3413 599 3640 668 prodam

2066 701 2158 745 aut
2187 693 2460 747 deseram.
2501 690 2559 747 Si
2584 707 2712 748 vero
2747 691 2943 760 aliquis
2978 706 3116 745 nova
3138 690 3408 760 quaepiam
3440 691 3643 747 docere

2068 800 2155 839 me
2185 785 2351 852 velit,
2381 801 2502 855 quae
2555 784 2857 855 Seripturis
2886 784 3058 840 sacris
3102 793 3461 842 consentanea
3504 781 3637 850 sin‘t,

2067 873 2120 928 in
2171 874 2314 930 illius
2352 876 2677 930 sententiam
2713 875 2948 929 transire
2998 874 3139 929 haud
3177 876 3426 932 verebor.
3460 873 3640 930 Unum

2068 965 2171 1021 hoc
2212 967 2415 1021 interea
2447 966 2805 1032 observetur,
2851 976 2912 1019 ut
2960 981 3066 1021 non
3115 966 3410 1021 irrideatur
3459 968 3639 1022 Deus:
3726 949 3736 957 ’

2068 1074 2168 1128 pro
2207 1058 2299 1114 illo
2351 1059 2497 1117 enim
2533 1058 2729 1113 millies
2783 1060 2896 1127 ipse
2946 1059 3332 1113 contumeliam
3383 1059 3574 1128 patiar.
3614 1078 3637 1115 ο

2069 1150 2195 1206 Haec
2232 1161 2342 1206 ttrm
2398 1150 2468 1205 ibi
2501 1159 2674 1216 gesta.
2722 1149 2918 1205 Paucis
2965 1166 3095 1206 vero
3148 1152 3403 1221 deinceps
3448 1152 3647 1221 elapsis

2070 1242 2282 1310 diebus,
2314 1243 2485 1298 libros
2521 1242 2850 1312 complures,
2874 1251 3140 1313 quotquot
3170 1243 3481 1314 praedictam
3511 1259 3647 1300 ennu-

2073 1315 2394 1390 trorersiam
2444 1335 2767 1390 videbantur
2802 1335 3100 1403 explanare
3125 1375 3139 1399 ,
3193 1337 3448 1404 produxit
3485 1351 3647 1391 com-

2073 1431 2330 1497 munique
2362 1430 2596 1484 concilio
2632 1444 2742 1485 rem
2799 1431 3153 1485 decidendam
3205 1430 3417 1484 statuit.
3459 1428 3643 1486 Desci-

2072 1537 2201 1577 vere
2250 1523 2417 1594 igitur
2458 1525 2698 1595 undique
2738 1525 2921 1594 plures
2972 1524 3039 1578 ab
3069 1525 3292 1578 adversa
3331 1534 3522 1595 parte,
3575 1522 3649 1577 ita

2075 1622 2133 1667 ιιι
2163 1614 2407 1669 universi
2440 1629 2562 1669 cum
2615 1614 2831 1670 caeteris
2880 1612 3205 1684 patriarchis
3257 1612 3501 1667 eamdem
3534 1624 3653 1663 am-

2072 1704 2281 1774 plexati‘
2306 1708 2628 1761 sententiam
2662 1706 3045 1777 imperatorem
3083 1720 3363 1761 sacrarum
3401 1703 3652 1773 Scriptu-

2076 1813 2257 1851 rarum
2296 1798 2524 1853 scientia
2555 1809 2783 1854 creteros
2812 1799 3022 1853 anteire
3056 1798 3464 1853 conﬁterentur.
3496 1794 3652 1849 Lucae

388 1880 514 1944 λεὺς
555 1881 738 1936 αὐτῶν
793 1883 1098 1952 καταγνοὺς
1140 1882 1238 1936 σὺν
1283 1882 1547 1938 ἐπιπαθεῖ
1576 1900 1682 1938 τινι
1726 1882 1974 1955 λογισμῷ

2082 1895 2255 1940 autem
2309 1887 2732 1955 indignabantur
2792 1886 3070 1957 propalam
3122 1886 3474 1954 dieteriisque
3523 1898 3648 1943 eum

388 1973 467 2042 τῷ
508 1975 694 2045 Δουκᾷ
741 1976 1147 2047 ἐπιφυομένων.
1187 1994 1206 2028 ι
1258 1976 1421 2029 Ἀλλά
1453 1976 1615 2030 τοῦτο
1664 1976 1786 2047 μὲν,
1841 1975 1969 2046 ἔφη,

389 2066 526 2129 τέως
557 2066 874 2121 ἀποκείσθω
894 2082 907 2096 '
944 2068 1184 2137 ὁπηνίκα
1215 2068 1273 2122 δὲ
1297 2069 1451 2132 τέλος
1493 2068 1607 2134 ἔξει
1641 2069 1702 2122 τὸ
1731 2067 1842 2121 τῶν
1873 2082 1976 2122 πα-

393 2158 621 2228 ρόντων,
676 2158 1137 2230 βασανισθήσεται
1177 2159 1275 2214 καὶ
1326 2158 1522 2222 ταῦτα,
1559 2159 1654 2212 καὶ
1693 2156 1844 2221 τέλος
1873 2157 1974 2213 αὐ-

391 2251 504 2312 τοῖς
546 2250 880 2322 ἐπιθήσομεν
924 2251 983 2305 τὸ
1021 2252 1299 2322 προσῆκον
1325 2266 1340 2281 ’
1380 2268 1399 2304 ι
1443 2251 1529 2320 ἐφ’
1562 2245 1645 2313 οἷς
1697 2249 1975 2320 ἀποκρου-

393 2340 616 2405 σθέντες
669 2342 904 2414 ἐκύρουν
948 2342 1052 2413 ἥδη
1110 2342 1181 2395 τά
1222 2341 1543 2412 δεδογμένα.
1598 2340 1863 2403 Βασιλεὺς
1918 2339 1976 2397 δὲ

394 2434 789 2505 ὑπεσημήνατο
825 2434 1070 2497 τούτοιςσ
1113 2437 1208 2488 καὶ
1243 2436 1306 2487 τὸ
1335 2433 1525 2487 λοιπὸν
1553 2431 1723 2496 λίθοις
1748 2432 1976 2501 ἐγκολα-

393 2524 629 2596 φάμενοι
659 2526 761 2597 τὴν
793 2526 1014 2597 γραφὴν
1038 2527 1133 2581 ἐπὶ
1161 2526 1257 2580 τοῦ
1287 2525 1493 2596 Σοφίας
1533 2524 1683 2598 ἱεροῦ
1709 2526 1979 2598 ἀριστερᾷ

390 2614 486 2689 [Ρ.
519 2613 642 2689 150]
676 2618 898 2671 εἰσιόντι
937 2620 1197 2687 φέροντες
1227 2617 1486 2683 ἔστησαν.
1525 2617 1638 2672 Καὶ
1682 2618 1836 2681 τέλος
1874 2618 1976 2689 ήδη

398 2707 600 2780 εὕρατο
632 2710 701 2763 τὰ
745 2710 847 2780 τῆς
881 2710 1189 2783 ζητήσεως.
1229 2708 1373 2778 Ἐγὼ
1405 2707 1451 2763 δ’
1500 2710 1678 2764 ἐκεῖνο
1717 2710 1846 2779 περὶ
1871 2710 1980 2762 τῶν

396 2800 658 2858 τοιούτων
691 2800 781 2855 ἀεὶ
813 2802 1026 2874 φρονῶν
1051 2792 1422 2868 διατετέλεκα,
1455 2802 1630 2875 δτι-δὴ
1663 2803 1825 2872 φύσιν
1845 2803 1978 2856 Θεοῦ

400 2893 876 2964 πολυπραγμονεῖν
927 2894 1203 2966 ἀνθρώπῳ
1230 2912 1295 2965 γε
1333 2884 1451 2949 ὄντι
1482 2894 1681 2950 οὔκουν
1709 2895 1981 2967 ἀνέγκλη-

398 3003 512 3043 τον.
544 2988 613 3042 ’0
642 3005 704 3057 γε
732 2986 839 3058 μὴν
866 2987 1166 3057 θαυμάζειν
1187 2987 1294 3059 ἔχω
1318 2987 1397 3059 τῷ
1419 2989 1783 3061 αὐτοκράτορι
1806 2987 1982 3058 τούτῳ

399 3079 601 3138 αὐτίκα
627 3098 718 3151 μοι
741 3079 1038 3147 λελέξεται.
1076 3079 1409 3150 Συζητοῦντί
1450 3097 1582 3134 ποτε
1613 3082 1743 3152 περὶ
1771 3080 1982 3135 τούτων

403 3172 555 3243 αὒτῷ
579 3174 696 3243 (ἐπὶ
733 3171 793 3239 ἒξ
821 3173 917 3226 καί
941 3172 1050 3243 γὰρ
1083 3172 1347 3229 ἐνιαυτῶν
1380 3173 1720 3245 παρετέτατο
1746 3173 1982 3237 κύκλους

401 3266 470 3325 τὰ
496 3266 594 3336 τῆς
624 3265 1112 3336 ἁμφισόητήσεω.)
1151 3264 1259 3317 τῶν
1284 3282 1366 3329 τις
1399 3266 1529 3335 περὶ
1558 3268 1658 3324 τὴν
1690 3265 1981 3337 βασιλικὴν

403 3353 897 3423 ἀμφι-πονουμένων
918 3353 1140 3421 ἐγένετο
1170 3353 1376 3415 ἑστίαν,
1407 3353 1691 3421 ἀγγέλλων
1715 3349 1807 3407 οὖν
1830 3352 1982 3427 αὑτῷ

404 3444 608 3513 ἡσυχῇ,
650 3443 1002 3514 ἡμϐλωκέναι
1049 3443 1147 3513 τὴν
1190 3443 1463 3514 βασιλίδα,
1497 3440 1619 3497 εἶτα
1652 3444 1747 3497 καὶ
1778 3445 1859 3498 ὅτι
1885 3448 1983 3517 ἄῤ-

401 3535 521 3605 ῥεν.
559 3535 616 3588 Ὀ
649 3534 703 3587 δὲ
734 3533 845 3587 οὐδ’
875 3534 999 3587 ὅσον
1030 3536 1088 3587 ἐν
1119 3536 1361 3605 σχήματι
1399 3535 1459 3588 τὸ
1489 3534 1662 3598 πάθος
1711 3535 1981 3601 ἐπιδειξά-

407 3637 569 3690 μενος
603 3621 846 3689 καθῆστο
879 3621 1235 3692 προσανέχων
1286 3625 1398 3686 τοῖς
1446 3623 1781 3694 λεγομένοις.
1829 3625 1983 3679 Ἐπεὶ

403 3712 461 3770 δὲ
489 3712 641 3776 τέλος
670 3713 773 3785 ἤδη
798 3710 913 3785 εἶχε
946 3714 1015 3768 τὰ
1039 3718 1139 3784 τῆς
1162 3715 1417 3786 τηνικάδε
1455 3716 1759 3787 ζητήσεως,
1800 3715 1983 3787 ὄρθιος

403 3803 642 3868 ἀναστὰς
672 3808 858 3877 ῥιπτεῖ
885 3808 1038 3878 παρὰ
1062 3807 1195 3869 τοὺς
1221 3809 1332 3863 τῶν
1356 3811 1550 3881 ἱερέων
1574 3810 1740 3874 πόδας
1765 3808 1980 3875 ἑαυτὸν,

404 3898 501 3952 καὶ
540 3915 558 3949 ι
598 3899 759 3968 Ἄρτι
797 3915 909 3968 μοι,
938 3899 1065 3969 ἔφη,
1108 3899 1346 3970 πατέρες
1396 3902 1555 3970 ἱεροὶ,
1591 3900 1749 3970 λόγος
1779 3908 1843 3957 ἐκ
1883 3903 1985 3972 τῆς

406 3989 856 4058 γυναικωνίτιδος
880 3986 1069 4061 ἦλθεν,
1096 3990 1467 4061 ἐκτετρῶσθαι
1501 3992 1670 4046 παῖδά
1699 4010 1789 4064 μοι
1811 3993 1984 4062 λέγων

408 4080 637 4151 ἄρρενα,
668 4081 932 4150 μεγίστην
959 4080 1153 4139 ἐλπίδα
1186 4082 1402 4152 ἔμοιγε.
1449 4082 1593 4135 Ἀλλ’
1622 4083 1882 4153 αἰτοῦμαι
1918 4084 1983 4153 δὴ

405 4175 504 4242 τὴν
535 4171 810 4241 ὑμετέραν
859 4172 1125 4242 ἀγιότητα
1149 4213 1163 4239 ,
1206 4172 1463 4243 πέμψατέ
1502 4190 1622 4227 τινα
1670 4176 1809 4247 πρὸς
1848 4174 1983 4235 Θεὸν

404 4264 715 4334 ἱκετηρίαν,
761 4264 1042 4335 πέμψατε,
1070 4263 1357 4320 ἀντιϐολῶ.
1392 4263 1509 4317 Κᾶν
1546 4265 1647 4334 μὲν
1685 4266 1785 4329 οὐκ
1810 4265 1985 4335 ὀρθῶς

407 4352 583 4420 ἔγωγε
635 4354 766 4423 περὶ
801 4353 991 4407 τοῦτον
1016 4353 1082 4423 δὴ
1114 4353 1208 4406 τὸν
1241 4353 1385 4424 ἱερὸν
1410 4355 1742 4424 ἐκονισὰμην
1772 4355 1981 4423 ἀγῶνα,

406 4447 608 4514 μηκέτι
664 4444 793 4516 μηδ’
837 4445 1121 4500 είσέπειτά
1157 4461 1249 4514 μοι
1276 4444 1711 4517 τελεσφορηθείη
1763 4447 1984 4518 σπέρμα

2078 1978 2447 2039 incessebant,
2480 1988 2643 2048 atque
2670 1978 2807 2034 adeo
2841 1978 3116 2033 hominem
3151 1979 3350 2034 throno
3375 1977 3653 2046 depellen-

2073 2069 2202 2124 dum
2270 2070 2655 2138 inclamabant,
2686 2071 2790 2126 viri
2843 2052 3008 2151 256
3064 2087 3246 2127 rerum
3292 2073 3650 2143 gerendarum

2079 2176 2309 2231 prorsus
2340 2163 2574 2234 imperiti
2601 2181 2616 2218 :
2649 2174 2708 2219 ut
2754 2164 2846 2236 qui
2878 2181 2999 2219 cum
3035 2164 3193 2220 Luca:
3223 2176 3275 2221 et
3309 2164 3654 2236 imperatoris

2086 2253 2256 2309 multo
2304 2264 2430 2310 ante
2479 2256 2749 2312 sententia
2799 2259 2973 2312 victos
3004 2271 3062 2312 se
3117 2258 3505 2327 proﬁterentur
3553 2257 3654 2310 de-

2079 2344 2453 2413 prehensique
2499 2346 2567 2400 iis
2595 2357 2782 2401 essent
2814 2361 2843 2400 a
2875 2362 3001 2401 vera
3036 2346 3139 2402 ﬁde
3163 2346 3325 2402 alieni
3355 2387 3370 2414 ,
3405 2361 3540 2401 nova
3572 2354 3655 2399 tac-

2084 2448 2207 2488 men
2262 2435 2497 2489 crimina
2556 2437 2609 2489 in
2665 2450 2792 2491 eum
2841 2437 3192 2507 eonjicerent.
3250 2436 3404 2493 Unde
3450 2436 3652 2492 factum

2078 2526 2295 2596 opinor,
2326 2535 2385 2581 ut
2432 2534 2487 2579 et
2520 2527 2773 2596 princeps
2804 2540 2899 2582 eos
2933 2527 3216 2583 damnaret
3243 2569 3258 2593 ,
3300 2528 3445 2599 quod
3476 2528 3657 2582 animo

2085 2618 2372 2677 all‘eetibus
2403 2628 2790 2697 praeoccupato
2835 2623 2888 2674 in
2920 2619 3122 2677 Lucam
3148 2622 3449 2678 ferrentur.
3487 2638 3508 2673 ι
3548 2619 3655 2675 Sed

2086 2713 2202 2767 haec
2223 2753 2238 2779 ,
2272 2712 2474 2781 inquit,
2512 2709 2839 2766 dill‘erantur
2869 2712 3134 2784 tantisper
3163 2733 3177 2769 :
3216 2716 3316 2769 ista
3352 2715 3537 2780 etiam,
3563 2713 3656 2776 ubi

2088 2816 2177 2856 res
2206 2812 2503 2871 praesentes
2532 2802 2928 2858 absolverimus
2954 2844 2969 2867 ,
3003 2804 3438 2860 examinabimus
3462 2844 3478 2869 ,
3511 2814 3565 2859 et
3595 2805 3660 2858 ll-

2084 2907 2206 2947 nem
2250 2893 2318 2948 iis
2355 2892 2633 2949 decentem
2666 2891 3028 2965 imponemus.
3063 2912 3082 2947 ι
3113 2892 3207 2950 His
3240 2895 3422 2966 itaque
3456 2895 3654 2965 repulsi

2082 2985 2297 3041 decreta
2330 2984 2744 3050 conﬁrmarunt,
2776 2985 2972 3055 quibus
3002 2986 3113 3054 ipse
3137 2986 3302 3041 etiam
3324 2987 3649 3055 subscripsit

2090 3076 2408 3144 imperator.
2459 3074 2659 3130 Eadem
2698 3089 2829 3129 vero
2864 3084 3053 3144 postea
3095 3074 3363 3145 lapidibus
3396 3076 3658 3145 inscripta

2084 3166 2137 3221 in
2170 3166 2367 3236 templo
2395 3165 2612 3221 Sancta:
2637 3165 2854 3235 Sophia:
2884 3165 3222 3221 collocat-ere
3251 3167 3317 3220 ad
3348 3167 3659 3236 ingredieuo

2088 3258 2219 3312 tium
2266 3267 2478 3326 partem
2543 3257 2845 3312 sinistram.
2900 3256 3077 3328 Atque
3120 3258 3193 3312 ita
3248 3258 3398 3313 ﬁnita
3434 3270 3519 3314 est
3566 3260 3655 3314 illa

2086 3346 2480 3401 controversia.
2529 3345 2666 3401 lllud
2693 3345 2946 3415 equidem
2995 3361 3209 3418 semper
3245 3347 3553 3418 huiusmodi
3601 3349 3657 3407 in

2086 3436 2250 3491 rebus
2285 3436 2431 3492 sensi
2465 3451 2528 3492 ac
2567 3437 2799 3501 credidi,
2846 3437 2940 3492 Dei
2988 3447 3235 3493 naturam
3270 3440 3538 3496 curiosius
3571 3441 3658 3496 in-

2087 3524 2306 3595 quirere
2341 3524 2545 3578 homini
2578 3522 2733 3579 nefas
2767 3538 2911 3580 esse.
2936 3524 3202 3580 Caeterum
3234 3528 3378 3599 quod
3415 3529 3468 3582 in
3501 3528 3658 3600 prin-

2087 3614 2207 3684 cipe
2236 3614 2341 3668 isto
2371 3614 2736 3670 admiratione
2764 3616 2985 3686 dignum
3013 3617 3148 3672 mihi
3180 3619 3355 3674 visum
3381 3630 3486 3687 est,
3517 3638 3660 3677 nunc

2060 3704 2375 3774 'exponam.
2404 3706 3056 3776 Disceptanti-aliquando
3081 3723 3249 3779 super
3275 3711 3375 3766 hoc
3399 3710 3513 3782 ipso
3542 3712 3661 3782 (sex

2090 3800 2236 3851 enim
2262 3806 2403 3853 tetos
2434 3811 2604 3852 annos
2633 3798 2833 3866 agitata
2863 3806 2948 3854 est
2994 3814 3057 3855 ea
3088 3802 3337 3871 quaestio)
3369 3816 3662 3857 aecum-ns

2089 3888 2307 3957 quidam
2355 3903 2387 3943 e
2437 3887 2753 3942 domesticis
2808 3889 3072 3943 miniStris
3118 3891 3415 3959 Augustam
3468 3892 3663 3948 fecisse

2082 3980 2336 4037 abortum
2364 4018 2380 4045 ,
2412 3994 2476 4033 ac
2510 3980 2703 4034 deinde
2739 3980 2905 4049 prolis
2940 3982 3195 4037 mascula
3215 4023 3230 4047 ,
3261 3984 3314 4037 in
3344 3998 3530 4038 aurem
3577 3984 3664 4037 in-

2088 4071 2415 4127 susurravit.
2448 4069 2554 4126 Sed
2587 4073 2677 4126 ille
2706 4087 2806 4127 nec
2835 4071 2981 4127 vultu
3023 4072 3277 4133 aﬂ'ectum
3307 4076 3666 4143 prodens,~ad

2088 4179 2149 4217 ea
2186 4177 2307 4232 qua:
2334 4170 2447 4215 tum
2503 4162 2950 4233 disceptabantnr
2993 4163 3203 4219 intento
3237 4178 3457 4235 semper
3484 4166 3667 4222 animo

2088 4255 2248 4308 sedit.
2284 4252 2400 4319 Qua
2434 4261 2545 4307 tum
2576 4254 2727 4308 linita
2757 4254 3138 4324 disputatione.
3164 4265 3292 4310 ante
3320 4257 3666 4311 sacerdotum

2087 4343 2255 4413 pedes
2291 4345 2692 4413 procumbens:
2729 4361 2747 4394 ι
2781 4342 2975 4410 Modo,
3010 4345 3224 4415 inquit,
3256 4344 3443 4402 Patres
3472 4347 3668 4412 sancti,

2091 4435 2319 4490 alrertur
2351 4435 2482 4489 mihi
2517 4450 2580 4489 ex
2614 4450 2869 4505 gynmceo
2915 4437 3109 4503 tilium,
3144 4452 3295 4507 spem
3330 4439 3460 4492 mihi
3496 4439 3669 4493 maxi-

407 4536 596 4605 γένους
619 4536 887 4608 ἐκατέρου
924 4537 1117 4607 μηδὲν,
1167 4536 1293 4607 μηδ’
1344 4535 1579 4606 ὀναίμην
1613 4535 1846 4589 ἐλπίδων
1874 4535 1978 4588 τῶν

2093 4545 2236 4587 mam
2259 4568 2276 4594 ,
2326 4530 2519 4583 abortu
2554 4530 2802 4598 periisse.
2859 4529 2966 4585 Sed
3003 4532 3344 4586 sanctitatem
3379 4532 3540 4603 257
3575 4548 3673 4588 ve-

406 4629 683 4700 ἐμαυτοῦ·
710 4630 758 4683 εί
791 4630 836 4684 δ’
879 4630 1084 4700 ἀρεστά
1136 4629 1257 4699 Θεῷ
1303 4629 1374 4684 τὰ
1413 4629 1510 4699 τῆς
1557 4628 1699 4699 ἐμῆς
1754 4628 1983 4699 γνώμης

411 4723 578 4784 ἐστὶν,
634 4722 736 4774 οὐκ
765 4725 846 4784 εἰς
884 4722 1102 4793 μακράν
1145 4739 1238 4792 μοι
1287 4723 1389 4791 τὴν
1444 4720 1639 4776 ἐλπίδα
1687 4720 1984 4790 παρέξοιτο

409 4807 635 4877 ταύτην.
666 4831 691 4863 ,ι
737 4812 795 4865 Ὀ
829 4814 930 4888 ⁴μὲν
958 4815 1196 4871 τοσαῦτα
1223 4811 1395 4871 εἰπὼν
1427 4813 1687 4887 ἀνίστατο
1720 4812 1911 4883 γῆθεν,
1935 4812 1985 4863 οἱ

411 4900 469 4954 δὲ
508 4901 567 4962 ἐς
608 4899 737 4967 γόνυ
766 4904 971 4966 κλιθεὶς
997 4905 1233 4969 ἕκαστος
1265 4906 1365 4958 σίιν
1413 4906 1645 4975 δάκρυσι
1678 4904 1813 4956 Θεὸν
1888 4903 1989 4955 ἐπ-

410 4992 661 5047 εκάλουν.
707 4989 843 5042 Τότε
894 4990 994 5061 μὲν
1016 4990 1107 5044 οὖν
1151 4998 1243 5048 ἐπὶ
1265 4995 1527 5058 τοιούτοις
1569 4995 1984 5065 ἀπηλλάγησαν.

412 5082 580 5137 Οὔπω
599 5083 656 5136 δὲ
684 5082 877 5155 χρόνος
902 5077 1066 5152 ἐξῆκε
1102 5081 1320 5152 συχνὸς,
1358 5090 1456 5144 καὶ⁹
1477 5090 1658 5140 τεκνοῖ
1682 5087 1846 5141 παῖδα
1868 5087 1984 5157 (22)

414 5172 694 5244 βασιλεὺς,
735 5171 966 5242 γλύμμα
1003 5172 1289 5242 Χαρίτων,
1338 5172 1555 5239 φύσεως
1603 5176 1786 5240 ἄνθος.
1823 5176 1989 5232 Ἀλλά

413 5264 603 5321 τοῦτον
634 5264 734 5331 μὲν
769 5262 956 5323 ὁποῖός
986 5261 1071 5323 τίς
1103 5261 1255 5313 ἐστιν
1287 5261 1416 5316 ἰδεῖν
1465 5262 1495 5313 ὁ
1520 5264 1681 5332 λόγος
1716 5268 1777 5319 ἐν
1810 5266 1987 5321 δέοντι

412 5357 705 5428 διαγράφει
753 5371 866 5424 μοι,
896 5354 965 5407 τά
996 5351 1053 5405 δὲ
1098 5335 1208 5407 τῶν
1238 5353 1467 5421 ἀγώνων
1515 5356 1741 5411 ἐκείνων
1768 5361 1827 5412 ὲν
1860 5358 1988 5413 τού-

413 5468 527 5515 τοις
558 5446 840 5505 ἐτελεύτα.
880 5445 1100 5509 Λουκᾶς
1131 5444 1211 5511 δὲ,
1250 5444 1441 5516 ἐπειδὴ
1471 5445 1639 5516 μηδὲν
1668 5446 1752 5499 ὅτι
1781 5447 1875 5500 καὶ
1906 5447 1998 5500 λό·

2085 4635 2254 4681 stram
2287 4624 2518 4677 obsecro
2542 4661 2559 4687 ,
2592 4636 2788 4691 preces
2838 4621 2906 4675 ad
2941 4620 3108 4676 Deum
3148 4622 3356 4678 fundite
3385 4635 3671 4698 orateqne,

2090 4724 2147 4769 ut
2179 4714 2229 4769 si
2258 4714 2311 4766 in
2348 4727 2412 4766 eo
2439 4727 2597 4767 sacro
2623 4714 2927 4768 certamine
2961 4728 3068 4767 non
3102 4723 3251 4770 recte
3282 4730 3525 4786 sanaque
3564 4718 3675 4772 ﬁde

2084 4804 2347 4861 desudavi
2378 4842 2394 4868 ,
2446 4803 2592 4857 nulla
2646 4803 2777 4857 mihi
2842 4803 3106 4875 deinceps
3176 4806 3462 4876 utriusque
3510 4824 3674 4864 sexus

2085 4897 2268 4969 proles
2317 4897 2383 4951 ad
2439 4906 2710 4951 maturam
2758 4907 2973 4953 aetatem
3025 4902 3346 4969 perveniat,
3401 4917 3499 4956 nec
3533 4901 3673 4957 vatis

2091 5006 2329 5061 unquam
2364 4991 2542 5060 potiar
2584 4991 2718 5046 meis
2749 5006 2765 5045 :
2806 4990 2888 5045 sin
2924 5004 3102 5046 autem
3133 5004 3287 5063 grata
3336 4991 3447 5049 Deo
3480 5004 3670 5047 nostra

2093 5084 2193 5137 fuit
2228 5082 2535 5148 sententia,
2570 5082 2711 5137 hanc
2761 5098 2915 5152 spem
2968 5098 3141 5137 meam
3195 5098 3300 5137 non
3354 5084 3404 5138 in
3448 5084 3668 5153 longum

2091 5182 2305 5247 tempus
2346 5173 2651 5243 protrahat.
2686 5193 2704 5225 ι
2758 5173 2966 5239 Quibus
2995 5175 3157 5229 dictis
3209 5176 3371 5229 humo
3406 5190 3463 5230 se
3511 5174 3671 5229 tollit.

2090 5263 2170 5317 llli
2224 5274 2405 5318 autem
2442 5264 2494 5318 in
2530 5281 2704 5335 genua
2750 5265 2873 5319 ﬂexi
2920 5281 3041 5319 cum
3089 5266 3343 5337 lacrymis
3378 5266 3541 5319 Deum
3590 5265 3674 5318 in-

2091 5363 2309 5419 vocant,
2333 5355 2508 5423 iisque
2539 5355 2773 5425 peractis
2796 5356 3048 5424 precibus
3073 5356 3469 5426 digrediuntur.
3487 5352 3675 5425 Neque

2105 5446 2330 5501 multum
2367 5444 2573 5503 elﬁuxit
2601 5448 2895 5517 temporis,
2925 5463 3047 5502 cum
3097 5462 3322 5518 puerum
3358 5448 3543 5519 genuit
3569 5449 3674 5503 im-

1772 5615 1870 5675 Du
1900 5614 2125 5695 Cangii
2164 5624 2356 5679 notae.

489 5737 600 5819 (‘19.)
637 5746 744 5819 δαὶ
779 5742 1438 5819 τεκτοῖλ-παξδακΝίιιιιε
1465 5751 1575 5819 est‘
1607 5741 1831 5819 Alexius
1889 5742 2003 5819 Ma-

414 5812 591 5874 rini-lis
648 5816 705 5870 F.
745 5832 835 5871 an.
898 5815 1059 5883 H67,
1089 5815 1136 5871 si
1192 5814 1445 5870 Alberieo
1504 5812 1665 5880 ﬁdes,
1697 5813 1780 5868 vel
1817 5816 1995 5883 potius

2113 5742 2311 5818 li)_tlie_
2345 5742 2609 5818 Sephan.
2645 5742 2810 5807 H70,
2845 5753 2917 5818 _ut
2976 5754 3064 5800 est
3095 5746 3236 5818 apud
3296 5743 3558 5803 Codinum
3615 5749 3680 5807 (In

2101 5814 2249 5884 Orig.
2272 5813 2374 5886 Cp.
2413 5813 2547 5871 Vide
2575 5825 2803 5873 stemma
2833 5815 3098 5872 Comnen.
