4014 6390
413 357 520 419 623

1694 348 2018 412 JOANNIS
2054 349 2377 410 CINNAMI

3550 342 3658 408 625

401 483 644 542 perator,
679 468 988 524 Gratiarum
1027 466 1344 537 imaginem,
1384 463 1570 521 florem
1606 477 1832 521 natura.
1867 465 1957 521 Set

2081 481 2179 532 γου
2218 463 2370 530 ἀξιον
2400 463 2534 534 πρδς
2572 463 2677 515 τῶν
2713 463 3167 534 κατηγορούντων
3192 461 3342 532 αύτῷ
3372 463 3660 531 προσετρί‹

397 565 541 634 quali
578 562 740 616 fuerit
775 562 819 615 is
849 560 1024 613 forma
1078 558 1394 628 congruenti
1453 557 1569 611 loco
1599 558 1840 625 pluribus
1877 571 1974 611 ex-

394 669 703 723 sequemur.
743 651 803 705 Et
831 653 880 704 in
907 650 992 704 his
1033 651 1192 703 finem
1221 649 1453 703 habuere
1474 647 1799 716 ejuscemodi
1829 661 1974 715 qna:-

393 745 622 798 stiones.
656 739 835 796 Lucas
871 751 1215 800 autem,cum
1245 738 1381 792 nihil
1416 738 1684 808 gravioris
1713 736 1969 790 momenti

388 835 439 888 ei
471 835 538 889 ab
573 831 902 888 adversariis
953 829 1299 897 objicerctur,
1331 831 1384 882 in
1421 829 1547 883 sede
1595 843 1807 882 rursum
1846 841 1967 894 per-

393 925 610 979 mansit.
656 922 725 975 At
776 920 1034 985 Joannes,
1089 920 1494 988 Corcyraeorum
1569 919 1876 988 episcopus,
1934 927 1988 971 et

389 1016 688 1070 monachus
745 1015 908 1078 alius,
959 1020 1318 1079 cognomento
1402 1008 1670 1074 lrenieus,
1725 1009 1778 1061 itt
1847 1008 2012 1076 priori
2068 1010 2334 1063 sententia
2429 1011 2814 1079 persistentes,
2864 1007 3407 1064 excmtmtunicationi
3455 1007 3655 1062 subditi
3752 1011 3764 1020 '

3161 571 3182 583 ρ

2083 554 2228 618 6ετο,
2265 553 2359 607 ἐπί
2413 553 2506 606 τοῦ
2542 553 2734 623 θρόνου
2778 553 2993 624 ἔμεινεν
3025 553 3204 616 αὖθις.
3247 554 3502 622 Ἰωάννης
3533 552 3588 604 δέ
3630 553 3660 604 ό

2079 644 2179 716 τὴν
2221 645 2586 714 Κερκυραίων
2630 644 2811 714 λαχὼν
2837 645 2932 698 καὶ
2964 643 3214 714 μοναχῶν
3247 661 3327 707 τις
3357 643 3417 696 ὃν
3459 643 3660 697 ἐπεκά-

2079 737 2206 788 λουν
2256 736 2590 805 Εἰρηνικδν,
2648 739 2714 805 τῇ
2782 735 3028 806 προτέρα
3084 735 3469 804 ἐπιμείναντες
3529 732 3655 800 δόξῃ

2079 827 2385 897 ἁναθέματι
2419 827 2812 897 ύποϐέϐληντο,
2855 827 3008 880 ἄλλοι
3047 845 3105 878 τε
3138 827 3266 896 ἑξῆς
3299 825 3408 878 τῶν
3457 825 3659 894 ἐκκλη-

2098 919 2394 971 σιαστικῶν
2429 918 2945 989 ἐξωστρακίσθησαν
2973 918 3309 986 καταλόγων.

394 1119 554 1170 sunt,
610 1108 811 1174 aliique
875 1105 1094 1171 insuper
1175 1117 1238 1156 ex
1309 1102 1694 1156 ecclesiasticis
1742 1101 2004 1170 catalogis
2041 1100 2227 1155 ᾱιιοιί.

461 1199 514 1251 5.
545 1197 756 1251 interea
795 1193 1174 1263 Httttgarorttm
1227 1207 1344 1257 rex,
1371 1191 1547 1260 ruptis
1594 1207 1812 1245 rursum
1863 1191 1968 1246 fa:-

389 1291 629 1354 deribus,
657 1287 970 1358 Dionysium
1005 1288 1288 1354 quemdam
1337 1301 1402 1340 ex
1440 1283 1582 1338 aulae
1625 1285 1966 1354 primatibus,

386 1383 564 1435 virum
599 1380 688 1448 qui
745 1378 928 1432 multis
973 1377 1084 1447 jam
1115 1377 1168 1429 in
1222 1375 1379 1431 bellis
1415 1375 1745 1429 inclaruerat
1772 1413 1788 1439 ,
1841 1390 1964 1429 cum

389 1470 592 1537 ingenti
627 1468 868 1522 exercitu
925 1467 988 1519 ad
1040 1466 1298 1520 Sirmium
1341 1465 1535 1519 iterum
1587 1464 1963 1531 occupandum

387 1561 576 1615 mittit.
608 1558 760 1624 Quod
793 1555 953 1610 simul
997 1564 1161 1624 atque
1196 1569 1484 1624 percepero
1513 1553 1742 1608 Romani
1776 1553 1962 1618 duces,

385 1651 516 1718 quid
567 1651 621 1704 in
655 1665 721 1705 eo
753 1664 932 1704 rerum
967 1659 1110 1702 statu
1156 1656 1300 1701 esset
1339 1647 1606 1716 agendum
1637 1645 1961 1700 deliberant.

387 1744 492 1798 Sed
563 1759 670 1798 non
743 1743 796 1795 in
871 1738 1242 1794 Romanorum
1315 1739 1660 1792 commodum
1702 1737 1963 1808 processit

384 1831 652 1900 ejusmodi
685 1829 973 1885 consilium
1002 1870 1018 1896 ,
1069 1835 1255 1896 utpote
1282 1827 1334 1880 in
1367 1825 1416 1880 id
1461 1826 1684 1879 intentis
1711 1825 1962 1879 consilia-

386 1924 518 1988 riis,
549 1933 603 1976 ut
653 1922 791 1976 alius
841 1921 1004 1974 alium
1061 1918 1374 1986 deciperet:
1412 1924 1641 1983 utroque
1677 1915 1729 1968 in
1773 1913 1964 1983 primis

385 2013 686 2076 Michaele,
742 2010 907 2081 258
953 2007 1133 2064 Gabra
1189 2007 1490 2072 nimirum,
1541 2005 1634 2076 qui
1684 2005 1792 2059 dux
1847 2011 1965 2056 erat

387 2105 659 2175 regionis,
697 2113 750 2157 et
784 2103 957 2156 Brana
983 2145 996 2168 ,
1037 2101 1129 2172 qui
1161 2111 1214 2155 et
1253 2100 1369 2169 ipse
1401 2097 1663 2153 exercitui
1711 2105 1962 2168 praeerat,

384 2208 616 2266 utroque
651 2194 774 2248 belli
798 2193 1186 2261 cupidissimo:
1214 2204 1399 2245 verum
1429 2188 1708 2258 pra‘valuit
1734 2188 1958 2243 Branas.

382 2290 520 2343 Cum
555 2286 722 2356 igitur
766 2282 1084 2355 Dionysium
1121 2291 1283 2336 noctu
1316 2280 1521 2335 adoriri
1551 2278 1771 2343 vellent,
1797 2293 1964 2348 quan-

382 2379 671 2449 doquidem
738 2376 811 2430 ita
877 2375 1022 2428 inter
1086 2388 1148 2428 se
1181 2374 1572 2433 decreverant,
1625 2371 1788 2424 mctis
1840 2370 1963 2426 inde

381 2471 576 2526 castris
595 2484 715 2522 cum
738 2467 992 2522 omnibus
1021 2464 1228 2523 viribus
1254 2463 1482 2518 ulterius
1511 2473 1635 2518 sunt
1662 2461 1957 2532 progressi.

383 2561 486 2616 Ubi
529 2561 595 2614 ad
629 2571 754 2612 eum
785 2567 1083 2624 pervenere
1112 2553 1314 2618 locum,
1339 2551 1392 2606 in
1415 2566 1522 2622 quo
1551 2566 1646 2606 sua
1670 2549 1962 2621 Dionysius

381 2664 560 2708 castra
599 2657 882 2718 posuerat,
918 2646 1235 2716 nullumque
1263 2645 1486 2699 omnino
1514 2644 1568 2698 in
1598 2645 1664 2699 iis
1704 2645 1961 2698 invenere

381 2745 707 2805 exercitum,
742 2749 852 2792 tum
891 2753 986 2792 eos
1019 2737 1308 2806 occupavit
1338 2749 1526 2806 pavor.
1564 2733 1622 2789 Si
1659 2733 1784 2803 quid
1812 2735 1956 2789 enim

383 2838 527 2891 aliud
555 2876 567 2896 .
601 2836 751 2889 locus
782 2836 1027 2896 desertus
1058 2837 1112 2885 et
1142 2829 1449 2898 incognitus
1477 2829 1528 2882 in
1569 2826 1810 2882 hostium
1844 2826 1958 2881 solo

380 2930 446 2984 ad
483 2927 901 2982 cumtnorendos
937 2924 1167 2977 militum
1201 2922 1414 2976 animos
1466 2919 1756 2991 plurimum
1792 2917 1954 2972 valet.

385 3019 569 3074 Nihilo
603 3018 784 3073 minus
831 3017 933 3071 iter
965 3015 1236 3084 agebant,
1272 3027 1458 3067 eorum
1501 3012 1726 3066 subimle
1763 3011 1956 3066 observ

382 3120 576 3165 rantes
604 3108 830 3178 vestigia
859 3125 871 3160 :
907 3116 958 3161 et
999 3107 1137 3160 forte
1169 3105 1530 3159 confecissent
1555 3103 1831 3173 quidpiam
1854 3141 1867 3165 ,
1908 3101 1954 3155 si

380 3203 646 3256 maturius
670 3199 841 3256 adorti
874 3198 1107 3254 fuissent
1134 3195 1440 3267 Hungaros.
1465 3193 1602 3249 Tum
1632 3193 1776 3248 enim
1810 3193 1954 3249 clara

374 3297 490 3367 jam
522 3295 666 3362 luce,
699 3305 756 3348 ut
787 3295 839 3348 id
870 3292 944 3346 illi
981 3292 1264 3348 advertere
1289 3332 1303 3357 ,
1337 3288 1492 3358 equis
1518 3288 1608 3358 qui
1644 3287 1697 3341 in
1742 3286 1956 3356 pascuis

379 3397 537 3446 erant
570 3389 623 3442 in
652 3395 830 3442 castra
863 3386 1091 3449 abactis,
1123 3394 1177 3438 et
1203 3383 1420 3438 caeteris
1447 3383 1536 3451 qui
1564 3389 1691 3434 ante
1724 3378 1956 3433 tentoria

382 3489 533 3536 stare
581 3480 646 3532 de
677 3490 828 3531 more
859 3475 1036 3529 solent
1083 3473 1398 3528 conscensis
1427 3513 1440 3535 ,
1494 3473 1547 3525 in
1575 3480 1783 3526 turmas
1809 3469 1958 3524 ordi-

380 3577 625 3625 nantur:
665 3582 786 3621 mox
841 3575 902 3620 ut
951 3565 1227 3619 Romanos
1277 3561 1612 3630 negligenter
1639 3571 1692 3614 et
1746 3562 1954 3614 incom-

376 3659 552 3728 posite
604 3655 737 3711 ferri
793 3655 980 3709 vident
1041 3652 1285 3724 (plurimi
1337 3650 1482 3706 enim
1541 3666 1606 3705 ex
1669 3649 1771 3712 iis,
1827 3651 1954 3703 dum

376 3749 688 3819 llungaros,
717 3747 808 3817 qui
844 3759 1012 3816 equos
1043 3745 1096 3799 in
1122 3752 1299 3798 castra
1329 3743 1578 3813 agebant,
1611 3741 1950 3804 adoriuntur,

375 3861 496 3901 sese
536 3845 641 3899 huc
689 3842 815 3896 illuc
851 3840 1198 3908 effuderant),
1232 3837 1352 3892 illos
1383 3837 1684 3900 invadunt,
1716 3835 1955 3905 fusisque

378 3938 448 3992 iis
481 3944 711 3991 caeteros
735 3973 750 3998 ,
784 3932 872 4002 qui
908 3932 1209 3986 Romanam
1245 3927 1569 3998 phalangem
1609 3941 1637 3981 a
1687 3937 1836 3996 tergo
1863 3940 1953 3979 se-

379 4029 729 4098 quebantur,
805 4023 1094 4094 propulere
1182 4021 1368 4076 etiam.
1436 4018 1642 4086 Quibus
1723 4016 1951 4086 perculsi

381 4117 614 4173 Rontani
681 4125 963 4185 receptum
1017 4113 1194 4184 primo
1239 4111 1588 4179 cogitarunt,
1645 4123 1709 4164 ac
1763 4106 1955 4161 deinde

375 4214 534 4279 longe
571 4208 829 4278 majorem
854 4205 968 4261 viso
998 4205 1201 4260 instare
1227 4202 1524 4258 exercitum
1559 4201 1658 4254 rati
1691 4201 1740 4252 in
1772 4199 1950 4269 fugam

381 4316 502 4355 sese
551 4301 856 4364 coniecere.
914 4295 1212 4351 Veritatem
1252 4295 1395 4348 enim
1449 4303 1541 4346 aut
1599 4305 1948 4361 cognoscere,

381 4399 474 4444 aut
531 4389 829 4459 diiudicare
880 4389 947 4442 iis
1004 4387 1058 4442 in
1112 4385 1398 4440 momentis
1449 4383 1602 4454 pauci
1663 4381 1949 4435 admodum

378 4481 636 4536 mortales
687 4481 885 4535 sciunt.
939 4477 1194 4533 Protinus
1246 4477 1410 4548 259
1457 4477 1638 4547 itaque
1700 4476 1950 4530 omnibus

2148 1191 2216 1260 γ’.
2263 1193 2322 1246 '0
2353 1193 2409 1246 δὲ
2458 1192 2566 1245 τῶν
2599 1191 2818 1247 Ούννων
2853 1191 2956 1263 ρὴξ
3009 1191 3080 1245 τά
3127 1191 3452 1245 καθεστῶτα
3490 1190 3653 1242 πάλιν

2075 1287 2306 1355 κινήσας
2343 1285 2621 1338 Διονύσιόν
2644 1303 2768 1339 τινα
2802 1287 2914 1354 (‘25)
2937 1286 3047 1338 τῶν
3108 1285 3239 1354 παρ’
3271 1283 3418 1353 αὐτῷ
3451 1284 3650 1350 ἐπιφα-

2074 1377 2203 1438 νῶν,
2236 1377 2408 1447 ἄνδρα
2436 1377 2693 1448 πολέμων
2717 1377 2928 1430 πολλῶν
2955 1376 3242 1446 ἔμπειρον,
3277 1376 3651 1444 στρατεύματι

2073 1467 2295 1537 μεγάλῳ
2324 1468 2553 1537 Σιρμίου
2591 1468 2684 1520 καὶ
2716 1468 2880 1520 πάλιν
2915 1466 3335 1537 ἀντιποιηθῆναι
3375 1466 3647 1535 ἐπεμψεν.

2079 1561 2150 1612 ⁸0
2183 1559 2478 1630 πυθόμενοι
2501 1562 2550 1614 οἱ
2580 1561 2689 1613 τῶν
2705 1559 2994 1629 Ῥωμαίων
3031 1563 3327 1628 στρατηγοὶ
3359 1557 3650 1627 βουλευτέα

2073 1651 2228 1718 σφίσι
2271 1652 2400 1721 περὶ
2445 1651 2637 1703 τούτου
2683 1650 2904 1703 ἐποίουν
2958 1650 3022 1723 [Γ.
3064 1649 3297 1721 ἐνόουν].
3344 1648 3648 1720 Προύϐαινε

2073 1743 2173 1813 μέν
2204 1741 2271 1795 τά
2303 1743 2402 1812 τῆς
2437 1742 2660 1812 βουλῆς,
2693 1743 2797 1796 οὐκ
2829 1744 2922 1796 ἐπὶ
2951 1743 3011 1796 τὸ
3045 1741 3341 1812 Ῥωμαίοις
3377 1741 3647 1805 ξυνοίσον,

2069 1833 2321 1904 ὁρώντων
2346 1833 2457 1887 τῶν
2485 1833 2810 1904 βουλευτῶν,
2848 1833 2962 1887 ἀλλ’
2987 1832 3062 1897 ὡς
3103 1834 3167 1887 ἀν
3208 1850 3292 1896 τις
3345 1831 3644 1900 παραλογί-

2072 1938 2226 1975 σαιτο
2263 1922 2358 1976 τὸν
2391 1921 2597 1993 ἕτερον,
2632 1921 2868 1992 μάλιστα
2891 1922 3073 1992 μέντοι
3108 1921 3274 1992 άμφω
3295 1919 3371 1974 τὼ
3405 1917 3645 1990 Μιχαὴλ,

2068 2014 2127 2077 ὃς
2156 2033 2214 2068 τε
2254 2015 2471 2086 Γαϐρᾶς
2519 2007 2852 2085 ἐπεκέκλητο
2885 2013 3010 2080 δοὺξ
3055 2014 3153 2084 τῆς
3186 2013 3312 2083 τῇδε
3344 2011 3523 2083 χώρας
3551 2027 3645 2062 τε-

2069 2105 2197 2167 λῶν,
2234 2106 2328 2158 καὶ
2358 2106 2386 2158 ὁ
2409 2106 2624 2177 Βρανᾶς
2653 2105 3059 2176 στρατεύματος
3086 2105 3192 2175 ἰδίᾳ
3224 2104 3517 2174 κατάρχων
3547 2102 3644 2156 καὶ

2067 2197 2250 2262 αὐτὸς,
2283 2195 2579 2268 ἀμφοτέρω
2620 2198 2719 2266 μὲν
2754 2196 3207 2266 πολεμικωτάτω,
3238 2195 3353 2249 ἀλλ’
3387 2195 3644 2264 όΒρανάς

2069 2289 2287 2357 ἐκράτει
2341 2289 2558 2359 μᾶλλον.
2618 2288 3038 2358 Βουλευομένοις
3104 2288 3286 2340 τοίνυν
3344 2287 3643 2357 ἐπειδήπερ

2067 2381 2240 2434 ἐδόκει
2292 2381 2509 2449 νύκτωρ
2541 2381 2825 2434 ἐπιθέσθαι
2870 2380 3130 2450 Διονυσίῳ
3160 2380 3246 2450 [Ρ.
3286 2377 3428 2450 15η.
3465 2380 3642 2448 ἄραν-

2065 2489 2155 2536 τες
2218 2473 2553 2543 πανστρατεὶ
2590 2475 2779 2544 πρόσω
2817 2472 3080 2543 ἐχώρουν.
3115 2472 3151 2522 Γ
3156 2469 3405 2540 εγονότες
3440 2471 3484 2522 δ’
3511 2467 3642 2522 ἔνθα

2065 2563 2341 2618 Διονύσιον
2381 2564 2905 2635 στρατοπεδεύεσθαι
2923 2563 3259 2625 συνέὸαινεν,
3285 2561 3472 2632 ἐπειδὴ
3501 2577 3642 2612 παν-

2064 2658 2302 2712 τάπασιν
2378 2657 2588 2724 ἀνδρῶν
2652 2657 2860 2728 ἔρημον
2917 2657 2978 2710 τδ
3034 2654 3398 2725 στρατόπεδον
3455 2646 3640 2724 εὗρον,

2065 2744 2372 2816 ύποδειλιᾷν
2427 2744 2684 2816 ἤρξαντο.
2725 2745 2932 2796 Ἱκανόν
2987 2744 3095 2813 γὰρ
3151 2743 3310 2810 εἴπερ
3373 2758 3426 2794 τι
3461 2740 3639 2811 χῶρος

2064 2839 2269 2908 ἔρημος
2303 2837 2396 2892 καὶ
2425 2837 2599 2908 ἀήθης
2628 2837 2879 2906 διατριϐὴ
2909 2836 3088 2908 ψυχὴν
3120 2837 3212 2887 ἐπὶ
3243 2832 3510 2904 πολεμίας
3533 2849 3642 2886 κα-

2061 2933 2311 2985 τασεῖσαι
2373 2931 2790 3002 στρατιωτικήν.
2850 2927 3316 2999 Ἰχνοσκοποῦντες
3381 2927 3424 2979 δ’
3487 2926 3639 2996 ὅμως

2062 3020 2407 3092 ἐπορεύοντο,
2471 3019 2566 3074 καὶ
2613 3019 2751 3090 τάχα
2796 3018 2861 3072 ἀν
2917 3037 2968 3071 τι
3015 3017 3112 3071 καὶ
3158 3015 3427 3084 ἔπραξαν,
3486 3017 3539 3068 ετ
3570 3029 3637 3082 γε

2062 3112 2426 3184 πρωιαίτερον
2471 3113 2584 3176 τοῖς
2617 3109 2838 3174 Οὖννοις
2887 3109 3165 3164 ἐπέθεντο.
3215 3109 3349 3161 Τότε
3401 3107 3458 3161 δέ
3509 3109 3638 3160 ἐπεὶ

2059 3201 2245 3272 ἡμέρα
2277 3201 2377 3272 ἤδη
2407 3198 2686 3269 διαφανῶς
2718 3193 2808 3269 ἦν,
2847 3197 3160 3268 αἰσθόμενοι
3191 3192 3384 3249 Οὖννοι
3413 3193 3536 3256 τούς
3575 3209 3636 3246 τι

2060 3293 2259 3356 ἵππους
2318 3290 2648 3345 εἰσελαύνειν
2708 3290 2799 3342 ἐπὶ
2858 3289 2919 3342 τὸ
2983 3287 3346 3357 στρατόπεδον
3400 3286 3637 3358 ἤρξαντο

2059 3382 2378 3454 (ἐτύγχανον
2404 3382 2513 3454 γὰρ
2549 3381 2643 3435 ἐπὶ
2686 3381 2857 3452 νομὴν
2892 3379 3206 3448 ἀναθέντες)
3238 3379 3329 3433 καὶ
3371 3381 3484 3441 τοῖς
3527 3379 3635 3448 πρὸ

2056 3475 2165 3527 τῶν
2199 3474 2413 3545 σκηνῶν
2456 3474 2516 3538 ἐξ
2546 3472 2699 3536 ἐθους
2731 3475 2819 3526 ἀεὶ
2850 3472 3082 3525 ἑστῶσιν
3114 3469 3488 3532 ἐπιϐαίνοντες
3528 3487 3634 3538 φα-

2056 3567 2326 3638 λαγγηδὸν
2385 3566 2692 3631 ἐτάττοντο,
2751 3565 3058 3636 Ῥωμαίους
3116 3581 3178 3616 τε
3236 3563 3333 3616 σὺν
3388 3563 3636 3633 ἀκοσμίᾳ

2059 3658 2229 3730 πολλῇ
2259 3657 2593 3730 φερομένους
2624 3657 2820 3720 ἰδόντες
2850 3658 2982 3727 (τοῖς
3015 3656 3127 3727 γάρ
3165 3655 3265 3726 τὴν
3292 3657 3454 3708 ἵππον
3481 3655 3638 3706 ἐλαύ-

2057 3768 2244 3804 νουσιν
2276 3751 2592 3822 ἐπιθέμενοι
2623 3748 2848 3813 Ούννοις
2878 3749 2929 3802 οι
2956 3749 3177 3813 πλείους
3203 3748 3632 3817 ἐσκεδάσθησαν)

2058 3837 2340 3907 ἐπήλασάν
2372 3854 2429 3890 τε
2471 3837 2657 3900 αὐτοῖς
2696 3837 2793 3889 καὶ
2822 3837 3156 3907 τρεψάμενοι
3199 3836 3277 3898 είς
3307 3837 3434 3898 τοὺς
3472 3834 3634 3888 κατό-

2057 3946 2151 3981 πιν
2183 3930 2360 3989 ἰόντας
2388 3928 2489 3998 τῆς
2529 3927 2846 3998 Ῥωμαῖκῆς
2885 3929 3164 3996 φάλαγγος
3209 3925 3500 3980 συνελάσαι
3536 3926 3634 3978 τσ-

2057 4036 2248 4089 χυσαν.
2287 4019 2403 4087 Ἐφ’
2445 4012 2526 4082 οἷς
2561 4019 3026 4090 συνταραχθέντες
3071 4019 3270 4072 ἐκεῖνοι
3304 4019 3363 4081 ἐς
3405 4017 3632 4084 ὑπαγω-

2055 4113 2159 4182 γὴν
2199 4112 2438 4166 έκλιναν.
2486 4111 2595 4166 Καὶ
2635 4112 2694 4164 τὸ
2740 4111 2927 4166 λοιπὸν
2969 4111 3074 4165 ἀνά
3125 4112 3325 4182 κράτος
3368 4111 3631 4179 Ῥωμαῖοι

2054 4201 2304 4270 ἔφευγον,
2327 4201 2604 4272 οἰηθέντες
2631 4201 2811 4273 πολλῷ
2832 4201 3052 4255 πλείονα
3076 4202 3176 4271 τῆς
3196 4201 3481 4271 ὀρωμένης
3507 4201 3632 4252 ἐπι-

2059 4292 2247 4346 θέσθαι
2277 4291 2428 4361 σφίσι
2460 4293 2742 4364 στρατιᾶς.
2772 4294 2884 4362 Τὴν
2910 4291 3020 4363 γὰρ
3049 4290 3140 4344 τοῦ
3171 4290 3407 4360 ἀληθοῦς
3429 4286 3630 4358 γνῶσίν

2055 4401 2113 4438 τε
2139 4387 2231 4437 καὶ
2260 4385 2536 4453 διάκρισιν
2569 4384 2767 4454 κομιδῆ
2806 4384 3010 4451 ὀλίγοις
3054 4383 3360 4454 ἀνθρώπων
3407 4383 3465 4434 ἐν
3515 4380 3630 4442 τοῖς

2055 4475 2318 4538 τοιούτοις
2385 4477 2534 4530 ἐστιν
2601 4477 2808 4546 εὑρεῖν.
2844 4477 3009 4530 Ὅθεν
3060 4477 3153 4529 καὶ
3212 4476 3350 4544 ταχὺ
3408 4474 3628 4528 πάντων

381 4573 806 4639 discedentibus,
839 4572 1150 4627 aliquandiu
1183 4587 1304 4626 cum
1337 4573 1528 4641 signis,
1559 4580 1614 4625 ct
1661 4571 1848 4640 paucis
1879 4585 1942 4624 ex

2066 4568 2547 4638 ὶπαγορευσάντων
2583 4567 2744 4636 μέχρι
2801 4567 2903 4636 μέν
2957 4583 3099 4630 τινος
3157 4566 3384 4619 ἕστατον
3449 4566 3632 4634 ἀμφο-

380 4667 520 4732 suis,
563 4665 813 4720 restitere
842 4665 949 4718 dux
1002 4671 1254 4732 uterque,
1291 4665 1496 4733 aliquot
1530 4663 1705 4716 adhuc
1757 4675 1942 4717 secum

2053 4663 2193 4732 τέρω
2247 4659 2324 4712 τὼ
2383 4658 2674 4728 στρατηγὼ
2746 4659 2842 4711 σὺν
2898 4661 3008 4720 τοῖς
3064 4656 3311 4728 σημείοις
3366 4656 3460 4709 καὶ
3515 4652 3628 4707 ὀλί-

379 4771 770 4829 perntansnros
803 4755 1077 4810 liomanos
1104 4755 1225 4809 rati.
1263 4755 1367 4810 Sed
1401 4757 1488 4808 ubi
1531 4768 1692 4810 nemo
1721 4768 1948 4820 usquam

2066 4770 2164 4820 (οις
2196 4752 2304 4804 τῶν
2359 4753 2496 4819 ἀμφ’
2531 4750 2730 4812 αὐτοὺς
2757 4751 2990 4818 οἰομένω
3035 4747 3500 4818 ἐπισυστήσασθσι
3556 4736 3623 4794 αὖ

384 4867 507 4904 cum
545 4849 610 4902 iis
637 4849 820 4912 stetit,
851 4855 1007 4916 terga
1051 4854 1107 4900 et
1138 4845 1235 4915 ipsi
1267 4847 1478 4900 tandem
1507 4845 1790 4900 dederunt.
1824 4843 1954 4897 Bra-

382 4956 481 4996 nas
539 4941 753 5008 quidem
823 4951 1118 4992 conversus
1168 4952 1331 4991 unum
1387 4939 1453 4991 de
1511 4937 1754 4991 hostibus
1797 4937 1950 4989 hasta

381 5031 686 5098 percussit;
719 5027 855 5081 alter
883 5035 1066 5080 autem
1100 5028 1220 5095 fuga
1257 5027 1448 5081 evasit.
1481 5025 1618 5080 Tum
1647 5041 1775 5080 sane
1810 5025 1951 5094 quod

380 5124 432 5176 in
463 5122 687 5176 consilio
725 5121 872 5190 prius
923 5121 1064 5173 inter
1108 5135 1202 5174 eos
1259 5119 1540 5174 dissidium
1575 5120 1954 5172 intercesserat

381 5212 612 5265 innotuit
639 5227 654 5276 ;
685 5218 970 5279 postquam
999 5208 1145 5261 enim
1177 5207 1468 5276 fugientem
1489 5207 1722 5261 Gabram
1756 5209 1952 5262 iterum

385 5312 669 5358 assecutus
704 5310 788 5354 est
815 5299 1040 5363 Branas,
1074 5299 1308 5353 irridens
1335 5313 1398 5352 ac
1432 5299 1700 5352 illudens:
1739 5317 1757 5349 ι
1794 5297 1950 5363 Num,

383 5395 597 5464 inquit,
643 5393 866 5459 vidisti,
919 5391 1245 5456 oScbaste,
1297 5399 1355 5444 ut
1396 5392 1592 5445 iterum
1662 5391 1954 5446 restiterim

2062 4844 2348 4913 Ῥωμαίων
2375 4845 2562 4904 τινάς-⁸
2590 4842 2664 4902 ὡς
2709 4842 2764 4894 δὲ
2805 4842 2980 4904 οὐδεὶς
3010 4841 3309 4906 οὐδαμόθεν
3337 4835 3626 4887 συνίστατο

2048 4935 2280 4999 autem,
2349 4934 2492 4986 νῶτα
2544 4933 2730 4985 λοιπόν
2781 4932 2974 4985 ἔδοσαν
3022 4933 3117 4978 καὶ
3173 4926 3347 4979 αὐτοί.
3417 4925 3556 4978 Ἀλλ’
3596 4926 3624 4976 ὁ

2056 5028 2155 5096 μὲν
2181 5025 2394 5095 Βρανᾶς
2423 5025 2627 5092 μεταξὺ
2658 5019 3015 5087 ἐπιστραφεὶς
3062 5016 3168 5069 τῶν
3193 5033 3314 5069 τινα
3347 5016 3626 5086 πολεμίων

2053 5123 2241 5190 δόρατι
2296 5116 2546 5176 ἔπαισεν,
2604 5112 2800 5179 ἅτερος
2833 5108 2890 5160 δὲ
2923 5109 3110 5178 ἀπῄει.
3163 5109 3296 5160 Ὅτε
3333 5108 3398 5177 δὴ
3449 5125 3619 5159 κατα-

2057 5209 2241 5279 φανῶς
2284 5206 2519 5273 ἔγνωστο
2553 5200 2620 5254 τά
2674 5200 2772 5270 τῆς
2807 5200 2864 5251 ἐν
2901 5199 3060 5269 βουλῇ
3121 5201 3384 5268 πρότερον
3441 5199 3628 5259 αὐτοῖς

2055 5299 2339 5368 διαφορᾶς.
2373 5295 2430 5347 '0
2477 5293 2585 5363 γάρ
2617 5308 2698 5344 τοι
2735 5291 2944 5361 Βρανᾶς
2982 5289 3094 5356 (24)
3137 5290 3322 5360 ἐπειδὴ
3371 5289 3627 5356 φεύγοντι

2057 5390 2212 5452 αὖθις
2253 5384 2506 5455 συνέμιξε
2558 5381 2636 5453 τῷ
2673 5381 2881 5452 Γαὸρᾷ,
2932 5380 3289 5443 ἐπιτωθάζων
3345 5379 3493 5448 μάλα
3535 5377 3627 5429 καὶ

1729 5523 1827 5583 Du
1859 5522 2076 5600 Cangii
2113 5527 2296 5581 nota).

449 5631 559 5700 (23)
587 5630 905 5683 Διονύσιόν
936 5645 1088 5684 τινα.
1112 5627 1381 5700 "Diuttysii
1420 5627 1666 5700 meminit
1728 5628 1943 5700 Nicetas

381 5697 483 5754 non
530 5701 720 5760 semel,
783 5702 908 5768 dum
941 5701 1076 5752 bella
1109 5699 1413 5763 llungarica
1448 5699 1783 5768 exsequitur.
1835 5697 1940 5751 Sed

379 5772 442 5822 de
475 5770 563 5823 illo
599 5769 755 5824 silent
788 5767 1076 5837 llungarici
1119 5768 1432 5837 scriptorcs.

2121 5624 2234 5709 (2})
2297 5622 2360 5676 Ὀ
2398 5620 2620 5694 γάρτοι
2657 5616 2914 5690 Βρανᾶς.
2987 5632 3104 5671 Hth
3157 5616 3418 5678 N‘cetam,
3479 5625 3513 5670 ι.
3549 5633 3626 5682 tv,

2052 5713 2104 5748 n.
2164 5713 2217 5751 ι).

2276 5863 2332 5870 n.-
