4014 6398
373 282 473 346 631

369 493 599 544 nume'ro
634 490 833 547 factam
867 510 931 550 ex
971 501 1123 554 corio
1171 503 1333 571 pilam
1385 508 1758 576 magnitudine
1803 510 1942 566 malo

366 579 598 633 similem
638 583 689 635 in
717 583 891 640 locum
918 592 1207 658 quemdam
1230 596 1293 648 ad
1331 596 1380 651 id
1411 599 1560 665 prius
1586 611 1741 668 prout
1765 602 1940 657 visum

365 668 530 724 fuerit
561 671 867 731 dimensum
901 682 1179 740 emittunt.
1225 685 1360 742 Tum
1392 705 1520 745 vero
1551 691 1619 745 ad
1672 693 1828 748 illam
1851 710 1942 748 ve-

364 759 462 816 luti
522 767 804 832 praemium
861 771 1082 841 aliquod
1143 778 1194 830 in
1249 781 1428 834 medio
1487 784 1717 851 positam
1764 786 1940 854 plenis

365 853 600 909 invicem
670 858 898 918 habenis
963 869 1334 934 contendunt,
1388 873 1581 942 singuli
1633 875 1685 929 in
1733 853 1939 933 dextris

361 943 573 1014 virgam
637 947 942 1018 habentes,
1009 972 1130 1025 qua:
1179 959 1519 1031 longitudine
1565 966 1824 1020 mediocri
1881 969 1934 1022 in

360 1039 722 1098 orbiculatam
773 1049 1072 1114 quamdam
1107 1051 1444 1111 latitudinem
1501 1060 1682 1114 subito
1711 1063 1934 1130 desinit,

354 1127 514 1197 cujus
534 1132 1009 1194 medium'chordis
1033 1142 1238 1213 aliquot
1261 1147 1544 1205 desiccatis
1567 1152 1733 1224 264
1765 1127 1930 1210 retis;

357 1233 465 1287 que
515 1222 566 1276 in
609 1227 829 1282 modum
864 1229 1007 1286 inter
1038 1249 1098 1288 se
1141 1240 1405 1294 connexis
1435 1241 1794 1312 intercipitur.
1833 1245 1933 1300 Dat

357 1325 492 1366 vero
521 1329 745 1382 operam
778 1330 1010 1394 utraque
1049 1341 1178 1396 pars
1205 1338 1263 1383 ut
1293 1331 1436 1386 ultra
1487 1333 1716 1390 alteram
1773 1346 1928 1392 antea

357 1402 640 1461 definitam
675 1419 873 1465 metam
905 1417 1056 1482 prior
1095 1419 1326 1490 quisque
1369 1423 1534 1492 pilam
1571 1428 1925 1483 transmittat.

355 1491 493 1548 Cum
548 1497 692 1552 enim
727 1500 782 1554 in
818 1502 1140 1561 alterutram
1197 1519 1396 1566 metam
1434 1515 1734 1570 reticulatis
1763 1517 1928 1586 virgis

356 1584 468 1650 pila
503 1591 918 1660 transmittitur,
951 1596 1004 1650 id
1049 1599 1188 1666 parti
1226 1602 1381 1657 alteri
1421 1619 1520 1674 pro
1546 1606 1775 1662 victoria
1820 1584 1920 1664 est.

355 1673 678 1746 llujusmodi
712 1683 931 1751 quidem
968 1699 1051 1741 est
1087 1689 1244 1745 ludus
1279 1693 1398 1760 iste,
1425 1673 1614 1764 ilapsui
1649 1698 1924 1754 obnoxius

347 1767 510 1834 plane
547 1783 612 1825 ac
644 1774 1005 1841 periculosus.
1039 1778 1272 1837 Necesse
1304 1785 1504 1856 quippe
1531 1795 1616 1841 est
1645 1798 1701 1842 ut
1736 1791 1826 1858 qui
1868 1790 1924 1844 in

347 1873 414 1911 eo
463 1874 523 1914 se
567 1873 785 1919 exercet
825 1881 945 1922 sese
989 1873 1205 1939 supinet
1257 1876 1520 1932 continuo
1567 1879 1731 1949 inque
1783 1881 1926 1938 latus

348 1957 637 2020 utrumque
662 1952 926 2022 ﬂectatur,
950 1967 1006 2012 ut
1035 1962 1087 2014 in
1120 1964 1307 2018 orbem
1345 1981 1555 2036 equum
1583 1971 1924 2041 circumagat

342 2049 400 2093 'ct
436 2043 618 2098 varios
653 2045 888 2103 subinde
918 2050 1173 2107 instituat
1202 2071 1398 2112 cursus
1435 2059 1775 2131 totidemque
1806 2079 1923 2117 mo-

345 2140 454 2197 tus,
495 2143 631 2202 quot
676 2137 840 2205 pilam
893 2140 1078 2197 facere
1113 2147 1405 2216 contigerit
1457 2166 1470 2205 :
1510 2160 1674 2220 atque
1713 2153 1817 2208 hoc
1862 2168 1921 2210 se

339 2223 697 2290 modo-habet
730 2233 1051 2287 exercitium
1083 2235 1251 2292 istud.
1288 2240 1421 2294 Dum
1466 2242 1628 2311 igitur
1663 2245 1920 2327 princeps

339 2315 485 2370 ruiro
518 2319 752 2386 quodam
787 2324 950 2378 modo
977 2325 1030 2380 in
1065 2343 1130 2382 eo
1161 2345 1283 2385 sese
1317 2333 1738 2406 circumageret,
1774 2323 1918 2395 acci-

339 2407 420 2460 dit
468 2415 526 2462 ut
565 2422 672 2478 quo
713 2413 1011 2471 vehebatur
1047 2433 1220 2488 equus
1247 2421 1300 2475 in
1359 2433 1558 2479 terram
1593 2437 1736 2484 totus
1787 2445 1913 2486 cor-

343 2508 550 2554 rueret.
591 2499 834 2572 Cumque
865 2504 959 2561 ille
994 2509 1184 2566 subter
1230 2512 1431 2569 eﬂ‘usus
1468 2532 1666 2586 magno
1704 2521 1913 2590 labore,

338 2598 398 2641 ut
433 2604 491 2644 se
519 2592 755 2662 erigeret
780 2609 808 2649 a
842 2611 971 2652 casu
1005 2599 1129 2664 isto,
1171 2605 1529 2674 anniterctur,
1567 2624 1669 2666 nec
1713 2627 1910 2681 equum

337 2688 476 2746 toto,
505 2682 581 2735 uti
637 2683 898 2752 diximus,
930 2688 1337 2748 incumbentem
1370 2711 1600 2767 corpore
1629 2715 1912 2758 removere

334 2780 542 2836 posset,
581 2771 760 2829 femur
805 2792 1155 2849 manumque,
1189 2786 1316 2840 dum
1349 2789 1452 2844 sub
1481 2791 1615 2846 sella
1671 2797 1909 2863 equestri

333 2862 776 2936 intercipiuntur,
814 2873 1054 2939 graviter
1086 2873 1223 2931 laesit
1257 2895 1270 2930 :
1333 2888 1597 2954 tantaque
1624 2884 1678 2940 id
1711 2862 1909 2944 malum

333 2956 644 3011 constantia
677 2961 923 3028 pertulit,
971 2974 1028 3019 ut
1076 2972 1430 3036 quantumvis
1467 2973 1698 3032 lethales
1752 2989 1909 3048 pate-

333 3054 488 3099 retur
525 3047 762 3118 dolores,
809 3064 864 3108 et
896 3055 1181 3112 confestim
1213 3066 1536 3130 surrexerit,
1569 3069 1754 3126 multis
1778 3087 1902 3127 eum
1933 3095 1977 3156 ο

325 3136 436 3205 jam
461 3137 964 3216 circumstantibus,
990 3161 1046 3206 et
1069 3157 1449 3213 conscenderit
1482 3176 1672 3216 rursus
1705 3178 1904 3234 equum

329 3243 631 3302 cursusque
663 3234 896 3306 aliquot
948 3241 1087 3298 citra
1139 3245 1382 3303 laborem
1437 3251 1628 3308 fecerit
1676 3256 1905 3313 :donec

327 3333 622 3389 augescere
674 3328 888 3386 dolores
952 3337 1265 3406 percipiens
1316 3341 1381 3395 ad
1433 3342 1632 3400 lectum
1687 3351 1902 3405 tandem

325 3422 449 3464 sese
478 3415 733 3472 contulit.
764 3419 1029 3492 Deinceps
1063 3441 1192 3482 vero
1237 3430 1309 3484 ita
1354 3433 1527 3488 crevit
1586 3437 1812 3503 malum,
1848 3449 1906 3496 ut

325 3516 393 3554 ex
417 3503 586 3559 animi
606 3509 848 3579 deliquio
867 3514 1004 3568 nihil
1029 3521 1291 3585 postridie
1315 3537 1502 3578 eorum
1525 3541 1643 3594 quae
1667 3529 1901 3598 dixerat,

325 3599 420 3644 aut
464 3593 690 3665 fecerat,
748 3605 1155 3664 recordaretur.
1208 3609 1265 3665 Id
1325 3593 1555 3684 quidem
1593 3593 1901 3686 huiusmodi

323 3684 450 3740 fuit.
492 3687 654 3759 265
687 3690 856 3750 Biduo
897 3706 1076 3754 autem
1130 3714 1292 3772 post,
1350 3721 1472 3761 cum
1508 3684 1899 3783 convaluisset,

321 3778 619 3848 Apameam
655 3785 1022 3850 proficiscitur
1055 3808 1069 3845 :
1109 3803 1162 3847 at
1192 3809 1260 3850 ex
1294 3795 1512 3865 itinere,
1544 3816 1644 3856 nec
1675 3805 1896 3873 mirum,

321 3880 442 3926 orta
475 3887 764 3932 nervorum
806 3880 1166 3948 distensione.
1224 3898 1406 3945 tumor
1461 3891 1661 3948 iterum
1711 3899 1895 3964 rediit,

319 3963 608 4035 crebrique
657 3983 782 4024 eum
846 3973 1062 4032 dolores
1113 3994 1379 4048 punxere.
1452 3985 1797 4058 Quapropter
1843 3963 1895 4046 in

317 4059 453 4114 urbe
501 4058 750 4133 Selybria
801 4067 994 4126 diebus
1057 4073 1418 4134 Paschalibus
1471 4086 1784 4149 transactis,
1837 4096 1897 4142 ut

315 4149 510 4206 melius
550 4167 612 4208 se
650 4156 852 4213 habere
887 4163 1082 4227 sensit,
1124 4165 1537 4241 Philippopolim
1571 4179 1892 4234 contendit:

313 4239 407 4295 ubi
433 4257 554 4298 cum
599 4245 919 4308 Pannonum
970 4257 1162 4326 legatis
1208 4277 1557 4333 congressus,
1595 4283 1717 4323 cum
1761 4272 1893 4326 nihil

315 4346 410 4386 eos
434 4337 552 4390 sani
587 4338 780 4397 aﬂ'erre
805 4349 1170 4417 cognovisset,
1207 4355 1300 4408 sed
1329 4356 1453 4411 belli
1491 4365 1705 4415 tantum
1734 4362 1892 4419 indu-

314 4421 431 4476 cias
454 4428 797 4487 omni‘modo
831 4435 1149 4505 sollicitare,
1185 4443 1351 4498 rebus
1386 4445 1605 4504 infectis
1636 4451 1882 4508 dimisit:
1921 4430 1966 4489 θ

314 4512 494 4582 mque
537 4518 784 4586 adiunxit
815 4523 1121 4584 Romanum
1154 4534 1444 4601 quemdam
1471 4575 1490 4603 ,
1530 4541 1620 4608 qui
1655 4551 1710 4596 et
1747 4541 1893 4598 Cha-

314 4601 512 4629 Ιι-ηΙιΑ-
574 4618 776 4629 —A_,A._
837 4625 847 4629 _
949 4626 958 4629 Α
1059 4621 1068 4629 -
1110 4620 1122 4629 -
1310 4625 1321 4629 -

2025 4512 2127 4528 ,
2151 4512 2271 4535 -..τ
2331 4512 2418 4528 η,
2479 4512 2808 4538 ..-Ἰ-...ης
2887 4512 2976 4526 ν...

2016 4551 2186 4621 ᾖσθετο
2209 4557 2267 4608 ἐν
2301 4557 2544 4614 καλλίονι
2591 4562 2854 4629 γεγονὼς,
2884 4565 2977 4616 ἐπὶ

311 4601 514 4671 luphen
574 4618 874 4680 repeteret,
911 4626 966 4670 et
1017 4620 1122 4674 nisi
1156 4636 1279 4677 mox
1309 4625 1572 4694 imperata
1620 4629 1888 4701 facerent,

309 4691 701 4762 imperatorem
760 4718 975 4761 rursum
1031 4709 1509 4785 Romanorumque
1580 4724 1887 4778 exercitum

307 4799 516 4854 pratsto
548 4789 664 4846 fore
693 4795 1016 4854 minaretur.

309 4891 555 4946 gressus,
589 4885 775 4953 copias
818 4895 1092 4948 contrahit
1127 4913 1142 4950 :
1196 4897 1286 4951 ubi
1331 4899 1458 4953 dum
1495 4913 1737 4958 moratur
1772 4908 1888 4963 haec

310 4971 583 5029 accidere.

1654 303 1973 364 JOANNIS
2013 306 2346 378 ClNNAMI

371 396 539 450 modi.
580 397 971 459 Adolescentcs
1028 407 1232 479 aliquot
1276 427 1430 484 :equo
1479 415 1639 471 divisi
1693 419 1834 473 inter
1887 434 1916 472 si

2016 467 2020 480 .
2051 429 2142 480 τὸν
2196 435 2506 506 εἰθισμένον
2540 441 2598 494 ὃν

3523 340 3628 400 632

2653 443 2938 514 βασιλεῦσι
2983 452 3078 505 καὶ
3141 459 3301 507 παισὶ
3361 453 3626 523 βασιλέων

2046 521 2358 580 άνέκαθεν.’
2397 531 2553 584 Ἔστι
2583 533 2724 586 δὲτὸ
2771 540 3028 596 τοιοῦτον.
3086 543 3316 598 Νεανίαι
3358 545 3507 608 τινὲς
3544 546 3625 608 εἰς

2046 610 2136 662 ίσα
2190 613 2557 687 διαιρεθέντες
2600 623 2852 693 ἀλλήλοις
2930 633 3174 700 σφαῖραν
3239 635 3470 694 σκύτους
3523 635 3622 703 μὲν

2044 709 2426 779 πεποιημένην
2481 713 2639 786 μήλῳ
2678 716 2732 769 δὲ
2761 724 3100 792 παρεμφερῆ
3129 724 3190 777 τὸ
3263 725 3497 794 μέγεθος
3539 727 3624 789 εις

2041 795 2218 865 χῶρόν
2242 816 2365 854 τινα
2399 801 2590 858 ὕπτιον
2620 808 2864 873 ἀφιᾶσιν,
2890 809 2949 872 ὃς
2967 813 3032 864 ἂν
3066 814 3268 886 δηλαδὴ
3298 833 3622 886 συμμετρη-

2041 892 2299 960 σαμένοις
2360 897 2546 960 αὐτοῖς
2605 899 2754 971 δόξῃ.
2810 903 2899 954 ἐπ’
2927 904 3097 974 αὐτήν
3126 910 3196 972 τες
3229 901 3343 960 οἷόν
3367 925 3421 960 τι
3456 903 3620 962 ἆθλον

2039 981 2096 1032 ἐν
2129 985 2438 1055 μεταιχμίῳ
2492 992 2755 1061 κειμένην
2814 994 2922 1046 ἀπὺ
2993 997 3233 1066 ῥυτῆρος
3274 998 3618 1053 ἀντιθέουσιν

2036 1073 2289 1140 ἀλλήλοις
2322 1115 2337 1139 ,
2399 1078 2596 1147 ῥάϐδον
2665 1083 2875 1148 ἐνδέξια
2945 1088 3330 1157 χειριζόμενος
3389 1089 3620 1153 ἕκαστος

2037 1165 2368 1237 συμμέτρως
2399 1169 2499 1238 μὲν
2541 1171 2913 1246 ἐπιμήκη,εἱς
2951 1177 3008 1230 δὲ
3053 1180 3285 1248 καμπήν
3311 1197 3434 1233 τινα
3479 1182 3618 1233 πλα-

2033 1257 2183 1308 τεῖαν
2215 1259 2370 1325 άςρνω
2415 1260 2771 1330 τελευτῶσαν,
2802 1262 2867 1337 ἦς
2910 1267 2972 1321 τὸ
3008 1268 3172 1337 μέσον
3232 1269 3449 1341 χορδαῖς
3500 1288 3615 1325 τισι

2033 1347 2209 1417 χρόνῳ
2246 1351 2343 1418 μὲν
2373 1353 2751 1419 αὐανθείσαις,
2774 1359 3035 1429 ἀλλήλαις
3065 1361 3120 1415 δὲ
3147 1362 3447 1416 δικτυωτόν
3491 1381 3615 1416 τινα

2032 1439 2554 1513 ξυμπεπλεγμέναις
2616 1447 3044 1518 διαλαμϐάνεται
3111 1456 3335 1517 τρόπον.
3370 1454 3614 1527 Σπουδὴν

2035 1531 2226 1599 μέντοι
2250 1534 2512 1606 ἑκάτερον
2571 1541 2863 1612 πεποίηται
2902 1544 3066 1613 μέρος
3102 1545 3250 1610 ὅπως
3293 1547 3360 1600 ἂν
3388 1549 3484 1600 ἐπὶ
3514 1548 3612 1600 θά-

2029 1640 2187 1694 τερον
2217 1629 2665 1699 προτερήσαντες
2697 1635 3054 1704 μεταγάγωσι
3093 1637 3288 1708 πέρας,
3321 1638 3610 1709 ὃδηλονότι

1957 1715 2267 1806 Βάρχῆθεν
2322 1720 2512 1784 αὐτοῖς
2567 1723 2949 1781 άποδέδασται.
3011 1728 3269 1782 Ἐπειδὰν
3315 1729 3427 1800 γὰρ
3485 1733 3611 1795 ταῖς

2033 1806 2252 1874 ῥάϐδοις
2305 1811 2388 1873 είς
2446 1813 2809 1883 ὁποτερονοῦν
2871 1819 3232 1888 ἐπειγόμενος
3299 1821 3328 1872 ὁ
3375 1823 3608 1892 σφαῖρος

2029 1898 2292 1969 ἀφίκηται
2333 1903 2531 1971 πέρας.
2590 1905 2756 1960 τοῦτο
2815 1909 2848 1979 ἠ
2907 1909 3030 1982 νίκη
3086 1911 3283 1982 ἐκείνῳ
3332 1911 3410 1981 τῷ
3446 1913 3653 1982 μέρει.

2026 1991 2260 2058 γίνεται.
2297 1993 2370 2046 Ἠ
2399 1995 2498 2065 μὲν
2529 1999 2724 2053 παιδιά
2785 2002 2966 2056 τοιάδε
3019 2004 3104 2066 τίς
3135 2006 3307 2071 ἐστιν,
3341 2003 3610 2075 ὀλισθηρὰ

2025 2083 2204 2152 πάντη
2241 2085 2336 2138 καὶ
2366 2087 2720 2162 κινδυνώδης.
2760 2089 3079 2170 ’Υπτιάζειν
3132 2112 3193 2148 τε
3224 2095 3334 2167 γὰρ
3360 2096 3446 2149 ἀεὶ
3513 2097 3608 2150 καὶ

2031 2175 2302 2246 ίσχιάζειν
2371 2179 2587 2250 ἀνάγκη
2627 2183 2720 2236 τὸν
2746 2183 2949 2255 ταύτην
3003 2186 3281 2255 μετιόντα,
3327 2187 3384 2238 ἐν
3421 2187 3607 2258 κύκλῳ

2020 2288 2082 2324 τε
2113 2271 2206 2324 τδν
2237 2273 2407 2327 ἵππον
2431 2275 2792 2346 περιελίσσειν
2807 2281 2901 2332 καὶ¹
2922 2281 3302 2357 πανταποδοὺς
3332 2281 3605 2335 ποιεῖσθαι

2018 2363 2146 2426 τοὺς
2193 2363 2430 2434 δρόμους
2488 2365 2773 2432 τοσούτοις
2801 2385 2862 2422 τε
2904 2371 3181 2440 κινήσεων
3237 2371 3601 2441 ύπενηνέχθαι

2019 2455 2248 2522 εἴδεσιν,
2310 2457 2458 2520 ὅσοις
2518 2459 2693 2530 δήπου
2724 2460 2822 2514 καὶ
2873 2462 2972 2533 τὴν
3009 2465 3250 2533 σφαῖραν
3285 2463 3595 2532 ξυμϐαίνει.

2029 2547 2094 2598 Ἦ
2147 2548 2246 2614 μέν
2279 2548 2343 2620 δή
2368 2549 2562 2603 παιδιὰ
2612 2551 2792 2604 τοιάδε
2842 2552 2924 2616 τίς
2971 2556 3110 2608 ἐστι.
3142 2554 3234 2624 Τῷ
3278 2555 3333 2608 δὲ
3390 2554 3604 2619 βασιλεῖ

2016 2637 2311 2708 δαιμονίως
2364 2643 2493 2711 περὶ
2540 2642 2749 2712 ταύτην
2801 2645 3157 2716 στρεφομένῳ
3192 2646 3489 2717 πάνσωμον
3519 2647 3602 2710 είς

2015 2728 2118 2796 γῆν
2184 2730 2468 2802 ἐνεχθῆναι
2519 2733 2719 2804 συνέϐη
2767 2735 2861 2788 τὸν
2925 2736 3114 2791 ἵππον.
3175 2737 3234 2791 ’0
3289 2738 3347 2791 δέ
3405 2737 3600 2806 νέρθεν

2015 2821 2332 2891 ὑπενεχθεὶς
2386 2823 2596 2894 ἔκαμνε
2653 2827 2752 2898 μὲν
2806 2831 2901 2882 καὶ
2964 2828 3136 2883 πολλά
3186 2831 3440 2894 ἐϐιάζετο
3499 2829 3594 2882 τοῦ

2011 2901 2309 2984 πτώματος
2367 2916 2686 2984 ἀνανεῦσαι,
2713 2921 2814 2973 οὐκ
2868 2919 3007 2991 έχων
3034 2920 3078 2973 δ’
3108 2921 3258 2984 ὅπως
3305 2921 3397 2974 τὸν
3426 2923 3597 2975 ἵππον

2010 3006 2338 3076 διωθήσαιτο
2382 3008 2679 3080 ὁλόσωμον,
2729 3011 2917 3082 ὥσπερ
2965 3011 3123 3082 ἔφην,
3159 3013 3324 3066 αὑτοῦ
3395 3029 3596 3066 κατεν-

2008 3101 2329 3170 ηνεγμένον,
2359 3103 2534 3170 μηρόν
2563 3119 2621 3154 τε
2641 3104 2736 3155 καὶ
2750 3107 2906 3174 χεῖρα
2930 3108 2996 3176 τῇ
3033 3107 3098 3159 ἐκ
3129 3105 3230 3176 τῆς
3270 3105 3592 3175 ἐφεστρίδος

2011 3191 2268 3262 ἐπιλήψει
2299 3192 2514 3264 διετέθη
2541 3195 2750 3258 κακῶς.
2782 3195 2941 3250 Οὕτω
2978 3198 3161 3268 μέντοι
3201 3197 3594 3268 μεγαλοψύχως

2009 3281 2262 3354 ἤνεγκεν,
2291 3284 2367 3348 ὡς
2400 3285 2580 3340 καίτοι
2615 3287 2957 3356 καιριώτατα
2998 3289 3292 3354 πεπονθὼς
3328 3293 3592 3362 κάναστῆ-

2008 3375 2098 3425 ναί
2129 3391 2189 3426 τε
2215 3375 2452 3443 ταχέως,
2511 3376 2726 3430 πολλῶν
2785 3379 2888 3449 ήδη
2957 3381 3334 3449 περιστάντων
3401 3382 3589 3446 αύτιν,

2007 3465 2101 3518 καὶ
2127 3466 2218 3519 τὸν
2274 3467 2444 3521 ἵππον
2501 3464 2659 3532 αὖθις
2710 3471 2998 3542 άναθορεῖν
3032 3473 3282 3536 διαύλους
3314 3472 3374 3526 τέ
3435 3491 3590 3536 τινας

2009 3555 2174 3626 σχολῇ
2215 3557 2486 3611 ποιεῖσθαι
2529 3560 2614 3627 ἐφ’
2651 3561 2854 3624 ἱκανὸν,
2900 3562 3006 3625 ἕως
3052 3563 3153 3634 1ήδη
3210 3563 3590 3632 σφοδροτέρων

2006 3647 2328 3717 αἰσθόμενος
2382 3650 2491 3702 τῶν
2556 3650 2762 3704 ⁴⁹Βδυνῶν
2817 3653 2910 3706 ἐπὶ
2957 3652 3057 3724 τὴν
3097 3653 3287 3724 κλίνην
3329 3650 3480 3724 ἦλθε.
3514 3655 3590 3708 Τὸ

2004 3737 2048 3790 δ’
2074 3736 2323 3792 ἐντεῦθεν
2349 3737 2492 3792 οὕτω
2535 3739 2600 3810 δὴ
2631 3741 2726 3794 τοῦ
2755 3743 2961 3808 πάθους
2991 3745 3220 3814 ἥττητο,
3257 3743 3334 3807 ῶς
3367 3747 3431 3798 ἐκ
3486 3745 3588 3813 τῆς

2004 3824 2397 3897 περιχυθείσης
2431 3829 2741 3897 αὐτὸν-ξτότε
2773 3833 3010 3903 ἀθυμίας
3061 3838 3127 3906 τῇ
3174 3835 3440 3906 ὑστεραίᾳ
3475 3853 3589 3904 μη-

2001 3914 2193 3983 δεμίαν
2280 3916 2388 3970 τῶν
2457 3918 2580 3971 τότε
2627 3919 3016 3993 λελαλημένων
3069 3924 3102 3995 ἤ
3172 3925 3584 3996 πεπραγμένων

2005 4006 2226 4074 μνήμην
2257 4005 2428 4076 ῐσχειν
2460 4010 2602 4062 τινά.
2644 4011 2817 4064 Τοῦτο
2837 4013 2934 4082 μὲν
2963 4015 3027 4084 δή
3058 4015 3305 4069 τοιοῦτον
3339 4017 3581 4085 ἐγένετο,

1998 4097 2026 4148 ὁ
2051 4096 2107 4148 δὲ
2141 4095 2289 4149 δυεῖν
2315 4097 2542 4170 ὕστερον
2579 4102 2816 4172 ἡμέραιν
2840 4105 2989 4177 ῥᾴων
3032 4107 3274 4175 γεγονὼς
3304 4109 3398 4162 ἐπὶ
3415 4108 3586 4162 Ἀπά-

2001 4203 2162 4256 μειαν
2223 4189 2476 4259 ἐφέρετο.
2531 4187 2634 4245 Οἷα
2684 4193 2741 4247 δέ
2790 4195 2938 4259 είκὺς
2999 4199 3310 4262 συντάσεως
3354 4201 3419 4253 ἐκ
3481 4199 3583 4269 τῆς

1997 4279 2308 4350 ὁδοιπορίας
2331 4283 2708 4356 γεγενημένης
2737 4288 2880 4351 τινὸς
2917 4288 3082 4358 δγκος
3100 4289 3256 4354 αὖθις
3281 4291 3451 4362 ἀνέϐη
3482 4292 3582 4346 καὶ

1998 4370 2184 4424 ὀδύναι
2214 4372 2406 4427 τοῦτον
2456 4376 2715 4431 ἐκέντουν
2756 4382 2971 4451 συχναί.
3007 4383 3117 4436 Καὶ
3147 4383 3212 4454 δὴ
3235 4383 3382 4453 ἀμφὶ
3423 4385 3577 4438 πόλει

1993 4462 2273 4535 Σηλυϐρίᾳ
2321 4466 2421 4528 τὰς
2471 4470 2812 4538 πασχαλίους
2887 4473 3170 4543 διαγαγὼν
3200 4516 3216 4538 ,
3279 4477 3579 4547 ἐπειδήπερ

3022 4564 3120 4635 τὴν
3145 4563 3418 4620 Φιλίππου
3445 4568 3576 4635 ἐφέ-

1993 4661 2137 4713 ρετο.
2175 4647 2346 4701 Ἔνθα
2386 4649 2452 4720 δὴ
2520 4651 2789 4720 πρέσϐεσι
2845 4658 3196 4726 χρηματίσας
3226 4659 3291 4711 ἐκ
3328 4659 3576 4711 Παιόνων

1989 4738 2368 4806 ἀφικομένοις,
2391 4741 2575 4811 ἐπειδὴ
2607 4744 2774 4814 μηδὲν
2827 4746 2979 4814 ὑγιὲς
3037 4748 3239 4811 αὑτοὺς
3289 4749 3573 4816 ἀπαγγέλ-

1064 4801 1185 4870 Ipse
1222 4818 1404 4861 autem
1437 4807 1732 4866 Sardicam'
1758 4831 1887 4885 pro-

2016 4801 2102 4882 ,ειν
2121 4801 2284 4897 ἔγνω,
2326 4801 2640 4903 ἐκεχειρίαν
2669 4801 2727 4888 δὲ
2765 4801 2926 4906 μόνον
2959 4801 3064 4892 καὶ
3096 4840 3300 4909 ἀνοχὴν
3329 4856 3449 4892 τινα
3470 4837 3567 4890 τοῦ

1998 4919 2236 4988 πολέμου
2270 4923 2335 4975 ἐκ
2370 4926 2572 4988 παντὸς
2621 4927 2824 4996 τρόπου
2885 4930 3192 4999 πειρῶντας
3220 4931 3428 4997 λαϐεῖν,
3461 4930 3566 4984 αύ-

1997 5007 2123 5069 τοὺς
2153 5009 2281 5076 εμέν
2344 5011 2664 5078 ἀπράκτους
2723 5013 3115 5086 ἀπεπέμψατο,
3173 5018 3568 5088 συνεκπέμψας

2104 5061 2120 5069 -
2153 5061 2194 5076 ..
2725 5061 2905 5068 mm--
3000 5061 3115 5083 ..-η
3175 5061 3565 5088 "nun—Fr“

310 5061 497 5131 αὐτοῖς
523 5069 615 5123 καὶ
661 5074 948 5145 Ῥωμαίων
1008 5081 1152 5146 τινὰ,
1179 5085 1262 5151 ἐφ’
1292 5080 1337 5154 ᾦ
1403 5088 1496 5141 τόν
1531 5108 1590 5142 τε
1657 5094 1947 5165 Χαλούφην
1985 5101 2274 5170 αἰτήσαιτο
2329 5107 2443 5172 καὶ,
2470 5107 2547 5174 ei!
2579 5109 2654 5178 μὴ
2717 5113 2827 5174 τοῖς
2883 5061 3224 5182 δῐδέγμένοις
3281 5115 3568 5185 ἀγαπῷεν,

310 5153 508 5185 ...κ-1....
545 5163 635 5185 ---ἱ
698 5167 816 5185 _!\,
921 5173 933 5185 1
1043 5173 1059 5185 ι
1087 5175 1099 5185 .
1272 5178 1294 5185 ..
1407 5181 1419 5185 _
1454 5183 1462 5185 _

309 5153 511 5212 αὐτίκα
545 5163 640 5215 καὶ
691 5167 855 5224 πάλιν
909 5173 1205 5243 ἀπειλήσαι
1268 5153 1504 5246 βασιλέα
1565 5187 1659 5238 καὶ

309 5248 484 5316 γονὼς
514 5254 748 5312 ἐνταῦθα
770 5262 869 5325 τὰς
891 5264 1150 5336 δυνάμεις
1172 5269 1453 5343 ἤθροισεν.

379 5341 433 5395 6.
475 5345 702 5402 Atexius
731 5353 823 5419 qui
849 5341 1269 5424 protostratoris
1299 5368 1430 5416 tunc
1456 5363 1720 5435 dignitate
1753 5369 1877 5423 fun-

1721 5187 1814 5241 τὸν
1884 5189 2170 5262 Ῥωμαίων
2235 5199 2468 5268 στρατὸν
2527 5200 2776 5270 ὄψεσθαι.
2819 5204 2876 5257 '0
2906 5206 2964 5259 δὲ
3009 5209 3104 5262 ἐπὶ
3147 5208 3420 5279 Σαρδικῆς
3471 5226 3569 5279 γε·

2058 5381 2131 5438 ς’.
2189 5378 2357 5432 Ἔνθα
2422 5380 2704 5454 διατριϐὴν
2759 5386 3088 5456 ποιουμένου
3170 5390 3438 5444 συνέπεσέ
3499 5409 3532 5445 τ

307 5431 554 5503 gebatur,
589 5439 665 5494 uti
694 5444 889 5513 saepius
919 5461 950 5500 a
984 5463 1070 5504 me
1105 5463 1388 5506 narratum
1421 5431 1871 5527 est,jamdudum

2066 5431 2085 5438 -
2431 5431 2696 5454 ""'r"'l'
2766 5431 3086 5456 """t"""
3171 5431 3438 5444 """"""
3510 5431 3530 5445 '

2017 5465 2245 5522 οιοῦτον.
2265 5469 2500 5538 ’Δλέξιος
2527 5473 2638 5544 (51)
2667 5475 2726 5540 ὃς
2754 5478 2856 5549 τήν
2892 5481 3378 5552 πρωτοστράτορος
3413 5483 3558 5549 τότε,

1648 5591 1746 5650 Du
1781 5591 2003 5672 Cangii
2039 5600 2223 5655 notae.

379 5690 488 5761 (El)
521 5693 804 5766 Ἀλέξιος.
838 5700 1080 5758 Alexium
1111 5705 1392 5764 Axuchum
1442 5721 1888 5782 protostratorcm
1930 5719 2238 5776 invidorum
2278 5722 2569 5780 calumniis
2619 5741 2939 5797 oppressum
2989 5731 3180 5788 scribit
3217 5728 3460 5797 Nicetas,
3501 5732 3539 5787 ι.
