4014 6406
316 366 422 433 6l3

1510 350 2050 417 IIISTORIARUNI
2096 352 2240 413 LIB.
2281 347 2378 413 VI.

3454 357 3562 423 63L

314 481 390 543 ὼς
420 476 678 536 πολλάκις
711 492 799 544 μοι
836 473 1042 543 ἒρῤἦθη
1065 511 1079 534 ,
1115 472 1320 524 διεῖπεν
1348 469 1546 539 ἀρχὴν,
1589 470 1652 520 ἐκ
1693 465 1891 519 πολλοῦ

2000 461 2216 526 quidem
2248 459 2608 515 defectionem
2654 464 2896 530 molitus,
2949 473 3061 520 tum
3095 480 3226 521 vero
3260 465 3405 522 illius
3431 484 3564 525 con-

323 571 422 641 μὲν
449 566 792 622 ἀποστασίαν
839 565 1019 626 ὦδινε,
1055 565 1175 616 τότε
1212 563 1267 614 δὲ
1297 562 1616 630 καταφανὴς
1649 557 1892 627 γεγονὼς

319 663 418 729 τὴν
442 660 603 730 τρίχα
633 657 806 725 ἐκάρη
841 656 934 709 καὶ
962 656 1021 719 ἐς
1055 654 1179 714 τοὺς
1220 653 1488 722 μοναχοὺς
1523 650 1893 720 μεταθέμενος

318 753 416 808 ἐπί
452 769 503 804 τι
535 753 644 805 τῶν
695 749 1000 816 ὁρεστέρων
1030 745 1254 814 ἀπήχθη
1291 743 1578 814 σεμνείων,
1621 746 1764 812 ἀπερ
1799 744 1894 814 ἐπὶ

323 842 641 913 Στρυμόνος
666 843 724 892 ἐν
747 841 863 908 ὄρει
895 838 1150 906 Παπικίῳ
1184 837 1426 905 ἵδρυνται
1454 836 1704 889 πλεῖστα.
1727 835 1895 887 Ἔνθα

319 930 406 995 ἐφ’
438 929 624 982 ἱκανὸν
654 927 933 992 διαγαγὼν
976 925 1210 978 ἀπεὸίω.
1258 924 1396 979 Ἀλλ’
1428 924 1551 978 ὅθεν
1582 940 1642 977 τε
1673 922 1770 977 καὶ
1798 923 1894 976 ἀπ’

320 1020 503 1082 αἰτίας
525 1017 668 1070 τίνος
695 1019 754 1080 ἐς
778 1017 938 1069 τοῦτο
977 1017 1150 1084 τύχης
1185 1017 1212 1067 ὁ
1259 1015 1547 1084 ἄνθρωπος
1581 1010 1764 1084 ἦλθεν,
1791 1013 1894 1084 ἥδη

318 1108 589 1178 λέγωμεν.
610 1103 779 1170 Οὗτος
809 1107 1047 1176 ὁπηνίκα
1075 1106 1174 1175 τὴν
1199 1107 1290 1158 ἐπὶ
1319 1105 1575 1167 Κιλικίας
1610 1104 1894 1158 ἐστέλλετο

320 1200 611 1271 πρότερον,
648 1198 1010 1269 αὐτοκράτωρ
1058 1196 1153 1251 τοῦ
1200 1197 1440 1264 πολέμου
1498 1197 1712 1251 ἐκείνου
1757 1196 1894 1265 πρὸς

320 1291 587 1362 βασιλέως
619 1288 983 1359 ἀναδειχθεὶς,
1036 1289 1292 1357 ἐπίτηδες
1336 1290 1394 1352 ἐς
1436 1288 1659 1342 Ἰκόνιον
1693 1303 1893 1355 συγγεο

319 1381 494 1450 γονὼς
522 1381 602 1450 τῷ
633 1380 866 1433 σουλτὰν
916 1381 995 1442 είς
1047 1397 1106 1432 τε
1145 1379 1332 1448 φιλίαν
1377 1379 1538 1432 αὐτὸν
1574 1379 1895 1449 ὑπηγάγετο

318 1473 552 1528 καὶτῶν
583 1475 667 1535 είς
708 1472 1003 1542 τυραννίδα
1058 1473 1345 1525 τεινόντων
1388 1470 1662 1536 διελέξατο
1718 1471 1894 1541 τούτῳ

321 1562 512 1625 πολλὰ,
545 1559 855 1631 γράμματά
895 1577 954 1612 τε
998 1562 1066 1613 τὰ
1105 1562 1201 1630 μὲν
1231 1560 1412 1613 λαϐὼν
1449 1561 1580 1630 παρ’
1605 1559 1795 1622 αὑτοῦ,
1824 1561 1893 1613 τὰ

319 1650 368 1706 δ’
399 1653 648 1715 ἀντιδοὺς
677 1653 737 1705 ὲν
769 1646 852 1714 οἷς
874 1651 940 1705 τὰ
975 1651 1278 1719 δεδογμένα
1326 1651 1511 1719 σφίσιν
1553 1651 1891 1719 ἐγέγραπτο,

318 1743 443 1796 τότε
498 1743 597 1810 μὲν
647 1741 740 1794 ἐπὶ
775 1741 1030 1796 Κιλικίαν
1069 1737 1224 1812 ἦλθε,
1275 1742 1454 1811 χρόνῳ
1480 1741 1534 1794 δὲ
1571 1740 1797 1812 ὕστερον
1837 1742 1895 1803 ἐς

320 1833 618 1897 Βυζάντιον
671 1834 936 1898 ἐπανιὼν,
971 1835 1156 1902 ἐπειδή
1192 1849 1322 1887 ποτε
1354 1836 1595 1904 γραφαῖς
1625 1834 1893 1903 ὲπαγλαΐ-
1923 1806 1968 1864 Β

324 1943 414 1979 σαι
451 1926 560 1979 τῶν
581 1927 924 1994 προαστείων
954 1925 1103 1995 αὐτῷ
1128 1926 1419 1994 δωματίων
1444 1927 1721 1997 ἠϐουλήθη
1746 1927 1892 1995 τινὰ,

321 2018 443 2071 οὗτε
479 2017 633 2080 τινὰς
676 2017 984 2086 Ἑλληνίους
1028 2018 1392 2088 παλαιοτέρας
1432 2019 1644 2071 ἐνέθετο
1667 2019 1896 2089 πράξεις

323 2111 529 2174 αὐτοῖς,
562 2108 687 2163 οὔτε
721 2109 830 2180 μὴν
883 2109 951 2161 τὰ
985 2108 1273 2179 βασιλέως,
1328 2112 1488 2163 ὁποῖα
1542 2113 1635 2164 καὶ
1691 2111 1895 2180 μᾶλλον

319 2205 435 2264 τοῖς
471 2203 529 2255 ἐν
553 2203 750 2273 ἀρχαῖς
783 2201 1040 2265 εἴθισται,
1091 2201 1372 2270 διεξῆλθεν
1408 2202 1563 2272 ἔργα,
1595 2204 1696 2256 ὅσα
1731 2203 1788 2256 ἔν
1834 2219 1895 2256 τε

320 2293 582 2362 πολέμοις
624 2294 719 2346 καὶ
750 2294 1132 2363 θηροκτονίαις
1179 2295 1342 2357 αὐτὸς
1374 2297 1656 2366 είργαστο.
1694 2295 1898 2350 Τοσού-

318 2401 437 2447 τοις
472 2385 581 2457 γὰρ
628 2383 793 2436 αὐτὸν
845 2382 1233 2452 ξυμπλακῆναι
1269 2386 1471 2454 συνέῆη
1523 2388 1618 2438 καὶ
1661 2387 1894 2441 τοιοῖσδε

325 2475 488 2545 φύσιν
548 2477 1011 2546 ἀντικαταστῆναι
1071 2476 1304 2548 θηρίοις,
1352 2479 1499 2540 ὅσοις
1552 2477 1740 2531 οὐδένα
1785 2479 1896 2532 τῶν

323 2563 543 2616 πώποτε
585 2565 891 2632 γεγονότων
917 2563 1260 2634 ἠκούσαμεν.
1298 2566 1407 2618 Καὶ
1434 2565 1490 2618 εἷ
1519 2583 1570 2619 τι
1605 2567 1682 2636 μὴ
1714 2567 1896 2636 νόμων

322 2657 431 2710 ἄπο
465 2656 704 2725 φέρομαι
746 2656 1038 2724 ἱστορικῶν
1061 2697 1074 2719 ,
1134 2657 1412 2710 ὁποιονοῦν
1443 2675 1495 2710 τι
1527 2657 1651 2727 ἄρτι
1679 2659 1744 2711 ἐκ
1770 2657 1896 2712 τού-

322 2765 432 2801 των
459 2748 678 2812 ἐξέλθω.
710 2745 818 2800 Ἦν
853 2751 953 2820 μὲν
1001 2751 1129 2818 περὶ
1180 2751 1390 2819 τροπὰς
1427 2751 1526 2821 ἢδη
1553 2752 1896 2822 χειμερινὰς,

331 2841 426 2892 καὶ
471 2839 606 2910 χιὼν
635 2840 776 2892 κατὰ
806 2839 913 2908 γῆς
940 2841 1178 2912 τοσαύτη
1213 2842 1620 2906 ἐπεστοίὸαστο,
1669 2841 1746 2905 ὡς
1792 2842 1898 2912 φά-

329 2947 541 3002 ραγγας
585 2932 683 3001 μέν
713 2933 804 2985 καὶ
844 2933 942 2994 τὰς
977 2935 1032 2985 ἐν
1063 2933 1214 3002 ὁρεσι
1248 2935 1535 3005 σήραγγας
1567 2935 1746 2998 πάσας
1770 2935 1902 2987 ὐπο-

321 3023 628 3093 κεκρύφθαι
653 3025 957 3092 μονονουχὶ,
985 3025 1260 3096 ὑπερϐολῇ
1294 3025 1351 3078 δὲ
1381 3029 1447 3096 τῇ
1472 3027 1536 3078 ἐκ
1569 3026 1664 3079 τοῦ
1695 3025 1900 3098 ψύχους

328 3111 527 3181 μικροῦ
558 3112 655 3164 καὶ
685 3112 966 3181 πεπῆχθαι
989 3113 1056 3164 τὰ
1085 3112 1316 3181 σώματα
1337 3129 1350 3143 '
1387 3114 1579 3183 ἀμέλει
1608 3117 1700 3169 καὶ
1731 3117 1894 3186 θηρία
1924 3152 1970 3214 C

328 3201 426 3271 μὲν
451 3201 634 3255 πάντα
671 3203 772 3256 οὐκ
807 3202 1000 3272 ἔχοντα
1043 3204 1152 3272 ὅπη
1200 3205 1521 3275 κρύψαιντο,
1552 3209 1654 3270 τὰς
1694 3207 1902 3277 λόχμας

322 3292 659 3358 ἐξαναδύντα
693 3293 866 3364 ἀθρόα
901 3295 1042 3365 ὑπὲρ
1072 3296 1174 3357 τῆς
1218 3297 1396 3366 χιόνος
1449 3298 1729 3366 ἐφέροντο,
1761 3315 1904 3370 πτη-

323 3381 430 3433 νῶν
466 3381 522 3434 δέ
558 3383 753 3449 ἀγέλαι
803 3383 987 3436 οὐκέτι
1027 3386 1140 3446 τοῖς
1181 3385 1392 3447 πτίλοις
1425 3387 1729 3456 κεχρῆσθαι
1755 3387 1905 3441 δεδιξ-

321 3471 554 3541 νημέναι
579 3473 817 3544 (συνεῖχε
864 3475 970 3544 γὰρ
1009 3475 1184 3528 ταῦτα
1217 3476 1244 3527 ὁ
1277 3475 1615 3544 κρύσταλλος
1651 3480 1746 3531 καὶ
1788 3474 1902 3532 οἷόν

319 3581 404 3627 τις
437 3564 639 3634 δεσμὸς
674 3564 1021 3630 ἐπεκάθιζεν,
1061 3566 1136 3629 ὡς
1169 3569 1262 3620 ἐπὶ
1319 3568 1427 3621 τῶν
1487 3570 1713 3633 ίξευτῶν
1752 3571 1902 3626 ἔστιν

325 3655 477 3724 ίδεῖν)
517 3655 677 3718 πεζαὶ
709 3656 900 3710 λοιπὸν
960 3659 1084 3710 ἀντὶ
1119 3659 1339 3730 πτηνῶν
1390 3658 1532 3731 ἦσαν
1586 3662 1750 3731 θηρσὶ
1805 3663 1900 3715 καὶ

321 3743 633 3812 ἀνθρώποις
677 3745 1033 3816 ἑτοιμότατον
1062 3747 1289 3817 θήραμα
1323 3749 1600 3818 κείμεναι.
1635 3750 1901 3814 Βασιλεὺς

319 3833 374 3884 δὲ
412 3833 816 3904 θηρευσόμενος
849 3837 943 3887 ἐπί
979 3854 1032 3888 τι
1079 3838 1185 3890 τῶν
1234 3839 1391 3910 ἐῴων
1424 3839 1572 3911 ἐξῄει
1607 3841 1822 3912 χώρων,
1857 3835 1901 3910 ᾧ

320 3923 615 3994 Δαματρῢς
653 3925 686 3994 ἡ
733 3924 926 3995 κλῆσις
979 3928 1152 3982 ἐστιν.
1193 3928 1318 3982 Ἐπὶ
1361 3931 1454 3983 τοῦ
1505 3931 1668 4001 ἔργου
1718 3933 1899 3985 τοίνυν

319 4017 571 4083 γεγονότι
603 4016 748 4085 μέγα
771 4033 824 4069 τι
855 4020 1050 4087 χρῆμα
1086 4018 1261 4090 θηρὸς
1318 4023 1555 4093 ὑπαντᾷ,
1605 4023 1760 4077 οὔπω
1802 4026 1900 4094 μὲν

320 4107 553 4172 λέοντος,
589 4107 652 4160 οὐ
692 4107 800 4177 γὰρ
828 4107 1127 4180 ξυνεχώρει
1167 4112 1350 4179 λέγειν
1375 4114 1407 4184 ἡ
1436 4114 1708 4184 παρδαλῆ,
1739 4115 1900 4170 τούτο

319 4197 377 4251 δὲ
432 4192 500 4250 αὖ
567 4197 836 4267 ἀφῃρεῖτο
876 4199 938 4250 τὸ
991 4200 1224 4268 μέγεθος
1280 4201 1373 4254 καὶ
1427 4203 1460 4272 ἡ
1510 4203 1646 4273 πρὸς
1707 4203 1897 4257 λέοντα

322 4288 386 4362 [Ρ
416 4287 546 4360 156]
589 4289 879 4360 ὁμοιότης·
911 4286 979 4360 ἦν
1009 4290 1103 4344 οὖν
1133 4291 1294 4362 διπλῆ
1323 4309 1408 4356 τις
1437 4297 1534 4347 καὶ
1577 4297 1899 4365 ἐπαμφοτε-

326 4382 552 4451 ρίζουσα
603 4379 788 4448 φύσις,
839 4381 1109 4452 πάρδαλις
1162 4383 1222 4436 ἐν
1266 4383 1443 4438 λέοντι
1508 4387 1604 4439 καὶ
1653 4385 1791 4440 λέων
1839 4389 1898 4440 ὲν

1995 553 2172 606 victus
2204 551 2428 606 resectis
2465 552 2706 606 crinibus
2732 555 3028 610 monachus
3059 554 3238 610 factus
3279 567 3384 624 est,
3411 565 3466 612 et
3505 558 3558 612 iu

1995 642 2405 694 monticolarum
2430 643 2700 712 quoddam
2731 648 3114 700 monasterium
3147 661 3212 700 ex
3249 648 3314 700 iis
3345 663 3462 716 quia
3494 651 3562 703 ad

1997 730 2344 802 Strymonem
2391 732 2444 786 in
2499 742 2681 787 monte
2738 733 2956 802 Papicio
2999 735 3226 805 plurima
3276 738 3382 794 sita
3432 749 3565 794 sunt

1999 824 2339 877 amandatus.
2375 823 2493 888 Quo
2525 825 2580 876 in
2615 823 2730 878 loco
2765 841 2885 878 cum
2917 843 3086 881 annos
3117 829 3324 897 aliquot
3353 830 3562 900 exegis-

1995 921 2099 977 set,
2159 912 2266 965 vita
2319 916 2535 966 tandem
2583 915 2875 968 concessit.
2913 914 3020 970 Sed
3069 918 3212 972 unde
3242 927 3296 974 et
3341 935 3446 988 qua
3497 922 3565 976 de

1995 1018 2160 1058 causa
2191 1004 2255 1057 ad
2287 1018 2406 1058 eam
2452 1002 2726 1059 fortunam
2772 1006 3026 1062 redactus
3071 1009 3162 1063 ille
3194 1008 3378 1076 tuerit,
3415 991 3566 1064 com-

1995 1095 2439 1149 memorabimus.
2486 1093 2539 1148 ls
2571 1110 2692 1148 cmn
2721 1096 2772 1149 in
2807 1095 3054 1151 Ciliciam
3087 1099 3318 1167 primum
3351 1114 3563 1154 summo

1995 1198 2118 1238 cum
2170 1183 2400 1252 imperio
2435 1184 2578 1239 bello
2616 1186 2701 1241 isti
2755 1188 2822 1242 ab
2871 1188 3200 1255 imperatore
3247 1191 3567 1258 praepositus

1998 1274 2194 1327 missus
2238 1284 2404 1336 esset,
2442 1275 2507 1328 ad
2557 1276 2829 1330 sultanmn
2880 1278 3059 1333 dedita
3104 1293 3270 1349 opera
3327 1280 3565 1334 Iconium

1998 1361 2169 1428 venit,
2226 1374 2282 1417 et
2335 1365 2501 1436 266
2552 1367 2928 1422 benevolentia
2982 1368 3124 1424 illius
3177 1369 3468 1424 conciliata
3503 1371 3569 1424 de

1997 1455 2309 1523 arripienda
2339 1456 2630 1525 tyrannide
2659 1473 2781 1512 cum
2811 1473 2877 1513 eo
2904 1460 3130 1514 consilia
3163 1461 3408 1531 agitavit,
3432 1462 3569 1516 seri-

1999 1546 2218 1615 ptisque
2253 1548 2496 1602 vicissim
2549 1549 2693 1604 datis
2727 1562 2781 1605 et
2829 1552 3091 1620 acceptis,
3143 1567 3263 1621 qua:
3294 1565 3450 1622 pacta
3484 1554 3569 1620 ‘ab

1999 1636 2066 1688 iis
2104 1637 2246 1690 facta
2279 1638 2656 1706 continebant,
2690 1640 2740 1693 in
2773 1640 3020 1694 Ciliciam
3058 1643 3244 1697 rediit.
3282 1642 3571 1713 lnterjecto

1999 1727 2195 1781 deinde
2225 1737 2470 1796 tempore
2501 1744 2754 1786 reversus
2790 1730 3106 1801 Byzantium
3146 1748 3268 1787 cum
3301 1734 3568 1788 suburba-

1999 1836 2121 1874 nam
2173 1823 2464 1890 quamdam
2521 1837 2588 1878 ex
2661 1825 2777 1879 suis
2840 1825 3062 1878 domum
3115 1826 3286 1880 variis
3345 1826 3570 1894 picturis

1997 1924 2268 1965 exornare
2297 1913 2603 1976 statuisset,
2639 1929 2746 1968 non
2785 1914 3137 1970 Graecanicas
3173 1916 3390 1984 quidem
3422 1927 3572 1970 vete-

1998 2016 2086 2056 res
2140 2001 2402 2057 historias
2455 2003 2506 2056 in
2537 2017 2601 2058 ea
2654 2004 2871 2074 depingi
2910 2008 3124 2059 curavit
3171 2015 3266 2059 aut
3309 2006 3568 2074 praeclara

1999 2093 2352 2163 imperatoris
2398 2091 2670 2161 facinora,
2721 2097 2798 2150 uti
2860 2097 3038 2152 solent
3079 2098 3314 2152 maxime
3363 2098 3455 2168 qui
3513 2099 3568 2152 in

1999 2185 2360 2255 dignitatibus
2388 2195 2516 2240 sunt
2541 2188 2843 2252 conStituti,
2871 2190 2951 2243 vel
2983 2204 3103 2256 quae
3133 2190 3186 2244 in
3218 2190 3373 2244 bellis
3404 2190 3485 2245 vel
3515 2191 3569 2244 in

1999 2275 2238 2328 ferarum
2267 2275 2508 2329 caedibus
2553 2275 2645 2329 ille
2683 2276 2950 2330 ediderat.
2979 2275 3116 2330 Cum
3161 2286 3238 2330 tot
3265 2276 3410 2331 enim
3441 2290 3575 2330 con-

1998 2363 2136 2418 ﬂixit
2162 2363 2317 2432 feris,
2337 2375 2464 2434 quot
2495 2367 2982 2422 neminemeorum
3002 2367 3092 2437 qui
3121 2383 3359 2438 unquam
3385 2368 3570 2421 vixere

1999 2455 2314 2511 audivimus
2343 2467 2431 2510 :et
2453 2458 2500 2511 si
2525 2456 2608 2512 fas
2635 2467 2719 2512 est
2753 2459 2899 2529 leges
2927 2460 3230 2529 transgredi
3255 2459 3571 2522 historicas,

2000 2563 2168 2601 unum
2233 2563 2296 2602 ex
2358 2549 2441 2604 bis
2481 2551 2792 2620 exemplum
2845 2551 3164 2620 producam.
3214 2550 3326 2606 Sub
3379 2551 3574 2604 hiemis

2001 2646 2215 2706 tempus
2253 2651 2378 2692 cum
2411 2640 2578 2694 densa
2621 2643 2756 2696 adeo
2795 2640 2851 2695 in
2892 2651 3090 2696 terram
3125 2641 3214 2696 nix
3260 2623 3572 2704 decidisset,

2001 2744 2060 2788 ut
2105 2750 2170 2790 ea
2214 2749 2408 2792 omnes
2455 2751 2627 2807 prope
2677 2739 2946 2792 montium
2995 2739 3400 2794 obducercntur
3444 2753 3576 2791 con-

2001 2826 2186 2892 valles,
2225 2835 2281 2882 et
2333 2829 2604 2884 immenso
2657 2830 2861 2900 frigore
2898 2844 3128 2900 corpora
3179 2830 3572 2901 propemodum

2002 2920 2550 2991 constringerentur,
2585 2923 2906 2990 cunctisque
2941 2923 3269 2977 animalibus
3314 2923 3404 2975 ubi
3455 2936 3577 2976 sese

2004 3011 2346 3066 occultarent
2375 3013 2519 3067 nulla
2551 3024 2907 3084 superessent
2950 3013 3198 3080 latibula,
3229 3014 3428 3082 passim
3462 3026 3577 3065 ma-

2003 3115 2217 3171 gnoque
2259 3116 2487 3158 numero
2531 3118 2702 3174 super
2733 3105 2913 3158 nivem
2963 3104 3298 3159 ferebantur.
3328 3105 3408 3158 Ad
3461 3104 3577 3158 haec

2007 3195 2188 3247 aviqu
2213 3209 2427 3265 greges,
2466 3193 2568 3250 alis
2597 3195 2902 3262 inutilibus,
2928 3211 3064 3266 quas
3095 3205 3351 3265 tanquam
3381 3196 3576 3249 vincu-

2009 3284 2120 3336 lum
2154 3284 2522 3338 adstrinxerat
2561 3284 2781 3355 glacies,
2809 3285 3068 3340 utvidere
3095 3296 3179 3340 est
3210 3287 3264 3339 in
3307 3283 3574 3354 aucupiis,

2005 3373 2212 3426 alarum
2240 3373 2361 3428 loco
2387 3374 2617 3444 pedibus
2645 3376 2815 3442 ibant,
2847 3363 2976 3430 feris
3010 3375 3432 3445 hominibusque
3465 3389 3564 3445 pa-

2007 3469 2280 3523 ratissima
2309 3471 2508 3539 praeda.
2542 3470 2690 3524 Exiit
2733 3481 2913 3526 autem
2952 3484 3204 3526 venatum
3237 3471 3490 3542 princeps
3519 3470 3574 3524 in

2005 3559 2286 3627 regionem
2319 3561 2612 3628 quamdam
2663 3559 2873 3616 Orienti
2915 3563 3224 3628 obversam,
3256 3561 3342 3617 cui
3377 3562 3577 3615 Dama-

2006 3661 2121 3723 trys
2146 3668 2348 3708 nomen
2373 3663 2478 3710 est.
2499 3655 2746 3724 Cumque
2778 3659 2832 3712 in
2870 3659 2973 3714 hac
3000 3661 3396 3715 exercitatione
3420 3673 3580 3714 occu-

2003 3757 2248 3817 paretur,
2283 3748 2497 3803 obviam
2523 3749 2686 3821 267
2725 3751 2874 3805 venit
2915 3750 3151 3819 ingentis
3182 3749 3574 3822 magnitudinis

2010 3841 2152 3905 fera,
2185 3856 2293 3895 non
2323 3842 2406 3897 leo
2443 3843 2693 3912 quidem;
2733 3858 2909 3914 neque
2942 3843 3088 3899 enim
3124 3844 3176 3898 id
3214 3845 3319 3899 dici
3361 3845 3577 3899 sinebat

2005 3936 2289 4001 pantherae
2345 3935 2622 3990 maculosa
2673 3937 2816 3990 cutis
2862 3950 2878 3988 :
2939 3950 3099 4005 quam
3155 3937 3325 4005 ipsam
3388 3949 3578 3988 rursus

2003 4025 2423 4092 appellationem
2468 4026 2627 4080 molis
2659 4027 2937 4095 grandi-tas
2967 4036 3022 4080 et
3074 4025 3369 4080 similitudo
3405 4024 3577 4078 leonis

2003 4115 2310 4171 auferebat.
2347 4115 2554 4186 Duplex
2595 4127 2717 4172 erat
2763 4117 2964 4187 igitur,
3006 4127 3061 4172 et
3111 4118 3330 4186 utrique
3375 4131 3577 4172 conve-

2000 4209 2159 4261 niens
2183 4217 2402 4273 natura,
2425 4210 2692 4276 panthera
2721 4208 2773 4262 in
2805 4208 2980 4274 leone,
3002 4217 3056 4261 et
3085 4207 3168 4261 leo
3205 4208 3256 4259 in
3289 4208 3573 4274 panthera,

2000 4307 2318 4365 portentosa
2365 4297 2614 4366 quaedam
2663 4297 2987 4365 qualitatum
3025 4295 3356 4351 commistio.
3398 4295 3578 4350 Gene-

2001 4389 2218 4443 rositati
2282 4389 2474 4442 aderat
2534 4387 2833 4454 ferocitas,
2899 4388 3181 4441 iracundia
3239 4387 3572 4450 crudelitati,

320 4473 604 4543 παρδάλει,
641 4473 945 4542 ιτεράστιόν
992 4491 1046 4526 τι
1111 4474 1295 4544 μίγμα
1345 4477 1667 4546 ποιοτήτων.
1705 4479 1762 4532 ἐν
1815 4479 1895 4550 τῷ

2003 4481 2302 4547 omniaque
2327 4480 2489 4545 adeo,
2517 4493 2638 4548 quae
2664 4480 2885 4534 diversa
2918 4479 3045 4533 licet
3075 4480 3216 4532 inter
3243 4494 3322 4544 se,
3359 4479 3579 4546 utrique

319 4567 553 4638 γενναίῳ
584 4567 646 4620 τὸ
685 4567 907 4636 γοργὸν,
937 4566 998 4620 τὸ
1029 4565 1261 4636 θυμικὸν
1293 4567 1351 4620 ἐν
1384 4567 1464 4638 τῷ
1491 4568 1767 4640 βλοσυρῷ,
1798 4571 1894 4622 καὶ

321 4658 579 4724 καθάπαξ
611 4660 788 4712 πάντα
814 4659 883 4712 δι’
911 4659 1162 4728 ἀλλήλων
1191 4659 1397 4730 ἥκοντα
1432 4660 1503 4712 τά
1525 4663 1731 4730 ἀμφοῖν
1767 4663 1898 4716 ίδια.

332 4749 394 4802 '0
430 4749 530 4819 μὲν
568 4749 632 4818 δὴ
668 4750 772 4820 θὴρ
803 4749 1047 4813 τοιοῦτος
1078 4746 1146 4820 ἦν
1166 4791 1180 4815 ,
1222 4751 1331 4802 τῶν
1362 4750 1418 4810 δὲ
1452 4749 1664 4820 βασιλεῖ
1690 4753 1902 4822 ἑπομέ-

321 4854 450 4901 νων,
503 4839 694 4909 ὲπειδὴ
743 4841 932 4892 τοῦτον
971 4833 1135 4903 εἶδον,
1175 4840 1538 4911 ἀπερρύησαν
1574 4844 1624 4894 οί
1657 4843 1897 4905 πλείους.

319 4926 428 4984 Ἦν
463 4933 572 5000 γὰρ
601 4931 724 4983 οὐδὲ
761 4931 890 4982 ἰδεῖν
919 4933 1034 4993 τοῖς
1061 4931 1276 4994 πολλοῖς
1304 4932 1553 4994 ἀνεκτός.
1589 4932 1676 4996 Ὧς
1709 4933 1766 4984 δὲ
1803 4934 1896 4986 καὶ

322 5021 496 5092 ἀγχοῦ
528 5021 627 5091 ήδη
660 5020 902 5087 ἐγένετο,
950 5021 1123 5083 οὐδεὶς
1154 5017 1223 5092 ἦν
1252 5022 1316 5074 τὸ
1367 5023 1552 5076 λοιπὸν
1604 5023 1664 5087 ὃς
1719 5025 1896 5096 τούτῳ

325 5114 633 5180 ξυνίστατο.
678 5112 839 5165 Ἀλλά
871 5113 1130 5183 βασιλεὺς
1179 5115 1490 5182 φευγόντων
1522 5115 1550 5167 ὃ
1577 5119 1897 5187 παρήρτητο

323 5206 478 5274 ξίφος
503 5204 742 5268 ἑλκύσας
772 5204 863 5257 τὸν
898 5204 1040 5274 θῆρα
1085 5205 1344 5270 πατάξων
1385 5207 1638 5276 ἐφέρετο,
1680 5209 1898 5279 πληγήν

322 5314 384 5352 τε
432 5296 582 5369 αὐτῷ
628 5296 723 5349 τοῦ
775 5295 1032 5367 μετώπου
1074 5295 1427 5363 κατενεγκὼν
1482 5297 1611 5366 ἄχρι
1665 5300 1758 5351 καὶ
1805 5299 1900 5352 ἐπὶ

326 5391 526 5462 στέρνα
581 5389 856 5461 διήλασεν.
907 5388 966 5440 '0
1011 5387 1111 5458 μὲν
1159 5387 1223 5457 δὴ
1278 5387 1535 5456 βασιλεὺς
1570 5389 1775 5442 τοιόσδε
1814 5408 1899 5454 τις

325 5483 420 5536 ἐπὶ
477 5481 862 5552 θηροκτονίαις
913 5480 1152 5549 ἐγένετο.
1208 5477 1446 5543 Ἀλέξιος
1507 5479 1566 5532 δὲ
1617 5482 1898 5550 (ἐπάνειμι

2001 4573 2217 4642 propria
2272 4580 2402 4626 sunt
2448 4572 2734 4626 animanti.
2781 4570 3061 4640 Ejusmodi
3099 4570 3263 4640 igitur
3306 4580 3423 4624 erat
3463 4568 3576 4622 fera

2000 4665 2104 4720 ista
2133 4683 2147 4720 :
2173 4680 2337 4735 quam
2363 4665 2524 4719 simul
2549 4679 2614 4719 ac
2639 4665 2889 4718 viderunt
2913 4663 3002 4733 qui
3036 4663 3416 4730 imperatorem
3446 4662 3570 4715 sub-

2000 4757 2406 4825 sequebantur,
2473 4754 2808 4826 diﬂ'ugerunt
2849 4754 3111 4823 plerique.
3163 4751 3331 4807 Nemo
3378 4751 3578 4820 quippe

1999 4849 2171 4904 ferme
2220 4859 2359 4915 erat,
2396 4851 2489 4919 qui
2542 4850 2596 4903 in
2641 4865 2762 4904 eam
2815 4850 3004 4904 oculos
3053 4846 3274 4912 inferre,
3310 4854 3404 4900 aut
3450 4860 3574 4898 cum

2006 4957 2173 5012 prope
2198 4941 2312 5011 jam
2361 4942 2557 5007 adfuit,
2590 4956 2713 4995 cum
2767 4941 2858 4994 illa
2900 4939 3157 5008 congredi
3195 4938 3436 4992 auderet.
3471 4934 3574 4988 Sed

2003 5033 2300 5102 imperator
2333 5035 2399 5087 iis
2446 5031 2776 5101 fugientibus
2803 5070 2818 5096 ,
2868 5032 3063 5086 Stricto
3111 5044 3220 5096 quo
3265 5026 3577 5081 suceinctus

2003 5132 2142 5188 erat,
2202 5123 2423 5193 gladio,
2503 5123 2570 5176 ad
2625 5121 3034 5191 percutiemlam
3091 5120 3258 5172 feram
3316 5114 3574 5177 accurrit,

2001 5213 2280 5284 ictumque
2327 5213 2493 5282 capiti
2539 5213 2749 5268 illatum
2794 5213 2860 5268 ad
2904 5221 3093 5282 pectus
3145 5222 3318 5278 u<que
3374 5203 3576 5273 adegit.

2006 5302 2193 5357 Talem
2227 5319 2285 5358 se
2315 5305 2534 5372 quidem
2575 5306 2827 5372 princeps
2873 5304 2924 5356 in
2975 5301 3210 5356 ferarum
3242 5295 3481 5351 ctndibus
3511 5308 3578 5349 ac

2003 5394 2385 5448 venationibus
2410 5394 2649 5461 gerebat.
2676 5393 2944 5449 Caeterum
2977 5392 3196 5445 Alexius
3221 5387 3406 5456 (redeo
3429 5385 3573 5438 enim

2005 5487 2148 5539 unde
2195 5499 2345 5539 eram
2377 5485 2700 5555 digressus),
2736 5485 2821 5539 his
2871 5483 3108 5548 omissis,
3146 5496 3232 5536 res
3279 5495 3308 5533 a
3359 5477 3577 5532 sultauo

1654 5599 1754 5659 Du
1781 5598 2004 5680 Cangii
2041 5610 2230 5662 natea.

327 5709 401 5756 tv,
440 5715 499 5754 n.
565 5701 618 5767 6,
673 5704 828 5771 cuius
892 5702 1118 5757 virtutes
1179 5700 1453 5772 animique
1510 5710 1565 5758 et
1630 5705 1872 5772 corporis
1907 5706 2192 5763 nrarclaras
2261 5707 2414 5763 dotes
2469 5705 2608 5762 mire
2653 5704 2880 5760 extollit.
2935 5701 3064 5758 Vide
3123 5709 3351 5755 stemma
3409 5696 3568 5750 Cotu-

325 5780 428 5822 nen
437 5805 450 5820 ο
