4014 6402
412 314 519 374 635

1693 314 2016 373 JOANNIS
2054 313 2384 375 CINNAMI

3556 312 3659 376 636

412 427 673 496 pra-clare
698 436 903 496 gestas,
940 442 1184 497 quasque
1223 426 1358 478 adeo
1396 428 1731 494 Oportuisset
1760 427 1977 482 silentio

2089 430 2188 498 γὰρ
2221 430 2344 482 ὅθεν
2375 429 2475 499 τὴν
2513 427 2745 498 ἐκϐολὴν
2779 426 2870 480 τοῦ
2918 428 3081 494 λόγου
3117 426 3488 497 ἐποιησάμην)
3534 431 3661 483 τού-

408 521 600 589 premi,
638 520 832 574 stolide
878 520 944 573 iis
997 521 1048 572 in
1105 520 1312 573 aedibus
1365 527 1591 573 exz~rata
1643 535 1705 572 ac
1759 520 1974 588 depicta

404 613 644 666 oumium
695 611 866 665 oculis
917 613 1241 681 exponebat.
1290 611 1346 665 1d
1395 612 1483 666 ubi
1533 612 1756 666 rescivit
1800 613 1973 679 impe'

408 714 575 768 ritur,
611 705 663 757 in
696 712 903 757 secreta
934 719 1055 757 eum
1088 704 1353 770 colloquia
1397 712 1735 772 assumptum
1778 705 1977 773 smpius

404 795 705 860 ahnnnuit,
748 796 821 848 uti
866 796 932 849 ab
990 796 1204 863 incepto
1247 797 1554 851 desistetet.
1610 798 1677 848 At
1732 796 1824 850 ille
1869 812 1973 850 non

411 890 572 943 modo
601 887 927 942 obstinatius
953 888 1227 958 prioribus
1257 889 1453 942 institit
1481 888 1744 952 consiliis,
1799 893 1892 943 sed
1921 898 1979 943 et

408 982 581 1033 vit-um
614 990 773 1048 gente
801 979 1076 1044 Latinum,
1111 980 1586 1049 praestigiatorem,
1621 979 1783 1049 inque
1808 982 1980 1051 magi-

406 1076 487 1127 cis
526 1072 733 1123 artilms
763 1071 898 1123 inire
949 1080 1244 1135 versatum,
1290 1070 1486 1124 crebro
1531 1074 1595 1124 ad
1647 1086 1708 1125 se
1759 1088 1978 1139 vocans,

406 1178 529 1216 cum
562 1178 625 1215 eo
666 1162 1009 1215 rmniiiariter
1045 1175 1399 1215 conversatus
1424 1173 1526 1224 est,
1562 1173 1613 1216 et
1644 1164 1712 1216 de
1755 1166 1982 1218 secretis

410 1256 527 1307 Suis
574 1252 818 1307 consiliis
871 1253 1300 1307 communicavit.
1345 1268 1624 1322 :qnorum
1680 1255 1812 1307 illud
1863 1264 1985 1309 erat

405 1343 756 1412 prtecipnum,
815 1353 873 1397 ut
940 1345 1237 1413 imperator
1299 1345 1352 1399 in
1405 1355 1721 1416 perpetuum
1792 1347 1982 1402 liberis

412 1450 647 1503 careret,
683 1449 847 1507 atque
897 1441 948 1492 iu
987 1454 1109 1492 eum
1173 1438 1332 1492 linem
1384 1438 1549 1492 multa
1597 1440 1666 1493 ab
1716 1441 1981 1495 scelerato

411 1528 630 1583 homine
660 1529 872 1597 accepit
895 1528 1060 1600 263
1086 1528 1406 1598 pharmace,
1427 1544 1600 1600 neque
1635 1532 1789 1586 hisce
1821 1534 1982 1587 rebus

403 1633 626 1688 operam
661 1621 792 1674 dare
823 1621 1033 1676 destitit
1086 1624 1256 1676 miser
1293 1638 1307 1675 :
1356 1631 1579 1692 propter
1625 1638 1748 1692 quae
1803 1625 1983 1678 incre-

407 1711 555 1778 pavit
586 1711 733 1765 illum
762 1713 939 1767 denuo
971 1713 1289 1782 imperator,
1323 1724 1377 1769 et
1419 1715 1710 1769 amentiam
1743 1715 1861 1785 ejus
1893 1730 1981 1769 re-

407 1803 641 1871 darguit.
690 1802 883 1857 Verum
917 1820 1038 1858 cum
1077 1806 1256 1873 primo
1296 1808 1565 1875 poenitere
1622 1806 1771 1860 visus
1814 1817 1980 1871 esset,

2089 1795 2266 1849 λαϐῶν
2314 1796 2342 1848 ὁ
2384 1795 2753 1866 ταλαίπωρος.
2793 1795 2872 1849 Δι’
2910 1796 2947 1852 ἃ
2993 1797 3087 1849 καὶ
3132 1797 3296 1851 πάλιν
3323 1796 3568 1860 ὠνείδιζε
3607 1814 3671 1849 τε
3762 1842 3769 1847 .

408 1910 628 1948 rursum
686 1908 866 1949 tamen
909 1897 975 1948 ad
1024 1897 1262 1964 priorem
1314 1910 1550 1951 mentem
1600 1897 1778 1951 rediit.
1808 1896 1983 1951 Parvo

407 1985 553 2039 enim
598 1986 892 2055 interlapso
922 1997 1200 2056 tempore,
1250 2005 1463 2059 magum
1515 1989 1678 2043 istum
1729 1991 1985 2044 convenit

406 2080 628 2143 iterum,
660 2089 715 2135 et
759 2080 827 2134 de
871 2081 1064 2136 iisdem
1120 2082 1285 2137 rebus
1323 2082 1622 2137 consuluit.
1676 2081 1984 2151 Aliquando

409 2185 543 2225 vero
571 2186 693 2226 cum
729 2173 1093 2228 Constantino
1117 2172 1263 2228 Duca
1295 2188 1640 2243 congressus,
1670 2174 1760 2243 qui
1791 2183 1846 2228 et
1871 2175 1986 2243 ipse

407 2259 754 2325 imperatoris
809 2279 874 2317 ex
925 2278 1115 2319 sorore
1169 2264 1372 2332 neptim
1428 2279 1651 2319 uxorem
1704 2265 1983 2323 duxerat:

413 2369 431 2402 ι
478 2352 568 2404 Vir
611 2353 851 2421 optime,
903 2355 1118 2424 inquit,
1171 2355 1216 2409 si
1264 2356 1359 2411 tibi
1400 2366 1485 2412 est
1538 2359 1755 2412 animus
1793 2361 1983 2414 eadem

409 2444 689 2500 nobiscum
714 2449 943 2512 sentire,
967 2448 1238 2502 neminem
1261 2463 1360 2503 nos
1377 2458 1757 2518 superaturum
1776 2453 1930 2506 scito.
1960 2471 1980 2504 ι

413 2534 523 2615 Sed
555 2536 702 2592 istud
736 2540 952 2603 quidem
996 2540 1225 2594 necdum
1263 2540 1565 2610 propalam,
1597 2541 1827 2596 alterum
1855 2558 1985 2599 vero

408 2625 567 2697 longe
601 2629 944 2685 manifestius
974 2632 1177 2686 dictum
1211 2631 1285 2685 illi
1313 2641 1417 2687 est.
1446 2632 1693 2686 Alexium
1719 2634 1983 2691 Casianus

408 2733 531 2771 eum
561 2731 755 2785 preter
778 2722 1036 2776 decorum
1065 2724 1304 2793 segniter
1327 2724 1667 2792 rentisseque
1695 2725 1981 2781 admodum
2018 2742 2019 2745 ‘

411 2808 558 2865 bello
586 2811 991 2869 incumbentem
1021 2816 1334 2886 Hungarico
1358 2817 1687 2882 adverteret,
1712 2833 1818 2887 quo
1853 2829 1987 2874 tem-

412 2913 546 2967 pore
581 2918 702 2957 cum
731 2902 856 2958 Be’a
895 2905 946 2958 in
980 2905 1255 2975 llungaria
1281 2907 1574 2971 militabat,
1605 2906 1756 2961 illutn
1786 2922 1985 2963 conve-

410 2991 567 3047 niens
596 2994 1072 3052 adhortationibus
1103 2998 1337 3053 incitare
1382 2999 1450 3052 ad
1493 2998 1543 3053 id
1576 3000 1820 3054 animum
1866 3001 1987 3070 ejus

408 3082 598 3138 νυιιιὶι.
647 3087 716 3140 At
768 3087 816 3143 is
869 3089 921 3143 in
976 3101 1249 3145 secretum
1306 3091 1584 3146 hominem
1640 3091 1918 3148 abducens
1966 3112 2053 3169 ιο

414 3198 432 3225 ι
477 3177 705 3242 Quazris,
730 3179 826 3242 ait,
870 3182 1220 3249 quamobrem
1260 3197 1290 3236 a
1343 3182 1542 3252 prealiis
1587 3191 1648 3237 ut
1688 3183 1982 3253 plurimum

409 3266 755 3324 abstineam?
781 3273 907 3340 quia
933 3286 1017 3326 me
1041 3273 1258 3343 generis
1283 3274 1542 3329 nimirum
1572 3274 1797 3329 humani
1832 3290 1988 3330 cum-

411 3360 645 3413 maxime
700 3362 943 3417 miseret.
996 3382 1015 3415 ι
1058 3365 1243 3418 Altero
1271 3366 1469 3420 deinde
1519 3366 1705 3421 nescio
1750 3367 1877 3433 quid
1916 3368 1981 3422 ad

417 3448 560 3503 lnmc
618 3466 925 3508 sermonem
983 3466 1317 3524 reponente,
1373 3458 1487 3512 [nec
1545 3457 1779 3524 subjecit
1828 3459 1916 3515 ille
1966 3478 1981 3515 :

415 3556 436 3590 ι
464 3538 726 3605 Quoniam
757 3544 939 3619 delere
963 3546 1241 3602 Rmnanos
1264 3548 1450 3603 volens
1475 3562 1752 3619 prtuceps,
1780 3551 1984 3616 impru-

410 3625 624 3694 denter,
655 3617 923 3702 quidquid
952 3635 1074 3690 inde
1116 3637 1347 3701 accidat,
1393 3652 1487 3691 eos
1537 3653 1623 3693 me
1667 3617 1718 3692 in
1751 3641 1986 3696 atrocis-

409 3719 545 3773 sima
598 3722 832 3779 educere
879 3725 1060 3794 prmlia
1111 3726 1361 3795 imperat.
1416 3727 1496 3781 Tu
1545 3744 1713 3796 vero,
1773 3730 1821 3785 si
1868 3731 1986 3788 hate

411 3813 672 3876 tacueris,
693 3816 904 3872 amicus
928 3819 1085 3873 nobis
1111 3818 1242 3873 eris.
1277 3837 1297 3870 ι
1331 3820 1402 3873 Ita
1430 3820 1647 3888 quidem
1672 3821 1723 3875 is
1746 3822 1983 3880 locutus.

411 3902 516 3958 Sed
551 3905 814 3962 Casiauus
863 3909 1047 3963 omnia
1079 3911 1195 3964 btcc
1234 3910 1554 3978 imperatori
1591 3912 1797 3968 retulit.
1828 3915 1897 3969 Et
1932 3917 1984 3971 id

409 3996 624 4062 quidem
657 3999 925 4068 primum;
961 4003 1103 4056 istud
1133 4017 1261 4057 vero
1287 4004 1426 4072 quod
1455 4005 1751 4060 novissime
1780 4004 1984 4062 factum

407 4099 513 4154 est,
544 4091 809 4160 ejusmodi
848 4092 968 4148 fuit.
1002 4093 1229 4150 Plurimi
1277 4111 1307 4151 e
1344 4094 1587 4167 Scythis,
1636 4098 1726 4165 qui
1780 4099 1986 4154 auxilio

409 4178 668 4238 Romanis
719 4195 1020 4251 venerant,
1064 4202 1189 4242 cum
1227 4188 1402 4256 primo
1453 4188 1521 4243 de
1573 4189 1860 4259 stipendiis
1922 4206 1987 4248 ac

407 4276 757 4341 praestatione
809 4279 1034 4334 multutn
1097 4281 1249 4350 prius
1302 4281 1467 4352 269
1522 4284 1982 4353 contendissent,

409 4363 627 4418 tandem
697 4369 1041 4435 acquievere.
1083 4373 1153 4426 At
1201 4381 1565 4439 protostrator
1616 4374 1716 4428 hos
1769 4375 1983 4430 occulte

2085 536 2192 571 των
2221 520 2494 589 ἀφέμενος
2520 520 2619 582 τὰς
2667 518 2762 572 τοῦ
2811 518 3043 571 σουλτάν
3096 518 3397 587 ἀνεστήλου
3424 536 3664 591 στρατη-

2083 615 2229 679 γίας,
2262 615 2454 684 νήπιος
2484 613 2627 684 άπερ
2649 616 2706 667 ὲν
2730 614 2908 684 σκότῳ
2938 612 3233 681 φυλάσσειν
3285 614 3454 682 ἐχρῆν
3484 614 3660 667 ταῦτα

2083 705 2178 755 ἐπὶ
2210 704 2477 772 δωμάτων
2521 705 2679 762 αὐτὸς
2710 702 3054 772 δημοσιεύων
3088 704 3229 756 κατὰ
3289 704 3387 774 τὴν
3417 706 3661 775 γραφήν.

2086 784 2188 847 ¹Ὧν
2221 795 2545 863 αἰσθόμενος
2601 796 2856 867 βασιλεὺς
2896 797 2953 848 ὲν
3011 795 3344 859 ἰδιαζούσαις
3405 797 3664 861 πολλάκις

2085 886 2535 957 παραλαμϐάνων
2565 888 2725 940 αὐτὸν
2773 888 3079 958 διατριϐαῖς
3107 890 3464 956 παραινέσεις
3499 907 3669 958 προσ-

2086 975 2240 1044 ῆγεν,
2305 977 2454 1040 ὅπως
2516 979 2583 1032 ἂν
2634 979 2827 1049 ἀπάγῃ
2870 978 2983 1030 τῶν
3044 977 3443 1046 μελετωμένων
3501 980 3667 1033 αὑτὸν

2086 1066 2560 1137 προθυμούμενος.
2607 1068 2666 1123 '0
2694 1070 2751 1122 δὲ
2781 1068 2876 1122 τοῦ
2925 1070 3133 1122 σκοποῦ
3168 1073 3264 1122 καὶ
3295 1071 3461 1123 πάλιν
3493 1071 3667 1141 άπρξ

2085 1159 2281 1228 εἴχετο,
2320 1165 2414 1213 καὶ
2447 1160 2512 1232 δὴ
2551 1162 2721 1233 ἄνδρα
2768 1158 3001 1216 Λατῖνον
3046 1162 3146 1231 μὲν
3190 1163 3349 1230 γένος
3392 1164 3566 1232 γόητα
3605 1162 3663 1216 δὲ

2088 1251 2182 1302 καὶ
2210 1249 2378 1303 πολὺν
2423 1252 2494 1303 τά
2554 1251 2812 1321 δαιμόνια
2844 1253 3155 1323 πράγματα
3185 1252 3335 1322 θαμά
3371 1252 3666 1320 συγκαλῶν

2087 1337 2164 1398 ὡς
2230 1338 2425 1392 ἑαυτὸν
2480 1338 2794 1407 διωμιλεῖτό
2861 1356 2920 1391 τε
2963 1338 3113 1408 αὐτῷ
3168 1338 3524 1406 γνησιώτατα
3571 1340 3666 1391 καὶ

2086 1426 2420 1497 ἀπορρήτων
2461 1427 2741 1481 ἐκοινώνει
2773 1428 3134 1498 σκεμμάτων.
3185 1429 3267 1481 Τὰ
3292 1428 3347 1482 δὲ
3394 1424 3464 1499 ἦν
3515 1428 3667 1489 ὅπως

2089 1516 2155 1569 ἂν
2188 1517 2446 1586 βασιλεὺς
2500 1519 2763 1572 ἀπαιδίαν
2809 1521 2867 1581 ἐς
2907 1519 2997 1571 ἀεὶ
3035 1517 3361 1590 δυστυχοίη·
3397 1519 3670 1589 φάρμακά

2084 1627 2143 1662 τε
2206 1611 2345 1679 πρὸς
2408 1610 2507 1663 τοῦ
2568 1611 2970 1680 κακοδαίμονος
3027 1613 3121 1664 ἐπὶ
3173 1613 3293 1674 τοῖς
3349 1611 3671 1682 εἰρημένοις

2088 1703 2366 1774 ἐλάμϐανε
2397 1703 2571 1757 πολλά
2600 1703 2697 1757 καὶ
2748 1705 2850 1757 οὐκ
2880 1704 3048 1775 ἔληγε
3081 1705 3148 1757 τὰ
3177 1703 3407 1757 τοιαῦτα
3442 1707 3667 1773 ἐνεργο-

2087 1886 2251 1939 αύτὸν
2285 1886 2542 1957 βασιλεὺς
2583 1887 2678 1941 καὶ
2709 1888 2808 1959 τὴν
2858 1887 3167 1957 παράνοιαν
3200 1889 3456 1958 ἦλεγχεν.
3511 1889 3570 1941 '0
3609 1888 3669 1939 δὲ

2088 1979 2401 2050 μετάμελος
2454 1978 2744 2048 γεγονέναι
2787 1980 2947 2043 δόξας
2993 1980 3021 2032 ὁ
3071 1980 3235 2044 αὐτὸς
3261 1980 3356 2034 καὶ
3386 1979 3548 2033 πάλιν
3574 1974 3665 2049 ἦν.

2098 2071 2312 2140 Ὀλίγον
2343 2071 2453 2142 γάρ
2491 2069 2760 2125 διαλιπὼν
2788 2070 2983 2142 χρόνον
3018 2071 3479 2141 προσελάμϐανεν
3508 2072 3667 2134 αὖθις

2084 2164 2177 2217 τὸν
2220 2162 2557 2234 δαιμονιώδη
2606 2164 2816 2217 ἐκεῖνον
2845 2162 3103 2232 καὶπερὶ
3147 2162 3256 2216 τῶν
3305 2163 3486 2216 αὐτῶν
3518 2165 3667 2214 ἐκοι-

2085 2255 2267 2311 νώνει.
2304 2254 2705 2325 Κωνσταντίνῳ
2734 2254 2938 2325 δήποτε
2974 2255 3053 2325 τῷ
3085 2254 3266 2325 Δούκᾳ
3296 2252 3665 2322 συγγεγονὼς,

2085 2348 2143 2411 ὃς
2174 2349 2268 2402 καὶ
2300 2347 2462 2411 αὐτὸς
2499 2346 2764 2417 βασιλέως
2803 2346 3014 2416 ἔγημεν
3047 2345 3376 2415 ἀδελφιδῆν,
3405 2365 3421 2397 ι
3447 2342 3516 2397 Ὠ
3547 2344 3671 2414 βέλ.

2086 2454 2261 2506 τιστε,
2312 2438 2442 2509 ἔφη,
2492 2438 2547 2491 sl.’
2593 2454 2680 2492 σοι
2732 2437 2993 2508 βουλητὸν
3043 2437 3198 2490 ἔσται
3235 2436 3463 2506 γνώμης
3520 2436 3672 2505 ἡμᾶς

2087 2532 2440 2599 κοινωνήσειν
2471 2532 2620 2601 μιᾶς,
2644 2530 2746 2585 οὐκ
2776 2530 2842 2585 ἀν
2863 2546 2947 2593 τις
2989 2528 3164 2601 (ἔφη),
3190 2529 3338 2593 ἴσθι,
3376 2546 3441 2580 πε
3454 2528 3669 2598 ριγενέ-

2087 2622 2214 2676 σθαι
2264 2619 2422 2691 ήμῶν
2452 2622 2632 2691 σχοίη.
2667 2640 2688 2675 ι
2724 2619 2886 2676 Ἀλλά
2932 2619 3093 2675 τοῦτο
3153 2619 3251 2689 μὲν
3280 2620 3434 2674 οὔπω
3464 2621 3669 2689 σφόδρα

2088 2714 2402 2781 καταφανὲς
2432 2713 2675 2783 εἴρηται,
2731 2712 2922 2785 ἕτερον
2955 2712 3012 2766 δὲ
3046 2713 3228 2783 πολλῷ
3277 2713 3469 2766 τούτου
3501 2714 3671 2780 ἐναρ-

2087 2805 2374 2876 γέστερον.
2414 2805 2657 2872 ’Δλέξιόν
2705 2822 2840 2860 ποτε
2886 2808 2914 2860 ὀ
2965 2806 3267 2871 Κασιανὺς,
3308 2805 3497 2875 ἐπειδὴ
3524 2806 3670 2873 πέρι

2086 2897 2182 2951 τοῦ
2209 2900 2585 2971 προσήκοντος
2625 2898 3007 2953 ἀναπίπτοντα
3046 2898 3239 2952 τοῦτον
3286 2899 3345 2959 ἐς
3390 2897 3482 2950 τὸν
3524 2895 3672 2948 κατὰ

2088 2988 2308 3045 Οῠννων
2337 2988 2573 3060 πόλεμον
2608 2990 2756 3063 ἐώρα
2806 2990 3046 3061 ὁπηνίκα
3101 2988 3197 3055 ξὺν
3251 2989 3331 3061 τῷ
3380 2988 3521 3058 Βελᾷ
3575 2985 3670 3040 ἐπὶ

2087 3082 2357 3153 Οὑννικῆς
2384 3084 2703 3156 ἐστράτευε.
2734 3082 3054 3154 προσελθὼν
3083 3084 3384 3152 παρορμᾷν
3418 3082 3583 3135 αύτθιν
3611 3082 3671 3144 ἐς

2087 3172 2245 3229 τοῦτο
2274 3176 2572 3245 ἐπεχείρει.
2611 3177 2670 3228 '0
2705 3175 2761 3229 δὲ
2796 3174 3129 3245 παραλαϐὼν
3172 3175 3280 3245 ἰδίᾳ
3326 3174 3417 3225 τὶν
3458 3173 3673 3242 ἄνθρω-

2090 3286 2212 3335 πον⁹
2257 3287 2277 3321 ι
2321 3268 2599 3340 Πυνθάνῃ,
2619 3268 2748 3338 ἔφη,
2797 3264 2859 3322 οὗ
2892 3266 3057 3321 ἕνεκα
3087 3266 3342 3336 πολέμων
3375 3265 3533 3327 αὐτὸς
3564 3266 3674 3317 ἀπ-

2089 3363 2292 3433 έχομαι
2319 3363 2390 3416 τὰ
2420 3362 2624 3428 πολλά;
2657 3363 2743 3416 ὅτι
2771 3360 2941 3430 φειδὼ
2968 3360 3063 3415 τοῦ
3091 3359 3437 3427 ἀνθρωπείου
3464 3359 3670 3428 πολλὴν

2090 3460 2228 3520 ἴσχω
2266 3451 2459 3519 γένους
2482 3450 2614 3522 παρ’
2641 3451 2892 3520 ἐμαυτῷ.
2932 3469 2950 3503 ι
2982 3448 3089 3503 Τοῦ
3118 3450 3174 3503 δὲ
3198 3450 3292 3503 καί
3318 3465 3371 3502 τι
3411 3450 3549 3517 πρὸς
3571 3449 3668 3501 τὶν

2090 3532 2311 3612 [Ρ157]
2345 3541 2506 3609 λόγον
2558 3539 2749 3594 τοῦτον
2813 3538 3231 3607 ἐπενεγκόντος,
3288 3538 3389 3609 ἔφη
3452 3540 3668 3602 ἐκεῖνος

2095 3652 2114 3687 t
2150 3631 2276 3687 ’Ὁτι
2333 3632 2590 3703 βασιλεὺς
2658 3633 2921 3703 ἐπιτρίψαι
2989 3631 3161 3685 θέλων
3227 3631 3289 3685 τὸ
3355 3630 3668 3700 Ῥωμαϊκὸν

2088 3726 2448 3794 ἀπροοράτως
2478 3725 2618 3796 ὅπερ
2640 3723 2706 3778 ἂν
2742 3723 2879 3795 τύχῃ
2914 3724 3006 3777 ἐπὶ
3038 3724 3222 3792 μάχας
3257 3722 3388 3776 αὐτὸ
3418 3721 3669 3775 εἰσωθείν

2090 3817 2317 3870 ἐκέλευέ
2352 3834 2444 3887 μοι
2481 3815 2742 3886 ἰσχυρῶς.
2783 3817 2855 3870 Σὺ
2892 3816 2971 3880 δὲ,
3003 3817 3055 3870 εί
3087 3833 3180 3886 μοι
3222 3816 3314 3868 τὸν
3345 3815 3506 3881 λόγον
3534 3813 3668 3866 τοῦ·

2087 3922 2181 3959 τον
2210 3906 2494 3979 τηρήσῃς,
2521 3905 2676 3974 φίλος
2701 3906 2834 3975 ήμτν
2866 3905 2986 3977 ἔσῃ.
3019 3923 3038 3957 ›
3092 3905 3150 3960 'O
3198 3905 3296 3974 μὲν
3321 3904 3560 3958 τοσαῦτα
3587 3898 3669 3957 εῖ-

2088 4012 2213 4060 πεν,
2245 3996 2274 4049 ὁ
2306 3994 2365 4047 δὲ
2402 3995 2681 4057 Κασιανδς
2719 3994 2937 4065 βασιλεῖ
2966 3994 3141 4050 ταῦτα
3167 3995 3458 4065 ἐμήνυσεν.
3502 3994 3670 4048 Ἀλλά

2085 4085 2265 4140 ταῦτα
2323 4086 2422 4156 μὲν
2474 4086 2779 4157 πρότερον·
2834 4085 2863 4139 δ
2915 4086 2972 4140 δὲ
3023 4085 3336 4140 τελευταῖον
3382 4087 3667 4156 εἴργαστο,

2086 4179 2291 4233 τοιόνδε
2334 4196 2387 4232 τι
2445 4178 2689 4246 ἐγένετο.
2724 4178 2950 4232 Σκυθῶν
2981 4177 3172 4249 ὅμιλος
3221 4178 3316 4231 ἐπὶ
3374 4178 3671 4249 συμμαχίᾳ.

2099 4272 2401 4343 Ῥωμαίοις
2445 4273 2773 4340 ἀφικόμενοι
2825 4269 2957 4338 περὶ
3005 4269 3116 4322 τῶν
3146 4269 3453 4335 συντάξεων
3492 4268 3670 4321 πολλά

2090 4365 2724 4436 πολυπραγμονήσαντες
2760 4362 3048 4432 πρότερον,
3081 4357 3201 4415 εἶτα
3232 4361 3297 4431 δὴ
3346 4360 3665 4414 κατέθεντο.

405 4456 659 4522 pecuniis
691 4458 925 4524 inducit,
949 4470 1008 4515 ut
1037 4476 1098 4516 se
1127 4462 1178 4515 in
1208 4464 1441 4531 patriam
1473 4465 1653 4521 redire
1677 4464 1978 4535 (ingerent:

2101 4454 2240 4509 Ἀλλ’
2298 4456 2326 4507 ὁ
2382 4452 2827 4525 πρωτοστράτωρ
2878 4452 2985 4521 ἰδία
3036 4451 3248 4514 τούτοις
3291 4449 3670 4519 ἐντετυχηκὼς

411 4552 573 4598 nocte
613 4555 792 4601 autem
830 4551 1120 4617 concubia,
1173 4553 1583 4610 tabernaculum
1638 4556 1984 4627 imperatoris

408 4632 724 4702 frequentes
766 4640 1137 4708 adorirentur,
1182 4644 1694 4715 impugnareutque.
1740 4646 1866 4702 Haec
1905 4649 1986 4703 sic

411 4727 686 4796 proposita
718 4740 844 4783 sunt
872 4740 923 4784 et
956 4731 1276 4788 deliberata.
1303 4735 1574 4790 Caeterum
1610 4736 1845 4791 fatnulus
1865 4739 1987 4805 qui-

410 4819 534 4870 dam
566 4834 629 4873 ex
664 4820 727 4873 iis
754 4823 844 4889 qui
876 4822 928 4875 iu
962 4825 1196 4880 tentorio
1230 4826 1303 4879 illi
1356 4823 1767 4891 ιιιίἰιίειιοοθοιιι,
1803 4828 1986 4883 statim

411 4921 576 4976 atque
609 4909 893 4979 .ejusmodi
948 4917 1172 4970 consilia
1232 4917 1520 4982 intellexit,
1577 4920 1867 4973 conl‘eslim
1920 4920 1987 4973 ad

412 4995 677 5053 Thomam
711 5003 1020 5057 eunuchum
1049 5044 1064 5069 ,
1100 5006 1332 5075 principi
1369 5009 1537 5060 harce
1568 5018 1733 5061 aetate
1787 5007 1986 5062 ﬁdissi-

412 5105 584 5154 mum,
606 5105 885 5161 properat,
917 5097 1229 5167 indicatque
1252 5099 1397 5166 quod
1425 5097 1754 5165 agitabatur.
1782 5099 1830 5152 Is
1859 5113 1989 5153 vero

414 5196 630 5236 οιιιηειη
677 5199 801 5240 eum
852 5202 1160 5243 sermonem
1201 5189 1438 5259 principi
1492 5190 1703 5253 refert,
1757 5199 1813 5244 et
1864 5205 1987 5244 mox

413 5272 590 5337 ipsum
638 5291 854 5344 quoque
904 5280 952 5332 ei
1003 5278 1264 5332 fatnnlum
1316 5280 1481 5334 sistit.
1532 5278 1771 5334 Necdum
1821 5280 1987 5334 etiam

419 5365 578 5417 tidem
605 5367 764 5421 dictis
792 5381 1053 5436 praestare
1083 5369 1245 5423 voluit
1270 5372 1602 5439 imperator,
1632 5371 1806 5424 donec
1833 5386 1991 5423 mane

419 5454 636 5525 Stytha:
685 5459 831 5513 nulla
878 5462 944 5515 de
978 5475 1139 5515 eausa
1186 5460 1434 5514 diilluere
1484 5475 1546 5514 ac
1588 5462 1845 5515 recedere
1875 5476 1992 5516 co:-

421 5559 653 5617 perunt;
707 5566 843 5619 quos
900 5563 1081 5605 tamen
1134 5553 1621 5621 pollicitatiOuihus
1669 5568 1993 5622 aggressus,

425 5638 479 5690 itt
523 5640 627 5693 (ide
672 5645 886 5696 tandem
924 5644 1171 5698 retinuit.
1226 5644 1305 5697 Ad
1354 5645 1603 5697 Alexium
1644 5659 1771 5697 veto
1827 5644 1992 5710 misit,

422 5730 511 5794 qui
544 5746 667 5784 eum
720 5735 1281 5803 comprehenderent,
1334 5735 1628 5804 statimque
1672 5735 1723 5789 in
1782 5734 1994 5792 vincula

2086 4549 2369 4620 χρήμασιν
2391 4544 2684 4601 ἀναπείθει
2716 4542 3199 4616 προσποιήσασθαι
3232 4542 3333 4611 μὲν
3360 4542 3441 4605 εἰς
3472 4541 3578 4613 ἤθη
3599 4540 3669 4593 τά

2089 4640 2295 4709 πάτρια
2355 4635 2723 4700 παλινοστεῖν,
2777 4634 2998 4687 ἐπειδάν
3026 4632 3086 4687 δὲ
3117 4632 3260 4703 ἀωρὶ
3297 4632 3409 4686 τῶν
3454 4630 3669 4684 νυκτῶν

2088 4731 2194 4802 ήδη
2228 4728 2473 4797 γένηται,
2502 4725 2736 4795 ἀθρόους
2779 4727 2847 4795 τῇ
2876 4723 3144 4794 βασιλέως
3177 4721 3465 4775 ἐπιθέσθαι
3495 4721 3666 4790 σκηνῇ

2088 4821 2251 4889 ἔργου
2276 4836 2339 4872 τε
2375 4817 2622 4886 ἔχεσθαι.
2650 4816 2872 4869 Τέθειτο
2901 4814 2966 4885 δὴ
2989 4814 3164 4868 ταῦτα
3204 4814 3302 4868 καὶ
3322 4813 3666 4883 βεϐούλευτο.

2102 4911 2267 4964 Ἀλλὰ
2302 4908 2590 4979 παιδάριόν
2622 4925 2677 4960 τι
2720 4907 2832 4960 τῶν
2871 4909 2965 4959 ἐπὶ
3015 4906 3222 4976 σκηνῆς
3257 4905 3407 4974 αὐτῷ
3455 4906 3666 4974 ὑπηρε-

2090 5003 2393 5071 τουμένων,
2445 5000 2751 5070 ἐπειδήπερ
2782 4999 2923 5067 ἔγνω
2950 5000 3049 5070 τὴν
3079 4997 3396 5069 ἐπιϐουλὴν,
3460 5000 3670 5069 σπουδῇ

2093 5100 2152 5158 ὲς
2177 5095 2270 5148 τὸν
2322 5093 2586 5164 ἑκτομίαν
2616 5092 2819 5163 Θωμᾶν
2854 5092 3152 5163 παρελθὸν,
3202 5092 3260 5155 ὃς
3315 5092 3672 5154 εὐνούστατος

2097 5188 2311 5259 βασιλεῖ
2332 5186 2594 5256 τηνικάδε
2630 5185 2937 5254 ἐτύγχανεν
2981 5183 3079 5250 ῶν,
3108 5186 3381 5255 ἐμήνυσεν
3423 5183 3572 5252 αὐτῷ
3611 5183 3671 5235 τὸ

2096 5278 2347 5347 σκέμμα.
2387 5277 2447 5329 '0
2473 5275 2531 5328 δὲ
2577 5276 2660 5337 είς
2693 5274 2920 5344 βασιλέα
2970 5275 3063 5327 τὸν
3119 5273 3300 5327 πάντα
3333 5275 3494 5342 λόγον
3538 5276 3671 5328 άνα-

2096 5367 2284 5437 γαγὼν
2322 5362 2443 5420 εἶτα
2494 5367 2889 5436 παρεστήσατο
2935 5365 3085 5436 αὐτῷ
3130 5365 3319 5419 καὶτὸ
3353 5366 3666 5435 παιδάριον.

2095 5460 2169 5513 Ot’t
2203 5458 2309 5527 μὴν
2334 5459 2415 5508 ἔτι
2439 5458 2549 5518 τοῖς
2585 5455 2903 5523 λεγομένοις
2950 5453 3206 5523 βασιλεὺς
3232 5454 3514 5509 πιστεύειν
3542 5453 3672 5524 ήθε-

2095 5551 2205 5614 λεν,
2235 5551 2339 5613 ἓως
2366 5547 2534 5601 ἕωθεν
2563 5548 2612 5599 οἱ
2645 5546 2850 5598 Σκύθαι
2909 5545 3005 5598 ἀπ’
3036 5545 3218 5607 αἰτίας
3243 5547 3501 5614 οὐδεμιᾶς
3529 5548 3672 5597 ἀπο·

2098 5644 2299 5714 χωρεῖν
2335 5639 2589 5711 ἤρξαντο.
2634 5637 2844 5699 Αὐτοὺς
2894 5637 2995 5706 μὲν
3051 5633 3145 5690 οὖν
3177 5638 3535 5707 ὑποσχέσεσιν
3568 5638 3671 5689 ὑπο

2100 5734 2268 5789 ελθὼν
2303 5730 2549 5801 ἐπισχεῖν
2598 5727 2863 5798 ἠδυνήθη·
2907 5730 2998 5783 ἐπὶ
3031 5729 3089 5782 δὲ
3138 5728 3378 5793 Ἀλέξιον
3407 5730 3533 5795 τοὺς
3565 5727 3670 5781 αύ-
