4014 6402
534 325 640 389 639

1842 327 2166 392 JOANNIS
2207 326 2537 390 ClNNAMI

3681 330 3796 394 6ἇο

536 446 750 499 ratione
783 446 1030 502 instruit.
1082 447 1314 520 Scythas
1359 458 1415 505 et
1468 453 1764 504 maximam
1816 447 2105 502 Persarum

2216 446 2396 516 μαίων
2423 448 2657 518 στρατὸν
2687 449 2829 503 ὅπλα
2860 449 3228 518 περιθέμενον
3257 451 3422 520 ἐξῆγε
3456 448 3552 504 τοῦ
3603 452 3794 524 χάρα-

534 545 741 602 partem
773 552 898 591 cum
933 541 1121 607 paucis
1149 541 1450 610 equitibus,
1475 542 1565 610 qui
1601 543 1775 596 hastis
1801 543 2106 604 decertant,

533 630 846 692 Praecedere
913 631 1090 697 jubet.
1151 632 1280 688 Inde
1328 648 1358 687 a
1409 633 1674 690 lateribus
1734 635 2105 688 Romanorum

533 721 902 786 sequebantur
926 723 1248 794 phalanges,
1283 726 1484 795 quibus
1518 737 1790 796 pra-erant
1830 725 2108 780 Coccoha-

532 811 690 866 silius
721 824 775 866 et
809 813 1133 879 Philoeales.
1177 827 1551 888 praetereaque
1581 818 1826 874 Taticius
1859 827 1911 872 et
1945 832 2108 885 illm“

533 903 812 970 Aspietem
847 909 1136 962 vocabant.
1161 909 1364 964 llorum
1399 925 1430 964 a
1477 921 1628 978 tergo
1659 895 1806 963 ibant
1841 910 2110 978 gravioris

533 1007 824 1050 armaturae
853 997 1057 1052 milites
1082 999 1383 1068 sagittariis
1411 999 1698 1054 intermisti
1727 1010 1782 1054 et
1818 999 2107 1053 Persarum

534 1093 712 1138 turma
739 1087 919 1154 gravis
951 1099 1262 1142 armaturae.
1298 1087 1426 1142 Post
1453 1089 1587 1143 istos
1619 1101 1851 1157 utroque
1883 1105 1913 1142 a
1943 1088 2110 1142 latere

532 1172 804 1243 Josepbus
827 1177 1130 1245 Bryennius
1156 1188 1211 1234 et
1238 1178 1500 1250 Georgius
1526 1179 1734 1233 Branas
1761 1179 2107 1244 incedebant,

535 1267 662 1320 item
689 1267 996 1324 Demetrius
1016 1269 1134 1340 ejus
1158 1270 1328 1325 frater
1350 1282 1402 1325 et
1423 1271 1814 1326 Constantinus
1833 1271 2106 1340 Aspietcs,

533 1362 617 1414 vir
647 1363 851 1416 sehasti
881 1365 1144 1435 dignitate
1170 1377 1363 1421 auctus
1389 1383 1402 1420 :
1426 1366 1553 1420 inde
1582 1365 1926 1419 Andronicus
1956 1365 2108 1433 prin-

533 1453 670 1520 cipis
723 1454 1118 1520 chartularins,
1172 1465 1540 1526 cognomento
1577 1456 1935 1525 Lampardas,
1983 1471 2107 1510 cum

533 1541 766 1598 delectis
817 1545 978 1600 simul
1027 1547 1294 1602 Romanis
1333 1557 1386 1602 et
1419 1548 1738 1602 Alemannis
1769 1562 1868 1601 nec
1915 1563 2022 1604 non
2054 1557 2111 1602 et

532 1630 735 1686 Persis.
785 1631 840 1686 In
883 1646 1164 1703 postrema
1201 1637 1439 1706 denique
1479 1637 1597 1690 acie
1623 1644 1734 1690 erat
1769 1635 2109 1689 Andronicus

533 1736 821 1792 supremus
866 1725 997 1791 dux,
1056 1741 1178 1782 cum
1236 1728 1358 1782 aliis
1409 1727 1594 1782 multis
1648 1726 1836 1796 inclyti
1870 1726 2110 1780 nominis

535 1813 668 1870 viris
719 1816 934 1886 (quales
982 1819 1300 1887 imperatori
1347 1821 1399 1874 in
1458 1819 1660 1874 bellmn
1719 1818 1868 1871 eunti
1919 1817 2108 1872 adesse

531 1918 749 1974 semper
793 1909 963 1962 moris
1015 1911 1120 1979 est)
1155 1920 1210 1966 et
1239 1911 1389 1966 Italis
1435 1908 1828 1980 stipendiariis,
1867 1909 2106 1978 itemque

531 1993 762 2065 Serviis,
815 2001 908 2068 qui
963 2017 1104 2072 pone
1155 2003 1552 2074 sequebantur,
1585 2006 1756 2060 hastis
1802 2001 2018 2064 armati,
2053 2009 2108 2055 et

531 2088 870 2160 longioribus
898 2093 1102 2165 clypeis
1127 2097 1400 2155 instructi.
1430 2097 1586 2152 Hunc
1619 2097 1673 2152 in
1704 2098 1923 2151 modum
1955 2095 2105 2150 ordi-

530 2192 660 2235 nato
689 2185 933 2240 exercitu
972 2187 1205 2243 Romani
1252 2189 1357 2244 iter
1389 2189 1702 2244 instituunt.
1735 2186 1840 2244 Ubi
1878 2201 2010 2243 vero
2040 2187 2107 2241 ad

530 2267 706 2326 locum
736 2289 954 2340 venere,
983 2277 1038 2330 in
1072 2293 1178 2346 quo
1206 2277 1503 2349 Dionysius
1529 2279 1834 2334 occisorum
1871 2278 2106 2332 militum

528 2361 794 2417 tumulum
826 2377 1094 2432 erexerat,
1125 2371 1282 2438 equis
1335 2368 1658 2424 desilientes
1685 2369 1926 2439 graviter
1959 2368 2110 2438 iuge-

529 2468 741 2512 muere.
769 2457 932 2526 272
960 2459 1228 2528 iidemque
1251 2460 1354 2516 sibi
1387 2461 1622 2516 invicem
1646 2461 1990 2516 obstrinxere
2010 2475 2109 2530 pro

532 2547 938 2602 contribulibus
980 2563 1045 2603 ac
1093 2551 1601 2620 consanguineisse
1649 2566 1918 2621 quemque
1951 2551 2111 2605 nzori-

531 2644 738 2690 turum.
772 2637 1055 2709 Dionysius
1083 2655 1211 2694 vero
1240 2640 1329 2696 ubi
1373 2643 1670 2696 adventare
1700 2642 1978 2696 Romanos
2009 2657 2110 2695 au-

531 2727 689 2790 divit,
721 2729 915 2783 lidueia
957 2732 1190 2799 quadam
1225 2733 1600 2800 praetumidus,
1626 2749 1748 2788 cum
1783 2736 1950 2790 multa
1985 2735 2110 2790 irri-

528 2817 682 2871 sione
707 2819 892 2872 vinum
925 2821 1111 2876 bibere
1140 2821 1629 2895 llnngarosjussit,
1659 2832 1714 2880 et
1742 2835 1794 2879 nt
1824 2827 2013 2895 poeula
2042 2828 2108 2880 ad

529 2905 905 2964 Romanorum
961 2913 1250 2969 sanitatem
1284 2924 1337 2970 et
1381 2916 1810 2972 incolumitatem
1846 2919 2106 2988 propina-

531 3009 672 3052 rent.
708 2999 784 3053 Illi
828 3011 1114 3072 surgentes
1148 3005 1432 3060 confestim
1467 3023 1530 3061 ea
1569 3009 1820 3073 hausere,
1847 3009 2108 3078 sumptis-

2214 556 2329 602 κος.
2382 540 2645 606 Ἐτάξατο
2679 541 2738 594 δὲ
2768 537 2891 598 ὧδε.
2928 543 3143 607 Σκύθας
3182 543 3283 613 μὲν
3314 543 3412 597 καὶ
3443 542 3503 596 τὸ
3529 543 3789 596 πλεῖστον

2211 631 2304 684 τοῦ
2341 633 2620 702 Περσικοῦ
2657 635 2913 704 ἡγεῖσθαι
2936 635 3188 688 ἐκέλευεν
3229 635 3491 689 ἱππεῦσιν
3522 635 3638 706 ἅμα
3673 637 3791 690 ὀλί-

2209 737 2332 783 γοις
2362 722 2412 774 οἳ
2451 722 2548 775 σὺν
2574 725 2690 785 τοῖς
2724 723 2916 792 δόρασι
2953 723 3244 794 μάχονται,
3276 723 3404 792 ἑξῆς
3433 723 3488 776 δέ
3519 723 3794 794 ἑκατέρω-

2211 815 2304 868 θεν
2339 814 2626 885 Ῥωμαίων
2655 816 2870 869 εἵποντο
2903 815 3183 885 φάλαγγες
3211 812 3286 869 ὧν
3319 817 3786 880 Κοκκοϐασίλειός

2212 924 2271 959 τε
2305 902 2444 976 ἦρχε
2477 907 2571 959 καὶ
2605 907 2928 977 Φιλοκάλης.
2974 908 3113 978 πρὸς
3160 909 3216 961 δέ
3244 912 3338 962 καὶ
3380 909 3641 969 Τατίκιος
3697 909 3792 960 καὶ

2209 998 2269 1050 ὃν
2311 999 2599 1069 Ἀσπιέτην
2630 998 2878 1053 ἐκάλουν.
2903 999 3062 1053 Κατὰ
3093 1001 3266 1053 νώτου
3301 1001 3357 1052 δὲ
3400 1000 3586 1060 αὐτοῖς
3631 999 3788 1050 ὁπλί-

2208 1107 2300 1143 ται
2326 1090 2655 1158 ἐπορεύοντο
2681 1091 2884 1160 ἀναμὶξ
2919 1092 3166 1156 τοξόταις
3193 1095 3286 1146 καὶ
3318 1091 3546 1161 Περσῶν
3575 1089 3792 1157 φάλαγξ

2209 1178 2597 1249 ὀπλοιροροῦσα
2623 1196 2636 1210 °
2668 1182 2808 1250 μετὰ
2831 1180 2888 1233 δὲ
2913 1181 3137 1244 τούτους
3164 1180 3556 1250 ἀμφοτέρωθεν
3592 1181 3791 1246 Ἰωσήφ

2211 1287 2269 1322 τε
2317 1271 2344 1322 6
2382 1269 2668 1338 Βρυέννιος
2713 1271 3012 1342 ἐπορεύετο
3058 1273 3151 1325 καὶ
3190 1272 3465 1340 Γεώργιος
3512 1273 3540 1323 ὁ
3575 1271 3791 1340 Βρανᾶς

2211 1361 2527 1432 Δημήτριός
2558 1379 2615 1414 τε
2644 1363 2672 1415 6
2698 1364 2893 1416 τούτου
2921 1363 3151 1428 ἁδελφὸς
3185 1366 3278 1416 καὶ
3317 1365 3730 1426 Κωνσταντῖνος
3764 1365 3792 1416 6

2224 1454 2516 1523 Ἀσπιέτης
2541 1455 2682 1525 ἀνὴρ
2721 1455 2986 1519 σεϐαστός
3012 1471 3028 1486 ⁸
3061 1457 3188 1525 ἑξῆς
3233 1456 3287 1510 δὲ
3339 1456 3686 1525 Ἀνδρόνικος
3731 1455 3791 1518 ὃς

2210 1548 2612 1618 χαρτουλάριός
2645 1565 2705 1601 τε
2743 1548 2958 1618 βασιλεῖ
2978 1543 3070 1619 ἦν,
3097 1548 3390 1617 ἐπίκλησιν
3421 1547 3790 1618 Λαμπαρδᾶς,

2211 1639 2306 1692 καὶ
2338 1639 2646 1701 ἐπιλέκτοις
2684 1639 2804 1708 ἅμα
2845 1638 3140 1706 Ῥωμαίοις
3173 1638 3270 1690 καὶ
3312 1638 3671 1707 Ἀλαμανοῖς,
3709 1637 3792 1690 ἔτι

2212 1730 2269 1782 δὲ
2297 1731 2390 1784 καὶ
2421 1731 2685 1800 Πέρσαις.
2722 1732 2968 1785 Κατὸπιν
3011 1730 3070 1783 δὲ
3114 1731 3464 1801 Ἀνδρόνικος
3491 1731 3518 1782 6
3549 1745 3791 1797 στρατη-

2212 1821 2306 1889 γὸς
2367 1820 2662 1890 ἐπορεύετο
2723 1822 2823 1874 σὺν
2889 1822 3075 1884 ἄλλοις
3129 1838 3188 1874 τε
3252 1820 3470 1880 πολλοῖς
3522 1819 3795 1885 ὀνόματος

2209 1906 2561 1978 ἀξιουμένοις
2595 1907 2882 1979 ἀνδράσιν,
2919 1904 3000 1972 οἷς
3033 1907 3154 1972 ἔθος
3186 1909 3276 1961 ἀεὶ
3307 1909 3412 1961 ὑπὸ
3445 1907 3665 1978 βασιλεῖ
3691 1923 3796 1959 πο-

2206 1993 2466 2064 λεμοῦντι
2516 1993 2813 2048 τάττεσθαι
2862 1990 2952 2066 ἦν,
3004 1999 3099 2048 καὶ
3146 1997 3372 2059 Ἰταλοῖς
3428 1998 3540 2058 τοῖς
3577 1997 3642 2047 ἐκ
3694 1993 3793 2046 τοῦ

2213 2081 2610 2152 μισθοφορικοῦ
2662 2083 2759 2136 καὶ
2796 2083 2862 2154 δὴ
2896 2085 2991 2137 καὶ
3038 2085 3311 2154 Σερϐίοις,
3349 2083 3401 2136 οἳ
3439 2085 3582 2136 κατά
3616 2084 3793 2136 νώτου

2212 2174 2361 2244 αύτῷ
2385 2174 2606 2228 εἵποντο
2627 2174 2832 2246 δόρατά
2855 2193 2913 2230 τε
2945 2176 3395 2245 προϐεϐλημένοι
3437 2176 3533 2228 καὶ
3581 2175 3792 2243 ἐπιμή-

2209 2282 2330 2328 κεις
2364 2265 2620 2328 ἀσπίδας.
2657 2264 2816 2319 Οὕτω
2859 2265 3157 2334 ταξάμενοι
3194 2265 3456 2334 Ῥωμαῖοι
3499 2264 3603 2334 ὁδῷ
3649 2263 3794 2332 ἐχώ-

2214 2374 2363 2428 ρουν.
2411 2357 2636 2426 Ἐπειδὴ
2661 2357 2718 2411 δὲ
2738 2360 2820 2421 εἰς
2859 2359 2953 2411 τὸν
2980 2358 3160 2428 χῶρον
3191 2353 3380 2428 ἦλθον,
3414 2356 3548 2409 ἔνθα
3600 2356 3792 2408 Διονύ-

2213 2467 2328 2513 σιος
2353 2450 2446 2502 τὸν
2475 2449 2687 2519 τύμϐον
2727 2450 2948 2520 ἐγείρας
2974 2450 3154 2520 ἔτυχε,
3183 2450 3293 2502 τῶν
3327 2450 3512 2502 ἵππων
3547 2448 3778 2502 ἀποϐάν-

2209 2559 2303 2605 τες
2346 2539 2656 2612 άνῴμωξάν
2695 2559 2756 2594 τε
2819 2541 3042 2611 θερμῶς
3095 2542 3192 2594 καὶ
3240 2541 3456 2604 πίστεις
3535 2540 3791 2608 ἀλλήλοις

2210 2637 2402 2689 ἔδοσαν
2443 2635 2584 2705 ὑπὲρ
2610 2635 2706 2688 τοῦ
2737 2634 3016 2704 ὁμοφύλου
3043 2635 3304 2689 τεθνάναι
3340 2635 3436 2688 καὶ
3485 2632 3792 2700 συγγενοῦς

2209 2724 2464 2776 ἕκαστον.
2494 2721 2775 2786 Διονύσιος
2801 2722 2858 2776 δὲ
2901 2722 3094 2794 ἐπειδὴ
3135 2723 3425 2794 προσιέναι
3473 2721 3789 2790 Ῥωμαίους

2209 2815 2464 2879 ἐπύθετο,
2491 2814 2728 2885 θάρσους
2763 2815 3140 2888 ὑποπλησθεὶς
3177 2817 3274 2870 σὺν
3322 2814 3574 2886 εἰρωνείᾳ
3616 2812 3787 2882 πολλῇ

2209 2907 2604 2979 ἀκρατίζεσθαι
2672 2906 2910 2972 Οὑννους
2977 2907 3232 2961 ἐκέλευεν
3290 2907 3371 2968 εἰς
3418 2907 3631 2972 ὑγίειαν
3685 2902 3790 2967 τὴν

2220 3001 2511 3073 Ῥωμαίων
2542 3002 2938 3072 προσιεμένους
2960 3001 3021 3055 τὸ
3051 3001 3312 3070 ἔκπωμα.
3349 3000 3412 3052 Οἱ
3434 2998 3489 3051 δὲ
3518 2994 3790 3050 ἀναστάν-

526 3102 635 3156 que
683 3091 873 3158 armis,
927 3103 1247 3150 consuetum
1287 3098 1531 3152 ordinem
1581 3113 1942 3168 resumpsere.
1993 3101 2106 3156 Mos

2214 3112 2307 3158 τες
2361 3093 2547 3148 ἔπινόν
2578 3112 2639 3148 τε
2671 3095 2873 3166 σπουδῇ
2911 3094 2996 3167 [Ρ.
3028 3095 3154 3167 159]
3189 3095 3282 3149 καὶ
3321 3092 3414 3147 ἐπὶ
3452 3094 3567 3156 τοῖς
3600 3091 3791 3152 ὃπλο.ς

526 3180 672 3234 enim
714 3198 930 3253 semper
967 3187 1110 3256 apud
1156 3203 1254 3242 eos
1301 3190 1517 3245 obtinet
1569 3199 1627 3244 ut
1671 3191 1928 3261 praecipui
1971 3196 2108 3261 epti-

530 3274 712 3342 mique
747 3274 798 3328 in
833 3277 1004 3344 prima
1049 3279 1319 3351 phalange
1350 3280 1617 3337 locentur.
1647 3284 1801 3349 Quod
1840 3283 1952 3352 jam
1995 3286 2105 3352 pri-

530 3365 650 3415 dem
717 3367 949 3424 edoctus
1004 3371 1302 3440 imperator
1367 3376 1646 3429 contrario
1710 3375 1885 3431 aciem
1943 3377 2106 3430 modo

526 3453 815 3511 instituere
848 3459 1162 3518 Andronico
1193 3476 1545 3534 praeceperat.
1595 3465 1891 3536 P05tquam
1941 3469 2107 3538 igitur

524 3545 628 3596 sibi
680 3546 913 3603 invicem
960 3555 1193 3620 proximi
1252 3553 1404 3610 luere
1456 3559 1770 3622 exercitus,
1809 3559 1875 3612 iis
1925 3560 2102 3628 quiin

529 3634 714 3692 l'ronte
758 3640 976 3696 stabant
1036 3647 1294 3717 praecepit
1341 3648 1688 3704 Andronicus
1731 3661 1786 3704 ut
1816 3650 2104 3720 llungaros
2135 3659 2160 3670 ⁵

532 3727 654 3782 telis
687 3729 1032 3798 impeterent,
1069 3745 1124 3790 et
1151 3737 1312 3791 simul
1349 3748 1514 3808 atque
1553 3741 1605 3793 in
1651 3756 1710 3796 se
1742 3743 1862 3797 illos
1896 3744 2105 3798 irruere

524 3829 835 3884 cernerent,
866 3832 1014 3892 terga
1059 3825 1272 3888 darent,
1309 3841 1416 3880 non
1453 3838 1599 3882 recta
1630 3829 1846 3896 quidem
1896 3830 1960 3882 ad
1997 3831 2106 3884 Rn-

529 3923 813 3964 manorum
866 3916 1192 3982 exercitum,
1227 3920 1319 3972 sed
1358 3918 1578 3988 oblique
1614 3921 1786 3990 magis
1819 3922 1870 3974 in
1931 3921 2103 3976 latera

525 4009 586 4053 ut
645 4001 726 4056 sic
799 4015 1086 4076 utramque
1136 4009 1189 4061 in
1259 4021 1466 4076 partem
1539 4013 1786 4067 distracti
1859 4013 2101 4082 Hungari

525 4092 762 4146 medium
821 4096 1104 4165 phalangis
1167 4099 1343 4154 locum
1403 4115 1632 4155 vacuum
1709 4103 2102 4172 relinquerent.

523 4183 630 4237 Sed
667 4184 739 4238 illi
778 4185 918 4242 facta
971 4190 1040 4244 ab
1081 4190 1329 4248 hostibus
1367 4193 1666 4263 irruptione
1705 4198 1890 4251 statim
1936 4197 2104 4252 eﬂ’use

522 4274 735 4344 fugiunt
782 4294 954 4349 usque
1005 4283 1128 4336 dum
1172 4285 1238 4338 ad
1280 4283 1481 4340 Savum
1532 4302 1849 4356 pervenere.
1894 4289 2103 4344 Persti-

523 4379 637 4422 tere
669 4385 799 4425 vero
835 4373 1203 4430 Romanorum
1237 4378 1460 4448 integrae
1486 4381 1605 4434 duae
1640 4382 1691 4434 in
1728 4382 1951 4437 sinistra
1984 4384 2102 4437 acie

519 4459 772 4516 cohortes
806 4477 940 4532 quas
967 4466 1372 4525 Coccobasilius
1413 4483 1469 4524 et
1517 4470 1760 4527 Taticius
1803 4475 2094 4542 regebant:
2131 4450 2174 4504 θ

518 4562 732 4606 caetera:
757 4568 944 4610 omnes
983 4557 1094 4626 jam
1149 4560 1438 4616 inclinatae.
1487 4561 1557 4617 At
1613 4563 1918 4619 Demetrius
1971 4564 2102 4618 Bra-

521 4657 621 4698 nas
651 4645 764 4699 suis
800 4645 1075 4717 dissipatis
1110 4665 1231 4703 cum
1263 4653 1536 4722 octoginta
1592 4655 1814 4709 relictus
1851 4657 2099 4711 hostibus

519 4749 643 4791 sese
698 4737 910 4801 intulit,
960 4749 1014 4792 et
1063 4740 1360 4798 fortissime
1423 4743 1692 4800 dimicans
1759 4757 1983 4816 accepto
2045 4747 2096 4801 itt

518 4827 696 4894 capite
727 4827 912 4884 lethali
963 4832 1185 4887 vulnere
1223 4822 1785 4906 conciditCaptnsqne
1825 4839 1890 4890 ab
1943 4837 2094 4890 llnn-

517 4918 664 4985 garis
716 4919 766 4972 in
820 4937 1008 4976 eoruut
1060 4937 1234 4979 castra
1270 4928 1472 4982 relatus
1517 4939 1620 4982 est.
1675 4929 1863 4984 Frater
1913 4940 2094 4983 autem

519 5006 664 5063 illius
718 5009 986 5081 Georgius
1057 5016 1296 5072 hostium
1363 5019 1709 5073 multitudine
1761 5021 2096 5073 conterritus

517 5098 760 5168 praelium
788 5116 1076 5158 conserere
1120 5123 1222 5160 non
1271 5124 1434 5163 ausus
1475 5117 1578 5163 est.
1625 5110 1785 5180 273
1841 5110 1931 5164 Sic
1977 5111 2098 5180 qni-

517 5195 638 5244 dem
689 5192 909 5248 sinistra
965 5196 1337 5254 Romanorum
1398 5182 1652 5256 acies~in
1715 5201 1896 5272 fugam
1939 5202 2096 5256 incli-

517 5283 668 5336 navit
701 5301 715 5337 :
747 5285 939 5340 dextra
985 5305 1114 5343 vero
1167 5292 1445 5346 sinistram
1499 5294 1880 5362 Hnngarorum
1937 5294 2094 5346 inva-

515 5375 652 5430 dens
708 5378 932 5432 omnino
990 5380 1130 5435 hauc
1177 5381 1336 5436 fudit.
1386 5387 1456 5438 At
1506 5387 1797 5457 Dionysius
1845 5387 1934 5441 ubi
1983 5387 2096 5441 hinc

515 5466 775 5532 advertit,
797 5485 890 5525 eos
919 5472 1010 5540 qui
1038 5473 1406 5528 Andronicum
1439 5477 1631 5530 ducem
1664 5478 2096 5531 circumstabant

520 5557 723 5612 adoriri
754 5561 972 5615 statuit.
1007 5561 1113 5617 Sed
1146 5579 1211 5618 ex
1246 5573 1357 5620 suis
1382 5567 1690 5635 complures
1716 5569 1994 5622 conterriti
2029 5567 2095 5620 ad

524 5659 585 5698 se
618 5648 923 5715 equitatum
961 5653 1222 5708 continuo
1249 5667 1566 5710 evocarunt.
1614 5657 1746 5722 Quae
1780 5667 1831 5710 ut
1875 5657 2097 5710 rescivit

524 5737 838 5810 Dionysius,
891 5743 1238 5802 timiditatem
1292 5748 1426 5819 ipsis
1477 5750 1772 5820 exprobrat
1817 5749 2089 5820 simulque

2215 3183 2458 3252 ἐγίνοντο
2503 3186 2692 3258 τρόπῳ
2738 3203 2799 3239 τε
2843 3186 2922 3257 τῷ
2978 3187 3202 3258 συνήθει
3252 3183 3571 3238 ἐτάττοντο.
3622 3183 3790 3247 Ἐθος

2211 3277 2321 3348 γάρ
2366 3278 2554 3343 αὐτοῖς
2581 3280 2732 3334 ἐστιν
2778 3279 2868 3333 ἀεὶ
2915 3282 3040 3342 τοὺς
3086 3281 3145 3332 ἐν
3197 3279 3350 3348 σφίσι
3397 3277 3630 3346 λογάδας
3682 3278 3790 3344 τὴν

2209 3370 2554 3441 ἐμπροσθέαν
2593 3371 2839 3442 πληροῦν
2898 3371 3200 3440 φάλαγγα·
3244 3371 3272 3424 6
3320 3370 3490 3424 πάλαι
3531 3368 3792 3439 βασιλεὺς

2209 3461 2367 3525 εἰδὼς
2415 3462 2690 3517 ἀνάπαλιν
2731 3463 3061 3532 Ἀνδρονίκῳ
3106 3465 3205 3532 τὴν
3258 3460 3568 3533 παράταξιν
3616 3462 3793 3513 ποιεῖ-

2212 3553 2338 3606 σθαι
2374 3553 2688 3608 ἐκέλευσεν.
2742 3554 2962 3624 Ἐπειδὴ
2993 3552 3126 3616 γοῦν
3175 3554 3344 3622 ἐγγὺς
3389 3551 3636 3622 ἀλλήλων
3661 3550 3791 3618 ἐγέ-

2211 3663 2364 3700 νοντο
2398 3647 2467 3700 τὰ
2507 3647 2920 3719 στρατεύματα,
2971 3648 3228 3701 ἐκέλευεν
3287 3646 3626 3715 Ἀνδρόνικος
3672 3644 3792 3706 τοῖς

2208 3734 2566 3805 ἐμπροσθίοις
2595 3734 2702 3788 τῶν
2736 3735 3035 3802 ταγμάτων
3081 3734 3504 3799 ἐπιτοξάζεσθαι
3539 3731 3790 3793 Ούννοις.

2221 3821 2478 3875 Ἐπειδὰν
2508 3823 2564 3876 δὲ
2598 3820 2720 3875 κατ’
2751 3822 2934 3875 αὐτῶν
2961 3823 3309 3893 ὁρμηθέντας
3339 3823 3522 3885 ῐδοιεν,
3559 3821 3792 3890 φεύγειν

2207 3914 2415 3979 λοιπὸν,
2444 3914 2504 3968 ού
2537 3915 2721 3984 μέντοι
2754 3915 2879 3968 κατ’
2921 3915 3052 3968 εύθὺ
3112 3916 3207 3968 τοῦ
3275 3915 3568 3983 Ῥωμαίων
3620 3929 3794 3983 στρα·

2207 4006 2503 4075 τεύματος,
2549 4005 2689 4058 ἀλλὰ
2750 4005 2895 4059 κατὰ
2949 4005 3017 4059 τά
3071 4005 3282 4072 πλάγια
3329 4003 3554 4074 μᾶλλον,
3609 4001 3686 4064 ὡς
3718 4001 3791 4055 ἂν

2207 4096 2383 4160 οὕτως
2432 4097 2527 4150 ἐπὶ
2572 4096 2784 4165 θάτερα
2832 4095 3151 4166 σχισθέντες
3208 4094 3402 4148 Οὒννοι
3467 4092 3632 4164 κενὴν
3683 4094 3793 4161 τὴν

2209 4190 2384 4260 μέσην
2418 4191 2518 4260 τῆς
2547 4189 2830 4258 φάλαγγος
2851 4189 3171 4242 ἀπολίποιεν
3198 4187 3407 4258 χώραν.
3467 4185 3607 4239 Ἀλλ’
3641 4187 3794 4238 ἐκεῖ-

2205 4299 2286 4335 νοι
2316 4281 2434 4352 ἅμα
2465 4285 2531 4353 τῇ
2563 4283 2839 4352 προσϐολῇ
2859 4283 3007 4336 νῶτα
3029 4282 3216 4344 δόντες
3251 4282 3486 4349 ἔφευγον
3515 4279 3617 4333 ἀνά
3645 4278 3794 4349 κρά-

2204 4390 2296 4437 τος
2323 4373 2428 4438 ἐως
2458 4373 2552 4427 ἐπὶ
2575 4375 2712 4428 Σάον
2735 4371 2921 4445 ἦλθον.
2962 4373 3279 4444 ’Υπηνέχθη
3299 4374 3355 4426 δὲ
3387 4371 3677 4441 Ῥωμαίοις
3696 4370 3792 4421 τέ-

2203 4465 2323 4518 λεον
2349 4466 2450 4535 μὲν
2475 4464 2570 4519 δύο
2598 4466 2712 4520 τῶν
2741 4467 2799 4518 ἐν
2826 4467 3095 4538 ἀριστερᾷ
3123 4465 3444 4533 ταγμάτων,
3469 4457 3543 4516 ὧν
3570 4465 3792 4514 Κοκκο-

2205 4557 2486 4617 ϐασίλειος
2523 4559 2619 4612 καὶ
2653 4558 2915 4621 Τατίκιος
2935 4553 3133 4628 ἦρχον,
3161 4558 3228 4611 τὰ
3255 4555 3421 4609 λοιπά
3451 4553 3508 4606 δὲ
3537 4569 3791 4622 παρακε-

2205 4650 2422 4717 κίνηντο
2451 4650 2574 4720 ἥδη.
2608 4651 2722 4703 Καὶ
2746 4651 3061 4722 Δημήτριος
3090 4649 3190 4717 μὲν
3219 4650 3248 4700 6
3289 4647 3506 4718 Βρανᾶς
3536 4645 3645 4699 τῶν
3679 4645 3784 4698 σὺν

2203 4740 2350 4810 αὐτῷ
2409 4740 2832 4810 ἐσκεδασμένων
2878 4742 2976 4793 σὺν
3029 4739 3366 4809 ὀγδοήκοντα
3426 4733 3785 4802 ἀπολειφθεὶς

2199 4835 2312 4894 τοῖς
2344 4831 2626 4901 πολεμίοις
2660 4829 2966 4900 ξυνέμιξεν,
3019 4829 3276 4900 ἡρωῗκῶς
3330 4846 3387 4881 τε
3433 4825 3786 4894 ἀγωνισάμε-

2199 4941 2289 4986 νος
2319 4923 2485 4976 αύτοῦ
2516 4923 2680 4975 ἔπεσε
2724 4924 2950 4993 καιρίαν
2989 4921 3132 4974 κατὰ
3173 4919 3266 4972 τοῦ
3311 4917 3606 4988 προσώπου
3645 4915 3783 4984 πλη-

2200 5018 2340 5085 γεὶς,
2369 5016 2721 5085 αἰχμάλωτός
2747 5032 2807 5068 τε
2852 5013 3094 5084 γεγονὼς
3122 5015 3202 5075 εἰς
3254 5011 3315 5063 τὸ
3359 5008 3580 5063 Οὑννων
3671 5009 3788 5059 ὰπ-

2197 5111 2404 5180 ηνέχθη
2424 5109 2804 5179 στρατόπεδον.
2848 5107 2908 5159 Ὀ
2947 5106 3005 5160 δέ
3037 5122 3098 5171 γε
3135 5104 3363 5172 ἀδελφὸς
3399 5099 3564 5154 αὐτοῦ
3599 5098 3785 5167 Γεώρ-

2199 5217 2317 5268 γιος
2345 5200 2480 5270 πρὸς
2509 5201 2570 5253 τὸ
2598 5198 2942 5269 ὑπερϐάλλον
2974 5196 3068 5251 τοῦ
3120 5195 3362 5262 πλήθους
3399 5191 3783 5258 διευλαϐηθεὶς

2199 5293 2299 5345 οὐκ
2327 5291 2597 5364 ἐθάρρησε
2630 5293 2730 5362 τὴν
2760 5289 3108 5360 συμπλοκήν.
3157 5286 3240 5339 Τὰ
3275 5285 3376 5356 μὲν
3421 5284 3486 5354 δὴ
3518 5284 3783 5351 εὐώνυμα

2197 5385 2307 5438 τῶν
2385 5383 2634 5454 κεράτων
2703 5380 2847 5434 οὕτω
2907 5379 3206 5449 Ῥωμαίοις
3259 5379 3399 5447 πρὸς
3471 5376 3781 5446 ὑπαγωγὴν

2201 5473 2402 5538 ἔκλινε,
2435 5473 2505 5526 τὰ
2538 5472 2597 5525 δέ
2633 5471 2741 5525 τῶν
2765 5471 2958 5535 δεξιῶν
3005 5473 3118 5531 τοῖς
3169 5470 3228 5521 ἐν
3277 5468 3550 5538 ἀριστερᾷ
3595 5465 3783 5518 ἐπιθέ-

2204 5582 2339 5633 μενα
2373 5563 2596 5627 Οὖννοις
2625 5563 2923 5632 ἐτρέψαντο
2956 5559 3178 5621 τούτους
3206 5557 3546 5628 περιφανῶς.
3589 5555 3783 5608 Διονύ-

2202 5673 2315 5718 σιος
2349 5655 2441 5709 οὖν
2476 5654 2666 5726 ἐπειδὴ
2700 5652 2876 5706 ταῦτα
2900 5647 3008 5704 εἶδε
3038 5653 3151 5713 τοῖς
3182 5651 3312 5721 περὶ
3337 5651 3431 5702 τὶν
3466 5647 3782 5718 στρατηγὸν

2213 5749 2558 5821 Ἀνδρόνικον
2613 5746 2906 5803 ἐπιθέσθαι
2939 5743 3235 5820 διενοήθη.
3310 5740 3474 5796 Ἀλλὰ
3513 5739 3623 5794 τῶν
3678 5740 3781 5794 σὺν
