4014 6388
248 325 344 384 Ml
1461 316 1997 381 HISTORIARUM
2041 318 2189 378 LIB.
2231 319 2333 380 VI.
3396 320 3504 383 6i2

248 443 398 513 αὐτῷ
434 441 618 496 πολλοὶ
646 441 964 511 άποδειλιᾷν
1012 439 1283 509 ἣρξαντο,
1317 439 1441 492 ὅθεν
1479 411 1576 491 καὶ
1621 437 1830 491 άνεσεί-

1946 433 2241 489 obtestatur
2273 445 2330 490 ut
2356 435 2427 490 ibi
2461 437 2784 500 consistant,
2816 450 2882 492 ne
2928 451 3182 506 pavorem
3215 453 3372 494 suum
3400 441 3507 495 Rn-

252 535 422 606 ραζον
453 537 607 604 σφίσι
639 537 737 604 τὴν
765 534 956 588 ῖππον.
992 534 1157 596 Γνοὺς
1190 533 1245 586 δὲ
1273 534 1549 596 Διονύσιος
1581 529 1826 593 ὠνείδιζε

1949 524 2108 576 nanis
2160 523 2475 590 proderent.
2541 523 2887 578 AndrOnicns
2943 534 3120 580 autem
3173 525 3507 597 Lampardas

254 629 357 695 μὲν
384 625 483 696 τὴν
512 623 806 691 ἀνανδρίαν
831 624 1036 688 αὐτοῖς,
1079 625 1380 694 παρεκάλει
1408 623 1454 676 δ’
1482 624 1630 692 ὅμως
1660 621 1826 674 αὐτοῦ

1946 629 2050 682 pta:
2086 613 2420 682 parabantur
2462 615 2673 681 tidens,
2712 618 2919 671 veritus
2968 632 3037 671 ne
3089 617 3134 673 si
3171 618 3278 673 alio
3327 620 3505 674 abiret

251 716 530 777 ἵστασθαι,
562 715 637 777 ὡς
671 713 747 785 μὴ
799 717 1089 785 καταφανῆ
1139 715 1239 784 τὴν
1283 715 1488 768 δειλίαν
1531 712 1829 784 Ῥωμαίοις

250 809 584 878 ποιήσωσιν.
629 806 973 874 Ἀνδρόνικος
995 807 1052 859 δὲ
1083 809 1111 859 6
1157 806 1503 878 Δαμπαρδᾶς
1547 805 1617 859 τὰ
1648 821 1829 877 πρασ-

253 899 462 968 σόμενα
490 896 723 951 κατιδὼν
753 897 936 961 δείσας
965 915 1024 950 τε
1079 897 1155 968 μὴ
1197 899 1260 951 τὸ
1314 899 1412 951 σὺν
1436 897 1513 968 τῷ
1562 897 1829 967 Διονυσίῳ

253 990 478 1059 πλῆθος,
521 989 688 1043 αὐτοῦ
739 989 823 1058 ἐφ’
871 987 1032 1058 ἕτερα
1075 989 1446 1058 χωρήσαντος,
1501 987 1830 1058 Ἀνδρονίκῳ

252 1081 440 1134 λοιπὸν
467 1083 794 1152 ἐμπεσεῖται
825 1080 904 1151 τῷ
941 1080 1257 1152 στρατηγῷ,
1293 1080 1405 1132 δεῖν
1447 1081 1589 1149 ἔγνω
1639 1085 1828 1134 Διονυ-

258 1173 358 1243 σίῳ
390 1173 661 1243 πρότερον
692 1171 844 1242 αύτῷ
888 1171 1302 1244 συμπλακῆναι.
1345 1173 1726 1242 Ἐμπεσόντων
1772 1171 1830 1226 δὲ

259 1264 514 1333 ἀλλήλοις
546 1262 711 1335 Θροῦς
739 1263 949 1335 ἠγέρθη
1000 1264 1099 1318 καὶ
1142 1264 1387 1332 πάταγος
1425 1265 1612 1334 ὲπεῖχε
1652 1264 1832 1319 πάντα

257 1358 358 1408 καὶ
385 1356 454 1409 τὰ
494 1355 698 1427 δόρατα
733 1356 870 1426 πρὸς
904 1358 1028 1420 ταῖς
1069 1355 1296 1410 ἀσπίσιν
1349 1356 1834 1426 ἀποκαυλιζόμενα

260 1445 438 1515 χαμαὶ
471 1445 722 1500 ἔπιπτον.
767 1446 1029 1516 Ῥωμαῖοι
1056 1445 1113 1500 δὲ
1141 1445 1318 1499 καίτοι
1353 1447 1462 1500 τῶν
1489 1446 1592 1500 ὑπὸ
1619 1447 1834 1518 θατέρῳ

258 1533 446 1604 Βρανᾷ
477 1533 556 1604 τῷ
586 1533 848 1605 Γεωργίῳ
874 1534 1224 1603 ταττομένων
1256 1534 1619 1588 συνελθόντων
1652 1537 1834 1600 αὐτοῖς

258 1621 498 1691 ἔκαμνον
559 1623 730 1691 ὅμως.
790 1621 1132 1692 Ἀνδρόνικος
1201 1621 1382 1676 τοίνυν
1443 1625 1472 1676 ὁ
1525 1625 1836 1696 στρατηγὸς

1935 708 2174 778 Dionysii
2236 709 2406 777 copiae
2455 708 2828 763 Andronicum
2875 711 3064 764 ducem
3114 713 3504 780 opprimerent,

1938 799 2310 854 necessarium
2337 801 2489 854 duxit
2518 816 2640 855 cum
2670 802 2790 870 ipso
2812 802 3058 871 primum
3092 804 3346 875 Dionysio
3389 821 3508 858 ma-

1935 907 2037 945 nus
2060 907 2368 948 conserere.
2395 893 2636 962 Cumque
2667 894 2895 947 invicem
2919 906 3332 960 concurrerent,
3365 895 3501 951 sub-

1935 985 2073 1038 latus
2145 985 2403 1039 continuo
2483 995 2566 1038 est
2628 985 2833 1038 clamor
2884 985 3250 1054 tumultusque
3306 985 3508 1054 passim

1935 1075 2115 1129 factus
2147 1093 2159 1128 :
2194 1075 2555 1145 impartaeqne
2582 1076 2694 1144 jam
2745 1076 2795 1129 in
2829 1077 3048 1146 clypeos
3081 1076 3248 1132 hasta
3275 1077 3509 1131 frustra-

1939 1164 2032 1217 tim
2071 1164 2318 1220 discissae
2344 1166 2666 1220 decidebant
2697 1165 2748 1219 in
2784 1175 3008 1222 terram.
3038 1167 3268 1222 Romani
3301 1178 3506 1233 autem,

1937 1256 2040 1310 etsi
2072 1257 2164 1326 qui
2197 1255 2300 1312 sub
2326 1257 2500 1310 altero
2536 1257 2711 1310 Brana
2734 1256 2966 1328 Georgio
2996 1268 3154 1311 erant
3179 1259 3292 1328 jam
3323 1274 3514 1314 acceso

1938 1348 2161 1413 sissent,
2193 1349 2523 1404 fatiscebant
2558 1359 2764 1404 tamen.
2799 1350 2867 1405 Ut
2905 1352 2955 1406 id
2988 1352 3230 1421 percepit
3258 1352 3360 1405 dux
3395 1351 3512 1405 An-

1937 1439 2217 1505 dronicus,
2267 1455 2334 1496 ne
2389 1442 2457 1496 iis
2491 1443 2585 1510 qui
2640 1457 2760 1496 cum
2811 1443 3116 1514 Lamparda
3180 1443 3515 1501 dimicabant

1938 1532 2161 1587 Omnino
2194 1533 2330 1587 lnsis
2359 1549 2422 1588 ac
2449 1534 2704 1599 devictis,
2738 1543 2850 1588 tota
2881 1536 2932 1589 in
2974 1551 3034 1591 se
3063 1535 3187 1591 belli
3226 1537 3396 1591 moles
3429 1536 3516 1591 in-

1939 1626 2257 1692 cumberet,
2291 1641 2410 1680 cum
2462 1627 2708 1683 hostibus
2740 1643 2984 1697 pugnare
3019 1629 3258 1684 instituit
3301 1645 3317 1684 :
3346 1629 3516 1684 adeo-

258 1712 448 1782 ἐπειδὴ
478 1712 636 1765 τοῦτο
667 1713 934 1778 συνεῖδεν,
967 1713 1043 1775 ὡς
1075 1712 1152 1784 μὴ
1180 1713 1325 1768 κατὰ
1355 1714 1558 1784 κράτος
1593 1715 1686 1769 καὶ
1722 1717 1832 1768 τῶν

1946 1730 2048 1782 que
2083 1726 2240 1770 atrox
2287 1718 2598 1772 concitatur
2631 1718 2897 1788 praelium,
2950 1727 3004 1770 ut
3051 1719 3227 1786 primo
3259 1719 3511 1774 conﬂictu

263 1805 358 1857 σὺν
386 1805 462 1875 τῷ
493 1806 806 1876 Λαμπαρδᾷ
837 1807 1161 1876 ἡττημένων
1189 1807 1277 1860 ἐπ’
1305 1808 1456 1878 αὐτῷ
1505 1810 1538 1878 ἡ
1566 1807 1834 1876 ἁγώνισις

267 1899 525 1966 στήσεται
571 1902 742 1961 πᾶσα,
796 1900 1170 1970 συρρήγνυται
1210 1903 1322 1964 τοῖς
1367 1901 1687 1969 πολεμίοις,
1740 1901 1838 1954 καὶ

265 1991 474 2057 γίνεται
525 1991 770 2062 καρτερὰ
815 1992 1112 2065 προσϐολὴ,
1163 1992 1238 2057 ὡς
1282 1995 1434 2064 παρὰ
1481 1995 1580 2062 τὴν
1609 1994 1838 2065 πρώτην

273 2081 570 2150 Ῥωμαίων
619 2082 720 2152 μὲν
774 2083 1108 2154 ὀγδοήκοντα
1151 2087 1377 2152 πεσεῖν,
1420 2086 1724 2155 Βαρϐάρων
1772 2087 1831 2140 δὲ

267 2169 449 2239 πολλῷ
477 2170 684 2223 τούτων
720 2170 971 2234 πλείους.
1015 2171 1178 2225 Ἀλλά
1211 2173 1472 2243 Ῥωμαῖοι
1501 2173 1601 2226 σὺν
1644 2175 1839 2246 άφάτῳ

267 2261 377 2314 τινὶ
409 2261 678 2332 καρτερίᾳ
736 2261 827 2315 τὸν
885 2261 971 2334 [Ρ.
1028 2263 1151 2335 160]
1223 2265 1412 2332 ἀγῶνα
1476 2265 1840 2336 ὑφιστάμενοι

263 2355 417 2413 τέλος
443 2353 748 2422 ἐτρέψαντο
770 2351 996 2416 τούτους
1020 2352 1190 2423 ἀρετῇ
1219 2357 1284 2424 τῇ
1319 2354 1585 2426 σφετέρᾳ.
1635 2353 1842 2407 Τοσού-

267 2464 358 2508 τος
393 2444 575 2514 μέντοι
603 2444 907 2515 Βαρϐάρων
927 2444 1088 2512 φόνος
1110 2446 1348 2512 ἐγένετο,
1379 2445 1454 2508 ὡς
1483 2446 1579 2508 τὰς
1601 2446 1840 2501 ἐνταῦθα

271 2535 527 2597 πεδιάδας
577 2533 775 2604 μικροῦ
815 2534 1263 2605 περιστρωθῆναι
1302 2537 1416 2598 τοῖς
1469 2534 1840 2605 Θνησιμαίοις.

274 2626 394 2679 Τῶν
422 2628 531 2696 γὰρ
561 2625 807 2695 δοράτων
843 2625 998 2696 σφίσι
1027 2626 1377 2680 κλασθέντων
1408 2627 1500 2682 καὶ
1531 2627 1843 2699 θρυϐέντων

272 2717 372 2789 ἤδη
403 2718 511 2772 τῶν
554 2717 748 2786 ξιφῶν,
783 2721 900 2781 ταῖς
932 2718 1192 2789 κορύναις
1229 2720 1404 2790 ὴλόων
1434 2724 1547 2783 τοῖς
1582 2723 1844 2777 κακοδαί-

277 2825 404 2877 μοσι
427 2809 526 2872 τὰς
550 2809 813 2878 κεφαλάς.
840 2810 971 2863 Ὅτε
997 2810 1061 2880 δὴ
1078 2811 1138 2863 τό
1163 2827 1223 2863 τε
1251 2814 1480 2881 σημεῖον
1508 2813 1621 2880 (56)
1648 2814 1840 2884 ήρέοη,

271 2899 301 2952 ὃ
349 2899 621 2970 πάμμεγα
677 2903 790 2964 τοῖς
847 2901 1160 2972 Βαρϐάροις
1205 2902 1420 2966 τούτοις
1479 2904 1574 2957 ἐπὶ
1629 2906 1846 2976 ἀμάξης

273 2991 523 3060 ἐφέρετο,
559 2993 656 3046 καὶ
684 2995 712 3047 6
749 2993 1032 3046 Διονυσίου
1072 2995 1238 3056 ῖππος
1279 2996 1378 3049 σὺν
1421 2999 1488 3068 τῇ
1542 2997 1842 3067 πανοπλίᾳ,

1939 1805 2311 1860 Romanorum
2343 1807 2560 1876 quidem
2599 1807 2900 1876 octoginta,
2938 1808 3300 1862 Barbarornm
3334 1817 3515 1863 autem

1940 1897 2113 1951 multo
2147 1896 2331 1966 plures
2377 1898 2698 1953 ceciderint.
2753 1897 2860 1952 Sed
2897 1899 3040 1953 enim
3077 1897 3310 1952 Romani
3341 1898 3516 1953 incre-

1937 1987 2086 2043 dibili
2162 1988 2464 2042 constantia
2532 1989 2862 2043 sustinentes
2927 1998 3244 2054 certamen,
3297 1989 3516 2044 tandem

1941 2095 2036 2135 eos
2071 2081 2288 2150 propria
2318 2085 2522 2136 virtute
2554 2082 2604 2134 in
2634 2080 2812 2149 fugant
2850 2089 3154 2136 verterunt.
3180 2080 3353 2137 Tanta
3387 2095 3518 2136 vero

1941 2173 2307 2228 Barburornm
2342 2173 2549 2227 exstitit
2585 2175 2782 2239 caedes,
2817 2183 2876 2228 ut
2902 2183 3148 2228 contecta
3180 2188 3343 2243 pr0pe
3375 2172 3506 2228 oeci

1941 2281 2127 2320 soruin
2192 2264 2554 2319 cadaveribus
2613 2277 2929 2332 camporum
2999 2263 3254 2332 planities
3329 2263 3516 2318 fuerit.

1943 2353 2126 2409 Hastis
2156 2369 2392 2422 namque
2419 2355 2534 2409 suis
2573 2355 2625 2408 in
2657 2353 2829 2409 frusta
2867 2356 3184 2420 cunscissis,
3221 2355 3518 2424 fractisque

1943 2447 2109 2520 274
2141 2448 2353 2516 gladiis,
2399 2448 2726 2504 miserorum
2777 2449 2954 2516 capita
3001 2448 3172 2504 clavis
3217 2449 3518 2502 contunde-

1944 2541 2095 2595 bant.
2140 2540 2276 2594 Tum
2333 2540 2500 2593 etiam
2541 2549 2758 2606 captum
2810 2538 2864 2592 in
2917 2553 2984 2594 eo
3021 2539 3208 2607 praelia
3237 2539 3519 2604 vexillum,

1943 2631 2085 2700 quod
2134 2639 2356 2700 propter
2392 2630 2474 2684 sui
2510 2629 2937 2698 magnitudinem
2977 2645 3140 2684 curru
3184 2645 3212 2684 a
3264 2629 3520 2684 Barbarie

1944 2720 2266 2784 vehebatur,
2303 2730 2365 2776 ut
2391 2731 2445 2774 et
2477 2719 2715 2792 Dionysii
2751 2735 2928 2790 equus
2969 2735 3092 2774 cum
3147 2720 3294 2776 omni
3339 2735 3521 2774 arma-

1948 2821 2091 2878 tura,
2123 2828 2248 2866 cum
2283 2812 2398 2880 ipse
2435 2812 2545 2875 vix,
2579 2826 2642 2867 ac
2682 2818 2866 2866 nescio
2896 2826 3001 2880 qua
3035 2811 3266 2877 ratione,
3302 2812 3521 2880 pericu-

1945 2904 2057 2959 lnm
2089 2903 2391 2976 effugisset.
2419 2903 2699 2973 Quotquot
2732 2903 2896 2958 etiam
2935 2901 3296 2958 Barbarorum
3336 2901 3519 2970 fugam

1949 2997 2086 3052 inire
2115 3005 2426 3064 potuerunt,
2459 2997 2548 3050 ubi
2592 2995 2659 3048 ad
2691 2993 2890 3049 flumen
2925 3008 3242 3064 pervenere,
3286 3009 3317 3048 a
3347 2993 3524 3048 classe

279 3082 432 3150 μόλις
463 3083 672 3138 ἐκείνου
702 3085 797 3138 καὶ
831 3084 1018 3157 τρόπῳ
1043 3077 1198 3154 ᾧπερ
1231 3085 1396 3148 αὐτὸς
1431 3087 1578 3156 ἐρεῖν
1605 3087 1706 3142 οὐκ
1737 3088 1842 3158 ἔχω

1949 3091 2192 3144 Romana
2225 3088 2369 3157 capti
2407 3097 2558 3142 sunt.
2597 3087 2712 3141 Vivi
2749 3101 2880 3156 ergo
2916 3087 2967 3140 in
3013 3102 3205 3140 manus
3231 3094 3520 3151 venerunt,

276 3173 367 3226 τὸν
391 3173 636 3228 κίνδυνον
686 3176 1044 3244 πεφευγότος.
1099 3177 1256 3229 Ὅσοι
1308 3177 1493 3248 μέντοι
1543 3178 1846 3249 Βαρϐάρων

275 3265 559 3336 διαδρᾶναι
595 3265 732 3329 τέως
768 3267 1023 3336 ἴσχυσαν,
1056 3267 1207 3337 παρὰ
1250 3266 1344 3319 τὸν
1392 3269 1639 3337 ποταμὸν
1675 3271 1848 3334 ἰόντες

273 3357 566 3426 ἡλίσκοντο
600 3359 738 3428 πρὸς
772 3358 866 3412 τοῦ
908 3359 1196 3428 Ῥωμαίων
1239 3359 1520 3414 ναυτικοῦ.
1568 3361 1848 3416 Ἐάλωσαν

275 3448 457 3502 τοίνυν
494 3449 731 3522 ζωγρίαι
765 3450 1093 3521 στρατηγῶν
1141 3451 1264 3520 μὲν,
1299 3450 1394 3514 οὓς
1439 3453 1596 3505 αὐτοὶ
1643 3453 1848 3516 ζουπά-

275 3554 400 3600 νους
450 3540 701 3617 καλοῦσι,
755 3542 954 3607 πέντε,
1015 3543 1372 3613 στρατιωτῶν
1412 3544 1468 3598 δὲ
1527 3546 1669 3616 ἀμφὶ
1719 3548 1848 3608 τοὺς

277 3631 656 3696 ὀκτακοσίους.
710 3633 904 3686 Πολλοὶ
941 3633 998 3686 δὲ
1047 3631 1189 3705 ἦσαν
1226 3636 1320 3689 καὶ
1345 3638 1403 3690 ὲν
1433 3638 1618 3700 αὐτοῖς
1645 3637 1754 3690 τῶν
1787 3634 1845 3693 εὖ

280 3737 340 3774 τε
369 3724 675 3791 γεγονότων
706 3727 800 3778 καὶ
825 3726 1004 3790 άλλως
1045 3726 1344 3794 διαφανῶν.
1384 3730 1624 3783 Ἐπεσον
1666 3731 1723 3785 δὲ
1753 3733 1849 3786 καὶ

280 3813 532 3868 πλεῖσται
565 3816 806 3885 χιλιάδες
836 3817 894 3869 ὲν
916 3817 1095 3885 τούτῳ
1121 3818 1200 3889 τῷ
1227 3820 1395 3890 πόνῳ.
1429 3820 1545 3874 Ούκ
1576 3815 1645 3891 ἦν
1671 3821 1847 3884 οὐδεὶς

292 3904 604 3975 Ῥωμαίων,
661 3907 721 3971 ὃς
774 3909 836 3962 οὐ
875 3909 1091 3964 πολλῶν
1137 3911 1396 3982 αὐτόχειρ
1455 3911 1672 3980 ἐγένετο
1727 3912 1852 3983 ἀρι-

279 3998 494 4052 στειῶν.
547 3999 772 4052 Πάντων
815 4016 881 4066 γε
941 4001 1052 4071 μὴν
1100 4001 1336 4072 μάλιστα
1383 4003 1640 4073 Ἰωάννης
1704 3990 1765 4056 τε
1819 4005 1848 4058 6

280 4088 728 4158 Κοντοστέφανος
801 4092 896 4145 καὶ
973 4093 1316 4165 ’Δνδρόνικος
1372 4095 1402 4147 6
1479 4095 1846 4165 Λαμπαρδᾶς.

280 4177 467 4233 Ταῦτα
517 4183 903 4253 κατωρθωκὼς
931 4186 961 4238 6
998 4185 1286 4256 Ῥωμαίων
1323 4187 1587 4256 στρατὸς,
1622 4187 1850 4257 ἐπειδή-

281 4287 388 4344 περ
417 4274 559 4344 άωρὶ
585 4275 693 4332 τῶν
722 4277 936 4331 νυκτῶν
970 4275 1060 4348 ἦν,
1087 4279 1182 4332 ἐπὶ
1205 4278 1264 4332 τὸ
1287 4278 1659 4350 στρατόπεδον
1713 4279 1849 4335 ἀνε-

1947 3197 2012 3236 ex
2065 3179 2294 3236 ducibus
2347 3179 2591 3248 quidem,
2655 3193 2792 3248 quos
2852 3178 2954 3248 ipsi
3013 3193 3254 3247 znpanos
3302 3189 3519 3246 vocant,

1948 3273 2187 3342 quinque
2214 3290 2227 3326 :
2253 3272 2452 3324 milites
2488 3270 2812 3340 octingenti,
2840 3279 3002 3339 atque
3033 3271 3088 3323 in
3123 3271 3188 3324 iis
3220 3267 3525 3338 complures

1950 3363 2118 3418 nobili
2149 3363 2270 3417 loco
2302 3363 2440 3422 nati,
2481 3361 2683 3431 aliique
2728 3361 2968 3417 illustres
3002 3362 3103 3415 viri
3138 3378 3152 3414 :
3186 3361 3390 3429 aliquot
3428 3376 3526 3414 an-

1951 3468 2056 3511 tem
2094 3456 2262 3510 millia
2309 3456 2362 3510 in
2401 3457 2506 3512 hoc
2543 3457 2727 3526 praelio
2767 3455 3038 3510 cecidere.
3082 3453 3252 3508 Nemo
3280 3452 3381 3506 fuit
3413 3453 3524 3507 Ro-

1951 3564 2259 3615 manorum,
2313 3549 2404 3618 qui
2458 3565 2564 3604 non
2621 3547 2784 3604 fortia
2841 3559 3036 3616 suapte
3090 3562 3252 3600 manu
3292 3545 3526 3600 ediderit

1949 3639 2216 3706 facinora,
2247 3655 2356 3710 prae
2385 3640 2602 3695 caeteris
2642 3649 2820 3694 tamen
2859 3638 3098 3696 Joannes
3133 3637 3526 3707 Contostepha—

1951 3749 2050 3787 nus
2103 3741 2157 3788 et
2207 3734 2553 3789 Andronicus
2598 3731 2953 3803 Lampardas.
2999 3731 3096 3786 His
3133 3740 3354 3787 strenue
3386 3744 3525 3785 conn

1952 3823 2108 3880 lectis
2153 3827 2349 3891 rebus,
2404 3825 2660 3896 quoniam
2713 3825 2895 3880 adulta
2944 3837 3048 3878 nox
3085 3831 3222 3889 erat,
3257 3823 3308 3876 in
3343 3830 3526 3876 castra

1950 3919 2240 3986 concessit;
2265 3917 2544 3974 Romanus
2583 3919 2883 3984 exercitus,
2913 3917 3166 3972 adductis
3196 3929 3263 3970 eo
3293 3913 3525 3984 captivis

1955 4007 2250 4078 “nugaris,
2303 4011 2588 4072 allatisque
2625 4024 2810 4065 secum
2868 4009 3054 4064 loricis
3097 4009 3162 4062 ad
3197 4007 3302 4061 duo
3338 4004 3526 4059 millia.

1955 4101 2149 4156 Galeas
2186 4111 2366 4156 autem
2400 4113 2454 4155 et
2482 4103 2699 4173 clypeos
2741 4111 2797 4156 et
2828 4116 3008 4165 enses,
3043 4100 3183 4154 haud
3220 4097 3376 4152 facile
3403 4097 3527 4166 quis

1957 4203 2323 4249 numerasset.
2383 4193 2514 4248 Eam
2568 4193 2787 4260 quidem
2845 4202 3059 4247 noctem
3111 4199 3232 4261 post
3287 4189 3401 4242 haec
3453 4185 3527 4240 ibi

1960 4291 2296 4350 transegere.
2333 4283 2403 4339 At
2448 4283 2536 4339 ubi
2575 4283 2771 4350 illuxit,
2803 4297 2958 4338 arma
2992 4281 3188 4338 iterum
3227 4277 3424 4344 induti,
3470 4276 3525 4330 in

1606 4438 1708 4500 Du
1739 4435 1958 4514 Cangii
1993 4444 2183 4500 notua.

347 4609 460 4684 (36)
506 4598 785 4683 Σημεῖον.
813 4610 1134 4684 Carrocium
1158 4609 1540 4684 linpgaricum,
1576 4609 1720 4684 quod
1755 4611 1842 4684 de-

1955 4617 2153 4684 drappo
2176 4615 2262 4668 del
2290 4614 2465 4668 colore
2488 4612 2631 4667 della
2679 4600 3318 4684 bandiera;Manaavasi
3341 4621 3526 4684 questo

278 4678 534 4739 scribitur
558 4678 828 4739 a'Niceta.
860 4686 894 4736 Ι.
924 4697 976 4752 v,
1010 4699 1062 4734 ιι.
1105 4683 1139 4734 5
1164 4699 1176 4734 :
1231 4678 1338 4735 Ἦν
1355 4683 1411 4736 δὲ
1438 4684 1535 4737 καὶ
1563 4678 1609 4752 η
1633 4680 1845 4749 σημαία

279 4753 490 4823 ἐκείνου
538 4757 833 4823 μετέωρος,
860 4751 952 4805 ὲπί
998 4767 1170 4823 ⁸τινος
1205 4751 1846 4823 -ήνεμωμένηξπαχ-ἐως,

282 4823 376 4892 καὶ
415 4821 676 4892 ὑψιτενὴς
699 4819 959 4892 τετράσιν
989 4820 1093 4874 ὑπὸ
1113 4819 1346 4892 τρόχοιςή
1377 4819 1674 4890 ἑλκομένου
1703 4819 1843 4889 βοῶν

283 4891 1048 4959 ζεύγμασιν.⁷(ὶθι·ιέοςὶοι·ιιιη
1104 4891 1356 4954 formam,
1411 4905 1640 4960 quorum
1713 4904 1845 4960 usus

285 4961 540 5030 frequens
570 4961 667 5014 fuit
700 4965 752 5015 in
777 4961 950 5022 Italia,
984 4961 1224 5030 pluribus
1263 4959 1550 5030 descripsit
1604 4959 1844 5030 Angelus

285 5028 635 5085 Portenarius
661 5032 696 5085 l.
727 5047 781 5096 v,
811 5030 949 5083 della
987 5029 1213 5082 Felicita
1257 5029 1313 5081 di
1349 5029 1562 5091 Padua,
1589 5045 1640 5084 c.
1679 5028 1731 5093 6,
1763 5028 1842 5082 sic

288 5111 467 5155 autem
494 5101 621 5154 ille:
675 5099 779 5153 Era
809 5101 846 5152 il
871 5099 1108 5152 caroccio
1163 5116 1233 5151 un
1297 5115 1450 5152 carro
1501 5098 1702 5168 grande
1745 5114 1842 5152 con

287 5183 475 5239 quatro
527 5179 694 5234 ruote,
725 5186 880 5238 δορυ-α
910 5170 946 5222 il
982 5169 1138 5237 quale
1165 5169 1304 5221 nella
1350 5169 1718 5239 parledietro
1763 5183 1854 5222 era

286 5237 356 5292 un
400 5240 667 5293 tribunale
715 5237 920 5306 coperlu
979 5240 1032 5290 di
1081 5239 1334 5299 scarlato,
1372 5255 1402 5291 0
1451 5237 1622 5292 velato
1667 5252 1850 5302 rosso,

290 5309 480 5378 perché
511 5313 562 5362 al
609 5311 870 5372 caroccio,
909 5307 1063 5377 quasi
1094 5324 1125 5360 a
1162 5306 1458 5371 tribunale,
1509 5310 1557 5362 si
1612 5308 1854 5360 riiluceva

288 5377 327 5432 il
349 5381 590 5446 capilano
617 5383 832 5433 insieme
852 5394 946 5430 con
965 5378 1002 5429 li
1025 5377 1318 5447 consiglieri
1344 5380 1400 5431 di
1417 5392 1625 5447 guerra,
1643 5381 1854 5444 quando

289 5451 333 5500 si
359 5445 618 5504 havevano
648 5453 714 5502 da
738 5448 1035 5501 consultare
1062 5445 1108 5498 le
1134 5445 1252 5499 cose
1277 5449 1345 5498 ad
1371 5445 1486 5500 es'sa
1515 5462 1706 5515 guerra
1737 5461 1849 5512 per-

289 5520 493 5573 tinenti.
560 5517 663 5572 Nel
695 5533 868 5570 mezzo
899 5519 984 5570 del
1044 5519 1302 5578 caroccio,
1354 5533 1444 5568 era
1502 5519 1740 5584 pianlato
1775 5531 1847 5570 un

286 5591 395 5642 alio
425 5590 625 5652 albero,
668 5589 804 5640 nella
845 5588 1090 5641 sommilt‘t
1154 5584 1238 5639 del
1265 5587 1418 5654 quale
1463 5603 1555 5638 era
1612 5586 1666 5637 la
1717 5586 1848 5636 ban-

285 5659 453 5723 diera,
485 5677 513 5711 ο
535 5657 822 5710 slandardo
851 5658 988 5709 ile/la
1016 5657 1160 5715 una.
1191 5673 1217 5708 e
1244 5672 1331 5709 era
1359 5656 1516 5708 tiralo
1553 5657 1622 5708 da
1659 5664 1846 5723 quatro

287 5729 340 5780 al
371 5746 516 5783 meno
546 5730 667 5782 vain
724 5730 779 5780 di
841 5727 963 5780 ί)αοὶ
1019 5726 1304 5797 gagliardi,
1355 5728 1548 5793 coperti
1606 5727 1658 5778 dt
1710 5726 1846 5778 ricco

1949 4679 2104 4740 carro
2132 4686 2239 4738 alla
2275 4699 2594 4754 guerrarcon
2613 4683 2890 4754 lieseririto,
2923 4679 3133 4754 allaeni
3151 4679 3382 4754 rguardia
3409 4696 3532 4733 era-

1951 4771 2020 4808 no
2079 4749 2312 4817 depulali
2372 4753 2560 4806 millee
2591 4753 2926 4820 cinqnecento
2962 4749 3179 4815 soldali,
3232 4751 3400 4820 scelti,
3435 4767 3528 4801 ar-

1949 4827 2082 4879 mati
2113 4825 2168 4876 di
2193 4825 2358 4876 lorica
2413 4839 2440 4875 e
2471 4824 2526 4876 di
2565 4819 2833 4891 gambiere
2860 4820 2917 4872 di
2944 4820 3107 4887 ferro,
3142 4837 3239 4874 con
3273 4819 3530 4891 alabarde

1948 4897 2330 4962 egregiamenle
2389 4889 2645 4954 lavora'le,
2698 4899 2753 4944 et
2805 4891 3052 4962 alquante
3103 4891 3420 4962 compagnie
3466 4889 3525 4941 di

1945 4957 2157 5026 cavalli,
2185 4961 2239 5016 la
2271 4963 2397 5032 qual
2437 4962 2647 5032 militia
2684 4961 2818 5032 _mat’
2857 4959 2941 5032 del
2994 4957 3234 5014 carocct'o
3267 4957 3521 5032 si‘allon-

1941 5043 2153 5097 tanava,
2189 5028 2374 5102 paene
2402 5031 2443 5084 il
2487 5029 2725 5102 perderlo
2750 5045 2851 5102 era,
2879 5030 3117 5102 riputato
3171 5028 3525 5102 grandiag‘gna

1949 5095 2206 5172 vergogna
2255 5110 2302 5156 et
2345 5095 2989 5172 infantia.__Describit_ur
3035 5095 3522 5172 carrécinmAFlo-

1952 5165 2226 5226 rentiuum
2287 5187 2314 5223 a
2345 5165 2553 5225 Joanne
2610 5168 2876 5230 Villaueo,
2905 5168 2942 5221 Ι.
2977 5185 3050 5232 vt,
3081 5182 3130 5221 c.
3171 5169 3259 5232 77,
3289 5165 3521 5221 Othonis

1953 5241 2204 5314 imperat.
2240 5256 2268 5314 a
2307 5239 2581 5314 Willeltno
2637 5238 2856 5314 Britone
2886 5236 2922 5291 1.
2942 5254 3012 5314 _t_t,
3045 5235 3276 5314 Philipp.
3309 5234 3523 5314 [Baduu-

1953 5301 2080 5365 nnin
2110 5325 2138 5363 a
2163 5309 2468 5363 Rolantliuo
2498 5309 2534 5360 l.
2574 5323 2650 5370 ix.
2683 5324 2732 5364 ο.
2767 5306 2826 5360 Η
2867 5315 2922 5361 et
2941 5301 3284 5370 Portenario,
3318 5301 3524 5357 Medio.

1953 5380 2176 5434 lanense
2205 5383 2271 5434 ab
2301 5379 2554 5432 Alberico
2585 5395 2672 5434 an.
2701 5377 2858 5440 1215,
2889 5375 3179 5429 Parmense
3213 5376 3281 5429 ab
3330 5375 3520 5428 eodem

1951 5450 2201 5503 Alberico
2224 5464 2312 5501 an.
2369 5449 2524 5508 1229,
2555 5448 2864 5501 Veronense
2893 5447 2960 5499 ab
2987 5443 3316 5514 Hieronymo
3357 5441 3522 5514 d'alla

1955 5518 2110 5573 Corte
2145 5518 2182 5574 Ι.
2221 5535 2254 5573 v
2289 5527 2343 5571 et
2399 5533 2450 5571 vt
2493 5517 2694 5570 llistor.
2750 5515 2967 5579 Veron.,
3007 5517 3099 5568 sed
3153 5513 3218 5568 de
3274 5513 3520 5568 carrocio

1955 5589 2108 5658 plura
2162 5590 2252 5658 qui
2287 5589 2446 5650 volet,
2479 5587 2724 5658 consulat
2756 5585 2910 5638 velim
2947 5585 3299 5658 ifuurentium
3324 5581 3518 5658 Pigno-

1955 5654 2091 5710 i-ium
2131 5654 2194 5712 iu'
2219 5669 2328 5711 not.
2357 5659 2419 5711 ad
2455 5658 2653 5710 llislor.
2680 5657 2912 5726 August.
2943 5654 3168 5709 Musmti
3199 5664 3253 5710 et
3280 5654 3516 5720 scripto-

1955 5742 2040 5782 res
2070 5729 2136 5782 ab
2163 5729 2252 5783 illo
2293 5729 2558 5783 laudatos.
