4014 6400
452 344 567 408 613

1647 310 1653 316 ’
1747 331 2073 407 JOANNZS
2121 330 2448 391 CINNAMI

3615 330 3720 394 [44

462 456 701 511 hostium
736 468 913 512 castra
956 454 1036 507 ire
1071 458 1324 521 pergunt.
1363 449 1561 505 Verum
1596 462 1721 503 cum
1757 462 1819 502 ea
1874 444 2046 500 homi-

2151 441 2430 512 χώρησαν,
2460 439 2690 509 ἄγοντες
2717 439 2844 504 τούς
2870 451 2930 493 τε
2958 439 3065 494 τῶν
3101 438 3320 494 Οὖννων
3342 439 3720 509 αἰχμαλώτους

463 548 623 601 nibus
641 562 803 602 vacua
829 545 1189 604 invenissent,
1211 541 1439 610 direptis
1459 540 1549 603 iis,
1569 538 1770 594 reversi
1792 546 1941 591 sunt.
1961 534 2038 588 lta

462 632 679 700 quidem
724 630 924 687 bellum
974 633 1235 685 adversus
1260 627 1549 698 Huugaros
1581 626 1893 682 confectum
1929 632 2038 679 est.

2153 533 2247 586 καὶ
2271 532 2528 603 θώρακας
2549 533 2607 594 ἐς
2635 530 2953 601 δισχιλίους.
2990 532 3169 600 κράνη
3207 548 3270 598 γε
3304 530 3411 600 μὴν
3440 531 3535 583 καὶ
3560 532 3721 584 ἀσπί-

2148 623 2245 686 δας
2282 624 2379 676 καὶ
2431 622 2560 694 ξίφη
2612 623 2721 676 οὐδ’
2766 622 2831 677 ἂν
2874 625 3134 694 ἀριθμεῖν
3184 622 3428 694 ἠδυνήθη
3475 640 3580 685 τις.
3610 622 3721 693 Τὴν

466 724 566 792 μὲν
615 719 710 777 οὖν
764 722 933 776 νύκτα
984 722 1205 792 ἐκείνην
1249 721 1342 774 ἐπὶ
1392 719 1659 783 τοιούτοις
1726 718 2041 788 ηὐλίσαντο,
2082 716 2438 786 αὖγαζούσης
2493 716 2552 769 δὲ
2587 717 2691 787 ἥδη
2753 717 2853 784 τῆς
2890 717 3103 787 ἡμέρας
3142 718 3254 780 τοῖς
3291 717 3481 780 ὅπλοις
3513 719 3720 771 ἐνδεδυ.

470 816 632 879 κότες
683 816 764 877 είς
839 814 901 867 τὸ
972 814 1082 868 τῶν
1147 813 1367 867 Οΰννων
1435 813 1697 883 ἀφίκοντο
1755 814 2087 884 χαράκωμα.
2144 811 2300 863 Ἐπεὶ
2338 810 2393 862 δὲ
2438 809 2652 879 ἀνδρῶν
2699 811 2911 881 ἔρημον
2957 804 3117 880 εὖρον
3158 811 3312 878 αὐτὸ,
3365 811 3753 885 σκυλαγωγής·

465 925 662 970 σαντες
694 907 1053 976 ἀνέστρεφον.
1090 906 1148 963 Ὀ
1182 907 1281 977 μὲν
1303 906 1366 975 δὴ
1393 904 1537 959 κατά
1556 904 1774 958 Οὓννων
1807 903 2048 971 πόλεμος
2089 901 2327 954 ἐνταῦθα
2354 901 2508 961 τέλος
2541 901 2720 971 ἔσχεν.

536 1001 590 1055 8.
630 1001 896 1055 Caeterum
946 1001 1243 1069 imperator
1277 1014 1557 1052 murorum
1595 997 2050 1066 Constantinopo-

460 1091 578 1147 ieos
631 1092 797 1148 variis
846 1092 901 1145 in
951 1092 1085 1146 locis
1131 1102 1405 1146 vetustate
1452 1090 1809 1159 collapsorum
1861 1103 2048 1144 curam

466 1185 678 1248 habuit,
704 1194 755 1236 et
790 1199 1055 1251 aquarum
1097 1184 1277 1253 in0pia
1311 1184 1593 1237 laborante
1627 1181 1843 1236 civitate
1869 1194 2050 1250 aquae-

466 1278 659 1331 ductus
691 1275 854 1345 275
900 1290 1091 1329 omnes
1131 1275 1546 1345 diligentissime
1588 1274 1857 1345 purgavit.
1886 1272 2051 1328 Cum-

464 1382 571 1436 que
603 1367 816 1422 videret
848 1367 1254 1422 vetustissimos
1289 1366 1554 1432 fornices,
1601 1381 1697 1435 per
1741 1380 1878 1434 quos
1918 1365 2047 1419 olim

467 1475 603 1530 aqua
638 1459 962 1531 Byzantium
1004 1459 1500 1524 transmittebatur,
1532 1457 1808 1512 dill‘racms
1850 1458 2051 1512 instau-

463 1566 588 1607 rare
626 1551 842 1607 difﬁcile
876 1565 996 1606 esse
1028 1552 1251 1607 omnino
1290 1550 1626 1620 multumque
1664 1551 1730 1605 ad
1772 1565 1889 1604 eam
1931 1564 2047 1603 rem

467 1652 681 1713 tempus
714 1642 1087 1698 necessarium
1115 1641 1256 1707 fore,
1291 1640 1410 1696 loco
1436 1640 1580 1695 haud
1607 1640 1794 1708 procul
1836 1638 2048 1708 Byzan-

467 1736 564 1799 tio,
605 1750 766 1804 quem
817 1733 1033 1790 Petram
1089 1743 1329 1800 vocant,
1377 1733 1590 1788 delecto
1632 1733 2045 1788 subterraneum

2230 994 2304 1066 η’.
2349 997 2409 1049 ὐ
2437 996 2492 1048 δὲ
2520 996 2779 1068 βασιλεὺς
2805 996 2914 1050 τῶν
2938 1013 2998 1049 τε
3033 996 3259 1067 τειχέων
3294 996 3393 1067 τῆς
3430 997 3724 1053 Κωνσταν-

2151 1088 2302 1141 τίνου
2338 1088 2722 1160 ὲπιμεμέλητο
2753 1087 2947 1159 μέρεσι
2974 1087 3189 1151 πολλοῖς
3226 1088 3332 1141 ὑπὸ
3380 1089 3577 1157 χρόνου
3626 1106 3726 1143 κα-

2157 1175 2418 1251 μνόντων,
2451 1181 2550 1234 καὶ
2577 1181 2788 1235 ὑδάτων
2811 1180 3021 1244 ἐνδείας
3047 1180 3389 1251 κατεχούσης
3413 1181 3583 1246 αὐτὴν
3636 1183 3729 1237 ἀν⁴

2156 1273 2398 1344 εκάθηρέ
2436 1290 2496 1326 τε
2527 1274 2626 1328 σὺν
2647 1272 2936 1343 ἐπιμελείᾳ
2972 1274 3099 1336 τοὺς
3135 1273 3357 1343 ὀχετοὺς
3404 1275 3499 1327 καὶ
3537 1274 3726 1343 ἐπειδὴ

2153 1368 2254 1431 τὰς
2287 1367 2629 1430 παλαιτάτας
2661 1367 2840 1430 στοὰς,
2902 1365 2960 1419 αἳ
3006 1366 3067 1419 τὸ
3094 1364 3241 1436 ὕδωρ
3291 1367 3384 1419 ἐπὶ
3428 1365 3729 1430 Βυζάντιον

2153 1451 2314 1527 ἦγον,
2366 1456 2535 1510 πάλαι
2593 1455 2949 1518 πεπτωκυίας
2994 1456 3302 1527 ἀνεγείρειν
3349 1455 3620 1526 δύσεργόν
3666 1472 3726 1508 τε

2154 1549 2252 1601 κύ.
2282 1549 2479 1618 χρόνου
2506 1547 2703 1600 πολλοῦ
2733 1547 2988 1616 δεόμενον
3020 1547 3184 1615 ἔγνω,
3227 1547 3572 1617 σκεψάμενος
3601 1546 3728 1616 περι

2153 1657 2274 1692 τινα
2302 1638 2480 1709 χῶρον
2522 1639 2585 1691 οὐ
2625 1638 2809 1711 πολλῷ
2858 1638 3157 1703 Βυζαντίου
3209 1638 3479 1709 διέχοντα,
3517 1638 3579 1701 ὃς
3620 1638 3729 1691 Ila"

2151 1747 2257 1801 τρα
2291 1729 2405 1803 (57)
2439 1731 2893 1797 κατωνόμασται,
2946 1728 3250 1799 δεξαμενήν
3296 1747 3419 1785 τινα
3452 1730 3730 1799 ὑπόνομον

460 1828 730 1895 quoddam
790 1826 1193 1894 receptaculum
1242 1826 1533 1890 exstruxit,
1583 1826 1724 1894 quod
1777 1824 1829 1878 in
1873 1824 2046 1878 media

2156 1823 2484 1893 ὲδομήσατο,
2539 1822 2686 1895 ἥπερ
2734 1821 2944 1892 βουνῶν
3004 1823 3285 1893 ἑκατέρων
3340 1824 3398 1875 ὲν
3449 1822 3727 1892 κοιλότητι

456 1917 707 1986 quadam
745 1919 980 1973 cavitate
1007 1917 1237 1973 collibus
1261 1919 1533 1986 utrimque
1563 1918 1742 1972 cincta
1768 1917 2051 1987 oblongius

459 2008 611 2078 jacet
656 2018 712 2064 et
753 2008 938 2064 multis
986 2009 1039 2064 in
1096 2024 1217 2063 sese
1246 2023 1445 2079 aquam
1474 2009 1633 2064 ostiis
1686 2010 1896 2077 recipit,
1932 2025 2051 2079 qua:

468 2099 612 2154 velut
658 2115 690 2155 e
723 2100 962 2155 millenis
1005 2100 1289 2156 canalibus
1329 2115 1428 2171 per
1459 2101 1723 2170 quasdam
1775 2102 1942 2155 rimas
1988 2116 2051 2155 ac

464 2190 693 2248 lissuras
717 2192 770 2246 in
797 2192 925 2247 illud
955 2191 1166 2259 deﬂuit;
1191 2202 1244 2246 et
1269 2192 1617 2260 postmodum
1641 2205 1739 2260 per
1758 2202 2051 2246 consuetos

464 2282 690 2336 canales
734 2282 787 2336 in
823 2281 1097 2337 civitatem
1139 2280 1403 2336 defertur.
1438 2282 1582 2336 Idem
1618 2283 1705 2337 hic
1748 2282 2043 2353 imperator

464 2373 917 2428 absurdissimum
951 2386 1183 2438 morem,
1212 2381 1268 2427 et
1305 2372 1395 2441 qui
1431 2372 1542 2441 jam
1576 2386 1744 2441 prope
1783 2371 1841 2426 in
1871 2373 2041 2441 legem

468 2463 784 2532 deﬂexerat,
829 2480 862 2520 a
897 2463 1268 2519 Romanorum
1310 2464 1588 2534 republica
1621 2464 1862 2519 sustulit.
1896 2465 2053 2535 Ejus-

467 2556 615 2611 modi
660 2565 841 2611 autem
875 2556 964 2611 ille
1000 2555 1122 2610 fuit.
1157 2554 1348 2612 Victus
1387 2555 1664 2626 quaerendi
1701 2558 1834 2611 dura
1869 2572 2056 2612 neces-

467 2647 621 2711 sitas,
652 2654 762 2699 tum
795 2645 923 2710 alia,
956 2660 1077 2716 quae
1106 2649 1173 2701 ad
1202 2645 1369 2700 vitam
1396 2646 1689 2715 pertinent,
1722 2646 2052 2714 immutavit,

468 2747 583 2792 tum
613 2738 778 2792 etiam
811 2737 989 2808 pretio
1017 2736 1318 2792 libertatem
1352 2738 1589 2792 vendere
1617 2737 1815 2793 multos
1852 2737 2049 2808 adegit.

467 2828 675 2898 Operas
709 2830 891 2899 itaque
926 2843 1057 2884 suas
1085 2828 1270 2884 locant
1304 2827 1370 2882 iis
1400 2826 1492 2897 qui
1529 2827 1583 2882 in
1617 2828 1888 2898 supremis
1917 2844 2053 2883 con-

461 2921 642 2976 stituti
692 2929 821 2976 sunt
868 2920 1169 2975 honoribus
1213 2919 1376 2976 etiam
1432 2919 1630 2974 illustri
1661 2919 1782 2974 loco
1817 2920 1951 2985 nati,
2006 2920 2052 2975 si

466 3014 584 3069 fors
627 3013 702 3068 ita
738 3013 900 3079 ferat,
926 3011 1064 3068 viles
1100 3012 1344 3082 profecto
1381 3012 1631 3068 homines
1666 3024 1720 3067 et
1745 3014 2048 3083 proletarii.

468 3106 745 3173 Quantum
785 3104 954 3172 igitur
976 3104 1178 3159 malum
1213 3105 1451 3159 humana
1484 3106 1711 3161 avaritia
1740 3107 1849 3161 estl
1888 3107 2052 3163 mise-

466 3197 544 3250 ris
566 3195 768 3252 etenim
799 3194 941 3259 istis,
967 3193 1058 3265 qui
1088 3194 1407 3250 servitutem
1435 3194 1537 3250 sibi
1564 3207 2040 3263 comparaverant,

463 3293 851 3355 cmerantque,
897 3295 1157 3354 tanquam
1203 3286 1377 3355 pretio
1429 3286 1627 3356 emptis
1667 3294 1721 3340 et
1759 3288 2046 3357 mancipiis

464 3379 757 3432 utebantur
789 3394 806 3432 :
839 3386 1064 3447 eratque
1105 3377 1391 3433 triobolum
1433 3376 1573 3431 forte
1621 3386 1882 3433 statutum
1911 3378 2047 3434 libe-

466 3482 650 3523 rorum
691 3467 972 3522 hominum
1014 3468 1269 3538 pretium,
1311 3476 1637 3537 pactumque
1672 3467 1816 3523 istud
1853 3468 2045 3523 nefan-

462 3557 616 3612 dum.
652 3559 731 3611 Ad
769 3559 1019 3613 ultimum
1048 3560 1095 3614 si
1125 3560 1217 3630 qui
1244 3575 1408 3615 ouere
1454 3559 1731 3614 servitutis
1776 3561 1947 3630 pressi
1979 3577 2046 3617 co

466 3661 531 3706 se
562 3648 805 3703 eximere
840 3648 1061 3711 vellent,
1098 3660 1353 3719 tanquam
1397 3649 1656 3720 fugitivos
1696 3653 2052 3722 comprehen-

463 3740 658 3793 dentes
705 3740 871 3814 276
899 3755 1086 3796 eorum
1127 3741 1410 3795 audaciam
1459 3743 1636 3811 pomis
1669 3746 1998 3800 coercebant
2031 3764 2047 3803 :

464 3840 735 3900 erantque
765 3831 1063 3886 secundum
1115 3830 1429 3900 Esopicam
1467 3831 1730 3899 fabulam,
1765 3835 1818 3889 in
1846 3851 1951 3905 qua
1980 3837 2047 3893 ad

463 3921 679 3975 leonem
712 3921 766 3975 iu
801 3922 1058 3989 spelunca
1085 3932 1437 3994 aegrotantem
1468 3927 1736 3982 accedunt
1768 3928 2045 3995 animalia,

466 4010 829 4082 ingenuorum
870 4011 1148 4067 hominum
1182 4014 1601 4083 ingredientium
1631 4018 1851 4087 vestigia
1880 4019 2047 4074 multa

463 4103 781 4169 admodum,
829 4105 1145 4159 exeuntium
1199 4119 1327 4161 vero
1362 4090 1592 4164 nullum.
1645 4107 1797 4163 Hanc
1826 4124 2047 4180 pravam

462 4196 909 4251 consuetudinem
965 4195 1133 4267 igitur
1188 4198 1447 4255 radicitus
1502 4215 1534 4255 a
1598 4202 1774 4257 media
1828 4201 2049 4258 civitate

2154 1912 2298 1969 κατὰ
2362 1914 2530 1982 μέσον
2589 1913 2853 1985 ἱδρυμένη
2907 1915 3192 1986 ἐπιμήκης
3237 1914 3472 1984 στόμασι
3510 1914 3730 1977 πολλοῖς

2152 2004 2239 2071 ἐφ’
2275 2004 2476 2071 ἑαυτὴν
2506 2003 2603 2057 καὶ
2657 2004 2801 2074 ὕδωρ
2839 2006 3217 2075 ὲπιχάσκουσα
3272 2005 3487 2073 δέχεται
3538 2005 3619 2067 ὡς
3664 2005 3728 2062 ἐκ

2157 2092 2370 2161 μυρίων
2409 2090 2615 2161 ὀχετῶν
2659 2091 2750 2147 διὰ
2795 2093 2904 2146 τῶν
2950 2076 3200 2163 σχῖσμῶν
3244 2092 3382 2165 [καὶ]
3432 2095 3730 2163 σηράγγων

2152 2186 2241 2241 ἐπ’
2274 2188 2446 2256 αὐτὴν
2478 2187 2829 2248 καταϐαῖνον,
2860 2187 2893 2256 ή
2932 2186 2989 2240 δὲ
3014 2186 3103 2238 διὰ
3131 2184 3241 2237 τῶν
3282 2183 3343 2249 ἐξ
3372 2184 3528 2247 ἔθους
3572 2180 3731 2246 αὖθις

2155 2276 2448 2347 ὑπονόμων
2483 2278 2575 2330 ἐπὶ
2623 2279 2723 2347 τὴν
2767 2275 2922 2328 πόλιν
2974 2274 3137 2329 τοῦτο
3184 2275 3464 2345 προΐησιν.
3498 2268 3674 2336 Οὗτος
3701 2274 3731 2326 ὁ

2153 2369 2514 2439 αὐτοκράτωρ
2544 2367 2656 2438 ('58)
2686 2367 2784 2421 ml.
2806 2366 2929 2430 ἔθος
2953 2383 3007 2419 τι
3032 2366 3145 2419 τῶν
3199 2366 3575 2420 ἀτοπωτάτων
3635 2382 3729 2435 μι-

2154 2463 2292 2532 κροῦ
2321 2460 2417 2514 καὶ
2436 2463 2517 2524 εἰς
2547 2461 2717 2531 νόμον
2743 2461 2960 2514 τελέσαι
2983 2459 3185 2529 δεῆσαν
3212 2461 3278 2513 ὲκ
3307 2447 3476 2529 μέσου
3500 2459 3511 2528 ι
3528 2455 3732 2529 μέσης]

2153 2551 2257 2617 τῆς
2309 2548 2602 2619 Ῥωμαίων
2662 2549 2962 2619 ἐποιήσατο
3013 2547 3322 2611 πολιτείας.
3388 2547 3614 2600 ὐποῖυν
3677 2545 3733 2601 δὲ

2152 2642 2313 2695 τοῦτο
2365 2636 2435 2711 ἦν
2476 2641 2575 2712 ήδη
2639 2640 2912 2710 λέγωμεν.
2958 2641 3025 2697 Ἦ
3071 2640 3166 2695 τοῦ
3204 2640 3307 2713 ζῇν
3348 2641 3734 2710 ἀπαραίτητος

2152 2732 2266 2792 τοῖς
2301 2728 2638 2797 ἀνθρώποις
2675 2729 2887 2799 ἀνάγκη
2936 2728 3109 2782 πολλά
3158 2745 3220 2783 τε
3279 2729 3421 2783 κατά
3465 2729 3561 2782 τὸν
3618 2729 3733 2799 βίον

2157 2818 2592 2890 ἑκαινοτόμησεν
2622 2820 2761 2874 ἀλλα
2790 2818 2885 2873 καὶ
2919 2818 2983 2892 δὴ
3028 2819 3126 2873 καὶ
3151 2818 3351 2889 μισθοῦ
3381 2819 3483 2889 τὴν
3510 2820 3735 2873 ἐλευθε-

2160 2913 2286 2983 ρίαν
2368 2912 2667 2966 ἀποδόσθαι
2738 2911 2971 2978 πολλοὺς
3028 2912 3353 2981 ἀναγκάζει.
3423 2911 3734 2982 Θητεύουσι

2152 3005 2336 3059 τοίνυν
2360 3006 2476 3068 τοῖς
2503 3005 2563 3058 ὲν
2603 3005 2902 3077 ὑπεροχαῖς
2932 3021 2992 3058 τε
3026 3004 3124 3058 καὶ
3161 3003 3247 3076 [Ρ.
3286 3002 3414 3077 161]
3446 3004 3733 3074 ἀξιώμασι

2153 3099 2250 3152 καὶ
2279 3097 2388 3152 τῶν
2414 3097 2474 3155 εὖ
2492 3099 2817 3167 γεγονότων,
2833 3097 2900 3152 ἀν
2920 3096 3065 3151 οὕτω
3082 3100 3244 3170 τύχῃ,
3281 3098 3357 3169 μὴ
3377 3099 3459 3152 ὅτι
3478 3099 3733 3166 ἀγελαῖοι

2153 3208 2301 3255 τινες
2353 3192 2451 3245 καὶ
2502 3191 2735 3261 ὀχλικοί.
2802 3189 3019 3245 Ὀποῖον
3071 3194 3253 3245 τοίνυν
3315 3194 3347 3264 ή
3405 3192 3731 3267 ἀνθρωπίνη

2153 3285 2328 3339 κακὸν
2385 3284 2708 3352 πλεονεξία;
2763 3285 3295 3356 Παραλαμσάνοντες
3335 3286 3464 3348 τοὺς
3510 3284 3734 3347 ἀθλίους

2151 3378 2202 3430 oi
2240 3377 2339 3447 τὴν
2371 3377 2524 3445 σφῶν
2566 3365 2874 3446 ἐωνημένοι
2917 3377 3165 3431 δουλείαν
3201 3377 3302 3432 ὅσα
3351 3379 3446 3431 καὶ
3472 3380 3733 3447 ἀργυρω-

2152 3468 2338 3539 νήτοις
2369 3468 2557 3531 αὐτοῖς
2604 3469 3032 3538 προσεφέροντο,
3078 3469 3173 3523 καὶ
3221 3465 3290 3541 ἦν
3325 3469 3386 3523 τὸ
3428 3468 3734 3540 τριώϐολον

2154 3563 2285 3626 ἴσως
2337 3562 2819 3632 καταϐαλλόμενον
2858 3562 3117 3633 μίσθωμα
3163 3562 3466 3633 ἐλευθέρων
3490 3560 3732 3630 -ἀνθρώ-

2154 3674 2273 3711 πων
2301 3656 2412 3727 ὠνὴ
2444 3656 2539 3709 καὶ
2580 3655 2913 3726 συμϐόλαιον
2946 3654 3090 3709 οὕτω
3135 3656 3458 3726 κακωυχές.
3507 3655 3731 3725 Ἀμέλει

2153 3747 2251 3802 καὶ
2283 3748 2336 3800 εί
2363 3763 2492 3800 ποτε
2526 3750 2593 3818 τῇ
2641 3749 2707 3800 ὲκ
2753 3747 2855 3817 τῆς
2908 3746 3132 3817 θητείας
3165 3746 3459 3817 ἀχθόμενοι
3491 3747 3730 3819 ἐργασίᾳ

2153 3837 2497 3891 ἀπωθεῖσθαι
2529 3836 2846 3906 βουληθεῖεν
2881 3836 3075 3906 αὐτὴν,
3125 3837 3174 3887 oi
3208 3836 3265 3888 δὲ
3300 3834 3554 3903 καθάπερ
3593 3834 3728 3904 δρα-

2151 3931 2322 3990 πέτας
2360 3928 2471 3999 (59)
2504 3928 2802 3998 συσχόντες
2848 3927 3051 3991 αὐτοὺς
3086 3929 3182 3981 καὶ
3232 3928 3388 3991 δίκας
3434 3927 3729 3980 ὲπετίθουν

2146 4020 2245 4089 τῆς
2265 4020 2494 4090 τόλμης.
2522 4020 2633 4073 Καὶ
2662 4013 2731 4088 ἦν
2757 4018 2878 4072 τότε
2918 4018 3062 4073 κατά
3077 4020 3138 4072 τὸ
3154 4018 3410 4073 Αἰσώπου
3434 4016 3723 4089 μυθάριον,

2144 4116 2203 4167 ὲν
2232 4105 2276 4181 ᾧ
2307 4115 2445 4167 λέων
2476 4114 2571 4167 ἐπὶ
2622 4114 2716 4167 τοῦ
2770 4114 3042 4183 σπηλαίου
3083 4116 3234 4171 νοσεῖ
3288 4114 3385 4168 καὶ
3418 4113 3535 4177 ζῶα
3592 4111 3725 4183 παρ’

2149 4208 2314 4260 αὐτὸν
2345 4208 2599 4273 εἴσεισιν,
2639 4206 2943 4277 ἐλευθέρων
2978 4207 3079 4278 μὲν
3107 4209 3385 4263 εἰσιόντων
3414 4207 3723 4278 ἀνθρώπων

1809 4348 1908 4408 Du
1939 4345 2162 4425 Cangii
2198 4353 2386 4406 notae.

547 4484 659 4559 (37)
692 4487 1047 4559 '0¢_Hetpa.
1097 4489 1341 4545 Meminit
1392 4493 1547 4547 istius
1588 4495 1836 4549 cisterna:
1878 4496 2037 4551 Cbri-
2068 4501 2115 4559 D

469 4557 793 4633 stagnanti
809 4557 1252 4633 Bondelmontius
1285 4564 1337 4633 in
1366 4563 1631 4633 Descript.
1672 4563 1923 4633 Cpoleos.

544 4623 656 4703 (58)
710 4620 899 4691 Οὗτος
1033 4629 1435 4703 αὐτοκράτωρ.
1470 4620 1777 4688 Hauseraut
1825 4635 2047 4692 indubie

466 4691 644 4746 Graeci
697 4708 923 4763 pravum
978 4696 1121 4752 hunc
1154 4691 1472 4755 inducenda:
1519 4703 1804 4757 servitutis
1836 4691 2042 4759 morem

468 4764 1015 4843 abHOccidentalibus
1067 4783 1170 4843 seu
1195 4767 1723 4843 Septentrionalibus
1744 4774 1923 4841 potius
1949 4789 2045 4842 po-

468 4832 645 4913 pulis,
673 4847 838 4913 penes
861 4850 996 4901 quos
1015 4840 1170 4913 ferri
1200 4832 1358 4913 erant
1388 4840 1488 4893 alii
1521 4832 1844 4904 naturafalii
1874 4832 2039 4911 facta,

466 4912 517 4981 et
549 4904 645 4981 alii
671 4905 952 4981 emptione,
970 4906 1063 4981 alii
1082 4909 1450 4981 redemptione,
1480 4913 1576 4963 alii
1595 4930 1693 4966 sua
1716 4914 1794 4965 vel
1823 4904 2040 4967 alterius

466 4974 715 5051 datisne,
737 4984 794 5025 ut
822 4982 906 5028 est
942 4976 994 5029 in
1030 4974 1265 5051 Legibus
1292 4974 1515 5051 Henrici
1561 4982 1581 5034 ι
1614 4984 1757 5051 regis
1812 4984 2037 5050 Allgliil’,

464 5056 520 5117 ς.
545 5041 635 5095 76.
656 5042 754 5117 _De
784 5048 1073 5117 postremis
1111 5041 1225 5117 agit
1278 5050 1595 5116 Cinnamus,
1615 5041 2035 5105 devliberisvsci;

464 5110 596 5190 iacet
656 5112 984 5190 hominibus,
1021 5110 1182 5190 Aqui:
1202 5117 1267 5171 ad
1313 5121 1545 5190 pretium
1582 5110 2037 5190 'participaudum

463 5189 563 5260 aut
599 5184 849 5260 angustia
899 5186 975 5238 rei
1013 5184 1554 5243 farniliaris‘alterius
1593 5184 1714 5244 sese
1762 5184 2040 5260 mancipa—

468 5250 1244 5328 bant_tluntiniu,‘operasque
1292 5273 1421 5312 suas
1479 5259 1754 5323 locabant,
1810 5261 1875 5314 de
1929 5250 2036 5328 qua

468 5323 958 5397 servitutisnspecie
980 5323 1189 5397 exstat?
1222 5327 1452 5381 formula
1507 5333 1647 5397 apud
1691 5323 2033 5395 Marculltnn,

467 5387 505 5442 Ι.
538 5403 597 5469 ιι,
638 5404 685 5442 c.
722 5389 800 5469 Ξξξ
816 5401 869 5444 et
892 5391 943 5469 i_u
976 5391 1264 5469 Formulis
1288 5387 1580 5463 veteribus,
1612 5415 1661 5454 c.
1703 5400 1790 5453 10.
1824 5387 2040 5453 Consul

469 5460 706 5512 tutioues
761 5460 1053 5516 Catalauiae
1089 5481 1218 5519 mss.
1252 5465 1393 5519 inter
1422 5460 1668 5523 dominus
1723 5482 1778 5525 et
1808 5474 2037 5525 vusallos

471 5546 521 5607 ς.
556 5527 626 5580 54
657 5543 722 5581 ex
755 5531 1078 5607 bibliOIheca
1108 5533 1360 5600 Tlmana,
1399 5533 1493 5590 fol.
1515 5537 1622 5592 62:
1662 5540 1805 5592 Licet
1831 5539 1895 5592 de
1911 5539 2036 5607 jure

472 5594 712 5677 Romano
748 5598 920 5677 homo;
954 5603 1086 5655 liber
1129 5594 1454 5677 nongipossit
1487 5624 1542 5660 se
1598 5616 1771 5677 [acere
1829 5594 2035 5663 ser'vum

474 5666 704 5743 alicujus
726 5683 817 5743 per
844 5671 1077 5737 aliquant
1106 5666 1390 5741 simplicem
1419 5666 1735 5743 pactionem,
1764 5696 1855 5734 nec
1872 5684 2034 5734 etiam

2164 4494 2417 4568 eseionern
2449 4498 2641 4568 aliquis
2702 4514 2853 4552 suam
2881 4514 3102 4567 gravare
3148 4500 3523 4561 conditionem,
3587 4497 3717 4568 quia

2188 4567 2226 4639 Ρ
2259 4566 2388 4639 486]
2414 4584 2512 4638 per
2538 4566 2853 4639 pactionem
2886 4566 3264 4625 interveniente
3313 4573 3506 4637 scripto
3551 4566 3718 4633 potest

2146 4638 2555 4706 aliquis’homo
2621 4638 2754 4690 liber
2807 4652 2862 4691 se
2924 4641 3246 4695 constituere
3301 4639 3714 4703 adscriplitium.

2144 4708 2606 4774 Quemadmodum
2645 4717 2821 4762 autem
2852 4722 3076 4775 accepto
3116 4711 3290 4776 pretio
3323 4710 3475 4763 liberi
3514 4706 3715 4760 fiebant

2142 4777 2308 4841 servi,
2343 4777 2419 4830 ita
2455 4779 2629 4845 pretio
2662 4779 2872 4831 reddito
2898 4791 2953 4831 et
2990 4781 3170 4833 soluto
3198 4793 3413 4833 rursum
3459 4778 3510 4831 in
3553 4777 3711 4830 liber-

2143 4854 2308 4899 tatem
2376 4849 2782 4911 aSserebantur,
2838 4855 2897 4900 ut
2953 4864 3015 4901 ex
3060 4848 3303 4901 Palladio
3352 4846 3623 4914 colligitur
3661 4848 3712 4898 in

2140 4915 2346 4970 Histor.
2398 4913 2682 4979 Lausiaca,
2730 4931 2797 4986 fc.
2844 4917 2936 4971 83.
2980 4916 3114 4971 Vide
3150 4917 3474 4986 Gregorium
3533 4914 3711 4968 Turu-

2140 4999 2385 5056 nensem,
2419 4989 2580 5056 l.»vu,
2607 5000 2654 5038 c.
2684 4985 2777 5048 45,
2801 4988 3067 5055 synodum
3103 4990 3290 5043 incerti
3325 4988 3425 5041 loci
3448 4995 3567 5056 post
3586 5001 3718 5039 con-

2140 5055 2322 5108 cilium
2357 5053 2764 5118 Parisiensem,
2821 5053 2942 5112 can.
2978 5058 3065 5122 14,
3095 5069 3148 5113 et
3172 5053 3464 5113 couciliuui
3496 5054 3717 5110 Vermev

2135 5125 2316 5179 riense
2354 5140 2445 5177 an.
2467 5124 2571 5177 752
2604 5139 2724 5179 can.
2755 5125 2809 5181 6.

2210 5194 2321 5265 (39)
2358 5193 2637 5261 Καθάπερ
2682 5194 3000 5264 δραπέτας.
3031 5197 3106 5251 Ea
3133 5208 3249 5253 erat
3277 5212 3559 5253 servorum
3582 5212 3720 5252 con-

2138 5263 2295 5327 ditio,
2330 5276 2388 5318 ut
2425 5268 2468 5319 si
2498 5281 2526 5316 a
2563 5268 2906 5320 dominorum
2930 5283 3048 5321 sese
3079 5268 3463 5323 subduxissent
3487 5269 3716 5331 aedibus,

2139 5336 2207 5407 ab
2248 5333 2312 5387 iis
2343 5351 2371 5387 a
2408 5335 2603 5402 quibus
2656 5338 3076 5407 recipiebantur,
3114 5344 3279 5406 repeti
3330 5348 3548 5407 possent
3583 5351 3716 5390 con-

2140 5404 2291 5457 tinuo
2332 5415 2590 5474 tanquam
2658 5404 2892 5474 fugitivi,
2950 5420 3006 5461 et
3062 5410 3116 5463 in
3159 5404 3475 5462 servitutem
3538 5408 3717 5460 denuo

2139 5477 2568 5531 retraherentur.
2632 5475 2785 5529 Unde
2827 5480 2878 5530 in
2915 5479 3403 5532 manumiSsionum
3447 5475 3715 5540 formulis,

2136 5545 2282 5597 velut
2306 5547 2632 5613 praecipuum
2657 5546 2925 5601 libertatis
2947 5559 3322 5612 argumentum
3359 5548 3408 5600 id
3443 5548 3710 5601 insertum

2137 5614 2387 5682 legimus,
2449 5613 2517 5687 Ut
2550 5616 2756 5687 ubique,
2796 5631 2980 5687 quam
3010 5617 3226 5670 voluerit
3264 5625 3469 5687 portent
3506 5625 3715 5687 pergat,

2138 5693 2386 5751 tanquam
2432 5685 2481 5739 si
2505 5685 2570 5739 ab
2597 5682 2840 5755 ingenuis
2890 5687 3196 5756 parentibus
3228 5682 3412 5750 fuisset
3445 5682 3612 5743 natus,
3638 5682 3720 5739 vel

470 5748 562 5798 per
576 5737 947 5802 confessionem
972 5742 1168 5809 [actam
1196 5737 1249 5797 in
1261 5749 1401 5813 jure,
1418 5737 1579 5815 potest
1606 5737 1780 5805 tamen
1802 5767 1891 5818 per
1914 5766 2039 5804 con-
2133 5737 2458 5823 procreatus.
