4014 6396
457 301 561 365 647
1736 289 2057 354 JOANNIS
2097 287 2421 348 CINNAMI
3608 291 3720 351 543

455 414 736 484 mysterio,
756 409 995 480 suscepit
1027 421 1151 463 eum
1183 404 1374 472 Mater,
1402 414 1568 474 utque
1595 404 1708 460 fieri
1737 403 1935 458 assolet
1966 403 2004 456 ir

2123 401 2178 460 ἐς
2219 399 2510 463 Βυζάντιον
2535 397 2622 470 [Ρ.
2652 397 2778 471 162]
2805 399 3029 467 ἀγαγὼν
3048 403 3162 464 τοῖς
3189 398 3313 470 τῇδε
3335 399 3553 462 λοιποῖς
3579 401 3722 454 ἀπέ-

452 482 629 572 lapide
657 505 758 558 isto
781 504 1033 572 supinum
1058 499 1304 570 deposuit
1338 521 1349 554 :
1376 498 1427 552 in
1452 498 1694 553 eumdem
1724 497 1834 564 ipsa
1859 495 2004 549 etian

2123 486 2296 538 δωκεν
2327 487 2520 551 ἁγίοις.
2571 488 2759 550 Ὅστις
2814 488 2871 540 δὲ
2911 491 2938 542 ὁ
2972 488 3118 550 λίθος
3151 482 3307 552 οὗτος
3341 491 3436 541 καὶ
3468 489 3600 542 ὅθεν
3636 491 3722 551 είς

453 595 834 664 procumbens,
886 602 944 646 ut
997 606 1124 646 vero
1174 590 1350 646 simile
1393 598 1495 656 est,
1543 605 1646 641 non
1685 585 2004 641 mediocritet

2135 576 2399 644 Ἐφεσίων
2435 578 2554 648 (dd)
2583 575 2717 649 ἦλθε
2756 579 2855 649 τὴν
2879 580 3004 648 γῆν,
3035 580 3063 631 ὁ
3093 580 3253 647 λόγος
3283 581 3410 648 ἑξῆς
3442 581 3718 648 διηγήσε-

454 686 707 754 ploravit.
754 683 958 739 Flentis
1009 691 1182 737 autem
1228 682 1497 750 lacrymas,
1537 695 1654 747 qum
1685 679 1737 730 in
1791 675 2004 745 lapidea

2121 683 2233 721 ται.
2265 667 2428 731 Τέλος
2459 669 2561 739 ἤδη
2593 670 2653 721 τὸ
2681 668 2825 722 κατὰ
2849 669 2940 721 τὸν
2978 670 3211 737 σταυρὸν
3241 667 3355 741 εἶχε
3381 670 3459 740 τῷ
3489 671 3714 738 Σωτῆρι

451 775 790 839 deciderunt,
821 773 873 827 in
908 773 1044 825 hanc
1076 786 1245 839 usque
1269 769 1405 823 diem
1443 780 1787 838 permansere
1818 765 2004 817 indele-

2125 759 2448 829 μυστήριον,
2497 762 2591 812 καὶ
2641 759 3038 829 παραλαϐοῦσα
3064 761 3251 813 τοῦτον
3281 764 3311 829 ή
3339 763 3546 831 Μήτηρ
3579 761 3712 813 ἀνέ-

451 865 609 928 biles,
671 879 758 918 res
803 862 1162 917 admiratione
1207 874 1428 927 prorsus
1475 859 1654 926 digna.
1702 856 1813 909 lloc
1858 855 2004 922 igitul

2122 850 2273 902 κλινέ
2313 868 2369 902 τε
2395 850 2607 915 ὕπτιον,
2636 851 2710 913 ὼς
2752 853 2936 920 νόμος,
2975 853 3070 905 ἐπὶ
3099 853 3192 905 τοῦ
3228 853 3376 905 λίθου
3412 852 3572 905 τοῦδε
3605 852 3708 904 καὶ

450 954 624 1023 lapide
675 963 895 1022 accepto
934 952 1151 1006 Mariam
1191 949 1552 1020 Magtlalenam
1599 948 1750 1000 aiunt
1795 947 2018 998 Ruinam

449 1055 597 1100 recta
640 1045 857 1105 abiisse.
891 1053 950 1098 ut
986 1058 1165 1098 coram
1197 1042 1414 1096 Tiberio
1447 1041 1659 1095 Caesare
1702 1039 1931 1093 Pilatum
1965 1046 2017 1092 et

446 1133 664 1188 Jndteos
691 1135 838 1188 velut
869 1133 1097 1200 iujustos
1124 1131 1246 1186 .lesu
1279 1131 1656 1186 interfectores
1686 1138 1966 1185 accusaret
1998 1146 2013 1183 :

447 1225 540 1279 sed
592 1225 731 1278 forte
779 1225 1012 1293 quadam
1062 1225 1112 1277 iu
1154 1231 1365 1293 portum
1419 1222 1742 1291 Ephesinum
1779 1223 2012 1276 delatam

447 1314 569 1368 istic.
596 1329 716 1368 eum
759 1313 861 1368 luci
902 1313 1203 1381 reliquisse,
1248 1313 1475 1380 indeque
1504 1311 1854 1365 excedentem
1905 1310 2014 1363 Ro-

447 1420 588 1458 mam
609 1405 937 1472 pervenisse.
958 1403 1031 1457 Ex
1055 1403 1142 1456 illo
1169 1413 1406 1471 tempore
1429 1417 1598 1470 usque
1617 1403 1667 1454 in
1694 1402 2012 1456 hodiernum

444 1495 584 1548 diem
619 1495 755 1564 lapis
781 1494 849 1547 ibi
886 1494 1142 1562 perstitit.
1181 1492 1316 1548 Cum
1353 1507 1480 1547 vero
1513 1493 1563 1544 in
1595 1491 1742 1544 littus
1780 1491 2013 1546 Damalis

443 1595 587 1640 esset
639 1587 952 1654 expositus,
1009 1584 1211 1652 ingenti
1269 1598 1460 1652 pompa
1510 1583 1635 1637 inde
1695 1583 2009 1652 Byzantium

445 1677 738 1733 translatus
772 1687 874 1733 est.
923 1677 1058 1732 Huic
1088 1677 1230 1731 enim
1275 1674 1567 1730 interfuere
1613 1673 1888 1728 Romanus
1921 1687 2010 1727 se-

2121 941 2464 996 ὲπιπεσοῢσα
2495 942 2680 1011 βύθιον
2706 941 2999 1012 ἀνῴμωξεν
3027 946 3184 995 ὁποῖα
3231 947 3399 1005 είκδς,
3451 942 3708 1011 μυρομέ-

2118 1051 2218 1104 νης
2259 1033 2316 1085 δὲ
2370 1034 2438 1087 τὰ
2469 1034 2681 1103 δάκρυα
2729 1034 2808 1102 τῷ
2853 1034 2984 1104 λίθῳ
3023 1035 3324 1099 πελάζοντα
3357 1034 3436 1086 ἔτι
3474 1034 3570 1085 καὶ
3601 1031 3702 1085 νῦν

2117 1125 2458 1178 άναπόνιπτα
2499 1126 2739 1194 μένουσι,
2765 1127 2996 1193 πρᾶγμα
3021 1126 3302 1196 τεράστιον
3339 1123 3468 1178 οἷον.
3486 1123 3700 1176 Τοίτον

2117 1215 2180 1286 δὴ
2208 1217 2297 1268 τὸν
2335 1217 2481 1270 λίθον
2511 1220 2543 1286 ἡ
2576 1219 2640 1270 ἐκ
2668 1217 2956 1284 Μαγδαλᾶ,
2991 1221 3175 1283 φασιν,
3211 1215 3554 1269 ἀναλαϐοῦσα
3573 1215 3697 1268 Μα-

2120 1304 2210 1374 ρία
2263 1303 2416 1357 ἔπλει
2475 1303 2690 1374 Ῥώμης
2735 1304 2864 1356 εὐθὺ
2926 1303 3012 1372 ἐφ’
3052 1299 3116 1372 lt}.
3164 1304 3403 1372 Καίσαρι
3451 1303 3510 1364 ἐς
3570 1302 3699 1370 ὄψιν

2117 1393 2348 1448 ἐλθοῦσα
2374 1395 2612 1465 Τιϐερίῳ
2647 1394 2879 1448 Πιλάτου
2913 1397 3008 1448 καὶ
3061 1395 3332 1448 Ἰουδαίων
3354 1394 3462 1447 τῶν
3485 1393 3695 1445 ἀδίκων

2115 1487 2292 1558 Ἰησοῦ
2345 1489 2566 1556 κατερεί
2601 1486 2896 1555 φονευτῶν.
2947 1486 3113 1539 Ἀλλά
3165 1486 3304 1556 τύχῃ
3353 1485 3461 1538 τινὶ
3495 1487 3555 1544 ἐς
3602 1485 3692 1539 τὸν

2123 1578 2390 1646 Ἐφεσίων
2423 1579 2616 1647 λιμένα
2647 1578 2932 1647 κατάρασα
2979 1578 3146 1630 αὐτὸν
3182 1579 3283 1646 μὲν
3327 1576 3560 1629 ἐνταῦθα
3585 1575 3694 1626 έλι-

2117 1684 2239 1732 πεν,
2283 1670 2315 1737 ἡ
2356 1668 2412 1721 δὲ
2450 1669 2661 1722 ἐκεῖθεν
2696 1671 2898 1738 ἀφεῖσα
2929 1669 3022 1720 ἐπὶ
3062 1668 3283 1738 Ῥώμην
3315 1669 3570 1737 ἀνήγετο.
3598 1665 3693 1730 Ἐξ

444 1782 598 1824 natus
629 1770 794 1839 278
821 1778 876 1824 et
903 1777 1166 1838 quotquot
1193 1777 1346 1820 erant
1378 1782 1441 1822 ex
1471 1767 1788 1821 sacerdotali
1820 1768 2004 1821 ordine

2115 1759 2326 1810 ἐκείνου
2363 1758 2407 1810 δ’
2441 1759 2568 1828 ἄχρι
2615 1761 2709 1812 καὶ
2748 1759 2842 1811 νῦν
2877 1761 2903 1811 ὁ
2942 1759 3087 1822 λίθος
3119 1759 3352 1812 ἐνταῦθα
3389 1757 3693 1811 διετέλεσεν

439 1870 495 1915 et
539 1861 876 1923 monachico,
920 1859 1064 1914 Luca
1109 1861 1198 1928 qui
1237 1869 1366 1913 tunc
1412 1860 1672 1927 temporis
1715 1857 2007 1913 Ecclesium

440 1951 659 2022 regebat
704 1959 757 2005 et
807 1951 1132 2021 imperatore
1165 1950 1380 2021 utrique
1409 1951 1578 2006 choro
1623 1949 2006 2019 praeeuntibus.

440 2039 557 2110 Ipse
582 2041 744 2095 etiam
779 2040 941 2110 lapidi
985 2041 1266 2096 humerum
1305 2041 1544 2096 subdidit
1582 2040 1876 2109 imperator
1906 2056 1921 2094 :
1953 2039 2008 2093 in

442 2133 640 2188 talibus
698 2147 930 2202 namque
982 2131 1144 2186 etiam
1203 2131 1344 2186 ultra
1398 2146 1562 2201 quam
1616 2144 1840 2186 necesse
1895 2139 2012 2184 erat

437 2228 689 2296 pietatem
733 2240 796 2280 ac
843 2225 1203 2280 reverentiam
1255 2223 1544 2278 exhibebat
1581 2223 1911 2294 singularem
1957 2231 2012 2276 et

435 2333 556 2372 cum
628 2330 837 2372 summa
905 2315 1074 2370 animi
1137 2314 1462 2369 demissioue
1509 2313 1775 2384 ejusmodi
1827 2313 2010 2367 munia

435 2410 635 2465 obibat.

504 2674 559 2730 9.
589 2673 700 2730 Sub
727 2673 868 2729 idem
902 2681 1114 2745 tempus
1153 2673 1440 2746 Egyptus,
1471 2689 1591 2730 cum
1617 2676 2009 2745 propemodum

437 2764 494 2818 in
521 2765 880 2819 Romanorum
897 2766 1130 2819 venisset
1150 2774 1492 2834 potestatem,
1516 2781 1579 2820 eo
1594 2780 1752 2836 quem
1778 2765 2009 2821 referam

441 2850 602 2904 modo
628 2851 784 2906 nobis
811 2852 994 2919 elapsa
1027 2861 1132 2906 est.
1162 2849 1290 2908 Haec
1323 2857 1425 2908 n'on
1461 2853 1535 2908 ita
1575 2855 1780 2924 pridem
1813 2855 2011 2910 Roma-

436 2957 630 2996 norum
658 2942 883 3010 parebat
907 2943 1138 3013 imperio
1159 2952 1212 2999 et
1235 2959 1399 3013 grave
1430 2946 1724 3013 quotannis
1750 2947 2008 3002 tributum

435 3033 791 3103 dependebat.
855 3034 960 3090 Sed
1018 3050 1140 3090 cum
1203 3035 1332 3090 Asia
1393 3039 1608 3107 gravius
1665 3035 2010 3091 amictaretur

433 3129 715 3196 gentisque
747 3125 1083 3183 lsmaelitica:
1142 3128 1194 3182 in
1257 3128 1374 3183 dies
1432 3139 1758 3199 augerentur
1817 3130 2001 3196 vires,

431 3231 586 3290 capta
636 3230 690 3275 et
740 3221 853 3290 ipsa
904 3220 959 3275 in
1005 3222 1292 3276 Persarum
1337 3221 1425 3290 jus
1457 3221 1745 3276 concessit.
1798 3217 2000 3275 Verum

429 3309 642 3365 Manuel
680 3313 997 3382 imperator,
1037 3327 1158 3366 cum
1199 3311 1364 3366 multa
1399 3313 1450 3366 in
1493 3311 1713 3367 Oriente
1743 3311 2004 3368 Romanis

432 3418 649 3457 rursum
675 3405 1018 3469 asseruisset,
1041 3404 1180 3459 hanc
1201 3419 1418 3475 quoque
1441 3419 1761 3475 recuperare
1789 3419 2002 3461 summo

436 3497 616 3547 studio
644 3495 946 3549 contendit.
965 3495 1152 3563 Itaque
1176 3495 1358 3550 missis
1389 3497 1454 3552 ad
1474 3511 1566 3551 eas
1585 3504 1772 3566 gentes
1799 3497 2010 3566 legatis,

2113 1848 2208 1903 ὥν.
2256 1848 2514 1920 Ἀχθέντα
2539 1852 2716 1902 τοίνυν
2745 1852 2802 1911 ές
2823 1851 2922 1922 τὴν
2960 1851 3254 1919 Δαμάλεως
3285 1851 3521 1919 περαίαν
3552 1866 3695 1918 πομ-

2115 1942 2191 2013 πὴ
2227 1943 2415 1995 τοῦτον
2457 1945 2520 1995 ἐκ
2552 1942 2846 2006 Βυζαντίου
2878 1942 3180 2012 διαδέχεται
3214 1940 3462 2010 λαμπρά.
3495 1940 3694 2004 Ἐπλή-

2117 2048 2212 2101 ρου
2242 2031 2297 2083 δὲ
2342 2030 2547 2100 ταύτην
2594 2033 2655 2084 τὸ
2695 2028 2983 2100 Ῥωμαίων
3018 2048 3079 2083 τε
3109 2030 3395 2100 γερούσιον
3418 2029 3566 2083 άπαν
3596 2028 3686 2079 καὶ

2113 2125 2236 2176 ὅσον
2259 2124 2314 2176 ὲν
2341 2123 2642 2192 ίεροπὸλοις
2674 2123 2772 2174 καὶ
2799 2126 2855 2175 ἐν
2906 2124 3201 2192 μονασταίς
3244 2117 3334 2192 ἦν,
3372 2121 3554 2173 Λουκᾶ
3590 2117 3681 2171 τοῦ

2111 2213 2367 2284 τηνικάδε
2413 2214 2514 2282 τὴν
2576 2212 2903 2282 Ἐκκλησίαν
2955 2212 3230 2273 ίθύνοντος
3277 2210 3374 2263 καὶ
3423 2208 3682 2280 βασι”έως

2112 2305 2298 2366 τέλους
2337 2303 2599 2373 ἐκατέρου
2635 2303 3041 2373 προαρχόντων.
3071 2303 3330 2363 Βασιλεὺς
3360 2301 3548 2371 μέντοι
3593 2299 3685 2351 καὶ

2111 2395 2202 2447 τὸν
2229 2387 2378 2462 ὦμον
2420 2393 2622 2462 ὑπέσχε
2656 2391 2768 2463 (Us)
2800 2391 2879 2462 τῷ
2905 2391 3058 2462 λίθῳ,
3093 2392 3217 2444 ἐπεὶ
3246 2391 3316 2444 τά
3344 2407 3408 2458 γε
3449 2386 3683 2442 τοσαῦτα

2112 2487 2205 2539 καὶ
2243 2485 2383 2554 ὑπὲρ
2426 2477 2503 2538 ὧν
2544 2483 2650 2555 χρὴ
2678 2483 3094 2553 ὲμετριοφρόνει
3138 2485 3232 2537 καὶ
3275 2483 3466 2552 ἠγάπα
3505 2479 3686 2534 δουλο-

2113 2575 2489 2646 πρεπέστερον
2521 2577 2708 2638 αὐτοῖς
2734 2577 3174 2646 προσαγόμενος.

2184 2667 2250 2724 θ’.
2297 2670 2456 2722 Κατὰ
2510 2669 2738 2733 τούτους
2790 2669 2919 2732 τοὺς
2982 2668 3208 2738 χρόνους
3256 2667 3371 2739 με)
3407 2666 3683 2734 Αἴγυπτος

2112 2763 2218 2816 ὑπὸ
2261 2761 2547 2832 Ῥωμαίων
2570 2762 2774 2816 ἁλῶναι
2797 2762 3191 2816 κινδυνεύσασα
3211 2762 3400 2833 τρόπῳ
3420 2759 3499 2830 τῷ
3519 2758 3683 2830 ῥηθη-

2114 2855 2329 2926 σομένῳ
2357 2855 2736 2922 διαγεγονέναι
2783 2853 3028 2925 ἴσχυσεν.
3066 2852 3214 2923 Αὕτη
3265 2852 3368 2905 ὑπὸ
3397 2851 3508 2903 τῶν
3553 2850 3681 2902 Ῥω-

2116 2949 2292 3017 μαίων
2337 2947 2439 3018 μὲν
2489 2946 2645 3000 οὔπω
2685 2946 3051 3015 πάνυσπρὼην
3087 2944 3257 2998 ἐτέλει
3293 2943 3490 3014 ἀρχὴν,
3540 2941 3680 3012 μέγα

2111 3039 2168 3092 δέ
2189 3056 2243 3092 τι
2266 3039 2456 3108 χρῆμα
2494 3036 2706 3108 δασμοῦ
2729 3039 2903 3110 ταύτῃ
2949 3039 3212 3108 παρεῖχεν
3261 3038 3477 3104 ἐτήσιον
3501 3049 3516 3065 ο
3563 3033 3682 3085 ἐπεὶ

2109 3131 2166 3184 δὲ
2193 3131 2352 3185 Ἀσία
2386 3131 2574 3194 κακῶς
2605 3129 2706 3200 ιἤδη
2745 3130 3008 3182 πεπόνθει
3050 3130 3144 3181 καὶ
3185 3128 3245 3181 τὸ
3280 3123 3678 3197 Ἰσμαηλιτικὸν

2109 3222 2371 3277 ἑκάστοτε
2391 3221 2651 3292 κατίσχυε
2675 3220 2862 3291 φῦλον,
2883 3221 3003 3291 ἥλω
3021 3222 3114 3273 καὶ
3144 3218 3282 3289 αὕτη
3317 3217 3412 3271 καὶ⁵
3445 3218 3678 3287 Πέρσαις

2108 3315 2404 3369 ὑπέπεσεν.
2447 3313 2609 3367 Ἀλλὰ
2630 3312 2886 3384 βασιλεὺς
2917 3311 3174 3383 Μανουὴλ
3204 3310 3373 3364 πολλὰ
3404 3309 3512 3364 τῶν
3542 3307 3679 3360 κατὰ

2109 3407 2209 3480 τὴν
2251 3404 2427 3477 Ἐᾠαν
2477 3404 2764 3475 Ῥωμαίοις
2805 3404 2908 3476 ἥδη
2949 3403 3368 3472 ἀνασωσάμενος
3401 3404 3678 3468 ἀντιποιη-

2114 3498 2274 3569 θῆναι
2300 3497 2394 3550 καὶ
2429 3496 2633 3567 ταύτης
2677 3497 2881 3568 σπουδῇ
2921 3499 3088 3567 πολλῇ
3112 3497 3294 3568 ηοελε.
3343 3494 3544 3548 Τοίνυν
3586 3494 3679 3546 καὶ

337 3631 349 3648 ἡ
430 3590 488 3635 ut
519 3591 572 3636 et
603 3593 837 3637 veterem
863 3583 1304 3638 consuetudinem
1328 3594 1384 3639 et
1419 3585 1670 3654 Opulenta
1704 3585 1793 3638 illa
1833 3585 2004 3640 vecti-

2111 3589 2374 3658 πρέσϐεις
2415 3587 2527 3658 (46)
2577 3589 2811 3641 ἐνταῦθα
2868 3589 3084 3651 στείλας
3125 3588 3378 3641 ἐκέλευεν
3434 3587 3585 3648 ἔθους
3617 3601 3674 3636 τε

428 3671 590 3743 galia,
623 3686 742 3740 qua:
782 3671 937 3726 nobis
976 3672 1285 3740 persolvere
1329 3681 1748 3738 consueverant,
1794 3675 1848 3728 in
1892 3689 2004 3728 me-

2110 3681 2200 3731 τοῦ
2235 3677 2503 3747 προτέρου
2540 3677 2637 3730 κα)⁸
2668 3679 2855 3746 φόρων
2893 3677 3331 3747 ἀναμιμνήσκειν
3364 3676 3462 3746 τὴν
3495 3677 3672 3745 χώραν

430 3763 655 3816 uxoriam
693 3772 1033 3828 revocarent,
1082 3764 1150 3818 iis
1191 3765 1490 3833 praecepit:
1535 3768 1676 3833 quod
1722 3766 1768 3820 si
1810 3781 1872 3820 ea
1908 3767 2003 3820 ab-

2110 3771 2158 3822 oi
2188 3769 2583 3822 πολυτάλαντοι
2626 3767 2710 3836 ἐφ’
2755 3769 2901 3839 ἡμᾶς
2943 3769 3268 3836 ἀφικνοῦντο
3292 3770 3353 3820 τὸ
3390 3768 3670 3838 πρότερον,

429 3862 680 3918 nuerent,
707 3863 819 3908 tum
852 3854 1070 3909 demum
1097 3856 1408 3910 nuntiarent
1434 3857 1676 3926 proxime
1707 3857 1848 3913 bello
1879 3873 2002 3914 esse

2110 3861 2465 3931 ἀναινομένης
2491 3860 2548 3912 δὲ
2601 3861 2920 3932 παρεγγυᾷν
2966 3862 3048 3915 ὅτι
3093 3861 3156 3932 δὴ
3211 3863 3311 3914 οὐκ
3341 3862 3399 3923 ἐς
3457 3857 3672 3930 μακρὰν

429 3945 788 4014 impetendos.
823 3944 948 4001 Haec
996 3955 1116 4000 erat
1159 3960 1312 4000 mens
1355 3945 1657 4018 legationis.
1699 3949 1804 4003 Sed
1854 3951 1998 4004 enim

2110 3953 2420 4024 πολεμητέα
2453 3951 2639 4021 σφίσιν
2678 3955 2905 4010 ὲσεῖται.
2930 3955 3010 4007 Τά
3044 3954 3142 4022 μὲν
3171 3953 3234 4022 δὴ
3265 3952 3362 4022 τῆς
3382 3951 3673 4017 πρεσσείας

428 4039 765 4109 pertinacius
801 4038 1152 4094 renuentibus
1186 4037 1477 4109 Egyptiis,
1507 4040 1735 4096 classem
1768 4042 2002 4098 fabricat

2110 4047 2166 4097 ἐν
2195 4044 2406 4106 τούτοις
2447 4039 2588 4114 ἦσαν
2612 4059 2627 4074 ο
2666 4044 2774 4098 τῶν
2801 4043 3116 4111 Αἰγυπτίων
3145 4044 3202 4096 δὲ
3245 4044 3481 4114 ίσχυρῶς
3539 4041 3672 4110 πρὸς

428 4131 772 4201 bippaginum
814 4139 870 4186 et
903 4129 1219 4185 bellicarum
1269 4131 1486 4185 navium
1519 4146 1714 4202 magno
1751 4149 1998 4200 uniuero,

2110 4132 2266 4188 τοῦτο
2329 4132 2748 4204 ἀπειπαμένων,
2802 4135 2987 4188 στόλον
3029 4135 3164 4188 νεῶν
3208 4134 3319 4206 (47)
3355 4137 3383 4188 ὁ
3419 4132 3673 4200 βασιλεὺς

1757 4269 1858 4331 Du
1894 4269 2113 4347 Cangii
2148 4276 2337 4332 noue.

504 4394 616 4463 (44)
653 4394 766 4449 Τὸν
786 4388 949 4462 ὦμον
978 4393 1234 4462 ὑπέσχε.
1265 4393 1402 4448 Vide
1435 4399 1722 4463 tractatum
1751 4400 1996 4447 nostrum

2174 4394 2287 4463 (46)
2337 4393 2645 4462 Πρέσόεις.
2706 4392 2872 4463 Erant
2922 4394 2976 4458 ii,
3038 4395 3089 4448 ni
3138 4395 3314 4457 l'allor,
3364 4395 3669 4450 Alexander

429 4461 496 4518 de
521 4462 711 4533 Capite
743 4464 801 4535 S_.
832 4461 1057 4535 Joannis
1094 4461 1366 4535 Baptistae,
1392 4479 1442 4535 ο.
1469 4463 1524 4526 2,
1561 4461 1708 4535 nL6.
1939 4531 1951 4535 Α
2101 4461 2354 4535 Gravius:
2384 4461 2568 4535 comes
2616 4474 2666 4518 et
2701 4462 2926 4516 Michael
2971 4465 3355 4535 llydruntinus,
3397 4476 3663 4534 quantum

503 4531 616 4602 (55}
647 4533 804 4588 Κατὰ
838 4531 1086 4602 τούτους
1116 4531 1257 4599 τοὺς
1296 4533 1575 4601 χρόνους.
1597 4531 1906 4586 Graecorum
1939 4531 1992 4585 in

429 4601 718 4672 Egyptian
755 4617 874 4673 cum
894 4601 1379 4673 l‘lierosolyinitano
1413 4618 1536 4672 rege
1563 4603 1858 4673 Amalrico,
1887 4617 1993 4655 ca:-

435 4671 674 4744 terisque
705 4672 850 4744 regni
882 4671 1166 4744 heroa-ibus
1181 4681 1234 4727 et
1261 4672 1996 4744 pmceribusexpeditionem

429 4741 672 4812 pluribus
727 4742 892 4812 [elect
949 4740 1278 4812 Willelmus'
1307 4741 1534 4812 Tyrius,
1589 4742 1644 4812 1.
1676 4755 1776 4812 χι,
1828 4742 1990 4812 cad,

433 4810 522 4869 14.
574 4809 903 4874 15,16.17,
939 4810 1030 4878 qui
1082 4825 1198 4863 eam
1253 4813 1305 4865 in
1351 4809 1549 4864 annum
1592 4810 1730 4864 “69
1775 4809 1994 4876 ronjieit

431 4882 530 4934 sub
562 4881 719 4935 linem
754 4879 1027 4949 Septemb.
1061 4891 1118 4934 ut
1147 4891 1204 4935 et
1252 4881 1468 4937 Nicetas
1506 4881 1542 4934 l.
1593 4895 1646 4946 v,
1699 4896 1754 4932 u.
1791 4879 1844 4943 4,
1880 4881 1934 4947 5,
1964 4880 1998 4934 6

429 4961 485 5003 et
524 4951 575 5004 7.

2104 4550 2169 4589 ex
2203 4533 2368 4603 Tyrio
2395 4533 2570 4601 colligi
2599 4535 2756 4603 datur
2777 4549 2902 4603 cap.
2930 4535 2984 4588 4.

2176 4600 2731 4672 (47)Στόλονίνεῶν.
2766 4600 2932 4655 Erant
2957 4620 3100 4665 sane,
3134 4604 3306 4672 inquit
3358 4603 3574 4672 Tyrius,
3612 4605 3668 4657 in

2104 4674 2325 4741 prce/ato
2363 4673 2595 4725 exercitu
2636 4687 2786 4724 naves
2819 4673 2987 4740 longa:
3036 4683 3300 4737 rostrata’,
3334 4674 3552 4739 geminis
3581 4690 3666 4726 re-

2106 4759 2305 4794 morum
2336 4743 2605 4795 instruch
2629 4741 2918 4796 ordinibus.
2953 4742 3150 4797 bellicis
3171 4744 3347 4796 usibus
3365 4743 3665 4808 habiliores,

2101 4827 2216 4932 qua:
2264 4813 2414 4880 uulgo
2470 4810 2631 4879 galea!
2679 4811 2926 4862 dicuntur
2954 4848 2970 4875 ,
3003 4823 3208 4864 centum
3263 4815 3666 4881 quinquaginta.

2143 4891 2246 4932 tem
2280 4883 2332 4932 in
2363 4881 2442 4931 his
2476 4879 2700 4932 maiores
2721 4880 2789 4932 ad
2819 4881 3165 4932 deportandos
3189 4897 3347 4932 eauos
3379 4885 3666 4932 deputattr.

2143 4891 2246 4932 tem
2280 4883 2332 4932 in
2356 4879 2442 4931 his
2476 4879 2700 4942 majores
2721 4880 2789 4932 ad
2819 4881 3165 4948 deportandos
3189 4879 3347 4948 equos
3379 4885 3668 4946 deputattr,

2107 4952 2246 5003 ostia
2275 4951 2520 5002 habentes
2552 4949 2607 5000 in
2639 4948 2894 5016 puppibus
2923 4951 2991 5003 ad
3023 4951 3341 5004 inducendos
3373 4951 3668 5005 ducendos-

1700 5066 1982 5128 Cornelii
2015 5065 2201 5127 Tollii
2234 5072 2421 5125 notes.

501 5190 616 5262 (dd)
635 5188 940 5262 "Oeneos
965 5191 1002 5262 d_
1014 5190 1192 5262 _.1l60¢
1218 5185 1395 5256 οὗτος
1413 5191 1510 5244 καί
1545 5191 1682 5243 ὅθεν
1703 5193 1789 5256 εἱς
1829 5190 2003 5259 Ἐφε-

431 5258 602 5318 σίων.
650 5261 790 5314 Idem
836 5259 948 5314 fere
983 5258 1222 5323 Nicetas,
1269 5263 1358 5313 ubi
1408 5263 1474 5315 de
1523 5262 1764 5314 Mannele
1816 5258 2001 5314 nostro

433 5344 647 5386 mortuo
676 5341 730 5384 et
774 5331 884 5397 jam
922 5330 1168 5395 sepulcro
1215 5332 1504 5383 mandato:
1563 5329 1719 5397 Lapis
1740 5333 1997 5399 eumtegit

433 5403 694 5471 nigricans
752 5409 800 5451 et
865 5411 1106 5451 maestum
1148 5399 1345 5471 aliquid
1368 5415 1478 5467 prw
1502 5416 1556 5452 se
1590 5401 1910 5471 ferens,_qui
1941 5404 1996 5452 in

434 5467 626 5537 septem
680 5478 891 5522 vertices
948 5469 1203 5535 assurgit.
1236 5467 1390 5520 ’Non
1462 5470 1643 5536 procul
1713 5469 1833 5520 inde
1879 5471 1994 5522 basi

436 5539 704 5608 impositus
736 5539 993 5608 adoratur
1028 5538 1163 5608 lapis
1214 5553 1528 5604 purpureus,
1564 5540 1658 5589 viri
1717 5538 1986 5605 magnitu-

435 5606 576 5672 dine,
622 5610 709 5676 qui
749 5617 869 5658 ante
904 5607 1001 5672 [ait
1059 5606 1290 5674 Ephesi;
1340 5617 1389 5659 et
1432 5609 1474 5658 is
1521 5623 1628 5659 esse
1671 5608 1887 5670 dicitur,
1930 5609 1984 5661 in

440 5691 534 5743 quo
566 5676 806 5733 Christus
845 5676 908 5727 de
938 5691 1090 5730 cruce
1123 5676 1383 5742 "sublatus,
1412 5688 1456 5730 et
1490 5677 1667 5739 fasciis
1698 5676 1983 5744 involutus,

2099 5192 2342 5244 conditus
2379 5189 2559 5258 fuerit.
2615 5189 2748 5242 Eum
2791 5189 3018 5257 lapidem
3053 5189 3340 5258 imperator
3360 5191 3481 5245 inde
3503 5190 3670 5250 adeo-

2098 5274 2239 5315 ctum
2271 5261 2500 5312 humeris
2524 5264 2650 5321 suis,
2668 5263 2854 5328 quippe
2875 5261 2965 5328 qui
2996 5260 3230 5313 divinant
3250 5278 3435 5328 corpus
3462 5263 3666 5325 ipsum-

2095 5348 2193 5401 que
2248 5329 2513 5383 Christum
2564 5340 2833 5399 gestasset,
2888 5341 3096 5401 aperta
3132 5328 3469 5382 Buculeomis
3503 5349 3667 5401 usque

2093 5400 2164 5452 ad
2208 5401 2394 5462 a'dem,
2451 5418 2566 5462 qua:
2606 5403 2658 5452 in
2712 5401 2851 5451 turri
2896 5399 3081 5464 palatii
3130 5410 3230 5462 est,
3271 5402 3504 5466 pertulit.
3556 5399 3663 5456 Sed

2093 5487 2195 5522 non
2225 5470 2387 5522 multo
2426 5480 2538 5533 post
2600 5471 2935 5536 imperatoris
2987 5467 3184 5519 obitum
3241 5484 3432 5521 saxum
3472 5471 3606 5522 illud
3637 5489 3663 5524 ο

2091 5544 2291 5606 palatio
2340 5540 2408 5589 ad
2439 5540 2732 5602 sepulcrum
2781 5540 2924 5589 illius
2951 5549 3024 5589 est
3060 5543 3399 5602 translatum,
3427 5550 3479 5590 ut
3514 5540 3662 5594 clara

2093 5625 2211 5661 voce
2231 5608 2460 5676 defuncti
2491 5624 2570 5661 res
2597 5619 2767 5678 gestas
2800 5617 2846 5658 et
2893 5609 3180 5660 certamina
3219 5610 3532 5678 proclamet.
3581 5611 3663 5665 Ita

2092 5680 2252 5735 vertit
2297 5675 2662 5748 Hieronymus
2700 5675 2948 5732 Wollius.
