4014 6398
343 362 458 431 τοι

1653 358 1974 419 ΙΟΛΝΝΙΞ
2015 356 2342 416 ClNN.\I\ll

3525 359 3639 425 65?.

361 478 548 533 σϐείαν
587 480 1014 550 ἀποσεισάμενος
1052 479 1367 549 ἀπράκτους
1398 479 1595 543 αὐτοὺς
1624 478 2011 547 ἀπεπέμψατο,
2055 478 2236 530 πᾶσαν
2277 479 2332 531 ἐν
2374 477 2447 548 νῷ
2478 476 2613 547 ἔχων
2636 476 2876 538 εἰσαῦθις
2906 477 3381 547 καταδραμεῖσθαι
3411 482 3509 551 τὴν
3538 481 3645 550 χώ-

363 589 485 643 ραν.

430 664 519 720 10.
570 663 716 719 luter
761 664 875 718 haec
928 663 1247 734 Byzantium
1304 665 1447 718 venit
1492 662 1794 717 Palaestinae
1852 677 1942 716 rex

2049 668 2101 715 t'.
2149 660 2238 717 Ἐν
2273 661 2454 730 τούτῳ
2505 661 2562 715 δὲ
2594 663 2688 716 καὶ
2714 662 2742 714 ὁ
2775 659 3148 729 Παλαιστίνης
3180 660 3283 732 ρὴξ
3316 661 3409 716 ἐπὶ
3432 661 3642 727 Βυζάν-

359 772 483 812 cum
541 755 789 825 principe
838 755 906 810 de
950 756 1181 826 negotiis
1222 758 1335 810 suis
1376 767 1595 809 acturus
1635 772 1648 808 :
1694 755 1951 822 impetra-

361 852 536 918 tisque
570 849 636 902 iis
670 862 793 918 qua
823 858 1165 918 peposcerat,
1202 860 1395 916 praeter
1433 848 1534 901 alia
1577 847 1740 900 multa
1776 847 1948 914 impc-

359 939 525 995 ratori
568 940 727 995 iidem
759 949 814 995 et
859 940 1164 995 clientelam
1199 941 1476 1010 professus
1506 949 1610 995 est.
1656 940 1771 994 Sub
1804 938 1947 992 idem

358 1031 523 1086 etiam
558 1039 766 1098 tempus
807 1041 864 1083 et
893 1027 1151 1097 Venetos,
1187 1039 1453 1099 quotquot
1527 1028 1768 1100 Byzantii
1814 1038 1868 1081 et
1896 1028 1947 1079 in

360 1123 771 1191 quibuscunque
787 1120 1156 1176 Romanorum
1193 1120 1485 1190 provinciis
1514 1120 1854 1182 habitabant,
1893 1119 1948 1172 in

361 1213 606 1282 publicos
640 1226 890 1269 carceres
924 1213 1176 1283 conjecit,
1214 1213 1539 1281 litorumque
1584 1211 1723 1268 bona
1765 1212 1946 1280 publi-

359 1306 504 1358 Cavit
551 1313 604 1360 ct
635 1305 767 1361 ﬂsco
812 1305 1044 1370 addixit,
1081 1305 1149 1360 ob
1180 1319 1299 1357 eam
1336 1320 1496 1371 quam
1548 1303 1789 1371 dicturus
1826 1317 1944 1355 sum

360 1412 603 1451 causam.
628 1395 959 1452 Venetorum
986 1396 1132 1464 regio
1164 1394 1215 1449 in
1252 1382 1511 1450 extremis
1544 1393 1790 1464 partibus
1814 1389 1946 1445 Ionii

362 1491 513 1543 sinus
543 1489 644 1543 sita
667 1499 750 1543 est
778 1506 793 1543 :
816 1489 951 1542 mari
979 1502 1107 1542 vero
1133 1486 1444 1541 circumﬂua
1472 1487 1685 1557 longius
1710 1502 1737 1539 a
1768 1486 1947 1539 littore

362 1582 582 1649 paludes
632 1582 930 1650 protendit,
965 1581 1019 1635 in
1054 1595 1190 1650 quas
1237 1596 1387 1635 mare
1426 1580 1621 1648 saepius
1662 1593 1756 1648 per
1803 1579 1943 1631 diem

363 1671 614 1737 innitens,
673 1683 823 1728 certo
881 1674 1113 1743 quodam
1172 1683 1412 1742 tempore
1466 1671 1798 1741 navigabiles
1852 1684 1947 1723 eas

361 1765 490 1819 facit
522 1781 539 1818 :
577 1774 631 1817 at
679 1780 801 1819 cum
834 1780 1051 1819 rursum
1094 1763 1315 1825 recedit,
1366 1763 1674 1817 inaccessas
1721 1776 1945 1830 prorsus

362 1855 537 1909 reddit
588 1854 815 1910 navibus
864 1855 1086 1925 perinde
1132 1871 1195 1910 ac
1237 1855 1567 1909 nominibus.
1619 1853 1715 1906 Est
1762 1862 1942 1907 autem

360 1960 491 2010 gens
525 1944 626 1998 ista
663 1945 907 1999 moribus
933 1945 1260 2014 depravatis,
1301 1943 1461 2012 impia
1509 1952 1565 1996 et
1604 1939 1866 2006 sacrilega
1897 1940 1941 1995 si
1974 1956 1979 2014 ς

2051 772 2166 807 τιον
2220 749 2352 826 ἦλθε
2408 757 2537 825 περὶ
2585 748 2660 809 ὧν
2723 754 2929 826 ἔχρῃζε
2981 755 3252 823 βασιλέως
3292 757 3641 827 δεησόμενος.

2051 843 2243 916 Τυχὼν
2276 845 2332 898 δὲ
2358 837 2432 899 ὧν
2469 846 2660 907 ἐδεῖτο,
2691 845 2824 899 ἄλλα
2842 860 2902 897 τε
2923 845 3095 897 πολλά
3127 847 3220 898 κα)⁵
3250 845 3496 899 δουλείαν
3527 847 3639 913 (52)

2050 940 2145 991 ἐπὶ
2183 939 2400 1001 τούτοις
2430 938 2643 1009 βασιλεῖ
2675 936 3108 1009 διωμολόγηκεν.
3144 937 3283 991 ’Υπδ
3308 938 3502 993 τοῦτον
3528 939 3640 1006 (55)

2049 1032 2142 1086 τὶν
2163 1032 2356 1102 χρόνον
2391 1032 2487 1085 καὶ
2525 1030 2877 1094 Οὑεννέτους,
2911 1030 3027 1083 ὅσοι
3058 1030 3118 1083 ἐν
3142 1047 3199 1084 τε
3228 1031 3513 1101 Βυζαντίῳ
3543 1029 3639 1085 καὶ

2052 1122 2175 1183 ταῖς
2200 1122 2335 1175 ὅπου
2356 1121 2556 1192 δήποτε
2593 1118 2883 1189 Ῥωμαίων
2912 1118 3162 1190 ᾣκηνται
3187 1121 3431 1192 χώραις,
3465 1121 3641 1190 δημη-

2053 1212 2199 1276 σίαις
2216 1214 2483 1284 φρουραῖς
2511 1210 2891 1283 παραπέμψας
2909 1211 3007 1274 τὰς
3027 1211 3216 1275 οὐσίας
3253 1212 3644 1284 ἁναγράπτους

2050 1305 2130 1366 είς
2180 1303 2240 1355 τὸ
2288 1302 2550 1371 δημόσιον
2585 1303 2887 1371 ἐποιήσατο
2935 1299 3176 1373 [9.164]
3219 1303 3313 1354 ἀπ’
3359 1302 3542 1364 αἰτίας
3574 1297 3643 1372 ἧς

2049 1392 2214 1455 αὐτὸς
2239 1391 2380 1461 ἐρῶν
2422 1390 2676 1461 ἔρχομαι.
2714 1391 3028 1445 Ούεννέτων
3067 1393 3101 1462 ὴ
3146 1391 3301 1462 χώρα
3331 1395 3509 1444 κεῖται
3543 1392 3642 1461 μὲν

2049 1487 2106 1549 ἐς
2131 1484 2228 1537 τοῦ
2297 1484 2487 1537 Ἰονίου
2528 1485 2738 1538 κόλπου
2793 1482 2863 1536 τὰ
2902 1483 3132 1555 ἔσχατα,
3162 1484 3409 1557 θαλάσσῃ
3450 1484 3506 1537 δὲ
3536 1486 3644 1553 ἀμ-

2049 1577 2312 1649 φέρῤυτος
2362 1571 2497 1630 οὖσα
2557 1575 2784 1645 τέναγὸς
2847 1574 2959 1645 (54)
3020 1592 3072 1628 τι
3111 1576 3490 1646 ,προϐάλλεται
3541 1577 3640 1645 τῆς

2047 1671 2221 1739 ἀκτῆς
2267 1669 2480 1741 μακρὸν
2526 1670 2673 1723 ὅσον.
2726 1668 2899 1723 Ἔνθα
2930 1669 3028 1739 τῆς
3081 1669 3291 1741 ἡμέρας
3326 1672 3359 1739 ἡ
3393 1668 3638 1723 Θάλασσα

2049 1763 2310 1827 πολλάκις
2348 1763 2657 1833 προσιοῦσα
2697 1763 2890 1834 καιρὸν
2930 1764 3027 1832 μέν
3049 1780 3168 1816 τινα
3201 1762 3445 1832 πλώϊμον
3501 1762 3635 1815 αὐτὸ

2049 1857 2306 1917 ποιεῖται,
2339 1854 2430 1907 τὸν
2454 1854 2702 1925 πορθμὸν
2722 1854 2766 1907 δ’
2797 1854 2954 1919 αὖθις
2997 1855 3302 1909 ἀναλύουσα
3331 1854 3631 1924 ἀπόρευτον

2048 1946 2370 2000 παντάπασι
2399 1946 2560 1998 ναυσί
2594 1963 2653 1999 τε
2677 1947 2770 1999 καὶ
2801 1945 3109 2017 ἀνθρώποις
3128 1945 3438 2017 ἐργάζεται.
3475 1946 3631 1999 Ἔστι

360 2052 477 2103 qua:
508 2036 611 2090 alia
637 2047 692 2089 et.
717 2035 1016 2100 illiberalis,
1042 2045 1226 2104 utpOte
1257 2034 1494 2089 nauticis
1517 2031 1738 2101 ineptiis
1761 2030 1938 2099 plena.

2048 2039 2102 2092 δὲ
2135 2038 2198 2092 τὸ
2228 2037 2379 2101 ἔθνος
2411 2037 2533 2108 nos;
2572 2038 2671 2108 μὲν
2722 2008 3029 2109 διεφθορὸς,
3065 2008 3375 2108 βωμολόχον
3411 2036 3523 2108 (55)
3556 2038 3634 2090 εῖ.

358 2128 420 2183 lli
456 2142 577 2181 cum
614 2126 805 2182 Alexio
851 2127 1167 2197 imperatori
1206 2126 1370 2197 281
1416 2124 1708 2195 aliquando
1740 2122 1942 2176 auxilio

357 2224 655 2286 venissent,
687 2238 794 2292 quo
818 2232 1061 2292 tempore
1094 2221 1364 2276 Robertus
1397 2221 1486 2275 ille
1520 2236 1585 2274 ex
1619 2218 1772 2273 Italia
1808 2216 1943 2289 Dyr-

359 2316 642 2370 rhachium
685 2316 1042 2369 transmissus
1081 2322 1249 2368 totam
1280 2315 1553 2368 invaserat
1583 2310 1941 2381 provinciam,

355 2407 622 2464 mercedis
654 2407 773 2462 loco
800 2421 921 2461 cum
947 2407 1050 2460 alia
1081 2406 1249 2460 multa
1280 2420 1540 2475 accepere
1571 2414 1684 2458 tum
1708 2415 1944 2470 praeser-

356 2499 451 2551 tim
506 2495 752 2569 Byzantii
808 2496 1183 2566 angiportum,
1235 2512 1395 2566 quem
1447 2494 1732 2549 Embolum
1786 2492 1946 2561 vulgo

357 2589 632 2659 appellant
679 2606 694 2643 :
746 2589 956 2660 solique
998 2589 1237 2644 omnium
1271 2596 1560 2659 eapropter
1585 2602 1650 2641 ex
1684 2586 1774 2640 illo
1807 2596 1945 2638 teru-

355 2695 485 2749 pore
516 2679 756 2735 decimas
778 2694 846 2734 ex
875 2690 1179 2733 mercatura
1223 2676 1487 2732 Romanis
1514 2691 1619 2730 non
1648 2674 1944 2730 solverunt.

349 2771 481 2826 lude
508 2771 564 2825 in
600 2770 925 2825 immensum
963 2770 1117 2825 ditati
1153 2770 1333 2823 statim
1381 2770 1431 2823 iu
1479 2768 1791 2838 superbiam
1826 2781 1949 2834 pro-

355 2876 584 2931 rupere:
619 2863 753 2915 adeo
780 2870 838 2914 ut
862 2861 1010 2916 civt's
1053 2861 1277 2929 perinde
1331 2875 1395 2915 ac
1429 2858 1700 2929 mancipia
1747 2868 1948 2913 tracta-

352 2961 497 3017 rent,
521 2966 696 3022 neque
720 2967 813 3006 eos
838 2952 1102 3006 duntamt
1132 2952 1226 3021 qui
1256 2952 1325 3006 de
1358 2951 1538 3006 intima
1565 2950 1716 3020 plebe
1741 2957 1943 3017 essent,

322 3084 326 3088 ι
354 3060 541 3100 verum
571 3057 625 3100 et
656 3046 747 3116 qui
785 3044 1128 3101 sebastorum
1174 3053 1269 3098 aut
1299 3044 1403 3097 alia
1431 3044 1623 3115 quavis
1650 3045 1790 3114 apud
1834 3041 1947 3097 Ro-

356 3152 544 3192 manos
574 3135 783 3206 majore
819 3136 1083 3206 dignitate
1119 3135 1391 3206 lulgerent
1422 3148 1438 3188 :
1473 3135 1673 3205 quibus
1705 3134 1949 3205 indigna-

357 3241 443 3284 tus
483 3227 730 3285 Joannes
780 3230 1081 3300 imperator
1119 3244 1312 3284 onmes
1349 3244 1381 3283 a
1428 3227 1674 3283 Romano
1720 3228 1949 3300 imperio

350 3323 652 3394 expulerat.
701 3323 880 3393 Atque
924 3322 1049 3376 inde
1092 3337 1120 3376 a
1156 3319 1421 3377 Romanis
1459 3321 1751 3376 vindictam
1790 3335 1945 3392 repe-

354 3425 470 3471 tere
508 3428 725 3470 summo
759 3430 881 3471 cum
922 3416 1106 3470 studio
1141 3414 1508 3470 euitebautur.
1542 3414 1729 3470 Classe
1766 3415 1947 3485 itaque

352 3517 672 3579 comparata
691 3507 940 3577 factaque
959 3508 1017 3561 in
1033 3522 1217 3562 eorum
1239 3517 1415 3562 terras
1431 3507 1732 3578 irruptionc
1749 3506 1944 3562 Chium

352 3603 604 3668 capiunt,
647 3610 703 3656 et
750 3600 1000 3655 Rhodum
1049 3609 1213 3667 atque
1254 3598 1514 3664 Lesbum,
1562 3599 1946 3655 celeberrimas

352 3693 584 3758 insulas,
640 3692 1058 3762 depopulantur.
1109 3689 1235 3746 lude
1289 3693 1356 3746 ad
1415 3690 1732 3747 Palasstinos
1784 3691 1946 3747 delati

353 3801 475 3838 cum
503 3785 584 3839 eis
614 3782 827 3855 Tyrum
865 3795 1176 3855 expugnant
1208 3800 1222 3836 :
1258 3785 1323 3838 ad
1363 3785 1478 3839 haec
1504 3785 1556 3838 in
1588 3787 1724 3840 mari
1761 3785 1951 3855 pirati-

354 3892 472 3931 cam
489 3886 805 3931 exercentes
820 3876 949 3930 nulli
970 3875 1245 3931 hominum
1266 3876 1516 3932 scelerati
1533 3878 1621 3931 isti
1640 3891 1949 3949 pepercere.

355 3969 721 4037 Quamobrem
763 3977 823 4023 ut
870 3969 938 4023 ab
993 3968 1320 4038 imperatore
1353 3970 1404 4023 in
1452 3969 1686 4037 priorem
1742 3978 1943 4025 statum

353 4072 483 4117 sunt
513 4061 773 4126 restituti,
798 4060 973 4131 major
1000 4074 1095 4116 eos
1124 4061 1308 4115 statim
1349 4061 1570 4116 incessit
1610 4061 1862 4130 superbia
1892 4071 1947 4117 et

353 4153 666 4227 insolentia.
697 4152 1021 4221 Arrogantia
1046 4152 1191 4205 enim
1219 4161 1368 4206 recte
1397 4152 1661 4207 factorum
1682 4153 1941 4220 opinione

355 4243 534 4299 inﬂata
558 4234 880 4313 quandoque
897 4245 949 4298 iu
971 4243 1214 4298 ultimam
1235 4243 1636 4314 improbitatem
1657 4245 1942 4301 deﬂectere

353 4338 514 4391 solet.
546 4336 703 4393 Unde
735 4334 940 4391 factum
969 4347 1074 4402 est,
1106 4346 1166 4389 ut
1198 4337 1380 4392 multis
1432 4338 1702 4393 nobilibus
1730 4339 1859 4393 viris
1887 4349 1940 4393 et

354 4429 585 4498 principi
620 4426 881 4482 aﬂinitate
912 4427 1120 4497 junctis
1151 4428 1336 4497 plagas
1380 4428 1663 4484 intulerint
1707 4431 1939 4499 aliisque

2047 2145 2152 2200 περ
2184 2145 2237 2181 τι
2277 2129 2370 2181 καὶ
2409 2126 2782 2200 ἀνελεύθερον,
2817 2127 2913 2181 ἆτε
2973 2130 3069 2181 καὶ
3114 2125 3500 2197 ἀπειροκαλίας
3544 2142 3641 2192 με·

2046 2224 2171 2274 στὸν
2197 2220 2479 2289 ναυτικῆς.
2511 2213 2694 2286 Οὗτοι,
2715 2218 2939 2291 ’Λλεξίῳ
2966 2218 3077 2291 (56)
3106 2220 3234 2272 ποτέ
3258 2218 3465 2289 βασιλεί
3484 2220 3638 2289 χεῖρα

2046 2314 2460 2384 παρασχόμενοι
2480 2311 2793 2384 σύμμαχον,
2817 2312 3059 2383 ὁπηνίκα
3076 2310 3413 2383 Ῥομπέρτος
3436 2312 3640 2374 ἐκεῖνος

2046 2405 2106 2471 ἐξ
2170 2405 2401 2469 Ἰταλίας
2445 2405 2539 2458 ἐπὶ
2572 2405 2882 2476 Δυρῤάχιον
2920 2403 3117 2468 διαϐὰς
3170 2403 3490 2475 ἐπολιόρκει
3537 2403 3639 2473 τὴν

2049 2495 2262 2567 χώραν,
2301 2494 2540 2566 ἀμοιϐῆς
2569 2495 2903 2564 τυγχάνουσι
2928 2493 3028 2564 τῆς
3056 2512 3115 2548 τε
3146 2494 3314 2563 ἄλλης
3336 2495 3433 2549 καὶ
3454 2495 3519 2565 δὴ
3547 2494 3642 2547 καὶ

2049 2587 2323 2649 στενωπὸς
2344 2587 2528 2648 αὐτοῖς
2553 2589 2612 2639 ἐν
2638 2584 2920 2657 Βυζαντίῳ
2943 2586 3307 2652 ἀποτέτακτο,
3339 2586 3400 2639 ὃν
3431 2585 3640 2656 Ἔμϐο-

2047 2679 2136 2733 λον
2192 2678 2560 2750 ὀνομάζουσιν
2606 2681 2654 2733 οί
2709 2678 2918 2743 πολλοὶ,
2954 2681 3108 2750 μόνοι
3135 2696 3195 2733 τε
3233 2680 3342 2732 τῶν
3377 2681 3642 2734 ἁπάντων

2047 2769 2136 2824 διά
2167 2769 2326 2823 τοῦτο
2361 2769 2462 2828 τὰς
2512 2770 2633 2823 κατ’
2696 2770 2974 2843 ἐμπορίαν
3021 2771 3253 2833 δεκάτας
3284 2770 3397 2841 (57)
3449 2773 3630 2825 οὐδενὶ

2063 2861 2352 2935 Ῥωμαίων
2398 2861 2459 2927 ἐξ
2503 2862 2719 2917 ἐκείνου
2776 2862 3138 2936 παρέσχοντο.
3200 2863 3392 2917 Ἰὀίνυν
3438 2866 3532 2917 καὶ
3576 2863 3638 2916 τὸ

2049 2956 2424 3027 ἀσυμμέτρως
2458 2955 2715 3009 ἐντεῦθεν
2755 2956 3012 3010 πλουτεῖν
3064 2958 3201 3027 ταχὺ
3231 2959 3285 3020 ἐς
3320 2954 3639 3022 ἀλαζονείαν

2049 3052 2248 3114 αὐτοὺς
2282 3046 2441 3122 ἦρεν.
2490 3049 2674 3119 Ἀνδρὶ
2707 3051 2893 3120 μέντοι
2939 3050 3133 3119 πολίτῃ
3174 3054 3274 3105 ὅσα
3308 3053 3404 3105 καὶ
3434 3051 3639 3123 ἀνδρα-

2051 3144 2196 3215 πόδῳ
2226 3145 2541 3213 προσεῖχον.
2570 3141 2686 3196 ἀλλ’
2715 3144 2816 3213 οὐχ
2840 3143 2988 3206 ὅπως
3020 3142 3129 3196 τῶν
3160 3143 3374 3196 πολλῶν
3404 3162 3512 3197 τινι
3545 3145 3641 3198 καὶ

2048 3235 2390 3307 δημοτικῶν,
2424 3234 2564 3288 ἀλλὰ
2602 3235 2706 3289 κᾶν
2739 3252 2827 3299 τις
2891 3235 2984 3288 ἐπὶ
3034 3234 3392 3305 σεϐαστότητι
3419 3236 3639 3307 ἐφρόνει

2051 3328 2153 3381 κᾶν
2184 3328 2278 3381 ἐπὶ
2303 3326 2492 3397 μεῖζόν
2536 3345 2590 3382 τι
2620 3326 2837 3399 προῆκε
2885 3326 2995 3379 τῶν
3030 3326 3182 3397 παρά
3218 3327 3512 3396 Ῥωμαίοις
3551 3346 3641 3382 σε-

1998 3402 2018 3426 δ
2057 3419 2229 3491 μνῶν.
2277 3416 2395 3488 Ἐφ’
2418 3416 2499 3482 οἷς
2527 3417 2843 3489 χαλεπήνας
2872 3418 2901 3471 ὁ
2937 3418 3192 3490 βασιλεὺς
3242 3421 3501 3490 Ἰωάννης
3542 3424 3639 3476 ὲκ-

2054 3513 2236 3566 ποδὼν
2273 3513 2376 3582 τῆς
2427 3512 2722 3582 Ῥωμαίων
2756 3511 2962 3575 αὐτοὺς
2988 3512 3290 3583 ἐποιήσατο
3338 3515 3637 3580 πολιτείας.

2066 3605 2350 3660 Ἐντεῦθεν
2378 3602 2696 3675 ἀμύνασθαι
2730 3602 3038 3673 Ῥωμαίους
3064 3604 3153 3659 διὰ
3186 3605 3421 3676 σπουδῆς
3454 3608 3638 3674 αὐτοῖς

2050 3695 2139 3772 ἦν.
2170 3699 2368 3753 Στόλον
2422 3692 2518 3752 οὖν
2557 3697 2959 3767 τεκτηνάμενοι
2993 3697 3130 3749 νεῶν
3163 3696 3371 3752 τούτων
3401 3699 3639 3769 ἐπῆλθον

2049 3796 2120 3865 τῇ
2162 3794 2235 3864 γῇ
2263 3809 2278 3824 ·
2304 3793 2393 3845 ὅτε
2419 3790 2484 3861 δὴ
2530 3790 2667 3845 Χίον
2687 3808 2748 3845 τε
2776 3785 2921 3845 εἶλον
2947 3792 3043 3845 καὶ
3086 3791 3272 3845 Ῥόδου
3302 3793 3397 3846 καὶ
3420 3792 3637 3847 Λέσϐου

2049 3887 2232 3954 νήσων
2267 3883 2620 3953 κατέδραμον
2649 3880 2985 3952 ὀνομαστῶν.
3024 3883 3149 3937 Ἐπὶ
3170 3882 3546 3937 Παλαιστινῶν
3572 3901 3633 3937 τε

2050 3973 2421 4045 καταχθέντες
2441 3974 2543 4045 τὴν
2564 3973 2670 4044 γῆν
2689 3971 2868 4044 Τύρον
2897 3971 3018 4044 ἅμα
3046 3973 3233 4036 αὐτοῖς
3259 3972 3628 4041 ἐκπολιορκή-

2054 4082 2249 4129 σαντες
2280 4060 2448 4133 εἷλον,
2484 4064 2585 4136 τὴν
2615 4067 2673 4118 ἐν
2690 4064 2939 4138 θαλάσσῃ
2969 4082 3031 4118 τε
3069 4063 3345 4135 μετιόντες
3370 4062 3630 4134 λῃστείαν

2051 4154 2310 4226 οὐδεμίαν
2330 4155 2381 4207 οί
2403 4153 2804 4224 κακοδαίμονες
2838 4154 3143 4225 ἀνθρώπων
3166 4152 3470 4224 ἐλάμϐανον
3508 4170 3629 4222 φει-

2047 4245 2144 4301 δώ.
2172 4245 2253 4299 Δι’
2296 4244 2332 4299 ἃ.
2364 4244 2622 4317 βασιλεὺς
2651 4245 2745 4297 ἐπὶ
2774 4246 2888 4308 τοῖς
2918 4246 3204 4315 προτέροις
3237 4242 3433 4305 αὐτοὺς
3463 4258 3635 4312 προσν

2049 4338 2331 4411 ηκάμενος
2354 4337 2449 4390 ἐπὶ
2489 4335 2690 4407 μᾶλλον
2712 4333 2909 4404 ἐξῆρεν
2951 4334 3274 4400 ἀλαζονείας
3309 4335 3403 4387 καὶ
3439 4332 3630 4402 τύφου.

2048 4431 2322 4486 asceam
2404 4428 2518 4500 γὰρ
2580 4427 2886 4499 κατορθοῦν
2945 4427 3148 4494 δόξασα
3219 4428 3299 4490 είς
3375 4424 3636 4479 ἀπόνοιαν

1704 4552 1795 4612 Du
1831 4550 2059 4632 Cangii
2098 4557 2287 4614 nota.

428 4671 541 4743 (52)
628 4672 740 4726 Kal
792 4670 1101 4743 δουλείαν.
1138 4668 1276 4743 Vide
1332 4671 1743 4743 inscriptionem
1779 4686 1939 4743 quam

353 4740 653 4798 retulimus
682 4743 735 4797 in
769 4741 1154 4812 dissertatione
1178 4741 1249 4812 2'1
1275 4744 1342 4795 ad
1366 4740 1674 4812 Joiuvillam
1727 4758 1780 4812 p.
1798 4740 1936 4798 519.

424 4812 538 4883 (55)
568 4813 720 4866 Ὑπὸ
749 4811 973 4866 τοῦτον
993 4810 1112 4883 τὸν
1138 4811 1381 4883 χρόνον.
1406 4810 1481 4883 Ut
1508 4810 1699 4869 Veneti
1729 4810 1941 4867 inerra-

353 4881 502 4937 tores
521 4884 815 4953 cieterique
834 4881 1145 4953 reipublicae
1165 4881 1379 4936 Veneta:
1405 4882 1640 4947 subditi,
1665 4890 1936 4953 quotquot

354 4955 496 5006 intra
533 4951 821 5074 Blyzautini
855 4951 1067 5022 imperii
1094 4951 1230 5006 ﬂues
1265 4953 1485 5020 reperti,
1526 4951 1745 5007 carceri
1784 4951 1937 5007 uian-

354 5023 517 5074 cinati
592 5024 769 5074 uerint
808 5035 1105 5074 eorumuue
1142 5025 1280 5074 bona
1334 5022 1658 5074 nublicata..
1685 5023 1935 5074 pluribus

353 5023 517 5092 cipati
570 5022 769 5075 fuerint
808 5035 1105 5090 eorumque
1142 5025 1280 5077 bona
1309 5022 1658 5092 publicata"
1685 5023 1935 5092 pluribus

354 5090 525 5147 refert
552 5092 790 5158 Nicetas,
819 5092 853 5146 l.
883 5106 940 5155 ν,
968 5106 1022 5145 n.
1059 5092 1114 5155 9,
1143 5102 1201 5146 ut
1221 5103 1275 5145 et
1301 5090 1624 5155 Sabellicus,
1654 5090 1851 5146 decad.
1879 5093 1932 5155 1,

355 5162 390 5215 l.
427 5176 524 5217 vn.
564 5163 643 5216 Ita
675 5162 819 5217 idem
843 5161 1058 5216 Manuel
1098 5162 1387 5225 similibus,
1414 5170 1472 5214 ut
1497 5176 1594 5229 par
1621 5170 1708 5216 est
1738 5161 1932 5216 crede-

355 5248 436 5298 re,
458 5233 523 5287 de
550 5232 729 5287 causis
754 5231 978 5285 Pisanos
1008 5232 1100 5301 qui
1128 5230 1279 5299 Cpoli
1313 5229 1650 5301 frequentes
1670 5232 1740 5284 ob
1769 5245 1915 5285 mer-

355 5302 589 5356 cimonia
650 5304 893 5368 aderant,
925 5305 1057 5354 urbe
1091 5310 1145 5355 et
1192 5300 1403 5368 imperii
1444 5300 1741 5355 ditionibus
1771 5310 1917 5368 post-

356 5373 572 5427 modum
612 5375 838 5440 expulit,
856 5386 1057 5441 eosque
1083 5386 1295 5441 rursum
1339 5372 1607 5441 revocavit
1636 5386 1726 5423 an.
1752 5370 1913 5438 H72,

357 5452 417 5498 ut
450 5453 535 5496 est
585 5444 638 5504 in
680 5438 983 5495 Annalibus
1031 5456 1209 5494 rerum
1238 5438 1418 5494 Pisau.
1453 5438 1802 5504 Ughelbauis.

454 5512 542 5582 54)
578 5501 837 5582 πιςαγός
858 5527 933 5564 τι.
964 5509 1374 5582 Constantinus
1401 5501 1675 5582 _de'Adm.
1721 5511 1920 5582 imper.

2040 5163 2319 5221 τελωνεῖν.

2039 5232 2228 5302 λῶναι,
2266 5233 2317 5286 ot
2352 5225 2677 5302 τὴνδεκάδα
2709 5225 3008 5302 ἥδε-κάτῃν
3046 5225 3621 5302 ἐκλᾲέχοντεςτβιιαιιτι

2029 5296 2253 5371 [iu'gerii
2282 5296 2420 5373 regis
2453 5296 2973 5373 SiciliaAh1M3T
3013 5300 3153 5373 apud
3206 5296 3530 5373 tlgltelllmii.
3569 5296 3620 5346 in

2022 5364 2365 5442 arcbiepisc:
2375 5371 2705 5442 Salernitan.
2726 5388 2739 5424 :
2764 5369 3027 5442 Rrwterea
3049 5364 3284 5442 decurias
3311 5374 3359 5442 et
3374 5364 3633 5442 _aliajura

2021 5435 2401 5502 mercatorum,
2433 5457 2551 5511 quae
2598 5439 2937 5511 Salernitaui
2975 5441 3039 5511 in
3088 5436 3418 5511 A_le:t_:u_ndria
3479 5435 3628 5511 prius

2030 5512 2326 5579 persolvere
2354 5505 2501 5565 soliti
2529 5518 2706 5574 erant,
2736 5508 2805 5561 ad
2860 5510 3073 5579 modum
3108 5505 3307 5579 Sicilia!
3331 5506 3628 5579 negotium:

1975 4683 2019 4739 D
2050 4674 2395 4745 πανούργονς
2455 4673 2523 4745 τὸ
2572 4673 2847 4745 optimos-

2119 4735 2243 4814 (56)
2274 4735 2459 4814 Οὗτοι
2513 4735 2774 4808 Ἀλὲξίᾡζ
2811 4738 3327 4814 lirivilcgiavaria,
3372 4735 3633 4814 immuni-

2048 4805 2187 4869 tates
2212 4805 2266 4869 οι
2294 4813 2497 4887 praedia
2524 4805 2784 4887 concessa
2828 4805 3044 4887 Venetis
3076 4810 3144 4863 ab
3173 4805 3364 4887 Alexio
3401 4807 3634 4887 obprm-

2044 4887 2235 4939 etitum
2271 4877 2374 4938 sibi
2430 4890 2618 4939 contra
2682 4880 3027 4935 Wiscardum
3085 4877 3344 4931 auxilium
3399 4883 3633 4931 testatur

2044 4956 2224 5017 Anna,
2256 4954 2296 5006 l.
2336 4967 2391 5007 Vt
2426 4953 2585 5008 Alex.
2615 4968 2668 5018 p.
2700 4950 2828 5013 161,
2862 4948 2987 5004 162.

2115 5014 2229 5094 (57)
2258 5022 2545 5089 Δεκάτας.
2584 5014 2818 5094 Decima:
2842 5020 3125 5094 mercimn.
3150 5016 3335 5094 Gloss.
3364 5014 3583 5094 Basillic.
3612 5032 3628 5070 :

2045 5085 2356 5161 Δεκατευτή
2403 5085 2518 5157 ιον,⁷
2549 5089 2828 5153 τελώνιον,
2859 5085 2965 5143 Hes
3005 5089 3162 5144 chius
3199 5103 3215 5141 :
3279 5085 3629 5151 Δεκατεύειν,

2045 5163 2319 5221 τελωνεῖν.
2353 5109 2591 5230 δρεκὸπην
2621 5103 3075 5230 εἰσπράττεσθαι.
3109 5157 3480 5230 Δεκατευταζ,
3535 5172 3627 5207 τε-

2386 5173 2591 5233 εκατην
2620 5173 3075 5233 εισπραττεσυαι.
3109 5173 3481 5233 agitassent",
3535 5173 3627 5207 τε·

360 5600 391 5637 c
436 5571 557 5636 38':
578 5581 643 5635 Ἠ
671 5571 895 5634 Bovario.
925 5581 987 5634 τὸ
1019 5581 1117 5650 μὲν
1143 5581 1369 5632 παλαιὸν
1399 5574 1467 5648 ἦν
1520 5579 1683 5644 τόπος
1715 5571 1923 5650 ἐρήμός

2048 5598 2171 5649 'um,
2207 5581 2385 5635 reduci
2422 5571 2702 5649 faciemus.
2729 5579 3000 5650 Decimum
3023 5576 3096 5650 _iu
3128 5571 3417 5650 diplomate
3445 5571 3628 5650 Caroli

359 5671 445 5715 τε,
485 5653 741 5719 ἀοίκητος
762 5652 858 5703 καὶ
884 5649 1184 5719 βαλτῲδης.

2031 5642 2206 5721 Magni
2236 5642 2644 5721 apudDoublet.
2695 5650 2747 5721 in
2780 5642 3382 5721 Histor_.__$au_-l)iouys.
3414 5658 3465 5711 p.
3504 5642 3634 5712 708,

433 5714 547 5791 (55‘;
581 5714 959 5788 Βὼμολόχὸν.
997 5714 1212 5775 Nicetes
1266 5719 1337 5791 de,
1381 5716 1636 5775 Venetis:
1688 5720 1925 5791 Ἀνδρας

2048 5714 2158 5778 (09.
2198 5714 2329 5777 Vide
2361 5720 2671 5791 Agatbiam,
2705 5718 2743 5772 l.
2782 5733 2835 5783 ν,
2867 5731 2920 5785 p.
2954 5715 3079 5776 151.
3123 5714 3144 5768 l
3181 5715 3314 5768 edit.

366 5790 632 5858 θαλάττης
697 5795 1041 5858 τροφίμους,
1117 5791 1260 5843 κατά
1308 5790 1560 5854 Φοίνικας
1647 5790 1925 5860 ἀγύρτας,
