4014 6402
434 448 542 510 ϐῖιῗ

1658 447 1707 505 ll
1722 445 2022 504 [S'l‘URlA
2035 441 2200 505 llUM
2242 447 2387 507 LIB.
2435 448 2534 507 Vl.

3590 458 3696 520 658

425 558 708 627 ἐμϐάντας
758 554 908 625 αὐτῷ
946 555 1277 620 πλωῖζεσθαι
1311 558 1505 619 νυκτὸς
1538 558 1632 610 ἐπὶ
1685 558 1784 626 τὴν
1813 556 2006 609 αὐτῶν.

2125 556 2302 622 giunt.
2347 560 2412 610 At
2439 557 2665 612 Romani
2697 571 2748 612 ut
2788 559 2836 614 id
2869 560 3171 624 advertere,
3200 578 3228 614 a
3257 573 3408 631 tergo
3452 581 3542 620 eos
3570 583 3700 621 colt"

425 651 492 704 Ol
527 650 582 703 δὲ
614 648 893 716 τὸνλόγον
926 650 1298 719 ἁρπάσαντες,
1339 649 1604 718 ὲπιφόρου
1641 648 1736 701 τοῦ
1766 648 2014 718 πνεύμα-

426 761 519 806 τος
573 741 882 811 γεγονότος,
935 741 1302 813 εἰσεπήδησαν
1366 741 1455 794 ἐπ’
1501 743 1634 795 αὐτὸ
1694 743 1787 796 καὶ
1828 741 2014 796 λοιπὸν

424 833 634 904 ᾤχοντο
684 833 962 896 ἀπιόντες.
1022 833 1281 902 Ῥωμαῖοι
1321 835 1376 886 δὲ
1421 834 1735 905 αἰσθόμενοι
1782 835 2014 888 κατόπιν

426 927 608 979 αὐτῶν
639 925 886 992 ἐδίωξαν,
926 925 1250 993 ὲγγίσαντές
1285 943 1342 978 τε
1377 927 1583 992 αὐτοῖς,
1618 927 1746 998 περί
1783 945 1886 981 που
1921 928 2014 980 τὸν

439 1017 663 1072 Ἀϐύδου
724 1018 1014 1086 γεγονότες
1109 1018 1358 1088 πορθμὸν
1429 1018 1660 1090 Μηδικῴ
1716 1022 1852 1090 πυρὶ
1899 1019 2012 1092 (60)

427 1107 641 1177 φλέξειν
673 1109 974 1164 διενοοῦντο
1001 1111 1122 1178 (ee).
1169 1110 1308 1164 Ἀλλ’
1341 1112 1558 1173 ἐκεῖνοι,
1590 1112 1684 1166 ἆτε
1729 1111 1838 1164 τῶν
1877 1113 2013 1165 Ῥωο

428 1200 643 1270 μαῐκῶν
690 1200 880 1264 ἐθάδες
931 1203 1410 1271 ἐπιτηδευμάτων,
1469 1203 1659 1267 πίλους
1714 1205 1866 1266 τινὰς
1897 1205 2010 1273 (61)

422 1291 539 1354 ὄξει
585 1291 1109 1362 περιδεύσαντεςυγ)
1139 1292 1347 1357 τούτοις
1396 1311 1457 1348 τε
1512 1297 1692 1349 πᾶσαν
1736 1297 2012 1368 περιειλη-

424 1383 589 1450 φότες
648 1383 750 1454 τὴν
809 1383 944 1438 ναῦν
993 1385 1303 1438 ἐστέλλοντο
1368 1386 1685 1457 θαρσαλέοι.
1752 1389 2010 1458 Ῥωμαῖοι

421 1473 625 1540 τοίνυν,
655 1473 842 1544 ἐπειδὴ
861 1475 1028 1545 μηδὲν
1055 1475 1276 1528 ἀνύσειν
1307 1471 1452 1546 εἶχον
1485 1478 1567 1547 (τὸ
1597 1477 1706 1548 γὰρ
1739 1479 1850 1549 πῦρ
1875 1483 2010 1551 πορ-

426 1565 652 1634 ρωτάτω
697 1565 730 1635 ἢ
783 1567 952 1636 ἐχρῆν
1011 1567 1106 1619 ἐπὶ
1158 1567 1257 1638 τήν
1303 1566 1463 1637 βᾶριν
1491 1570 1933 1640 ἀκοντιζόμενον,
1973 1572 2006 1642 ἢ

423 1655 547 1707 οὐδὲ
596 1655 880 1728 έψαυεν,ή
915 1657 1008 1711 καὶ
1040 1658 1282 1714 πελάσαν
1314 1663 1426 1724 τοῖς
1462 1661 1634 1724 πίλοις
1666 1663 2008 1733 ἀποστρεφό-

426 1764 611 1814 μενον,
649 1747 774 1800 καθ’
803 1747 1011 1802 ὑδάτων
1033 1749 1318 1805 ἐσϐέννυτο
1347 1751 1557 1822 πεσὸν),
1589 1753 1861 1826 ἄπρακτοι
1883 1756 2008 1808 ἀνε-

420 1835 701 1906 χώρησαν.
736 1839 1020 1892 Οὺέννετοι
1054 1840 1131 1908 δὲ,
1169 1843 1268 1895 οὐκ
1297 1843 1377 1906 εἰς
1413 1845 1633 1917 μακρὰν
1675 1848 1740 1916 τῇ
1771 1846 1930 1916 σφετέ

425 1931 775 1998 προσχόντες,
831 1932 1018 1986 στόλον
1063 1937 1462 2007 τεκτηνάμενοι
1519 1939 1660 1994 κατά
1717 1941 2006 2011 Ῥωμαίων

422 2020 680 2089 ἐπῆλθον.
727 2023 800 2076 Τὸ
831 2023 930 2094 μὲν
977 2025 1069 2078 οῦν
1118 2027 1334 2098 πρῶτον
1373 2030 1602 2102 Εὐρίπῳ
1644 2033 2004 2104 προσέϐαλον·

424 2111 546 2164 ἐπεὶ
577 2113 624 2165 δ’
662 2114 1147 2186 ἀπεκρούσθησαν,
1173 2119 1440 2190 βασιλέως
1471 2125 1817 2194 στρατιωτῶν
1838 2143 2006 2197 φρου-

433 2203 529 2268 ρὰς
578 2205 908 2275 ἀποχρώσας
957 2212 1077 2273 ταῖς
1126 2213 1254 2282 τῇδε
1313 2213 1530 2268 πόλεσιν
1589 2218 2004 2287 ἐπιστήσαντος,

436 2293 528 2342 ἐπὶ
572 2294 666 2363 τὴν
698 2299 856 2366 νῆσον
884 2297 969 2368 [Ρ.
1005 2300 1128 2372 166]
1171 2303 1429 2375 ἐφέροντο
1474 2307 1627 2372 Χίον,
1679 2309 1911 2364 ἐνταῦθά
1946 2330 2007 2366 τε

441 2385 542 2445 τὰς
566 2385 690 2449 ναῦς
716 2389 1106 2456 ἀνελκύσαντες
1155 2395 1249 2449 ἐπὶ
1295 2399 1648 2470 καταδρομῆς
1688 2401 1785 2471 τῆς
1825 2401 2009 2472 χώρας

448 2477 686 2547 ἐξῄεσαν.
748 2481 904 2536 Ἀλλά
964 2485 1228 2556 δυνάμεσι
1284 2489 1564 2543 κάνταῦθα
1618 2494 2006 2564 περιτυχόντες

443 2571 738 2643 προμηθείᾳ
768 2573 1031 2642 βασιλέως
1059 2579 1150 2630 ἐπὶ
1183 2579 1280 2650 τὴν
1314 2580 1480 2648 νῆσον
1510 2583 1820 2650 διαϐἀσαις,
1859 2589 2007 2641 ἒπει-

432 2656 602 2729 δῆπερ
626 2661 707 2724 είς
744 2667 934 2735 χεῖρας
966 2663 1154 2737 ἦλθον,
1201 2670 1430 2734 πολλούς
1467 2689 1524 2724 τε
1567 2673 1677 2727 τῶν
1729 2677 2008 2748 σφετέρων

426 2753 700 2809 ἀπέϐαλον
744 2759 1110 2830 πολεμοῦντες
1163 2762 1258 2814 καὶ
1313 2763 1713 2834 ὀπισθόρμητοι
1761 2769 1854 2822 ἐπὶ
1909 2769 2008 2834 τάς

427 2843 556 2906 ναῦς
593 2847 901 2919 ἐχώρησαν.
940 2852 1203 2917 Βασιλεὺς
1225 2854 1282 2907 δὲ
1315 2857 1407 2909 καὶ
1451 2857 1594 2910 κατά
1635 2860 1834 2928 κράτος
1863 2863 2007 2916 ἁλῶ-

428 2956 512 2990 ναι
543 2942 768 3003 τούτους
797 2943 1176 3014 διανοούμενος
1209 2947 1524 3019 ὴπειρώτην
1573 2968 1631 3004 τε
1688 2955 1782 3005 καὶ
1821 2972 2008 3010 ναυτι-

427 3031 522 3081 κδν
557 3033 788 3096 στρατὸν
815 3036 1056 3106 πέμπειν
1095 3040 1180 3091 ἐπ’
1213 3040 1413 3104 αὐτοὺς
1443 3041 1722 3101 διενοεῖτο.
1765 3045 1911 3100 Ἀλλ’
1936 3045 2006 3120 ἦν

427 3123 535 3192 γάρ
570 3142 653 3190 τις
691 3127 750 3180 τὸ
787 3127 882 3182 τοῦ
919 3129 1216 3184 ἀκολούθου
1271 3132 1576 3202 τηνικαῦτα
1631 3135 2007 3210 λειτούργημα

1937 1863 2082 1948 ρᾳΒ

2119 649 2306 700 sectati
2343 659 2396 701 et
2423 650 2487 700 ad
2513 647 2708 702 fretum
2734 649 3044 720 Alydcnum
3077 653 3309 706 assecuti
3343 653 3550 712 Medico
3574 659 3697 728 igne

2121 737 2319 801 injecto
2371 755 2560 793 navem
2623 742 2940 795 comburere
2991 745 3168 797 conati
3220 757 3365 801 sunt.
3397 747 3507 804 Sed
3549 751 3692 806 enim

2119 829 2194 884 illi
2231 829 2597 886 Romanorum
2639 834 2882 888 moribus
2925 836 3151 901 assueti,
3203 853 3341 893 nave
3380 841 3695 898 coactilibus

2117 935 2274 979 aceto
2314 925 2632 980 madefactis
2663 935 2909 982 contecta
2943 937 2995 982 et
3025 931 3312 998 praecincta
3347 948 3538 989 secure
3566 952 3666 990 cna

2115 1014 2384 1083 vigaruut.
2419 1014 2604 1084 Itaque
2641 1015 2873 1073 Romani
2915 1034 3036 1074 cum
3084 1021 3215 1075 nihil
3273 1023 3543 1080 coniicere
3596 1043 3691 1096 po-

2117 1106 2353 1160 tuissent
2379 1105 2544 1176 (ignis
2570 1108 2770 1177 quippe
2801 1124 2830 1162 e
2865 1108 3122 1179 leginquo
3147 1109 3376 1164 nimium
3418 1107 3712 1182 projectus'

2114 1207 2206 1251 aut
2238 1213 2340 1250 non
2376 1197 2595 1267 pertigit
2623 1199 2688 1252 ad
2727 1215 2936 1265 navem,
2961 1211 3056 1254 aut
3088 1201 3139 1254 iu
3167 1202 3416 1257 coactilia
3451 1204 3693 1259 incidens

2116 1292 2262 1339 retro
2285 1286 2568 1355 agebatur,
2596 1289 2903 1358 cadensth
2927 1290 2978 1344 in
3005 1305 3200 1358 aquam
3226 1293 3712 1365 exstinguebatur}

2116 1377 2278 1432 rebus
2325 1377 2543 1433 infectis
2585 1380 2878 1436 redierunt.
2902 1380 3018 1435 Non
3052 1383 3221 1438 multo
3249 1395 3369 1453 post
3393 1384 3447 1438 in
3492 1393 3688 1440 terram

2115 1481 2269 1520 suam
2324 1468 2534 1536 appulsi
2568 1469 2758 1525 Veneti
2803 1469 3064 1526 fabricata
3105 1473 3279 1528 classe
3319 1474 3369 1527 in
3419 1473 3691 1530 Romanos

2111 1558 2511 1627 expeditionem
2537 1576 2850 1632 suscepere.
2876 1562 2952 1619 Ac
2979 1564 3154 1633 primo
3185 1565 3401 1633 quidem
3431 1566 3687 1635 Euripum

2112 1649 2379 1707 invadunt
2431 1670 2444 1706 :
2506 1669 2742 1722 cumque
2790 1654 2913 1710 inde
2963 1656 3174 1725 expulsi
3240 1667 3420 1712 essent
3475 1657 3689 1728 (idonea

2112 1744 2313 1814 quippe
2352 1745 2665 1800 civitatibus
2693 1761 2815 1814 qua:
2852 1747 2925 1801 ibi
2972 1755 3189 1802 exstant
3221 1749 3467 1818 praesidia
3515 1749 3691 1815 impo—

2112 1845 2302 1890 suerat
2330 1835 2648 1904 imperator)
2683 1837 2958 1906 trajiciunt
2989 1839 3058 1894 ad
3088 1839 3316 1894 insulam
3363 1840 3582 1896 Chium.
3614 1840 3687 1894 lbi

2113 1929 2340 1984 navibus
2360 1929 2527 2001 284
2549 1930 2850 1996 subductis,
2877 1932 2942 1986 ad
2965 1932 3394 2002 depopulandam
3415 1935 3687 2004 regionem

2112 2030 2332 2077 exeunt.
2359 2021 2460 2076 Sed
2488 2021 2540 2076 in
2578 2024 2784 2090 copias,
2818 2038 2938 2092 qua!
2978 2023 3320 2093 imperatoris
3354 2025 3686 2094 providentia

2112 2114 2164 2170 in
2199 2114 2432 2170 insulam
2470 2116 2807 2170 transmissa:
2831 2115 3066 2180 fuerant,
3094 2117 3410 2179 incidentes.
3439 2129 3688 2173 conserto

2112 2207 2344 2263 invicem
2369 2208 2576 2278 praelia,
2611 2209 2876 2276 caesisque
2901 2208 3146 2276 pluribus
3171 2225 3235 2263 ex
3272 2210 3408 2274 suis,
3441 2219 3586 2264 retro
3620 2211 3686 2264 ad

2112 2315 2276 2356 naves
2303 2301 2615 2371 confugere.
2653 2300 2955 2370 Imperator
2979 2309 3160 2355 autem
3184 2303 3398 2370 penitus
3423 2317 3514 2357 eos
3541 2318 3688 2357 com-

2113 2395 2470 2464 prehendere,
2499 2404 2551 2448 et
2583 2402 2898 2449 terrestrem
2924 2393 3276 2463 navalemque
3303 2397 3598 2450 exercitum
3633 2397 3684 2449 in

2113 2488 2234 2544 illos
2270 2488 2484 2543 mittere
2509 2488 2868 2542 constituerat
2895 2504 2908 2540 :
2946 2484 3041 2542 sed
3073 2496 3191 2542 erat
3215 2487 3433 2557 quidam
3460 2501 3521 2541 ea
3553 2496 3688 2542 tem-

2113 2588 2342 2649 pestate,
2376 2578 2466 2647 qui
2518 2577 2756 2632 acoluthi
2805 2577 3068 2646 dignitate
3115 2575 3464 2646 fungebatur,
3503 2577 3684 2630 Aaron

2111 2674 2349 2736 nomine,
2382 2673 2465 2725 vir
2493 2671 2636 2726 elato
2667 2680 2721 2724 et
2752 2669 3030 2740 arroganti
3072 2670 3359 2724 admodum
3401 2669 3602 2724 animo.
3637 2667 3686 2722 Is

2110 2765 2454 2834 imperatoris
2504 2763 2664 2819 rebus
2712 2762 3107 2818 adversabatur
3138 2777 3372 2832 semper,
3415 2777 3686 2832 pravequo

2111 2858 2405 2927 legationes
2431 2855 2632 2910 obiisse
2660 2853 3026 2924 deprehensus
3049 2851 3250 2920 fuerat,
3287 2863 3449 2923 atque
3473 2853 3674 2907 artium

2109 2951 2332 3018 insuper
2355 2947 2684 3017 magicarum
2708 2944 3144 2999 insimulabatur.
3172 2945 3277 3000 Sed
3304 2945 3368 2998 de
3388 2945 3455 2998 iis
3478 2951 3682 3013 postea,

2108 3054 2232 3092 cum
2269 3040 2429 3110 digno
2456 3038 2745 3092 scelestum
2779 3039 2924 3091 hunc
2947 3038 3214 3105 supplicio
3237 3036 3446 3106 justitia
3482 3036 3681 3092 aﬂ’ecit.

2110 3130 2244 3184 Tum
2271 3141 2448 3184 autem
2479 3129 2696 3182 Veneta:
2738 3128 2883 3198 genti
2935 3129 3146 3196 prodito
3172 3128 3428 3196 principis
3459 3127 3684 3182 consilio

429 3216 834 3287 περικείμενος,
901 3221 1110 3292 ’Δαρὼν
1157 3223 1362 3294 ὄνομα,
1429 3225 1570 3297 ἀνὴρ
1625 3234 2004 3300 φρονηματίας

2113 3230 2340 3274 conatus
2362 3219 2502 3272 illius
2523 3218 2794 3288 impediit.
2819 3218 2938 3271 .lam
2965 3217 3107 3271 enim
3133 3218 3250 3272 vela
3275 3217 3476 3272 fecerat
3496 3217 3684 3272 classis

430 3309 522 3359 καὶ
569 3307 762 3373 δεινῶς
802 3311 1037 3377 ἀλαζών.
1099 3308 1267 3379 Οὗτος
1318 3316 1547 3381 δύσνους
1584 3324 1696 3384 τοῖς
1742 3323 2006 3392 βασιλέως

428 3398 517 3450 ἀεὶ
581 3400 902 3471 πράγμασιν
947 3405 1023 3458 ὣν
1079 3408 1533 3478 παραπρεσβείας
1584 3428 1642 3464 τε
1686 3413 2006 3481 πλειστάκις

428 3488 570 3541 ἑάλω
603 3490 712 3560 (gg)
747 3493 840 3545 καὶ
872 3493 1174 3564 δαιμονίοις
1204 3497 1604 3568 προστετηκὼς
1639 3501 2005 3573 ἐξελήλεγκτο

427 3579 628 3647 ἔργοις.
678 3582 840 3638 Ἀλλὰ
869 3585 1042 3640 ταῦτα
1067 3586 1165 3656 μὲν
1193 3586 1443 3659 ὕστερον,
1490 3590 1656 3644 ὁπότε
1695 3594 1789 3646 καὶ
1819 3595 1850 3662 ὴ
1879 3594 2003 3666 δίκη

427 3667 488 3720 εὖ
544 3673 772 3726 ποιοῦσα
833 3675 1070 3744 μετῆλθε
1121 3677 1213 3731 τὸν
1263 3679 1566 3751 ἀλιτήριον.
1622 3683 1756 3736 Τότε
1809 3685 1854 3738 δ’
1913 3682 2007 3740 οὖν

429 3759 736 3815 Οὐεννέτων
761 3763 838 3834 τῷ
868 3766 1011 3850 ἔθνει
1054 3767 1323 3822 ἔκπυστον
1349 3771 1410 3824 τὸ
1451 3771 1732 3845 βούλευμα
1776 3779 2010 3847 ποιησά-

431 3863 593 3935 μενος
636 3849 840 3921 έσςηλε
889 3849 1106 3923 βασιλεῖ
1148 3861 1250 3925 τὴν
1295 3857 1627 3930 ἐγχείρησιν.
1685 3862 1876 3916 Ἐπλει
1908 3866 2008 3935 μὲν

426 3933 537 4004 γὰρ
580 3938 639 3990 τὸ
680 3938 972 4010 Ῥωμαίων
1017 3945 1270 3999 ναυτικὸν
1302 3947 1388 4016 ἐφ’
1428 3941 1472 4015 ᾧ
1519 3952 1598 4013 εἰς
1651 3937 1742 4005 τεν
1787 3933 2005 4008 Μαλέαν

427 4030 650 4096 γεγονὸς
699 4033 1066 4107 (ἀκρωτήριον
1127 4038 1183 4091 δέ
1235 4040 1386 4093 ἐστιν
1443 4037 1598 4105 οὗτος
1650 4045 1878 4115 ἡμερῶν
1929 4048 2004 4111 ὡς

430 4120 697 4175 πλείστων
745 4125 847 4195 τῆς
885 4129 1206 4196 νήσουξΧίου
1243 4131 1359 4185 ὁδὸν
1389 4133 1613 4204 διέχον),
1646 4136 1878 4191 ἐνταῦθα
1916 4140 2002 4193 ἐλ-

432 4213 685 4281 λοχήσειν
724 4217 1052 4283 Οὐεννέτους
1095 4239 1108 4251 ·
1140 4222 1238 4294 ήδη
1276 4225 1386 4294 γάρ
1414 4226 1646 4292 ἐπίδοξοι
1694 4223 1836 4300 ἦσαν
1867 4232 2005 4302 πρὸς

427 4303 524 4357 τοῦ
567 4304 850 4376 Ῥωμαίων
889 4311 1308 4382 ὲξελαθήσεσθαι
1364 4317 1612 4382 πεζικοῦ,
1662 4319 1711 4384 ὃ,
1749 4320 2003 4392 καθάπερ

2110 3312 2374 3376 Romana,
2409 3321 2466 3364 ut
2499 3321 2781 3381 postquam
2819 3310 2884 3365 ad
2916 3310 3138 3364 Maleam
3171 3310 3508 3381 pervenisset
3541 3308 3684 3378 (pro-

2111 3404 2438 3459 montorium
2472 3403 2523 3456 id
2551 3412 2634 3456 est
2673 3401 2964 3456 multorum
3007 3402 3213 3456 dierum
3250 3401 3444 3456 itinere
3484 3414 3513 3453 a
3546 3399 3682 3454 Chio

2113 3497 2286 3551 insula
2320 3495 2595 3562 dissitum)
2630 3494 2853 3550 insidias
2882 3493 2957 3548 ibi
2995 3493 3218 3548 Venetis
3266 3494 3488 3548 faceret.
3521 3492 3679 3548 Certa

2107 3591 2269 3645 etiam
2303 3601 2618 3657 pervaserat
2649 3587 2854 3658 opinio,
2908 3601 3005 3642 eos
3039 3601 3068 3640 a
3108 3587 3286 3656 pedite
3325 3585 3567 3640 Romano
3601 3599 3684 3638 re-

2111 3681 2322 3752 pulsum
2350 3679 2439 3745 iri,
2475 3679 2590 3750 qui,
2625 3687 2682 3732 ut
2713 3679 2872 3732 modo
2893 3677 3148 3742 diximus,
3177 3677 3399 3732 structis
3427 3675 3481 3730 in
3509 3673 3681 3730 insula

2109 3772 2343 3838 insidiis,
2376 3771 2644 3840 superiori
2680 3769 2850 3823 Marte
2884 3785 3008 3823 cum
3061 3769 3127 3823 iis
3167 3767 3542 3822 dimicaverat.
3580 3765 3684 3820 Ve-

2109 3881 2227 3920 rum
2265 3864 2364 3931 illi,
2407 3873 2517 3917 tum
2567 3863 2708 3929 quod
2759 3876 2788 3914 a
2822 3858 3084 3914 Romanis
3112 3861 3202 3930 qui
3239 3861 3291 3914 in
3327 3858 3501 3914 insula
3529 3865 3684 3912 erant

2109 3973 2301 4028 magna
2331 3971 2550 4010 suorum
2577 3963 2730 4023 parte
2762 3952 2969 4006 multati
3001 3961 3205 4016 essent,
3235 3961 3346 4005 tum
3378 3947 3520 4018 quod
3547 3947 3687 4002 clas-

2109 4065 2224 4106 sem
2255 4047 2417 4102 etiam
2458 4059 2645 4098 eorum
2687 4044 2978 4097 adventare
3023 4040 3382 4109 perciperent,
3431 4039 3684 4092 inclinato

2104 4141 2214 4210 jam
2248 4139 2332 4192 die
2359 4135 2549 4192 solutis
2583 4133 2794 4188 ancoris
2825 4135 2891 4186 ab
2921 4131 3094 4186 insula
3135 4145 3430 4187 recessere.
3463 4130 3684 4184 Postero

2064 4277 2079 4292 .
2112 4239 2292 4286 autem
2326 4241 2482 4280 tuane
2519 4223 2712 4280 classis
2765 4221 3010 4275 Romana
3061 4221 3290 4277 Lesbum
3340 4221 3567 4291 appulit,
3619 4235 3684 4274 ac

2112 4321 2202 4377 ubi
2230 4334 2350 4390 quae
2389 4326 2538 4388 gesta
2567 4322 2726 4370 erant
2751 4312 2979 4382 accepit.
3001 4328 3140 4382 pone
3167 4312 3409 4368 insecuta
3435 4320 3536 4367 est.
3568 4311 3684 4366 Cm-

427 4395 737 4471 εἴρηται,τῇ
761 4401 909 4472 νήσῳ
933 4403 1206 4474 ἐνεδρεῦον
1222 4403 1282 4470 ἐξ
1306 4406 1641 4476 ὑπερδεξίων
1663 4411 1847 4474 αὐτοῖς
1877 4429 2004 4465 συν-

2115 4422 2286 4466 terum
2331 4406 2556 4462 stataria
2602 4416 2779 4474 pugna
2826 4403 2902 4458 rei
2933 4417 3202 4458 summam
3235 4403 3490 4458 dirimere
3520 4400 3684 4473 285

1783 4553 1877 4614 Du
1911 4553 2130 4630 Cangii
2168 4557 2354 4612 notae.

505 4639 616 4709 (60)
685 4641 930 4712 Μηδικῷ
951 4647 1115 4712 πυρί.
1153 4646 1286 4702 Vide
1332 4649 1677 4706 Lambecium
1707 4653 1758 4708 in
1813 4654 2002 4709 Codini

436 4721 682 4784 excepta,
729 4728 786 4766 ιι.
842 4715 1015 4784 Ωκθι
1071 4731 1192 4784 qua:
1250 4724 1316 4772 ad
1375 4718 1640 4776 Villbard.
1699 4741 1752 4777 ιι.
1802 4724 1902 4777 115
1949 4733 1999 4778 et

430 4779 764 4854 Joinvillam,
820 4798 873 4850 ρ.
939 4783 1024 4849 7i,
1076 4779 1141 4840 de
1189 4787 1314 4854 igne
1365 4789 1555 4846 Grazco
1601 4807 1631 4845 ει
1668 4794 1822 4848 nobis
1877 4805 2004 4848 sunt

428 4851 741 4905 observata.

507 4919 618 4993 (61)
658 4921 886 4989 Πίλους
927 4923 1116 4992 τινάς.
1154 4925 1378 4981 Navium
1414 4929 1580 4986 latera
1637 4934 1801 4987 siccis
1838 4935 2000 4988 boum

2114 4653 2279 4707 coriis
2331 4648 2735 4711 muniebantur,
2771 4657 2828 4699 ut
2862 4647 2928 4700 ab
2961 4645 3082 4714 igne
3109 4644 3307 4712 injecto
3336 4652 3449 4714 tuta
3478 4653 3680 4714 essent.

2117 4723 2503 4792 Pacltytncres,
2535 4719 2650 4792 1.),
2684 4733 2733 4774 c.
2927 4711 3093 4769 Ἀλλὰ
3129 4711 3221 4792 καὶ
3237 4714 3323 4792 ματα
3351 4711 3558 4783 πλευρά
3587 4713 3684 4780 τῆς

2113 4793 2242 4859 νηὸς
2269 4783 2504 4862 ’βοείαις
2533 4787 2735 4862 -αὖαις-
2767 4787 3030 4862 ἐξήρτυον
3058 4787 3186 4862 ’καὶ
3234 4783 3420 4862 ὅπλοις
3455 4799 3684 4862 κατεκρ-

2125 4852 2380 4931 σμοῦντο.
2416 4861 2493 4931 th;
2522 4852 2891 4931 ἀποχρώντως
2920 4854 3256 4931 ἀνθέξούσης
3285 4854 3386 4924 μὲν
3409 4852 3544 4922 πρὸς
3570 4852 3680 4918 πῦρ

2116 4923 2208 4986 κάι
2240 4933 2346 4984 πᾶν
2379 4929 2440 4982 τὸ
2474 4923 2802 4998 βαλλόμενον
2830 4927 2928 4996 τῆς
2961 4923 3118 4987 νεώς.

1715 5066 1993 5127 Cornelii
2026 5068 2215 5130 'l‘ollii
2247 5075 2433 5128 notis.

511 5175 609 5253 (ge)
653 5176 897 5253 Μηδικῷ
928 5180 1092 5253 -πυρὶ
1143 5183 1394 5250 φλέξειν
1444 5185 1813 5239 διενοοῦντο.
1887 5185 2011 5253 Igne

431 5245 638 5323 Medico
655 5248 734 5301 \el
755 5248 989 5323 n_aphtl_ta
1013 5245 1439 5323 cerljectailgnis
1455 5257 1536 5307 vel
1559 5255 1733 5310 oleum
1749 5245 2013 5310 Medicum

431 5318 653 5382 quodin
686 5317 906 5385 regione
933 5317 1210 5375 Medorum
1247 5317 1585 5378 conﬁciatur.
1643 5324 1786 5378 Idem
1841 5336 1927 5380 est
1958 5337 2014 5380 et

431 5386 733 5438 Persicum.
776 5387 1096 5444 Ammianus
1131 5391 1497 5454 Marcellinus.
1530 5394 1565 5447 l.
1604 5410 1740 5448 um
1771 5411 1787 5448 :
1822 5394 1884 5448 In
1909 5396 2010 5450 hac

434 5456 642 5534 regione
675 5455 942 5534 (Perside)
999 5459 1170 5534 oleum
1226 5464 1502 5534 conﬁritnr
1551 5463 1839 5525 Medicum,
1906 5483 2008 5534 quo

432 5527 632 5578 illitum
666 5525 826 5578 telum
877 5525 1192 5583 demissum
1223 5525 1414 5585 lentius
1436 5534 1638 5588 laxiore
1674 5551 1802 5586 arcu
1833 5552 1850 5594 ;
1883 5525 2007 5588 n'am

433 5597 540 5645 ictu
601 5595 959 5671 exstinguitur
1000 5600 1210 5671 rapido,
1241 5603 1448 5655 hwscrit
1478 5605 1710 5671 uspiam,
1751 5605 2006 5658 (atrociter

433 5676 629 5742 cremat
654 5679 674 5727 ;
709 5667 828 5742 et_si
877 5684 1013 5742 aqna
1043 5667 1259 5742 uoluerit
1287 5674 1501 5742 obruere
1518 5667 1816 5742 quisquam,
1846 5686 2006 5728 cestus

428 5734 627 5804 (πεὲιιιι
665 5736 897 5788 acriores
923 5734 1320 5796 incendiorum.
1351 5741 1423 5794 Ita
1450 5734 1697 5798 em'endF-t
1725 5743 1924 5804 locum,
1953 5755 2008 5798 et

433 5802 680 5878 pluribus
706 5805 1190 5878 Διιειηοιυο-Μιεάἰυυ
1221 5813 1327 5878 agit
1375 5811 1599 5866 illustris
1629 5802 1927 5868 Salmasius
1953 5816 2006 5868 in

435 5872 917 5930 exercitationibus
951 5874 1210 5935 Pliuianis
1247 5872 1311 5935 ad
1333 5879 1595 5936 Sulinum.
1635 5882 1818 5937 Refert
1845 5887 2006 5938 etiam

2115 5189 2348 5245 Ctesias.
2405 5185 2690 5239 Persarum
2746 5197 2902 5254 reges
2931 5184 3051 5240 oleo
3080 5183 3205 5244 hoc,
3264 5183 3382 5237 sine
3409 5181 3517 5236 ullo
3549 5182 3682 5254 igni,

2113 5259 2277 5312 urbes
2332 5255 2564 5310 hostium
2591 5254 2838 5308 incendio
2886 5255 3170 5310 absumere
3210 5254 3573 5306 censuevisse.

2183 5329 2268 5396 (θ’)
2313 5327 2540 5396 Haon
2575 5322 2745 5396 Δτινὰς
2776 5323 2900 5388 ὄξει
2954 5321 3440 5396 περιδελύσαιρτες.
3504 5319 3684 5396 Latini

2113 5392 2310 5452 ullo'it'es
2349 5394 2433 5448 vel
2484 5392 2713 5448 cudone:
2768 5402 2982 5454 vocant,
3023 5393 3163 5459 quoi
3190 5406 3254 5443 ex
3314 5392 3431 5443 laua
3459 5392 3681 5446 coactili

2109 5468 2191 5522 vel
2213 5484 2279 5522 ex
2309 5465 2432 5534 pilis
2458 5465 2510 5517 iu
2540 5464 2770 5534 inodum
2801 5461 3171 5534 glanapressis
3205 5471 3262 5534 et
3296 5463 3500 5534 coactis
3523 5462 3683 5534 quasi

2108 5528 2327 5590 subrusi
2355 5543 2503 5590 sunt.
2540 5529 2676 5586 Vide
2723 5528 2980 5586 Saltnasii
3017 5541 3172 5584 notas
3205 5531 3255 5583 in
3290 5528 3492 5584 [lilium
3522 5530 3683 5586 Lamo

2144 5607 2360 5660 ridium.

2104 5623 2823 5745 prigll‘lmhapazpsw’siac
2853 5688 2916 5725 τε
2951 5668 3252 5745 πολλάκις
3294 5669 3473 5745 sane.
3503 5670 3682 5724 Aaron

2106 5740 2288 5799 istein
2332 5740 2452 5797 aula
2482 5740 2600 5797 erat
2653 5743 2978 5807 legationum
3034 5741 3344 5794 exterarum
3375 5740 3684 5806 interpres;

2109 5831 2174 5867 ne
2215 5812 2338 5884 quis
2368 5813 2540 5884 ipsum
2566 5812 2861 5882 legationes
2898 5812 3044 5867 circa
3085 5811 3221 5866 alias
3280 5821 3466 5880 gentes
3499 5811 3681 5865 obisse

2107 5894 2278 5954 putet.
