4014 6440
415 457 528 520 669

1595 454 2137 517 HISTORIARUM
2181 453 2328 512 LIB.
2368 453 2508 516 νη.

3577 446 3683 508 6Ἰο

1736 638 2177 725 ΒΙΒΔΙΟΝ
2251 631 2355 721 Ζ’.

1746 983 2052 1060 LIBER
2136 985 2320 1062 VII.

494 1288 563 1338 α’.
603 1284 671 1335 ’Δ
704 1281 806 1352 μὲν
838 1277 934 1336 οὖν
963 1283 1091 1354 ἄχρι
1125 1282 1221 1336 καὶ
1250 1281 1411 1354 δεῦρο
1440 1283 1520 1347 είς
1547 1282 1776 1354 ἧπειρον
1807 1281 2001 1335 ἐκατέ-

2183 1286 2230 1339 1.
2272 1287 2344 1342 Ea
2379 1286 2492 1342 fere
2539 1294 2665 1341 sunt
2709 1300 2827 1355 quae
2866 1283 3130 1340 hactenus
3169 1295 3395 1353 utraque
3424 1283 3475 1337 in
3510 1282 3684 1337 conti-

426 1392 523 1447 ραν
553 1375 767 1447 βασιλεί
786 1375 1047 1445 Μανουὴλ
1081 1376 1364 1445 εἴργαστο,
1396 1374 1577 1428 τοιάδε
1602 1374 1726 1427 τινὰ
1756 1374 2000 1441 ἐγένετο.

436 1464 592 1536 Ἑξῆς
627 1466 684 1519 δέ
713 1482 805 1535 μοι
835 1465 1176 1536 γεγράψεται
1207 1465 1308 1519 ὅσα
1337 1465 1431 1518 ἐπὶ
1463 1464 1651 1527 Ἀσίας
1681 1464 1793 1533 (74)
1832 1479 2001 1533 στρα-

421 1559 739 1627 τευσαμένῳ
776 1557 953 1627 τούτῳ
1001 1556 1285 1622 ξυνέπεσε.
1335 1554 1727 1621 Κλιτζιεσθλάν
1761 1555 1891 1626 γάρ,
1938 1548 2001 1607 οὖ

422 1651 588 1705 πολὺν
614 1652 675 1702 ὲν
702 1651 820 1713 τοῖς
870 1647 1185 1719 ἔμπροσθεν
1215 1647 1596 1719 ἐποιησάμεθα
1626 1648 1808 1716 λόγον,
1863 1649 2002 1719 χρή-

425 1759 597 1811 ματα,
634 1741 826 1811 ὥσπερ
852 1739 1009 1810 ἔφην,
1041 1739 1252 1808 μεγάλα
1283 1740 1419 1811 πρὸς
1445 1739 1709 1809 βασιλέως
1739 1756 2003 1811 κεκομισ-

425 1836 586 1904 μένος
619 1830 907 1904 δυνάμεώς
935 1849 994 1885 τε
1025 1833 1117 1884 ἐπὶ
1168 1832 1419 1885 πλεῖστον
1467 1825 1571 1903 ἧκε
1614 1831 1710 1886 κάι
1738 1832 1848 1885 τῶν
1878 1833 2005 1903 τῇδε

421 1923 704 1980 δυναστῶν
748 1924 944 1987 ἀλλους
989 1940 1049 1975 τε
1098 1924 1197 1987 τὰς
1240 1922 1416 1993 ἀρχὰς
1462 1923 1796 1994 ἀφελόμενος
1844 1924 2006 1987 αὐτὸς

422 2018 547 2089 ἔσχε
576 2019 673 2072 καὶ
702 2016 768 2087 δὴ
799 2016 896 2069 καὶ
937 2016 1194 2079 Σανισᾶν,
1243 2015 1302 2079 ὃς
1345 2014 1576 2083 ἀδελφὸς
1626 2015 1726 2085 μὲν
1755 2015 1902 2086 αὐτῷ
1935 2012 2004 2088 ἦν

425 2111 519 2165 καὶ
545 2111 612 2163 ἐκ
634 2107 747 2163 τῶν
776 2108 961 2161 αὐτῶν
995 2108 1097 2177 ἔφυ
1132 2109 1488 2178 σπερμάτων,
1526 2108 1785 2178 Γάγγρας
1814 2109 1870 2162 δὲ
1911 2110 2006 2163 καὶ

425 2200 707 2271 ’Δγκύρας
748 2200 960 2254 πόλεων
992 2201 1197 2270 ἀμφοῖν
1245 2195 1385 2271 ἦρχε
1415 2199 1758 2264 Γαλατικῶν,
1819 2198 2009 2269 βιασά-

439 2272 598 2360 μενος
618 2290 714 2353 τὰς
746 2290 847 2361 μὲν
879 2289 970 2360 ὑφ’
997 2289 1193 2343 ἐαυτὸν
1221 2291 1549 2361 ἐποιήσατο,
1592 2289 1671 2362 τῷ
1695 2290 1774 2351 δὲ,
1817 2290 2006 2360 ἐπειδὴ

446 2380 524 2451 μὴ
552 2382 893 2435 κατακτεῖναι
935 2381 1186 2453 ἐδυνήθη,
1216 2382 1466 2450 ἀνάγκην
1500 2382 1676 2452 ἐπῆγε
1728 2381 1865 2453 ξένῳ
1911 2383 2007 2436 καὶ

447 2469 687 2542 ἐπηλύτῃ
720 2472 841 2543 ἔθνη
889 2472 1195 2543 ἀνθρώπων
1246 2474 1518 2542 περιιέναι
1565 2474 1767 2527 πάντα.
1818 2473 2003 2546 Ταύτῃ

442 2563 535 2617 καὶ
566 2562 772 2634 βατιλεῖ
804 2565 905 2635 μέν
936 2565 1061 2618 οὐδέ
1106 2582 1230 2618 τινα
1272 2565 1482 2620 πόλεων
1529 2565 1804 2631 ἀπεδίδου,
1832 2560 1907 2621 ὧν
1937 2565 2003 2620 ἂν

2109 1389 2270 1433 nente
2301 1378 2515 1433 Mannel
2548 1378 2840 1448 imperator
2873 1376 3041 1446 gessit
3083 1390 3098 1428 :
3133 1375 3386 1443 deinceps
3416 1388 3477 1428 ea
3518 1388 3685 1440 expc-

2106 1470 2273 1532 diam.
2307 1485 2427 1539 qua:
2465 1470 2518 1524 in
2561 1469 2689 1525 Asia
2742 1469 2944 1524 bellum
2993 1466 3204 1535 gerenti
3260 1477 3513 1520 evenere.
3549 1462 3681 1517 Clit-

2105 1557 2395 1627 ziesthlan,
2429 1563 2497 1617 de
2527 1577 2634 1632 quo
2664 1561 2833 1615 multa
2867 1561 2920 1614 in
2950 1558 3323 1630 superioribus
3353 1554 3684 1610 memoravi-

2106 1670 2251 1717 mus,
2271 1654 2482 1723 magnis
2506 1664 2566 1709 ut
2591 1654 2703 1708 dixi
2729 1654 2797 1708 ab
2822 1653 3150 1721 imperatore
3174 1648 3412 1717 acceptis
3436 1645 3683 1717 pecuniis

2108 1746 2273 1799 ditior
2314 1745 2698 1814 rotentiorque
2749 1746 2951 1807 factus,
2986 1743 3194 1797 vicinos
3240 1743 3499 1810 dynastas
3532 1738 3684 1806 prin-

2107 1836 2380 1905 cipatibus
2429 1837 2545 1891 suis
2591 1836 2743 1891 exuit
2793 1849 3093 1904 eorumque
3127 1840 3303 1888 terras
3347 1828 3676 1896 occupavit:
3705 1811 3719 1830 ’

2107 1926 2201 1981 sed
2238 1935 2293 1980 et
2317 1925 2536 1996 Gangra
2564 1910 2910 1997 Ancyrhque,
2938 1924 3161 1982 Galatia:
3200 1922 3400 1993 oppido
3426 1930 3679 1987 utroque,

2108 2021 2375 2076 Sanisane
2406 2021 2579 2075 fratre
2607 2020 3037 2089 consanguineo,
3071 2017 3165 2084 qui
3210 2016 3275 2070 iis
3309 2013 3680 2082 imperitabat,

2106 2129 2204 2184 per
2229 2112 2621 2182 vim'expulso,
2651 2112 2855 2180 potitus
2889 2110 3185 2177 estzeique
3221 2122 3343 2162 cum
3387 2118 3571 2159 necem
3602 2103 3682 2155 in-

2111 2208 2252 2260 ferre
2277 2219 2383 2259 non
2409 2204 2693 2273 potuisset,
2720 2200 2986 2272 peregrini
3007 2209 3062 2255 et
3078 2201 3299 2270 advena;
3319 2199 3683 2251 instarterras

2108 2312 2300 2352 omnes
2337 2306 2551 2353 exteras
2580 2293 2955 2350 circumeundi
2995 2291 3373 2346 necessitatem
3408 2285 3680 2353 imposuit.

2119 2384 2302 2455 Itaque
2332 2384 2533 2439 nullam
2565 2397 2749 2438 earum
2782 2396 2918 2451 quas
2945 2389 3164 2450 ceperat
3193 2378 3472 2433 civitatum
3507 2378 3684 2443 impe-

2106 2477 2275 2532 ratori
2335 2474 2617 2531 reddidit:
2649 2472 2810 2544 292
2850 2486 3024 2542 neque
3069 2470 3369 2540 quidquam
3426 2464 3685 2536 prmstitit

2114 2584 2295 2624 rerum
2351 2581 2487 2637 quas
2516 2566 2629 2637 ipse
2653 2564 3008 2636 jurejurando
3036 2570 3156 2616 erat
3194 2559 3480 2628 pollicitus.
3513 2557 3682 2610 Arroo

435 2655 804 2726 περιγεγονὼς
835 2656 993 2727 τύχοι
1018 2671 1031 2686 '
1061 2655 1183 2710 οὐδέ
1217 2673 1271 2709 τι
1305 2656 1415 2708 τῶν
1441 2656 1638 2722 ἄλλων,
1685 2655 1831 2727 ἅπερ
1860 2657 2007 2729 αὐτῷ

2113 2661 2293 2731 gabtia
2324 2667 2583 2728 praeterea
2637 2672 2701 2711 ac
2753 2654 3037 2709 ferocitate
3064 2652 3301 2719 quadam
3349 2648 3401 2701 in
3440 2658 3685 2716 quosque

428 2746 961 2819 διομολογησάμενος
991 2747 1160 2820 ἔφθη,
1190 2747 1438 2810 ἐπιτελὲς
1472 2750 1648 2802 ποιεῖν
1673 2747 1854 2818 ἤθελε.
1891 2749 2007 2801 Μεη

430 2838 811 2911 γαλοφροσύνῃ
851 2839 910 2894 δὲ
959 2839 1017 2903 ἐς
1062 2840 1272 2902 πάντας
1317 2838 1518 2909 ἐχρῆτο
1555 2839 1878 2910 ἀνθρώπους
1914 2839 2008 2893 καὶ

429 2930 527 3003 τὴν
552 2931 735 3002 ὁρμὴν
758 2931 975 3001 οὐδαμῆ
1004 2930 1271 2994 καθεκτὸς
1297 2925 1387 3000 ἦν.
1422 2931 1490 2983 Ἀ
1523 2928 1781 2999 βασιλεὺς
1810 2929 2010 2983 ἐννοῶν

430 3024 757 3094 ἐχαλέπαινε
813 3023 914 3092 μὲν
948 3023 1045 3076 καὶ⁸
1098 3020 1170 3074 τά
1219 3020 1463 3092 πρότερα
1496 3018 1593 3073 καλ⁵
1641 3022 1701 3073 ἐν
1755 3020 1916 3091 δεινῷ
1948 3020 2011 3074 τὸ

430 3115 665 3187 πρᾶγμα
690 3114 947 3178 ἐποιεῖτο,
982 3113 1120 3185 πρὸς
1142 3112 1200 3166 δὲ
1230 3113 1341 3166 τῶν
1372 3112 1651 3183 ἐσπερίων
1680 3113 2012 3183 ἀνθελκόμε-

430 3225 520 3270 νος
543 3205 887 3280 πραγμάτων
914 3206 1051 3277 πρὸς
1084 3204 1298 3271 τούτοις
1325 3206 1423 3259 καὶ
1449 3206 1518 3261 τὰ
1556 3207 1616 3273 ἐξ
1659 3206 1850 3270 Ἀσίας
1877 3209 2010 3262 ἀνα-

430 3302 601 3354 κινεῖν
633 3300 838 3372 ἥκιστα
868 3299 1081 3370 ἤθελεν.
1128 3297 1282 3351 Ἐπεὶ⁵
1311 3297 1367 3351 δὲ
1394 3297 1572 3361 οὐδεὶς
1604 3297 1905 3367 οὐδαμόθεν
1944 3298 2004 3364 ἐξ

433 3388 673 3458 ἑσπέρας
721 3386 873 3455 αὐτῷ
911 3386 1155 3454 πόλεμος
1192 3385 1515 3454 ἀνεφαίνετο
1553 3384 1649 3439 τοῦ
1695 3386 1884 3439 λοιποῦ
1915 3383 2010 3439 ἀτε

431 3479 646 3542 πάντας
668 3477 770 3549 ἤδη
794 3477 1207 3550 κατωρθωκότι,
1234 3477 1552 3549 στράτευμα
1573 3477 1804 3548 ἀγείρας
1825 3476 2011 3531 ίκανὸν

429 3571 560 3643 τῇδε
609 3570 909 3624 διαϐαίνειν
950 3570 1226 3626 διενοεῖτο.
1275 3569 1669 3635 Κλιτζιεσθλάν
1709 3570 1792 3635 δὲ,
1821 3569 2009 3639 ἐπειδὴ

432 3664 641 3716 τούτων
669 3663 895 3735 ἤκουσε,
928 3662 1191 3734 πρέσϐεις
1242 3665 1299 3726 ἐς
1341 3660 1570 3728 βασιλέα
1615 3661 1842 3732 πέμψας
1872 3662 2009 3716 ἄλλα

430 3757 494 3810 τέ
523 3758 573 3811 οῑ
604 3757 711 3811 τῶν
736 3758 879 3810 κατὰ
894 3755 1125 3827 γνώμην
1154 3755 1383 3826 ἐπιτελῆ
1413 3757 1591 3811 ποιεῖν
1610 3754 1881 3826 ὡμολόγει
1913 3756 2012 3809 καὶ

443 3848 737 3919 Ῥωμαίων
777 3848 1042 3918 δυνάμεις
1086 3849 1183 3902 ἐπὶ
1214 3847 1553 3918 κατασχέσει
1586 3846 1801 3900 πόλεων
1842 3840 1918 3903 ὧν
1944 3849 2011 3902 ἂν

432 3940 691 4017 βασιλεὺς
724 3941 934 4013 αἱροῖτο
964 3939 1164 3994 αὐτίκα
1190 3940 1285 3993 ἐπὶ
1317 3939 1504 3994 Ἀσίαν
1528 3939 1792 4010 σταλῆναι
1821 3939 2007 4010 ἠξίου·

2112 2752 2391 2808 hominum
2445 2749 2727 2814 utebatur,
2774 2762 2872 2801 nec
2919 2745 3027 2799 ullo
3074 2744 3232 2798 modo
3263 2748 3473 2812 poterat
3518 2736 3684 2791 animi

2111 2845 2349 2914 impetus
2368 2843 2673 2897 continere.
2700 2839 2830 2905 Quae
2861 2838 2949 2892 ubi
2985 2834 3212 2906 principi
3240 2840 3516 2912 comperta
3539 2837 3685 2892 sunt,

2113 2946 2226 2989 tum
2271 2936 2450 3005 priora
2489 2933 2632 2987 illius
2670 2930 2935 2995 facinora,
2978 2937 3090 2983 tum
3144 2925 3493 2979 insolentiam
3544 2933 3687 2989 πετο

2113 3026 2275 3081 tulit:
2309 3025 2405 3080 sed
2449 3022 2889 3079 Occidentalibus
2935 3018 3165 3090 negotiis
3214 3014 3507 3085 impeditus
3535 3026 3686 3066 com-

2110 3133 2331 3175 movere
2385 3118 2608 3185 insnper
2661 3117 2842 3169 Asiam
2902 3114 3215 3167 verebatur.
3271 3112 3339 3162 At
3401 3116 3685 3176 posuluam

2111 3210 2319 3265 nullum
2356 3208 2408 3261 in
2447 3206 2745 3263 Occidente
2776 3204 3010 3273 amplius
3036 3201 3136 3257 sibi
3166 3213 3453 3268 Superesse
3482 3194 3683 3250 bellum

2111 3305 2269 3371 vidit,
2303 3303 2467 3359 rebus
2500 3311 2689 3371 utpote
2715 3301 2786 3355 ibi
2825 3299 3054 3353 feliciter
3077 3294 3359 3356 confectis,
3381 3290 3688 3359 conscripto

2113 3400 2311 3454 idoneo
2345 3395 2587 3451 exercitu
2622 3394 2859 3449 transire
2879 3393 2929 3445 in
2949 3390 3131 3445 Asiam
3154 3384 3458 3442 constituit.
3477 3381 3689 3460 Quibus

2111 3491 2409 3547 intellectis
2443 3486 2820 3543 Clitziestblan
2851 3500 2947 3554 per
2985 3482 3192 3551 legatos
3220 3490 3555 3550 quaecunque
3585 3475 3688 3528 im-

2113 3593 2330 3655 peraret
2366 3582 2546 3636 omnia
2581 3580 2853 3634 facturum
2892 3590 2954 3631 se
2987 3572 3217 3643 principi
3261 3568 3559 3639 respondit.
3605 3563 3688 3619 Ad

2115 3677 2233 3731 haec
2261 3674 2448 3743 cepias
2481 3672 2775 3730 Romanas,
2810 3679 2869 3721 ut
2897 3681 3032 3737 quas
3062 3664 3224 3719 vellet
3250 3661 3502 3715 civitates
3530 3670 3694 3711 oceu-

2116 3779 2293 3840 paret,
2324 3768 2377 3822 in
2420 3766 2606 3820 Asiam
2637 3763 2776 3817 mitti
2807 3761 3102 3831 postulavit
3137 3777 3152 3812 :
3188 3772 3248 3813 se
3290 3753 3495 3809 laboris
3529 3750 3691 3805 istius
3752 3828 3761 3833 Ἄ

2114 3839 2434 3930 participem
2471 3856 2793 3924 sociumque
2842 3850 2957 3906 fore
2991 3849 3286 3919 pollicitus.
3336 3845 3430 3900 His
3454 3839 3693 3908 acceptis

2120 3949 2528 4007 conditionibus
2560 3947 2809 4001 Alexinm
2849 3943 3243 4011 Petralazpham
3276 3954 3395 3993 cum
3440 3950 3534 3989 sex
3567 3932 3692 3986 mil-

434 3997 605 4099 ἓτόνου
789 3997 895 4084 ⁸τοῦ
951 4031 1046 4085 ἐπὶ
1079 4029 1257 4101 τούτῳ
1305 3997 1889 4101 συλλήψεσθαιισφίσι-
1914 4031 2007 4084 καὶ

2116 4044 2246 4097 lium
2278 4039 2523 4095 exercitu
2575 4039 2868 4106 imperator
2901 4050 2967 4088 eo
3003 4032 3206 4095 mittit,
3255 4028 3398 4082 datis
3442 4021 3693 4095 pecuniis

432 4123 619 4177 αὐτόν.
653 4122 838 4176 Ταῦτα
882 4121 1136 4192 βασιλεὺς
1181 4121 1589 4193 ἀποδεξάμενος
1628 4122 1866 4187 Ἀλέξιον
1919 4123 2010 4176 τδν

434 4215 814 4285 Πετραλοίφαν
883 4213 1259 4287 στρατεύματι
1322 4214 1439 4285 ἅμα
1497 4215 1558 4279 ἐς
1611 4213 2014 4286 ἑξακισχιλίους

431 4308 828 4378 ἀριθμουμένῳ
882 4307 1118 4378 ἔπεμψε,
1185 4307 1450 4379 χρήματά
1505 4310 1556 4362 οἱ
1616 4309 2006 4380 προσεπιδούς,

433 4401 579 4471 ᾇπερ
629 4401 783 4473 αὐτῷ
835 4403 917 4463 είς
972 4400 1207 4467 πόλεμον
1266 4400 1417 4454 τόνδε
1474 4402 1813 4473 ἀποχρήσειν
1845 4401 2004 4472 ᾤετο.

432 4492 676 4558 ’Δλέξιος
705 4493 807 4562 μὲν
832 4488 927 4546 οὖν
950 4490 1043 4546 ἐπὶ
1067 4491 1335 4555 τοιούτοις
1361 4493 1442 4556 είς
1469 4492 1567 4563 τὴν
1601 4494 1790 4548 Ἀσίαν
1820 4496 2007 4549 ἐστέλ-

430 4580 554 4631 λετο
577 4595 592 4609 ο
626 4579 1022 4644 Κλιτζιεσθλὰν
1052 4580 1136 4647 δέ,
1174 4579 1363 4650 ἐπειδὴ
1397 4580 1488 4634 τὸν
1507 4581 1799 4651 Ῥωμαίων
1842 4600 2010 4653 στρα-

431 4673 524 4729 τὸν
556 4672 647 4746 [Ρ.
687 4674 811 4747 171]
849 4662 1139 4746 προσιέναι
1176 4675 1438 4746 ἦκουσεν,
1474 4678 1554 4740 εἰς
1580 4676 1767 4740 πόλεις
1794 4678 2009 4748 ἐκπέμο

435 4779 575 4827 πων,
601 4762 669 4826 ἀς
697 4763 777 4816 ἔτι
802 4764 1139 4834 ἀχειρώτους
1172 4764 1324 4835 αὐτῷ
1351 4764 1665 4832 ξυνέϐαινεν
1696 4762 1857 4832 εῖναι,
1891 4767 2011 4831 δέος

429 4853 494 4906 τὸ
527 4856 594 4907 ἐκ
624 4856 723 4926 τῆς
755 4853 1021 4924 βασιλέως
1048 4856 1305 4909 ὑπέτεινε
1352 4857 1506 4926 σφίσι
1538 4858 1822 4929 στρατιᾶς.
1853 4859 1923 4914 Ai
1955 4859 2012 4914 δὲ

429 4946 572 5015 πρὸς
622 4948 943 5021 ἀμφοτέρας
972 4948 1072 5018 οὐχ
1115 4945 1228 5001 οἷαί
1257 4966 1318 5002 τε
1349 4948 1507 5004 οὖσαι
1540 4950 1801 5020 δυνάμεις
1827 4951 2012 5004 ἀντισ-

430 5042 549 5110 χεῖν
569 5037 691 5101 οὔτι
721 5039 975 5096 ἑκούσιαι
1007 5041 1160 5112 αὐτῷ
1191 5042 1606 5113 προσεχώρουν.
1648 5043 1707 5098 '0
1740 5044 1797 5096 δὲ
1822 5044 2011 5115 ἐπειδὴ

429 5132 527 5203 καὶ
553 5131 735 5187 αὐτῶν
773 5132 1053 5204 ἐγκρατὴς
1090 5134 1322 5202 γένοιτο,
1357 5134 1616 5202 οὐδεμιᾶς
1652 5135 1841 5190 λοιπὸν
1879 5136 2014 5187 Ῥω-

2116 4150 2251 4205 quas
2286 4133 2351 4186 ad
2386 4131 2583 4186 bellum
2617 4128 2758 4182 istud
2793 4124 3188 4181 conficiendum
3221 4118 3469 4173 sufﬁcere
3495 4113 3691 4169 existi-

2121 4226 2324 4282 mabat.
2344 4222 2458 4278 Hoc
2474 4223 2691 4292 quidem
2715 4227 2975 4288 apparatu
2997 4216 3049 4269 in
3075 4213 3259 4268 Asiam
3283 4210 3428 4263 venit
3448 4206 3690 4260 Alcxius.

2119 4315 2491 4376 Clitziestblan
2554 4321 2778 4377 autem,
2850 4317 2911 4363 ut
2966 4308 3263 4362 adventare
3318 4301 3689 4354 Romanorum

2121 4411 2424 4469 exercitum
2457 4404 2720 4476 percepit,
2769 4401 2950 4456 missis
2983 4399 3049 4453 ad
3082 4397 3352 4454 civitates.
3383 4404 3517 4461 quas
3553 4403 3695 4440 ιιιιιι-

2119 4506 2247 4562 dum
2303 4480 2433 4572 ipse‘
2474 4500 2861 4566 occupaverat,
2919 4491 3144 4555 nuntiis,
3202 4501 3455 4558 pavorem
3490 4482 3580 4537 iis
3625 4494 3689 4533 ex

2120 4592 2466 4666 imperatoris
2518 4588 2761 4644 exercitu
2818 4586 3063 4640 incutere
3107 4579 3360 4636 intendit.
3414 4574 3517 4629 Sed
3567 4586 3691 4626 cum

2117 4704 2194 4744 ea:
2243 4685 2310 4740 ad
2359 4680 2798 4750 utramque-vim
2846 4674 3223 4731 sustinendam
3279 4669 3457 4722 minus
3509 4672 3694 4719 essent

2118 4777 2349 4839 idoneae,
2387 4772 2533 4826 illius
2568 4768 2794 4839 imperio
2826 4767 3011 4821 invitae
3040 4778 3099 4820 se
3133 4760 3444 4817 subdidere.
3471 4755 3696 4826 Oppidis

2119 4868 2284 4937 igitur
2319 4865 2438 4919 istis
2475 4862 2679 4932 potitus
2730 4859 2936 4913 nullum
2971 4856 3165 4911 horum
3212 4851 3446 4922 amplius
3483 4850 3694 4904 tradere

2118 4956 2382 5012 Romanis
2403 4953 2565 5024 293
2600 4953 2791 5006 voluit.
2818 4948 2973 5006 Unde
3002 4948 3079 5001 ira
3113 4958 3373 5001 accensus
3401 4942 3694 5008 imperator

2116 5042 2392 5114 extemplo
2422 5056 2683 5111 apparare
2716 5040 2912 5095 bellum
2946 5038 3154 5093 statuit.
3197 5034 3305 5089 Sed
3352 5047 3500 5095 eum,
3529 5027 3694 5080 variis

2121 5139 2392 5193 distentus
2423 5133 2692 5204 negotiis,
2726 5133 2778 5187 id
2814 5145 3075 5202 peragere
3105 5143 3210 5183 non
3235 5128 3421 5197 posset
3461 5120 3695 5191 (quippe

434 5226 617 5298 μαίοις
644 5227 941 5298 ἐπιχωρεῖν
995 5225 1208 5299 ἢθελεν.
1262 5227 1381 5297 Ἐφ’
1428 5222 1509 5292 οἷς
1563 5227 1864 5298 ἠγανάκτει
1915 5227 2007 5296 μὲν

2117 5229 2228 5300 jam
2280 5241 2374 5280 ver
2421 5224 2767 5295 praeterierat
2815 5222 2973 5278 bellis
3012 5217 3267 5293 gerendis
3302 5213 3540 5269 maxime
3576 5212 3694 5264 ido-

1789 5386 1888 5448 Du
1918 5385 2144 5468 Cangii
2180 5395 2364 5449 notua.

507 5537 622 5609 (τι)
663 5536 791 5591 Ἐπὶ
841 5538 1063 5609 Ἀσίας.
1096 5537 1308 5592 Bellum
1359 5536 1647 5593 Iconiense
1678 5551 2012 5609 commemo-

2110 5537 2294 5591 mnltis
2337 5544 2558 5591 narrant
2613 5535 2851 5591 Nicetas.
2915 5532 2950 5586 1.
2980 5546 3057 5594 vr,
3111 5545 3164 5583 n.
3208 5528 3233 5581 1
3283 5522 3337 5581 et
3385 5523 3633 5593 sequenti
3672 5533 3689 5577 :

428 5597 557 5663 rare
586 5597 900 5676 aggreditur
957 5597 1277 5673 Cinnamus,
1321 5609 1374 5661 in
1419 5624 1524 5676 quo
1566 5616 1841 5661 cruentam
1873 5607 2012 5659 adeo
2106 5616 2161 5659 et
2212 5604 2428 5676 Tyrius,
2482 5609 2585 5661 sub
2619 5622 2708 5658 an.
2741 5602 2897 5663 1171,
2930 5618 3035 5676 quo
3080 5610 3132 5676 et
3162 5597 3517 5676 coltttttissttttt
3547 5611 3689 5676 βίω.-

427 5665 732 5747 βοεειιέἔει
787 5677 994 5732 cladem
1051 5665 1276 5732 Mannel'
1317 5665 1514 5733 accisis
1563 5680 1728 5731 totius
1785 5677 1994 5747 imperii
2106 5665 2501 5747 lintn'testatur
2536 5677 2571 5729 Ι.
2600 5665 3298 5747 1xt,c,_12.'AtLigerttttt
3359 5665 3692 5747 θιίακιξηῐξο.

430 5746 669 5812 viribus,
700 5755 761 5800 ut
793 5762 1059 5815 nusquam
1092 5749 1349 5813 deinceps
1390 5749 1605 5802 solitam
1638 5748 1834 5799 mentis
1868 5746 2003 5799 hila-

425 5818 670 5879 ritatetn,
706 5831 813 5886 qua
848 5816 1198 5885 singulariter
1230 5817 1637 5885 prteemiuebal,
1669 5815 2000 5886 exhibuerit,

430 5900 534 5940 nec
586 5884 836 5956 corporis
875 5887 1160 5955 soSpitate,
1230 5884 1333 5951 qua
1391 5887 1682 5956 plurimum
1747 5884 1999 5956 pollebat,

2107 5744 2291 5800 bertus
2317 5748 2384 5800 de
2431 5745 2612 5800 Monte
2645 5734 2709 5800 et.
2754 5744 3007 5798 Nieolaus
3041 5734 3339 5798 Trivcttns,
3376 5752 3466 5790 an.
3498 5734 3636 5789 H79
3674 5753 3688 5798 ;

2102 5814 2423 5870 Vincentius
2473 5816 2686 5869 Belvatu

2100 5885 2410 5956 Chronicon
2466 5885 2890 5956 Reichcrsperg.
2960 5897 3012 5953 ί),
3053 5881 3199 5947 315;
3250 5889 3305 5936 et
3327 5875 3577 5947 Algidius
3620 5888 3689 5932 ue

2764 5814 2800 5867 l.
2853 5829 2983 5867 sui
3046 5813 3209 5864 Save.
3250 5808 3390 5864 Hist.
3441 5822 3479 5858 ιι
3539 5806 3684 5862 15οε

431 5968 607 6043 usque
653 5955 710 6023 in
742 5954 1054 6027 supremum
1106 5958 1230 6016 vita:
1262 5954 1406 6013 diem
1452 5956 1648 6012 fruitus
1711 5957 1800 6010 sit.
1871 5954 2001 6013 l.lud
2098 5955 2275 6025 Iioya,
2315 5971 2402 6012 an.
2436 5954 2594 6013 1176.
