4014 6454
345 405 444 469 ϋἹί

1627 403 1955 465 JOANNIS
1992 401 2329 463 CINNAMI

3509 404 3619 463 (:72

351 534 534 582 neum,
576 532 684 588 quo
737 525 980 586 tempore
1031 523 1141 570 tum
1180 515 1284 570 alia
1332 513 1598 571 Romanis
1640 515 1927 571 commoda

2040 512 2290 583 βασιλεὺς
2318 514 2412 566 καὶ
2446 512 2646 566 αὐτίκα
2700 513 2794 566 ἐπὶ
2848 512 3031 583 μάχην
3087 513 3453 568 καθίστασθαι
3504 517 3618 569 διε-

351 626 647 682 proeurare
680 619 794 665 tum
831 610 994 663 etiam
1049 609 1213 663 urbes
1264 608 1574 676 ubicunque
1629 608 1792 662 vellet
1845 606 1929 659 in-

351 716 603 759 staurare
628 712 843 773 poterat
876 719 889 756 :
922 710 1182 772 praeterea
1222 700 1384 753 etiam
1417 698 1665 766 Amasia,
1689 698 1930 754 Orientis

352 796 506 861 urbs,
546 798 612 851 ad
643 810 767 850 eum
800 794 1053 856 accessit,
1110 806 1235 862 qua:
1284 791 1424 846 bello
1472 793 1698 847 necdum
1748 794 1927 861 palam

352 889 616 958 ﬂagrante
667 888 809 943 ultro
840 902 901 942 se
945 886 1144 941 dedere
1177 886 1437 939 Romanis
1469 896 1656 955 parata
1702 885 1930 940 videba-

355 980 487 1051 tur),
521 995 616 1034 eas
648 979 809 1049 igitur
835 978 905 1033 ob
935 992 1135 1034 causas
1167 976 1291 1031 talia
1316 977 1573 1032 instituit.
1610 976 1928 1032 Michaelem

349 1072 609 1137 Gabram,
647 1070 825 1124 virum
868 1081 926 1125 ut
974 1069 1171 1139 saepius
1203 1083 1231 1122 a
1264 1083 1350 1123 me
1376 1068 1579 1123 dictum
1611 1077 1691 1123 est
1725 1071 1928 1125 sebasti

350 1164 612 1231 dignitate
643 1172 864 1217 auctum
898 1162 1090 1233 reique
1123 1161 1375 1217 militaris
1411 1161 1825 1231 peritissimum,
1874 1165 1928 1218 in

349 1251 777 1324 Paphlagoniam
831 1251 996 1306 mittit
1027 1261 1082 1307 et
1126 1266 1249 1306 cum
1300 1252 1660 1321 praesentibus
1700 1253 1932 1323 aliisque

352 1345 473 1400 istis
519 1345 571 1399 in
606 1344 924 1414 regionibus
952 1344 1342 1400 contrahendis
1385 1345 1580 1413 copiis,
1615 1354 1731 1399 tum
1766 1347 1930 1401 etiam

352 1452 477 1491 cum
512 1437 600 1502 iis,
650 1452 770 1506 quae
797 1452 863 1492 ex
898 1437 1244 1506 Trapezunte
1274 1448 1327 1492 et
1355 1435 1577 1502 OEnaeo.
1613 1437 1932 1494 civitatibus

352 1530 605 1597 l‘onticis,
666 1530 1012 1586 accersenda!
1052 1539 1231 1596 erant,
1290 1532 1358 1586 ad
1403 1531 1679 1585 Amasiatn
1714 1532 1816 1586 iter
1850 1532 1934 1586 in-

354 1623 574 1677 tendere
624 1621 800 1691 iubet.
860 1622 1075 1678 lnterea
1129 1632 1185 1678 et
1242 1623 1360 1678 hinc
1409 1623 1681 1680 accidere.
1733 1623 1932 1679 Joanni

351 1714 756 1782 Contacuzeno,
793 1715 950 1786 cujus
981 1716 1175 1771 crebra
1208 1731 1237 1770 a
1284 1731 1369 1771 me
1402 1714 1548 1771 facta
1582 1717 1634 1770 in
1683 1717 1934 1786 superio-

352 1806 504 1863 ribus
529 1806 681 1863 libris
711 1812 938 1876 mentio,
979 1810 1121 1865 lilius
1154 1820 1272 1865 erat
1305 1810 1543 1878 Manuel,
1592 1809 1766 1866 forma
1803 1826 1937 1865 con-

353 1900 574 1965 spicuus
601 1910 655 1954 et
677 1902 874 1956 robore
897 1904 1145 1971 corporis
1175 1903 1306 1957 nulli
1324 1904 1613 1973 aequalium
1638 1905 1931 1961 secundus.

357 1989 509 2045 llunc
544 1993 703 2047 rebus
738 2001 795 2048 ut
825 1994 1001 2060 aiunt,
1042 1994 1295 2051 nefandis
1328 2007 1386 2050 ut
1423 1996 1716 2065 plurimum
1754 1999 1935 2053 inten-

357 2090 470 2134 tum
528 2083 736 2137 monuit
805 2084 982 2153 primo
1067 2087 1369 2156 imperator
1425 2088 1495 2143 ab
1551 2089 1730 2158 iisque
1789 2091 1935 2147 illius

352 2181 604 2227 avertere
656 2173 897 2228 animum
961 2178 1188 2232 studuit.
1248 2177 1354 2233 Sed
1417 2194 1538 2234 cum
1604 2182 1934 2238 obstinatius

350 2264 551 2331 emptis
595 2264 896 2331 insisteret,
930 2268 1068 2322 ultra
1116 2270 1232 2326 ha'c
1277 2286 1387 2325 non
1435 2287 1626 2341 passus
1657 2274 1933 2344 princeps,

352 2355 408 2409 in
463 2371 740 2412 carcerem
792 2373 917 2413 eum
957 2361 1213 2431 c0njeeit.
1256 2363 1327 2418 At
1374 2367 1501 2419 dum
1547 2365 1599 2418 in
1635 2368 1932 2420 custodiam

351 2447 664 2513 abducitur,
698 2452 843 2518 quod
882 2452 951 2505 ab
1000 2452 1068 2505 iis
1112 2452 1206 2520 qui
1254 2454 1578 2523 magistratu
1632 2454 1936 2525 funguntur

354 2540 496 2594 haud
529 2555 654 2595 raro
686 2542 801 2597 ﬁeri
836 2542 1086 2598 videmus
1112 2545 1319 2615 (facere
1349 2547 1497 2600 enim
1540 2563 1601 2602 ea
1636 2548 1935 2618 plurimum

354 2631 531 2685 solent
561 2647 659 2702 per
691 2647 813 2702 qua:
847 2634 1079 2701 gratiam
1129 2636 1394 2705 principis
1438 2652 1499 2692 se
1543 2647 1936 2693 consecuturos

353 2723 572 2792 putant)
601 2723 776 2779 invito
813 2725 1147 2795 imperatore
1181 2727 1358 2782 oculis
1389 2728 1793 2782 adolescentem
1829 2728 1941 2799 pri-

354 2824 503 2870 vant.
530 2815 694 2888 294
714 2814 869 2884 Quod
893 2818 983 2873 ubi
1010 2818 1098 2873 ille
1128 2819 1355 2884 audivit,
1382 2819 1692 2889 indignatus
1718 2822 1936 2889 quidem

355 2907 770 2980 obtestatnsque
791 2920 876 2965 est
908 2912 1080 2966 inscio
1113 2925 1174 2966 se
1202 2910 1255 2965 id
1281 2910 1481 2964 factum
1507 2925 1647 2965 esse.
1686 2902 1937 2966 Dolori-in

360 3009 539 3057 tamen
572 3017 637 3057 ex
673 3017 740 3057 eo
774 3013 1100 3073 conceptmn
1138 3017 1268 3057 casu
1297 3001 1441 3068 tulit,
1472 3016 1594 3056 cum
1624 3008 1942 3071 suppeteret

357 3093 516 3161 nihil,
566 3096 709 3150 unde
738 3093 998 3150 facinoris
1030 3105 1282 3149 auctores
1308 3095 1593 3164 plceterct.

2031 607 2203 658 νοεῖτο
2230 622 2246 639 ο
2292 605 2402 659 τῶν
2464 605 2811 675 πραγμάτων
2857 604 2915 657 δὲ
2953 604 3100 674 αὐτῷ
3139 604 3362 675 μηδαμῆ
3405 622 3620 677 συγχω-

2032 697 2272 767 ρούντων
2332 697 2381 767 (ὃ
2436 713 2494 749 τε
2550 696 2660 766 γὰρ
2717 695 2811 749 τοῦ
2857 690 2993 766 ἦρος
3046 695 3241 764 ἐξῆκεν
3277 696 3376 767 ἤδη
3426 699 3617 768 καιρὸς

2032 789 2315 858 πολεμίοις
2374 788 2618 855 μάλιστα
2668 788 2964 860 προσήκων
3011 788 3087 843 ὢν
3129 791 3440 860 πράγμασι,
3494 793 3618 847 καθ’

2031 880 2090 933 ὃν
2132 880 2267 934 ἄλλα
2310 897 2370 933 τε
2406 880 2515 933 τῶν
2567 880 2867 950 συμφόρων
2907 882 3202 951 Ῥωμαίοις
3237 882 3619 953 διοικήσασθαι

2032 972 2197 1035 αὐτὸς
2251 972 2388 1043 ᾤετο
2421 975 2516 1026 καὶ
2573 973 2640 1040 δὴ
2690 976 2786 1027 καὶ
2840 975 3024 1038 πόλεις
3094 977 3177 1029 ὅτι
3220 976 3423 1046 δήποτε
3469 978 3619 1049 αὐτῷ

2035 1064 2344 1137 βουλομένῳ
2377 1062 2447 1138 ἦν
2487 1067 2770 1136 ἀνεγεῖραι
2796 1083 2811 1099 ⁴
2865 1069 3006 1138 πρὸς
3056 1068 3114 1121 δέ
3176 1071 3272 1122 καὶ
3317 1071 3612 1139 Ἀμάσεια,

2033 1157 2189 1221 πόλις
2218 1156 2349 1229 ἑῴα,
2397 1158 2520 1211 τότε
2550 1159 2617 1229 δὴ
2644 1158 2796 1230 αὐτῷ
2831 1160 3201 1231 προσεχώρει,
3235 1158 3304 1231 ἣν
3333 1160 3488 1215 οὔπω
3516 1166 3620 1233 μά-

2033 1267 2136 1319 χης
2158 1253 2239 1313 εἰς
2262 1250 2323 1303 τὸ
2343 1251 2587 1320 ἐμφανὲς
2612 1251 2946 1321 ἐκραγείσης
2970 1253 3068 1307 σὺν
3091 1253 3351 1325 εύπετείᾳ
3384 1254 3620 1323 μάλιστα

2045 1343 2354 1412 Ῥωμαίους
2407 1342 2676 1413 λήψεσθαι
2730 1344 2877 1407 εἰκὸς
2927 1340 3041 1416 ἦν),
3094 1344 3299 1399 τούτων
3345 1346 3409 1415 δὴ
3448 1346 3619 1400 ἕνεκα

2034 1439 2177 1491 κατά
2208 1437 2335 1491 τάδε
2373 1437 2571 1492 ἐποίει.
2607 1438 2828 1509 Μιχαὴλ
2861 1440 2959 1509 μὲν
2999 1433 3042 1506 ᾧ
3079 1439 3369 1511 ἐπίκλησις
3398 1440 3620 1511 Γαὸρᾶς

2032 1524 2122 1598 ἦν,
2152 1530 2343 1602 ἀνδρα,
2374 1530 2449 1595 ὣς
2482 1548 2569 1601 μοι
2603 1531 2873 1595 πολλάκις
2891 1532 3195 1604 ἐρρήθη,ἐς
3219 1551 3277 1586 τε
3309 1534 3370 1587 τὸ
3400 1535 3508 1589 τῶν
3532 1552 3620 1587 σε-

2035 1620 2255 1674 ϐαστῶν
2282 1621 2499 1692 ἀξίωμα
2520 1622 2726 1692 ἥκοντα
2758 1622 2854 1674 καὶ
2879 1622 3159 1691 πολεμίων
3191 1622 3395 1684 ἱκανῶς
3424 1622 3622 1691 ἔμπει-

2039 1730 2131 1784 ρον
2178 1713 2378 1785 ἔργων,
2408 1715 2501 1766 ἐπὶ
2554 1713 2654 1785 τὴν
2698 1713 3071 1783 Παφλαγόνων
3105 1714 3402 1778 ἐξὲστειλε,
3454 1716 3622 1783 στρά-

2036 1822 2214 1874 τευμα
2245 1804 2272 1857 ὃ
2304 1805 2403 1874 μὲν
2442 1804 2641 1859 αὐτίκα
2676 1806 3042 1876 ἐπαγόμενον,
3094 1805 3123 1858 ὃ
3167 1805 3221 1858 δέ
3260 1805 3355 1858 καί⁵
3395 1806 3459 1857 ἐκ
3509 1805 3620 1856 τῶν

2034 1900 2161 1969 τῇδε
2194 1898 2409 1967 χωρίων
2445 1897 2793 1969 ἀθροίσοντα,
2821 1900 2938 1953 ὅσοι
2968 1915 3027 1951 τε
3055 1899 3199 1968 ἀμφὶ
3242 1896 3619 1967 Τραπεζοῦντι

2034 1990 2129 2042 καὶ
2158 1988 2359 2058 Οἰναίῳ
2385 1988 2608 2041 πόλεσιν
2635 1987 2879 2059 ᾧκηνται
2910 1990 3221 2052 Ποντικαῖς,
3256 1989 3350 2042 καί⁵
3379 1988 3605 2049 τούτους

2033 2081 2092 2135 δὲ
2140 2080 2670 2150 μεταπεμψάμενον,
2713 2080 2969 2134 ἐκέλευεν
3019 2079 3166 2133 οὕτω
3212 2081 3269 2141 ἐς
3314 2079 3619 2148 Ἀμάσειαν

2036 2172 2351 2243 παρελθεῖν,
2398 2173 2487 2225 Ἐν
2549 2173 2606 2225 δέ
2662 2173 2840 2241 τούτῳ
2885 2172 3066 2225 τοιάδε
3104 2171 3230 2224 τινὰ
3292 2171 3615 2236 ξυνέπεσεν.

2046 2265 2271 2336 Ἰωάννῃ
2324 2265 2401 2336 τῷ
2460 2264 2930 2336 Καντακουζηνῷ,
2985 2261 3047 2318 οὒ
3104 2265 3365 2325 πολλάκις
3401 2265 3458 2314 ἐν
3509 2264 3622 2323 τοῖς

2035 2355 2353 2428 ἔμπροσθεν
2376 2357 2814 2428 ἐπεμνήσθημεν
2841 2357 3045 2425 λόγοις,
3084 2358 3215 2417 παῖς
3242 2351 3310 2426 ἢν
3331 2353 3619 2423 Μανουὴλ,

2039 2452 2167 2503 ἰδεῖν
2202 2467 2261 2503 τε
2294 2450 2499 2518 ἀγαθὸς
2522 2453 2617 2503 καὶ
2646 2448 2808 2521 ῥώμῃ
2839 2450 3095 2520 σώματος
3125 2448 3340 2511 οἰδενὸς
3369 2446 3476 2500 τῶν
3503 2446 3621 2515 ἠλι-

2037 2544 2251 2595 κιωτῶν
2275 2544 2462 2612 ἥσσων
2485 2544 2798 2613 γενόμενος.
2830 2541 3019 2612 Τούτῳ
3043 2540 3107 2613 δὴ
3140 2539 3397 2609 βασιλεὺς
3414 2541 3621 2607 ἔργοις.

2037 2635 2112 2697 ὡς
2141 2635 2378 2703 ἐλέγετο,
2417 2634 2822 2705 ἀπειρημένοις
2845 2634 2919 2698 ὼς
2951 2634 3161 2687 ἐπίπαν
3185 2632 3527 2703 ἐγχειροῦντι
3557 2630 3624 2683 τὰ

2039 2728 2141 2797 μὲν
2178 2730 2374 2799 πρῶτα
2419 2730 2779 2797 παραινέσεις
2829 2727 3099 2799 προσῆγε,
3144 2727 3255 2781 τῶν
3287 2724 3528 2796 τηλίκων
3556 2723 3621 2791 δὴ

2037 2823 2341 2892 ἀποστῆναι
2378 2820 2742 2891 πειρώμενος.
2784 2821 2937 2873 Ἐπεὶ
2971 2821 3027 2873 δὲ
3077 2819 3249 2891 ἀπρὶξ
3291 2821 3498 2880 ἐκεῖνος
3525 2815 3620 2868 τοῦ

2036 2914 2388 2985 τολμήματος
2418 2915 2616 2984 εἴχετο,
2665 2914 2767 2967 οὑκ
2800 2913 3172 2983 ἀνασχόμενος
3208 2911 3465 2982 βασιλεὺς
3499 2908 3621 2961 τότε

2038 3004 2102 3076 δὴ
2129 3007 2223 3061 καὶ
2257 3007 2333 3068 εἰς
2359 3003 2608 3075 φρουρὰν
2639 3004 2800 3057 αὑτὸν
2832 3003 3056 3058 ἔδωκεν.
3104 3001 3299 3055 Ὀποῖα
3322 3001 3377 3053 δέ
3421 3001 3532 3061 τοῖς
3562 2999 3621 3052 ἐν

2042 3097 2240 3165 ἀρχαῖς
2275 3097 2510 3150 εἰθισται
2544 3097 2874 3168 (πράττουσι
2929 3094 3039 3165 γὰρ
3098 3093 3174 3157 ὡς
3222 3091 3292 3146 τὰ
3334 3090 3503 3143 πολλὰ
3549 3088 3624 3142 δι’

354 3178 431 3240 ὧν
452 3185 667 3242 εὔνοιαν
686 3188 874 3250 αὐτοῖς
893 3187 1232 3243 ἐπισπᾶσθαι
1286 3186 1388 3257 τὴν
1451 3186 1714 3257 βασιλέως
1733 3187 1990 3257 γένοιτο),
2047 3191 2105 3250 ἐς
2131 3188 2232 3257 τὴν
2259 3188 2483 3259 εἰρκτὴν
2522 3187 2864 3259 παρελθόντα
2911 3185 3178 3257 βασιλέως
3214 3183 3332 3237 οὔτι
3369 3182 3623 3237 ἑκουσίου

354 3277 457 3343 τὰς
485 3277 639 3348 ὅψεις
662 3279 1031 3351 ἀφαιροῦνται
1090 3278 1182 3333 τὸν
1221 3278 1483 3350 μείρακα.
1517 3271 1620 3331 Ὧν
1656 3277 1848 3350 ἐπειδὴ
1916 3279 2168 3349 βασιλεὺς
2197 3280 2453 3350 ήκουσεν,
2495 3280 2824 3352 ἐδυσχέρανε
2896 3279 2995 3348 μὲν
3060 3277 3155 3331 καὶ
3191 3275 3410 3346 ὥμνυτό
3451 3289 3515 3342 γε
3545 3274 3623 3345 μὴ

354 3371 422 3426 ἄν
454 3372 619 3426 αὐτοῦ
650 3371 956 3438 ξυνειδότος
1001 3373 1064 3426 τὸ
1093 3371 1301 3426 τοιόνδε
1333 3371 1473 3442 πρὸς
1540 3371 1750 3426 ἐκεῖνον
1813 3372 2128 3443 εἰργάσθαι,
2166 3374 2369 3444 ἤνεγκε
2419 3374 2477 3428 δὲ
2512 3375 2659 3444 ὅμως
2691 3374 2753 3427 τὸ
2783 3371 3012 3443 ἄλγημα
3036 3386 3051 3403 ·
3084 3370 3145 3425 ού
3175 3370 3286 3441 γὰρ
3314 3362 3461 3441 εῖχεν
3476 3368 3624 3429 ὅπως

357 3465 456 3519 σὺν
476 3466 556 3532 τῷ
589 3465 787 3536 δικαίῳ
810 3466 939 3530 τοὺς
962 3465 1270 3537 δράσαντας
1300 3468 1616 3537 ἀμυνεῖται.

424 3559 480 3615 2.
514 3558 750 3613 Michael
782 3559 970 3628 igitur,
1008 3558 1087 3612 uti
1119 3560 1321 3612 dictum
1357 3568 1459 3622 est,
1498 3559 1776 3614 Amasiam
1813 3560 1937 3614 mis-

2115 3559 2183 3630 β’.
2234 3560 2376 3615 Ἀλλ’
2407 3561 2547 3633 ὅπερ
2588 3561 2877 3631 ἐλέγομεν,
2916 3559 3139 3633 Μιχαὴλ
3175 3559 3278 3631 μὲν
3316 3559 3411 3614 ἐπὶ
3455 3559 3628 3632 Ἀμά-

356 3666 494 3714 sus,
547 3649 777 3719 trajecto
838 3648 1075 3704 Damalis
1128 3647 1269 3704 freto
1321 3648 1390 3703 ad
1463 3647 1753 3719 Melangia,
1794 3659 1941 3705 recto

355 3743 556 3797 itinere
594 3742 899 3796 contendit.
945 3741 1076 3795 Inde
1122 3756 1188 3795 ex
1235 3738 1489 3808 Bithynia
1534 3749 1587 3794 et
1639 3741 1941 3812 Rhyndaco

357 3834 553 3888 vicinis
600 3832 913 3904 regionibus
973 3832 1171 3887 idoneo
1226 3841 1515 3887 contracto
1569 3833 1816 3887 exercitu
1870 3835 1940 3889 ad

357 3939 585 3995 campos
627 3921 858 3994 Dorylaai
910 3922 989 3977 ire
1028 3921 1235 3992 pergit,
1279 3932 1340 3975 ut
1385 3922 1455 3977 ibi
1493 3924 1789 3979 constituta
1832 3923 1941 3980 Ro-

362 4028 646 4068 manorum
680 4012 931 4084 praesidia
963 4022 1018 4067 et
1063 4012 1289 4068 castella
1319 4027 1417 4084 per
1455 4014 1606 4083 pacis
1645 4014 1821 4070 adhuc
1857 4016 1943 4070 in-

360 4104 551 4159 ducias
600 4104 918 4160 necessario
984 4113 1290 4159 commeatu
1345 4106 1586 4161 muniret
1640 4117 1696 4161 et
1743 4107 1942 4163 sultani

359 4195 602 4252 inimicis
649 4197 874 4251 adderet
920 4197 1157 4264 animos,
1206 4210 1273 4251 ac
1316 4204 1594 4266 postremo
1636 4198 1940 4269 Doryltnum

359 4287 716 4344 instauraret.
780 4287 1085 4359 Dorylazutn
1151 4287 1330 4353 istud,
1386 4303 1491 4344 una
1548 4291 1821 4359 quondam
1874 4305 1941 4346 ex

363 4378 616 4433 maximis
660 4389 716 4434 et
747 4377 1122 4435 celeberrimis
1155 4379 1300 4434 Asiae
1333 4380 1563 4436 urbibus
1602 4381 1723 4437 fuit.
1767 4382 1944 4438 Mollis

362 4471 508 4524 enim
542 4479 775 4526 tractum
810 4471 975 4527 istum
1006 4485 1137 4525 aura
1163 4469 1379 4539 perﬂat,
1401 4473 1689 4542 campique
1709 4475 1944 4530 circum-

355 4562 542 4632 jacent
584 4563 735 4632 plani
774 4564 1072 4618 admodum
1115 4573 1171 4618 et
1224 4563 1595 4619 incredibilem
1643 4568 1940 4636 quamdam

361 4655 822 4727 pulchritudinem
877 4655 1231 4726 praeferentes
1264 4673 1278 4709 :
1316 4667 1423 4709 tam
1480 4658 1710 4728 pingues
1761 4670 1944 4715 autem

360 4759 416 4803 et
451 4748 691 4813 fecundi,
750 4758 809 4802 ut
847 4747 1046 4803 herbas
1098 4742 1275 4818 pastui
1327 4749 1560 4816 optimas
1612 4751 1945 4821 uberemqne

362 4849 598 4909 segetem
635 4840 963 4909 producant.
1000 4840 1081 4895 Ad
1132 4828 1248 4896 haec
1288 4842 1482 4898 ﬂuvius
1512 4843 1789 4913 regionem
1820 4860 1945 4912 per-

2045 3667 2198 3705 σειαν
2235 3652 2502 3723 επεμψεν·
2532 3654 2561 3706 ὁ
2594 3653 2672 3717 δὲ,
2697 3653 2790 3707 τὸν
2807 3655 3107 3722 Δαμάλεως
3128 3652 3376 3727 πορθμὸν
3398 3654 3621 3724 διαϐὰς,

2043 3744 2174 3798 εὐθὺ
2202 3745 2561 3815 Μελαγγείων
2591 3745 2810 3816 ἐχώρει.
2840 3745 3010 3801 Ἔνθα
3046 3745 3109 3800 ἐκ
3138 3763 3199 3800 τε
3230 3745 3491 3811 Βιθυνίας
3526 3746 3627 3801 καὶ

2044 3836 2141 3889 τοῦ
2175 3837 2470 3892 Ῥυνδακοῦ
2518 3841 2738 3909 χωρίων
2789 3839 3111 3910 στράτευμα
3160 3840 3395 3910 ἀγείρας
3443 3839 3627 3894 ἰκανὸν

2045 3929 2193 3999 ἐξῄει
2225 3930 2321 3983 ἐπὶ
2360 3930 2430 3984 τὰ
2461 3931 2760 4001 Δορυλαίου
2792 3932 2975 3996 πεδία,
3018 3933 3085 3985 τὰ
3115 3933 3295 3986 ἐκεῖσε
3337 3932 3628 4003 Ῥωμαίων

2046 4022 2283 4094 φρούρια
2334 4024 2562 4096 εἰρήνης
2608 4025 2953 4096 κατεχούσης
3001 4024 3083 4078 ἔτι
3147 4024 3257 4078 τῶν
3298 4026 3628 4094 ἐπιτηδείων

2045 4114 2467 4186 ἐμπλησόμενος
2510 4117 2605 4172 καὶ
2652 4118 2766 4179 τοῖς
2797 4116 2874 4192 τῷ
2926 4115 3159 4169 σουλτάν
3206 4116 3626 4186 δυσμεναίνουσι

2046 4204 2248 4277 θάρσος
2287 4205 2368 4258 ἔτι
2412 4206 2614 4276 μᾶλλον
2664 4205 3008 4276 ἐμποιήσων,
3040 4204 3178 4275 πρὸς
3206 4203 3261 4257 δὲ
3306 4206 3401 4258 καὶ
3453 4204 3625 4276 Δορύ⁸

2044 4297 2197 4352 λαιον
2224 4297 2690 4370 ἀνοικοδομήσων.
2723 4297 2797 4352 Τὸ
2826 4298 2882 4352 δέ
2913 4285 3210 4369 Δορύλαιον
3236 4298 3394 4351 τοῦτο
3424 4292 3493 4369 ἦν
3525 4299 3625 4367 μὲν

2046 4390 2134 4443 ὅτε
2196 4389 2351 4453 πόλις
2403 4385 2471 4460 ἧν
2506 4391 2717 4462 μεγάλη
2751 4408 2810 4444 τε
2867 4390 3028 4459 εἴπερ
3074 4406 3161 4452 τις
3216 4389 3324 4443 τῶν
3366 4390 3425 4444 ἐν
3472 4390 3627 4460 Ἀσίᾳ

2048 4480 2134 4552 [Ρ.
2171 4479 2294 4553 172]
2337 4481 2433 4535 καὶ
2471 4480 2632 4550 λόγου
2680 4479 2807 4546 ἀξία
2854 4478 3074 4534 πολλοῦ.
3107 4478 3260 4549 Λύρα
3289 4496 3350 4532 τε
3388 4478 3498 4549 γὰρ
3532 4478 3625 4531 τὸν

2045 4572 2224 4643 χῶρον
2254 4574 2440 4643 ἁπαλὴ
2473 4576 2768 4635 καταπνεῖ,
2796 4573 2892 4626 καὶ
2918 4573 3077 4625 πεδία
3110 4572 3244 4643 παρ’
3271 4571 3441 4643 αὐτὴν
3467 4573 3627 4626 τέτα-

2046 4679 2137 4715 ται
2170 4660 2451 4729 λειότητός
2477 4676 2537 4713 τε
2562 4661 2655 4733 ἐπὶ
2696 4660 2951 4713 πλεῖστον
2981 4660 3188 4729 ἥκοντα
3216 4660 3312 4713 καὶ
3338 4660 3629 4730 ἀμήχανόν

2045 4768 2116 4831 τι.
2139 4750 2511 4821 προφαίνοντα
2552 4750 2772 4814 κάλλος,
2822 4750 2968 4805 οὕτω
3028 4751 3210 4821 μέντοι
3270 4751 3480 4821 λιπαρά
3530 4754 3628 4807 καί,

2046 4837 2222 4902 οὕτως
2236 4836 2515 4906 εύγεω,ὠς
2532 4840 2630 4908 τήν
2649 4855 2709 4891 τε
2724 4839 2861 4892 πόαν
2877 4838 3074 4907 δαψιλῆ
3101 4839 3343 4909 μάλιστα
3360 4840 3626 4895 ἐκδιδόναι

364 4933 486 4987 lluit
530 4941 584 4985 et
623 4940 847 5001 aspectu
891 4931 1164 5001 iucundus
1204 4942 1259 4986 et
1306 4934 1492 4989 suavis
1533 4911 1716 5004 gustu.
1768 4911 1937 4990 Tanta

2048 4932 2143 4987 ml.
2167 4931 2335 5003 ἀϐρὸν
2387 4930 2723 5002 παρέχεσθαι
2751 4932 3015 5003 ἄσταχυν.
3044 4932 3296 5003 Ποταμδς
3325 4933 3380 4987 δὲ
3415 4932 3505 4987 διὰ
3529 4933 3627 4987 τοῦ

363 5041 493 5079 vero
518 5025 730 5078 innatat
758 5024 811 5078 in
842 5038 907 5077 eo
938 5023 1167 5093 piscium
1204 5024 1515 5091 multitudo,
1552 5033 1609 5077 ut
1639 5035 1938 5094 quantum-

366 5118 446 5171 vis
486 5131 683 5187 magna
712 5116 867 5186 copia
912 5116 981 5170 ab
1030 5116 1224 5171 incolis
1276 5118 1586 5185 capiantur,
1638 5118 1945 5186 largissime

365 5220 552 5264 tamen
592 5218 905 5280 suppetant.
961 5208 1063 5263 ilic
1104 5208 1233 5264 olim
1265 5223 1295 5263 a
1345 5207 1635 5265 Melisseno'
1675 5211 1803 5277 isto,
1851 5214 1945 5282 qui

364 5304 600 5358 Caesaris
648 5304 911 5373 dignitate
964 5302 1192 5371 insignis
1243 5303 1385 5367 fuit,
1449 5312 1741 5359 exstructa:
1795 5306 1947 5363 fuere

365 5398 559 5451 domus
578 5397 895 5466 splendidae,
922 5395 1134 5464 vicique
1153 5404 1310 5450 erant
1337 5394 1616 5458 hominum
1642 5395 1946 5466 frequentia

369 5487 611 5544 celebres
647 5505 660 5543 :
699 5496 757 5543 ut
783 5496 838 5543 et
867 5488 1093 5544 thermae
1121 5485 1340 5550 nativae,
1370 5494 1425 5540 et
1449 5484 1694 5554 porticus
1720 5493 1773 5538 et
1798 5485 1948 5539 lava-

2048 5024 2175 5095 τῇδε
2217 5025 2279 5078 τὺ
2309 5026 2459 5095 νᾶμα
2492 5025 2706 5095 πέμπει
2757 5026 2853 5079 καὶ
2907 5026 3113 5081 ἰδέσθαι
3148 5027 3313 5091 καλὸς
3350 5027 3447 5082 καὶ
3496 5026 3628 5095 γεύ-

2050 5115 2248 5169 σασθαι
2283 5114 2437 5184 ἡδύς.
2472 5114 2688 5182 Πλῆθος
2720 5115 2920 5186 ἰχθύων
2950 5115 3208 5170 τοσοῦτον
3237 5116 3296 5170 δὲ
3338 5116 3629 5186 ἐννήχεται

2044 5206 2242 5277 τούτῳ,
2267 5207 2392 5260 ὅσον
2417 5209 2498 5270 εἰς
2524 5207 2809 5276 δαψίλειαν
2836 5211 2950 5273 τοῖς
2989 5209 3118 5280 τῇδε
3154 5208 3512 5277 ἀλιευόμενον
3549 5208 3633 5260 ἐ).-

2046 5299 2204 5362 λιπές
2231 5300 2444 5370 οὐδαμῆ
2482 5300 2753 5368 γίνεσθαι.
2792 5298 3060 5356 Ἐνταῦθα
3096 5301 3461 5371 Μελισσηνῶν
3498 5316 3628 5354 ποτε

2050 5390 2295 5463 Καίσαρι
2332 5392 2446 5463 (75)
2475 5393 2647 5446 οἰκίαι
2667 5409 2726 5445 τε
2761 5392 3205 5464 ἐξῳκοδόμηνται
3233 5395 3490 5463 λαμπραὶ
3531 5392 3631 5445 καὶ

2047 5486 2235 5557 κῶμαι
2271 5486 2692 5559 πολυάνθρωποι
2726 5482 2869 5557 ἦσαν
2898 5487 3081 5558 θερμά
3111 5502 3171 5539 τε
3206 5488 3493 5557 αὐτόματα
3525 5484 3626 5538 καὶ

1716 5604 1816 5667 Du
1845 5605 2067 5686 Cangii
2102 5616 2289 5670 notae.

439 5706 554 5778 (75)
591 5706 998 5773 Μελισσηνῶν
1031 5721 1178 5761 ποτε
1235 5709 1512 5775 Καίσαρι.
1571 5707 1935 5778 Nicephorum

373 5776 1038 5847 MelissennmCzcsarem
1096 5778 1367 5847 intelligit.
1431 5778 1521 5845 qui
1577 5780 1646 5832 ab
1694 5776 1935 5834 exerciti

373 5846 518 5901 circa
564 5845 824 5900 Datnalim
852 5847 1039 5903 eodem
1073 5847 1241 5902 ferme
1280 5845 1541 5918 tempore
1584 5851 1770 5918 quoin
1803 5853 1935 5906 urbe

2046 5712 2267 5836 Metius
2293 5710 2603 5768 Comnenus
2627 5712 2919 5781 imperator
2944 5709 3124 5766 dictus
3167 5719 3270 5765 est.
3297 5708 3430 5765 Vide
3456 5719 3632 5765 stem-

2048 5797 2133 5835 ma
2203 5799 2422 5836 omne".

2048 5797 2133 5835 Illa
2158 5797 2422 5838 Lomnen.
