4014 6398
312 375 418 439 (ἒΠ

1480 370 2023 434 HISTORIARUM
2066 370 2215 432 LlB.
2257 371 2389 432 VII.

3468 375 3579 441 674

313 485 467 539 στοαὶ
509 483 601 538 καὶ
632 482 847 549 πλυνοὶ,
875 484 973 538 καὶ
1008 485 1109 539 ὅσα
1137 482 1448 555 ἀνθρώποις
1484 486 1681 554 ἡδονὴν
1714 485 1892 555 φέρει,

2011 493 2094 532 cra
2133 497 2145 533 :
2179 494 2407 549 qumque
2453 478 2554 561 alia
2598 480 2909 540 hominibus
2956 484 3215 555 viiluptati
3258 484 3420 557 295
3458 502 3581 543 esse

312 574 485 630 ταῦτα
513 574 577 646 δὴ
606 577 635 628 ὁ
673 574 851 647 χῶρος
887 576 1095 645 ἄφθονα
1140 580 1423 649 παρεῖχεν.
1465 578 1627 631 Ἀλλά
1658 579 1888 647 Πέρσαι,

310 666 608 739 όπηνίκαή
640 668 1094 738 κατὰῬωμαίων
1121 669 1372 741 ἤκμαζεν
1399 669 1662 739 ἐκδρομὴ,
1695 670 1796 739 τήν
1828 684 1889 721 τε

312 752 469 813 πόλιν
519 760 600 822 είς
649 758 849 829 ἔδαφος
908 759 1252 832 βεϐλημένην
1318 760 1624 832 ἀνθρώπων
1682 759 1891 831 ἔρημον

312 853 659 907 παντάπασιν
699 853 1033 922 ἐπεποίηντο
1067 854 1162 907 καὶ
1216 856 1284 907 τά
1318 854 1448 927 τῇδε
1499 855 1678 909 πάντα
1726 854 1891 924 μέχρι

315 946 410 997 καὶ
464 944 558 996 ἐπὶ
620 944 817 997 λεπτὸν
864 948 966 1014 τῆς
1005 946 1181 998 πάλαι
1229 948 1565 1017 σεμνότητος
1617 947 1894 1016 ἠφάνισαν

318 1035 482 1104 ἴχνος.
529 1036 593 1087 Ἠ
625 1036 724 1105 μὲν
762 1036 827 1106 δὴ
851 1036 1006 1099 πόλις
1033 1038 1212 1091 τοιάδε
1243 1056 1326 1102 τις
1366 1034 1454 1110 ἦν.
1487 1041 1622 1093 Τότε
1653 1040 1710 1093 δὲ
1755 1041 1895 1110 Πέρ-

314 1143 404 1180 σαι
434 1127 580 1194 ἀμφὶ
629 1127 926 1199 δισχιλίους
964 1131 1096 1199 περὶ
1143 1133 1351 1202 ταύτην
1393 1133 1629 1204 νομάδες
1658 1132 1735 1196 ὡς
1766 1131 1888 1196 ἔθος

319 1222 624 1286 ἐσκήνουν·
668 1220 762 1285 οὒς
807 1222 874 1292 δή
925 1222 1141 1277 ἐκεῖθεν
1187 1225 1587 1296 ἀπαναστήσας
1639 1225 1894 1296 βασιλεὺς

316 1311 535 1382 χάρακά
566 1328 626 1363 τε
655 1312 756 1382 τῆς
786 1312 998 1376 πόλεως
1045 1315 1105 1366 οὐ
1156 1315 1382 1385 μακρὰν
1422 1316 1625 1371 ἄποθεν
1658 1316 1891 1388 περιϐα-

317 1400 423 1453 λὼν
474 1402 545 1455 τά
596 1401 733 1473 πρὸς
780 1402 1127 1474 τειχοδομίαν
1180 1404 1500 1475 ἐξηρτύετο.
1549 1407 1659 1460 Καὶ
1695 1409 1729 1478 ἡ
1790 1407 1891 1477 μὲν

317 1492 455 1545 κατά
476 1492 642 1564 τάχος
668 1492 944 1563 ήγείρετο,
978 1495 1256 1563 σχήματος
1286 1496 1386 1564 μὲν
1423 1494 1605 1567 πολλῷ
1627 1496 1722 1550 τοῦ
1755 1496 1892 1567 πρό-

318 1601 473 1655 τερον
508 1584 658 1639 ἔνδον
692 1584 1176 1656 ὑποκεχωρηκυία,
1203 1586 1299 1639 τοῦ
1344 1587 1402 1642 δὲ
1435 1588 1515 1652 εις
1540 1589 1720 1660 ἄκραν
1751 1590 1889 1658 αὐτῇ

318 1677 675 1748 ἀνεστηκότος
695 1676 765 1730 τά
794 1676 1063 1749 πρότερον
1088 1679 1328 1748 γηλόφου
1352 1678 1520 1751 ὀλίγῳ
1546 1680 1611 1750 δὴ
1636 1681 1893 1753 ἀνωτέρω

2000 572 2217 638 solent,
2288 572 2436 642 regio
2486 574 2602 628 haec
2653 575 2856 631 aﬂatim
2909 579 3234 648 suppeditat.
3276 578 3382 632 Sed
3429 582 3577 634 enim

2002 661 2184 717 Persa:
2223 679 2330 731 quo
2372 674 2616 735 tempore
2658 666 3027 722 Romanorum
3063 671 3196 724 lines
3228 670 3463 725 maxime
3494 670 3581 725 in-

1998 753 2316 818 cursabant,
2371 757 2559 808 urbem
2593 757 2711 811 solo
2745 770 3010 828 aequatam
3061 761 3252 814 inrolis
3302 763 3581 816 nudarunt

1999 858 2267 913 prorsus,
2306 855 2361 900 et
2412 846 2770 917 circumjecta
2805 851 2989 904 omnia
3037 852 3110 905 ita
3153 860 3473 915 vastarunt,
3519 860 3580 905 ut

2000 937 2210 990 nullum
2243 936 2417 991 ferme
2454 938 2674 1008 pristini
2700 941 3006 1010 splendoris
3031 943 3316 1013 vestigium
3345 943 3582 1013 relique-

2003 1029 2138 1085 rint.
2176 1029 2236 1084 In
2284 1046 2351 1084 eo
2397 1032 2561 1100 igitur
2610 1043 2756 1089 statu
2805 1042 2926 1089 erat
2959 1044 3087 1089 tunc
3139 1035 3320 1089 haecce
3361 1036 3578 1091 civitas.

2003 1121 2185 1176 Persae
2239 1134 2418 1177 autem
2471 1124 2573 1179 hac
2626 1126 2745 1193 ipsa
2796 1132 3124 1196 tempestate
3155 1127 3224 1180 ad
3272 1127 3380 1181 duo
3415 1128 3581 1181 millia

2001 1228 2124 1269 cum
2179 1216 2425 1284 pascuis,
2478 1217 2555 1270 uti
2609 1220 2806 1282 solent,
2861 1219 3207 1273 tabernacula
3259 1218 3579 1273 habebant:

2004 1307 2204 1375 quibus
2226 1307 2357 1363 hinc
2386 1309 2635 1377 expulsis
2660 1310 2962 1379 imperator
2990 1311 3240 1379 valloque
3264 1325 3372 1365 non
3396 1310 3582 1381 procul

2004 1403 2073 1457 ab
2105 1404 2243 1458 urbe
2273 1405 2650 1471 circumducto
2682 1421 2740 1461 se
2762 1405 2828 1461 ad
2853 1421 3130 1461 murormn
3163 1404 3581 1461 aedificationem

2005 1504 2310 1565 comparat.
2367 1495 2538 1551 Condi
2592 1497 2757 1566 igitur
2811 1512 3022 1551 summa
3079 1497 3357 1552 celeritate
3390 1497 3585 1551 civitas

2004 1589 2191 1655 cmpit,
2232 1588 2405 1642 forma
2445 1590 2513 1643 ab
2543 1604 2607 1644 ea
2637 1604 2758 1660 quae
2788 1590 2944 1659 prius
2980 1588 3155 1643 fuerat
3180 1588 3405 1642 multum
3434 1588 3585 1642 intus

2004 1678 2261 1745 absimili,
2283 1694 2313 1732 a
2336 1678 2474 1733 colle
2498 1693 2650 1745 vero,
2676 1694 2832 1747 quem
2862 1680 2994 1735 olim
3022 1695 3122 1749 pro
3144 1694 3269 1734 arce
3294 1680 3580 1743 habuerat,

319 1770 412 1825 καὶ
442 1770 553 1823 ἀπὸ
583 1767 781 1823 ταύτοῦ
819 1768 1088 1823 πάντοθεν
1132 1770 1230 1823 τοῦ
1274 1770 1638 1843 διαστήματος
1672 1774 1766 1826 τὸν
1798 1789 1896 1826 πε-

2011 1768 2285 1839 paululum
2321 1772 2588 1825 remotius
2623 1781 2678 1826 et
2708 1772 2828 1841 pari
2880 1772 3122 1841 undique
3153 1770 3440 1825 intervallo
3469 1770 3583 1825 cir-

319 1862 531 1931 ρίϐολον
561 1860 893 1931 στρέφουσα.
927 1861 1193 1925 Βασιλεὺς
1217 1861 1276 1916 δὲ
1308 1862 1403 1929 ξὺν
1427 1864 1634 1932 ὀλίγοις
1656 1864 1896 1936 ἑκάστης

319 1952 533 2023 ἡμέρας
563 1951 724 2016 ἐξιὼν
757 1952 937 2021 λόχοις
986 1969 1047 2006 τε
1084 1953 1145 2018 ἐξ
1184 1954 1428 2022 ἀφανοῦς
1458 1955 1555 2009 καὶ
1588 1956 1735 2009 κατὰ
1764 1957 1900 2028 πρό-

322 2062 506 2099 σωπον
543 2043 842 2115 συμϐολαῖς
871 2045 1111 2109 πολλοὺς
1142 2047 1370 2117 Περσῶν
1404 2046 1616 2102 ἔκτεινε
1659 2051 1755 2103 καὶ
1790 2050 1899 2105 τῶν

319 2137 469 2206 παρὰ
504 2135 691 2206 σφισιν
722 2137 1025 2206 ἐπιφανῶν.
1070 2138 1146 2190 Οὐ
1179 2140 1288 2210 γὰρ
1328 2139 1579 2195 ἐνέλιπον
1610 2143 1799 2211 συχνοὶ
1835 2143 1902 2195 ἐκ

267 2247 297 2275 κ
320 2227 427 2281 τῶν
459 2228 725 2283 ἀνωτάτω
748 2231 1075 2301 συρρέοντες
1104 2231 1191 2300 ἐφ’
1218 2224 1262 2299 ᾧ
1286 2232 1388 2303 τὴν
1411 2232 1728 2303 οἰκοδομίαν
1757 2232 1901 2289 οὕτω

321 2319 579 2376 κωλύειν.
610 2322 744 2375 Τότε
765 2322 831 2391 δὴ
856 2324 953 2376 καὶ
975 2323 1236 2389 Σανισὰν,
1266 2320 1441 2396 οὗπερ
1462 2325 1565 2396 ἤδη
1592 2326 1897 2398 ἐμνήσθην,

322 2412 535 2481 χρόνοις
566 2407 703 2466 ’τισὶ
761 2415 1032 2485 πρότερον
1068 2414 1326 2485 βασιλεὺς
1372 2418 1526 2489 αὐτῷ
1552 2436 1904 2489 προσπεφευ-

322 2503 458 2570 γότα
485 2504 580 2556 ἐπὶ
608 2502 708 2568 τὰς
733 2505 998 2560 ἀνωτάτω
1039 2508 1267 2562 Ἰκονίου
1299 2510 1582 2581 χρήμασιν
1607 2513 1902 2582 ἐφοδιάσας

329 2595 539 2665 επεμψε
588 2597 794 2668 χώρας.
843 2597 1047 2652 Εἵπετο
1078 2599 1135 2653 δέ
1175 2602 1227 2655 ol
1272 2602 1371 2655 καὶ
1405 2602 1725 2672 στράτευμα
1777 2604 1902 2657 ὀδοῦ

331 2691 427 2759 τῆς
453 2690 545 2742 ἐπὶ
592 2690 982 2759 Παφλαγονίαν
1023 2695 1383 2766 ήγησομένῳ.
1432 2695 1577 2749 Ἀλλ’
1619 2697 1774 2751 οὔπω
1810 2700 1905 2753 ἐπὶ

328 2778 579 2834 πλεῖστον
612 2780 878 2852 προῆλθε,
917 2785 1010 2836 καὶ
1042 2784 1273 2855 Περσῶν
1311 2786 1579 2857 δυνάμεις
1611 2787 1905 2859 ἐλλοχήσαο

330 2887 420 2929 σαι
460 2873 755 2943 Ῥωμαίων
801 2892 861 2928 τε
898 2876 1005 2928 τῶν
1038 2876 1135 2930 σὺν
1179 2878 1332 2950 αὐτῴ
1377 2879 1612 2944 πολλοὺς
1652 2881 1905 2936 ἔκτειναν

328 2964 416 3017 καὶ
468 2963 732 3035 λαφύρων
761 2965 1071 3035 ἐπλήσαντο
1116 2968 1340 3028 ἱκανῶν.
1376 2970 1615 3023 Σανισαν
1648 2971 1705 3025 δέ
1746 2973 1907 3041 μόγις

329 3055 543 3109 ἐκεῖθεν
593 3055 821 3126 διαδρὰς
874 3058 1263 3129 πεφοϐημένος
1312 3062 1411 3116 ἐπὶ
1460 3062 1689 3131 βασιλέα
1713 3058 1902 3135 ἦλθεν.

2003 1863 2308 1916 cumduetis
2346 1863 2638 1918 moenibus.
2689 1863 2951 1929 Princeps
2992 1873 3173 1918 autem
3222 1877 3347 1917 cum
3394 1862 3584 1932 paucis

2002 1954 2188 2009 exibat
2208 1953 2437 2022 singulis
2463 1955 2674 2020 diebus,
2701 1966 2756 2009 et
2779 1956 2973 2024 partim
2992 1954 3342 2010 clandestinis
3373 1952 3584 2009 insidiis

2004 2047 2200 2116 partim
2238 2056 2424 2114 aperto
2459 2055 2633 2102 marte
2667 2047 2870 2102 multos
2920 2046 3206 2101 Persarum
3259 2046 3583 2101 illustriores

2005 2138 2226 2191 cecidit.
2256 2136 2444 2205 Neque
2468 2137 2613 2191 enim
2646 2138 2970 2192 desinebant
3000 2151 3029 2190 a
3058 2136 3431 2207 superioribus
3451 2152 3586 2191 con-

2006 2232 2161 2285 tinuo
2196 2229 2332 2285 loris
2361 2231 2686 2299 irrumpere,
2726 2246 2832 2299 quo
2865 2238 3199 2285 structuram
3234 2231 3385 2284 urbis
3416 2231 3585 2297 impe-

2005 2323 2204 2377 dirent.
2222 2324 2358 2376 Tum
2379 2338 2597 2393 quoque
2615 2322 2959 2389 Sauisanem,
2981 2322 3136 2393 cujus
3154 2336 3317 2391 supra
3340 2320 3589 2387 memini,

2007 2413 2098 2481 qui
2127 2414 2335 2482 aliquot
2365 2424 2489 2468 ante
2527 2416 2688 2468 annis
2727 2414 2794 2467 ad
2832 2414 3216 2481 imperatorem
3248 2410 3586 2482 profugerat,

2011 2504 2067 2557 in
2096 2519 2190 2558 eas
2222 2505 2494 2573 regiones,
2522 2521 2642 2573 quae
2672 2520 2839 2574 supra
2863 2505 3111 2559 Iconium
3146 2504 3415 2574 adjacent,
3447 2505 3589 2559 datis

2013 2596 2268 2664 pecuniis
2300 2594 2469 2649 misit.
2502 2594 2699 2649 Comes
2728 2605 2850 2649 erat
2879 2595 3157 2650 exercitus
3190 2596 3241 2649 in
3282 2592 3593 2666 Paphlago-

2010 2688 2153 2740 niam
2181 2690 2373 2751 iturus,
2403 2688 2489 2741 eui
2521 2687 2609 2742 ille
2645 2688 2840 2742 ductor
2864 2686 3021 2741 foret.
3054 2685 3159 2740 Sed
3183 2686 3328 2741 haud
3361 2687 3588 2741 multum

2012 2777 2328 2833 confecerat
2356 2778 2591 2844 itineris,
2614 2794 2736 2834 cum
2771 2779 3058 2833 Persarum
3084 2779 3257 2847 copiae
3284 2794 3347 2833 ex
3379 2778 3593 2833 insidiis

2011 2882 2211 2925 coorta:
2250 2870 2447 2925 multos
2497 2871 2865 2925 Romanorum
2913 2870 3267 2935 interficiunt,
3320 2880 3375 2925 et
3409 2873 3591 2939 prada

2011 2962 2295 3031 multiplici
2327 2965 2635 3031 potiuntur.
2674 2964 2789 3031 Ipse
2837 2963 3074 3017 Sanisan
3121 2964 3209 3016 vix
3239 2963 3411 3017 vitato
3442 2963 3590 3030 peri-

2011 3053 2134 3109 culo
2177 3054 2246 3109 ad
2293 3054 2675 3123 imperatorem
2710 3055 2952 3123 trepidus
2998 3054 3189 3109 venit:
3219 3055 3357 3108 adeo
3395 3052 3591 3108 adver-

329 3145 517 3211 Οὕτως
551 3149 607 3212 ἐς
630 3147 694 3202 τὸ
730 3150 1034 3220 κακοτυχὲς
1079 3150 1169 3207 ἀεὶ
1201 3150 1281 3219 τῷ
1311 3153 1591 3225 ἀνθρώπῳ
1620 3155 1692 3208 τά
1722 3157 1905 3225 πράγ-

2012 3157 2222 3202 santem
2263 3147 2366 3201 sibi
2405 3146 2573 3218 296
2604 3146 2875 3201 fortunam
2932 3147 3120 3199 habuit
3146 3184 3161 3208 ,
3211 3147 3425 3215 quoties
3472 3160 3589 3199 rem

329 3256 474 3308 ματα
514 3239 865 3308 ἀπεκρίνετο.
914 3240 997 3293 Τὰ
1044 3240 1147 3311 μὲν
1182 3241 1248 3313 δὴ
1309 3243 1403 3297 ἐπὶ
1451 3245 1749 3316 Δορυλαίου
1781 3248 1909 3317 τῇδε

324 3329 577 3400 ἐφέρετο.
610 3328 846 3402 ’Μιχαὴλ
881 3331 939 3384 δέ
977 3334 1006 3386 ό
1039 3333 1077 3384 Γ
1080 3332 1258 3404 αϐρᾶς
1286 3336 1384 3388 σὺν
1426 3335 1504 3406 τῷ
1536 3340 1910 3409 στρατεύματι

323 3424 381 3485 ἐς
428 3421 736 3490 Ἀμάσειαν
777 3418 936 3494 ἦλθε,
985 3424 1486 3496 παρακαλούμενός
1528 3436 1585 3479 τε
1634 3430 1770 3498 πρὸς
1801 3430 1911 3486 τῶν

322 3518 420 3583 τὴν
452 3515 614 3568 πόλιν
637 3515 875 3585 ἐχόντων
914 3515 1116 3569 αὐτίκα
1140 3515 1206 3585 δὴ
1247 3517 1342 3570 ἐπὶ
1374 3517 1582 3590 ταύτην
1624 3522 1908 3590 παριέναι,

324 3607 517 3679 ἐπειδὴ
553 3608 647 3659 καὶ
674 3607 911 3675 δύναμις
946 3609 1101 3678 παρά
1131 3609 1529 3672 Κλιτζιεσολὰν
1554 3614 1648 3663 ἐπὶ
1676 3616 1789 3675 τοῖς
1816 3614 1912 3666 αὖ·

323 3702 435 3765 τοῖς
460 3701 753 3771 ἀφιγμένη
790 3702 851 3753 οὐ
879 3702 1099 3771 μακράν
1128 3700 1336 3755 ἄποθεν
1365 3703 1462 3771 τῆς
1499 3703 1707 3765 πόλεως
1742 3706 1911 3776 ἐσκή-

324 3810 435 3856 νου,
468 3792 693 3862 οὐδαμῆ
715 3793 942 3864 ἐθάρρει
961 3793 1061 3863 τὴν
1091 3792 1581 3865 εἰσοδον.’Υποψίᾳ
1609 3800 1717 3866 γὰρ
1739 3796 1908 3867 πολλῇ

324 3885 401 3946 εἰς
430 3884 568 3945 τοὺς
602 3882 751 3934 ἔνδον
778 3882 982 3952 ἐχρῆτο
1009 3880 1097 3953 [Ρ.
1134 3880 1259 3954 175]
1292 3883 1367 3954 μὴ
1412 3883 1708 3953 προδοσίαν
1737 3885 1911 3950 δήπου

325 3975 444 4027 κατ’
470 3972 651 4027 αὐτοῦ
691 3972 1131 4042 μεμελετηκότες
1163 3974 1380 4044 εἴησαν.
1414 3974 1478 4027 Ol
1532 3975 1589 4027 δὲ
1637 3976 1735 4029 καὶ
1773 3978 1912 4047 ὁμή-

326 4080 450 4133 ρους
489 4061 691 4115 τούτου
727 4062 792 4131 δὴ
826 4061 991 4115 ἕνεκα
1045 4065 1175 4132 παρ’
1219 4062 1385 4115 αὑτὸν
1420 4062 1677 4134 ἔπεμψαν
1712 4065 1813 4135 τήν
1851 4082 1914 4119 τε

325 4155 632 4225 ἀκρόπολιν
670 4153 969 4223 Ῥωμαίοις
1019 4152 1140 4206 κατ’
1187 4152 1443 4220 ἐξουσίαν
1490 4155 1700 4209 ἔδοσαν.
1754 4157 1914 4213 Ἀλλὰ

326 4246 562 4319 όρῥωδξα
616 4261 697 4306 τις
733 4244 995 4308 καθάπαξ
1043 4244 1446 4316 παραλαϐοῦσα
1495 4246 1586 4301 τὸν
1619 4247 1914 4316 ἄνθρωπον

330 4339 418 4391 ἐπὶ
444 4337 685 4410 σκήψεις
714 4337 906 4392 ἄλλοτε
944 4336 1114 4401 ἄλλας
1142 4338 1454 4407 ἀναχωρεῖν
1494 4340 1691 4406 ἐποίει,
1725 4339 1831 4403 ἕως
1864 4342 1913 4393 ιε

328 4430 419 4485 ἐπὶ
447 4430 553 4502 τῆς
578 4431 815 4495 πόλεως,
838 4432 1228 4503 ἐννοησάμενοι
1261 4431 1337 4501 μὴ
1366 4433 1487 4494 ταῖς
1519 4435 1759 4504 μακραῖς
1777 4433 1912 4487 Ῥω-

2012 3238 2425 3308 aggrederetur.
2464 3241 2598 3291 Dum
2630 3238 2747 3292 haec
2785 3237 2853 3291 ad
2893 3236 3192 3307 Doryl:eum
3232 3244 3589 3305 peraguntur,

2010 3328 2238 3382 Michael
2265 3326 2474 3383 Gabras
2505 3343 2627 3381 cum
2663 3325 2908 3380 exercitu
2936 3325 3213 3379 Amasiam
3245 3322 3414 3387 venit,
3448 3322 3592 3377 invi-

2014 3429 2269 3489 tatnsque
2304 3421 2372 3473 ab
2418 3419 2725 3489 oppidanis,
2762 3427 2822 3471 ut
2852 3418 3038 3472 statim
3077 3416 3352 3470 civitatem
3410 3415 3595 3482 ingre-

2013 3514 2262 3578 deretur,
2296 3527 2640 3581 nequaquam
2678 3511 2727 3565 id
2759 3525 2922 3565 ausus
2955 3518 3061 3575 est,
3100 3508 3240 3576 quod
3269 3515 3323 3560 et
3352 3506 3522 3574 copia:
3557 3517 3592 3558 a

2012 3604 2426 3661 Clitziesbtlane
2451 3618 2569 3658 eam
2602 3604 2773 3670 ipsam
2807 3602 2860 3655 in
2893 3616 3004 3655 rem
3032 3600 3214 3655 missa:
3236 3598 3378 3651 haud
3405 3593 3592 3667 procul

2013 3697 2083 3751 ab
2118 3698 2252 3751 urbe
2281 3704 2459 3749 castra
2492 3696 2767 3750 locassent
2798 3712 2814 3749 :
2849 3693 3086 3747 maxime
3128 3692 3273 3747 enim
3304 3692 3593 3744 verebatur

2013 3803 2084 3843 ne
2130 3788 2387 3858 oppidani
2445 3788 2810 3857 proditionem
2866 3784 3207 3839 molirentur.
3252 3781 3356 3837 Sed
3417 3779 3491 3834 illi
3540 3787 3596 3834 et

2012 3881 2232 3934 obsides
2280 3894 2341 3933 ea
2391 3888 2611 3949 propter
2639 3879 2704 3933 ad
2747 3879 2923 3948 ipsum
2954 3879 3153 3930 misere
3189 3883 3244 3928 et
3272 3888 3454 3928 arcem
3501 3872 3590 3926 in-

2016 3988 2180 4043 Super
2209 3973 2577 4027 Romanorum
2609 3970 2860 4039 potestati
2894 3969 3195 4023 tradidere.
3226 3967 3295 4021 At
3327 3967 3371 4021 is
3412 3964 3594 4020 nescio

2016 4079 2123 4134 quo
2149 4079 2349 4132 pavore
2374 4072 2660 4131 correptus
2695 4062 2761 4115 ad
2793 4062 2973 4113 varios
3021 4059 3252 4113 subinde
3281 4058 3597 4111 recurrebat

2018 4163 2332 4223 praetextus,
2361 4152 2534 4206 donec
2572 4150 2827 4220 oppidani
2878 4147 3035 4201 veriti
3073 4160 3161 4208 ne,
3197 4146 3322 4199 dum
3363 4141 3594 4196 Romani

2020 4248 2072 4301 in
2107 4247 2222 4300 dies
2255 4242 2536 4309 dilferunt,
2560 4244 2696 4297 urbe
2725 4257 2754 4294 a
2779 4238 3187 4295 Clitziestblane
3215 4245 3398 4305 capta,
3430 4234 3596 4289 futuri

2019 4339 2221 4394 domini
2258 4336 2523 4392 oﬂ'ensam
2575 4336 2629 4390 in
2680 4346 2941 4389 aeternum
2998 4334 3372 4394 incurrerent,
3416 4328 3595 4383 inscio

2020 4432 2279 4503 praefecto
2309 4446 2431 4493 suo,
2460 4444 2583 4485 eam
2621 4428 2989 4485 tradidi-runt.
3015 4423 3136 4480 lam
3170 4424 3332 4478 etiam
3363 4419 3597 4475 Michael

332 4475 857 4589 μαίωνμὰναϐολαὶς
893 4475 1047 4592 παρὰ
1076 4475 1495 4585 ’ἶςλιτζῖεῖτθλάἶρ
1519 4475 1667 4590 ΓτῆςΓ
1702 4475 1905 4585 πόλεως

2022 4475 2277 4503 rm.--"
2310 4475 2431 4493 -..η
2462 4475 2583 4485 π...
2622 4475 2817 4485 -.-αφ
3018 4475 3135 4480 η---
3177 4475 3275 4478 -.ιη

2020 4527 2181 4580 motis
2210 4524 2336 4579 inde
2366 4523 2567 4579 castris
2599 4524 2654 4576 in
2689 4523 2824 4576 ﬁnes
2860 4519 3133 4573 Romanos
3165 4516 3422 4581 redierat,
3448 4513 3597 4567 nulla

327 4610 565 4682 ἁλούσης
595 4614 656 4673 ἐς
684 4609 982 4681 ἀπέχθειαν
1005 4610 1180 4665 αἰῶνα
1206 4612 1299 4664 τὸν
1323 4611 1502 4665 πάντα
1526 4612 1766 4684 δεσπότῃ
1791 4615 1913 4666 ἐσο-

331 4704 476 4775 μένῳ
507 4703 890 4768 καθίσταιντο,
921 4702 1017 4755 τοῦ
1051 4702 1205 4774 παρὰ
1246 4704 1432 4772 σφίσιν
1466 4704 1726 4775 ἄρχοντος
1763 4706 1914 4761 οὐδὲν

330 4793 638 4857 ξυνειδότος
662 4796 775 4851 τοῖς
805 4795 1125 4865 εἰρημένοις
1158 4793 1369 4865 ταύτην
1408 4796 1742 4866 παρέδοσαν.
1775 4796 1913 4866 Ἤδη

329 4888 384 4940 δὲ
414 4889 511 4942 καὶ
545 4885 772 4958 Μιχαὴλ
805 4887 944 4957 ἄρας
975 4886 1191 4941 ἐκεῖθεν
1221 4887 1317 4941 ἐπὶ
1346 4889 1451 4957 γῆν
1485 4888 1587 4960 τὴν
1630 4890 1916 4958 Ῥωμαίων

329 4976 515 5049 ἦλθεν,
540 4979 666 5033 οὔτε
692 4979 801 5032 τῶν
832 4980 923 5033 ἐπὶ
951 4982 1046 5051 τῆς
1069 4979 1442 5051 ἀκροπόλεως,
1468 4979 1541 5042 ὥς
1567 4998 1657 5051 μοι
1681 4982 1912 5053 ἐρρήθη,

340 5074 658 5144 Ῥωμαίων,
698 5072 826 5126 οὔτε
862 5089 957 5126 του
992 5075 1101 5125 τῶν
1137 5073 1314 5127 ἄλλων
1346 5075 1506 5143 λόγον
1540 5075 1915 5146 πεποιημένος

332 5166 540 5220 οὐδένα.
580 5165 693 5218 Καὶ
718 5164 789 5216 τά
818 5163 921 5230 μὲν
966 5163 1269 5234 Ἀμασείας
1299 5164 1509 5228 πόλεως
1541 5168 1597 5217 ἐν
1625 5165 1762 5234 τῷδε
1794 5171 1916 5219 ἑτεο

337 5257 525 5310 λεύταο
577 5255 834 5327 βασιλεὺς
852 5256 907 5309 δὲ
939 5256 1087 5325 ἀμφὶ
1124 5256 1408 5328 Δορυλαίῳ
1438 5257 1519 5311 ἔτι
1562 5257 1915 5327 πονούμενος,

333 5351 521 5419 ἐπειδὴ
565 5349 742 5403 ταῦτα
785 5348 1042 5413 ἐπύθετο,
1092 5349 1296 5418 θωμᾶν
1339 5355 1431 5402 τὸν
1468 5351 1733 5420 ἐκτομίαν
1766 5351 1918 5421 παρά

339 5441 738 5507 Κλιτζιεσθλάν
773 5440 996 5510 πέμψας
1030 5440 1335 5509 ’Λμάσειαν
1369 5443 1618 5494 ἐνέκειτο
1663 5444 1919 5497 ἁπαιτῶν

338 5535 514 5604 ὅρκων
548 5533 614 5587 τέ
661 5534 710 5587 οἱ
743 5535 1052 5605 παρόρασιν
1094 5532 1356 5586 ἐπεκάλει
1389 5535 1485 5588 καὶ
1535 5535 1589 5587 εἰ
1618 5551 1683 5601 γε
1719 5534 1795 5606 μὴ
1824 5535 1918 5589 τοῦ

342 5627 399 5688 ἐς
437 5625 748 5694 Ῥωμαίους
784 5627 964 5679 τοιάδε
1010 5622 1260 5693 ὑὸρίξειν
1307 5625 1634 5694 ἀπόσχοιτο,
1686 5628 1786 5679 οὐκ
1840 5629 1920 5692 είς

348 5716 568 5783 μακρὰν
602 5718 742 5785 τάχα
774 5714 875 5784 τῆς
907 5716 1064 5785 δίκης
1097 5714 1310 5767 ἐκδίκου
1343 5716 1717 5784 πειράσαςθαι
1762 5719 1921 5785 ﬁmi-

346 5807 445 5860 λει.
466 5807 661 5869 Ὅστις
691 5809 877 5878 μέντοι
907 5809 1113 5879 Θωμᾶς
1140 5802 1295 5871 οὗτος
1325 5804 1392 5878 ἦν
1434 5809 1634 5862 αὐτίκα
1664 5809 1915 5877 δηλώσω.

2021 4632 2194 4686 neque
2220 4614 2588 4669 Romanorum
2629 4615 2722 4682 qui
2768 4613 2821 4665 in
2865 4625 2994 4664 arce
3031 4616 3210 4672 erant,
3244 4619 3418 4675 neque
3455 4602 3601 4660 alius

2017 4712 2338 4777 cujusquam
2400 4705 2613 4760 ratione
2675 4703 2883 4758 habita.
2936 4701 3146 4755 Interea
3195 4699 3325 4754 dum
3372 4697 3474 4751 ista
3525 4693 3596 4747 ad

2016 4800 2301 4855 Amasiam
2340 4804 2627 4869 geruntur,
2681 4796 2978 4866 imperator
3023 4793 3200 4847 adhuc
3242 4791 3389 4845 circa
3422 4788 3599 4859 Dory-

2017 4893 2174 4947 laeum
2203 4897 2525 4959 occupatus,
2559 4896 2620 4943 ut
2662 4888 2779 4942 hanc
2811 4887 3063 4951 rescivit,
3111 4881 3318 4937 Thoma
3348 4880 3600 4937 eunucho

2021 4983 2089 5038 ad
2123 4980 2591 5037 Clitziestblanem
2623 4983 2813 5043 misso,
2862 4986 2918 5031 ut
2956 4975 3177 5030 Amasia
3206 4974 3310 5027 sibi
3344 4970 3601 5025 restitue-

2024 5089 2179 5131 retur
2214 5074 2414 5128 institit
2441 5081 2496 5127 et
2526 5071 2807 5140 perfidiam
2849 5068 2949 5138 ipsi
2984 5063 3350 5136 eXprobravit,
3399 5058 3603 5115 additis

2023 5168 2208 5230 minis,
2257 5166 2309 5218 ni
2355 5163 2620 5233 ejusmodi
2656 5162 2936 5215 Romanos
2964 5159 3176 5223 injuriis
3204 5153 3417 5209 allicere
3455 5152 3600 5206 abs-ie

2023 5268 2213 5323 steret,
2267 5256 2418 5312 brevi
2465 5257 2731 5326 justitiam
2766 5255 3032 5308 vimlicem
3062 5259 3434 5322 experturum.
3464 5245 3604 5312 Quis

2022 5363 2203 5405 autem
2251 5347 2412 5403 fuerit
2441 5347 2679 5402 Thomas
2728 5346 2855 5409 iste,
2908 5342 3368 5399 commemorabo.
3421 5339 3600 5394 Lesbo

2025 5441 2245 5510 quidem
2279 5438 2455 5493 insula
2488 5440 2750 5494 oriundus
2783 5445 2924 5500 erat,
2955 5434 3119 5505 297
3150 5432 3350 5486 familia
3375 5445 3597 5501 prorsus

2023 5535 2254 5590 obscura
2301 5550 2314 5584 ε
2363 5545 2598 5599 cumque
2652 5530 2802 5583 nullo
2851 5527 3111 5581 laudabili
3163 5526 3289 5579 vita:
3352 5526 3596 5578 instituto

2028 5627 2336 5680 instructus
2354 5633 2519 5685 esset,
2541 5620 2860 5692 Byzantium
2884 5616 3156 5687 profectus
3177 5622 3426 5671 secanda:
3450 5631 3599 5669 venas

2024 5727 2197 5769 artem
2230 5714 2504 5777 exercuit,
2539 5723 2701 5780 atque
2733 5711 2856 5763 inde
2894 5709 3076 5765 facere
3110 5722 3376 5777 quaestum
3407 5710 3595 5777 cuepit.

2027 5807 2130 5863 Sed
2163 5806 2293 5860 nihil
2326 5814 2411 5859 est
2444 5806 2496 5858 in
2531 5819 2706 5860 rerum
2746 5813 2961 5868 natura,
3007 5805 3150 5871 quod
3199 5804 3298 5857 obs
3320 5806 3594 5855 ‘t'lllltiatttll
