4014 6442
427 400 532 463 675

1706 380 2029 450 JOANNIS
2068 386 2397 447 CINNAMI

3584 374 3695 444 676

427 516 657 568 {artuum
679 522 784 564 non
804 506 976 579 possit
1003 505 1291 561 inservire.
1318 503 1557 579 Thomas
1580 497 1726 553 enim
1757 496 2007 568 quamvis

2121 494 2319 547 Λέσϐου
2358 493 2458 562 μὲν
2501 491 2733 562 ὥρμητο
2775 492 2965 560 νήσου,
3014 489 3193 552 οίκίας
3232 488 3291 542 δὲ
3327 487 3571 556 ἀφανοῦς
3606 505 3700 556 γε·

427 605 493 657 ad
546 570 820 655 ultimum.
850 607 906 652 et
964 596 1400 652 sordidissimum
1457 570 1743 647 illiberalis
1792 586 2007 641 artiﬁcii

427 709 601 764 genus
629 690 1042 751 descendisset,
1085 705 1149 743 ex
1179 703 1243 742 ea
1278 699 1461 742 tamen
1507 694 1624 738 arte
1668 678 2010 751 magnushsi

428 786 549 852 quis
578 785 737 849 alius,
771 785 825 838 in
859 782 1059 850 palatio
1090 781 1216 847 fuit,
1246 778 1665 851 ingentibusque
1693 775 1840 829 brevi
1866 786 2012 827 cont-

428 877 633 945 paratis
665 876 915 947 pecuniis
970 876 1175 946 aliqttot
1227 883 1346 942 post
1374 874 1532 927 annis
1557 886 1679 926 cunt
1709 869 1777 924 iis
1806 868 1858 922 in
1904 865 2011 920 Pa-

430 971 702 1026 laestinam
735 984 794 1026 se
831 970 1056 1040 recepit.
1096 968 1204 1023 Sed
1238 983 1359 1023 eum
1394 965 1526 1020 nihil
1558 964 1662 1031 ipsi
1687 978 1753 1018 ex
1781 971 1906 1016 voto
1938 960 2008 1015 ibi

332 1130 337 1137 .
430 1064 769 1125 succederet,
797 1062 994 1117 iterum
1023 1059 1091 1114 ad
1124 1062 1511 1128 imperatorem
1543 1055 1704 1110 rediit
1730 1072 1744 1107 :
1771 1053 2014 1107 veniam—

428 1170 536 1223 que
573 1155 752 1225 primo
787 1163 1140 1217 consecutus,
1181 1151 1324 1205 illius
1357 1148 1621 1204 olfensam
1672 1160 1889 1200 rursum
1924 1144 2012 1196 in-

431 1247 625 1309 currit,
679 1260 852 1315 eoque
914 1244 1033 1311 ipso
1072 1244 1126 1297 in
1181 1256 1461 1297 carcerem
1498 1238 1706 1309 palatii,
1764 1237 1854 1306 qui
1893 1234 2015 1288 Ele-

432 1339 729 1408 phantinus
755 1337 940 1392 vocari
966 1336 1125 1397 σοις-ι,
1148 1334 1429 1403 conjectus
1453 1331 1618 1386 vitam
1647 1331 1697 1382 in
1720 1344 1785 1383 eo
1811 1326 2013 1396 exegit.

433 1433 538 1485 Sed
594 1432 659 1485 de
710 1431 794 1485 his
855 1441 1063 1500 postea.
1120 1427 1256 1482 Tum
1317 1440 1447 1481 vero
1495 1424 1563 1479 ad
1608 1423 1881 1477 sultanum
1937 1420 2013 1474 uti

433 1524 674 1578 diximus
726 1524 943 1586 missus,
995 1538 1117 1577 cunt
1174 1519 1307 1574 nihil
1360 1532 1543 1573 rerum
1590 1530 1819 1585 quarum
1853 1527 2013 1567 causa

432 1625 657 1669 venerat
688 1614 964 1670 coniicere
1012 1614 1115 1668 iste
1160 1612 1443 1675 voluisset,
1502 1609 1662 1663 rebus
1701 1604 1915 1660 infectis
1950 1605 2015 1657 ad

435 1709 818 1777 imperatorem
864 1720 1140 1769 reversus,
1173 1718 1363 1775 parum
1394 1699 1570 1756 abluit
1595 1697 1725 1768 quin
1756 1712 1786 1751 a
1830 1694 2018 1750 Persis

434 1800 630 1853 itinera
663 1798 1024 1854 insidentibus
1057 1797 1478 1851 interﬁceretur.

2111 586 2308 653 γονὼς,
2344 584 2535 654 ἐπειδὴ
2568 584 2736 654 μηδὲν
2768 584 2795 636 ὃ
2847 602 2900 637 τι
2937 583 3048 636 τῶν
3092 582 3255 649 λόγου
3288 580 3460 644 ἀξίων
3504 582 3700 650 ἐπιτή-

2110 679 2289 748 δευμα
2320 677 2472 749 αὐτῷ
2502 673 2596 748 ἦν,
2632 680 2689 741 ἐς
2742 677 3038 741 Βυζάντιον
3085 676 3217 729 ἰόντι
3244 674 3407 742 ἔργον
3437 673 3700 743 ἐπιμελὲς

2110 772 2358 839 ἐγεγόνει
2393 771 2600 841 φλέὸας
2625 770 2935 841 ἀνθρώπων
2955 768 3213 838 τέμνοντι
3242 766 3499 820 ἐντεῦθεν
3522 766 3701 836 ἐαυτῷ

2109 865 2174 916 τὸ
2243 864 2342 934 ζῇν
2397 862 2826 934 περιποιεῖσθαι.
2882 860 3026 915 Ἀλλ’
3083 860 3231 914 ἔοικε
3284 860 3396 913 τῶν
3444 858 3703 913 ἀπάντων

2112 948 2255 1005 εἶναι
2283 953 2450 1023 μηδὲν
2484 952 2512 1005 ὂ
2557 951 2859 1023 βουλομένῃ
2885 952 2952 1021 τῇ
2987 949 3127 1021 τύχῃ
3159 950 3459 1019 ὑπηρετεῖν
3493 948 3702 1018 ἥκιστα

2111 1045 2353 1099 δύναιτο.
2384 1044 2588 1112 Θωμᾶς
2610 1044 2719 1113 γὰρ
2739 1083 2755 1109 ,
2796 1043 2977 1095 καίτοι
3002 1045 3058 1105 ἐς
3074 1040 3373 1112 τοῦσχατον
3404 1040 3701 1110 βαναυσίας

2111 1138 2287 1208 ἥκων,
2318 1138 2384 1190 ἐκ
2417 1137 2613 1190 τούτου
2646 1135 2712 1205 δὴ
2736 1134 2834 1187 τοῦ
2866 1134 3082 1204 τεχνίου
3111 1135 3286 1203 μέγας
3323 1135 3379 1185 ἐν
3406 1132 3705 1203 βασιλείοις

2115 1231 2276 1300 εἴπερ
2329 1249 2414 1293 τις
2454 1228 2766 1299 ἀνθρώπων
2799 1227 3048 1294 ἐγένετο,
3086 1226 3352 1297 χρήματά
3396 1242 3457 1278 τε
3492 1225 3705 1295 μεγάλα

2115 1324 2177 1375 ἐν
2205 1323 2401 1393 βραχεῖ
2440 1320 2915 1392 περιϐεϐλημένος
2945 1319 3163 1389 χρόνοις
3194 1321 3341 1370 τισὶν
3377 1316 3614 1386 ὕστερον
3645 1318 3704 1377 ἐς

2121 1415 2492 1483 Παλαιστίνην
2548 1414 2645 1480 ξὺν
2703 1413 2890 1475 αὐτοῖς
2940 1411 3119 1463 ἀπιὼν
3167 1408 3359 1480 ᾤχετο.
3414 1407 3500 1478 Μὴ
3559 1408 3704 1460 κατά

2116 1510 2347 1579 γνώμην
2373 1508 2430 1561 δὲ
2463 1505 2613 1576 αὐτῷ
2649 1505 2758 1558 τῶν
2779 1505 2905 1575 τῇδε
2954 1503 3383 1572 ξυμπιπτόντων
3413 1498 3570 1564 αὖθις
3611 1499 3705 1553 ἐπὶ

2121 1599 2348 1670 βασιλέα
2398 1599 2791 1668 παραγίνεται,
2854 1594 2983 1649 ἵλεώ
3033 1611 3093 1647 τε
3161 1592 3333 1646 αὐτοῦ
3385 1592 3705 1662 τετυχηκὼς

2118 1693 2345 1755 δύσνους
2382 1689 2632 1752 εἰσαῦθις
2669 1689 2957 1759 ἠλέγχετο,
3000 1689 3060 1749 ἐς
3093 1685 3193 1756 τὴν
3246 1687 3305 1737 ἐν
3358 1684 3609 1753 παλατίῳ
3642 1700 3703 1735 τε

2121 1784 2369 1857 φρουράν
2394 1782 2607 1853 ἀχθεὶς,
2637 1783 2706 1852 ἣν
2744 1779 3133 1850 Ἐλεφαντίνην
3181 1776 3294 1849 (76)
3343 1776 3463 1839 ἔθος
3508 1775 3699 1829 καλεῖν

431 1894 602 1958 ἐστιν,
630 1890 862 1944 ἐνταῦθα
894 1890 985 1943 τὸν
1019 1888 1132 1959 βίον
1158 1881 1800 1959 ξυνεμετρήσατο.Ἀλλά
1824 1879 2001 1935 ταῦτα
2044 1879 2143 1949 μὲν
2198 1878 2328 1931 ὕστε
2340 1893 2453 1947 ρον.
2483 1873 2620 1929 Τότε
2654 1874 2709 1927 δὲ
2735 1875 2829 1927 ἐπὶ
2893 1872 2982 1925 τὸν
3012 1870 3257 1934 σουλτάν,
3294 1869 3481 1937 ὥσπερ
3512 1867 3695 1934 ἐλέγο-

437 1999 535 2053 μεν
570 1978 990 2052 παραγεγονὼς,
1020 1957 1146 2032 ἐπεὶ
1178 1977 1349 2049 μηδὲν
1414 1970 1488 2029 ὧν
1529 1977 1695 2030 ἕνεκα
1730 1957 1936 2056 ἦλθενο
1964 1970 2213 2032 ἐπιτελὲς
2261 1968 2472 2029 ἐκεῖνος
2544 1967 2721 2019 ποιεῖν
2774 1963 2988 2035 ἢθελεν,
3022 1964 3305 2032 ἄπρακτος
3367 1964 3423 2024 ἐς
3464 1960 3699 2056 βασιλέα

435 2072 770 2137 παλινοστεῖ,
798 2072 887 2125 ὅτε
914 2072 978 2141 δὴ
1014 2069 1214 2138 μικροῦ
1261 2070 1358 2124 καὶ
1381 2069 1743 2122 ἀπεκτονέναι
1776 2054 1967 2121 τοῦτον
2005 2064 2230 2133 ἐδέησαν
2261 2064 2473 2131 Πέρσαι
2512 2062 2563 2115 οἳ
2598 2061 2702 2114 άνά
2732 2060 2833 2129 τὴν
2882 2059 3002 2112 ὁδὸν
3034 2056 3418 2129 ἐνεδρεύοντες
3458 2054 3626 2129 ἦσαν.

508 2169 565 2223 3.
589 2164 858 2220 Caeterum
885 2164 1181 2233 imperator
1209 2163 1353 2218 intra
1385 2161 1855 2233 quadragesimum
1874 2161 2015 2215 diem

2192 2154 2262 2224 γ’.
2305 2155 2568 2219 Βασιλεὺς
2601 2155 2680 2217 δὲ,
2703 2154 2931 2226 ἡμερῶν
2967 2151 3120 2206 οὔπω
3149 2153 3558 2222 τετταράκοντα
3599 2152 3703 2220 τὴν

434 2260 570 2313 urbe
600 2258 920 2319 instaurata,
955 2270 1077 2308 cum
1113 2269 1232 2306 eam
1263 2252 1407 2310 fossa
1438 2252 1702 2307 cinxisset
1724 2251 2017 2318 multisque

434 2349 508 2403 ibi
570 2347 638 2401 ad
674 2346 1023 2400 habitandum
1072 2344 1330 2398 Bottianis
1361 2342 1519 2398 sedes
1546 2342 1803 2405 dedisset,
1840 2340 2017 2393 valido

440 2445 666 2508 insuper
706 2436 895 2492 relicto
931 2437 1202 2505 praesidio,
1246 2435 1371 2490 inde
1420 2433 1697 2503 prolectus
1744 2442 1922 2489 castra
1952 2433 2016 2486 ad

438 2530 795 2600 llbyndacum
855 2526 1039 2593 locat,
1092 2534 1254 2596 atque
1309 2526 1592 2595 paulisper
1658 2524 1729 2580 ibi
1778 2534 2019 2578 moratus

439 2619 715 2675 discessit.
765 2618 1010 2686 Cumque
1058 2632 1259 2687 paucos
1307 2616 1598 2671 admodum
1652 2615 1806 2685 sequi
1864 2613 2015 2683 signa

438 2712 646 2765 videret
674 2710 943 2781 (plerique
989 2710 1132 2763 enim
1164 2708 1384 2764 ordines
1437 2708 1608 2762 inscio
1646 2706 1763 2776 ipso
1795 2708 2016 2760 domum

440 2801 736 2864 redierant,
763 2801 867 2856 etsi
887 2815 991 2854 non
1023 2799 1210 2867 semel,
1244 2799 1409 2871 298
1441 2808 1499 2854 ut
1528 2798 1703 2865 aiunt,
1732 2798 2013 2859 vetuisset,

436 2907 507 2947 ne
536 2894 658 2962 quis
686 2893 884 2948 castris
905 2894 1234 2961 excederet),
1268 2890 1583 2947 Michaelem
1603 2891 1889 2961 quemdam
1918 2905 2016 2943 na-

442 2986 588 3041 tione
616 2986 939 3050 Barbarutn,
971 2997 1130 3040 antea
1158 2985 1312 3040 lsaclt
1335 2992 1607 3050 vocatum,
1634 2985 1777 3040 inter
1832 2982 2021 3039 dome-

445 3080 614 3132 sticos
644 3076 918 3132 ministros
950 3076 1153 3146 primas
1185 3083 1478 3140 tenentem,
1501 3074 1570 3129 ad
1598 3075 1921 3130 sumendum
1952 3074 2019 3129 de

438 3172 503 3223 iis
532 3170 626 3239 qui
663 3169 887 3224 ordines
916 3169 1283 3223 deseruerant
1312 3167 1662 3238 supplicium,
1696 3164 1880 3220 misit:
1900 3165 2018 3236 ipse

434 3275 556 3314 cum
595 3260 780 3331 paucis
810 3275 902 3330 per
938 3257 1173 3329 Lampes
1201 3273 1423 3330 campos
1473 3259 1576 3314 iter
1606 3256 1837 3321 faciens,
1861 3256 2017 3327 oppi-

434 3353 562 3406 dum
596 3352 864 3420 quoddam
902 3353 967 3407 ad
1016 3349 1272 3406 Maeandri
1327 3352 1502 3407 fontes
1535 3357 1898 3416 exstructum,
1925 3351 2014 3405 cui

439 3443 712 3499 Snblaaum
738 3458 937 3499 nomen
974 3452 1079 3510 est,
1099 3452 1367 3499 vetustate
1398 3443 1696 3513 collapsum
1721 3442 2013 3497 instaurat.

2122 2249 2278 2304 πόλιν
2316 2248 2633 2318 ἀνεγείρας,
2672 2247 2862 2316 ἐπειδὴ
2886 2245 3097 2315 τάφρον
3128 2259 3189 2296 τε
3222 2245 3360 2313 αὐτῇ
3399 2244 3702 2313 περιήλασε

2120 2342 2218 2395 καὶ
2294 2320 2589 2408 Ῥωμαίων
2639 2339 2716 2404 ὡς
2773 2338 3070 2402 πλείστους
3148 2338 3388 2393 ἐνταῦθα
3436 2339 3704 2410 ᾠκίσατο,

2121 2432 2369 2506 φρουράν
2387 2432 2720 2504 ἀποχρῶσαν
2744 2433 2872 2503 τῇδε
2901 2432 3222 2487 καταλιπὼν
3251 2431 3429 2485 ὀπίσω
3485 2431 3706 2502 ἐχώρει,

2122 2530 2235 2591 τοῖς
2262 2526 2407 2597 ἀμφὶ
2432 2527 2515 2597 τῷ
2567 2526 2849 2596 Ῥυνδακῷ
2877 2527 3248 2597 αὐλισάμενος
3316 2527 3542 2595 χωρίοις
3565 2543 3579 2558 ·
3618 2527 3709 2579 ἐπ’

2122 2620 2307 2690 ὀλίγον
2335 2638 2395 2674 τε
2421 2620 2807 2684 διαναπαύσας
2825 2620 2889 2675 τὸ
2919 2620 3237 2690 στράτευμα
3260 2620 3475 2673 ἐκεῖθεν
3502 2618 3707 2689 ἀπῆρε.

2124 2715 2343 2786 Κομιδῆ
2383 2714 2441 2768 δὲ
2479 2715 2694 2783 ὀλίγους
2747 2713 2899 2786 αὐτῷ
2965 2714 3369 2784 συνεπομένους
3426 2713 3568 2782 ὁρῶν
3621 2711 3715 2781 (τά

2124 2807 2236 2879 γὰρ
2262 2808 2435 2862 πλείω
2467 2808 2573 2862 τῶν
2606 2809 2910 2878 ταγμάτων
2936 2808 3193 2879 ἀπῄεσαν
3229 2807 3391 2871 οῐκοι,
3426 2806 3595 2877 μηδὲν
3630 2807 3713 2867 είς

2124 2901 2327 2970 γνῶσιν
2364 2896 2503 2970 ἧκον
2539 2900 2711 2972 αὐτῷ,
2745 2902 2949 2965 καίτοι,
3002 2901 3192 2970 ὥσπερ
3221 2901 3468 2969 ἐλέγετο,
3539 2899 3714 2953 πολλά

2126 2989 2377 3065 περὶτοῦ
2412 2993 2623 3068 μηδένα
2659 2993 2798 3061 τέως
2842 2993 2940 3047 τοῦ
2993 2993 3363 3063 στρατοπέδου
3400 2993 3714 3063 ἀποχωρεῖν

2128 3090 2653 3160 παρεγγυησαμένῳ
2688 3088 2778 3162 [Ρ.
2835 3084 2961 3163 174]
2991 3082 3309 3161 πρότερον),
3361 3084 3580 3154 Μιχαὴλ
3612 3084 3713 3154 μέν

2125 3197 2249 3233 τινα
2270 3180 2560 3251 Βάρὸαρον
2586 3183 2744 3249 γένος
2776 3182 2993 3252 (ἀμέλει
3029 3183 3124 3236 καὶ
3164 3182 3311 3253 Ἰσάχ
3343 3182 3517 3252 δνομα
3561 3175 3713 3252 αὐτῷ

2124 3274 2396 3345 πρότερον
2429 3270 2522 3345 ἦν)
2552 3274 2664 3328 τῶν
2693 3276 2787 3328 ἐπὶ
2818 3273 3005 3339 ἑστίας
3032 3274 3091 3328 δὲ
3133 3275 3285 3346 αὐτῷ
3342 3275 3710 3346 διυπηρετου-

2127 3366 2311 3436 μένων
2345 3366 2414 3420 τὰ
2439 3367 2657 3437 πρῶτα,
2697 3364 2786 3436 ἐφ’
2809 3359 2853 3435 ᾧ
2901 3383 3056 3430 τινας
3107 3366 3461 3435 στρατιωτῶν
3492 3367 3605 3419 τῶν
3643 3368 3711 3418 ἐκ

2121 3456 2221 3526 τῆς
2246 3456 2603 3523 λειποταξίας
2641 3460 2701 3523 ἐς
2746 3460 2806 3513 τὸ
2836 3458 2996 3529 σῶμα
3025 3459 3305 3530 ζημιῶσαι
3344 3458 3613 3530 ἐπεμψεν.
3667 3460 3710 3509 0

438 3536 512 3590 Ibi
546 3535 842 3605 imperator
876 3534 981 3589 alio
1007 3548 1229 3604 prorsus
1254 3549 1412 3604 quam
1444 3548 1552 3602 quo
1594 3534 1805 3589 solebat
1837 3536 2017 3598 modo,

2124 3548 2181 3602 δὲ
2210 3547 2305 3613 ξὺν
2329 3549 2534 3619 ὀλίγοις
2565 3551 2664 3616 τὰς
2705 3552 2800 3606 ἐπὶ
2846 3529 3090 3623 Δάμπης
3147 3550 3374 3605 διελθὼν
3426 3529 3707 3616 πεδιάδας,

439 3642 564 3682 cum
610 3627 858 3681 hostibus
899 3626 1141 3696 praelium
1174 3625 1315 3681 inire
1361 3628 1546 3695 coepit.
1580 3626 1724 3696 Ignis
1755 3625 1899 3679 enim
1928 3634 2023 3679 aut

438 3733 594 3790 aqua:
635 3718 819 3776 eﬂ‘usae
876 3719 1069 3783 instar,
1101 3718 1249 3773 nullo
1288 3718 1389 3774 sibi
1424 3719 1727 3786 resistente,
1760 3719 2024 3773 accende-

438 3810 598 3864 batur
620 3820 673 3864 et
704 3810 1001 3867 ferebatur.
1038 3809 1177 3865 Dum
1210 3811 1329 3865 haec
1358 3825 1386 3877 a
1419 3811 1662 3881 principe
1696 3813 2018 3881 agebantur,

439 3903 693 3969 Michael,
721 3904 875 3975 cujus
906 3904 1068 3957 modo
1092 3904 1333 3969 utemini,
1370 3915 1430 3959 ut
1473 3903 1562 3973 qui
1598 3901 1860 3958 Romanis
1879 3903 2024 3973 jam-

439 3996 649 4065 pridem
682 3994 929 4051 inl'ensus
958 4006 1100 4062 erat,
1137 4006 1293 4066 capta
1337 3995 1460 4051 irati
1494 3996 1834 4067 imperatoris
1863 4012 2022 4051 occa-

437 4090 610 4154 sione,
637 4088 830 4144 obvios
863 4103 1130 4159 quosque,
1151 4088 1299 4143 nulla
1323 4087 1506 4143 babita
1531 4088 1680 4158 prius
1695 4090 2018 4160 quastione,

437 4181 662 4249 supinos
686 4180 754 4235 ad
788 4189 985 4234 terram
1035 4179 1335 4250 prosternit
1388 4177 1642 4248 ferroque
1692 4178 1864 4235 oculis
1919 4179 2022 4234 im-

440 4287 619 4328 merso
641 4281 943 4328 excmcatos
967 4272 1197 4329 miseros
1225 4272 1365 4326 sicut
1383 4281 1538 4326 erant
1561 4270 1838 4342 relinquit,
1856 4286 2022 4341 quor-

437 4382 555 4421 sum
592 4366 706 4420 haec
736 4374 1053 4434 paterentur
1101 4365 1323 4437 ignaros
1372 4379 1595 4436 prorsus
1627 4380 1643 4419 :
1677 4364 1801 4419 licet
1854 4364 2018 4418 etiam

438 4460 518 4513 rei
551 4458 773 4513 militari
800 4473 911 4513 non
940 4457 1478 4527 dedissentoperam,
1508 4457 1602 4512 sed
1628 4457 1816 4513 rustici
1839 4466 2021 4512 essent

438 4560 533 4605 aut
561 4559 896 4604 mercatores
928 4549 1182 4619 aliudque
1225 4549 1276 4603 id
1304 4564 1474 4619 genus
1510 4549 1813 4605 hominum.
1846 4548 2021 4619 Atque
2060 4556 2081 4577 "

439 4644 510 4696 ita
538 4642 593 4697 in
616 4641 754 4696 alios
777 4643 940 4696 etiam
972 4642 1344 4711 grassabatur,
1368 4655 1507 4710 quos
1528 4642 1733 4711 pariter
1762 4641 2021 4696 membris

441 4732 586 4787 finde
633 4732 941 4786 mutilabat.
993 4730 1101 4786 Sed
1163 4733 1481 4800 imperator,
1536 4732 1631 4802 qui
1685 4731 1796 4802 jam
1824 4732 2020 4802 oppido

2127 3640 2391 3714 φρούριόν
2424 3660 2475 3695 τι
2515 3645 2647 3714 περὶ
2673 3642 2901 3714 πρώτας
2928 3661 3033 3697 που
3059 3643 3153 3697 τοῦ
3188 3643 3505 3715 Μαιάνδρου
3560 3643 3710 3715 ίδρυ-

2129 3735 2293 3804 μένον
2325 3735 2558 3800 ἐκϐολὰς
2595 3735 2914 3807 (Σούϐλαιον
2935 3736 3107 3806 ὄνομα
3134 3737 3305 3806 αὐτῷ)
3358 3736 3541 3807 χρόνῳ
3604 3752 3707 3788 πε-

2128 3827 2346 3891 πτωκὸς
2364 3825 2659 3897 ἀνεγείρει.
2695 3827 2976 3882 Ἐντεῦθεν
2997 3828 3183 3882 οὐκέτι
3223 3830 3289 3899 δὴ
3317 3830 3517 3901 τρόπον
3540 3829 3708 3899 ὅνπερ

2124 3920 2309 3975 εἰώθει
2338 3921 2622 3991 πολεμίοις
2685 3922 3100 3993 ξυμπλέκεσθαι
3172 3922 3431 3993 βασιλεὺς
3474 3922 3701 3993 ἧρξατο,

2124 4013 2263 4069 ἀλλά
2282 4013 2394 4085 πῦρ
2433 4008 2546 4069 οἷον
2577 4013 2611 4086 ἢ
2651 4014 2797 4085 ὕδωρ
2820 4014 3216 4078 ἀνυποστάτως
3243 4012 3401 4085 ὤργα
3446 4017 3542 4068 καὶ
3576 4014 3705 4082 ἐφέ-

2126 4124 2270 4179 ρετο.
2300 4106 2572 4171 Βασιλεὺς
2608 4106 2708 4177 μὲν
2731 4105 2825 4161 οῦν
2862 4107 2920 4160 ἐν
2950 4105 3168 4170 τούτοις
3219 4102 3314 4177 ἦν’
3370 4106 3593 4177 Μιχαὴλ
3623 4105 3702 4169 δὲ,

2122 4194 2295 4270 οὗπερ
2324 4198 2426 4270 ήδη
2450 4197 2753 4270 ἐμνήσθην,
2792 4197 2925 4252 ὡσεὶ
3001 4199 3065 4252 ἐκ
3100 4196 3347 4263 πλείονος
3400 4198 3501 4269 ἤδη
3562 4199 3705 4253 κατά

2152 4290 2423 4360 Ρωμαίων
2443 4287 2713 4360 ἐτύγχανε
2758 4288 3042 4360 μεμηνὼς,
3082 4288 3314 4360 ἕρμαιον
3393 4291 3495 4359 τὴν
3550 4290 3704 4361 βασι-

2124 4382 2260 4446 λέως
2288 4383 2411 4436 τότε
2443 4381 2508 4454 δὴ
2540 4382 2914 4455 πεποιημένος
2946 4383 3140 4454 ὀργὴν,
3173 4382 3284 4435 τῶν
3344 4399 3705 4453 παρατυγχα-

2123 4474 2326 4529 νόντων
2355 4473 2508 4545 αὐτῷ
2533 4473 2788 4540 ἕκαστον,
2816 4474 2973 4528 οὐδὲν
2999 4472 3546 4543 πολυπραγμονήσας
3579 4475 3710 4543 πρό.

2121 4584 2303 4636 τερον,
2328 4567 2523 4621 ὕπτιόν
2555 4567 2781 4621 τεκατά
2801 4569 2905 4639 γῆν
2965 4566 3143 4620 ἔτεινε
3191 4567 3286 4619 καὶ
3345 4565 3467 4619 κατ’
3508 4563 3707 4634 ὀφθαλο

2126 4661 2249 4727 μοῖν
2272 4659 2365 4713 τὸν
2392 4658 2616 4729 σίδηρον
2640 4658 2866 4729 βάπτων
2889 4658 3054 4711 αὐτὸν
3104 4656 3208 4727 μὲν
3266 4655 3435 4711 αὑτοῦ
3474 4656 3561 4710 εἴα
3597 4657 3708 4709 δεί-

2121 4749 2294 4816 λαιον,
2324 4749 2446 4802 οὐδὲ
2464 4749 2590 4802 ὅτου
2623 4748 2792 4804 ἕνεκα
2811 4749 3015 4819 πάσχει
3044 4749 3325 4815 συνιέντα,
3360 4747 3485 4802 οὐδὲ
3540 4764 3707 4818 στρα-

436 4824 775 4878 communito
822 4838 1072 4879 reversus
1115 4815 1235 4878 erat
1284 4821 1605 4894 Byzantium
1640 4823 1875 4894 cognitis
1902 4823 2019 4878 istis

2123 4840 2274 4902 τείας
2304 4839 2452 4893 ἔστιν
2480 4832 2543 4893 οὗ
2585 4815 2984 4911 μεταλαχόντα,
3012 4839 3149 4895 ἀλλά
3179 4842 3438 4911 ἀγροῖκον
3471 4840 3504 4910 ἢ
3536 4815 3708 4907 ἐμποο

436 4932 562 4971 eum
615 4916 913 4981 revocavit,
972 4930 1073 4970 nec
1125 4916 1352 4970 multum
1422 4914 1593 4970 abfuit
1635 4915 1767 4984 quin
1824 4914 2016 4968 iisdem

2125 4932 2270 5004 ρίαις
2292 4930 2678 5002 ξυμϐάλλοντα
2708 4932 2742 5003 ἡ
2775 4949 2898 4986 τινα
2926 4931 3106 4987 ἀλλων
3140 4931 3471 5004 ἀνθρώπων.
3541 4929 3600 4985 Ὀ
3649 4930 3706 4983 δὲ

438 5009 854 5080 propemodum,
887 5008 1083 5079 quibus
1134 5008 1270 5064 alios
1308 5006 1558 5064 affecisse
1607 5007 1864 5071 diximus,
1898 5020 2022 5060 eum

442 5102 753 5156 multaverit
781 5102 977 5170 pinnis.
1011 5100 1211 5154 Verum
1235 5115 1297 5153 ea
1325 5099 1464 5168 lege,
1498 5105 1557 5151 ut
1607 5097 1732 5151 talia
1767 5096 2025 5166 deinceps

438 5196 490 5247 in
520 5192 793 5248 Romanos
825 5208 931 5247 non
958 5192 1201 5256 auderet,
1231 5193 1437 5245 crimen
1487 5190 1709 5259 quidem
1757 5188 1830 5243 illi
1862 5191 2026 5243 remi-

441 5290 513 5343 sit
552 5307 566 5341 :
608 5289 702 5343 sed
735 5276 1132 5357 299jtistitia
1168 5286 1351 5338 divina
1385 5283 1526 5337 haud
1561 5283 1730 5337 multo
1764 5291 1885 5350 post
1914 5281 2024 5336 ulta

437 5389 517 5433 ιυῑ
545 5379 750 5433 scelera
784 5395 910 5432 eum
946 5381 1053 5430 vita
1085 5377 1308 5439 exemit,
1337 5375 1648 5443 liberosque
1687 5373 1830 5428 illius
1857 5372 2024 5429 variis

436 5470 661 5539 subjecit
691 5468 1108 5523 calamitatibus.
1142 5465 1343 5521 Eodem
1373 5480 1589 5534 quoque
1625 5475 1879 5533 tempore
1913 5463 2023 5519 Ga-

437 5563 590 5614 btam
649 5561 815 5614 etiam
854 5562 907 5615 in
960 5558 1223 5629 judicium
1262 5561 1475 5613 vocavit
1502 5560 1779 5627 princeps,
1810 5557 2024 5626 lataque

2120 5022 2210 5075 ἐπ’
2236 5022 2433 5085 ἀλλους
2463 5021 2664 5093 ἐχώρει
2703 5023 2799 5077 καὶ
2816 5023 3068 5094 σώμασιν
3094 5023 3405 5095 ἀνθρώπων
3461 5021 3708 5074 ἐλωὸἄτο

2123 5112 2366 5179 πολλοῖς,
2394 5112 2503 5177 ἓως
2535 5113 2646 5168 τῶν
2676 5114 3077 5186 πραττομένων
3092 5114 3423 5184 αίσθόμενος
3449 5112 3704 5183 βασιλεὺς

2127 5205 2248 5277 (ἢδη
2284 5206 2394 5276 γάρ
2423 5205 2493 5258 τά
2526 5205 2672 5276 ἀμφὶ
2706 5205 2785 5275 τῷ
2842 5207 3092 5277 φρουρίῳ
3139 5205 3457 5274 διαθέμενος
3494 5203 3554 5256 εὖ
3612 5205 3708 5257 ἐπὶ

2125 5296 2427 5358 Βυζάντιον
2456 5294 2839 5366 ἀνεκομίζετο)
2868 5296 2970 5366 τῆς
3004 5294 3187 5367 ὁρμῆς
3226 5294 3393 5348 αὐτὸν
3444 5293 3651 5347 ἔπαυσε
3687 5308 3701 5322 ·

2121 5384 2252 5452 παρ’
2281 5381 2463 5448 ὀλίγον
2496 5382 2684 5452 μέντοι
2711 5384 2934 5450 ἐγένετο
2966 5385 3090 5446 ταῖς
3114 5382 3354 5436 τοιαῖσδε
3380 5382 3473 5433 καὶ
3538 5381 3703 5443 αὐτὸς

2122 5469 2438 5523 ἐκδεδόσθαι
2468 5472 2708 5536 ποιναῖς,
2747 5469 2943 5540 ὥσπερ
2963 5470 3209 5539 ἐλέγετο.
3250 5469 3414 5523 Ἀλλά
3448 5467 3704 5539 βασιλεὺς

2130 5559 2229 5629 μὲν
2267 5558 2343 5629 μὴ
2373 5560 2547 5613 ταύτά
2570 5561 2663 5614 καὶ
2696 5558 2859 5614 πάλιν
2919 5559 3215 5632 Ῥωμαίοις
3259 5558 3507 5631 τολμηθῇ
3588 5557 3706 5611 δια-

1772 5677 1869 5737 Du
1901 5676 2129 5755 Cangii
2163 5687 2353 5738 notas.

509 5797 622 5869 (76)
696 5798 1101 5870 Ἐλεφαντίνην.
1156 5798 1230 5855 De
1286 5799 1389 5857 hoc
1431 5812 1650 5856 carcere
1685 5797 1921 5853 diximus
1946 5797 2011 5852 ad

2121 5797 2385 5852 cxiadent.
