4014 6392
367 288 483 351 703
1252 284 1259 293 ’
1478 285 1846 348 ΝῡνΕιΙπιΕ
1884 286 1952 347 C(

2056 289 2443 347 iTl'l'UTlON
2454 290 2566 351 ES.
3531 298 3641 360 ’110

1958 401 2044 458 Il.

1261 522 1427 562 suum
1457 523 1627 561 BULLA
1669 524 1735 563 ne
1772 523 2159 562 msrnunusns
2196 524 2638 565 uomsremonuu
2671 512 2772 581 (5).

449 625 733 682 Balsamou
762 622 828 676 ad
859 620 1050 691 synod.
1081 619 1352 675 Nicaenam
1387 638 1450 687 ιι,
1482 637 1531 676 c.
1566 621 1628 675 l2
1655 639 1667 675 :
1703 614 2034 694 [Xpuadboui

2050 619 2159 699 tota]
2205 621 2382 676 τὸυ...
2430 625 2573 678 κατὰ
2602 625 2693 680 τὸν
2733 625 2956 682 Ἰούλιον
2992 631 3140 700 μῆνα
3181 631 3279 703 τῆς
3324 632 3372 687 0'
3407 636 3505 692 ινδ.
3537 639 3635 695 ’τοῦ

376 714 524 787 ,ςχνθ
553 713 709 777 ἔτους
754 710 998 781 γεγονὸς,
1047 712 1140 765 καὶ
1192 710 1582 784 διοριζόμενον,
1620 710 1695 783 μὴ
1743 712 2083 783 βλάπτεσθαι
2116 712 2187 765 τὰ
2221 715 2566 787 μοναστήρια
2589 719 2653 771 ὲκ
2687 717 2782 773 τοῦ
2809 716 2940 785 ἴσως
2976 721 3239 791 χωλεῦειν
3283 727 3429 783 κατά
3467 744 3523 783 τι
3566 732 3638 785 τὰ

382 806 663 877 προσόντα
697 803 913 868 τούτοις
938 803 1307 874 δικαιώματα.

1938 922 2057 983 III.

1475 1048 1650 1087 suum
1680 1047 1851 1088 sum
1884 1046 2115 1087 VENETIS
2145 1047 2410 1089 concessa
2445 1033 2543 1107 (4).

442 1142 507 1197 Et
540 1142 739 1211 aliquis
787 1141 1117 1195 lirmioribus
1158 1141 1373 1210 quidem
1413 1144 1625 1198 urbium
1675 1143 2364 1206 munimenAmorabilem
2428 1144 2810 1215 Imperatorem
2868 1159 2920 1206 et
2978 1151 3378 1211 dilectitsintum
3437 1173 3641 1228 patrem

372 1237 561 1290 volens
610 1247 903 1303 apponere,
938 1235 1206 1288 secundas
1269 1245 1447 1289 turres
1494 1235 1856 1305 excogitavit,
1903 1242 1957 1288 et
2062 1233 2175 1303 ejus
2204 1236 2248 1267 ⁸ο
2279 1239 2639 1304 ostenderunt,
2678 1240 2955 1296 obicientes
2983 1259 3038 1298 se
3066 1247 3310 1315 periculis
3337 1259 3445 1304 toto
3469 1254 3644 1308 animo

373 1326 689 1381 custodibus
731 1327 987 1381 custodes
1031 1333 1086 1379 et
1120 1325 1289 1380 muris
1336 1341 1519 1380 muros
1565 1326 1852 1396 apposuit,
1900 1332 1957 1381 et
2060 1341 2155 1392 pro
2192 1324 2471 1391 Romania,
2522 1340 2570 1382 et
2610 1346 2735 1392 cum
2784 1335 3098 1389 strenuitate
3140 1337 3498 1394 indubitanter
3529 1357 3637 1405 cer-

375 1418 810 1472 adversariorum
868 1415 1163 1471 assultibus
1227 1419 1483 1486 opposuit
1540 1417 1951 1484 fortitudinem;
2064 1425 2447 1483 tantescontra
2490 1419 2733 1475 inimicos
2762 1424 2853 1493 qui
2883 1434 3008 1479 tunc
3038 1430 3322 1481 exercitum
3353 1431 3643 1487 eduxerunt

372 1525 558 1563 verum
611 1509 774 1562 etiam
825 1507 942 1561 auri
989 1507 1261 1561 cumulum
1318 1523 1536 1577 gravem
1590 1517 1809 1578 propter
1855 1509 1956 1564 hoc
2063 1519 2248 1562 contra
2274 1526 2416 1574 eam,
2451 1528 2549 1579 que
2576 1514 2734 1581 paulo
2765 1526 2889 1570 ante
2932 1517 2997 1571 ab
3029 1520 3106 1573 eis
3151 1521 3288 1576 male
3315 1531 3463 1591 gesta
3498 1534 3643 1588 sunt,

372 1600 645 1668 deponere
718 1613 825 1653 non
899 1598 1122 1663 renuit,
1187 1608 1242 1653 et
1320 1599 1630 1655 ﬁrmitatem
1668 1600 1685 1630 ⁸
1773 1597 1953 1669 perfe-
2063 1615 2165 1653 non
2195 1604 2475 1667 reputavit,
2507 1614 2553 1656 et
2580 1609 2963 1661 conversionem
2993 1626 3175 1664 eorum
3205 1615 3425 1679 accepit,
3457 1626 3502 1669 et
3538 1631 3639 1670 nu-

371 1693 540 1747 ctiotti
599 1701 812 1761 tempus
865 1698 1042 1746 terere
1104 1689 1350 1758 longius,
1402 1691 1614 1760 aliaque
1671 1693 1822 1761 plura
1887 1692 1952 1745 ad
2062 1700 2172 1743 tum
2203 1694 2279 1745 eis
2305 1696 2532 1747 ostendit
2566 1696 2773 1763 itarem,
2804 1708 2852 1751 et
2876 1700 3178 1755 accedentes
3227 1702 3282 1755 in
3322 1702 3475 1757 ulnas
3517 1722 3644 1762 suos

373 1785 523 1838 urbis
556 1793 902 1854 augmentum
953 1782 1376 1852 ﬁrmitatemque
1424 1793 1585 1852 atque
1631 1784 1953 1838 circumtui-
2059 1784 2309 1849 suscepit,
2342 1794 2392 1838 et
2441 1797 2815 1857 consequenter
2857 1790 3069 1859 quidem
3112 1770 3445 1864 indulgentia
3478 1797 3516 1829 ¹¹
3549 1799 3644 1853 Iros

374 1877 572 1930 tionem
604 1875 694 1928 ὀι.
721 1872 830 1939 Nos
866 1889 1030 1940 vero,
1078 1883 1131 1929 et
1168 1874 1503 1942 lmperialem
1552 1891 1672 1929 cum
1706 1874 1813 1930 Deo
1843 1877 1955 1931 cir-
2061 1871 2247 1942 dignos
2281 1875 2488 1941 habuit,
2544 1886 2601 1928 ut
2642 1894 2970 1948 nequaquam
3012 1880 3127 1949 jam
3177 1882 3366 1937 lesioni
3414 1888 3641 1956 cujusvis

371 1968 661 2022 cumciucti
699 1966 1088 2034 principatum,
1124 1975 1178 2021 et
1227 1975 1546 2050 potestatem
1593 1975 1647 2021 et
1696 1969 1948 2022 virtutem
2059 1963 2419 2017 subicerentur
2468 1968 2847 2035 quantumlibet
2900 1987 3057 2040 super
3107 1974 3296 2043 quibus
3350 1975 3640 2046 Imperium

374 2060 636 2114 habentes
678 2060 1145 2129 pecuuiarumque
1186 2060 1491 2120 thesauros,
1530 2059 1618 2112 ubi
1651 2059 1870 2114 videtur
1898 2067 1954 2115 et
2059 2071 2232 2108 meum
2262 2066 2307 2110 et
2338 2055 2656 2111 Ronmniam
2689 2060 3019 2128 ademerunt
3050 2065 3138 2120 (ex
3167 2066 3475 2121 demoniaca
3504 2071 3640 2124 sicut

369 2167 507 2221 opus
555 2162 766 2212 evocat,
817 2150 1023 2220 largius
1069 2165 1250 2205 nonne
1298 2150 1616 2204 donabimus
1662 2150 1851 2205 amicis
1898 2158 1956 2205 et
2062 2145 2271 2199 videtur
2300 2146 2597 2218 violentia).
2637 2150 2728 2204 sed
2770 2162 3019 2220 perpetuo
3050 2155 3300 2226 indulgeri
3325 2158 3430 2211 iam
3481 2161 3641 2214 habe-

368 2244 543 2300 servis
570 2252 624 2297 et
654 2242 904 2298 ﬁdelibus
936 2254 986 2297 et
1018 2243 1211 2313 gratis,
1243 2257 1603 2311 sermoneque
1641 2256 1949 2297 sermonem
2060 2248 2173 2291 rent
2209 2236 2432 2308 Imperii
2459 2241 2577 2305 mei,
2623 2256 2723 2310 que
2752 2259 2842 2307 per
2871 2260 3083 2309 presens
3116 2246 3506 2317 chrysobullion
3542 2252 3641 2304 do-

368 2334 780 2399 aﬂirmabimus,
817 2320 871 2388 et
918 2350 1137 2388 manum
1172 2334 1423 2388 dabimus
1457 2335 1769 2390 ministrare
1815 2334 1953 2406 ston
2059 2338 2185 2383 nata
2225 2341 2300 2383 est
2343 2331 2478 2384 sicut
2508 2332 2929 2398 promittentibus
2975 2351 3259 2406 rursusque
3309 2347 3414 2391 toto
3464 2341 3640 2393 animo

368 2430 437 2483 ad
469 2428 629 2497 huius
653 2427 986 2489 ﬁrmitatem,
1014 2435 1069 2480 et
1095 2426 1293 2479 vallum
1322 2425 1462 2481 vallo
1492 2440 1947 2495 superponemus,
2063 2436 2156 2489 pro
2186 2420 2446 2476 Romania
2474 2439 2706 2491 pugnare
2731 2434 2780 2478 et
2803 2426 2947 2479 omni
2967 2428 3061 2479 sub
3091 2425 3319 2497 Imperio
3346 2446 3456 2484 meo
3480 2429 3637 2485 Citri—

369 2528 432 2573 ut
479 2517 610 2572 olim
666 2531 972 2586 possessum
1020 2516 1099 2571 eis
1162 2517 1434 2570 munimen
1485 2517 1957 2586 supermuniamus
1991 2513 2029 2567 Β
2058 2513 2279 2567 stianico
2306 2514 2510 2581 ordine,
2538 2515 2694 2569 simul
2729 2523 2905 2571 autem
2942 2526 2991 2571 et
3026 2521 3239 2588 propria
3271 2522 3490 2591 quedam
3520 2540 3632 2575 ser-

372 2621 534 2680 atque
581 2609 901 2664 ﬁrmemus?
937 2607 1001 2661 Et
1035 2608 1124 2662 ubi
1172 2609 1274 2663 hoc
1325 2607 1629 2677 lmperialis
1671 2608 1868 2663 mentis
1898 2615 1955 2662 et
2057 2604 2184 2658 uitia
2227 2621 2321 2673 per
2374 2594 2627 2675 scriptum
2677 2617 2724 2661 et
2765 2607 3150 2678 jusjurandum
3202 2614 3558 2668 convenientes
3591 2614 3635 2644 "

380 2702 699 2768 voluntatis,
753 2717 857 2755 non
890 2701 1052 2769 igitur
1100 2701 1180 2754 eis
1232 2700 1368 2754 ostia
1422 2699 1814 2766 obserabimus,
1859 2715 1957 2754 nec
2056 2698 2250 2749 seruire
2279 2694 2512 2765 Imperio
2551 2714 2662 2752 meo
2693 2707 2742 2752 et
2769 2696 3046 2765 Romanie,
3077 2701 3214 2755 velut
3242 2703 3384 2771 facta
3412 2707 3475 2757 ab
3510 2721 3639 2770 apo-

377 2793 597 2847 autlitus
630 2791 995 2857 occludemus,
1040 2790 1134 2846 sed
1186 2791 1499 2861 illariusque
1549 2793 1646 2847 bos
1698 2792 1958 2862 respicie—
2006 2788 2013 2797 ’
2058 2789 2313 2842 crisiariis
2362 2806 2542 2843 eorum
2595 2791 3123 2861 symphonia-latius
3183 2797 3247 2848 de
3292 2796 3373 2850 his
3423 2805 3640 2850 tractat.

376 2899 495 2938 mus
532 2892 587 2937 et
615 2882 940 2953 peticiouem
980 2882 1337 2951 explebimus.
1373 2881 1512 2949 Quid
1549 2884 1711 2939 michi
1744 2900 1957 2942 sermo-
2060 2876 2325 2942 Quoniam
2352 2895 2470 2932 υένυ
2501 2880 2831 2950 quasiverunt
2878 2892 3000 2936 ante
3042 2883 3242 2945 factum
3272 2885 3373 2938 εἱὺὶ
3416 2886 3642 2956 chryso-

377 2976 461 3029 nis
499 2974 612 3027 vult
661 2973 980 3044 prolixitas?
1010 2971 1285 3029 Veneticis
1326 2973 1348 3005 ⁸
1380 2972 1556 3029 factus
1603 2984 1685 3030 est
1733 2977 1955 3045 quidem

2062 2968 2263 3024 bullion
2308 2968 2446 3023 beati
2476 2970 2678 3024 domini
2708 2980 2756 3024 et
2794 2973 2963 3040 patris
2997 2971 3216 3039 Imperii
3250 2976 3350 3029 mei
3388 2982 3639 3050 recorrigi

375 3077 423 3121 et
456 3066 524 3119 ab
548 3065 967 3134 Imperatoribus
997 3067 1042 3128 ⁸,
1073 3065 1411 3119 memorabili
1443 3080 1544 3119 avo
1577 3063 1792 3136 Imperii
1829 3068 1955 3133 mei,
2059 3075 2247 3114 rursus
2275 3069 2325 3114 et
2358 3062 2481 3114 dari
2512 3062 2632 3125 sibi,
2662 3062 2801 3115 velut
2840 3064 2932 3131 qui
2965 3062 3084 3133 jam
3118 3066 3403 3120 exciderint
3433 3084 3498 3122 ea:
3527 3072 3638 3140 ipso

375 3155 718 3225 cbrisobylus
741 3167 950 3217 sermo,
979 3154 1184 3210 donans
1209 3155 1290 3208 eis
1316 3154 1957 3224 diversadona;subsc—
2059 3160 2272 3217 ρνοιιιεν
2324 3153 2506 3221 culpas
2560 3169 2658 3223 que
2705 3155 3091 3222 continuerunt.
3141 3158 3409 3211 exaudivit
3463 3176 3640 3215 amnes

372 3255 531 3300 cum;
558 3261 686 3300 vero
722 3246 899 3301 fuerat
931 3262 1120 3302 rursus
1144 3246 1290 3301 hunc
1336 3256 1392 3300 ει
1439 3246 1578 3302 alter
1610 3246 1679 3302 ab
1707 3248 1952 3316 Impera-
2059 3237 2349 3307 Imperium
2393 3258 2584 3306 meum,
2617 3253 2663 3296 et
2693 3244 2953 3298 inmutat:
2975 3245 3137 3314 jussit
3164 3247 3261 3301 ltoc
3288 3257 3462 3303 tamen
3487 3256 3647 3308 scribi

373 3337 604 3405 toribus,
639 3346 723 3391 ter
747 3339 903 3392 beato
935 3337 1290 3392 dilectissimo
1321 3338 1543 3393 domino
1575 3347 1630 3392 et
1666 3349 1817 3410 patre
1848 3340 1957 3394 lm-
2058 3334 2285 3401 ponique
2308 3335 2412 3397 hic.
2442 3335 2634 3388 habens
2667 3337 2743 3389 sic
2772 3352 2792 3391 :

374 3430 511 3498 perii
548 3429 735 3492 michi,
767 3431 956 3485 eadem
1002 3430 1213 3485 donans
1239 3440 1294 3486 et
1323 3446 1623 3502 apponens,
1656 3432 1799 3502 quod
1832 3443 1960 3488 tunc
2136 3441 2156 3476 ι
2200 3424 2270 3477 Et
2315 3426 2441 3496 quid
2476 3442 2712 3497 unquam
2756 3429 2827 3482 sit
2861 3444 3064 3494 eorum,
3097 3447 3196 3502 que
3232 3443 3353 3486 sunt
3403 3449 3642 3487 commn-

374 3522 688 3591 petiveruut
737 3522 791 3576 in
846 3520 1281 3577 rediliit-ationcm
1325 3525 1595 3593 amboque
1631 3526 1652 3557 ⁸
1700 3534 1847 3579 certe
1892 3525 1956 3579 ad

2063 3516 2200 3568 tatio
2246 3516 2289 3548 ”
2328 3533 2457 3584 pure
2486 3519 2718 3572 amicitie
2745 3535 2808 3572 ac
2838 3519 3008 3587 ﬁdei?
3042 3520 3184 3585 Quid
3215 3539 3335 3577 vero
3366 3526 3548 3578 amicis
3594 3536 3644 3580 rt

375 3613 666 3685 Imperium
714 3630 901 3669 eormn
953 3616 1232 3669 servitutis
1284 3624 1450 3681 atque
1496 3615 1774 3670 ﬁdelitatis
1806 3626 1859 3671 et
1892 3617 1957 3672 ad
2061 3608 2341 3669 ministris,
2370 3609 2617 3676 periculis
2648 3626 2703 3664 se
2728 3609 2929 3665 obicere
2956 3629 3050 3679 pro
3099 3615 3283 3669 amicis
3324 3626 3371 3669 et
3414 3620 3643 3672 dominis

382 3706 704 3762 Romaniam
735 3715 999 3762 convento
1027 3706 1093 3760 ab
1121 3706 1200 3761 eis
1230 3720 1449 3761 servare
1482 3722 1614 3776 pure
1653 3707 1960 3763 dilectionis
2061 3702 2410 3772 eltigentibus.
2446 3704 2627 3758 reddet
2656 3704 2772 3773 quis
2804 3707 2922 3772 equi
2961 3705 3007 3737 "‘
3032 3702 3300 3775 ponderis,
3331 3717 3381 3762 et
3414 3711 3644 3765 maxime

377 3808 435 3853 et
489 3796 736 3853 aﬁ'ectus.
790 3796 1167 3852 Ni-cessarium
1214 3812 1373 3868 ergo,
1430 3800 1727 3869 ambosque
1772 3798 1853 3853 eis
1900 3809 1961 3853 ut
1989 3850 2031 3869 η
2061 3794 2274 3863 quando
2321 3804 2604 3861 spontanee
2650 3812 2744 3864 pro
2792 3800 2873 3851 Itis
2917 3797 2971 3851 in
3021 3801 3322 3853 contamina
3374 3801 3417 3833 ³⁵
3448 3801 3503 3854 in
3537 3802 3640 3854 It'is

375 3891 653 3946 habebant
687 3891 818 3959 ipsis
857 3890 1181 3945 dictionibus
1227 3888 1478 3960 prasente
1525 3890 1742 3961 Imperii
1784 3892 1954 3946 nostri
1987 3850 2032 3907 Ο
2069 3900 2168 3954 que
2204 3893 2387 3938 contra
2434 3877 2609 3939 hostes
2664 3898 2783 3940 sunt
2831 3890 3009 3954 pretiis
3054 3890 3109 3942 Ιιὶ
3158 3891 3646 3947 νεηετὶηιγΝοκιιε

372 3996 629 4037 sermone
670 3996 816 4035 nunc
860 3994 1142 4045 renovare,
1176 3996 1283 4048 que
1323 3980 1469 4035 velut
1509 3980 1696 4034 urbem
1734 3980 1954 4035 intersi-
2062 3976 2268 4044 quidem
2295 3979 2528 4031 studium
2555 3978 2834 4032 voluntatis
2862 3995 3102 4048 magnam
3131 3980 3266 4033 hanc
3295 3997 3400 4034 rem
3424 3998 3641 4049 Ροηθηδο
3712 4026 3713 4029 η

374 4080 485 4125 tam
540 4071 949 4125 summitatibus
1022 4070 1295 4139 presentis
1352 4069 1603 4123 videlicet
1656 4069 1955 4124 cbrisobuli
2064 4067 2228 4120 nichil
2276 4071 2344 4120 ad
2397 4068 2612 4138 dignam
2660 4069 2854 4122 invenit
2907 4066 3400 4125 remunerationem.
3455 4070 3562 4124 Red
3600 4073 3644 4124 it

374 4176 630 4216 sermone
675 4161 899 4217 omnino
952 4162 1265 4232 colligemus
1309 4170 1363 4215 et
1414 4161 1953 4218 circnmmnniamus.
2063 4173 2203 4223 vero,
2231 4167 2428 4227 quanta
2458 4162 2548 4211 dat
2580 4160 2824 4223 temporis
2855 4158 2920 4225 ιθ,
2954 4169 3003 4212 et
3036 4176 3133 4229 que
3177 4161 3359 4214 amicis
3391 4173 3437 4215 et
3481 4162 3643 4215 mini-

375 4249 553 4305 llabet
577 4264 709 4304 vero
731 4249 1088 4322 chrysobylus
1118 4265 1300 4305 sermo
1327 4251 1691 4306 memorabilis
1721 4250 1958 4320 lmpera-
2066 4248 2192 4301 stris
2239 4259 2359 4301 sunt
2403 4248 2688 4317 placentia.
2738 4248 2872 4304 Sunt
2915 4261 3084 4304 autem
3107 4289 3123 4316 ,
3152 4267 3249 4320 que
3283 4252 3646 4304 retribuuntur

376 4342 514 4397 toris
538 4342 767 4406 domini,
801 4342 1001 4396 domini
1042 4350 1098 4397 et
1127 4342 1295 4410 patris
1327 4339 1518 4411 Imperi
1565 4342 1726 4396 michi
1760 4345 1801 4407 ',
1834 4345 1910 4397 sic
1944 4360 1958 4398 :
2060 4338 2183 4406 ﬁdei
2231 4349 2277 4393 et
2329 4356 2458 4406 pure
2503 4340 2764 4394 servitutis
2803 4341 3025 4407 premia,
3062 4354 3243 4394 nostra
3287 4344 3494 4411 quidem
3530 4356 3645 4395 stu-

449 4430 591 4487 Solet
625 4434 933 4487 multaciens
962 4433 1235 4503 antiquior
1263 4434 1392 4500 ﬁdes
1429 4443 1583 4503 atque
1617 4432 1960 4489 beniuolentia
2060 4431 2212 4482 diosa
2240 4431 2510 4485 voluntate
2548 4440 2599 4483 et
2623 4427 2911 4501 spontaneo
2942 4433 3118 4486 animo
3171 4433 3376 4487 minora
3416 4451 3480 4487 ac
3508 4450 3645 4502 pau-

375 4524 719 4593 pasteriorem
752 4525 1163 4579 malivolentiam
1198 4534 1465 4592 contegere
1493 4542 1555 4578 ac
1584 4525 1775 4590 delere,
1813 4527 1960 4579 victis
2064 4524 2235 4584 ciora,
2257 4538 2359 4574 non
2387 4523 2636 4589 ignobilia
2660 4539 2776 4576 vero
2803 4525 3045 4591 quedam.
3076 4540 3169 4578 nec
3191 4526 3375 4578 amicis
3404 4535 3451 4578 et
3479 4527 3640 4579 seruis

377 4614 607 4667 dominis
653 4621 702 4666 et
749 4613 935 4667 amicis
985 4615 1241 4667 memoria
1273 4614 1470 4681 prioris
1517 4613 1871 4683 subjectorum
1913 4626 1960 4668 et
2066 4613 2307 4682 indigna.
2360 4613 2465 4666 Sed
2511 4614 2639 4683 quid
2685 4615 2839 4668 michi
2878 4617 3151 4683 praemium
3198 4617 3352 4672 uult?
3395 4615 3501 4683 Ea,
3546 4633 3646 4686 quc

376 4700 670 4755 amicorum
704 4702 990 4767 bonitatis;
1039 4702 1173 4756 velut
1214 4718 1352 4754 nunc
1396 4716 1597 4772 quoque
1627 4703 1681 4755 in
1720 4700 1965 4758 Venetias
2063 4702 2299 4771 ﬁdelium
2334 4700 2692 4755 Veneticornm
2718 4713 2859 4769 sunt,
2890 4705 3069 4758 nullus
3095 4705 3327 4758 omnium
3350 4705 3643 4775 ignoravit;

374 4794 618 4863 contigit.
666 4792 1022 4848 Reminiscens
1052 4795 1191 4847 enim
1226 4792 1513 4862 Imperium
1555 4810 1726 4848 meum
1756 4799 1969 4864 antique
2065 4802 2114 4846 et
2144 4809 2245 4864 quo
2286 4794 2328 4825 ¹⁷
2360 4793 2515 4846 modo
2547 4804 2792 4848 venerunt
2834 4796 3151 4850 constructis
3183 4796 3462 4866 multiferis
3497 4797 3647 4850 naui-

374 4899 564 4937 eorum
606 4883 949 4939 benivolentia
977 4896 1023 4938 et
1052 4883 1201 4952 ﬁdei,
1248 4898 1406 4952 quam
1441 4897 1568 4951 erga
1612 4897 1814 4950 semper
1861 4898 1970 4935 me-
2069 4885 2161 4938 bus
2189 4886 2258 4938 ad
2290 4884 2666 4953 Epidamnum.
2692 4887 2835 4955 quod
2862 4885 3217 4957 Dyrrachium
3246 4904 3486 4943 vocamus
3517 4902 3645 4951 nos;

1731 4997 1932 5058 Variae
1962 4998 2291 5061 lectiones.

453 5103 469 5132 ²
500 5101 645 5171 Lege
676 5097 1025 5171 :Afirmitatis.
1066 5124 1075 5171 ζ
1117 5097 1193 5129 ²’⁸
1222 5095 1375 5171 Adde
1402 5114 1428 5171 _:
1459 5093 1666 5165 largiri.
1741 5092 1763 5126 ⁸
1800 5092 1917 5171 Lib:
1966 5097 2118 5171 albus
2148 5116 2164 5171 _:
2208 5096 2457 5171 Yenetia._
2484 5096 2540 5171 __"
2578 5095 2676 5171 llic
2724 5106 2778 5151 et
2821 5099 2982 5171 paulo
3024 5099 3260 5171 inferius
3313 5099 3643 5171 Insperato"

378 5164 627 5238 legerint.
704 5169 725 5201 ⁸
760 5170 941 5235 Lege:
971 5164 1295 5238 amborum.‘
1342 5167 1359 5197 "
1391 5164 1563 5238 iunge
1610 5178 1732 5238 cum
1766 5169 1932 5238 verius
1980 5166 2294 5238 dilectionis.
2350 5169 2392 5238 -δ
2440 5167 2567 5238 Lib.
2603 5166 2757 5238 albus
2784 5185 2797 5219 :
2824 5164 2937 5226 'Ut.
3017 5170 3037 5202 ⁹
3071 5170 3087 5223 i
3141 5186 3190 5225 e.
3226 5164 3448 5238 Joannis
3480 5169 3642 5224 Com-

379 5232 531 5295 ιιιῗυί.
608 5240 651 5271 ¹⁰
684 5239 815 5293 Scil.
840 5232 1067 5304 imperii
1115 5236 1240 5290 mei.
1276 5232 1597 5302 Intelligitur
1626 5232 1845 5288 Alexius
1871 5232 1964 5287 Cor

2049 5252 2204 5291 enus.
2277 5237 2317 5266 “
2350 5235 2465 5289 Lib.
2502 5236 2692 5289 albus:
2728 5237 3125 5304 indulgentiam.
3201 5239 3244 5269 "
3278 5236 3557 5293 Scribeud:
3583 5255 3634 5294 m

377 5322 501 5362 erat
536 5327 549 5363 :
582 5305 1057 5380 conuenientibus.”
1102 5304 1286 5380 ’_’__lloc
1312 5306 1535 5380 verbum
1570 5307 2030 5380 transponendum
2068 5316 2171 5370 est,
2200 5306 2282 5380 sic
2319 5323 2332 5357 :
2374 5306 2435 5380 Et
2465 5308 2590 5372 quid
2622 5321 2854 5380 unquam
2880 5307 2974 5380 sit
2997 5311 3360 5380 commutatio
3381 5308 3635 5380 (4303.613)

376 5381 595 5441 eorum,
642 5392 782 5446 quae,
831 5390 939 5432 etc.
1022 5374 1067 5406 ί*
1110 5372 1229 5428 Lib.
1275 5375 1433 5428 albus
1475 5372 1680 5441 :equis.
1759 5373 1802 5404 “’
1836 5375 1917 5427 An
1947 5391 1960 5427 :
1993 5376 2285 5429 certamina
2341 5376 2422 5428 vel
2473 5372 2801 5430 conamina?
2878 5375 2919 5407 "
2949 5377 3030 5429 An
3067 5392 3081 5430 :
3114 5372 3396 5446 tempus?
3437 5372 3479 5409 "
3509 5372 3632 5433 Lib;

379 5450 539 5502 albus
564 5463 578 5499 :
609 5463 707 5502 aue

477 5560 536 5628 Ξ)
567 5562 718 5613 Auno
752 5557 903 5614 1146.
1112 5625 1132 5628 _
1158 5623 1190 5628 η
1338 5621 1370 5628 __
1550 5619 1571 5628 _
1598 5620 1629 5628 __
1684 5620 1695 5628 _

2068 5551 2163 5628 itit.
2207 5549 3111 5628 ﬂaminis-“tt.JSlaalsngttltxntl.
3176 5549 3308 5622 Rep.
3368 5550 3629 5625 Venedig.

458 5619 536 5700 (ι)
575 5629 725 5683 Hauc
773 5627 1063 5700 Latineex
1112 5621 1424 5700 Liln'omalbo
1459 5631 1525 5700 et
1550 5619 1958 5700 Librisnnftcto-
2069 5621 2166 5678 Tu.
2207 5621 2225 5676 l
2257 5620 2437 5691 (Wien
2467 5622 2647 5690 £850),
2682 5637 2732 5691 ρ.
2767 5621 2889 5677 115.
2911 5619 3121 5673 -124.

382 5688 816 5768 ιἰιιύῚιιιι-ετθιη
865 5696 1149 5752 ediderunt
1187 5693 1336 5747 Talel
1371 5701 1423 5746 et
1466 5688 1700 5743 Thomas
1734 5688 1861 5746 Utk.
1909 5707 1958 5744 z.
