4014 6412
402 287 503 355 711

1646 287 2042 348 MANUELIS
2083 287 2422 350 COMNENI

3566 295 3674 360 712

405 419 451 458 et
486 400 746 469 quomodo
781 400 918 452 viros
959 397 1077 450 navi
1102 407 1391 466 pugnantes
1424 396 1720 450 innumeros
1752 399 1802 450 in
1833 399 1987 450 auxi-
2021 408 2059 458 Α
2097 401 2287 460 briam,
2327 409 2375 452 et
2407 415 2498 465 per
2544 401 2705 467 ipsam
2761 398 3130 471 Megalopolim
3167 413 3214 457 ει
3261 405 3564 475 εῖιηρηεηεν
3615 413 3672 464 in

402 494 537 546 lium
585 494 732 546 nobis
775 497 1236 560 presentarerunt;
1282 490 1643 559 quomodoqae
1687 489 1730 520 ¹⁸
1773 492 1983 559 ρνομνὶο

400 583 556 637 stotlo
603 582 807 637 scelesti
855 581 1051 635 stolam
1083 582 1127 612 ¹⁹
1163 582 1212 634 vi
1259 592 1571 649 superarunt
1606 581 1674 645 ὀ,
1715 581 1984 647 per-dentes

402 690 521 728 cum
554 676 684 741 ipsis
733 673 894 738 viris;
945 680 993 726 et
1026 676 1164 740 quod
1218 687 1353 724 nunc
1385 687 1588 740 quoque
1641 669 1787 724 nobis
1827 674 1984 724 auxi-

404 767 598 819 liantes
627 774 995 833 perseverant;
1026 775 1070 816 et
1108 763 1237 825 alia,
1273 779 1372 832 que
1400 781 1430 815 a
1460 762 1829 831 thalattoc0pis
1858 764 1893 816 i.
1934 781 1980 820 e.

398 859 456 910 in
483 859 620 910 mari
651 855 1013 909 laborantibus
1047 856 1171 908 viris
1201 866 1319 908 acta
1361 865 1504 917 sunt,
1537 866 1584 906 et
1617 871 1713 923 que
1746 871 1983 909 correcta

401 960 659 1004 nouerunt
693 965 890 1014 omnes,
925 950 1022 1002 etsi
1057 967 1150 1002 nos
1195 965 1294 1001 non
1325 949 1604 1002 dicamus?
1640 947 1789 1001 Unde
1835 959 1882 1000 et
1929 950 1983 1000 in

404 1042 826 1095 remuneratione
871 1041 1177 1110 hujusmodi
1217 1041 1447 1108 ipsorum
1498 1041 1831 1094 servitiorum
1862 1041 1985 1093 bene

405 1134 566 1186 voluit
622 1132 912 1201 Imperium
971 1149 1141 1184 meum
1209 1149 1302 1200 per
1349 1147 1560 1200 presens
1614 1131 1983 1184 chrisobnllion

401 1241 693 1278 sermonem
724 1227 956 1293 accipere
981 1242 1066 1277 eos
1086 1240 1258 1278 annue
1283 1226 1336 1276 in
1366 1233 1594 1289 tempore
1622 1240 1744 1294 rage
1769 1223 1976 1276 sollem-

403 1317 585 1383 pnium
648 1315 834 1368 librar.
886 1316 928 1347 ²¹
965 1313 1108 1376 XX,
1157 1321 1204 1368 “et
1255 1325 1310 1367 ut
1360 1315 1751 1368 distribuantur
1794 1315 1884 1366 hec
1931 1316 1983 1367 in

398 1407 640 1474 praprias
669 1405 914 1459 ecclesias
938 1407 1221 1461 secundum
1252 1408 1484 1473 ipsorum
1511 1407 1660 1460 velle.
1693 1406 1980 1460 IIonoravit
2007 1438 2012 1443 -

401 1507 580 1552 autem
611 1508 659 1552 et
701 1500 923 1553 nobilem
952 1500 1148 1553 Ducem
1173 1516 1354 1553 eorum
1391 1500 1831 1553 venerabilissima
1858 1516 1982 1567 pro-

401 1590 653 1643 tosebasti
683 1592 940 1660 dignitate
987 1608 1104 1644 cum
1154 1608 1278 1660 roga
1313 1592 1472 1644 etiam
1516 1608 1610 1644 sua
1654 1593 1978 1660 plenissima.

402 1677 526 1733 Non
562 1682 619 1734 in
668 1698 893 1748 persona
941 1699 1058 1736 vero
1105 1683 1270 1750 ipsius
1309 1683 1667 1736 determinavit
1698 1684 1982 1748 honorem;

397 1770 489 1823 sed
515 1770 888 1826 indesinentem
919 1789 1031 1826 esse
1064 1784 1222 1841 atque
1249 1783 1555 1840 perpetuum
1586 1785 1632 1826 et
1660 1789 1752 1839 per
1779 1790 1981 1828 succes.

396 1861 568 1914 siones
612 1878 773 1932 usqne
813 1863 856 1894 “
909 1865 1196 1916 secundum
1240 1863 1376 1915 diem
1426 1864 1471 1894 ³³
1520 1863 1715 1930 fuerint
1749 1863 1978 1919 Ducibus

399 1955 686 2004 transmitti
718 1954 1000 2021 deﬁnitivis
1044 1956 1098 2008 in
1143 1955 1288 2009 urbe.
1324 1953 1614 2007 IIonoravit
1654 1967 1698 2008 et
1729 1954 1976 2009 Patriar-

397 2043 547 2096 eham
573 2058 750 2095 eorum
780 2043 1127 2114 hypertimou,
1158 2045 1194 2098 i.
1228 2061 1273 2098 e.
1303 2043 1834 2110 superhanombitem,
1861 2063 1978 2100 cum

394 2147 521 2200 roga
569 2132 829 2188 librarum
881 2136 1086 2204 viginti.
1123 2135 1189 2188 Et
1237 2139 1376 2189 hunc
1424 2152 1544 2189 vero
1595 2137 1840 2192 honorem
1888 2156 1978 2206 per

391 2227 768 2279 successionem
807 2228 860 2280 in
910 2243 1018 2290 eos,
1054 2231 1144 2298 qui
1191 2229 1432 2297 deinceps
1465 2230 1682 2298 fuerint,
1731 2229 1976 2284 Pa'riar-

393 2315 519 2367 chus
553 2317 864 2380 transmisit,
899 2331 954 2370 ut
999 2319 1079 2370 hic
1129 2335 1330 2386 quoque
1381 2320 1447 2370 sit
1496 2318 1789 2372 indesinens
1821 2330 1976 2390 atque

391 2416 694 2473 perpetuus,
729 2418 774 2459 et
809 2423 910 2460 non
942 2418 1148 2460 tantum
1179 2425 1403 2476 persona
1445 2408 1490 2441 “
1520 2410 1632 2477 ejus
1688 2409 1974 2465 Constituit

396 2511 512 2547 vero
570 2494 854 2565 Imperium
927 2514 1100 2550 meum
1157 2509 1204 2550 et
1265 2499 1654 2551 sanctissimam
1705 2500 1974 2554 ecclesiam

394 2588 568 2639 sancti
602 2589 824 2655 apostoli
873 2597 920 2640 et
970 2590 1279 2659 evangeliste
1330 2581 1521 2653 Marci,
1553 2592 1642 2659 qui
1672 2603 1747 2644 est
1781 2594 1835 2643 in
1879 2591 1976 2644 Ve-

394 2677 558 2740 netia,
594 2683 656 2727 ab
689 2693 792 2729 uno
823 2694 1023 2747 quoque
1057 2680 1112 2731 in
1145 2697 1330 2748 magna
1367 2681 1568 2734 civitate
1599 2691 1648 2734 et
1680 2684 1821 2735 omni
1867 2683 1971 2736 Ro-

391 2781 574 2819 mania
625 2769 907 2822 tenentium
940 2772 1232 2838 ergasteria
1273 2774 1722 2844 Amalphynorum
1770 2775 1815 2806 ’⁸
1862 2782 1991 2828 om-'

389 2859 557 2924 nium,
579 2863 668 2930 qui
691 2873 810 2916 sunt
833 2866 926 2917 sub
946 2877 1202 2933 potestate
1222 2867 1336 2935 ejus
1359 2867 1571 2936 quidem
1589 2870 1881 2934 patricatus
1902 2869 1968 2933 '°,

390 2953 625 3018 accipere
655 2970 747 3021 per
774 2973 934 3008 unum
973 2973 1222 3028 quemque
1261 2975 1454 3011 annum
1493 2963 1812 3014 ititinisinata
1843 2963 1968 3013 tria.

391 3043 472 3093 Ad
508 3041 602 3094 hoc
651 3045 812 3097 donat
856 3046 930 3098 eis
972 3058 1018 3098 et
1065 3049 1355 3115 ergasteria
1389 3064 1486 3116 que
1533 3059 1650 3101 sunt
1685 3050 1737 3101 in
1770 3050 1969 3103 embolo

389 3127 687 3185 I’eramatis
717 3150 832 3187 cum
863 3136 1074 3190 solariis
1103 3139 1234 3204 suis,
1263 3155 1362 3206 que
1391 3139 1581 3191 [tabent
1613 3141 1882 3192 introitum
1917 3151 1967 3194 et

387 3221 585 3274 exitum
623 3225 673 3276 in
709 3234 876 3278 totum
908 3229 974 3292 "’,
1005 3232 1140 3298 quod
1163 3230 1395 3298 procedit
1434 3229 1499 3282 ab
1549 3230 1775 3284 Ebraicu
1815 3248 1971 3298 usque

384 3315 453 3361 ad
489 3311 696 3382 i'iq’an,
722 3333 918 3387 queque
938 3320 1246 3373 habitantur
1277 3332 1323 3374 et
1363 3338 1460 3388 que
1497 3339 1601 3375 non
1628 3323 1966 3387 habitantur,

383 3410 432 3452 et
467 3401 520 3454 in
550 3406 737 3470 qmbus
785 3404 1009 3461 Venetici
1037 3421 1343 3476 permanent
1373 3423 1418 3462 et
1449 3409 1602 3465 Greci
1649 3415 1785 3464 sicut
1820 3429 1972 3482 erga-

386 3493 605 3556 steriis,‘
637 3506 681 3546 et
743 3499 1038 3550 maritimas
1091 3496 1187 3552 III
1242 3500 1440 3562 scalas,
1491 3517 1589 3568 que
1636 3502 1690 3553 in
1740 3508 1970 3566 preiticto

384 3587 566 3648 spacio
604 3587 976 3643 terminantur.
1010 3587 1181 3641 Donat
1216 3603 1390 3642 autem
1419 3601 1467 3643 et
1499 3605 1680 3643 sancto
1714 3593 1970 3646 Akindino

386 3675 709 3744 municipium
760 3679 802 3732 i.
837 3694 883 3733 e.
933 3681 1213 3746 pistrinum
1267 3681 1334 3743 ’⁸,
1387 3687 1525 3752 quod
1576 3693 1651 3736 est
1703 3686 1756 3735 in
1805 3686 1968 3751 ipsius

385 3767 600 3820 ecclesie
651 3769 832 3833 latere,
862 3771 1025 3840 quod
1068 3775 1282 3838 pertinet
1322 3772 1391 3825 ad
1439 3774 1650 3828 domum
1689 3775 1876 3841 Petrii,
1921 3787 1969 3829 et

384 3857 540 3909 habet
585 3861 881 3924 pensionem
913 3861 1366 3929 Byzzantinorum
1418 3861 1544 3917 XX.
1593 3864 1847 3920 Similiter
1875 3872 1969 3922 dat

379 3960 429 4004 et
458 3952 732 4003 ecclesiam
765 3956 936 4005 sancti
984 3955 1210 4016 apostoli
1241 3955 1469 4019 Andree,
1499 3972 1598 4025 que
1637 3966 1715 4010 est
1750 3958 1802 4010 in
1831 3957 1970 4027 Dyr-

382 4041 563 4093 rachio
613 4057 728 4094 cum
770 4044 956 4096 ibidem
992 4046 1328 4099 existentibus
1362 4046 1734 4118 Imperialibus
1767 4050 1972 4116 pensio-

380 4131 588 4182 nalibns
639 4145 812 4197 preter
863 4133 920 4186 in
972 4135 1016 4188 is
1071 4138 1356 4202 repositam
1407 4137 1775 4208 aphesin,que
1821 4138 1967 4191 debet

381 4221 501 4271 dari
526 4223 593 4272 ad
616 4221 894 4276 chelandia
923 4225 990 4280 ".
1022 4211 1486 4281 Concessitautem
1516 4231 1591 4282 eis
1622 4238 1672 4282 et
1701 4231 1967 4297 negociari

381 4311 438 4361 in
467 4326 640 4362 omnes
665 4325 839 4377 partes
872 4300 1124 4369 Romanis
1156 4319 1349 4385 species
1397 4321 1691 4385 universas,
1729 4321 1966 4373 videlicet

2090 508 2265 544 omnes
2296 502 2467 556 partes
2499 493 2593 546 sub
2626 501 2881 562 potestate
2909 508 3083 549 nostre
3112 499 3193 563 pie
3224 503 3670 567 mansuetudinis,

2089 598 2190 634 non
2220 584 2549 650 prebentibus
2577 587 2788 638 omnino
2815 603 2908 651 pro
2933 587 3160 655 qualibet
3185 593 3401 658 propria
3428 595 3667 663 negotia-

2088 676 2233 724 rioue
2277 674 2529 740 quidlibet
2581 675 2878 728 commercii
2923 678 3099 746 gratia
3147 679 3227 732 vel
3257 681 3492 750 cujusvis
3533 686 3672 740 alius

2087 763 2424 825 condi-iouis,
2452 780 2550 831 que
2575 766 2807 817 demosio
2835 767 3082 834 infertur,
3109 771 3252 836 pacti
3278 774 3430 840 quasi
3459 774 3672 828 :rilora-

2088 853 2236 916 lami,
2285 855 2594 914 limenatici.
2647 857 2945 924 porteatici,
3002 859 3249 923 caniskii,
3297 863 3564 930 exifeileos
3598 866 3668 933 ",

2086 946 2440 998 archantichii
2475 958 2521 998 et
2553 948 2779 1000 aliorum
2805 949 3116 1002 tributorum
3145 967 3310 1006 causa
3340 971 3542 1020 eorum,
3570 975 3671 1026 que

2086 1038 2266 1088 debent
2301 1039 2587 1106 negociari.
2619 1037 2685 1092 In
2712 1041 2950 1093 omnibus
2976 1042 3111 1094 enim
3143 1045 3514 1112 negociationis
3541 1047 3670 1102 locis

2085 1129 2210 1180 data
2242 1141 2316 1181 est
2349 1130 2564 1184 licentia
2596 1133 2671 1185 eis
2707 1133 2771 1186 ab
2804 1131 3033 1201 Imperio
3071 1151 3204 1201 meo,
3236 1140 3530 1204 superiores
3557 1157 3670 1196 esse

2087 1220 2272 1274 debere
2303 1233 2346 1274 et
2380 1223 2493 1289 ipsa
2541 1226 2894 1293 requisitione.
2943 1225 3199 1281 Excident
3232 1246 3347 1283 rero
3377 1242 3422 1284 et
3458 1233 3521 1285 ab
3551 1235 3666 1301 ipso

2096 1314 2320 1375 erarcho
2371 1315 2786 1382 parathalassite
2813 1319 2878 1379 ",
2915 1318 3256 1386 eleopurocho
3300 1325 3560 1378 dominico
3596 1326 3664 1390 ³³,

2087 1407 2534 1470 commerhiaiiis,
2583 1407 2958 1476 chartalariis,
3004 1412 3260 1481 hipologis
3302 1423 3349 1465 et
3389 1417 3664 1477 omnibus.

2085 1500 2173 1565 qui
2207 1497 2509 1566 hujusmodi
2547 1510 2688 1562 sunt,
2736 1501 2879 1554 nullo
2909 1518 3111 1569 eorum,
3143 1507 3232 1574 qui
3269 1523 3358 1574 per
3391 1508 3507 1561 loca
3540 1519 3664 1561 sunt

2085 1590 2401 1657 principium
2433 1592 2509 1644 vel
2541 1591 2769 1644 aliorum
2797 1596 3064 1647 servi-ium
3107 1601 3397 1652 communis
3430 1613 3666 1654 tractan-

2087 1683 2236 1742 tium,
2265 1694 2628 1750 contempnere
2655 1686 2780 1751 qaid
2813 1702 2989 1739 eorum
3017 1705 3116 1756 que
3159 1689 3243 1743 hic
3288 1692 3506 1760 diﬁinita
3537 1704 3663 1746 sunt

2085 1785 2432 1836 presumente.
2471 1771 2716 1826 Omnium
2747 1777 2906 1838 enim,
2943 1793 3072 1846 quas
3114 1781 3228 1849 quis
3276 1781 3438 1846 dicat,
3473 1785 3664 1850 specie—

2087 1877 2202 1912 rum
2231 1879 2294 1914 ac
2324 1879 2495 1916 rerum
2527 1881 2770 1918 concessa
2795 1877 2869 1919 est
2891 1869 2990 1921 hiis
3017 1873 3328 1938 uegociatio,
3358 1884 3406 1926 et
3429 1876 3662 1928 omnium

2084 1954 2393 2021 emptionem
2442 1957 2493 2007 in
2541 1967 2794 2024 potestate
2842 1961 3100 2014 habebunt
3132 1964 3323 2031 facere,
3368 1971 3660 2030 su,:eriores

2084 2046 2364 2099 existentes
2403 2049 2641 2100 universa
2687 2051 2919 2106 datione.
2960 2051 3067 2105 Hec
3117 2056 3186 2106 ita
3223 2072 3336 2108 cum
3385 2058 3664 2119 dis;ensa-

2083 2135 2205 2186 verit
2240 2134 2454 2199 Imperii
2484 2138 2640 2192 michi
2674 2142 2840 2205 pietas
2882 2154 3087 2209 sancta,
3119 2157 3270 2212 atque
3299 2149 3507 2216 difﬂuit,
3541 2151 3663 2203 nul-

2083 2221 2189 2274 lum
2228 2226 2460 2279 resistere
2505 2233 2578 2280 eis
2623 2230 2756 2281 sicut
2799 2231 2952 2283 rectis
2981 2242 3028 2284 et
3083 2236 3212 2287 reris
3262 2236 3402 2289 dulis
3451 2238 3563 2306 ejus
3610 2249 3662 2292 et

2084 2329 2266 2370 contra
2311 2320 2550 2373 inimicos
2577 2322 2907 2390 adiutoribus
2937 2337 2983 2379 et
3015 2342 3176 2394 usque
3209 2329 3276 2381 ad
3316 2331 3469 2398 finem
3501 2333 3662 2385 seculi

2084 2409 2215 2462 tales
2261 2427 2313 2462 se
2351 2429 2460 2465 esse
2489 2416 2937 2478 promittentibus,
2986 2434 3412 2493 nec‘quemquam
3446 2427 3658 2479 omnino

2083 2503 2350 2554 contraria
2397 2506 2590 2558 sentire
2619 2507 2723 2560 hiis
2762 2509 2955 2563 talibus
2998 2549 3012 2573 ,
3049 2528 3138 2565 nec
3187 2515 3416 2569 actiones
3465 2517 3658 2588 aliquis

2083 2595 2330 2648 adversus
2383 2612 2560 2651 omnes
2606 2615 2844 2654 exercere
2887 2613 3100 2672 propter
3146 2609 3370 2662 tradicta
3403 2613 3476 2663 eis
3505 2628 3661 2681 erga-

2080 2685 2238 2734 steria
2269 2697 2312 2736 et
2351 2690 2523 2740 scalas
2567 2688 2702 2740 istic.
2736 2689 3142 2763 Qualiscumque
3165 2697 3299 2748 enim
3329 2697 3372 2728 “
3397 2697 3534 2765 juris
3565 2702 3659 2753 hec

2081 2775 2332 2840 existunt,
2381 2779 2488 2831 sive
2516 2780 2853 2835 ecclesiastici
2899 2785 3007 2838 sive
3055 2787 3243 2852 privati
3291 2790 3398 2842 sive
3436 2791 3654 2857 publiti,

2081 2866 2185 2918 sive
2210 2878 2387 2920 sancte
2416 2870 2600 2923 domus
2633 2872 2762 2934 sint,
2795 2877 2885 2926 hec
2917 2875 3217 2931 nullatenus
3252 2881 3655 2949 contingethque

2082 2973 2217 3009 nunc
2267 2971 2385 3010 sunt
2428 2961 2660 3028 ﬁdelium
2695 2966 2808 3018 duli
2844 2966 2890 2998 ⁸⁸
2927 2965 3141 3035 Imperii
3188 2970 3344 3023 michi
3385 2970 3654 3026 Venetico-

2079 3062 2193 3098 ram
2228 3059 2276 3100 et
2321 3051 2373 3102 in
2402 3061 2667 3118 posterum
2703 3055 3035 3122 (umorum;
3064 3048 3219 3127 quu'm
3254 3063 3470 3114 multant
3509 3063 3655 3116 beni-

2078 3139 2352 3193 volentiam
2383 3155 2428 3194 et
2465 3154 2663 3196 rectum
2693 3149 2921 3200 animum
2953 3165 3073 3216 erga
3113 3151 3419 3205 Romaniam
3451 3166 3498 3207 et
3529 3173 3654 3226 erga

2073 3227 2356 3297 Imperium
2394 3250 2560 3284 meum
2594 3238 2950 3303 ostenderunt,
2982 3252 3026 3292 et
3066 3251 3172 3292 luto
3204 3246 3382 3294 animo
3413 3245 3503 3297 hec
3541 3263 3655 3298 ser-

2072 3333 2191 3369 vare
2226 3322 2534 3385 promittunt
2570 3326 2620 3376 in
2669 3341 2993 3392 perpetuum,
3041 3340 3089 3381 et
3133 3344 3364 3399 pugnare
3395 3349 3489 3401 pro
3542 3337 3651 3388 Ilo-

2071 3426 2304 3463 meorum
2350 3425 2493 3465 statu
2531 3425 2578 3467 et
2629 3416 2946 3473 Christianis
2987 3438 3080 3488 pro
3123 3437 3271 3490 parte
3306 3425 3352 3456 “
3386 3428 3558 3480 volunt
3602 3440 3652 3482 et

2069 3514 2446 3566 protes.'aiuur.
2486 3504 2551 3558 Et
2581 3520 2761 3560 contra
2810 3511 2941 3564 tales
2973 3513 3108 3565 uiros
3152 3516 3264 3582 quis
3309 3521 3648 3583 contradicet,

2073 3595 2147 3644 vel
2177 3607 2360 3648 contra
2386 3615 2470 3648 eos
2492 3598 2749 3664 juditium
2784 3604 3000 3656 movebit
3031 3605 3356 3674 aliquando?
3389 3607 3535 3662 Unde
3561 3629 3652 3666 nec

2073 3698 2326 3738 sccietum
2366 3685 2534 3741 I‘etrii
2571 3691 2644 3743 vel
2682 3691 2922 3759 Mireleu,
2957 3712 3046 3750 nec
3077 3701 3236 3752 etiam
3277 3703 3504 3766 privatus
3533 3706 3652 3772 qui-

2073 3792 2226 3843 sque,
2276 3781 2363 3828 sed
2414 3797 2504 3831 nec
2550 3786 2920 3839 monasterium
2973 3788 3048 3840 vel
3091 3791 3334 3859 templum
3370 3810 3606 3847 sanctum
3633 3837 3647 3860 ,

2072 3871 2261 3937 quibus
2311 3871 2545 3924 videlicet
2611 3875 2808 3936 donata
2857 3882 3140 3947 ergasteria
3191 3885 3444 3948 pertinent
3495 3900 3652 3955 atque

2071 3960 2231 4020 scale,
2269 3974 2452 4014 contra
2480 3963 2571 4016 hos
2605 3967 2892 4023 morebunt.
2935 3970 3111 4025 Erunt
3145 3986 3319 4028 autem
3363 3977 3569 4031 sileu'es
3600 3991 3648 4032 et

2070 4049 2123 4101 in
2146 4051 2532 4118 dispensatione
2561 4071 2623 4108 ac
2643 4058 2923 4114 donatione
2950 4061 3168 4130 Imperii
3200 4067 3350 4120 miclsi
3385 4085 3650 4125 manen’es

2070 4157 2206 4195 vere.
2235 4141 2376 4196 Nam
2398 4146 2443 4198 si
2467 4151 2760 4202 voluntaiia
2791 4168 2893 4204 non
2917 4155 3175 4207 donamus
3197 4160 3365 4227 dignis
3390 4177 3644 4227 accipere,

2071 4251 2161 4287 ceu
2214 4236 2304 4302 qui
2356 4237 2579 4291 viriliter
2623 4251 2836 4309 egerunt
2887 4253 2936 4296 et
2981 4246 3203 4300 viriliter
3237 4267 3388 4319 agere
3436 4254 3646 4304 student

2069 4333 2222 4392 atque
2251 4327 2553 4392 studebunt,
2587 4331 2776 4398 quibus
2817 4333 2938 4385 aliis
2967 4337 3278 4392 donabimus
3317 4341 3604 4409 aliquando
3624 4348 3650 4396 ξ’

379 4402 523 4451 circa
577 4417 823 4467 magnam
874 4401 1183 4457 Laodiciam
1220 4407 1286 4470 ³ο,
1337 4406 1678 4460 Antiochiam
1722 4417 1772 4460 et
1810 4405 1964 4458 Muu-
1999 4430 2041 4483 ι)
2071 4411 2214 4481 Ergo
2244 4426 2289 4467 et
2317 4416 2652 4471 donabantur
2679 4422 2990 4475 donaturum
3027 4424 3126 4478 sibi
3159 4427 3501 4482 immobilinm
3535 4432 3649 4486 sine

377 4488 612 4554 mixtam,
635 4491 1137 4559 Adatiam,Tarson,
1160 4495 1420 4560 Attalian,
1442 4497 1749 4563 Strovilom,
1771 4495 1959 4561 Chion,

382 4575 698 4648 T/ieologon,
753 4581 1010 4650 Phocion,
1046 4585 1400 4656 Dyrrachion,
1452 4589 1733 4651 Anionem,
1787 4589 1958 4657 Cory-

376 4671 534 4735 phus,
587 4670 903 4738 Boudicam,
957 4676 1281 4745 Methonem,
1332 4681 1608 4744 Coronem,
1665 4679 1957 4750 Nauplion,

378 4759 709 4828 Corinthian,
766 4764 952 4830 Tebas,
996 4769 1249 4836 Athenas,
1299 4770 1597 4841 Eurippon,
1630 4771 1958 4838 Demetrida,

380 4850 826 4923 Thessalonicam,
861 4859 1249 4930 Chyrisopolin,
1294 4862 1676 4927 Peritheorion,
1715 4865 1955 4935 Abydon,

377 4941 660 5011 Iiedeston,
714 4949 1120 5020 Adrianopolin,
1176 4954 1377 5024 Apron,
1433 4954 1756 5023 IErracliam,
1811 4957 1950 5010 Seli-

2068 4507 2332 4559 ablatione
2377 4519 2426 4560 et
2477 4512 2587 4564 sine
2633 4515 2929 4568 turbatione
2976 4517 3028 4568 in
3077 4517 3321 4586 deinceps
3369 4525 3545 4576 omnia
3596 4536 3646 4578 et

2067 4608 2315 4663 perpetua
2351 4610 2584 4667 tempora
2629 4608 2915 4656 secundum
2963 4609 3335 4663 continentiam
3365 4613 3522 4667 debiti
3553 4631 3648 4671 ex-

2066 4690 2191 4756 poni
2221 4691 2319 4742 sibi
2345 4693 2567 4758 practici
2600 4695 2902 4749 traditionis
2934 4715 3112 4751 eorum
3141 4717 3172 4752 α
3203 4708 3643 4774 protoanthypato

2067 4779 2290 4849 Georgio
2325 4793 2371 4834 et
2411 4785 2618 4836 notario
2650 4784 2865 4853 Imperii
2900 4793 3000 4842 mei
3031 4800 3086 4843 tu
3123 4792 3464 4859 Machitariu,
3499 4801 3642 4866 quod

2062 4881 2108 4925 et
2133 4872 2347 4935 ﬁrmum
2391 4875 2489 4926 erit
2521 4884 2570 4927 et
2611 4878 2797 4931 stabile
2845 4897 2906 4933 ac
2953 4883 3249 4939 inviolabile
3279 4888 3332 4939 in
3375 4891 3638 4954 omnibus,

2060 4978 2158 5031 que
2192 4964 2592 5018 continebuntur
2619 4967 2673 5019 in
2701 4985 2796 5032 eo;
2826 4974 3012 5027 debens
3053 4985 3098 5028 et
3127 4976 3223 5030 hoc
3253 4979 3305 5030 in
3337 4978 3450 5032 illis
3480 4982 3644 5034 subaw

1718 5092 1923 5155 Varias
1957 5093 2287 5156 lectiones.

439 5210 485 5239 "
515 5209 673 5264 Liber
707 5211 867 5266 albus
895 5229 909 5268 :
941 5214 1201 5283 quodque.
1278 5216 1320 5246 "
1351 5215 1492 5269 Idem
1537 5234 1550 5270 :
1586 5219 1750 5271 slolii.

369 5275 496 5356 Lili._
541 5293 746 5356 put-tor.
788 5295 852 5356 _ut
904 5275 993 5354 qui
1034 5275 1140 5356 sec.
1194 5283 1442 5338 Editores
1489 5287 1554 5339 iis
1609 5289 1718 5356 qui.
1776 5287 1963 5343 Recte.

368 5350 511 5422 scatit
555 5352 652 5419 τὴν
690 5350 928 5422 ἡμέρανζ
1006 5353 1052 5422 ξδ
1089 5355 1273 5422 Lege;
1318 5372 1590 5421 personae.

367 5416 486 5491 i.‘_e.
517 5416 853 5489 patriciiilus.
930 5423 974 5454 ’⁷
1005 5416 1292 5491 [θεοιῆιιιέ
1318 5416 1602 5478 embolum.

364 5557 696 5633 αφόλλεωςεμ
729 5561 784 5633 -³¹
815 5564 913 5633 De
964 5561 1415 5633 παραθαλᾳσςίτῃ

362 5634 606 5686 censent.
644 5629 774 5683 Vide
811 5632 947 5684 infra
987 5629 1120 5684 NOV.
1157 5629 1466 5686 LXXXV”.

1827 5221 1873 5251 ’°
1908 5218 2048 5274 Idem
2080 5237 2092 5273 :
2132 5237 2398 5290 superare.

1667 5359 1715 5389 ³⁵
1749 5359 1998 5412 Editores
2046 5371 2235 5413 notant
2283 5378 2296 5414 :

1677 5429 1722 5458 ’⁸
1759 5427 1875 5479 Lib.
1913 5429 2068 5483 albus
2103 5450 2113 5481 :
2144 5431 2447 5493 pristinum.

365 5486 529 5573 nibus“
560 5493 762 5573 curiosi
796 5486 1452 5573 conferum'doclissiinas
1483 5495 1691 5573 'Iiul‘eiii
1721 5497 2092 5573 adii-cptiones
2126 5486 2168 5573 [ε
2204 5500 2365 5573 imp.
2419 5503 2518 5558 “8
2564 5486 2646 5573 si].

1544 5634 1587 5665 ab
1621 5637 1632 5667 Ι
1666 5640 1715 5667 .I.
1778 5635 1929 5667 ultum
1978 5654 1990 5667 .

362 5635 606 5682 censent.
644 5635 774 5683 Vide
811 5635 947 5684 infra
987 5635 1120 5684 Nov.
1157 5635 1466 5686 LXXXHI.
1544 5635 1587 5665 δ”
1620 5637 1736 5688 Lib.
1777 5635 1932 5688 alt-ns
1978 5654 1990 5689 :
2034 5655 2094 5705 qu

359 5685 424 5746 III
451 5697 620 5752 Isaati
656 5700 842 5768 Angcli
876 5708 1026 5771 (tam.
1055 5700 1329 5772 CXXXV)
1357 5703 1640 5772 legendum
1669 5709 1772 5758 erit
1798 5725 1810 5758 :
1840 5718 2094 5774 prompte.

2237 5237 2398 5300 crare.
2467 5225 2523 5300 _"_
2550 5225 2726 5281 Malim
2770 5246 2783 5282 :
2825 5230 3007 5287 libras.
3086 5238 3130 5268 "
3176 5237 3264 5292 Sic
3305 5237 3426 5293 Lib.
3459 5239 3636 5295 albus.

2080 5292 2128 5323 ³⁸
2154 5292 2398 5372 Edilores
2442 5294 2680 5364 deinceps
2708 5302 3020 5356 eniendaul.
3052 5305 3168 5358 Non
3213 5292 3367 5377 opus.
3407 5292 3636 5365 Graece;
3674 5325 3681 5332 '

2082 5371 2235 5413 otnnl
2283 5378 2296 5414 :
2349 5378 2383 5416 ι.
2422 5379 2471 5416 e.
2505 5366 3030 5431 Amalpliiianorum.
3111 5377 3154 5407 ²⁶
3187 5377 3351 5430 Iidem
3401 5388 3636 5431 notant:

3189 5393 3351 5430 Iidem
3401 5393 3636 5432 norant:

3165 5446 3209 5478 '°
3241 5449 3311 5500 De
3347 5447 3431 5502 bis
3459 5448 3637 5502 nomi-

3058 5516 3352 5580 cxafolcos,
3397 5516 3494 5570 τοῦ
3543 5517 3636 5582 ἐξ-

2349 5363 2383 5416 i.
2422 5379 2471 5416 e.
2505 5363 3030 5435 Atiiulpliiianorum.

2525 5437 2568 5466 ²⁰
2600 5436 2821 5509 Navium}
2859 5444 3088 5509 species.

2725 5508 2766 5538 ³¹
2802 5507 2943 5575 Lege
2985 5528 3000 5565 :

1472 5565 1765 5656 θερέω
1811 5563 1878 5656 lLI
1891 5604 1903 5625 ,
1952 5569 1973 5618 ἓ

2124 5569 2181 5656 ³1
2205 5563 2451 5626 lidiltires
2505 5583 2559 5626 tu
2609 5563 2805 5656 qeriiltic
2843 5563 2959 5641 (έὸῧ
2987 5563 3634 5656 Repudia)“vstiribeiiditin

2034 5638 2403 5710 qualicumque
2450 5638 2616 5698 erum.‘

2696 5648 2739 5678 ³⁸
2787 5648 2927 5718 Lege
2966 5648 3236 5710 ditloruni.’
3310 5657 3352 5687 ³⁸
3387 5657 3466 5711 Ex
3499 5655 3637 5713 Nov.
