4014 6412
1640 301 2038 363 MANUELIS
2080 301 2423 361 COMNENI

1966 441 2045 500 IV
2056 487 2068 500 .

3558 305 3665 369 716

1660 590 1727 630 DF.
1754 588 2068 629 JURAMENTO
2097 589 2389 629 ,ιυΜςοιιυιι
2404 618 2412 626 .

389 716 666 792 Suggestio
728 717 1039 792 cujusdam,
1097 716 1227 792 [arti
1280 732 1346 769 ea:
1403 715 1593 792 Judcco
1644 716 1982 775 Christiani;

490 786 797 855 continens,
821 789 976 858 quale
994 790 1064 841 sit
1095 786 1406 842 Juda'orum
1457 788 1863 858 jusjurandum.

458 966 712 1036 Indignus
777 978 880 1035 ego
933 975 985 1019 et
1062 964 1394 1020 humillimus
1459 966 1847 1037 potentissima:
1913 980 1980 1021 ac

394 1074 566 1117 sacrm
616 1068 722 1113 tuae
781 1056 1081 1125 maiestatis
1125 1071 1337 1122 servus,
1388 1058 1727 1113 conﬁdenter
1791 1073 1979 1130 preces

387 1152 508 1215 tibi,
532 1150 900 1208 sacratissime
922 1150 1195 1221 princeps,
1225 1149 1410 1205 oﬂ'ero.
1447 1150 1522 1205 Ex
1572 1150 1773 1209 Iudaeis
1819 1162 1979 1209 natus

386 1260 506 1299 sum
568 1257 757 1299 servus
811 1251 957 1310 tuus,
1013 1243 1081 1297 de
1117 1251 1299 1299 castro
1335 1243 1446 1312 ﬁtibi
1476 1243 1723 1314 subjecto
1749 1245 1973 1303 Attalia.

389 1336 486 1393 Dei
523 1350 649 1392 vero
683 1334 1036 1404 benignitate,
1066 1334 1158 1405 qui
1188 1350 1293 1390 non
1332 1336 1482 1398 venit
1507 1345 1755 1392 vocatum
1776 1336 1975 1406 justos,

386 1428 480 1482 sed
529 1435 845 1497 peccatores
895 1427 963 1481 ad
1033 1428 1410 1497 paenitentiam
1440 1467 1457 1495 ,
1513 1428 1581 1483 ad
1656 1429 1978 1485 delictorum

386 1532 627 1571 meorum
653 1516 987 1589 agnitionem
1029 1518 1272 1588 perveni,
1311 1528 1670 1591 sanctumque
1707 1522 1977 1593 baptisma

388 1625 485 1680 per
533 1610 699 1665 animi
758 1611 1168 1691 conversionem
1237 1614 1476 1683 suscepi.
1526 1615 1730 1672 Deinde
1758 1627 1980 1687 propter

388 1702 701 1757 felicitatem
737 1703 906 1758 divini
929 1703 1140 1773 imperii
1167 1703 1385 1770 tui,tres
1415 1720 1628 1776 quoque
1658 1706 1979 1764 fraterculos

396 1806 548 1848 meos
606 1793 896 1863 baptizavi.
952 1793 1016 1849 Et
1067 1795 1263 1852 oblatis
1312 1798 1565 1868 precibus
1609 1810 1978 1869 suggestuma

383 1885 544 1940 nobis
592 1894 674 1941 est
718 1886 1044 1943 beatissime
1099 1898 1410 1961 sanctisque
1455 1892 1730 1947 memoria:
1756 1893 1979 1949 domino

382 1986 437 2032 ct
482 1977 797 2047 imperatori
830 1986 1041 2045 nostro,
1094 1982 1237 2050 patri
1276 1982 1852 2040 divinituscoromtm
1892 2002 1979 2040 sa-

380 2080 594 2138 crteqne
637 2068 936 2138 maiestatis
990 2080 1114 2137 tute,
1145 2082 1203 2126 ut
1232 2073 1386 2129 nobis
1445 2074 1673 2131 donaret
1718 2076 1975 2133 Judaicas

381 2172 666 2228 parentum
693 2171 999 2218 nostrorum
1029 2160 1195 2231 azdcs,
1227 2180 1292 2222 ac
1326 2170 1637 2224 reconditas
1662 2169 1715 2223 in
1781 2170 1846 2225 iis
1868 2185 1974 2226 non

384 2251 567 2322 magni
601 2252 759 2320 pretii
814 2269 922 2320 res,
960 2269 1081 2324 quae
1111 2271 1141 2310 a
1208 2255 1409 2313 Judazis
1469 2259 1867 2317 detinerentur.
1899 2265 1977 2319 Ac

380 2357 479 2412 per
512 2343 756 2399 favorem
776 2360 946 2402 sacra:
964 2348 1262 2416 maiestatis
1283 2348 1761 2423 ipsius,—suggestio
1791 2363 1976 2409 nostra

382 2445 468 2492 est
507 2439 786 2492 exaudita.
812 2438 1023 2510 Quippe
1075 2444 1353 2498 consecuti
1389 2458 1577 2500 sumus
1601 2444 1975 2501 honorandum

386 2539 443 2585 et
476 2530 811 2584 adorandum
840 2532 1177 2600 rescriptum
1227 2533 1294 2588 ad
1334 2542 1695 2605 quaestorem,
1748 2547 1806 2591 nt
1835 2539 1977 2595 mdes

386 2621 656 2693 ejusmodi
715 2623 876 2679 nobis
898 2624 1261 2680 traderentur.
1288 2626 1478 2696 Itaque
1503 2630 1798 2683 secundum
1828 2646 1980 2685 man-

387 2716 575 2770 datum
614 2717 737 2781 hoc,
796 2731 883 2772 res
907 2718 1192 2774 successit.
1237 2720 1318 2773 Ac
1349 2735 1450 2787 ope
1480 2735 1649 2777 sacra:
1683 2722 1979 2790 maiestatis

383 2815 491 2861 tua:
534 2819 796 2861 conversa
851 2807 1046 2864 domus
1085 2808 1236 2865 istaec
1265 2820 1348 2867 est
1389 2827 1419 2867 a
1452 2814 1608 2869 nobis
1664 2816 1841 2871 servis
1868 2819 1979 2873 tuis

385 2898 445 2953 iz‘r
494 2908 905 2956 sacrosanctum
965 2906 1245 2972 templum,
1296 2905 1440 2975 quod
1463 2907 1676 2963 Sanctae
1716 2908 1979 2967 Resurre-

389 2991 588 3047 ctionis
633 2992 957 3064 appellatur.
986 2993 1369 3056 Ordinavimus
1395 3007 1445 3054 et
1492 3000 1787 3057 monachos
1811 3017 1976 3072 quos-

387 3083 509 3138 dam
549 3084 617 3155 .in
667 3101 753 3152 eo,
850 3089 940 3157 qui
966 3103 1067 3158 pro
1125 3104 1287 3146 sacro
1344 3092 1573 3162 imperio
1620 3104 1735 3161 tuo,
1771 3110 1978 3167 proque

387 3175 716 3235 Christianis
754 3180 1050 3248 universis,
1107 3197 1301 3260 preces
1321 3183 1568 3242 fundant.
1604 3182 1805 3243 Rerum
1835 3204 1974 3260 quo-

385 3282 493 3338 que
544 3279 851 3326 nostrarum
899 3275 1119 3330 nomine
1170 3258 1495 3346 quiestorem
1562 3258 1971 3350 appellavimus,

2100 712 2483 781 ’Υπόμνηο-ίς
2545 728 2709 776 τινος
2774 711 2895 765 ἀπὸ
2946 710 3255 765 Ἰουδαίων
3309 712 3670 779 Χριστιανοῦ

2155 780 2484 853 γενομένου
2507 825 2519 845 ,
2564 782 2932 851 περιέχουσα
2966 783 3171 848 ὁποῖός
3209 782 3383 837 ἐστιν
3414 786 3447 836 ό
3490 780 3672 849 ὅρκος

1996 884 2072 951 καὶ
2151 854 2271 906 τῶν
2315 854 2643 908 Ἰουδαίων.

2154 946 2388 1015 Τολμῶν
2445 947 2474 997 6
2526 947 2753 1012 ἀνάξιος
2809 948 2904 1000 καὶ
2950 948 3291 1019 πανευτελὴς
3330 945 3520 1011 δοῦλος
3568 951 3671 1017 τῆς

2082 1039 2390 1111 κρατίστης
2421 1042 2516 1093 καὶ
2547 1041 2713 1108 ἁγίας
2742 1057 2839 1095 σου
2870 1040 3154 1111 βασιλείας
3185 1042 3399 1111 δέομαι,
3433 1042 3674 1096 δέσποτὰ

2084 1148 2189 1202 μου
2222 1131 2367 1198 ἅγιε.
2406 1132 2497 1198 Ἐξ
2533 1132 2812 1186 Ἰουδαίων
2844 1133 3119 1203 ἐγενόμην
3144 1136 3172 1186 6
3198 1132 3385 1196 δοῦλός
3426 1150 3522 1186 σου
3560 1134 3672 1187 άπὸ

2078 1225 2175 1278 τοῦ
2205 1224 2457 1278 δουλικοῦ
2493 1241 2588 1278 σου
2612 1224 2852 1295 κὰστρου
2900 1225 3242 1288 Ἀτταλείας.
3272 1225 3670 1297 ⁴ῢιλαριθριινιιίᾳ

2080 1316 2141 1369 δὲ
2176 1316 2341 1379 Θεοῦ,
2389 1315 2486 1370 τοῦ
2536 1317 2611 1387 μὴ
2657 1315 2910 1378 ἐλθόντος
2957 1315 3187 1369 καλέσαι
3231 1315 3477 1378 δικαίους
3526 1317 3664 1370 ἁλλὰ

2085 1408 2454 1479 ἁμαρτωλοὺς
2508 1409 2592 1471 είς
2655 1408 2977 1478 μετάνοιαν,
3030 1409 3114 1471 είς
3157 1408 3458 1475 ἐπίγνωσιν
3501 1403 3668 1479 ἦλθον

2083 1502 2195 1555 τῶν
2233 1502 2387 1569 ἐμῶν
2417 1501 2734 1572 ἁμαρτιῶν,
2767 1502 2865 1556 καὶ
2912 1502 3207 1573 βάπτισμα
3248 1500 3404 1570 ἅγιον
3434 1501 3521 1554 διὰ
3576 1518 3674 1573 με-

2083 1597 2308 1662 τανοίας
2360 1597 2655 1668 ἐδεξάμην.
2716 1593 2852 1652 Εἶτα
2895 1598 2966 1651 δι’
3019 1597 3281 1669 εὐτυχίαν
3332 1595 3428 1649 τοῦ
3480 1596 3670 1650 ἐνθέου

2085 1691 2324 1762 κράτους
2358 1708 2453 1744 σου
2483 1691 2753 1745 ἐϐάπτισα
2794 1690 2892 1744 καὶ⁹
2920 1689 3085 1759 ἔτερα
3124 1690 3251 1761 τρία
3284 1689 3511 1757 ἀδέλφιὰ
3542 1702 3671 1757 μου*

2084 1784 2178 1836 καὶ
2258 1782 2583 1853 ὑπεμνήσθη
2665 1784 2799 1852 παρ’
2873 1783 3032 1853 ἡμῶν
3098 1782 3127 1836 6
3200 1782 3683 1852 τρισμακάριστος

2083 1875 2175 1927 καὶ
2207 1872 2369 1942 ἆγιος
2414 1874 2574 1943 ἡμῶν
2627 1874 2898 1945 αὐθέντης
2949 1876 3046 1927 καὶ
3084 1873 3363 1944 βασιλεὺς,
3408 1875 3436 1926 6
3484 1877 3672 1944 πατὴρ

2080 1967 2185 2038 τῆς
2239 1966 2573 2037 θεοστεφούς
2613 1970 2712 2020 καὶ
2764 1968 2930 2035 ἁγίας
2975 1967 3259 2037 βασιλείας
3305 1984 3424 2029 σου,
3476 1967 3550 2031 ὡς
3604 1968 3674 2020 ἂν

2009 2027 2054 2087 Β
2084 2027 2405 2130 δωρήσηται
2426 2027 2567 2143 ’ἡμῖν
2590 2060 2653 2113 τὺ
2696 2027 2997 2113 Ἰουδαϊκὸν
3035 2062 3215 2113 ἐκεῖνο
3240 2027 3352 2112 τῶν
3383 2027 3673 2129 ἡμετέρων

2086 2151 2295 2219 γονέων
2341 2152 2554 2221 οἴκημα
2598 2150 2695 2206 καὶ
2746 2152 2817 2204 τὰ
2861 2151 2923 2204 ιν
2978 2150 3133 2221 αύτῷ
3163 2149 3508 2217 ἀποκείμενα
3558 2150 3672 2203 ὀλι-

2091 2242 2269 2310 γοστὰ
2293 2242 2620 2313 πράγματα,
2639 2240 3055 2311 κατασχεθέντα
3076 2257 3151 2294 πα
3160 2242 3226 2311 ρὰ
3246 2241 3356 2294 τῶν
3372 2239 3671 2294 Ἰουδαίων·

2084 2334 2184 2389 καὶ
2204 2334 2294 2389 διὰ
2319 2336 2423 2405 τῆς
2459 2335 2809 2405 ἀντιλήψεως
2840 2335 2944 2405 τῆς
2978 2335 3147 2404 ἁγίας
3182 2334 3467 2405 βασιλείας
3498 2332 3670 2386 αὐτοῦ

2085 2424 2427 2495 εἰσηκούσθη
2442 2427 2475 2496 ἡ
2493 2426 2803 2495 ὑπόμνησις
2818 2426 2997 2496 ἡμῶν,
3018 2426 3115 2480 καὶ
3131 2425 3392 2496 ἐγένετοὴ
3403 2425 3494 2494 μῖν
3509 2423 3672 2492 τιμία

2087 2522 2184 2575 καὶ
2209 2519 2569 2593 προσκυνητή
2599 2520 2754 2584 λύσις
2783 2520 2923 2591 πρὸς
2947 2521 3042 2574 τὸν
3079 2520 3395 2591 πράκτορά,
3422 2519 3672 2590 παραδο-

2090 2610 2254 2681 θῆναι
2306 2611 2441 2681 ήμίν
2487 2611 2550 2663 τὸ
2582 2610 2825 2664 τοιοῦτον
2857 2611 3093 2681 οἴκημα.
3132 2611 3290 2664 Κατὰ
3319 2611 3530 2682 ταύτην
3572 2606 3673 2663 οὖν

2086 2704 2187 2774 τὴν
2237 2702 2539 2775 πρόσταξιν
2596 2703 2820 2772 γέγονεν
2867 2701 3045 2766 οὕτως
3077 2717 3093 2734 ο
3145 2704 3241 2757 καὶ
3275 2704 3345 2774 τῇ
3383 2704 3672 2775 ἀντιλήψει

2085 2798 2186 2869 τῆς
2225 2796 2391 2866 ἁγίας
2427 2795 2710 2868 βασιλείας
2741 2813 2834 2851 σου
2866 2797 3062 2866 γέγονε
3095 2795 3155 2849 τὸ
3181 2795 3429 2850 τοιοῦτον
3456 2795 3671 2868 οἴκημα

2087 2890 2222 2961 παρ’
2260 2889 2420 2961 ἡμῶν
2449 2889 2561 2943 τῶν
2600 2890 2804 2945 δούλων
2839 2890 2969 2953 ναὸς
3009 2889 3165 2958 ἅγιος
3198 2888 3346 2943 οὕτω
3368 2887 3670 2959 ⁵καλούμε--

2086 3001 2175 3048 νος
2199 2986 2232 3055 ἡ
2263 2984 2421 3052 ’Δγία
2441 2982 2792 3051 Ἀνάστᾳσις,
2812 2983 2908 3037 καὶ
2941 2982 3217 3053 μοναχούς
3241 2999 3400 3046 τινας
3427 2983 3485 3035 ἐν
3516 2981 3669 3051 αὐτῷ

2086 3077 2478 3147 κατετάξαμεν
2536 3078 2632 3131 ἐπὶ
2663 3075 2744 3146 τῷ
2773 3076 3182 3147 ύπερεύχεσθαι
3220 3074 3323 3145 τῆς
3352 3075 3518 3143 ἁγίας
3570 3091 3667 3127 σου

2087 3170 2374 3243 βασιλείας
2410 3171 2508 3226 καὶ
2539 3173 2762 3227 πάντων
2810 3171 2921 3225 τῶν
2962 3171 3341 3241 Χριστιανῶν.
3379 3168 3669 3235 Ἐξεκαλέ-

2086 3280 2262 3335 σαμεν
2304 3264 2362 3319 δὲ
2410 3266 2503 3318 τὸν
2552 3265 2843 3337 πράκτορά
2902 3264 2998 3320 καὶ
3044 3264 3177 3336 περὶ
3222 3265 3334 3318 τῶν
3376 3266 3668 3336 ἡμετέρων

383 3369 443 3415 ut
475 3374 554 3415 eae
581 3362 737 3418 nobis
768 3360 1224 3422 restituerentur.
1252 3368 1448 3424 Verum
1473 3384 1566 3425 eas
1596 3371 1822 3427 inﬁciati
1849 3381 1974 3429 sunt

2085 3358 2459 3429 πραγμάτων,
2505 3357 2582 3421 ὡς
2614 3358 2683 3412 ἂν
2720 3358 3061 3412 ἀποδοθῶσιν
3096 3358 3227 3429 ἡμῖν
3254 3373 3269 3389 ·
3305 3359 3400 3412 καὶ
3444 3357 3666 3428 ἔξαρνοι

384 3451 583 3509 Judaei.
642 3453 1017 3521 Quamobrem
1070 3458 1228 3515 nobis
1286 3460 1518 3532 injunxit
1599 3474 1870 3535 quaestor,
1920 3475 1980 3523 ut

388 3559 554 3599 causa
604 3556 795 3601 nostra
829 3561 925 3616 per
952 3548 1324 3618 juramcntum
1355 3553 1423 3609 de
1447 3553 1738 3621 calumnia,
1777 3571 1979 3627 perque

386 3632 604 3702 plenum
631 3635 971 3692 defmiretur.
1006 3638 1072 3693 Et
1098 3654 1198 3711 ego
1213 3643 1453 3712 quidem,
1480 3659 1580 3700 ceu
1633 3646 1979 3705 Christianus

385 3722 754 3792 iuramentum
778 3725 847 3782 de
868 3727 1137 3783 calumnia
1163 3740 1517 3799 praestarem;
1552 3733 1629 3789 illi
1671 3751 1820 3802 vero,
1856 3738 1975 3809 ple-

388 3832 566 3871 num..
621 3815 744 3873 Non
791 3827 972 3875 tamen
1026 3831 1087 3877 ut
1138 3822 1241 3893 ipsi
1279 3824 1501 3892 vellent,
1524 3826 1616 3881 sed
1645 3830 1978 3898 qualejura-

388 3916 631 3963 mentum
678 3908 761 3965 eis
816 3925 917 3982 ego
953 3912 1005 3967 in
1061 3914 1281 3983 scriptis
1326 3915 1538 3971 darem.
1572 3916 1726 3985 Quod
1758 3920 1977 3989 quidem

392 4001 500 4057 tale
526 4011 628 4058 est.
695 4001 751 4057 In
804 4004 1016 4075 primis,
1074 4014 1131 4061 ut
1160 4010 1295 4063 rubo
1347 4008 1618 4081 cingatur,
1663 4019 1717 4067 et
1749 4012 1979 4071 insideat

388 4094 587 4162 culleo,
650 4111 715 4151 ac
771 4113 921 4153 mare
976 4099 1306 4170 ingrediens,
1366 4109 1450 4157 ter
1504 4104 1976 4162 circumcisionem

390 4200 545 4239 suam
600 4198 887 4257 conspuat,
943 4188 1032 4245 bis
1092 4193 1272 4247 verbis
1322 4193 1633 4250 utenszlta
1694 4211 1783 4252 me
1826 4198 1981 4267 juvet

393 4278 619 4345 Barase,
639 4280 847 4349 Bai-aea,
865 4281 1095 4348 Adonai,
1114 4283 1255 4349 Eloi,
1281 4286 1372 4356 qui
1392 4287 1699 4343 transduxit
1726 4288 1976 4345 lsraelem

395 4385 492 4442 per
538 4387 689 4428 mare
730 4372 974 4429 Rubrum
1017 4376 1179 4432 siccis
1224 4378 1449 4446 pedibus
1506 4389 1561 4435 et
1612 4395 1805 4451 aquam
1845 4383 1922 4438 eis
1948 4398 1980 4438 e

397 4474 534 4516 saxo
591 4462 885 4531 potabilem
929 4465 1181 4534 praebuit,
1240 4481 1550 4539 mannaque
1590 4471 1975 4526 comedendum

399 4554 549 4609 dedit
577 4555 679 4623 eis,
704 4571 827 4611 cum
851 4556 1222 4614 coturnicibus
1245 4598 1261 4624 ,
1296 4559 1448 4621 licet.
1473 4562 1572 4631 ipsi
1603 4560 1734 4618 facti
1778 4564 1979 4620 iuerint

376 4645 619 4717 ingrati,
680 4647 976 4716 repudiatis
1004 4650 1153 4719 porci
1206 4653 1481 4708 carnibus.
1506 4652 1610 4709 Per
1629 4667 1749 4711 eam
1783 4655 1975 4725 legem,

2081 3450 2337 3520 ἐγένοντο
2375 3453 2425 3505 οί
2464 3450 2734 3506 Ἰουδαῖοι.
2785 3450 3129 3522 Προσέταξεν
3175 3446 3269 3505 οὖν
3312 3452 3341 3505 6
3390 3451 3663 3522 πράκτωρ

2079 3544 2216 3614 ἡμῖν
2269 3544 2501 3616 λυθῆναι
2534 3546 2634 3615 τὴν
2658 3542 2918 3597 ὑπόθεσιν
2944 3543 3105 3615 ἡμῶν
3135 3543 3223 3598 διὰ
3258 3540 3663 3612 συκοφαντικοῦ

2079 3634 2179 3688 καὶ
2209 3635 2419 3688 τελείου
2460 3650 2476 3665 ·
2518 3636 2615 3688 καὶ
2642 3634 2755 3703 ἐγὼ
2792 3635 2892 3705 μὲν
2931 3634 3008 3698 ὡς
3036 3632 3365 3706 Χριστιανὸς
3401 3628 3491 3689 ἵνα
3522 3632 3668 3700 πλη-

2085 3724 2247 3795 ρὼσω
2276 3727 2369 3780 τὸν
2401 3727 2834 3796 συκοφαντικδν,
2868 3727 3025 3781 αὐτοὶ
3047 3728 3104 3781 δὲ
3131 3727 3225 3781 τὸν
3257 3726 3484 3791 τέλειον,
3520 3728 3663 3799 πλὴν

2081 3816 2178 3888 οὐχ
2214 3818 2292 3882 ὡς
2322 3818 2479 3872 αὐτοὶ
2512 3819 2786 3886 θέλουσιν,
2810 3820 2925 3874 ἁλλ’
2956 3820 3033 3883 ὡς
3060 3820 3127 3875 ἂν
3156 3820 3269 3888 ἐγὼ
3299 3819 3455 3874 δώσω
3474 3820 3662 3885 αὐτοῖς

2080 3913 2404 3982 ἐγγράφως.
2444 3915 2608 3967 Ἔστι
2639 3914 2695 3968 δὲ
2719 3915 2891 3981 οὕτως
2917 3931 2932 3946 ·
2970 3917 3029 3971 ὲν
3065 3919 3325 3989 πρώτοις,
3361 3918 3449 3969 ἴνα
3473 3915 3660 3986 ζώση-

2079 4019 2173 4055 ται
2218 4004 2317 4073 τὴν
2368 4003 2567 4072 βάτον,
2618 4005 2713 4059 καὶ
2761 4007 3171 4079 κασαλλικεύσῃ
3206 4006 3297 4060 τὸν
3331 4007 3521 4073 ἀσκὸν,
3563 4009 3663 4059 καὶ

2082 4095 2230 4165 ἐμϐῇ
2261 4096 2343 4160 είς
2378 4096 2477 4168 τὴν
2512 4096 2811 4165 θάλασσαν,
2849 4100 2946 4152 καὶ
2989 4099 3167 4171 πτύσῃ
3211 4100 3311 4171 τὴν
3355 4100 3661 4171 περιτομὴν

2080 4187 2248 4240 αὐτοῦ
2297 4188 2502 4259 τρίτον,
2545 4189 2719 4259 λέγων
2769 4190 2947 4256 οὕτως
2976 4208 2992 4225 ο
3042 4211 3062 4245 ι
3117 4192 3211 4246 Μὰ
3258 4193 3350 4248 τὸν
3408 4192 3657 4263 Βαρασῆ,

2081 4277 2290 4349 Βαραᾶ,
2336 4279 2582 4347 Ἀδωναῒ,
2603 4279 2785 4349 Ἐλωί,
2804 4282 2896 4334 τὸν
2927 4281 3334 4351 διαπεράσαντα
3367 4280 3466 4353 τὴν
3490 4280 3658 4351 Ἐρυ-

2081 4369 2219 4439 θρὰν
2245 4370 2526 4426 θάλασσαν
2548 4372 2642 4426 τὸν
2680 4372 2898 4446 Ἰσραὴλ
2922 4372 3195 4444 ἁσρόχως,
3223 4373 3319 4427 καὶ
3356 4373 3660 4426 ποτίσαντα

2081 4464 2281 4526 αὐτοὺς
2321 4462 2469 4537 ίΒδωρ
2514 4466 2580 4518 ἐκ
2628 4467 2861 4537 πέτρας,
2903 4467 3001 4519 καὶ
3041 4466 3202 4520 δόντα
3245 4466 3429 4528 αὐτοῖς
3483 4464 3660 4534 μάννα

2082 4556 2278 4621 φαγεῖν
2324 4556 2419 4609 καὶ
2466 4556 2921 4628 ὀρτυγομετρίαν,
2972 4558 3023 4610 εί
3053 4558 3148 4610 καὶ⁵
3177 4557 3333 4611 αὐτοὶ
3367 4556 3658 4626 ἀχάριστοι

2082 4646 2330 4714 ἐγένοντο
2351 4648 2413 4699 οὐ
2442 4647 3010 4719 παραιτησάμενοιτὰ
3033 4647 3129 4701 τοῦ
3161 4648 3346 4719 χοίρου
3372 4650 3530 4719 κρέα.
3558 4649 3656 4701 Μὰ

396 4751 562 4807 quant
593 4736 798 4828 Adonai
817 4741 1176 4813 promulgavit
1199 4759 1214 4809 ;
1251 4756 1456 4814 perque
1467 4746 1609 4815 sputi
1629 4746 1976 4815 rejectionem

2085 4739 2175 4792 τὸν
2201 4739 2384 4809 νόμον,
2420 4739 2478 4792 ὃν
2523 4740 2757 4795 δέδωκεν
2795 4739 3042 4808 ’Δδωναῒ,
3086 4742 3181 4795 καὶ
3204 4744 3296 4794 τὸν
3328 4741 3662 4828 ἑμπτυσμδν

374 4829 538 4884 ⁷ιιιιιιο
595 4827 647 4883 in
664 4842 862 4899 corpus
900 4831 1351 4900 circumcisionis,
1396 4844 1453 4889 et
1482 4850 1577 4905 per
1618 4836 1834 4902 rubum,
1866 4851 1974 4906 quo

376 4918 561 4974 cincti
586 4929 712 4974 sunt
736 4919 900 4975 lumbi
935 4923 1062 4988 mei,
1119 4938 1228 4977 non
1256 4924 1547 4978 mentiendi
1582 4939 1743 4981 causa
1780 4942 1976 4981 nomen

384 5008 615 5066 Domini
647 5009 885 5066 Sabaoth
919 5013 970 5066 in
1007 5016 1109 5068 hoc
1154 5012 1510 5081 jurejurando
1530 5029 1769 5071 asstnno.
1801 5016 1896 5070 Sin
1923 5016 1978 5072 id

400 5098 669 5154 mendacii
744 5114 910 5156 causa
974 5100 1116 5156 facio
1166 5100 1391 5172 subjecti
1456 5104 1568 5157 sint
1618 5106 1978 5160 exsecrationi

399 5195 731 5263 prodeuntes
754 5205 821 5246 ex
849 5202 1038 5248 ventre
1060 5205 1181 5247 meo
1202 5191 1531 5248 Iiberi.More
1563 5195 1688 5250 caeci
1719 5197 1978 5266 parietem

399 5285 667 5356 palpando
712 5299 973 5359 quanam,
1005 5293 1060 5341 et
1105 5286 1280 5340 instar
1297 5284 1435 5351 ejus,
1461 5287 1551 5356 qni
1602 5291 1774 5345 oculis
1809 5303 1982 5359 caret,

398 5378 572 5433 labar.
628 5373 829 5431 Praeter
858 5356 971 5431 haec
1001 5375 1210 5438 omnia,
1250 5376 1406 5431 tellus
1454 5378 1659 5447 aperiat
1684 5395 1746 5435 os
1798 5397 1979 5449 suum,

400 5484 594 5539 meque
624 5469 934 5533 absorbeat,
958 5478 1016 5522 ut
1045 5466 1345 5522 Dathanem
1373 5470 1780 5536 etAbiromum.
1807 5472 1983 5543 Atque

399 5562 506 5618 hoc
574 5559 953 5629 jusjurandum
1006 5560 1106 5629 ipsi
1156 5574 1264 5614 non
1333 5569 1552 5631 gravate
1609 5577 1981 5633 susceperunt.

398 5652 615 5710 Deinde
699 5667 821 5708 cum
914 5668 1015 5722 ego
1102 5653 1466 5726 juramentum
1559 5652 1629 5710 de
1714 5656 1983 5713 calumnia

398 5745 804 5814 praestitissem,
838 5744 910 5799 illi
935 5746 1149 5817 plenum
1209 5747 1309 5803 hoc
1341 5753 1596 5817 [tt-testare
1648 5761 1988 5817 recusarunt,

2079 4829 2174 4883 τοῦ
2211 4831 2468 4900 σώματος
2500 4831 2600 4902 τῆς
2632 4834 2958 4904 περιτομῆς,
2999 4833 3093 4887 καὶ
3121 4833 3221 4905 τὴν
3254 4832 3448 4904 βάτον,
3489 4832 3556 4903 ἢν
3586 4835 3656 4902 τῇ

2080 4922 2323 4991 ἐμαυτοῦ
2369 4921 2536 4990 ὀσφύϊ
2592 4921 3003 4995 περιζώννυμαι
3055 4940 3070 4954 ο
3131 4924 3230 4977 ούκ
3284 4924 3376 4977 ἐπὶ
3428 4921 3663 4992 ψεύδους

2080 5009 2267 5080 ὀμνύω
2291 5011 2352 5063 τὸ
2386 5010 2557 5081 ὄνομα
2588 5012 2795 5083 Κυρίου
2841 5013 3069 5068 Σαϐαὼθ
3090 5028 3107 5048 ⁸
3140 5015 3188 5067 εί
3221 5014 3278 5068 δὲ
3310 5014 3402 5066 ἐπὶ
3427 5014 3662 5082 ψεύδους

2067 5101 2289 5173 ὀμνύω,
2333 5102 2720 5174 ἐπικατάρατα
2766 5105 2836 5156 τά
2880 5103 3080 5174 ἔκγονα
3123 5106 3223 5176 τῆς
3267 5107 3479 5169 κοιλίας
3531 5123 3661 5174 μου,

2082 5194 2395 5265 ψηλαφήσω
2424 5194 2500 5257 ὡς
2525 5196 2551 5247 6
2572 5194 2767 5264 τυφλὸς
2797 5200 2997 5268 τοῖχον,
3033 5198 3128 5254 καὶ
3158 5199 3233 5263 ὡς
3283 5199 3358 5270 μὴ
3393 5200 3659 5269 ὑπάρχων

2084 5288 2225 5358 ἔχων
2256 5288 2570 5358 ὀφθαλμοὺς
2599 5286 2873 5359 πεσοῦμῖαι
2904 5292 3002 5345 σὺν
3029 5292 3245 5356 τούτοις
3274 5296 3463 5354 πᾶσιν,
3510 5296 3664 5347 ἀνοι-

2086 5382 2234 5448 ξάτω
2265 5383 2297 5452 ἠ
2331 5380 2403 5450 γῆ
2436 5381 2496 5432 τὸ
2533 5382 2707 5452 στόμα
2739 5381 2945 5452 αὐτῆς,
2985 5384 3077 5437 καὶ
3113 5385 3429 5438 καταπιέτω
3458 5401 3548 5454 με.
3582 5382 3669 5447 ὡς’

2084 5475 2264 5528 Δαθάν
2294 5475 2390 5527 καὶ
2427 5471 2711 5543 ’Λῦειρών.
2749 5492 2768 5525 ι
2797 5476 2928 5540 ,Καὶ
2966 5470 3113 5531 οὗτοι
3147 5477 3241 5530 τὸν
3273 5479 3437 5548 ὅρκον
3468 5476 3660 5529 τοῦτον

2099 5566 2355 5636 ἁσμένως
2405 5564 2675 5630 ἐδέξαντο.
2728 5559 2861 5618 Εἶτα
2906 5566 3045 5636 μετὰ
3094 5568 3155 5619 τὸ
3183 5567 3382 5635 ὀμόσαι
3425 5566 3523 5636 ἐμὲ
3566 5565 3662 5618 τὸν

2091 5657 2516 5727 συκοφαντικὸν,
2548 5655 2648 5708 οὐκ
2671 5654 2942 5726 ἠθέλησαν
2964 5659 3256 5731 πληρῶσαι
3283 5660 3375 5713 τὸν
3403 5660 3610 5713 τέλειον
3642 5674 3657 5686 ⁸

2091 5750 2229 5804 ἀλλὰ
2262 5747 2454 5819 δώροις
2496 5745 2589 5800 τὸν
2639 5746 2930 5819 πράκτορά
2981 5751 3335 5820 μετελθόντες
3390 5749 3662 5820 ἐξέφυγον
