4014 6388
366 329 470 414 711

1469 314 1838 382 NOVELLAS
1867 284 2552 374 CONSTITUTIONES.

3531 297 3637 362 'ii'i

385 450 479 499 em
504 447 691 516 ὅρκον.
718 445 819 497 Διὰ
850 439 980 512 γοῦν
1007 440 1169 495 τοῦτο
1197 438 1392 510 δέομαι
1428 437 1526 493 καὶ
1564 431 1869 507 παρακαλῶ
1896 429 1957 483 τὺ

2077 426 2160 481 sed
2194 432 2464 494 qumstore
2490 420 2806 476 muneribus
2835 424 3122 489 occupato,
3144 424 3457 474 evaserunt.
3490 417 3645 473 llam

385 535 567 590 ἔνθεον
596 536 804 606 κράτος
850 549 946 586 σου
973 531 1228 600 γενέσθαι
1259 546 1350 599 μοι
1374 529 1565 598 τιμίαν
1592 527 1687 580 καὶ
1720 539 1963 593 προσκυ-

384 622 557 695 νητὴν
584 622 741 676 λύσιν
766 622 905 693 πρὸς
936 620 1031 676 τὸν
1067 619 1210 674 κατὰ
1237 618 1337 689 τὴν
1385 618 1607 688 ἡμέραν
1647 613 1958 686 πράκτορσιν

385 713 792 786 διοριζομένην,
824 713 857 786 ἢ
894 715 986 766 τὸν
1017 712 1264 766 τοιοῦτον
1289 711 1455 780 ὅρκον
1494 709 1694 780 ὀμόσαι
1733 708 1830 759 καὶ
1884 703 1961 775 μὴ

396 805 763 878 βουλομένους
812 805 941 868 τοὺς
973 803 1264 866 Ἰουδαίους
1288 844 1304 869 ,
1335 801 1370 872 ἢ
1405 802 1505 855 ἀνα
1517 798 1791 869 μφιῦόλωε
1825 797 1960 849 ἀπο-

387 898 569 953 δοῦναι
602 899 739 967 ἡμῖν
789 896 859 951 τὰ
906 897 1150 963 εὐλόγως
1194 894 1325 966 παρ’
1358 892 1518 965 ἡμῶν
1555 891 1962 960 ἐπιζητούμενα

390 990 716 1061 πράγματα.
756 989 866 1043 Καὶ
900 990 950 1041 εί
976 987 1139 1041 τοῦτο
1166 987 1402 1055 γένοιτο,
1423 984 1660 1039 δέσποτά
1686 998 1788 1053 μου
1816 980 1959 1048 ἅγιε,

387 1084 449 1135 οὐ
488 1080 773 1151 παύσομαι
806 1081 941 1150 παρ’
977 1079 1110 1150 ὃλην
1164 1096 1265 1149 μου
1317 1077 1417 1147 τὴν
1466 1075 1612 1148 ζωὴν
1656 1078 1754 1146 τῆς
1800 1074 1964 1142 ἁγίας

391 1188 483 1225 σου
523 1169 804 1241 βασιλείας
836 1167 1237 1239 ὑπερεύχεσθαι
1264 1183 1279 1200 ο
1320 1161 1388 1239 ἦς
1420 1165 1496 1230 ὡς
1521 1163 1709 1228 δοῦλος
1744 1161 1964 1226 ἀνάξιος

387 1263 670 1335 τολμήσας
699 1262 950 1333 ιδεήθην.
1436 1332 1453 1346 .

815 1374 1174 1446 ἈντιγῬαφὴ
1216 1372 1539 1441 βασιλική.

466 1466 787 1533 ’Υπόδειξον
830 1466 930 1538 τὴν
983 1466 1269 1537 παροῦσαν
1317 1465 1472 1519 λύσιν
1533 1463 1634 1534 τῆς
1687 1461 1963 1534 βασιλείας

392 1574 491 1628 μου
520 1557 601 1629 τῷ
642 1558 1244 1629 μεγαλεπιφανεστάτῳ
1273 1556 1427 1612 δουκὶ
1464 1556 1574 1611 τῶν
1610 1556 1968 1628 Κιϐυρῤαιω-

387 1648 518 1716 τῶν,
564 1649 662 1702 καὶ
700 1641 860 1713 οὗτος
909 1647 999 1704 ἵνα
1045 1647 1489 1719 μετακαλέσηται
1523 1648 1618 1702 καὶ
1653 1649 1781 1712 τοὺς
1811 1646 1966 1717 παρὰ

391 1740 488 1796 σοῦ
517 1741 1014 1811 διεγκαλουμένους
1056 1739 1370 1805 Ἰουδαίους.
1418 1741 1531 1795 Καὶ
1570 1742 1668 1795 ὲάν
1719 1756 1815 1794 σου
1845 1739 1960 1835 ᾐτὸν
1988 1775 2037 1835 Β

393 1833 794 1903 συκοφαντικδν
830 1833 1275 1927 ὶτξῗμοσαμένου,
1316 1831 1393 1898 ὡς
1435 1827 1962 1927 ὑπέμνησαςὶοβτοι

391 1922 763 1988 ἀναποδίζωσι
798 1922 939 1996 πρὸξ
990 1924 1084 1979 τὸν
1115 1927 1179 1979 ὲν
1210 1925 1281 1996 τῇ
1315 1923 1626 1996 ὑπομνήσει
1658 1940 1753 1978 σου
1772 1922 1967 1993 δηλού-

395 2031 557 2087 μενον
610 2015 842 2081 τέλειον,
889 2015 1216 2088 παραπείσῃ
1251 2016 1453 2077 αὐτοὺς
1501 2015 1534 2086 ἢ
1585 2016 1678 2069 τὸν
1725 2013 1967 2069 τοιοῦτον

394 2107 693 2163 ἀποδοῦναι
743 2106 978 2174 τέλειον,
1034 2106 1224 2172 καθὼς
1251 2108 1406 2171 ἐντὸς
1437 2108 1822 2172 ἀνατάττεται,
1866 2107 1900 2178 ἢ
1931 2106 1969 2162 ἃ

392 2196 574 2266 λέγεις
618 2198 929 2270 πράγματα
977 2199 1343 2271 ἀντιστρέψαι
1377 2198 1518 2272 πρὸς
1566 2200 1650 2255 σέ.
1706 2199 1799 2272 Τῷ
1837 2200 1970 2272 μηνὶ

391 2287 688 2362 Νοεμϐρίῳ
725 2290 1105 2363 ὲπινεμήσεως
1131 2297 1202 2346 ια’
1233 2292 1306 2346 δι’
1332 2291 1581 2363 ὲρυθρῶν
1622 2293 1970 2365 γραμμάτων

395 2377 497 2449 τῆς
526 2378 819 2453 βασιλικῆς
849 2380 945 2435 καὶ
979 2380 1134 2446 θείας
1161 2382 1374 2453 χειρός.

532 2557 888 2627 Παρεκσολὴ
940 2558 1236 2629 γενομένη
1292 2560 1429 2630 περὶ
1492 2561 1807 2617 Ἰουδαίων

462 2646 854 2720 Παρεξεσλήθη
877 2650 991 2704 ἀπὸ
1015 2640 1109 2707 τοῢ
1142 2651 1476 2723 Ἔπαρχικοῢ
1508 2654 1719 2722 βιϐλίου
1737 2657 1766 2710 6
1787 2655 1971 2726 ὅρκος,

399 2739 461 2794 ὃν
485 2741 783 2814 ὀμνύουσιν
815 2743 868 2797 οί
901 2744 1174 2812 Ἰουδαῖοι,
1228 2747 1259 2800 6
1304 2746 1403 2800 καὶ
1458 2749 1740 2820 περιέχων
1772 2747 1971 2812 οὕτως’

412 2830 505 2889 Ἐν
534 2832 783 2904 πρώτοις
832 2833 918 2889 ἵνα
947 2834 1192 2906 ζώσηται
1234 2834 1335 2907 τὴν
1379 2836 1567 2906 βάτον,
1597 2837 1693 2891 καὶ
1719 2838 1972 2909 κρατήσῃ

402 2924 465 2978 ὲν
488 2927 613 2989 ταῖς
658 2925 849 2996 χερσὶν
900 2924 1068 2980 αὐτοῦ
1106 2926 1167 2981 τὸ
1206 2927 1520 2998 μεγαλεῖον,
1575 2930 1672 2983 καὶ
1710 2929 1841 3001 εῐπῃ
1880 2927 1977 2982 οὖα

342 3074 351 3097 ι
397 3034 506 3083 τως
523 3033 539 3049 ⁸
567 3037 587 3072 t
609 3018 917 3091 Εὐλογητὸς
949 3019 1154 3091 Κύριος
1170 3020 1199 3074 6
1217 3019 1350 3085 Θεὸς
1372 3020 1481 3075 τῶν
1506 3021 1767 3093 πατέρων
1792 3020 1973 3093 ήμῶν,

2063 516 2228 586 igitur
2254 515 2323 568 ob
2360 526 2576 567 causam
2602 511 2850 581 supplico
2876 519 2932 565 et
2953 524 3053 565 oro
3083 510 3260 564 divam
3296 509 3638 579 maiestatem

2063 617 2237 670 tuam,
2301 615 2363 661 ut
2413 603 2783 659 honorandum
2806 612 2879 673 ,οι
2924 602 3259 657 adorandum
3317 603 3640 674 rescriptum

2062 699 2129 753 ad
2157 707 2478 767 quaestorem
2534 692 2691 762 hujus
2739 695 3000 762 temporis
3036 696 3360 764 impetrem;
3393 710 3499 761 quo
3526 706 3642 751 sta-

2066 797 2266 853 tuatur,
2321 787 2405 843 vel
2464 795 2522 841 ut
2561 785 2825 856 ejusmodi
2851 784 3217 854 juramcntum
3268 786 3432 841 etiam
3482 786 3641 843 inviti

2063 878 2231 935 Judaei
2291 887 2576 950 prmstent,
2627 877 2712 931 vel
2758 878 2899 931 haud
2955 876 3115 933 dubie
3174 878 3332 934 nobis
3356 882 3642 936 restituant

2064 986 2158 1027 cas
2183 986 2293 1037 res,
2320 985 2453 1039 quas
2479 971 2605 1040 jure
2634 970 2929 1041 poscimus.
2960 971 3018 1026 Id
3055 970 3101 1027 si
3133 974 3242 1036 iiat,
3267 973 3643 1030 sacratissime

2066 1063 2340 1133 princeps,
2394 1078 2501 1119 non
2532 1061 2779 1118 desinam
2808 1072 2921 1118 toto
2957 1064 3081 1120 vitae
3113 1080 3247 1121 meae
3278 1075 3521 1138 tempore
3548 1084 3647 1137 pro

2066 1171 2226 1212 sacro
2280 1157 2506 1227 imperio
2555 1166 2648 1212 tuo
2672 1165 2798 1210 vota
2828 1156 3030 1223 facere,
3063 1156 3217 1226 cujus
3241 1158 3519 1229 indignum
3548 1175 3647 1231 ego

2070 1248 2417 1316 mancipium,
2448 1262 2636 1318 preces
2663 1250 2761 1304 has
2788 1248 3127 1305 conﬁdenter
3169 1248 3362 1305 obtuli.

2496 1358 2829 1429 Rescriptum
2865 1361 3224 1429 imperatoris.

2136 1448 2376 1507 Ostende
2415 1466 2654 1522 praesens
2686 1451 2789 1507 hoc
2821 1452 3119 1523 majestatis
3142 1468 3276 1510 meae
3322 1456 3648 1526 rescriptum

2067 1539 2439 1597 illustrissimo
2482 1541 2979 1614 Cibyrrbaaotarum
3045 1545 3191 1612 duci,
3268 1545 3363 1615 qui
3428 1545 3649 1604 Judaaos

2068 1633 2256 1698 etiam,
2314 1632 2413 1687 abs
2467 1639 2522 1689 te
2579 1642 2888 1700 accusatos,
2938 1645 3201 1692 arcessat.
3254 1635 3336 1694 Ac
3377 1638 3647 1708 siquidem

2072 1723 2162 1778 ubi
2203 1732 2259 1777 tu
2288 1722 2656 1791 juramentutn
2684 1724 2752 1780 de
2780 1724 3048 1780 calumnia
3079 1727 3422 1797 praestiteris,
3456 1745 3649 1798 quem-

2064 1805 2353 1860 admodum
2387 1814 2439 1861 te
2472 1804 2741 1863 facturum
2786 1810 3126 1879 suggessisti,
3156 1810 3326 1866 Judazi
3369 1812 3652 1881 jusjuran-

2066 1896 2191 1951 dum
2253 1895 2392 1951 illud
2420 1897 2749 1963 absolutum,
2829 1905 2972 1970 quod
3014 1902 3066 1955 in
3152 1905 3508 1973 suggessione
3561 1916 3651 1961 tua

2067 1985 2318 2055 exponis,
2356 1987 3047 2045 recusaverint:suadebit
3100 1991 3202 2058 eis,
3257 2001 3318 2047 ut
3367 2006 3459 2049 aut
3475 1995 3652 2067 jusju-

2069 2076 2298 2130 randum
2354 2076 2617 2146 ejusmodi
2667 2078 2979 2134 absolutum
3058 2091 3338 2151 praestent,
3378 2086 3520 2140 sicut
3566 2087 3652 2141 in-

2072 2177 2278 2223 sertum
2322 2177 2436 2236 est;
2489 2181 2584 2226 aut
2630 2179 2735 2226 tute
2770 2172 2864 2227 tibi
2900 2187 3010 2240 res,
3045 2188 3180 2245 quas
3230 2188 3652 2248 commemoras,

2071 2259 2448 2317 restituantur.
2508 2261 2629 2317 Dat.
2673 2277 2859 2319 mense
2877 2263 3197 2334 Novembri,
3235 2269 3524 2327 indictione
3552 2288 3653 2329 un-

2072 2351 2308 2420 decima,
2366 2353 2547 2412 rubris
2603 2354 2800 2413 litteris
2845 2356 3209 2429 imperatoriae
3232 2377 3507 2435 sacraeque
3536 2380 3654 2421 ma-

2074 2457 2199 2498 IIIIS.

2539 2572 2853 2629 Ealraclum
2880 2574 2944 2629 de
2964 2575 3193 2631 Iudicis.

2147 2658 2263 2720 Hoc
2317 2663 2718 2734 jusjurandum,
2749 2671 2893 2740 quod
2938 2668 3107 2727 Judaei
3144 2681 3433 2740 praestant.
3457 2689 3655 2731 excer-

2075 2760 2225 2822 ptum
2256 2764 2342 2810 est
2393 2770 2460 2812 ex
2491 2756 2630 2814 libro
2665 2757 3035 2826 Praefectorio,
3095 2765 3370 2834 verbaque
3390 2767 3656 2837 ejusmodi

2076 2846 2321 2903 continet
2377 2865 2393 2904 :
2454 2847 2729 2921 Imprimis
2782 2855 2920 2910 rubo
2971 2854 3243 2926 cingatur,
3296 2859 3658 2930 manibusque

2078 2936 2537 3008 suis’augustam
2574 2953 2689 2996 rem
2743 2953 2943 3013 teneat,
2973 2955 3030 3002 et
3074 2947 3160 3004 bis
3211 2949 3395 3006 verbis
3428 2964 3656 3007 utatur:

2085 3046 2106 3081 ι
2144 3028 2472 3087 Benedictus
2505 3032 2764 3091 Dominus
2794 3035 2937 3092 Deus
2958 3049 3175 3109 patrum
3205 3051 3538 3111 nostrorum,
3563 3046 3657 3116 qui

398 3111 430 3163 6
459 3110 692 3183 ποιήσας
730 3110 823 3165 τὸν
852 3110 1084 3182 οὐρανὸν
1132 3113 1231 3168 καὶ
1272 3111 1375 3183 τὴν
1411 3115 1537 3186 γῆν,
1559 3112 1658 3169 καὶ
1689 3111 1970 3183 διαγαγὼν

2077 3119 2268 3176 coelum
2291 3129 2347 3177 et
2384 3129 2592 3179 terram
2632 3127 2897 3193 condidit,
2921 3144 3126 3201 perque
3146 3131 3350 3189 siccum
3372 3149 3472 3191 nos
3508 3110 3657 3195 trans

400 3201 553 3272 ἡμᾶς
581 3202 671 3256 διὰ
707 3202 881 3273 ξηρᾶς
909 3203 1010 3275 τὴν
1038 3203 1313 3277 Ἐρυθρὰν
1335 3205 1723 3272 θάλασσαν,ὃτι
1757 3206 1819 3259 οὐ
1840 3203 1972 3275 ψεύ-

403 3291 591 3361 δομαι.
636 3290 703 3346 El
739 3293 798 3348 δὲ
845 3295 941 3350 καὶ
989 3295 1419 3367 διαψευδόμενος
1461 3296 1694 3369 εὑρεθῶ,
1726 3295 1840 3370 δῴη
1879 3313 1973 3369 μοι

401 3382 607 3456 Κύριος
629 3386 660 3439 6
682 3385 818 3451 θεὸς
837 3388 938 3459 τὴν
966 3388 1175 3459 λέπραν
1201 3389 1297 3445 τοῦ
1328 3390 1492 3460 Γιεζῆ
1519 3390 1614 3445 καὶ
1639 3389 1733 3444 τοῦ
1756 3391 1972 3463 Ἀμμᾶ,

399 3473 552 3531 Ἠλεὶ
569 3477 667 3532 τοῦ
700 3479 892 3550 ἱερέως
926 3481 1027 3553 τὴν
1058 3482 1381 3553 καταδίκην,
1422 3485 1518 3537 καὶ
1539 3481 1805 3548 ἀνοιξάτω
1835 3485 1870 3556 ἡ
1899 3484 1974 3555 γῆ

397 3569 463 3625 τὺ
485 3574 669 3643 στόμα
699 3573 875 3643 αὐτῆς
898 3613 914 3638 .
940 3576 1041 3630 καὶ
1074 3578 1394 3632 καταπὶέτω
1428 3592 1497 3648 με
1530 3574 1731 3644 ζῶντα,
1766 3577 1839 3642 ὡς
1868 3579 1975 3631 Δα-

399 3660 504 3717 cev
530 3665 628 3718 καὶ
663 3664 948 3736 meum.
988 3685 1011 3720 ι

977 3782 1051 3838 Ἦ
1070 3783 1410 3857 ὒποτραφή.

482 3868 546 3923 '0
597 3871 793 3942 κριτὴς
837 3871 934 3927 τοῦ
968 3873 1145 3946 Βήλου
1201 3878 1296 3931 καὶ
1325 3880 1419 3934 ἐπὶ
1447 3878 1540 3934 τοῦ
1591 3879 1974 3954 Ἰπποδρόμου,

399 3959 689 4026 Βασίλειος
707 3965 735 4017 6
754 3963 1055 4036 Πεκούλης,
1070 3966 1141 4021 τὰ
1166 3969 1413 4041 παρόντα
1444 3973 1667 4044 ῥήματα
1692 3973 1786 4028 τοῦ
1810 3975 1974 4046 ὅρκου

400 4052 512 4109 ἀπὸ
552 4054 649 4110 τοῦ
684 4056 1018 4131 Ἐπαρχικοῦ
1072 4060 1284 4133 βιϐλίου
1326 4064 1694 4137 παρεκϐαλὼν
1730 4069 1827 4122 καὶ
1855 4067 1975 4123 ίσά-

400 4144 566 4208 ζοντα
600 4144 778 4218 εὑρὼν
804 4147 1100 4221 ὑπέγραψα
1132 4152 1229 4206 καὶ
1253 4153 1591 4226 ὲσφράγισα.

2073 3209 2323 3268 Rubrum
2377 3227 2528 3270 mare
2580 3215 2752 3285 duxit,
2785 3220 3039 3288 quoniam
3076 3237 3185 3279 non
3216 3226 3469 3284 mentior.
3497 3227 3654 3296 Quod

2075 3301 2120 3356 si
2154 3302 2371 3358 mentiri
2389 3304 2764 3375 deprehensus
2782 3307 2957 3378 fuero,
2979 3313 3071 3369 det
3091 3315 3223 3371 mihi
3254 3316 3531 3387 Dominus,
3564 3324 3655 3390 qui

2077 3391 2222 3448 Deus
2251 3403 2356 3461 est,
2386 3394 2587 3466 lepram
2610 3395 2880 3465 Giezze,et
2904 3402 3110 3461 Ammae
3176 3420 3241 3462 ac
3258 3406 3338 3463 Eli
3356 3411 3655 3468 sacerdotis

2074 3483 2394 3555 supplicium
2428 3498 2518 3544 :et
2576 3503 2640 3545 os
2692 3505 2850 3547 suum
2904 3495 3059 3552 tellus
3090 3500 3319 3568 aperiat,
3347 3516 3541 3574 tneque
3575 3506 3654 3561 vi-

2075 3589 2201 3631 vum
2223 3578 2534 3649 absorbeat,
2561 3581 2735 3639 instar
2759 3583 3017 3644 Dathanis
3041 3597 3096 3645 et
3118 3590 3369 3650 Abironi.
3403 3613 3425 3646 ι

2700 3804 3050 3880 Subscriptio.
3579 3865 3583 3868 .

2148 3889 2260 3960 Ego
2312 3891 2575 3951 Basilius.
2608 3895 2834 3955 Pecules
2862 3899 3027 3967 iudex
3052 3900 3191 3969 Veli,
3218 3913 3274 3960 et
3300 3902 3654 3977 Hippodromi

2076 3983 2382 4054 praefectus,
2426 4001 2550 4042 cum
2610 3988 2726 4045 haec
2778 3995 3061 4061 praesentis
3090 3995 3443 4065 jurisjurandi
3485 4002 3652 4056 verba

2076 4074 2149 4130 de
2201 4076 2343 4131 libro
2396 4076 2742 4136 Praefectorio
2788 4085 3204 4153 excerpsissem,
3255 4103 3430 4159 eaque
3457 4091 3653 4161 depre-

2077 4165 2382 4223 bendissem
2435 4169 2633 4241 origini
2693 4173 3042 4242 respondere,
3092 4178 3387 4250 subscripsi
3445 4189 3500 4238 et
3523 4184 3653 4239 sub-

2076 4270 2309 4325 Signavt.

401 4345 549 4421 Εῒχε
581 4353 680 4408 καί
706 4353 992 4419 ,ϐοὐλλαν
1018 4356 1283 4414 κάτωθεν
1311 4359 1778 4432 ἀπῃωρημένην,
1797 4364 1971 4434 ἐχουο

2077 4368 2305 4424 Habebat
2351 4379 2399 4424 et
2423 4370 2622 4426 bullam
2661 4374 2878 4444 inferius
2930 4393 3235 4447 appensant,
3265 4398 3382 4452 qua
3410 4384 3475 4438 ab
3503 4395 3652 4439 utra-

471 4458 596 4498 σαν
612 4446 681 4533 ἐξ
695 4447 1046 4519 ἀμφοτέρων
1071 4449 1193 4506 τῶν
1211 4453 1410 4524 μερῶν
1428 4455 1757 4526 γράμματα,
1782 4458 1971 4526 οὕτως

2149 4478 2251 4533 qne
2300 4474 2447 4532 parte
2473 4465 2683 4522 litteras
2706 4446 3026 4539 continebat,
3052 4473 3106 4527 in
3135 4472 3270 4529 hanc
3299 4477 3608 4533 sententiam
3634 4495 3652 4532 :

473 4535 714 4605 ἔχοντα·

594 4652 692 4707 Ἐκ
724 4654 824 4725 τῆς
858 4656 1157 4727 σφραγῖδος
1190 4657 1300 4713 ίσθι
1330 4661 1424 4714 τὸν
1449 4663 1794 4734 γεγραφότα.

577 4745 794 4819 Κριτὴν
815 4745 1100 4819 nauem
1124 4748 1184 4814 δς
1214 4749 1360 4806 θέλει
1384 4754 1723 4825 γνωριζέτω.

1989 4876 2059 4937 ν.

2153 4663 2231 4719 Ex
2257 4665 2414 4736 signo
2438 4680 2557 4721 eum
2587 4670 2678 4739 qui
2711 4672 2932 4742 scripsit
2962 4676 3073 4731 haec
3118 4679 3421 4748 agnoscito.

2150 4755 2411 4826 Quisquis
2441 4758 2585 4814 volet
2641 4760 2886 4820 Peculem
2916 4778 3172 4839 agnoscat
3212 4771 3474 4844 judicetn.

1312 4995 1492 5036 suam
1527 4996 1696 5037 sucu
1734 4997 1801 5037 ma
1842 4998 2231 5045 INSTRUIENTIS
2254 5004 2617 5045 ECCLESIARUI
2645 4989 2744 5061 (5).

406 5095 546 5165 Περὶ
593 5093 1004 5171 δικαιωμὰςων
1051 5094 1172 5171 τῶν
1210 5097 1565 5171 ἀίων-ταχοῦ
1609 5099 1979 5171 ἐκκλησιῶν,

710 5163 809 5220 ἐπὶ
836 5163 912 5235 τῇ
942 5165 1170 5236 κατοχῇ
1209 5166 1327 5221 τῶν
1354 5163 1674 5237 ἀκινήτων.

983 5300 1047 5352 '0
1073 5298 1398 5369 Βαλσαμὼν.

489 5411 790 5480 Ἀπελύθη
867 5413 1329 5481 χρυσόϐουλλυς
1388 5413 1569 5482 λόγος
1628 5415 1736 5469 τοῦ
1790 5414 1978 5471 αὑτοῦ

407 5499 695 5570 reparato?)
725 5502 900 5572 ἁγίου
942 5500 1115 5572 ἡμῶν
1148 5504 1458 5570 ,βασιλέως
1487 5505 1639 5559 κατὰ
1672 5505 1841 5575 μῆνα
1875 5509 1980 5562 Φε·

2083 5102 2156 5158 De
2179 5105 2828 5183 inslrumentispmnium,
2858 5126 2975 5180 qua:
3004 5112 3195 5183 ubique
3235 5124 3378 5182 sunt,
3409 5117 3656 5175 ecclesia-

2338 5191 2476 5240 rum,
2510 5177 2573 5230 ob
2603 5177 2982 5246 possessionem
3009 5177 3380 5241 immobilium.

2710 5308 3016 5367 Balsamon.
3096 5360 3121 5382 ,

2154 5413 2365 5472 Emissa
2398 5428 2473 5473 esi
2507 5437 2667 5475 aurea
2703 5422 2844 5476 bulla
2873 5425 3205 5493 imperatoris
3234 5430 3424 5497 nostri,
3451 5432 3653 5487 domini

2085 5505 2349 5563 Manuelis
2384 5511 2656 5578 Comneni,
2689 5530 2862 5570 mense
2891 5513 3204 5585 Februario,
3239 5522 3526 5579 indictione
3551 5542 3655 5579 uno

407 5594 747 5664 φωνάριον,
797 5595 1207 5679 emi-syriaco);
1246 5595 1318 5651 ια’
1344 5597 1452 5653 τοῦ
1476 5597 1681 5670 ,ςχνς’
1714 5599 1911 5666 ἔτους,
1946 5603 1971 5655 d

2080 5599 2307 5669 decima,
2344 5619 2484 5658 anno
2516 5603 2674 5666 6656.
2709 5620 2826 5675 qua:
2856 5614 2904 5660 el
2944 5610 3262 5666 medicatriz
3299 5613 3516 5682 dicitur,
3569 5628 3653 5670 ut-

476 5754 556 5825 (5)
589 5734 746 5810 Anno
776 5755 933 5811 ms.
