4014 6408
1616 273 2011 350 ΜΑΝυΕι.ῐε
2045 293 2388 356 COMNENI

3527 311 3636 373 7'20

368 394 495 455 pote
515 401 635 456 qut:
656 387 887 455 fortasse
914 391 1380 450 medeaturtitutis
1407 406 1457 450 et
1487 397 1692 466 furibus
1721 407 1921 458 omnim

2025 460 2028 469 ,
2059 409 2159 463 καί
2194 410 2368 478 ἰατὴρ
2403 412 2731 483 λεγόμενος
2775 418 2856 484 ὠς
2905 419 3152 489 ἰώμενος
3181 421 3254 476 τὰ
3284 425 3634 490 χωλεύοντα

370 476 737 542 ecclesiarum,
776 494 896 546 que
925 479 1251 550 claudicant,
1293 490 1685 556 episcopatuum
1724 494 1943 559 scilicet,

370 574 421 620 ct
469 566 857 636 metropolium,
915 582 966 625 et
1020 572 1187 641 ipsius
1240 577 1450 646 Magna:
1483 580 1753 639 Ecclesiae.
1812 584 1945 651 Quae

366 657 524 711 etiam
571 660 641 712 ad
682 661 891 715 verbum
922 664 998 717 sic
1031 664 1184 723 habet
1215 684 1233 720 :

432 831 538 898 Qui
566 841 690 903 post
716 833 922 892 Mosem
950 838 1053 893 fuit
1083 842 1241 896 electi
1266 843 1411 901 illius
1438 851 1618 919 populi
1644 854 1940 924 imperator

360 925 555 994 Iesus,
614 925 951 986 Jericltuntis
998 930 1263 989 festinans
1312 941 1650 998 munimenta
1697 962 1762 1003 ac
1809 964 1939 1018 pro-

363 1018 670 1089 pugnacula
704 1018 948 1088 diruere,
997 1027 1376 1084 sacerdotibus
1409 1030 1578 1099 jussit
1612 1036 1671 1090 in
1705 1038 1934 1097 circuitu

363 1112 491 1165 tuba
543 1124 765 1177 canere,
801 1122 855 1167 et
893 1114 974 1168 sic
1005 1130 1286 1172 murorum
1320 1128 1723 1194 propugnacula
1762 1132 1935 1187 mira-

362 1202 545 1258 biliter
576 1203 791 1273 dejecit.
836 1206 1069 1277 Imperio
1103 1220 1283 1266 autem
1313 1228 1454 1282 meo,
1480 1220 1627 1286 quod
1662 1235 1804 1276 novo
1836 1239 1935 1293 po-

359 1295 488 1365 pulo
515 1310 545 1349 a
581 1295 690 1350 Deo
716 1297 890 1352 electo
921 1310 1117 1368 praeest
1148 1311 1272 1371 post
1317 1303 1468 1361 illum
1507 1311 1806 1381 principem
1841 1330 1937 1384 po-

362 1385 473 1455 puli
505 1394 847 1442 servatorem
884 1397 938 1443 et
967 1390 1180 1455 ducem,
1220 1393 1384 1447 alium
1416 1395 1642 1467 Mosem,
1667 1400 1933 1474 inclytum

360 1476 483 1532 dico
529 1477 744 1548 imperii
798 1480 905 1535 mei
957 1481 1238 1538 dominum
1289 1494 1347 1540 et
1389 1489 1714 1561 genitorem,
1769 1494 1934 1552 veluti

360 1568 609 1637 qumdam
660 1569 1041 1629 Jerichunlina
1073 1575 1273 1630 mcenia
1300 1614 1316 1641 ,
1363 1578 1578 1637 diruere
1621 1590 1934 1653 properanti

359 1662 667 1719 communis
735 1662 1170 1721 Christianorum
1223 1668 1429 1725 inimici
1482 1678 1930 1747 propugnacula,

2058 501 2207 567 ἴσως
2261 504 2629 574 δικαιώματα
2677 506 2795 561 τῶν
2847 510 3202 581 ἁπανταχοῦ
3257 514 3630 585 ἐκκλησιῶν,

2053 592 2407 647 ἐπισκοπῶν
2438 593 2725 662 δηλονότι
2753 598 2856 652 καὶ
2883 602 3318 669 μητροπόλεων
3370 606 3470 658 καί
3518 609 3630 660 αὺ-

2050 680 2156 747 τῆς
2212 682 2321 751 τῆς
2378 685 2663 754 Μεγάλης
2729 690 3121 759 Ἑκκλησιάς.
3181 693 3284 760 Ὃς
3324 696 3426 750 καὶ
3475 701 3631 755 κατά

2047 772 2217 843 ῥῆμα
2252 778 2473 831 οὑτωσὶ
2504 777 2920 850 διαλαμϐάνει·

2131 867 2191 918 '0
2232 868 2332 936 μὲν
2360 870 2501 939 μετὰ
2550 872 2756 925 Μωσέα
2789 874 2885 927 τοῦ
2928 875 3189 932 ἐκλεκτοῦ
3232 878 3365 933 λαοῦ
3414 883 3629 948 ἐκεῖνος

2052 961 2360 1029 στρατηγὸς
2407 964 2620 1033 Ἰησοῦς
2659 967 2728 1020 τὰ
2763 967 3148 1039 Ἱεριχούντεια
3178 975 3436 1028 καθελεῖν
3471 979 3628 1029 ἐπειο

2050 1049 2288 1119 γόμενος
2335 1052 2671 1126 ὀχυρώματα
2710 1060 2826 1122 τοῖς
2858 1060 3064 1131 ἱερεῦσι
3112 1064 3302 1137 κύκλῳ
3336 1067 3626 1132 σαλπίζειν

2046 1140 2289 1207 ἐκέλευε,
2342 1145 2439 1199 καὶ
2503 1145 2652 1201 οὕτω
2708 1150 3035 1220 παραδόξως
3105 1155 3205 1219 τὰς
3260 1158 3370 1211 τῶν
3420 1160 3624 1229 τειχῶν

2045 1230 2302 1297 ἐπάλξεις
2357 1237 2740 1308 κατέρριπτε*
2803 1244 2869 1311 τῇ
2934 1243 2991 1295 δὲ
3041 1244 3137 1297 τοῦ
3198 1247 3319 1301 νέου
3375 1249 3453 1316 τῷ
3499 1251 3624 1321 Θεῷ

2043 1323 2308 1380 ἐκλεκτοῦ
2339 1321 2733 1403 καθηγοῦμένῃ
2773 1333 2967 1387 τούτου
3046 1336 3175 1391 λαιῦ
3213 1338 3463 1411 βασιλείᾳ
3518 1360 3625 1411 μου

2045 1415 2188 1484 μετά
2213 1415 2305 1469 τὸν
2348 1420 2406 1471 ἐν
2442 1419 2765 1489 βασιλεῦσιν
2806 1424 3022 1478 ἐκεῖνον
3069 1427 3229 1480 ἄλλον
3259 1429 3486 1493 Μωσέα,
3525 1428 3622 1483 τοῦ

2043 1506 2173 1560 λαοῦ
2227 1510 2454 1581 σωτῆρα
2506 1514 2604 1567 καὶ
2652 1514 2870 1586 ὁδηγὸν,
2926 1516 3018 1570 τὸν
3068 1518 3313 1590 ἀοίδιμον
3347 1522 3493 1589 λέγω
3524 1523 3624 1576 αύ-

2042 1598 2234 1671 θέντην
2278 1602 2380 1672 τῆς
2426 1605 2707 1675 βασιλείας
2764 1625 2867 1679 μου
2925 1610 3021 1665 καὶ
3070 1613 3400 1682 γεννήτορα,
3429 1614 3623 1688 ὥσπερ

2039 1692 2165 1745 τινὰ
2209 1693 2362 1766 τείχη
2396 1696 2651 1751 καθελεῖν
2695 1701 3034 1772 ἐπειγομένη
3078 1702 3467 1774 Ἰεριχούντεια
3521 1711 3622 1772 τὰς

356 1752 717 1809 occidentalis
746 1754 867 1809 dico
908 1748 1162 1818 draconis
1194 1757 1293 1829 (6),
1326 1761 1416 1831 qui
1450 1763 1503 1817 in
1533 1764 1723 1820 Sicilia
1749 1778 1907 1838 tyran

2293 1748 2362 1766 η.
2400 1748 2641 1751 ηηηην-
2698 1748 3034 1772 *ντ--ινι--ηι
3100 1748 3467 1774 --ι--ιιν-ηυ*
3530 1748 3619 1772 ’⁷⁸⁵1

2041 1784 2134 1838 τοῦ
2168 1787 2351 1839 κοινοῦ
2382 1788 2491 1843 τῶν
2532 1791 2887 1860 Χριστιανῶν
2934 1793 3134 1864 ἐχθροῦ
3169 1796 3489 1865 ὀχυρώσεις,
3520 1799 3619 1853 τοῦ

356 1843 539 1899 nidem
578 1856 818 1916 exercet,
852 1855 907 1903 et
939 1848 1088 1905 illinc
1118 1853 1383 1908 adversus
1417 1853 1724 1914 Romanum
1764 1862 1934 1931 impe-

356 1935 498 1989 rium
522 1935 753 1992 latenter
772 1941 1035 2009 prorepit,
1063 1941 1225 1998 veluti
1245 1945 1581 2011 spiritalibus
1602 1953 1932 2021 quibusdam

361 2025 528 2093 tubis,
563 2028 757 2083 vestris
786 2030 1095 2087 antistitum
1130 2032 1300 2090 Deum
1339 2038 1496 2095 nobis
1544 2044 1790 2110 quotidie
1818 2048 1933 2115 pla-

356 2118 603 2174 cantium
628 2119 918 2188 precibus;
945 2124 1012 2178 ad
1032 2124 1180 2179 illum
1207 2128 1529 2186 diruendum
1552 2134 1931 2203 adjuvantibus

353 2223 490 2280 opus
517 2219 620 2266 est.
653 2212 759 2267 Sed
793 2223 849 2269 et.
882 2215 998 2284 ipse
1044 2215 1258 2274 divinus
1303 2221 1504 2292 Moses,
1553 2230 1770 2296 quando
1805 2246 1930 2287 cum

354 2299 580 2357 Amalec
610 2301 856 2383 prmlium
890 2307 1185 2375 commisit,
1233 2314 1613 2372 sacerdotibus
1654 2321 1931 2393 utrimque

355 2390 598 2457 innixus,
633 2393 715 2447 sic
762 2408 884 2448 eum
938 2393 1152 2465 fugavit
1202 2406 1256 2452 et
1288 2400 1434 2457 vicit.
1473 2403 1628 2462 Sicut
1656 2408 1748 2489 ille
1778 2390 1930 2484 ergo,

352 2496 535 2535 meum
593 2498 809 2553 quoque
856 2484 1141 2554 imperium
1202 2490 1503 2548 antistitum
1556 2484 1930 2561 sustentaculo

348 2573 626 2644 indigens,
661 2576 729 2631 ad
777 2577 950 2632 aciem
989 2581 1253 2636 adversus
1300 2599 1496 2641 novum
1532 2590 1676 2648 hunc
1705 2594 1931 2654 Amalec

348 2664 712 2734 propositam,
769 2674 826 2722 et
868 2667 1035 2723 veluti
1092 2674 1382 2741 quamdam
1434 2677 1571 2736 lucis
1618 2683 1927 2742 columnam

353 2762 554 2803 novum
595 2750 738 2807 hunc
788 2753 953 2810 Israel
1000 2762 1420 2833 praecedentem,
1458 2776 1514 2823 et
1560 2767 1679 2839 ejus
1710 2789 1930 2845 gressus

347 2838 715 2909 dirigentem,
766 2857 958 2913 preces
1014 2863 1204 2906 eorum
1265 2854 1470 2913 habere
1515 2838 1738 2932 volens;
1790 2869 1929 2927 hanc

350 2944 677 3003 pvmsentem
726 2937 961 2993 Auream
1014 2941 1224 2999 Bullam
1262 2949 1508 3006 omnium
1568 2957 1924 3020 ecclesiarum

350 3029 535 3096 matri,
569 3045 727 3087 novat
756 3032 911 3099 Sion,
953 3036 1048 3092 Dei
1083 3041 1370 3110 sapientiae
1402 3045 1733 3122 babitaculo,
1770 3068 1822 3111 et
1856 3058 1923 3117 iis

344 3123 438 3191 qui
470 3130 598 3177 sunt
626 3124 680 3179 in
713 3128 968 3184 omnibus
1001 3130 1213 3200 insulis,
1249 3145 1301 3190 et
1335 3137 1385 3191 in
1404 3136 1647 3210 Oriente,
1686 3157 1739 3200 et
1767 3145 1921 3205 Occi-

342 3211 503 3269 dente
530 3214 870 3273 antistitibus
903 3220 1145 3291 donavit,
1183 3238 1372 3281 eorum
1405 3245 1503 3299 pro
1540 3233 1766 3306 imperio
1801 3257 1919 3298 meo

307 3315 536 3372 preces
567 3306 740 3376 magis
769 3310 1132 3368 conﬁrmans.
1184 3314 1353 3372 Recte
1403 3320 1548 3376 enim
1595 3328 1698 3382 scit
1738 3345 1915 3386 meum

341 3394 654 3464 imperium,
690 3412 873 3470 regem
907 3417 1014 3457 non
1051 3408 1256 3462 servari
1306 3423 1404 3479 per
1446 3415 1668 3471 multam
1721 3431 1917 3491 poten-

340 3493 494 3561 tiam,
528 3505 584 3553 et
614 3498 886 3571 gigantem
921 3517 1026 3559 non
1065 3517 1343 3566 servatum
1377 3513 1443 3569 iri
1478 3517 1530 3570 in
1572 3521 1913 3582 multitudine

339 3584 557 3643 roboris
608 3590 1008 3650 suizmendax
1061 3608 1239 3655 autem
1294 3616 1469 3672 equus
1525 3611 1591 3663 ad
1649 3614 1913 3684 salutem,

340 3684 402 3731 ut
430 3676 609 3734 dicam
651 3696 774 3738 cum
811 3684 1103 3756 Propheta,
1137 3702 1192 3743 et
1218 3693 1665 3771 Psalmographo,
1717 3717 1770 3761 et
1819 3676 1912 3766 Dei

338 3777 512 3837 patre.

338 3857 438 3912 καὶ
462 3860 538 3925 ιίις
566 3861 728 3932 γίγας
759 3864 820 3919 οὐ
849 3865 1156 3939 σωθήσεται
1184 3873 1243 3927 ἐν
1273 3874 1473 3949 πλήθει
1505 3881 1691 3954 ίσχύος

339 3951 634 4023 Προφήτην
662 3954 759 4009 καὶ
788 3956 1184 4032 Φαλμογράφον
1212 3968 1308 4021 καὶ
1336 3951 1675 4048 Θεοπάτορα.

408 4042 611 4103 Volens
643 4049 809 4116 enim,
848 4062 908 4108 ut
942 4054 1177 4115 ﬁrmitas
1222 4069 1276 4117 et
1305 4042 1597 4128 stabilitas
1616 4075 1906 4148 Ecclesiae,

337 4149 458 4207 quae
483 4140 742 4197 omnibus
771 4154 993 4215 praeest,
1022 4162 1310 4221 servetur;
1356 4165 1411 4213 et
1452 4165 1707 4224 omnibus
1749 4140 1909 4228 dictis

335 4228 674 4286 antistitibus
697 4245 1036 4304 sanctarum,
1071 4255 1192 4311 quae
1216 4247 1523 4322 ubicunque
1543 4268 1692 4324 sunt,
1732 4262 1913 4317 eccle-

330 4318 576 4390 siarum;
610 4331 664 4377 et
710 4328 1059 4387 securitatem
1097 4335 1375 4396 titulorum
1409 4318 1475 4400 a-c
1511 4345 1743 4417 jurium,
1787 4369 1910 4423 qua:

333 4410 449 4465 illis
479 4414 703 4479 adsunt,
756 4417 809 4471 in
854 4419 1094 4490 ipsorum
1143 4410 1905 4510 immobilium'possessione,

338 4500 547 4556 ﬁrmius
574 4507 917 4565 constituens
938 4553 954 4578 ,
989 4524 1042 4567 et
1074 4528 1337 4586 praeterea
1374 4500 1679 4599 corrigens,
1709 4535 1753 4588 si
1779 4500 1907 4604 quid
1940 4517 1984 4575 Ῑ)

334 4588 390 4644 in
425 4606 612 4646 eorum
644 4594 860 4671 juribus
899 4600 1186 4672 claudicet,
1224 4620 1279 4666 et
1313 4630 1461 4671 mero
1486 4588 1611 4686 jure
1635 4622 1707 4678 sit
1733 4588 1901 4680 dejsti-

332 4686 506 4735 tutum
545 4699 561 4737 :
594 4694 650 4739 et
675 4700 779 4741 non
811 4688 982 4746 solum
1018 4695 1144 4763 hoc,
1186 4702 1281 4756 sed
1310 4715 1366 4778 et
1403 4706 1450 4761 si
1481 4714 1623 4777 quod
1653 4712 1743 4783 jus
1773 4732 1904 4772 con-

331 4779 485 4847 sequi
518 4780 717 4838 debeat
762 4786 831 4840 ad
879 4788 1143 4859 ejusmodi
1195 4797 1549 4858 immobilium
1577 4779 1897 4883 dominium,

329 4872 724 4945 detentionem,
780 4891 836 4936 et
886 4885 1310 4959 proprietatem,
1360 4893 1416 4950 id
1468 4895 1699 4958 fortasse
1748 4872 1900 4975 prius

322 4965 533 5020 factum
567 4984 675 5024 non
712 4982 832 5040 est;
870 4976 1008 5034 hanc
1038 4980 1251 5052 imperii
1284 4988 1390 5042 mei
1426 4987 1632 5046 Bullam
1665 4965 1894 5053 Auream

326 5055 465 5123 ejus,
496 5061 638 5128 quod
671 5063 850 5132 deest,
905 5071 1308 5130 medicatricem
1358 5078 1468 5134 illis
1502 5085 1741 5152 tradidit,
1776 5106 1898 5158 qua:

324 5147 481 5202 veluti
514 5151 838 5223 perfectum,
872 5168 926 5215 et
976 5163 1284 5234 integrum,
1338 5178 1392 5223 et
1438 5174 1657 5230 omnino
1702 5147 1893 5234 inclin-

321 5251 542 5294 cussum
592 5243 682 5314 jus
733 5246 787 5302 in
833 5249 913 5305 eis
974 5255 1190 5321 probat.
1235 5257 1341 5315 Per
1391 5278 1555 5333 quam
1608 5270 1893 5327 conﬁrmat

315 5328 559 5430 quidem,
613 5344 669 5430 et
725 5340 913 5430 tutins‘
937 5342 1103 5410 facit,
1165 5328 1526 5426 quodcunque
1591 5360 1684 5430 jus
1738 5366 1895 5420 adest

318 5421 521 5521 sanctis
551 5424 820 5525 ecclesiis,
852 5432 1036 5503 eique,
1067 5449 1190 5505 quae
1217 5440 1325 5497 illis
1355 5421 1628 5519 praesidet,
1663 5452 1714 5507 in
1745 5455 1889 5525 ipsa-

316 5518 438 5561 rttm
488 5509 855 5575 immobilibus
884 5561 901 5586 ,
954 5509 1476 5603 cujusmodicunque
1543 5509 1778 5608 fuerim:
1809 5509 1889 5601 iet

390 5665 468 5740 (ϐ)
507 5667 796 5741 ltogerium
829 5674 1030 5739 Sicilia:
1066 5698 1246 5755 regem
1283 5688 1548 5764 ἱιιιοιιῑετι.

2022 1876 2258 1943 δυτικοῦ
2296 1879 2443 1948 λέγω
2477 1882 2811 1952 δράκοντος,
2842 1883 2949 1938 τοῦ⁵
2976 1878 3412 1960 τῆςῆικεὶακῆς
3447 1908 3620 1945 καταο

2034 1969 2430 2039 τυραννοῦντος
2461 1973 2586 2042 γῆς,
2626 1975 2884 2029 κάκεῖθεν
2911 1978 3052 2030 κατὰ
3070 1976 3172 2046 τῆς
3188 1979 3295 2033 τῶν
3330 1980 3620 2051 Ῥωμαίων

2037 2062 2403 2133 ἐπικρατείας
2432 2066 2608 2139 λάθρα
2634 2069 3002 2139 ἐρπύσαντος,
3029 2074 3313 2144 ἀναλόγως
3341 2073 3430 2131 οἷα
3456 2095 3621 2132 πνευ-

2037 2157 2276 2224 ματικὰς
2308 2175 2467 2222 τινας
2503 2160 2819 2232 σάλπιγγας
2845 2167 2943 2226 τὰς
2968 2166 3077 2219 τῶν
3102 2167 3196 2221 τὸν
3225 2168 3355 2223 Θεὸν
3378 2169 3619 2235 ἐξιλεου-

2036 2245 2215 2314 μένων
2248 2249 2379 2301 καθ’
2413 2249 2656 2322 ἑκάστην
2699 2253 2842 2324 ὑπὲρ
2889 2256 3048 2326 ήμῶν
3093 2258 3403 2328 ἀρχιερέων
3450 2260 3620 2331 εὐχὰς

2034 2335 2175 2405 πρὸς
2212 2337 2426 2392 ἐκείνου
2461 2340 2785 2410 καθαίρεσιν
2816 2345 3195 2417 συνεργούσας
3229 2347 3377 2419 ἐχειν
3406 2347 3616 2420 δεήσει.

2045 2428 2207 2482 Ἀλλὰ
2253 2429 2351 2483 καὶ
2399 2430 2564 2495 αὐτὸς
2610 2435 2638 2487 ό
2691 2434 2924 2506 θεόπτης
2954 2438 3184 2509 Μωσῆς,
3237 2443 3478 2511 ὁπηνίκα
3529 2442 3609 2513 τῷ

2046 2519 2299 2592 Ἀμαλὴκ
2333 2524 2657 2594 συνεκρότει
2683 2526 2782 2596 τὴν
2814 2528 3016 2598 μάχην,
3052 2529 3297 2600 ἱερεῦσιν
3327 2533 3611 2605 ἑκατέρω-

2034 2610 2130 2665 θεν
2187 2613 2584 2686 στηριζόμενος
2619 2618 2761 2672 οὕτω
2804 2619 3000 2675 τοῦτον
3052 2624 3462 2694 κατετροποῦτο
3513 2629 3612 2680 καὶ

2028 2703 2332 2776 ὑπερίσχυε
2366 2722 2378 2737 ’
2412 2709 2534 2762 κατ’
2568 2711 2779 2765 ἐκεῖνον
2824 2709 2919 2768 οῦν
2963 2715 3060 2768 καὶ
3111 2718 3142 2785 ή
3200 2716 3450 2785 βασιλεία
3503 2735 3608 2787 μου

2027 2795 2124 2849 τοῦ
2156 2798 2549 2871 ἀρχιερατικοῦ
2584 2802 2817 2875 δεομένη
2850 2804 3345 2878 ὑποστηρίγματος
3391 2810 3474 2873 εις
3509 2809 3609 2881 τὴν

2028 2890 2171 2942 κατὰ
2200 2889 2295 2944 τοῦ
2342 2892 2465 2946 νέου
2499 2893 2695 2948 τούτου
2728 2896 2978 2968 Ἀμαλὴκ
3029 2901 3404 2971 προκειμένην
3452 2902 3609 2955 ἀντι-

2026 2980 2359 3049 παράταξιν,
2386 2984 2482 3038 καὶ
2518 2983 2709 3057 ὥσπερ
2742 2989 2869 3042 τινὰ
2899 2989 3096 3044 στύλον
3128 2993 3306 3060 φωτὸς
3338 2992 3435 3046 τοῦ
3481 2993 3605 3046 νέου

2038 3070 2257 3145 Ἰσραὴλ
2289 3077 2709 3150 προηγούμενον
2740 3083 2836 3134 καὶ
2862 3080 2930 3134 τὰ
2956 3083 3151 3136 τούτου
3199 3084 3606 3140 κατευθύνοντα

1949 3130 1991 3185 C
2024 3130 2363 3233 διαδήματα,
2410 3130 3178 3244 εὐχὰς
3206 3174 3468 3228 ἐθέλουσα
3511 3177 3603 3229 τὸν

2029 3255 2277 3324 παρόντα
2315 3258 2731 3328 Χρυσόὸουλλον
2755 3264 2929 3333 Λόγον
2964 3268 3031 3336 τῇ
3069 3268 3238 3337 μητρὶ
3272 3269 3464 3322 πασῶν
3493 3271 3604 3323 τῶν

2037 3344 2402 3418 Ἐκκλησιῶν,
2435 3350 2501 3422 τῇ
2528 3353 2627 3424 νέᾳ.
2658 3354 2818 3421 Σιὼν,
2864 3355 2941 3428 τῷ
2970 3357 3067 3427 τῆς
3096 3356 3191 3412 τοῦ
3223 3359 3358 3412 Θεοῦ
3408 3362 3601 3429 σοφίας

2026 3438 2438 3513 ἐνδιαιτήματι,
2475 3447 2573 3500 καὶ
2600 3449 2714 3515 τοῖς
2750 3449 2891 3503 κατὰ
2917 3450 3017 3514 τὰς
3046 3452 3246 3519 νήσους
3279 3451 3461 3516 πάσας
3499 3454 3600 3509 καὶ

2019 3530 2118 3603 τὴν
2146 3532 2432 3607 ’Δνατολὴν
2451 3540 2544 3591 καὶ
2567 3538 2666 3613 τὴν
2697 3539 2862 3596 Δύσιν
2900 3542 3248 3615 ἀρχιερεῦσιν
3267 3545 3596 3618 ἐϐράϐευςε,

2020 3623 2121 3686 τὰς
2145 3625 2285 3697 ὑπὲρ
2308 3627 2408 3695 τῆς
2440 3628 2725 3699 βασιλείας
2755 3650 2857 3703 μου
2884 3635 3091 3691 τούτων
3119 3638 3287 3709 εὐχὰς
3311 3640 3406 3692 ἐπὶ
3433 3639 3598 3695 πλέον

2020 3714 2503 3787 ἀναῤῥωννύουσα.
2560 3722 2832 3794 ’Δκριϐῶς
2883 3726 2991 3796 γὰρ
3064 3724 3208 3783 οἶδεν
3258 3732 3291 3800 ἡ
3348 3731 3597 3801 βασιλεία

2022 3823 2149 3877 μου,
2181 3808 2256 3871 ὡς
2289 3810 2350 3863 οὐ
2384 3810 2626 3877 σώζεται
2666 3813 2925 3885 βασιλεὺς
2968 3818 3056 3874 διὰ
3083 3820 3286 3891 πολλὴν
3329 3822 3593 3893 δύναμιν,

1735 3889 1926 3947 αὑτοῦ·
1968 3894 2173 3968 ψευδὴς
2200 3899 2258 3952 δὲ
2282 3898 2451 3965 ῐππος
2496 3902 2578 3968 είς
2617 3907 2915 3978 σωτηρίαν,
2936 3911 3079 3965 κατὰ
3135 3889 3396 3966 τδνμθείον
3425 3889 3595 3983 φόιναι
3704 3926 3707 3929 ‘

2088 4085 2384 4159 Τοιγάρτοι
2431 4091 2524 4145 καὶ
2575 4092 2636 4147 τδ
2676 4095 3106 4170 ἀπερικλόνητον
3151 4098 3330 4172 πάντη
3383 4102 3592 4171 φυλάτ-

2012 4178 2204 4233 τεσθαι
2256 4180 2509 4251 θέλουσα,
2558 4187 2624 4257 τῇ
2671 4203 2732 4240 τε
2779 4189 2974 4244 πασῶν
3008 4192 3405 4265 προκαθημένῃ
3466 4197 3587 4250 Ἐκο

2020 4273 2264 4345 κλησιῶν
2294 4277 2535 4344 καὶτοῖς
2569 4283 2998 4352 μνημονευθεωι
3048 4286 3219 4340 πᾶσιν
3266 4288 3590 4359 ἀρχιερεῦσι

2014 4366 2128 4420 τῶν
2164 4368 2508 4442 ὁπουδήποτε
2541 4372 2712 4442 ἁγίων
2751 4375 3119 4447 Ἐκκλησιῶν,
3146 4378 3326 4432 καὶτὸ
3346 4381 3588 4448 ἀσφαλὲς

2014 4459 2125 4512 τῶν
2159 4462 2475 4532 προσόντων
2495 4465 2725 4530 ταύταις
2742 4469 3130 4538 δικαιωμάτων
3151 4471 3246 4524 ἐπὶ
3277 4473 3344 4543 τῇ
3377 4476 3584 4542 κατοχῇ

2011 4549 2121 4603 τῶν
2142 4553 2417 4621 ἀκινήτων
2443 4556 2622 4609 αὐτῶν
2650 4558 3000 4630 βεϐαιότερον
3044 4561 3381 4629 καθιστῶσα,
3412 4580 3586 4634 προσ-

2011 4641 2393 4712 επανορθοῦσα
2446 4644 2504 4698 δέ
2535 4648 2629 4699 καὶ
2675 4648 2731 4701 εί
2774 4650 2830 4702 τί
2861 4667 2965 4703 που
2997 4650 3241 4720 χωλεῦον
3267 4653 3400 4716 ίσως
3432 4654 3585 4704 ἐστὶν

2011 4731 2070 4782 ἐν
2099 4733 2217 4795 τοῖς
2249 4734 2429 4791 αὐτῶν
2456 4735 2796 4807 δικαιώμασι
2827 4742 2922 4793 καὶ
2946 4742 3045 4811 τῆς
3073 4742 3362 4812 ἀκριϐείας
3395 4741 3585 4796 λειπό-

2014 4838 2176 4892 μενον
2209 4839 2223 4853 ·
2250 4825 2346 4878 καὶ
2398 4827 2461 4879 οὐ
2516 4827 2677 4897 μόνον
2730 4830 2909 4896 τοῦτο,
2956 4834 3094 4887 ἀλλὰ
3146 4835 3244 4889 καὶ
3284 4837 3339 4889 εί
3377 4838 3430 4889 τί
3477 4855 3582 4891 που

2015 4915 2236 4984 ὀφεῖλον
2265 4918 2710 4991 ἐπακολουθῆσαι
2739 4923 3016 4997 δικαίωμα
3053 4928 3192 4999 πρὸς
3238 4929 3337 4999 τὴν
3364 4932 3581 5001 ἀσφαλῆ

2007 5004 2118 5059 τῶν
2146 5007 2410 5062 τοιούτων
2435 5011 2712 5079 ἀκινήτων
2738 5014 3078 5082 δεσποτείαν,
3116 5021 3357 5089 κατοχὴν
3397 5038 3455 5072 τε
3488 5023 3583 5073 καὶ

2004 5097 2307 5168 κυριότητα
2352 5100 2611 5166 γενέσθαι
2668 5104 2799 5167 ἴσως
2846 5106 2947 5159 οὐκ
2992 5107 3229 5176 ἔφθασεν
3262 5127 3275 5141 -
3303 5111 3465 5163 αὐτὸν
3513 5111 3578 5179 δὴ

2001 5187 2091 5242 τὸν
2117 5191 2360 5259 παρόντα
2406 5195 2796 5264 χρυσόὅουλλον
2831 5199 2986 5268 λόγον
3035 5201 3233 5272 ίατῆρα
3261 5202 3295 5269 ή
3330 5202 3579 5273 βασιλεία

2004 5296 2106 5348 μου
2137 5280 2330 5335 τούτου
2363 5283 2428 5356 δὴ
2475 5285 2571 5339 τοῦ
2602 5289 2948 5356 ἐλλείποντος
2987 5294 3172 5357 αὐτοῖς
3218 5294 3575 5349 ἐπιδέδωκεν.

1998 5364 2112 5423 οἷον
2143 5371 2332 5443 ἄρτιον
2368 5376 2463 5429 καὶ
2494 5378 2750 5450 όλομελὲς
2778 5382 3071 5439 δεικνύντα
3117 5385 3176 5439 τὺ
3217 5387 3311 5440 ἐπ)⁸
3360 5385 3574 5451 τούτοις

1998 5459 2211 5516 δίκαιον
2233 5467 2329 5521 καὶ
2357 5469 2438 5530 εἰς
2468 5471 2530 5523 τὸ
2555 5473 2819 5538 παντελὲς
2855 5475 3224 5532 ἀδιάσειστον.
3270 5479 3349 5533 Δι’
3377 5474 3439 5531 οὗ
3456 5480 3575 5557 ’καὶ

2002 5551 2215 5623 βεϐαιοῖ
2250 5560 2353 5629 μὲν
2394 5562 2488 5615 καὶ
2540 5564 2955 5640 ἀσφαλέστερον
3001 5570 3188 5643 τίθησι
3216 5573 3326 5627 πᾶν
3367 5552 3572 5644 προσὸν
