4014 6390
381 418 481 485 721

1484 423 1848 487 NOVELIJE
1887 424 2565 485 CONSTITUTIONES.

3533 425 3638 488 722

378 537 501 598 ταῖς
536 531 889 599 κατ’ἀύτοῦς
933 537 1273 605 ἁγιωτάταις
1306 538 1400 592 τοῦ
1431 540 1566 593 Θεοῦ
1613 540 1952 608 Ἐκκλησίαις

2073 541 2384 609 ubicunque
2417 557 2478 595 ea
2509 541 2609 594 sita
2646 541 2785 606 sint;
2816 549 2867 595 et
2902 539 3042 610 quod
3079 540 3274 594 bonum
3308 548 3410 607 est,
3441 544 3636 598 melius

381 629 475 680 καὶ
521 627 663 698 αὐτῇ
713 630 779 699 τῇ
835 629 1044 683 τούτων
1096 631 1496 704 προκαθημένῃ
1545 633 1823 703 δικαίωμα
1863 634 1957 686 ἐπὶ

379 721 492 781 τοῖς
543 720 729 772 αὐτῶν
781 721 1087 790 ἀκινήτοις,
1140 727 1328 778 ὁποῖον
1370 725 1436 779 ἂν
1491 727 1802 797 καθέστηκε
1853 727 1958 781 κᾶν

379 811 721 880 ὁπουδήποτε
757 812 931 865 ταῦτα
965 815 1314 879 διάκεινται,
1358 819 1452 870 καὶ
1509 820 1567 870 τὸ
1615 819 1781 871 καλὸν
1823 819 1956 873 κάλ-

378 899 491 955 λιον
525 901 711 971 τίθησι
740 905 807 973 τῇ
841 905 1118 975 ἐπικρίσει
1148 923 1207 957 τε
1239 906 1331 959 καὶ
1353 907 1518 976 ψήφῳ
1546 908 1645 975 τῆς
1676 906 1957 976 βασιλείας

384 1014 512 1066 μου.
546 998 665 1051 Πᾶν
695 998 752 1052 δὲ
779 1000 836 1052 ὲν
870 1000 1053 1061 αὐτοῖς
1085 1003 1142 1052 ἐν
1178 1001 1388 1066 ὁποίοις
1420 1002 1565 1055 εἴποι
1590 1022 1676 1059 τις
1706 1003 1960 1074 ,θεωρού-

382 1105 564 1157 μενον,
605 1091 716 1142 εἴτε
749 1090 806 1144 ὲν
836 1091 1258 1161 χρυσοϐούλλοις
1280 1092 1460 1160 λόγοις
1489 1093 1764 1163 διαφόρων
1797 1094 1957 1164 βασι-

379 1179 516 1234 λέων
539 1181 650 1234 εττε
681 1183 738 1235 ὲν
771 1170 1057 1251 σιγίλλίοις
1088 1183 1202 1238 εἴτε
1239 1188 1296 1238 ὲν
1341 1186 1541 1249 ἁπλαῖς
1588 1187 1957 1258 προστάξεσιν

307 1277 310 1284 ’
381 1271 491 1323 εἴτε
525 1273 584 1325 ὲν
610 1272 831 1328 λύσεσιν
854 1277 963 1329 εἴτε
1011 1278 1068 1328 ὲν
1119 1280 1452 1345 πρακτικοῖς
1484 1279 1822 1342 ὑποσκάζον,
1861 1280 1956 1333 καὶΙ

381 1363 526 1416 κατά
560 1381 614 1415 τι
645 1367 742 1416 τοῦ
779 1366 1040 1436 ἀκριὸοῦς
1076 1370 1171 1421 καὶ
1204 1370 1304 1437 τῆς
1335 1369 1698 1439 ὀφειλομένης
1729 1370 1958 1423 ἀκολου-

380 1451 499 1514 θίας
525 1453 872 1525 λειπόμενον,
918 1457 1026 1509 ἀπό
1068 1475 1127 1510 τε
1175 1458 1476 1529 βασιλικῶν
1509 1461 1956 1530 προσταγμάτων

381 1545 476 1598 καὶ
509 1547 694 1618 νόμων
718 1550 1015 1618 ἐπανορθοῖ
1049 1567 1063 1581 ·
1097 1551 1194 1604 καὶ
1249 1551 1550 1622 διορίζεται
1590 1551 1666 1622 μὴ
1709 1553 1851 1605 κατά
1906 1570 1958 1605 τι

379 1635 670 1706 πρόκριμα
705 1640 768 1690 ἐκ
793 1639 999 1693 τούτων
1030 1635 1170 1694 εἶναι
1202 1643 1328 1702 ταῖς
1356 1641 1714 1712 δηλωθείσαις
1755 1642 1959 1705 πάσαις

377 1727 718 1793 ἁγιωτάταις
767 1730 1123 1802 Ἕκκλησίαις
1155 1736 1234 1797 είς
1259 1735 1352 1786 τὸν
1385 1736 1561 1790 αἰῶνα
1586 1737 1677 1789 τὸν
1714 1737 1954 1800 ἅπαντα,

379 1819 516 1874 ἀλλὰ
542 1821 602 1873 τὸ
639 1823 953 1894 ὑπόσαθρον
982 1825 1211 1878 ἐκείνων
1253 1827 1350 1880 καὶ
1393 1827 1620 1890 ἀσθενὲς
1656 1827 1959 1882 εύτονώτα-

2066 631 2234 698 facit,
2287 634 2497 702 imperii
2547 634 2649 688 mei
2699 634 2969 688 seuleulia
3005 641 3058 686 et
3093 634 3322 688 caiCttiO.
3360 633 3632 704 Quidquid

2063 739 2241 779 autem
2268 737 2352 781 est
2396 727 2448 780 in
2500 727 2577 780 eis
2600 770 2612 790 ,
2644 728 2696 780 in
2739 728 3151 796 quibuSCuuque
3184 729 3302 795 quis
3330 739 3632 797 spectatum

2064 817 2114 870 id
2153 817 2376 882 dixerit,
2415 818 2529 869 sive
2560 818 2614 870 in
2655 817 2836 871 aureis
2883 817 3045 872 bullis
3079 818 3416 878 diversorum
3460 818 3635 888 impe-

2064 919 2332 971 ratorum,
2364 909 2480 963 sive
2512 909 2564 962 in
2593 908 2808 979 sigillis,
2847 909 2961 963 sive
3002 909 3052 961 in
3102 909 3439 976 simplicibus
3475 924 3636 962 man-

2062 1001 2223 1068 datis,
2257 1002 2371 1055 sive
2404 1002 2456 1056 in
2494 1001 2812 1071 rescriptis,
2852 1002 2966 1055 sive
3012 1001 3065 1053 in
3120 1001 3256 1055 actis
3298 1000 3632 1065 claudicans,

2060 1104 2115 1146 et
2146 1092 2490 1161 aliquatenus
2520 1093 2586 1145 ab
2622 1107 2705 1156 eo,
2744 1093 2883 1162 quod
2913 1101 2995 1146 est
3021 1104 3294 1167 exactum,
3325 1098 3378 1145 et
3404 1108 3432 1145 a
3456 1091 3634 1146 debita

2063 1183 2455 1251 consequentia
2511 1183 2773 1238 deﬁciens
2823 1184 3084 1252 regalium
3129 1183 3434 1253 jussionum
3478 1191 3532 1239 et
3562 1183 3636 1238 le-

2062 1286 2208 1338 gum.
2243 1273 2505 1342 corrigit;
2545 1281 2597 1327 et
2627 1273 2894 1337 decernit,
2929 1271 3093 1327 dictis
3140 1271 3505 1327 sanctissimis
3547 1285 3640 1326 ec-

2062 1362 2247 1418 clesiis
2279 1364 2483 1417 nullum
2518 1380 2585 1418 ex
2617 1366 2692 1419 'ea
2741 1380 2802 1419 re
2854 1363 3225 1432 pra'judicium
3269 1363 3324 1417 iu
3373 1369 3636 1417 mternum

2063 1453 2244 1508 aﬂ'erri
2281 1472 2295 1508 :
2328 1456 2422 1509 sed
2469 1457 2610 1524 quod
2647 1457 2698 1509 in
2735 1456 2814 1510 eis
2856 1466 2939 1510 est
2969 1455 3242 1510 inﬁrmum
3288 1462 3341 1507 el
3390 1453 3638 1507 imbecil-

2063 1545 2194 1610 lum,
2233 1561 2352 1601 esse
2386 1546 2788 1613 ﬁrmissimum,
2823 1557 2879 1602 et
2931 1547 3074 1601 nulla
3128 1545 3266 1614 juris
3318 1546 3639 1616 allegatione

2062 1636 2482 1707 oppugnandum
2529 1639 2598 1691 ab
2649 1652 2736 1703 eo,
2783 1638 2874 1706 qui
2926 1638 3055 1690 velit
3107 1638 3309 1706 aliquid
3362 1652 3458 1706 pro
3509 1637 3637 1689 ﬁsco

2065 1728 2180 1800 (seu
2213 1729 2451 1799 publico)
2488 1730 2692 1796 dicere,
2723 1740 2779 1784 ut
2816 1731 2959 1798 quod
2993 1730 3250 1800 praesenti
3289 1729 3496 1798 imperii
3531 1730 3634 1782 mei

2062 1821 2212 1875 Bulla
2243 1823 2421 1876 Aurea
2451 1821 2807 1876 conﬁrmetur
2836 1830 2890 1876 et
2933 1821 3091 1875 valde
3121 1820 3528 1874 corroboretur.
3570 1819 3638 1872 Et

379 1928 472 1963 τον
505 1908 644 1965 εἶναι
671 1914 770 1967 καὶ
811 1914 1090 1970 ἀνάλωτον
1135 1917 1286 1987 πάσῃ
1315 1917 1658 1988 δικαιολογία
1687 1918 1782 1972 τοῦ
1827 1918 1952 1988 βου-

2063 1921 2118 1967 ut
2141 1928 2208 1967 ex
2243 1914 2426 1968 multis
2452 1928 2660 1972 eorum,
2689 1927 2806 1980 qum
2837 1913 3070 1980 euipiam
3105 1913 3157 1966 iu
3194 1921 3427 1966 mentem
3453 1911 3639 1965 venire

379 2003 612 2072 λομένου
642 2006 820 2074 λέγειν
863 2026 916 2060 τι
972 2009 1113 2077 ὑπὲρ
1149 2009 1244 2061 τοῦ
1281 2009 1566 2079 δημοσίου,
1601 2009 1678 2080 τῷ
1725 2011 1955 2080 παρόντι

376 2099 761 2170 χρυσοόούλλῳ
804 2101 947 2171 λόγῳ
988 2103 1087 2169 τῆς
1135 2102 1419 2171 βασιλείας
1461 2120 1564 2172 μου
1605 2103 1952 2173 ῥωννύμενον

339 2242 344 2246 .
377 2194 474 2252 καέι
521 2190 729 2262 σφόδρα
759 2193 1257 2265 ἐνδυναμούμενον.
1300 2197 1415 2250 Καὶ
1441 2197 1530 2249 ἵνα
1557 2195 1665 2250 ἀπὸ
1685 2195 1794 2248 τῶν
1828 2197 1955 2249 πολ-

375 2281 508 2344 λῶν,
551 2277 628 2337 ὧν
663 2284 729 2336 ἄν
761 2301 845 2347 τις
879 2287 1210 2355 ἐννοήσειεν,
1265 2284 1465 2351 ὀλίγων
1505 2285 1669 2338 τινῶν
1717 2287 1749 2356 ή
1797 2285 1953 2355 βασι-

375 2379 495 2433 λεία
529 2397 630 2448 μου
667 2382 1054 2451 ἑπιμνησθείη,
1101 2382 1196 2434 ὲάν
1224 2382 1387 2452 τυχὸν
1413 2382 1593 2452 δωρεά
1625 2383 1811 2444 αὐτοῖς
1845 2399 1954 2435 πα-

377 2468 581 2535 ροίκων
615 2469 822 2533 ἄποσος
858 2472 947 2542 εἴη
984 2472 1015 2541 ἢ
1055 2471 1274 2542 μέτρων
1302 2472 1406 2541 γῆς
1431 2512 1444 2536 ,
1478 2471 1786 2541 αὐτούργιά
1833 2489 1956 2524 τινα

374 2560 661 2613 ἐκαίνισαν
702 2563 760 2615 ὲν
787 2563 904 2624 τοῖς
949 2563 1220 2624 τοιούτοις
1254 2563 1502 2633 κτήμασι
1543 2563 1705 2634 τυχὸν
1749 2564 1826 2634 μὴ
1873 2563 1959 2616 δε-

373 2651 676 2723 δωρημένα
706 2656 892 2714 αὐτοῖς
918 2672 931 2687 ·
959 2655 991 2725 ἢ
1025 2656 1383 2726 ἐδωρήθησαν
1421 2657 1550 2727 μὲν,
1585 2658 1686 2712 οὐκ
1727 2658 1959 2729 ἀνετρά-

376 2757 564 2810 πησαν
604 2740 662 2794 δὲ
689 2743 744 2798 αἱ
781 2744 913 2811 περὶ
942 2743 1151 2800 τούτων
1176 2745 1506 2815 προστάξεις
1531 2758 1546 2774 ⁸
1593 2747 1626 2817 ἢ
1687 2745 1784 2800 ἐπὶ
1815 2764 1954 2816 προ-

378 2833 793 2905 αφωρισμένοις
851 2833 1257 2906 δεδωρημένοις
1309 2821 1494 2900 αὐτοῖς
1542 2839 1598 2891 αἱ
1651 2839 1777 2908 περὶ
1821 2855 1957 2908 προ-

376 2924 780 2995 αφωρισμένων
800 2927 1128 2997 προστάξεις
1157 2928 1257 2982 οὐκ
1295 2929 1688 3004 ἀνετράπησαν
1718 2946 1732 2961 ·
1766 2930 1800 3001 ή
1834 2947 1958 2985 τινα

377 3016 488 3070 τῶν
517 3019 893 3090 πορισθέντων
937 3021 1122 3086 αὐτοῖς
1171 3021 1470 3091 βασιλικῶν
1507 3026 1956 3094 προσταγμάτων

375 3109 609 3173 ούδᾰλως
659 3110 1126 3182 κατεστρώθησαν
1172 3127 1187 3145 ο
1242 3114 1276 3184 ἢ
1330 3115 1800 3187 κατεστρώθησαν
1857 3116 1956 3180 μὲν

2060 2009 2304 2075 possint,
2384 2021 2552 2076 pauca
2621 2007 2866 2074 quaedam
2926 2006 3208 2073 imperium
3274 2021 3454 2059 meum
3523 2019 3633 2058 me-

2061 2101 2232 2152 moria
2276 2108 2485 2168 repetat
2513 2117 2527 2154 :
2559 2099 2602 2155 si
2639 2100 2778 2154 forte
2819 2100 3038 2154 donatio
3088 2099 3259 2168 ipsius
3315 2097 3633 2152 colonorum

2059 2191 2130 2245 sit
2194 2191 2312 2245 sine
2363 2201 2512 2246 certa
2565 2191 2910 2260 quantitate,
2973 2203 3066 2245 aut
3127 2206 3376 2245 mensura
3442 2197 3634 2251 teme,

2061 2285 2147 2340 vel
2184 2285 2300 2340 loca
2339 2285 2586 2354 quaedam
2625 2281 2827 2337 fertilia
2873 2282 3183 2337 inuovarint
3230 2281 3282 2336 in
3329 2279 3634 2347 hujusmodi

2062 2377 2528 2447 possessionibus,
2559 2377 2695 2430 forte
2721 2391 2840 2446 quae
2866 2375 2998 2444 ipsis
3023 2375 3220 2429 donata
3248 2389 3351 2428 non
3382 2373 3634 2436 fuerunt;

2060 2480 2155 2525 aut
2184 2471 2384 2526 donata
2418 2471 2634 2538 quidem
2669 2469 2908 2532 fuerunt,
2947 2467 3222 2537 jussiOnes
3254 2476 3431 2519 autem
3460 2465 3525 2518 de
3555 2464 3638 2518 his

2061 2559 2219 2615 facta:
2257 2576 2364 2615 non
2398 2570 2830 2614 sunt-revocata:
2859 2576 2872 2613 :
2908 2558 2992 2611 Vel
3018 2557 3070 2610 in
3107 2557 3214 2611 alio
3245 2555 3516 2626 deputatis
3544 2555 3639 2609 do-

2061 2651 2208 2708 natis
2264 2652 2397 2721 ipsis
2440 2651 2720 2721 jussioncs
2758 2651 2823 2706 de
2869 2649 3019 2720 prius
3067 2649 3302 2703 deﬁnitis
3357 2662 3464 2702 non
3513 2655 3640 2702 sunt

2062 2754 2333 2802 revocata:
2365 2763 2378 2798 :
2410 2753 2500 2800 aut
2529 2745 2844 2816 jussionum
2893 2743 3301 2814 principalium,
3355 2756 3476 2810 quae
3506 2739 3638 2810 ipsis

2060 2838 2279 2893 tribulm
2310 2825 2455 2902 sunt,
2480 2837 2675 2908 aliqua:
2696 2837 2846 2891 nullo
2871 2835 3033 2890 modo
3060 2836 3348 2888 insinuata:
3379 2832 3595 2886 I'uerunt
3621 2849 3636 2897 ;

2061 2937 2155 2984 aut
2204 2927 2427 2984 fuerunt
2469 2928 2687 2998 quidem
2736 2928 3026 2983 insinuata:
3072 2927 3124 2980 in
3179 2925 3361 2994 aliquo
3391 2931 3636 2987 secreto,

2063 3033 2174 3074 non
2206 3029 2386 3074 tamen
2439 3026 2827 3086 competente:
2865 3026 2960 3070 aut
3003 3014 3294 3070 insinuata:
3338 3012 3637 3082 perierunt,

2064 3109 2313 3179 exempla
2347 3119 2534 3165 autem
2563 3124 2752 3164 earum
2787 3108 2893 3162 ﬁde
2924 3108 3086 3177 digna
3119 3108 3470 3178 reperiuntur
3500 3123 3514 3160 :
3548 3113 3641 3158 aut

377 3199 457 3262 είς
507 3217 631 3254 τινα
677 3199 788 3254 τῶν
844 3201 1145 3272 σεκρέτων,
1193 3201 1255 3256 οὐ
1300 3205 1410 3274 μήν
1460 3221 1525 3272 γε
1570 3206 1666 3258 καὶ
1703 3207 1796 3259 ἐπὶ
1840 3207 1952 3269 τοῖς

2063 3213 2208 3268 acta,
2238 3217 2360 3272 qua:
2390 3203 2686 3273 procedere
2719 3200 3010 3268 debebant,
3069 3215 3176 3255 non
3212 3204 3634 3269 processerunt:

377 3293 716 3364 προσφόροις
743 3293 1058 3363 σεκρέτοις·
1088 3293 1123 3365 ἢ
1155 3295 1614 3364 καταστρωθέντα
1646 3295 1947 3364 ἀπώλοντο,

378 3382 468 3435 [ea
501 3381 558 3434 δὲ
589 3381 797 3435 τούτων
823 3385 1220 3452 πεπιστωμένα
1249 3384 1600 3455 εὑρίσκονται
1626 3403 1640 3419 ο
1668 3386 1700 3458 ἢ
1728 3405 1954 3458 πρακτι-

375 3473 448 3526 κὰ
480 3473 771 3540 ὀφείλοντα
815 3473 1088 3544 προϐῆναι
1117 3475 1178 3528 ού
1213 3475 1536 3546 προέϐησαν
1559 3521 1571 3542 ,
1606 3477 1639 3548 ἦ
1669 3480 1953 3549 προϐάντα

373 3565 433 3618 οὐ
465 3566 950 3637 κατεστρώθησαν,
980 3567 1013 3638 ἢ
1047 3567 1336 3638 ὁρισθέντα
1381 3570 1640 3639 γενέσθαι
1687 3572 1951 3644 λογίσιμα

371 3657 474 3710 οὐκ
503 3657 755 3725 ἐγένοντο
781 3675 794 3688 ·
829 3659 861 3730 ἢ
897 3659 1040 3713 κατά
1087 3677 1212 3714 τινα
1256 3661 1390 3725 ἴσως
1423 3661 1595 3733 ἀλλην
1644 3665 1836 3718 ὁποίαν
1887 3667 1952 3720 ἄν

369 3764 455 3811 τις
488 3747 620 3821 εἴπῃ
642 3749 826 3803 αίτίαν
855 3751 966 3804 εἴτε
1007 3753 1154 3805 κατά
1193 3753 1360 3824 μέρος
1407 3753 1518 3808 εἴτε
1547 3757 1644 3810 καὶ
1677 3758 1802 3812 καθ’
1833 3760 1952 3814 ὁλό-

369 3839 571 3909 κληρον
621 3840 692 3892 τὰ
725 3843 1008 3910 προσόντα
1059 3846 1182 3906 ταῖς
1226 3844 1489 3911 πολλάκις
1537 3847 1952 3919 διαληφθείσαις

369 3931 558 3997 ἁγίαις
585 3935 680 3985 τοῦ
718 3935 1248 4007 ΘεοῦῇΕκκλησίαις
1283 3939 1380 3992 καὶ
1425 3942 1494 4011 τῇ
1553 3944 1722 4012 μητρὶ
1755 3945 1951 3998 πασῶν

367 4019 670 4086 χωλεύουσι
717 4021 1072 4093 δικαιώματα
1127 4025 1429 4079 κάντεῦθεν
1491 4029 1595 4082 οὐκ
1655 4029 1840 4099 ἔχουσι
1890 4033 1949 4085 τὸ

365 4113 822 4183 ἀπερικλόνητον,
851 4116 957 4169 κᾶν
985 4118 1058 4187 μὴ
1088 4119 1272 4188 ῥητῶς
1303 4119 1541 4191 ἐνταῦθα
1575 4124 1723 4175 πᾶσα
1757 4126 1949 4179 ὁποια-

380 4203 445 4276 δή
473 4222 555 4266 τις
587 4206 738 4260 αίτία
768 4207 1103 4272 ὑποσκάζειν
1129 4209 1361 4263 ποιοῦσα
1390 4211 1460 4265 τά
1491 4211 1836 4284 δικαιώματα
1854 4218 1948 4270 ἐκ·

366 4297 694 4366 πεφὼνηται
729 4315 744 4329 ⁸
789 4299 821 4369 ἢ
856 4299 1090 4369 ὤφειλον
1123 4303 1286 4372 τυχὸν
1322 4303 1415 4355 καὶ
1444 4302 1610 4374 ἕτερα
1643 4305 1948 4377 δικαιώμα-

363 4408 432 4442 τα
459 4393 972 4463 προσεπορεχθῆναι
1009 4394 1202 4458 αὑταῖς
1234 4397 1326 4450 ἐπὶ
1357 4399 1471 4460 τοῖς
1510 4398 1779 4461 τοιούτοις
1821 4402 1946 4454 ἀκι-

365 4479 574 4549 νήτοις,
608 4479 684 4542 ῶς
707 4482 1129 4544 τινωνηπάντως
1177 4484 1506 4557 προδάντων
1546 4488 1604 4538 ὲν
1650 4489 1842 4552 αὑταῖς
1875 4489 1946 4560 (εί

2060 3292 2145 3348 vel
2186 3302 2364 3358 actus,
2417 3292 2511 3362 qui
2562 3291 3002 3362 requirebat-itur,
3047 3306 3155 3347 non
3186 3291 3635 3346 intervenerunt:

2060 3395 2155 3439 aut
2196 3399 2322 3454 quae,
2363 3385 2483 3440 ﬁeri
2535 3383 2842 3439 debuerunt
2881 3385 3151 3438 rationum
3179 3379 3638 3450 computationes,

2061 3477 2216 3532 factm
2249 3493 2355 3531 non
2389 3487 2516 3532 sunt
2550 3495 2562 3530 :
2598 3485 2691 3532 aut
2722 3475 2863 3531 forte
2888 3475 3189 3547 quamlibet
3219 3475 3381 3529 aliam
3412 3473 3480 3529 ob
3510 3486 3639 3526 cau-

2061 3585 2204 3638 sam,
2242 3573 2360 3628 sive
2394 3586 2460 3627 ex
2493 3579 2671 3641 parte,
2708 3571 2822 3627 sive
2857 3570 2910 3624 in
2957 3577 3125 3626 totum
3154 3570 3272 3640 jura
3303 3580 3444 3637 swpe
3474 3565 3638 3622 dictis

2062 3664 2270 3720 sanctis
2305 3663 2400 3719 Dei
2434 3663 2710 3729 ecclesiis,
2745 3671 2802 3718 et
2832 3662 2995 3717 matri
3029 3662 3270 3718 omnium
3309 3659 3635 3722 claudicaut,

2059 3766 2113 3812 et
2163 3756 2288 3811 inde
2331 3756 2644 3811 ﬁrmitatem
2695 3770 2850 3811 suam
2895 3770 3001 3812 non
3059 3755 3301 3809 habent:
3335 3751 3438 3807 etsi
3491 3766 3637 3812 non,

2059 3864 2180 3918 qua:
2208 3849 2259 3902 id
2311 3847 2476 3902 faciat
2507 3863 2694 3912 causa,
2730 3847 3046 3902 nominatim
3089 3860 3347 3913 expressa
3398 3845 3469 3897 sit
3501 3861 3513 3895 :
3543 3850 3638 3895 aut

2060 3938 2202 3993 forte
2228 3938 2334 3991 alia
2372 3938 2503 4008 ipsis
2551 3938 2777 3992 concedi
2821 3937 3128 3992 debuerunt
3177 3936 3536 3989 instrumenta
3572 3934 3639 3987 de

2059 4030 2372 4098 hujusmodi
2421 4028 2818 4090 immobilibus,
2869 4043 2993 4080 cum
3027 4026 3203 4095 aliqua
3240 4024 3432 4080 saltem
3462 4023 3639 4091 impe:

2060 4131 2383 4177 traverunt:
2422 4123 2568 4192 (nam
2623 4123 2666 4175 si
2719 4121 3102 4174 documentum
3149 4117 3216 4170 de
3264 4115 3518 4185 quapiam
3569 4129 3634 4168 ex

2058 4213 2325 4282 possessis
2373 4227 2404 4266 a
2452 4226 2512 4266 se
2561 4209 2932 4264 immobilibus
2981 4222 3323 4275 nequaquam
3365 4203 3634 4273 acquisis«

2060 4303 2190 4368 rint,
2230 4303 2360 4356 nihil
2393 4318 2419 4355 a
2453 4301 2706 4371 prreseuti
2755 4299 2948 4354 Aureae
3001 4297 3164 4351 Bulla:
3196 4295 3444 4350 oratione
3482 4293 3639 4364 juva-

2057 4393 2281 4460 buntur)
2321 4393 2463 4446 nulla
2500 4393 2553 4446 in
2589 4409 2648 4446 rc
2686 4393 2798 4445 hzec
2827 4388 3032 4453 omnia,
3085 4397 3140 4443 et
3175 4400 3510 4456 quaecunque
3535 4385 3638 4439 alia

2057 4485 2291 4554 cuipiam
2329 4499 2430 4554 pro
2463 4484 2596 4539 ﬁsco
2643 4481 2877 4538 certanti
2931 4481 2984 4534 in
3039 4488 3276 4534 mentem
3313 4477 3641 4546 quandoque

364 4570 474 4639 γὰρ
503 4570 748 4640 μηδὸλως
775 4589 827 4624 τι
865 4573 1146 4643 δικαίωμα
1182 4575 1274 4628 ὲπί
1319 4593 1427 4628 τινι
1475 4576 1586 4630 τῶν
1634 4579 1949 4648 προσόντων

2060 4579 2328 4644 venerint,
2378 4578 2571 4633 hedera
2627 4591 2862 4644 unquam
2921 4573 3298 4629 sanctissimas
3356 4570 3636 4634 ecclesias,

358 4663 552 4725 αὐταῖς
579 4664 855 4732 ἀκινήτων
879 4667 1202 4736 κέκτηνται,
1227 4667 1380 4722 οὐδέν
1407 4686 1458 4722 τι
1483 4669 1589 4722 ἀπὸ
1616 4669 1710 4723 τοῦ
1740 4672 1942 4742 παρόν-

357 4773 450 4819 τος
510 4758 910 4826 χρυσοὸούλλου
981 4760 1144 4827 λόγου
1210 4761 1688 4833 ὠφεληθήσονται)
1737 4781 1749 4794 ·
1802 4764 1946 4818 κατὰ

361 4848 533 4916 μηδέν
565 4868 618 4904 τι
657 4850 834 4905 ταῦτα
884 4853 1090 4919 πάντα,
1135 4855 1231 4909 καὶ¹
1271 4855 1372 4908 ὅσα
1427 4855 1494 4908 ἄν
1536 4873 1623 4920 τις
1677 4857 1813 4911 ἄλλα
1863 4857 1942 4920 είς

354 4941 488 4992 νοῦν
517 4943 665 5016 λάϐῃ
696 4947 829 4998 ποτε
862 4947 1004 5017 ὑπὲρ
1059 4946 1154 5000 τοῦ
1198 4949 1464 5019 δημοσίου
1513 4949 1942 5021 ἀγωνιζόμενος,

352 5035 712 5105 καταϐλάψαι
756 5038 890 5092 ποτε
936 5039 1037 5103 τὰς
1087 5039 1182 5092 τοῦ
1239 5040 1376 5093 Θεοῦ
1426 5042 1740 5108 ἁγιωτάτας
1817 5042 1943 5098 Ἐκ-

360 5126 618 5195 κλησίας,
681 5132 774 5184 τόν
809 5149 868 5184 τε
924 5134 1025 5201 τῆς
1084 5133 1181 5186 τοῦ
1235 5134 1370 5187 Θεοῦ
1411 5134 1609 5204 σοφίας
1647 5133 1798 5190 οἷκον
1849 5135 1942 5188 καὶ

350 5216 458 5278 τὰς
487 5219 682 5281 λοιπὰς
712 5223 1112 5293 μητροπόλεις,
1165 5225 1614 5297 ἀρχιεπισκοπὰς
1665 5229 1762 5281 καὶ
1815 5227 1944 5280 ὲπι-

349 5310 595 5374 σκοπὰς,
642 5311 940 5384 δυνήσεται
994 5317 1087 5369 ἐπὶ
1131 5318 1269 5379 τοῖς,
1349 5315 1425 5379 ὡς
1465 5315 1705 5387 εἴρηται,
1755 5317 1946 5385 διαφέ-

352 5415 546 5468 ρουσιν
575 5405 768 5469 αὐταῖς
811 5408 1098 5477 ἀκινήτοις
1134 5409 1231 5476 ἀφ’
1272 5409 1607 5478 οίωνδήποτε
1635 5409 1946 5479 δικαιωμά-

345 5511 482 5549 των.
542 5497 604 5549 ΕΞ
645 5499 774 5567 ,γὰρ
812 5501 982 5570 μηδέν
1036 5517 1090 5552 τι
1136 5501 1405 5572 μηδαμῶς
1455 5501 1735 5572 δικαίωμα
1780 5503 1946 5575 ἐκτή-

2056 4683 2111 4728 et
2149 4671 2432 4742 sapientia:
2461 4669 2556 4726 Dei
2586 4668 2871 4738 templum,
2899 4665 3246 4736 reliquasque
3280 4664 3634 4733 metmpolgs,

2056 4764 2524 4834 archiepiscopas,
2559 4762 2845 4830 episc0pas
2881 4767 3142 4828 poterunt
3179 4757 3232 4812 in
3283 4757 3352 4813 iis
3381 4755 3636 4811 immobi-

2055 4855 2217 4920 libus,
2255 4868 2396 4922 quae,
2436 4860 2496 4906 ut
2529 4851 2738 4905 dictum
2773 4861 2876 4916 est,
2929 4849 2994 4903 ad
3045 4848 3192 4918 ipsas
3245 4846 3538 4916 pertinent,
3570 4859 3637 4900 ex

2051 4948 2525 5018 qualibuscunque
2555 4944 2920 4999 documentis.
2954 4941 3086 4996 Nam
3121 4942 3165 4995 si
3205 4941 3410 4995 nullum
3444 4939 3632 5008 acqui-

2050 5042 2296 5094 siverunt
2342 5053 2578 5107 unquam
2621 5037 2710 5104 jus
2751 5038 2804 5090 in
2860 5035 3130 5104 aliqui-bus
3180 5033 3322 5088 forte
3378 5032 3636 5090 immobi-

2050 5135 2211 5195 libus,
2239 5146 2360 5201 qua:
2387 5131 2610 5194 habent,
2633 5129 2831 5181 nullam
2863 5142 2928 5182 ex
2961 5127 3212 5196 przesenti
3240 5124 3438 5180 Aureae
3467 5123 3635 5178 Bullre

2051 5227 2302 5280 oratione
2347 5223 2583 5278 sentient
2631 5221 2922 5275 utilitatem
2963 5236 2977 5272 :
3015 5220 3157 5274 sicut
3194 5233 3294 5273 nec
3341 5219 3396 5272 in
3435 5216 3631 5285 quibus

2052 5319 2214 5373 ﬁscus
2245 5319 2322 5372 ad
2346 5317 2666 5371 hodiernum
2701 5328 2873 5382 usque
2907 5313 3048 5367 diem
3097 5312 3496 5380 possessionem
3537 5311 3632 5363 ha-

2051 5409 2172 5464 buit
2201 5424 2263 5462 ex
2293 5408 2444 5476 justa
2477 5405 2729 5474 quapiam
2761 5418 2943 5457 causa.
2990 5401 3046 5455 lu
3087 5402 3170 5455 his
3204 5403 3347 5456 enim
3379 5401 3631 5457 omnibus

2047 5500 2186 5568 juris
2215 5498 2597 5554 observabitur
2629 5506 2820 5550 exacta
2854 5494 3162 5562 disciplina.

345 5603 518 5638 σαντο
548 5589 641 5640 ἐπί
700 5607 844 5643 τισιν
895 5591 1026 5654 ἴσως
1090 5591 1200 5646 τῶν
1273 5593 1586 5662 προσόντων
1651 5595 1840 5658 αὑταῖς
1893 5597 2187 5664 ἀκινήτων,
2241 5589 2502 5659 οὐδεμίαν
2564 5590 2678 5643 ἀπὸ
2729 5589 2823 5644 τοῦ
2886 5587 3156 5658 παρόντος
3224 5585 3626 5656 χρυσοὸούλλου

342 5678 509 5746 λόγου
543 5682 820 5751 ὠφέλειαν
867 5682 1108 5748 ἕξουσιν,
1169 5684 1362 5756 ὥσπερ
1412 5687 1533 5740 οὐδὲ
1612 5688 1698 5756 ἐφ’
1737 5683 1819 5749 οἷς
1887 5688 2012 5757 ἔσχε
2051 5686 2150 5756 τήν
2191 5685 2432 5756 κατοχὴν
2479 5685 2507 5736 ὁ
2565 5683 2824 5752 δημόσιος
2879 5682 2972 5750 ἀφ’
3016 5683 3351 5755 οἱασδήτινος
3401 5683 3625 5752 εὐλόγου

343 5775 530 5838 αἰτίας
590 5776 752 5846 μέχρι
801 5777 900 5847 τῆς
938 5779 1182 5848 σήμερον
1208 5796 1220 5809 ·
1248 5780 1342 5832 ἐπὶ
1377 5780 1591 5846 τούτοις
1640 5781 1748 5850 γὰρ
1803 5781 1937 5833 πᾶσι
1980 5780 2039 5847 τό
2070 5778 2296 5850 ἀκριϐὲς
2329 5775 2918 5847 παραφυλαχοήσεται.

435 5869 496 5922 Εἴ
523 5887 606 5933 τις
636 5869 730 5924 οῦν
767 5870 987 5943 θελήσει
1018 5873 1106 5927 διὰ.
1145 5875 1583 5944 φιλοχρηματίαν
1637 5875 1666 5943 ἢ
1714 5875 1781 5927 δι’
1824 5873 1942 5927 ἑτέ-

2129 5873 2184 5928 Si
2218 5872 2337 5942 quis
2378 5873 2538 5940 igitur
2567 5870 2798 5924 voluerit
2840 5884 2935 5938 per
2966 5871 3270 5934 avaritiam.
3315 5883 3404 5929 aut
3435 5890 3628 5935 uuam-
