4014 6390
340 372 438 435 7ῖ5

1402 368 1771 435 NUVELLz’E
1809 364 2265 428 CONSTITUTI
2271 363 2372 426 ON
2382 364 2490 424 ES.

3489 360 3598 423 726

339 485 442 537 Καὶ
476 483 655 539 πάντα
696 487 766 541 τὰ
801 489 1075 559 προσόντα
1130 489 1266 560 αὖτῇ
1324 487 1467 541 κατά
1508 505 1566 541 τε
1619 483 1786 539 Δύσιν
1820 481 1915 538 καὶ

2051 480 2094 534 ili
2132 480 2329 536 adsunt
2364 481 2414 534 in
2456 478 2698 543 Oriente,
2735 488 2787 534 et
2817 476 3139 542 Occidente,
3176 485 3230 531 et
3261 475 3315 530 in
3346 475 3609 531 omnibus

340 577 640 650 ’Δνατολὴν
684 579 781 632 καὶ
807 580 904 644 τὰς
958 580 1085 643 ὅλας
1134 581 1333 651 νήσους
1377 580 1454 644 ὡς
1505 581 1600 634 νῦν
1644 579 1796 650 παρὰ
1820 579 1919 648 τῆς

340 668 622 741 βασιλείας
653 689 757 740 μου
792 671 1114 744 δωρούμενα
1159 675 1256 728 καὶ
1287 673 1698 745 παραδιδόμενα
1740 672 1921 744 ταύτῃ

341 763 651 831 λογίζεσθαι
670 765 758 819 διὰ
785 766 885 833 τῆς
909 767 1190 839 παρούσης
1219 767 1480 833 εὐσεϐοῦς
1515 768 1917 839 χρυσοϐούλλου

343 854 560 926 γραφῆς
607 857 640 928 ή
674 857 980 928 γαληνότης
1011 858 1168 930 ἡμῶν
1193 858 1441 924 θεσπίζει
1480 864 1576 914 καὶ
1597 860 1922 932 διορίζεται.

413 943 482 1013 γ’.
535 947 637 999 Διὰ
676 948 788 1019 γὰρ
831 948 990 1002 τοῦτο
1049 949 1144 1003 καὶ
1194 953 1593 1022 περιορισμοὺς
1651 951 1925 1023 προϐῆναι

344 1044 730 1114 λεπτομερεῖς,
769 1045 1045 1100 παντοίων
1094 1047 1374 1117 ἀκινήτων
1422 1048 1782 1117 δηλωτικούς,
1831 1051 1927 1102 καὶ

345 1134 454 1186 τῶν
506 1134 564 1186 ὲν
610 1136 795 1199 αὐτοῖς
837 1136 1315 1209 προσκαθημένων
1368 1140 1649 1210 παροίκων
1710 1156 1771 1192 τε
1826 1139 1928 1195 καὶ

347 1226 594 1290 ἐνοίκων,
632 1229 801 1283 ἔτιδὲ
835 1232 929 1284 καὶ
970 1230 1079 1284 τῶν
1140 1234 1200 1284 ὲν
1241 1230 1458 1296 τούτοις
1513 1234 1928 1304 εὑρισκομένων

347 1319 622 1373 παντοίων
649 1321 1021 1392 αὐτουργίων,
1057 1322 1213 1393 παρά
1245 1323 1355 1377 τῶν
1383 1324 1527 1378 κατὰ
1560 1325 1764 1388 τόπους
1794 1326 1928 1379 ἀνα-

347 1411 629 1481 γραφέων,
669 1413 763 1465 καὶ
793 1416 910 1477 ταῖς
946 1414 1170 1468 ἐκείνων
1201 1415 1543 1484 πιστωθῆναι
1573 1417 1925 1487 ύπογραφαῖς

350 1503 440 1556 καὶ
475 1502 552 1574 τῷ
580 1505 742 1575 μέρει
768 1506 865 1576 τῆς
904 1506 1224 1579 ἁγιωτάτης
1277 1509 1544 1580 Μεγάλης
1589 1510 1927 1581 Ἐκκλησίας

349 1594 668 1665 ἐπιδοθῆναι
721 1598 800 1663 εἰς
855 1599 1166 1670 ἀσφάλειαν
1213 1601 1580 1668 αίωνίζουσαν
1618 1604 1681 1657 τὸ
1728 1604 1930 1672 κράτος

350 1687 510 1763 ἡμῶν
534 1689 912 1757 ὲγκελεύεται,
945 1693 1020 1757 ὼς
1043 1694 1110 1748 ἂν
1130 1688 1231 1748 ὦσι
1255 1694 1392 1764 δῆλα
1416 1697 1513 1748 καὶ
1546 1694 1931 1766 ἀναμφίλεκτα

352 1775 666 1847 ξύμπαντα,
701 1783 796 1834 καὶ
822 1783 1098 1852 μηδέποτε
1131 1784 1242 1837 τῶν
1272 1784 1483 1850 καιρῶν
1513 1784 1607 1838 ὑπ’
1636 1785 1928 1856 ἀνάκρισιν

351 1867 574 1936 ἄγοιντο
620 1872 754 1943 παρ’
791 1874 1106 1930 ούτινοσοῦν
1161 1874 1272 1931 τῶν
1324 1876 1470 1932 κατά
1533 1877 1763 1948 καιροὺς
1801 1878 1925 1932 dwa-

352 1960 618 2029 γραφέων
674 1962 707 2033 ἢ
757 1963 1017 2020 ἐποπτῶν
1060 1965 1093 2036 ἢ
1152 1966 1433 2035 ὲξισωτῶν
1465 1968 1560 2022 καὶ
1609 1967 1719 2022 τῶν
1750 1968 1928 2032 ἄλλως

352 2051 774 2123 ἀνερευνώντων
798 2058 868 2112 τὰ
896 2059 1212 2130 δημοσιακά
1239 2077 1255 2094 ο
1285 2061 1403 2116 τῶν
1440 2062 1796 2131 δηλωθέντων
1841 2080 1934 2117 πε-

355 2145 652 2218 ριορισμῶν
685 2151 1208 2224 ὲγκαταστρωθῆναι
1228 2154 1559 2224 ὀφειλόντων
1593 2158 1713 2220 τοῖς
1767 2174 1931 2228 προσ-

352 2237 541 2309 φόροις
567 2241 855 2312 σεκρέτοις
886 2242 954 2297 δι’
983 2245 1219 2316 εἴδησιν.

424 2329 489 2383 δ’.
526 2331 664 2387 Οὐδὲ
691 2334 800 2406 γὰρ
847 2334 1065 2399 ἐξέσται
1111 2338 1222 2391 τινὶ
1261 2338 1471 2395 τούτων
1523 2342 1581 2395 ὲν
1631 2343 1935 2413 οίῳδήποτε

353 2422 535 2495 χρόνῳ
591 2426 714 2478 καθ’
759 2427 1069 2498 οίονδήτινα
1129 2431 1334 2498 τρόπον
1391 2434 1449 2485 ὲν
1497 2436 1613 2499 τοῖς
1666 2435 1935 2501 τοιούτοις

355 2518 525 2572 πᾶσιν
556 2516 848 2590 ἀκινήτοις
879 2520 1231 2591 εἰσέρχεσθαι
1268 2523 1658 2595 ὁπωσδήποτε.
1696 2525 1730 2596 ἢ
1779 2525 1934 2581 ταῦθ’

357 2609 463 2664 ὑπὸ
495 2610 730 2682 ζήτησιν
765 2611 922 2679 ἄγειν
974 2614 1069 2667 καὶ
1108 2614 1363 2681 ἐξέτασιν
1407 2618 1748 2688 οίανδήτινα.
1796 2618 1935 2673 Ἀλλ’

360 2698 482 2752 οὐδὲ
508 2700 861 2770 δικαιώματα
893 2703 985 2756 ἐπὶ
1024 2702 1237 2768 τούτοις
1285 2706 1589 2781 ἐπιζητεῖν,
1630 2708 1689 2759 οὐ
1737 2725 1938 2762 καπνι-

361 2791 456 2845 κδν
508 2793 1013 2865 ἀναλαμόάνεσθαι,
1061 2797 1123 2849 ού
1172 2797 1548 2869 μετρητίκιον,
1606 2800 1711 2870 οὐχ
1750 2800 1939 2871 ἕτερόν

363 2900 418 2937 τι
452 2883 844 2954 οἱονδηποτοῦν
893 2889 1253 2960 φορολόγημα
1287 2890 1368 2953 είς
1418 2890 1614 2962 κέρδος
1651 2892 1767 2954 τοῖς
1803 2892 1938 2947 ἀνα-

367 2976 677 3046 γραφεῦσιν
705 2962 1116 3050 ὲπινδούμενον,
1157 2982 1632 3054 ἀποτρεπομένοις
1665 2987 1734 3056 τῇ
1763 2985 1943 3055 ἐμφα-

366 3068 487 3141 νείει⁴
531 3071 625 3124 καὶ
682 3071 819 3144 μόνῃ
863 3073 959 3128 τοῦ
998 3075 1268 3148 παρόντος
1335 3076 1738 3146 χρυσοϐούλλου
1780 3076 1942 3146 λόγου

365 3158 469 3230 τῆς
507 3159 787 3230 βασιλείας
836 3181 940 3233 μου
983 3165 1077 3220 καὶ
1114 3165 1223 3220 τῶν
1268 3166 1701 3238 προὸησομένων
1749 3183 1942 3239 περιο-
1971 3176 2017 3236 c

372 3252 605 3323 ρισμῶν,
641 3254 716 3319 ὡς
748 3254 1079 3327 διείληπται.

441 3344 507 3399 ε’.
540 3348 698 3401 Πᾶσα
727 3349 785 3402 δὲ
816 3350 1120 3422 πρόσταξις
1157 3352 1442 3422 γεγονυῖα,
1495 3352 1606 3407 εἴτε
1654 3353 1784 3424 περὶ
1833 3354 1942 3407 τῶν

367 3443 904 3513 προαφωρισμένων,
938 3445 1052 3499 εἴτε
1088 3445 1219 3517 περὶ
1250 3444 1610 3516 κλασμάτων,
1646 3446 1760 3501 εἴτε
1808 3446 1945 3518 περὶ

369 3534 750 3605 συμπαθειῶν,
780 3536 889 3589 εἴτε
917 3538 1048 3607 περὶ
1074 3537 1185 3592 τῶν
1232 3538 1342 3592 ἀπὸ
1383 3538 1663 3594 ταπεινῶν
1711 3538 1940 3610 στίχων,

368 3626 485 3681 εἴτε
541 3628 671 3700 περὶ
728 3629 838 3684 τῶν
893 3630 1275 3701 ὑποκειμένων
1315 3632 1440 3693 ταῖς
1500 3634 1797 3702 χαραγαῖς,
1831 3632 1944 3685 εἴτε

370 3721 504 3791 περὶ
538 3721 841 3790 στρατειῶν
874 3722 1420 3792 συμπεπαθημένων,
1459 3722 1562 3777 κᾶν
1602 3721 1676 3794 μὴ
1724 3724 1944 3793 ἀντισή-

372 3826 544 3874 κωσις
573 3810 784 3867 τούτων
810 3811 1049 3880 ἐγένετο,
1099 3812 1213 3866 εἴτε
1247 3814 1380 3884 περὶ
1420 3812 1515 3867 τοῦ
1557 3815 1660 3877 τάς
1704 3814 1948 3879 ἀπόσους

374 3903 451 3973 μὴ
481 3904 738 3987 στέργειν
767 3904 999 3976 δωρεὰς,
1026 3904 1141 3959 εἴτε
1191 3908 1323 3976 περὶ
1368 3906 1698 3976 οίουδήτινος
1755 3907 1947 3979 ἑτέρου

373 3996 677 4064 κεφαλαίου
709 3998 1030 4071 ὲξεφωνήθη
1081 3999 1177 4054 καὶ
1214 3999 1359 4053 κατά
1382 4016 1435 4053 τι
1486 3998 1831 4054 ἐναντιοῦται
1872 3998 1951 4069 τῷ

373 4090 608 4161 παρόντι
635 4091 1018 4162 χρυσοϐούλλῳ
1055 4090 1202 4163 λόγῳ
1226 4091 1323 4161 τῆς
1354 4091 1633 4162 βασιλείας
1667 4109 1792 4162 μου,
1827 4091 1951 4146 ὅσον

372 4184 465 4237 ἐπ’
496 4186 649 4256 αὑτῷ
674 4186 962 4240 ἀποίσεται
990 4186 1051 4241 τὸ
1083 4187 1397 4257 ἀνίσχυρον,
1456 4186 1563 4239 κᾶν
1595 4185 1658 4238 τὸ
1699 4185 1775 4256 μὴ
1816 4187 1951 4239 ἁνα-

372 4275 674 4345 τρέπεσθαι
727 4277 828 4349 ἔχῃ
868 4277 1189 4348 ἐγκείμενον
1243 4279 1301 4331 ὲν
1351 4274 1516 4346 αύτῇ,
1550 4277 1599 4328 εί
1647 4275 1725 4346 μὴ
1772 4277 1954 4346 ῥητῶς

374 4369 671 4440 ὲκφωνηθῇ
705 4383 721 4397 ⁸
754 4371 812 4422 ὲν
844 4368 1179 4439 είδήσειγάρ
1209 4366 1403 4421 πασῶν
1435 4365 1543 4420 τῶν
1563 4366 1954 4437 γεγενημένων

377 4461 730 4533 προστάξεων
785 4459 1108 4531 ήήμετέρα
1163 4458 1512 4528 τυγχάνουσα
1569 4457 1852 4514 θεοσέϐεια
1894 4459 1956 4513 τὸ

377 4554 525 4608 κατά
558 4554 727 4626 μέρος
752 4553 960 4618 ταύτας
994 4536 1494 4623 ἀπαριθμήσᾶσθαι
1518 4552 1796 4623 παρέλκον
1816 4553 1953 4623 ἡγή-

381 4663 538 4715 σατο,
562 4649 658 4701 καὶ
690 4646 769 4710 ὠς
801 4645 1111 4708 ίδιαιτάτως
1136 4641 1542 4714 ἀριθμηθείσας
1583 4645 1678 4697 καὶ
1711 4646 1954 4714 ἀνατρα-

380 4738 580 4801 πείσας
603 4738 727 4791 ὅσον
750 4738 842 4793 ἐπὶ
863 4737 940 4808 τῷ
979 4736 1212 4808 παρόντι
1232 4734 1617 4808 χρυσοσούλλῳ
1647 4735 1793 4807 λόγῳ
1822 4736 1963 4804 λογί-

386 4829 580 4893 ζεσθαι
601 4829 807 4893 ταύτας
837 4827 1089 4893 θεσπίζει
1111 4831 1146 4900 ἡ
1173 4827 1419 4899 βασιλεία
1462 4844 1589 4897 μου.
1655 4826 1798 4881 Ἀλλ’
1838 4828 1963 4883 οὐδὲ

386 4922 730 4993 γενησομένη
754 4922 996 4991 οίαδήτις
1041 4919 1209 4990 ἑτέρα
1230 4918 1526 4991 πρόσταξις
1550 4917 1652 4988 τῆς
1680 4917 1965 4988 παρούσης

386 4997 650 5078 εύσεὸοὖς
707 5014 1027 5085 κατισχύσει
1080 5011 1484 5084 χρυσοὸούλλου
1531 5010 1773 5081 γραφῆς,
1828 5009 1966 5062 ἀλλά

388 5105 619 5177 κάκείνη
646 5108 732 5177 ἐφ’
763 5101 845 5170 οἷς
902 5104 1243 5159 ἐναντιοῦται
1308 5101 1386 5172 τῷ
1432 5100 1666 5171 παρόντι
1713 5099 1819 5168 τῆς
1870 5099 1966 5169 βα-

391 5200 599 5262 σιλείας
636 5216 739 5269 μου
783 5197 1025 5270 ὁρισμῷ,
1061 5197 1187 5250 ὅσον
1241 5195 1331 5249 ἐπ’
1372 5192 1524 5263 αὑτῷ
1569 5192 1630 5247 τὸ
1668 5191 1969 5262 ἀνίσχυρον

393 5289 682 5343 ἀποίσεται
729 5290 824 5343 καὶ
850 5287 1131 5352 ἀϐέϐαιον,
1168 5286 1273 5339 κᾶν
1318 5284 1380 5337 τὸ
1428 5283 1504 5354 μὴ
1539 5281 1615 5353 (9)
1648 5281 1969 5350 ἶάνατρέπε-

397 5385 521 5437 σθαι
551 5383 649 5453 ἔχῃ
701 5380 1022 5450 ἐγκείμενον
1077 5379 1135 5432 ὲν
1181 5378 1319 5445 αὐτῇ
1353 5374 1425 5446 (εί
1459 5374 1538 5445 μὴ
1570 5372 1749 5444 ῥητῶς
1787 5373 1969 5442 ἐκφω-

396 5477 557 5549 νηθῇ)
592 5475 694 5530 κᾶν
720 5474 916 5544 ἑτέραν
939 5469 1204 5536 διάστιξιν
1230 5469 1566 5539 οίανδήτινα.

474 5660 550 5727 (9)
580 5658 702 5713 llaec
738 5655 929 5727 minus
952 5662 1081 5727 apt_e_
1103 5651 1355 5727 dicuntur
1401 5642 1853 5727 deichrysobullis
1913 5641 1966 5727 in

403 5716 679 5798 posterum
740 5716 1151 5798 edemlisﬁulioc
1185 5719 1329 5798 enim
1375 5718 1486 5770 vult
1524 5716 1842 5798 imperator,
1902 5722 1969 5763 ne

405 5787 499 5872 per
531 5798 710 5863 futura
734 5792 1078 5865 chrysobulla
1123 5790 1248 5855 huic
1303 5796 1486 5844 nostro
1509 5787 1796 5856 derogetur
1823 5801 1832 5836 :
1859 5795 1966 5836 non

1218 5899 1278 5951 κ

2024 573 2237 639 insulis,
2273 580 2331 627 ιιι
2365 588 2506 626 nunc
2532 588 2564 625 a
2592 586 2712 625 meo
2748 570 2973 641 imperio
3005 570 3151 637 data,
3189 570 3315 626 etei
3342 584 3605 624 concessa

2026 675 2367 735 reputentur,
2404 680 2499 734 per
2528 674 2847 735 prmseutem
2889 663 3096 716 Bullam
3135 663 3368 718 Auream
3406 670 3607 718 nostra

2024 756 2362 813 serenitatis.

2096 938 2147 993 5.
2183 935 2266 993 0b
2284 953 2402 992 eam
2422 937 2567 990 enim
2598 950 2817 990 causam
2859 944 2911 989 et
2940 942 3164 989 exactas
3190 934 3487 1003 procedere
3514 931 3611 985 dc-

2027 1029 2377 1097 scriptiones.
2406 1044 2527 1098 qua:
2557 1028 2840 1082 declarent
2872 1027 3140 1097 cujusque
3168 1026 3387 1091 generis
3415 1026 3613 1078 immo-

2028 1118 2177 1185 bilia,
2198 1129 2252 1174 et
2278 1121 2367 1188 qui
2388 1120 2467 1173 eis
2484 1129 2742 1188 praesunt,
2767 1118 2987 1172 colonos
3014 1126 3069 1170 et
3092 1116 3484 1181 conductores;
3511 1116 3615 1170 lmc

2031 1209 2283 1279 amplius,
2319 1210 2542 1266 inventa
2575 1210 2631 1264 in
2666 1210 2735 1267 iis
2765 1207 2946 1264 omnis
2983 1206 3201 1278 generis
3234 1206 3351 1263 loca
3377 1206 3613 1274 fertilia;

2031 1320 2059 1357 ιι
2095 1303 2341 1358 locorum
2388 1301 2853 1371 descriptoribus,
2902 1314 3202 1369 eorumque
3258 1297 3618 1368 subscriptio-

2031 1393 2191 1450 nibus
2219 1394 2570 1461 conﬁrmari;
2597 1402 2655 1449 et
2678 1394 2732 1447 in
2760 1402 3078 1464 perpetuam
3103 1391 3456 1447 securitatem
3477 1389 3618 1458 parti

2030 1486 2391 1541 sanctissimae
2416 1485 2624 1557 Magum
2651 1483 2908 1541 Ecclesia:
2931 1483 3070 1539 tradi
3096 1483 3254 1553 iubet
3286 1492 3473 1538 nostra
3504 1496 3620 1535 ma-

2027 1577 2202 1649 iestas
2233 1595 2247 1632 :
2277 1586 2337 1633 ut
2365 1578 2549 1634 omnia
2582 1576 2895 1639 manifesta.
2923 1584 2977 1631 et
3005 1586 3159 1631 extra
3188 1574 3620 1629 controversiam

2033 1668 2233 1739 posita,
2279 1683 2384 1724 nec
2432 1667 2540 1723 ullo
2593 1677 2839 1738 tempore
2885 1668 2940 1721 in
2992 1665 3433 1736 disquisitionem
3466 1679 3624 1719 revo-

2036 1770 2231 1818 centur
2261 1775 2289 1815 a
2324 1760 2725 1829 descriptorum
2758 1775 3032 1829 quoquam
3056 1799 3072 1824 ,
3108 1758 3191 1813 vel
3226 1757 3619 1825 inspectorum,

2030 1852 2114 1909 vel
2139 1860 2596 1921 peraequatornm,
2628 1859 2683 1905 et
2709 1865 2920 1917 eorum,
2944 1851 3036 1920 qui
3074 1848 3234 1904 aliter
3267 1847 3473 1904 liscalia
3495 1863 3622 1917 per-

2031 1952 2344 2000 scrutautur
2373 1941 2777 1997 declaratarum
2814 1939 3268 2009 descriptionum,
3311 1947 3627 2010 competen-

2033 2035 2177 2090 tibus
2205 2033 2431 2090 secretis
2466 2033 2518 2089 in
2562 2030 2802 2088 futuram
2840 2033 2915 2088 rei
2959 2032 3280 2089 memoriam
3326 2032 3616 2086 insinuau-

2035 2131 2245 2183 darum.

2107 2322 2162 2377 4.
2194 2319 2381 2390 Neque
2409 2318 2554 2375 enim
2585 2332 2825 2387 unquam
2873 2331 3063 2372 eorum
3112 2314 3235 2386 quis
3284 2315 3486 2384 poterit
3516 2314 3635 2371 ullo

2036 2413 2200 2469 modo
2229 2410 2444 2483 ingredi
2480 2407 2793 2480 huiusmodi
2829 2406 3149 2471 immobilia,
3179 2412 3276 2460 aut
3301 2418 3364 2460 ea
3405 2404 3460 2458 in
3488 2419 3621 2459 con-

2038 2503 2363 2560 troversiam
2419 2501 2711 2566 deducere,
2763 2509 2817 2554 et
2867 2498 3324 2567 disquisitionem.
3368 2494 3475 2550 Sed
3526 2510 3629 2550 nec

2038 2596 2407 2651 instrumenta
2451 2592 2506 2646 in
2546 2591 2622 2659 iis
2667 2591 2982 2660 requirere,
3035 2602 3140 2643 non
3176 2585 3496 2650 l'umarium,
3540 2583 3629 2641 vel

2041 2688 2378 2745 metreticion
2420 2684 2663 2754 exigere,
2707 2690 2801 2737 aut
2843 2680 3013 2759 aliud
3051 2679 3219 2734 ullum
3260 2676 3495 2748 vectigal
3537 2692 3631 2733 ex-

2042 2782 2339 2852 cogitatum
2364 2780 2417 2833 in
2442 2777 2845 2848 descriptorum
2870 2774 3081 2829 lucrum
3109 2788 3122 2824 :
3152 2771 3243 2842 qui
3272 2768 3629 2840 prohibentur

2043 2873 2416 2930 insinuatione
2459 2871 2574 2940 ipsa
2617 2878 2672 2924 et
2728 2866 2843 2923 sola
2891 2863 3180 2936 praesentis
3223 2862 3417 2918 Aurea:
3461 2860 3630 2916 Bullae

2045 2970 2151 3022 mei
2186 2964 2423 3035 imperii.
2449 2971 2506 3018 et
2535 2959 2992 3030 descriptionum,
3027 2972 3166 3028 quae,
3199 2967 3259 3011 ut
3290 2969 3454 3026 supra
3485 2968 3634 3010 com-

2046 3060 2380 3131 prehensum
2407 3062 2510 3119 est,
2561 3053 2806 3108 valitura:
2840 3058 2986 3128 sunt.

2119 3330 2171 3385 5.
2206 3328 2397 3386 Omnis
2429 3337 2612 3383 autem
2664 3326 2804 3383 facta
2838 3326 3037 3397 iussio,
3068 3294 3281 3382 sive'de
3326 3323 3480 3393 prius
3522 3324 3632 3381 alio

2048 3422 2343 3493 deputatis,
2383 3421 2499 3475 sive
2524 3422 2593 3475 de
2625 3421 2982 3490 fragmentis,
3017 3419 3130 3473 sive
3178 3417 3246 3473 de
3276 3415 3632 3473 commisera-

2052 3516 2314 3582 tionihus,
2358 3515 2474 3570 sive
2508 3513 2574 3568 de
2613 3514 2680 3567 iis
2714 3527 2833 3581 qure
2881 3511 2949 3567 ab
2993 3510 3296 3566 humilibus
3324 3509 3630 3579 ordinibus,

2051 3607 2166 3663 sive
2189 3605 2257 3661 de
2282 3604 2350 3659 iis
2377 3618 2497 3675 quae
2533 3603 2888 3660 incisionibus
2942 3603 3208 3672 subiecta,
3261 3602 3376 3658 sive
3420 3601 3487 3656 de
3529 3601 3634 3656 mi-

2052 3697 2187 3753 litiis
2214 3695 2505 3758 aﬂeetatis,
2532 3694 2660 3750 licet
2686 3694 3062 3761 compensatio
3088 3691 3229 3747 facta
3261 3707 3367 3747 non
3397 3691 3491 3757 sit,
3519 3692 3635 3749 sive

2053 3791 2121 3844 de
2148 3803 2255 3843 non
2300 3784 2701 3857 acquiescendo
2737 3784 2898 3840 factis
2938 3785 3057 3839 sine
3102 3785 3409 3854 quantitate
3457 3784 3632 3840 dona-

2058 3877 2318 3943 tionibus,
2364 3876 2479 3932 sive
2512 3875 2578 3931 de
2623 3889 2948 3945 quacunque
2991 3889 3049 3929 re
3108 3874 3253 3929 edita
3311 3874 3474 3928 fuerit
3511 3874 3629 3944 ius-

2055 3970 2156 4034 sio,
2200 3982 2254 4024 et
2302 3966 2408 4023 ulla
2457 3968 2510 4022 in
2554 3982 2613 4022 re
2654 3974 2913 4037 repugnet
2951 3965 3201 4036 praesenti
3261 3950 3469 4036 imperii
3530 3966 3635 4022 mei

2057 4061 2223 4115 Bulla:
2281 4060 2504 4125 Aurem,
2563 4057 2716 4112 irrita
2777 4056 2913 4122 erit,
2971 4066 3025 4110 et
3085 4054 3509 4111 invalida:etsi
3566 4071 3635 4111 ne

2058 4157 2423 4221 reseindalur,
2454 4155 2507 4208 in
2541 4169 2604 4212 ea
2637 4167 2956 4221 espressum
2989 4151 3060 4206 sit
3101 4168 3116 4205 :
3163 4151 3270 4206 nisi
3309 4151 3635 4206 nominatim

2055 4248 2462 4321 pronuntiatum
2516 4247 2608 4301 sit.
2661 4244 2913 4300 Omnium
2957 4244 3103 4298 enim
3158 4244 3465 4313 iussionum
3516 4258 3638 4312 qum

2059 4337 2218 4393 facta;
2248 4346 2398 4403 sunt,
2431 4335 2680 4391 notitiam
2713 4334 2877 4388 habet
2907 4347 3026 4388 mea
3067 4332 3241 4401 pietas
3269 4348 3284 4386 :
3318 4346 3453 4401 quas
3484 4333 3636 4404 sigil-

2059 4433 2210 4488 latim
2253 4444 2594 4493 enumerare,
2650 4441 3049 4497 supervacuum
3098 4424 3454 4491 existimavit,
3496 4434 3553 4480 et
3580 4436 3640 4480 ut

2065 4522 2363 4593 expressim
2407 4529 2755 4575 enumeratas
2807 4527 2864 4574 et
2908 4532 3151 4583 eversas,
3189 4516 3333 4587 quod
3384 4517 3454 4573 ad
3501 4517 3645 4574 hanc

2064 4617 2256 4671 Aureae
2280 4614 2463 4669 'Bullte
2507 4612 2815 4667 orationem
2856 4609 3076 4675 attinet,
3112 4609 3328 4665 censeri
3359 4610 3645 4666 constituit

2069 4707 2322 4776 maiestas
2350 4719 2490 4760 mea.
2524 4704 2632 4758 Sed
2668 4717 2768 4758 nec
2801 4702 2906 4756 alia
2940 4700 3072 4766 ulla,
3105 4716 3225 4771 quae
3257 4700 3311 4755 in
3365 4710 3644 4771 posterum

2066 4806 2158 4858 ﬁet
2177 4800 2371 4870 iussio,
2414 4798 2537 4854 huic
2557 4799 2663 4869 piae
2688 4798 2975 4868 scripturae
3003 4794 3318 4866 praevalebit
3347 4810 3362 4847 :
3397 4793 3646 4863 quinimo

2066 4905 2120 4951 et
2152 4896 2264 4963 illa,
2306 4901 2577 4964 quatenus
2609 4890 2863 4962 praesenti
2915 4903 3049 4944 meae
3098 4887 3406 4954 maiestatis
3452 4886 3648 4941 delini-

2068 4986 2202 5042 tioni
2244 4984 2586 5050 adversatur,
2625 4983 2781 5037 irrila
2827 4981 2943 5047 ﬁet,
2997 4980 3378 5047 nullarumque
3405 4977 3641 5031 virium:

2070 5080 2227 5144 licel,
2274 5093 2341 5134 ne
2374 5078 2744 5142 subvertatnr,
2796 5074 3041 5144 apposita
3096 5073 3169 5126 sit
3213 5069 3452 5125 clausula
3503 5069 3646 5141 (nisi

2070 5171 2388 5226 nominatim
2429 5172 2834 5241 pronuntiatum
2860 5165 2982 5237 sit),
3023 5172 3117 5219 aut
3148 5161 3351 5233 quaevis
3379 5160 3485 5216 alia
3524 5161 3633 5214 de-

2071 5263 2278 5319 tinctio.

2078 5647 2258 5691 niuem
2309 5635 2437 5696 hoc.
2485 5640 2543 5687 ut
2599 5629 2797 5685 futuris
2847 5619 3212 5696 chrysobullis
3245 5616 3653 5696 tlerogar|__non

2077 5684 2267 5829 ίξέίέξιὲ
2309 5684 2894 5825 Ἰιξιίιίιέιιοςιιιὶοηειιι
2922 5684 3203 5750 delendam
3225 5700 3347 5743 esse
3402 5684 3654 5747 credide-

2077 5794 2200 5831 l'llll.
2276 5814 2289 5828 ι
2324 5792 2355 5828 Α
2418 5804 2455 5826 Δ.

2188 5804 2289 5832 .u-
2324 5804 2355 5828 ﬂ
2397 5804 2455 5826 Ilo
