4014 6390
280 339 379 403 7.39

1342 337 1710 398 NOVELLE
1751 337 2431 400 CUNSTITUTIONES.

3433 346 3540 410 730

280 457 439 523 κί-ῳη
487 454 554 523 τῇ
584 450 677 502 τοῦ
707 451 1032 517 ⁹Ἀντιγόνου,
1063 449 1139 519 τῷ
1191 451 1572 522 Τραγονησίῳ,
1599 455 1663 521 τῇ
1694 453 1856 522 Τερε-

1971 451 2164 515 phunc,
2225 452 2281 502 S.
2341 449 2675 517 Eleutherio,
2727 451 2970 519 Codone,
3023 451 3241 525 Pelago,
3295 453 3548 528 Deipara,

1775 500 1785 522 ι

280 547 476 615 ῦίνθτρ,
520 543 598 614 τῷ
635 543 801 612 Ἀγίῳ
835 542 1056 611 Ἀνδρέᾳ
1079 582 1093 602 ,
1135 542 1212 610 τῷ
1243 541 1412 610 Ἀγίῳ
1453 543 1706 610 Τρύςωνι
1731 586 1744 608 ,
1789 543 1865 611 τῷ

287 639 453 708 ’Λγίῳ
483 635 809 706 Ἐλευθερίῳ
836 634 914 704 τῷ
949 633 1194 695 Κώδωνι,
1224 633 1301 703 τῷ
1336 634 1607 702 Πελαγίῳ,
1639 639 1701 702 τῆ
1738 635 1867 686 Θεο-

281 733 419 798 16.ti
441 770 455 794 ,
491 728 568 797 τῷ
603 726 961 797 Μεσονησίῳ,
997 728 1063 797 τῇ
1101 726 1291 796 ’ἰάτρῳ
1325 727 1416 778 καὶ
1451 726 1528 796 τῷ
1565 727 1728 796 ’Λγίῳ
1765 731 1868 797 Δη-

285 823 516 892 μητρὲῳ,
554 825 649 873 καὶ
684 821 797 881 τοῖς
836 821 894 871 ἐν
928 820 1048 880 ταῖς
1084 819 1310 888 κτήσεσι
1347 819 1456 870 τῶν
1492 820 1731 890 πορτῶν,
1771 822 1865 873 καὶ

281 917 401 984 ἄχρι
429 914 530 980 τῆς
563 913 824 983 περιοχῆς
851 909 944 963 τοῦ
965 909 1189 979 Ἀθύρει,
1222 912 1315 962 καὶ
1348 911 1532 974 ἁπλῶς
1561 915 1671 973 τοῖς
1705 912 1866 983 πέριξ

281 1006 372 1073 τῆς
402 1003 675 1072 βασιλίδος
702 1003 810 1055 τῶν
839 1001 1046 1053 πόλεων
1073 1001 1434 1071 άσκουμένοις
1468 1006 1740 1072 μοναχοῖς,
1771 1005 1864 1054 άν-

281 1096 433 1166 δράσι
461 1111 519 1147 τε
549 1095 641 1147 καὶ
672 1093 920 1162 γυναιξί·
957 1093 1123 1147 πολλὰ
1149 1094 1360 1156 τούτοις
1388 1094 1863 1165 φιλοτιμησαμὲνη

281 1187 497 1256 δίκαια,
535 1187 629 1254 καὶ
664 1185 724 1239 τὸ
763 1186 1104 1239 ἀδιάσειστον
1141 1187 1321 1250 αὐτοῖς
1363 1187 1732 1256 δωρησαμένη
1769 1187 1864 1240 ἐπὶ

378 1279 581 1347 κατοχῇ
617 1277 714 1329 καὶ
743 1275 1031 1348 δεσποτεία
1061 1276 1168 1329 τῶν
1202 1278 1475 1346 ἀκινήτων
1506 1279 1613 1329 τῶν
1648 1277 1752 1330 άπό
1783 1295 1862 1329 τι-

282 1383 383 1417 νων
415 1366 802 1433 δικαιωμάτων
828 1365 1192 1435 διαφερόντων
1223 1364 1453 1430 τούτοις,
1484 1366 1666 1427 καθὼς
1695 1370 1719 1418 ό
1749 1383 1862 1418 τοι-

281 1456 433 1517 οῦτος
468 1455 864 1526 χρυσόϐουλλος
895 1455 1050 1523 λόγος
1071 1455 1408 1526 πλατύτερον
1444 1457 1616 1509 ταῦτα
1666 1458 1863 1521 διέξειο

284 1566 383 1602 σιν.
419 1547 572 1600 Ἐπεὶ
602 1547 658 1601 δὲ
690 1548 815 1610 τοὺς
845 1548 1182 1618 θηρολέκτας
1211 1547 1311 1602 οὐκ
1338 1543 1405 1619 ἦν
1437 1550 1690 1619 ἡρεμεῖν⁷
1726 1548 1863 1602 ἀλλὰ

283 1641 356 1711 τῷ
389 1639 484 1694 τοῦ
519 1640 784 1710 δημοσίου
824 1641 1177 1711 προσχήματι
1214 1641 1441 1710 βαρεῖαν
1499 1642 1710 1705 τούτοις
1763 1643 1863 1694 ἐπ-

280 1734 416 1803 ῆγον
433 1725 579 1785 οὗτοι
598 1731 696 1801 τὴν
729 1731 992 1797 κάκωσιν,
1027 1735 1060 1802 ἡ
1101 1732 1345 1802 βασιλεία
1384 1751 1484 1801 μου
1522 1733 1637 1803 ἅμα
1677 1733 1774 1801 μὲν
1807 1733 1867 1785 τὺ

283 1826 424 1877 θεῖον
453 1823 798 1895 ὲξευμενίσαι
828 1823 1103 1894 θελήσασα
1131 1824 1224 1876 καὶ
1252 1824 1640 1888 ἑξιλεὼσασθαι
1674 1825 1756 1893 ἐφ’
1784 1824 1864 1890 οἷς
1900 1797 1939 1854 Β

282 1913 355 1975 ὡς
390 1912 679 1982 ἄνθρωπος
709 1911 887 1982 τούτῳ
922 1912 1388 1982 προσκέκρουκεν,
1427 1913 1544 1982 ἅμα
1577 1914 1633 1967 δὲ
1674 1914 1861 1982 βουλο-

284 2003 420 2073 μένη
465 2001 561 2056 καὶ
600 2003 730 2066 τοὺς
771 2002 1106 2073 στρατιώτας
1147 2003 1240 2056 τοῦ
1290 2004 1526 2072 μεγάλου
1575 2006 1859 2074 βασιλέως,

281 2092 521 2163 Χριστοῦ
564 2092 844 2162 δηλονότι,
887 2094 1016 2157 τοὺς
1059 2094 1126 2147 δι’
1148 2096 1310 2148 αὑτὸν
1350 2096 1442 2148 τὸν
1493 2098 1702 2168 μονήρη
1751 2098 1863 2167 βίον

282 2185 679 2256 προελομένους
718 2187 815 2240 καὶ
851 2187 951 2258 τὴν
992 2188 1292 2244 πανοπλίαν
1335 2191 1727 2260 ἐνδυσαμένους
1767 2191 1860 2244 τοῦ

283 2277 621 2349 πνεύματος,
654 2279 976 2350 συμμάχους
1009 2281 1151 2352 ἔχειν
1183 2282 1276 2335 καὶ
1309 2285 1676 2347 συνασπιστᾶς
1710 2287 1864 2356 taxo-

285 2372 410 2440 ρους
441 2371 583 2424 κατὰ
615 2372 722 2423 τῶν
755 2373 1051 2443 ὁρωμένων
1087 2373 1180 2426 καὶ
1217 2375 1466 2444 ἀοράτων
1501 2376 1710 2447 ἐχθρῶν
1736 2395 1748 2408 ο
1786 2378 1863 2450 τῷ

280 2462 469 2531 ἀγαθῷ
505 2463 700 2534 ἐκείνῳ
737 2463 971 2534 θεμελίῳ
1005 2465 1100 2518 καὶ
1134 2464 1329 2534 ὄροφον
1362 2467 1629 2520 ἐπιθεῖναι
1666 2469 1862 2524 ἀνάλο-

280 2573 374 2624 γον
409 2557 720 2628 ᾑρετίσατο,
757 2560 851 2609 καὶ
885 2550 975 2610 τὸν
1010 2558 1250 2627 παρόντα
1286 2559 1678 2627 χρυσόϐουλλον
1726 2561 1862 2613 ἀπο-

279 2649 502 2701 λέλυκεν
550 2649 818 2715 εὐλόγως,
876 2648 943 2700 δι’
972 2643 1032 2702 οὗ
1084 2650 1329 2713 θεσπίζει
1381 2652 1471 2702 καὶ
1525 2651 1859 2721 διορίζεται,

283 2741 456 2793 πάντα
481 2740 551 2793 τὰ
581 2741 820 2811 σήμερον
849 2740 1123 2811 νεμόμενα
1150 2741 1381 2812 ἀκίνητα
1414 2745 1562 2812 παρὰ
1589 2743 1695 2796 τῶν
1724 2745 1863 2798 ἄνω-

281 2832 372 2884 Θεν
400 2831 816 2902 άριθμηθέντων
849 2831 1228 2901 μοναστηρίων
1259 2833 1290 2901 ἢ
1327 2833 1417 2884 καὶ
1449 2833 1863 2903 ὴσυχαστηρίων

280 2925 314 2993 ἢ
355 2925 450 2978 καὶ
491 2923 923 2994 ἀναχωρητικῶν
956 2923 1184 2976 κελλίων
1221 2923 1251 2993 ἢ
1293 2923 1510 2992 λαυρῶν
1544 2924 1637 2976 καὶ
1677 2924 1864 2988 ἁπλῶς

280 3015 719 3084 κατοικητηρίων
753 3013 1084 3083 μοναχικῶν,
1115 3012 1217 3065 κᾶν
1248 3013 1344 3084 οἵῳ
1373 3013 1438 3066 ἂν
1469 3014 1717 3067 καλοῖντο
1749 3016 1864 3067 ὀνό-

1977 542 2276 594 M=-suttesin
2311 541 2475 606 latro,
2511 541 2753 609 Medicae,
2802 553 2856 598 et
2896 546 3096 602 Sancto
3141 549 3445 616 Demetrio;
3495 559 3552 605 et

1972 635 2036 684 iis
2075 650 2193 701 qnzP.
2231 645 2353 686 sunt
2391 635 2439 686 in
2477 636 2806 691 suburbanis
2854 647 3154 705 portarum,
3199 650 3252 693 et
3283 656 3450 708 usque
3481 641 3551 695 ad

1969 725 2306 792 complexum
2345 725 2603 794 Athyrae;
2661 735 2715 781 et
2765 728 2848 792 (ut
2896 730 3060 783 semel
3117 729 3310 800 dicam)
3343 731 3410 785 iis
3457 733 3549 798 qui

1968 817 2329 870 circumcirca
2372 819 2614 888 reginam
2657 819 2942 874 civitatum
2980 832 3326 888 exercentur,
3366 840 3553 877 mona-

1968 906 2105 969 chis,
2143 907 2299 970 viris,
2356 916 2413 961 et
2465 907 2833 962 mulieribus:
2869 912 3035 962 multa
3089 910 3153 964 iis
3198 911 3318 979 jura
3362 913 3550 982 largita

1967 1007 2070 1058 est,
2095 1010 2147 1050 et
2183 999 2232 1050 in
2267 998 2626 1054 immobilium
2661 1003 3008 1068 possessione
3039 1017 3101 1056 ac
3139 1004 3401 1070 dominio,
3432 1021 3549 1074 qua:

1968 1089 2290 1156 quibusdam
2319 1089 2536 1160 juribus
2569 1090 2636 1144 ad
2670 1106 2764 1145 eos
2797 1092 3092 1160 pertinent,
3133 1092 3342 1146 firmam
3374 1103 3428 1147 et
3464 1097 3547 1147 in-

1967 1197 2288 1234 concussam
2316 1182 2722 1250 possessionem
2750 1184 3062 1252 concessit;
3095 1189 3546 1254 quemadmodum

1966 1274 2146 1326 Aurea
2182 1274 2330 1328 Bulla
2370 1277 2485 1330 Ιιαιο
2521 1275 2694 1331 fusius
2735 1279 3104 1346 persequitur.
3156 1278 3260 1333 Sed
3294 1281 3548 1348 quoniam

1967 1366 2311 1419 cavillatores
2341 1367 2627 1436 quiescere
2664 1383 2770 1420 non
2803 1377 3116 1436 potuerunt,
3159 1371 3250 1423 sed
3285 1371 3395 1424 fisci
3429 1369 3550 1443 [seu

1968 1456 2204 1529 publici]
2247 1468 2509 1527 praetexui
2563 1459 2644 1513 eis
2693 1475 2910 1530 gravem
2961 1459 3307 1514 aﬂlictionem
3351 1461 3548 1515 intule-

1970 1557 2096 1601 runt
2139 1565 2153 1601 :
2189 1548 2488 1616 impcrialis
2540 1563 2655 1602 mea
2707 1550 2965 1618 maiestas
3021 1549 3188 1604 Deum
3239 1551 3454 1618 placare
3497 1558 3552 1604 ct

1973 1642 2262 1709 propitium
2297 1639 2506 1695 clliccre
2538 1641 2724 1698 volens
2750 1680 2764 1706 ,
2814 1642 2882 1695 ob
2917 1658 2978 1694 ea
3007 1659 3125 1711 qua:
3166 1644 3220 1696 in
3270 1643 3442 1710 ipsum
3493 1653 3554 1698 ut

1972 1734 2134 1786 homo
2169 1733 2427 1795 oﬂ‘cndit;
2464 1734 2622 1786 simul
2668 1736 2830 1787 etiam
2865 1736 3050 1789 volens
3091 1738 3268 1805 magni
3319 1737 3552 1804 impera-

1971 1827 2123 1887 toris,
2150 1824 2352 1879 Christi
2383 1826 2611 1888 scilicet,
2641 1826 2863 1891 milites,
2889 1827 2979 1896 qui
3008 1827 3169 1880 vitam
3201 1827 3551 1880 monasticam

1969 1897 2186 1984 propter
2237 1917 2408 1986 ipsum
2466 1917 2764 1986 elegerunt,
2821 1925 2874 1970 et
2924 1917 3163 1987 Spiritus
3215 1927 3548 1970 armaturam

1970 2009 2280 2071 induerunt,
2312 2011 2488 2061 SOl'inS
2521 2009 2749 2072 habere,
2783 2016 2837 2061 et
2869 2017 3120 2061 strenuos
3152 2007 3550 2061 commilitones

1968 2101 2231 2154 adversus
2269 2102 2452 2153 hostes
2505 2110 2610 2150 tam
2664 2100 2752 2166 qni
2807 2099 3076 2162 videntur,
3111 2115 3270 2168 quam
3308 2099 3398 2164 qui
3443 2086 3553 2150 noti

1967 2193 2252 2255 videntur",
2315 2193 2456 2244 bono
2514 2191 2586 2243 illi
2633 2191 2986 2245 fundamento
3045 2201 3240 2244 tectum
3295 2205 3548 2260 quoque,

1967 2283 2319 2350 proportione
2351 2283 2704 2345 conveniens,
2739 2282 3019 2351 imponere
3053 2282 3260 2348 voluit,
3307 2293 3359 2334 et
3406 2299 3550 2351 prte—

1969 2386 2177 2429 sentem
2221 2375 2452 2427 Auream
2505 2373 2711 2427 Bullam
2758 2390 2817 2428 ea
2867 2391 2934 2428 ex
2989 2390 3149 2428 causa
3203 2375 3402 2438 edidit;
3455 2390 3551 2444 pcr

1967 2483 2128 2536 quam
2156 2468 2348 2519 statuit
2375 2475 2424 2518 et
2451 2466 2662 2529 definit,
2689 2466 2868 2518 omnia
2897 2464 3212 2525 immobilia,
3245 2482 3362 2532 quae
3391 2466 3550 2518 hodie

1968 2562 2036 2614 ab
2069 2559 2405 2613 enumeratis
2456 2559 2804 2614 monasteriis
2862 2558 3226 2624 possidentur,
3269 2558 3350 2610 vel
3382 2559 3548 2610 etiam

1969 2668 1996 2704 a
2052 2652 2293 2716 scholis,
2348 2661 2400 2704 et
2451 2650 2854 2704 anachoreticis
2914 2647 3166 2712 cellulis,
3226 2648 3308 2700 vel
3363 2649 3548 2706 lauris,

1970 2754 2018 2797 et
2049 2744 2274 2797 Omnino
2310 2735 2354 2794 a~
2375 2741 2691 2795 monasticis
2727 2740 3077 2804 habitaculis,
3108 2754 3430 2808 quocunque
3461 2755 3554 2790 no-

1974 2838 2117 2889 mine
2140 2845 2419 2899 vocentur,
2447 2835 2738 2904 paroecias,
2763 2836 3004 2895 colones,
3030 2833 3552 2902 prtetlia,rncrcatus,

1973 2928 2197 2988 tributa,
2234 2926 2535 2995 vectigalia,
2575 2926 2741 2989 lucus,
2787 2924 3032 2998 lluntina,
3065 2924 3192 2991 jura
3252 2925 3544 2986 maritima,

1969 3030 2021 3071 et
2064 3019 2142 3087 (nt
2175 3017 2343 3068 semel
2375 3015 2573 3084 dicam)
2609 2999 3098 3088 .qumicunqne-jus
3129 3015 3178 3067 in
3205 3016 3551 3084 passeSsione

286 3125 436 3176 ματι,
466 3107 592 3170 τούς
615 3124 675 3159 τε
702 3107 1018 3175 παροίκους,
1046 3107 1116 3160 τὰ
1142 3106 1466 3177 αὐτούργια,
1496 3109 1593 3172 τὰς
1621 3106 1864 3175 πανηγύ-

1970 3107 2231 3161 immobili
2283 3107 2681 3170 consideratur,
2720 3117 2772 3160 et
2807 3106 2857 3159 in
2892 3120 3216 3174 quocunque
3245 3105 3362 3158 loco
3385 3105 3545 3159 situm

283 3216 418 3268 ρεις,
461 3200 592 3262 τοὺς
632 3199 852 3270 φόρους,
894 3199 1021 3260 τοὺς
1062 3200 1288 3270 πόρους,
1331 3200 1428 3262 τὰς
1471 3198 1687 3269 λίμνας,
1735 3200 1860 3262 rei);

283 3293 591 3362 ποταμοὺς,
626 3291 695 3342 τά
729 3289 997 3342 θαλάσσια
1030 3289 1245 3355 δίκαια,
1284 3290 1377 3343 καὶ
1410 3289 1684 3359 καθολικῷ
1719 3291 1862 3360 λόγῳ

281 3379 661 3452 οἷονδηποτοῦν
692 3381 902 3434 δίκαιον
932 3381 990 3432 ὲν
1025 3381 1303 3451 ἀκινήτοις
1337 3382 1582 3452 κτήμασι
1621 3381 1862 3449 θεωρού-

287 3491 447 3543 μενον
473 3477 567 3526 καὶ
592 3475 648 3527 ὲν
673 3473 942 3544 οίῳδήτινι
990 3472 1140 3542 τόπῳ
1163 3472 1504 3543 διακείμενον
1536 3473 1664 3544 παρ’
1682 3473 1863 3526 αὐτῶν

285 3565 650 3635 κατεχόμενον
683 3563 806 3627 νῦν,
843 3564 926 3632 ἐφ’
953 3556 995 3629 ᾧ
1028 3562 1270 3632 δηλονότι
1309 3564 1470 3633 μέχρι
1506 3565 1598 3616 τοῦ
1635 3564 1729 3617 νῦν
1764 3566 1864 3617 οὐκ

283 3655 434 3723 ἐδόθη
467 3653 678 3714 τούτοις
707 3653 995 3719 διάγνωσις
1027 3652 1180 3720 παρὰ
1207 3652 1314 3704 τῶν
1344 3653 1484 3705 κατὰ
1516 3652 1699 3724 χώραν
1735 3654 1866 3707 ἁνα-

281 3742 538 3809 γραφέων
572 3739 632 3792 τὸ
665 3738 757 3791 τοῦ
795 3738 1055 3809 δημοσίου
1099 3739 1264 3809 μέρος
1303 3741 1393 3792 ἐπὶ
1427 3739 1603 3809 τούτῳ
1644 3741 1865 3811 προσδι-

283 3834 536 3897 καιοῦσα,
565 3831 711 3903 ἔχειν
736 3832 834 3892 τὰς
864 3831 1121 3901 ῥηθείσας
1158 3831 1324 3900 μονάς
1355 3833 1496 3885 κατὰ
1526 3832 1749 3902 διηνεκῆ
1777 3831 1866 3883 δε-

286 3926 541 3978 σποτείαν
586 3925 659 3986 ὡς
704 3924 874 3994 δῶρον
918 3925 1012 3977 καὶ
1061 3924 1404 3993 φιλοτίμημα
1444 3925 1542 3994 τῆς
1590 3925 1866 3994 βασιλείας

287 4035 408 4081 μου.
437 4017 533 4072 καὶ
562 4015 844 4078 δεσπόζειν
869 4014 1050 4068 αὐτῶν
1077 4017 1154 4077 εἰς
1182 4016 1308 4076 τοὺς
1339 4016 1464 4084 ἑξῆς
1496 4015 1742 4078 ἅπαντας
1773 4016 1867 4068 καὶ

283 4108 552 4178 διηνεκεῖς
582 4106 827 4176 χρόνους,
860 4108 962 4160 κᾶν
990 4106 1228 4174 εὐλόγως
1257 4106 1359 4160 κᾶν
1386 4109 1714 4177 παραλόγως
1745 4107 1868 4158 τού-

283 4216 387 4251 των
419 4197 544 4250 τινὰ
581 4198 613 4268 ἢ
649 4198 717 4250 τὰ
750 4197 840 4251 ὅλα
881 4198 1010 4260 ἴσως
1044 4197 1146 4259 ἕως
1183 4199 1273 4250 τοῦ
1311 4199 1405 4250 νῦν
1441 4203 1724 4268 κατεῖχον,
1764 4200 1867 4250 κάν

283 4289 400 4358 δίχα
447 4289 593 4351 τινὸς
633 4287 1032 4357 δικαιώματος,
1076 4289 1109 4358 ἢ
1156 4290 1264 4342 ἀπὸ
1307 4290 1695 4360 δικαιωμάτων
1744 4291 1863 4357 μὲν,

283 4382 470 4455 κακῶς
514 4381 572 4432 δὲ
621 4381 854 4450 ἐχόντων
982 4382 1194 4450 ψευδῶς
1245 4383 1632 4435 συντεθέντων.
1684 4381 1867 4433 Πάντα

1967 3199 2059 3257 sit,
2086 3197 2139 3250 in
2173 3211 2280 3264 quo
2314 3195 2525 3249 scilicet
2553 3195 2658 3248 huc
2693 3209 2864 3261 usque
2909 3210 3014 3247 non
3049 3194 3170 3246 data
3207 3203 3292 3247 est
3329 3194 3409 3248 eis
3452 3196 3546 3247 de-

1969 3291 2174 3344 notatio
2203 3303 2294 3341 seu
2323 3287 2626 3356 designatio
2655 3287 2718 3339 ab
2747 3286 2836 3350 iis,
2863 3286 2952 3354 qui
2987 3295 3114 3339 sunt
3140 3286 3191 3338 in
3216 3301 3277 3340 ea
3303 3285 3546 3354 regione,

1966 3397 2162 3436 census
2203 3380 2652 3447 descriptoribus,
2681 3391 2800 3448 quae
2833 3378 3021 3432 fiscum
3057 3379 3109 3432 in
3145 3378 3209 3432 iis
3235 3377 3323 3446 jus
3349 3377 3552 3432 habere

1967 3474 2303 3542 comprobet,
2335 3473 2536 3526 habere
2580 3472 2757 3525 dictas
2799 3470 3113 3525 mansiones
3156 3480 3414 3540 perpetuo
3452 3470 3550 3524 do-

1970 3566 2157 3628 minio,
2187 3575 2245 3617 ut
2275 3562 2487 3632 imperii
2518 3562 2621 3616 mei
2653 3563 2850 3616 donum
2893 3570 2947 3616 et
2988 3560 3210 3614 liberale
3252 3575 3468 3623 munus,
3499 3571 3554 3612 et

1968 3656 2046 3711 eis
2069 3656 2322 3722 deinceps
2342 3668 2558 3722 semper
2590 3653 2643 3706 in
2671 3659 2998 3720 perpetuum
3024 3651 3316 3716 dominari,
3340 3649 3551 3705 etiamsi

1970 3746 2230 3818 probabili
2263 3746 2342 3799 vel
2374 3760 2474 3797 non
2501 3744 2767 3813 probabili
2801 3745 2865 3796 de
2896 3758 3058 3797 causa
3106 3757 3294 3797 eorum
3349 3741 3548 3811 aliqua,

1970 3839 2052 3894 vel
2091 3840 2251 3892 etiam
2284 3838 2517 3893 fortasse
2554 3835 2735 3890 omnia
2787 3835 2894 3890 huc
2944 3849 3115 3903 usque
3165 3834 3548 3898 detinuerunt;

1970 3929 2054 3984 vel
2087 3930 2247 3982 etiam
2275 3931 2392 3982 sine
2426 3927 2533 3980 ullo
2566 3926 2738 3991 titulo,
2772 3927 2854 3978 vel
2888 3940 2952 3979 ex
2995 3925 3152 3978 titulo
3184 3926 3432 3992 quidem,
3456 3923 3549 3976 sed

1971 4022 2061 4089 qui
2099 4019 2236 4072 male
2269 4033 2326 4071 se
2359 4018 2540 4080 habet,
2572 4016 2656 4069 vel
2682 4023 2764 4068 est
2807 4015 3039 4068 fortasse
3087 4013 3220 4067 falso
3265 4013 3547 4066 conlicms.

1970 4111 2160 4163 Omnia
2204 4110 2372 4171 enim,
2401 4123 2518 4175 quae
2562 4107 2629 4161 ab
2677 4107 2810 4176 ipsis
2861 4106 2913 4158 in
2959 4118 3286 4174 quacunque
3335 4104 3552 4172 regione

1971 4203 2334 4272 possidentur,
2387 4202 2438 4253 in
2479 4199 2704 4253 Oriente
2755 4207 2809 4250 et
2845 4197 3160 4258 Occidente,
3209 4196 3323 4250 sive
3368 4210 3434 4248 ex
3485 4194 3552 4248 iis

1971 4294 2061 4363 qui
2089 4308 2151 4347 eo
2188 4305 2428 4361 tempore
2459 4290 2938 4353 administrabant,
2960 4286 3408 4356 imperatoribus,
3437 4285 3553 4340 sive

1973 4388 2080 4440 sint
2109 4403 2173 4440 ex
2209 4385 2548 4451 fragmentis,
2579 4385 2692 4437 sive
2720 4397 2783 4437 ex
2813 4383 3408 4447 commiscrationibus,
3435 4382 3552 4436 sive

283 4469 391 4537 γὰρ
417 4467 488 4519 τά
520 4467 651 4535 παρ’
695 4467 874 4520 αὐτῶν
909 4469 1250 4536 κατεχόμενα
1280 4470 1336 4520 ὲν
1369 4469 1640 4538 οἰῳδήτινι
1673 4467 1866 4537 θέματι

1972 4494 2002 4534 e
2031 4479 2149 4532 loco
2200 4478 2379 4538 motis,
2413 4475 2496 4529 vel
2532 4475 2770 4537 caducis,
2809 4475 2890 4528 vel
2922 4491 2984 4528 ex
3019 4474 3214 4527 vilibus
3257 4489 3375 4541 qua:
3417 4487 3551 4543 pen-

282 4560 425 4613 κατά
455 4576 514 4612 τε
539 4559 700 4611 Δύσιν
735 4560 830 4611 καὶ
863 4559 1174 4630 Ἀνατολὴν,
1210 4562 1314 4614 κᾶν
1347 4562 1406 4625 ἐξ
1448 4561 1629 4614 αὐτῶν
1664 4562 1744 4624 εἰς
1781 4561 1870 4612 ὲν-

281 4652 542 4721 διαίτημα
580 4650 688 4705 τῶν
728 4651 873 4705 κατὰ
906 4653 1004 4722 τὴν
1039 4655 1255 4725 ἡμέραν
1291 4654 1578 4722 βασιλέων,
1617 4654 1723 4707 κᾶν
1763 4653 1871 4706 άπὸ

283 4743 617 4812 κλασμάτων
649 4737 772 4808 ὦσι,
800 4743 900 4796 κᾶν
932 4744 1041 4797 ἀπὸ
1073 4745 1448 4813 συμπαθειῶν,
1477 4745 1510 4814 ἢ
1544 4747 1870 4813 ἁκοκεκινη-

285 4837 497 4905 μένων,
536 4835 570 4906 ἢ
608 4834 960 4899 ὁλοπτώτων,
1002 4835 1037 4906 ἢ
1075 4836 1184 4889 ἀπὸ
1219 4837 1492 4891 ταπεινῶν
1531 4837 1870 4906 τελουμένων

281 4926 528 4996 διαρίων,
568 4927 600 4996 ἢ
648 4927 756 4979 ἀπὸ
794 4929 1070 4979 ταπεινῶν
1115 4928 1658 4997 κλασματισθέντων,
1701 4927 1734 4996 ἢ
1777 4926 1872 4980 καὶ

281 5021 530 5081 δυνατοῖς
560 5018 971 5089 διαπραθέντων
1000 5020 1033 5089 ἢ
1061 5020 1393 5086 τούναντίον,
1427 5021 1460 5090 ἢ
1493 5022 1552 5086 ἐξ
1580 5019 1869 5090 ὀρθώσεων

282 5112 470 5174 κακῶς
502 5110 802 5180 γεγονυιῶν
834 5111 1204 5180 διαπράσεων,
1242 5112 1344 5164 κᾶν
1379 5115 1436 5164 ἐν
1468 5113 1650 5175 ἄλλοις
1683 5112 1871 5174 τόποις

281 5203 574 5270 ὁρισθέντα
602 5200 1006 5274 δωρηθῆναιιὲιν
1038 5201 1220 5268 ἄλλοις
1251 5201 1631 5272 παρεδόθησαν
1651 5243 1664 5265 ,
1699 5202 1731 5272 ἢ
1766 5202 1868 5260 δωτ

285 5291 523 5360 ρηθέντα
547 5291 611 5343 οὐ
639 5290 1044 5360 παρεδόθη-σαν,
1072 5292 1104 5361 ἢ
1137 5292 1516 5360 παραδοθέντα
1541 5293 1640 5344 οὐκ
1667 5293 1871 5362 ἐδωρή-

280 5385 490 5453 θησαν,
527 5383 560 5452 ἢ
598 5382 717 5434 καθ’
745 5383 930 5452 ἕτερόν
966 5401 1086 5438 τινα
1119 5383 1277 5450 λόγον
1313 5384 1498 5446 κακῶς
1534 5384 1663 5454 παρ’
1691 5386 1870 5437 αὐτῶν

279 5476 629 5543 κατέχονται,
649 5474 1001 5542 ἁδιασείστως
1029 5476 1122 5532 καὶ
1138 5475 1721 5545 άπολυπραγμονήτως
1740 5493 1872 5528 κατ-

279 5565 509 5634 έχεσθαι
577 5564 727 5634 παρὰ
759 5565 868 5618 τῶν
902 5565 1171 5634 ρηθεισῶν
1205 5567 1394 5618 πασῶν
1432 5568 1609 5636 μονῶν
1643 5569 1674 5636 ἡ
1714 5567 1869 5636 βασι.

278 5657 399 5710 λεία
446 5673 551 5724 μου
599 5654 846 5725 βούλεται
895 5658 973 5720 είς
1017 5657 1109 5710 τὸν
1152 5658 1326 5711 αἰῶνα
1368 5658 1458 5711 τὸν
1507 5659 1752 5723 ἅπαντα,
1793 5658 1869 5721 ὡς

276 5748 452 5818 δῶρον
487 5746 589 5816 τῆς
628 5746 905 5816 βασιλείας
949 5765 1050 5818 μου
1097 5750 1191 5801 καὶ
1231 5748 1466 5831 καθαρδν
1506 5749 1864 5820 φιλοτίμημα.

1978 4573 2176 4624 duntur
2223 4568 2428 4633 diariis,
2461 4566 2541 4620 vel
2591 4581 2653 4619 ex
2705 4566 2910 4619 viribus
2961 4564 3268 4619 calamitate
3313 4564 3551 4626 vexatis,

1975 4663 2059 4715 vel
2091 4661 2158 4714 iis
2189 4674 2309 4728 quae
2339 4675 2365 4710 a
2411 4658 2721 4727 potentibus
2753 4656 2964 4711 vendita
3003 4669 3151 4722 sunt,
3201 4653 3284 4709 vel
3329 4663 3550 4718 contra,

1975 4752 2056 4807 vel
2085 4767 2148 4805 ex
2181 4749 2516 4805 cerrectione
2553 4749 2692 4801 male
2733 4747 2999 4802 factarum
3025 4747 3434 4812 venditionum;
3477 4757 3549 4810 et,

1973 4842 2019 4897 si
2048 4841 2168 4894 aliis
2199 4841 2251 4893 in
2287 4839 2417 4891 locis
2452 4838 2598 4906 iussa
2630 4838 2768 4900 dari,
2807 4838 2861 4890 in
2895 4835 3017 4889 aliis
3050 4833 3246 4888 tradita
3282 4842 3429 4899 sunt,
3468 4830 3553 4884 vel

1974 4936 2192 4996 donata,
2241 4947 2342 4984 non
2397 4931 2594 4983 tradita
2629 4938 2792 4994 sunt;
2838 4927 2922 4981 vel
2952 4927 3172 4990 tradita,
3206 4928 3401 4978 donata
3446 4937 3551 4976 non

1973 5034 2138 5088 Sunt;
2173 5027 2252 5076 vel
2286 5023 2475 5090 quovis
2510 5021 2613 5073 alio
2662 5021 2821 5074 modo
2853 5019 2991 5073 male
3025 5018 3091 5071 ab
3131 5017 3262 5086 ipsis
3302 5015 3553 5068 detinen-

1975 5129 2090 5180 tur;
2129 5117 2453 5170 inconcusse
2501 5121 2555 5167 et
2599 5113 2748 5166 nullo
2801 5112 3022 5181 negotio
3080 5110 3161 5164 eis
3208 5106 3473 5170 exhibito,
3517 5118 3549 5159 a

1973 5210 2132 5264 dictis
2163 5207 2502 5261 monasteriis
2532 5205 2645 5259 vult
2683 5219 2861 5258 meum
2889 5201 3173 5272 imperium
3214 5214 3276 5254 ea
3304 5200 3356 5252 in
3388 5205 3554 5252 teter-

1973 5316 2101 5354 num
2138 5299 2424 5368 possideri,
2472 5307 2528 5353 ut
2571 5297 2796 5370 [meum]
2845 5298 2947 5350 mei
2999 5295 3210 5363 imperii
3258 5293 3482 5358 donum,
3518 5307 3549 5346 ιι

1977 5407 2124 5448 mera
2162 5391 2492 5445 liberalitate
2534 5401 2586 5442 et
2628 5389 2995 5442 munificentia
3047 5386 3370 5456 profectum.
3411 5382 3548 5437 Cum

1977 5487 2120 5539 cnim
2149 5485 2261 5539 sola
2300 5498 2441 5537 nunc
2484 5483 2620 5550 apud
2656 5481 2802 5550 ipsos
2834 5479 3190 5533 immobilium
3240 5476 3553 5530 inveniatur

1978 5573 2234 5634 detentio,
2279 5584 2402 5638 quae
2435 5582 2532 5636 pro
2579 5567 2724 5620 omni
2773 5565 2927 5619 titulo
2957 5565 3117 5618 debet
3153 5563 3231 5619 eis
3263 5560 3548 5629 sulIicere,

1974 5675 2055 5718 est
2083 5676 2542 5730 supervacaneum
2567 5659 2631 5714 de
2656 5659 2781 5712 ullis
2809 5660 2930 5713 aliis
2958 5657 3173 5711 curiose
3198 5653 3551 5723 investigare.

1978 5757 2029 5809 In
2056 5754 2308 5810 erunibus
2335 5753 2499 5818 enim,
2523 5767 2641 5818 qnze
2676 5752 2830 5807 hodie
2862 5750 3159 5815 possident,
3189 5756 3550 5814 prtetcrquam
