4014 6428
403 401 506 466 ’ἰ31

1647 407 1700 465 Μ
1718 404 2043 466 ιΧΝυΕΙιῐδ
2085 402 2428 464 COMNENI

3563 394 3674 460 732

405 518 459 570 in
489 522 578 585 iis,
605 517 657 571 in
687 517 884 587 quibus
916 532 944 570 a
977 516 1177 588 publici
1211 532 1410 573 census
1451 518 1502 572 in
1535 534 1598 573 ea
1632 522 1851 589 regione
1885 519 1980 571 dc-

2114 518 2267 587 Ιόνης
2305 517 2413 588 γὰρ
2447 517 2544 585 τῆς
2581 516 2707 588 παρ’
2735 515 2917 580 αὐτοῖς
2955 515 3350 588 εὑρισκομένης
3386 512 3481 566 νῦν
3517 531 3684 566 κατο-

402 609 761 679 scriptoribus
799 609 1124 664 documenta
1156 611 1280 663 data
1306 619 1577 679 sunt,quae
1607 611 1696 679 jus
1724 611 1836 663 lisci
1871 608 1989 680 [seu

402 699 653 770 publici],
709 711 767 754 ut
818 701 1021 755 dictum
1074 710 1179 766 est,
1227 701 1484 769 probant,
1541 702 1705 756 debet
1753 714 1992 770 praesens

401 795 578 847 Aurea
604 793 816 861 imperii
846 795 950 848 mei
981 792 1131 847 Bulla
1166 791 1432 858 sufﬁcere,
1458 801 1512 846 et
1544 808 1642 859 pro
1673 793 1990 858 donatione,

403 895 460 936 et
483 893 694 944 ac:u,et
716 883 908 952 quovis
940 883 1048 937 alio
1075 883 1232 938 titulo
1257 886 1392 938 satis
1413 899 1554 938 esse:
1576 885 1790 939 etiamsi
1821 883 1993 954 quod-

403 991 619 1044 cunque
668 975 812 1029 aliud
854 987 1130 1030 secretum
1165 975 1217 1028 in
1249 978 1328 1031 eis
1365 976 1455 1054 jus
1497 975 1715 1032 habeat.
1753 976 1862 1031 Nec
1903 994 1994 1033 co-

405 1077 604 1138 gentur
668 1067 1026 1132 monasteria,
1083 1067 1155 1122 ob
1198 1082 1259 1121 ea
1316 1084 1436 1138 quae
1491 1084 1634 1123 nunc
1686 1069 1992 1138 possident,

406 1159 732 1223 immobilia,
765 1161 986 1229 antiqua
1019 1159 1144 1224 alia,
1207 1174 1327 1228 qua:
1360 1160 1438 1214 eis
1468 1161 1685 1226 adsunt,
1713 1160 1838 1230 jura
1867 1177 1995 1230 pro-

408 1252 573 1308 ferre.
608 1252 715 1308 Sed
747 1255 845 1308 hac
875 1255 1124 1322 praesenti
1156 1253 1348 1307 Aureae
1393 1253 1560 1308 Bulla:
1587 1254 1861 1324 scriptura
1895 1269 1992 1323 pro

410 1347 559 1398 omni
590 1343 716 1412 jure
757 1345 982 1412 utentis,
1019 1360 1082 1400 ea
1129 1347 1368 1401 contenti
1412 1360 1533 1400 esse
1563 1345 1791 1412 debent;
1833 1357 1998 1416 utque

408 1438 512 1502 eis,
548 1449 602 1491 ut
634 1439 785 1506 prius
831 1439 1097 1507 scriptum
1128 1447 1232 1504 est,
1277 1437 1527 1522 suﬂicege
1560 1439 1772 1503 debeat,
1806 1447 1860 1493 ct
1899 1453 1998 1509 pro

410 1530 730 1599 donatione,
775 1541 830 1585 et
872 1546 969 1600 pro
1010 1531 1327 1597 traditione,
1363 1542 1418 1587 et
1459 1534 1652 1601 quovis
1695 1532 1804 1586 alio
1849 1533 1996 1602 jure.

412 1622 509 1676 Sin
529 1633 707 1677 autem
737 1624 1052 1679 invitantem
1077 1625 1304 1680 fortasse
1319 1634 1559 1694 tempore
1581 1625 1808 1680 voluerit
1834 1626 1998 1680 ullum

413 1715 802 1770 monasterium
832 1713 899 1770 iis
929 1716 1095 1770 etiam
1129 1731 1250 1786 quae
1282 1715 1445 1770 habet
1472 1716 1689 1784 juribus
1726 1725 1778 1770 et
1826 1716 2000 1771 titulis

413 1807 512 1870 uti,
540 1821 601 1860 ea
633 1821 732 1876 pro
765 1822 824 1860 se
874 1805 1150 1873 adferens,
1185 1822 1214 1862 a
1249 1807 1396 1862 nullo
1434 1808 1654 1876 penitus
1681 1807 1998 1877 prohibebi-

415 1900 520 1951 tur.
574 1896 684 1952 Hoc
707 1898 851 1952 enim
887 1914 992 1955 non
1026 1899 1188 1954 faciet
1213 1900 1455 1954 adhibita
1484 1899 1784 1955 coactione.
1805 1899 1862 1954 Si
1898 1915 2000 1954 au-

414 1999 524 2043 tem
555 1988 657 2043 hoc
685 1991 900 2058 propria
938 1992 1217 2047 voluntate
1261 1992 1508 2059 elegerit,
1559 2007 1723 2048 nemo
1767 1993 2001 2063 impedi-

414 2087 566 2134 turus
595 2080 931 2135 admittetur.
963 2079 1077 2136 Non
1109 2081 1287 2137 solum
1319 2095 1500 2138 autem
1544 2084 1609 2137 ad
1651 2083 1998 2153 probandum

406 2167 498 2238 jus
527 2171 749 2237 terreni,
781 2157 925 2241 qu-od
959 2173 1179 2239 habent,
1208 2175 1554 2231 monasteriis
1582 2175 1808 2232 sulllciet
1854 2191 1996 2245 prae-

413 2277 539 2317 sens
579 2263 726 2318 Bulla
757 2266 936 2320 Aurea
967 2283 980 2319 :
1020 2267 1115 2322 sed
1149 2268 1310 2322 etiam
1342 2270 1394 2322 in
1432 2270 1663 2334 colonis,
1709 2271 1801 2340 qui
1857 2285 2000 2326 nunc

415 2354 484 2408 ab
514 2354 595 2408 eis
621 2355 950 2421 detinentur,
978 2367 1032 2411 et
1053 2358 1291 2427 praediis,
1321 2359 1693 2430 vectigalibus,
1713 2360 2002 2415 conventi-

416 2445 544 2509 bus,
580 2446 916 2515 trajectionis
947 2448 1335 2518 solutionibus,
1367 2452 1597 2520 stagnis,
1630 2451 1835 2519 ﬂuviis,
1868 2453 2005 2520 juri-

415 2539 520 2594 bus
573 2539 882 2606 maritimis,
916 2547 972 2594 et
998 2555 1320 2612 quocunque
1349 2541 1456 2596 alio
1476 2542 1623 2612 jure,
1656 2543 1801 2612 quod
1831 2545 1900 2598 ab
1925 2545 2006 2600 eis

417 2630 747 2700 possidetur,
773 2642 1136 2702 praeterquam
1165 2634 1218 2688 in
1252 2634 1341 2701 iis,
1371 2635 1424 2688 in
1453 2636 1650 2705 quibus
1681 2638 2004 2694 documenta

421 2737 522 2792 pro
564 2723 692 2777 ﬁsco
750 2724 831 2795 (ut
858 2739 1000 2794 smpe
1033 2727 1283 2796 superius
1318 2727 1522 2783 dictum
1563 2729 1669 2798 est)
1727 2740 2008 2800 assumpta

422 2820 573 2869 sunt.
603 2814 694 2868 Sin
722 2825 904 2870 autem
936 2817 1211 2872 recenseri
1235 2817 1392 2888 jussa
1439 2830 1589 2887 sunt,
1626 2821 1706 2876 vel
1737 2815 2008 2891 amputari

424 2905 674 2974 quaedam
701 2907 923 2972 tributa,
947 2909 1033 2963 vel
1060 2917 1240 2979 pacta,
1273 2911 1356 2965 vel
1395 2911 1620 2979 militiae,
1655 2913 1740 2970 vel
1773 2915 2007 2984 publica,

421 2997 509 3053 vel
549 2998 802 3062 libellica,
833 3001 916 3056 vel
953 3002 1160 3072 aliquid
1203 3003 1373 3070 aliud,
1415 3006 1562 3076 quod
1609 3007 1676 3061 ad
1727 3008 2008 3078 publicum

423 3089 692 3160 pertinet;
744 3101 800 3146 et
846 3107 952 3147 non
1003 3093 1208 3149 factum
1251 3102 1365 3164 est,‘
1413 3099 1557 3168 quod
1609 3101 2008 3156 recensendum

2093 611 2194 680 Χῆς
2239 611 2347 663 τῶν
2393 611 2666 681 ἀκινήτων
2713 609 3038 682 ὀφειλούσης
3083 611 3276 680 ἀρκεῖν
3327 608 3513 670 αὐτοῖς
3564 606 3685 660 ἀντὶ

2095 703 2294 766 παντὸς
2326 703 2723 773 δικαιώματος,
2756 703 3010 775 περιττόν
3042 704 3159 755 ἐστι
3191 701 3251 755 τὸ
3285 701 3686 770 πολυπραγμο-

2095 794 2207 846 νεῖν
2235 796 2364 866 περὶ
2391 795 2602 864 ἐτέρου.
2635 795 2759 848 Ἐπὶ
2787 796 2921 849 πᾶσι
2948 795 3059 864 γὰρ
3082 790 3164 857 οἷς
3191 793 3484 862 κατέχουσι
3515 791 3687 863 σήμε-

2099 903 2191 954 ρον
2216 886 2364 956 (ἅνευ
2397 887 2582 956 μέντοι
2606 887 2714 940 τῶν
2740 888 2824 955 ἐφ’
2846 882 2925 951 οἷς
2951 885 3216 956 ἐδόθησαν
3245 885 3429 946 αὐτοῖς
3452 882 3691 950 διαγνώ-

2095 994 2208 1039 σεις
2237 978 2385 1048 παρὰ
2409 979 2519 1032 τῶν
2543 979 2684 1034 κατᾶ
2712 977 2896 1049 χώραν
2918 978 3280 1048 άναγραφέων
3305 976 3395 1029 τὸν
3422 975 3686 1045 δημόσιον

2096 1065 2406 1121 δικαιοῦσαι
2429 1109 2441 1132 ,
2474 1068 2549 1133 ώς
2585 1069 2825 1139 εῐρηται)
2849 1112 2863 1135 ,
2895 1069 3101 1136 ὀφείλει
3136 1069 3328 1139 ἀρκεῖν
3363 1068 3396 1138 ή
3433 1064 3691 1136 παροῦσα

2097 1155 2494 1225 χρυσόϐουλλος
2523 1157 2709 1229 γραφὴ
2737 1159 2834 1228 τῆς
2869 1158 3152 1228 βασιλείας
3181 1174 3284 1228 μου
3313 1156 3408 1209 καὶ
3439 1157 3558 1210 ἀντὶ
3586 1156 3692 1208 δω-

2100 1245 2232 1314 ρεᾶς
2260 1246 2356 1298 καὶ
2385 1248 2506 1301 ἀντὶ
2537 1251 2842 1319 πρακτικοῦ
2875 1250 2970 1304 καὶ
2997 1251 3118 1303 ἀντὶ
3149 1249 3347 1312 παντὸς
3379 1248 3570 1319 ἐτέρου
3601 1249 3685 1301 δι-

2099 1337 2438 1406 καιώματος,
2468 1338 2572 1392 κᾶν
2605 1341 2988 1410 οἱονδηποτοῦν
3020 1341 3280 1412 σεκρέτον
3310 1340 3399 1394 ἐπ’
3423 1340 3574 1410 αὐτῷ
3607 1339 3690 1393 δι-

2100 1429 2350 1481 καιοῖτο⁶
2407 1429 2529 1482 οὐδὲ
2589 1432 3099 1502 ἀναγκασθήσονται
3153 1433 3210 1486 αἱ
3271 1431 3435 1502 μοναὶ
3489 1430 3576 1500 ἐφ’
3608 1425 3692 1492 οἷς
3758 1487 3760 1489 ι

2101 1519 2390 1590 κατέχουσι
2423 1522 2516 1573 νῦν
2551 1523 2827 1592 ἀκινήτοις
2867 1523 3228 1595 προκομίζειν
3260 1523 3426 1594 ἕτερα
3458 1523 3692 1578 παλαιοο

2101 1613 2233 1681 γενῆ
2263 1614 2538 1683 προσόντα
2564 1615 2758 1678 αὐταῖς
2787 1615 3154 1686 δικαιώματα,
3181 1616 3318 1670 ἀλλὰ
3343 1620 3411 1686 τῇ
3440 1615 3693 1688 παρούσῃ

2102 1704 2484 1776 χρυσοϐούλλῳ
2519 1709 2705 1777 γραφῇ
2738 1707 2840 1777 τῆς
2877 1707 3156 1778 βασιλείας
3191 1725 3294 1779 μου
3332 1708 3455 1762 ἀντὶ
3488 1709 3694 1772 παντὸς

2105 1797 2477 1868 δικαιώματος
2535 1797 2818 1869 χρώμεναι
2874 1801 3311 1872 άρκεσθήσονται
3369 1800 3540 1872 ταύτῃ
3600 1800 3697 1854 καὶ

2111 1891 2275 1964 μόνῃ,
2308 1891 2596 1963 ὀφειλούσῃ
2628 1893 2818 1964 ἀρκεῖν
2847 1896 3070 1960 αὑταῖς,
3101 1893 3176 1956 ὡς
3208 1894 3567 1963 προεγράφη,
3599 1894 3697 1946 καὶ

2103 1983 2225 2037 ἀντὶ
2265 1983 2474 2052 δωρεᾶς
2515 1985 2611 2037 καὶ
2649 1987 2770 2038 ὀιντλ⁵
2807 1985 3160 2055 παραδόσεως
3196 1985 3293 2040 καὶ
3328 1986 3450 2038 ἀντὶ
3493 1985 3696 2047 παντὸς

2105 2077 2292 2146 ἐτέρου
2344 2077 2735 2147 δικαιώματος.
2787 2079 2847 2130 Et
2895 2078 2940 2130 δ’
2971 2079 3101 2142 ἴσως
3151 2077 3346 2146 καιροῦ
3396 2077 3697 2140 καλοῦντος

2106 2165 2323 2238 θελήσει
2375 2167 2757 2238 οἱονδηποτοῦν
2813 2170 3179 2238 μοναστήριωο
3231 2167 3543 2238 χρήσασθαι
3602 2166 3698 2218 καὶ

2104 2259 2215 2320 τοῖς
2275 2257 2573 2327 προσοῦσιν
2629 2257 2780 2326 αὐτῷ
2834 2257 3244 2327 δικαιώμασιν,
3300 2257 3443 2326 ὑπὲρ
3499 2255 3696 2309 ἑαυτοῦ

2105 2347 2280 2402 ταῦτα
2324 2348 2659 2419 προκομίζον
2682 2387 2696 2413 ,
2733 2349 2865 2420 παρ’
2894 2347 3224 2418 οίουδήτινος
3262 2348 3398 2418 πρὸς
3433 2347 3592 2401 τοῦτο
3635 2349 3697 2402 οὐ

2107 2439 2486 2510 κωλυθήσεται
2509 2455 2522 2470 °
2559 2440 2982 2509 ἀναγκαστικῶς
3014 2441 3122 2511 γὰρ
3153 2441 3312 2494 τοῦτο
3342 2440 3404 2493 οὺ
3440 2441 3696 2512 ποιήσει·

2107 2533 2156 2584 εἰ
2203 2531 2258 2584 δὲ
2306 2531 2493 2602 οἰκείῳ
2538 2532 2806 2603 θελήματι
2857 2532 2988 2587 αὐτὸ
3039 2533 3396 2603 αίρετίσεται,
3447 2534 3625 2597 οὐδεὶς
3670 2534 3701 2586 ὁ

2109 2623 2421 2694 ἐμποδίζων
2467 2627 2690 2681 ἐσεῖται.
2737 2626 2812 2681 Οὐ
2859 2627 3022 2697 μόνον
3068 2627 3126 2682 δὲ
3171 2628 3263 2680 ἐπὶ¹
3305 2631 3369 2700 τῇ
3413 2627 3702 2681 δικαιώσει

2107 2715 2208 2784 τῆς
2241 2717 2346 2782 γῆς
2385 2715 2749 2786 συμϐαλεῖται
2783 2719 2895 2782 τοῖς
2939 2718 3327 2789 μοναστηρίοις
3369 2721 3402 2790 ή
3443 2718 3700 2789 παροῦσα

2110 2808 2504 2878 χρυσόϐουλλος
2547 2810 2754 2881 γραφή,
2803 2811 2941 2864 ἀλλὰ
2983 2811 3077 2865 καὶ
3119 2812 3212 2864 ἐπὶ
3257 2813 3369 2872 τοῖς
3416 2811 3704 2883 παροίκοις

2109 2903 2219 2963 τοῖς
2251 2899 2345 2953 νῦν
2376 2902 2506 2973 παρ’
2529 2903 2710 2956 αὐτῶν
2740 2904 3164 2974 κατεχομένοις,
3196 2905 3290 2958 καὶ
3320 2906 3430 2974 τοῖς
3463 2905 3706 2974 αὐτουρ-

2110 2992 2269 3060 γίοις,
2299 2993 2508 3064 φόροις,
2539 2995 2906 3066 πανηγύρεσι,
2931 2995 3226 3063 διαϐατοῖς,
3255 2995 3496 3067 λίμναις,
3529 3013 3701 3049 ποτα-

2115 3088 2256 3158 μοῖς,
2282 3086 2587 3152 θαλασσίοις
2612 3088 2843 3154 δικαίοις
2869 3088 2966 3142 καὶ
2992 3089 3166 3160 ἑτέρῳ
3189 3089 3464 3158 οίῳδήτινι
3507 3088 3704 3157 δικαίῳ

423 3191 570 3247 erat;
603 3183 682 3238 vel
719 3183 882 3254 habet
909 3185 1128 3256 aliquod
1172 3187 1318 3243 aliud
1355 3192 1470 3262 jus,
1505 3192 1647 3261 quod
1681 3195 2008 3262 reprehendi

2115 3179 2245 3251 παρ’
2274 3179 2455 3235 αὐτῶν
2505 3183 2882 3253 κατεχομένῳ,
2935 3182 3064 3236 ἄνευ
3120 3182 3304 3253 μέντοι
3352 3181 3463 3234 τῶν
3506 3180 3594 3250 ἐφ’
3623 3177 3708 3244 οἷς

423 3275 599 3343 possit
628 3278 958 3334 monasteria
989 3293 1055 3333 ex
1087 3293 1153 3335 eo
1183 3280 1632 3338 nihil'lzedentur.
1661 3283 1802 3351 Quid
1826 3295 2010 3341 autem

422 3378 560 3433 opus
593 3376 676 3420 est
704 3367 868 3421 multa
909 3369 1117 3437 dicere,
1168 3378 1224 3424 et
1267 3385 1617 3440 enumerare,
1671 3385 1726 3430 et
1777 3377 2012 3446 exempli

424 3458 601 3526 gratia
629 3457 860 3513 afferre?
892 3457 1194 3515 Verborum
1225 3462 1626 3520 multitudinem
1661 3467 1872 3536 imperii
1907 3468 2012 3523 mei

425 3550 682 3620 majestas
711 3561 1158 3620 praetercurrens,
1179 3568 1248 3608 ne
1277 3557 1399 3622 quis
1443 3555 1497 3610 in
1547 3556 1812 3627 ejusmodi
1847 3560 2013 3616 rebus

426 3640 660 3694 callidus
701 3649 756 3695 et
804 3641 978 3708 γυίων,
1027 3644 1303 3699 nonnullis
1347 3645 1565 3714 quidem
1615 3648 1797 3716 dictis,
1843 3667 1909 3706 ex
1946 3651 2013 3708 iis

427 3731 611 3787 causis
642 3747 761 3801 quae
795 3734 1093 3790 immobilia
1145 3738 1489 3804 concutiunt,
1524 3740 1645 3796 aliis
1678 3757 1808 3797 vero
1843 3743 2013 3799 silen-

429 3821 508 3877 tio
547 3825 854 3893 praeteritis,
892 3827 1052 3881 verba
1085 3829 1342 3896 arripiat;
1374 3838 1430 3885 et
1468 3846 1618 3887 more
1659 3832 1890 3890 Judaico
1925 3834 2014 3889 lit-

431 3926 563 3973 ιρι-αι
597 3917 833 3984 insistat,
872 3929 927 3975 et
953 3932 1178 3978 conetur
1199 3923 1252 3978 in
1277 3925 1345 3981 iis
1383 3941 1504 3996 quae
1537 3927 1680 3982 dicta
1722 3945 1831 3983 non
1861 3938 2010 3996 sunt,

430 4010 763 4064 monasteria
801 4011 1007 4082 agitare
1047 4024 1104 4070 et
1145 4029 1346 4072 vexare
1378 4035 1391 4071 :
1433 4019 1725 4077 universali
1761 4031 1817 4076 et
1845 4036 2012 4092 gene-

430 4098 532 4153 rali
561 4101 810 4156 oratione
839 4104 1128 4173 imperium
1163 4122 1342 4162 meum
1389 4110 1506 4164 vult
1549 4121 1606 4166 et
1652 4113 1922 4175 decernit,
1957 4120 2014 4165 ut

430 4194 573 4262 quod
613 4195 664 4247 in
709 4194 774 4249 iis
808 4211 930 4266 quae
972 4198 1133 4254 hodie
1171 4216 1200 4253 a
1248 4204 1598 4258 monasteriis
1638 4203 2012 4272 possidentur,

432 4285 518 4339 vel
551 4286 603 4340 in
630 4288 759 4356 ipsis
787 4297 913 4344 sunt
946 4295 1409 4349 monasteriorum
1442 4297 1736 4361 cathedris,
1773 4312 1872 4364 pro
1913 4312 2012 4366 pu-

431 4377 573 4434 blico
621 4382 918 4451 cogitatum
967 4383 1132 4439 fuerit
1183 4386 1251 4439 ab
1305 4387 1511 4454 aliquo,
1567 4387 1649 4442 vel
1707 4403 1870 4452 nunc,
1930 4390 2014 4443 vel

431 4477 864 4542 quandocunque
889 4515 903 4540 ,
951 4477 1285 4532 monasterio
1324 4477 1508 4532 datum
1543 4495 1663 4534 esse
1704 4488 2007 4549 reputatur.

2113 3272 2308 3326 ἔλαϐον
2340 3273 2661 3342 διαγνώσεις
2700 3274 2840 3344 ὑπὲρ
2872 3273 2968 3328 τοῦ
3005 3274 3298 3345 δημοσίου,
3333 3273 3408 3336 ὡς
3443 3273 3705 3337 πολλάκις

2113 3367 2371 3438 ἀνωτέρω
2403 3366 2730 3436 διείληπται.
2765 3365 2827 3419 Εί
2855 3365 2912 3418 δὲ
2941 3365 3037 3419 καὶ
3067 3364 3530 3437 προσετάχθησαν
3558 3365 3709 3432 λογι-

2117 3458 2312 3529 σθῆναι
2351 3460 2384 3530 ἢ
2425 3459 2728 3528 ἐκκοπῆναί
2765 3475 2889 3512 τινα
2927 3458 3236 3529 τελέσματα
3276 3459 3309 3528 ἢ
3349 3457 3638 3528 πρακτικὰ
3671 3459 3707 3528 ἣ

2115 3553 2398 3622 στρατεῖαι
2438 3552 2470 3622 ἢ
2511 3552 2753 3621 δημόσια
2785 3552 2818 3621 ἦ
2853 3551 3091 3604 λίϐελλοι
3127 3553 3160 3624 ἢ
3193 3552 3381 3622 ἔτερόν
3413 3569 3465 3604 τι
3497 3551 3576 3621 τῷ
3616 3550 3712 3620 δη-

2117 3644 2290 3714 μοσίῳ
2319 3643 2540 3714 ἀνῆκον,
2569 3643 2662 3696 καὶ
2692 3643 2752 3695 οὐ
2783 3643 2975 3712 γέγονε
3001 3644 3064 3696 τὸ
3093 3643 3500 3713 λελογισμένον,
3529 3644 3561 3713 ἢ
3592 3644 3713 3696 ἐτε-

2119 3738 2211 3807 ρόν
2253 3753 2308 3788 τι
2350 3737 2465 3806 ἔχει
2512 3735 2846 3805 ἐπιλήψιμον
2887 3737 2950 3787 τὸ
2995 3735 3307 3804 δικαίωμα,
3356 3734 3510 3787 οὐδέν
3549 3750 3603 3787 τι
3647 3735 3713 3788 ἐκ

2114 3827 2306 3881 τούτου
2355 3826 2688 3896 βλαϐήσεται
2737 3825 2807 3878 τὰ
2859 3829 3222 3896 μοναστήρια.
3271 3825 3337 3878 Τί
3382 3825 3439 3878 δὲ
3485 3824 3591 3895 χρὴ
3644 3825 3715 3878 τά

2116 3920 2288 3974 πολλὰ
2317 3920 2644 3986 καταλέγειν
2670 3918 2767 3973 καὶ
2793 3919 3253 3989 άπαριθμεῖσθαι,
3287 3919 3381 3971 καὶ
3414 3918 3576 3988 χάριν
3605 3935 3715 3970 πα-

2120 4011 2482 4082 ραδείγματος
2514 4011 2966 4082 ἀπογράφεσθαι;
2997 4009 3109 4078 Τὴν
3139 4009 3468 4076 πολυλογίαν
3494 4010 3525 4078 ή
3561 4007 3716 4077 βασι-

2116 4103 2236 4159 λεία
2272 4122 2373 4175 μου
2406 4106 2864 4176 παρατρέχουσα,
2899 4103 2986 4156 ἵνα
3021 4104 3094 4174 μή
3125 4120 3209 4165 τις
3238 4102 3348 4154 τῶν
3378 4103 3506 4169 περὶ
3537 4100 3716 4154 ταῦτα

2114 4197 2324 4264 δεινῶν,
2357 4195 2520 4251 τινῶν
2551 4197 2652 4267 μὲν
2681 4197 3115 4267 ἐκφωνηθέντων
3145 4196 3212 4249 ἐκ
3241 4195 3350 4248 τῶν
3381 4195 3449 4247 τὰ
3479 4195 3716 4264 ἀκίνητα

2115 4290 2512 4344 κατασειόντων
2557 4289 2781 4354 αἰτίων,
2826 4290 2990 4343 τινῶν
3033 4288 3093 4342 δὲ
3135 4286 3712 4357 παρασιωπηθέντων,

2115 4383 2493 4453 ἐπιδράττοιτο
2528 4382 2636 4436 τῶν
2679 4381 2943 4453 ῥημάτων
2985 4381 3081 4434 καὶ
3119 4379 3263 4434 κατὰ
3306 4379 3595 4441 Ἰουδαίους
3634 4378 3716 4448 τῷ

2115 4473 2408 4542 γράμματι
2440 4472 2796 4542 ἐπικάθηται,
2827 4471 2923 4524 καὶ
2952 4471 3208 4540 ἐπιχειρῇ
3241 4469 3336 4521 ἐπὶ
3362 4470 3478 4532 τοῖς
3511 4468 3588 4538 μὴ
3619 4469 3716 4518 ἐκ-

433 4564 501 4617 Ει
533 4563 695 4619 simul
723 4581 788 4619 ac
820 4568 924 4621 hoc
956 4566 1214 4634 cegitarit
1244 4567 1536 4637 quispiam,
1563 4570 1646 4624 vel
1679 4571 1879 4624 dixerit
1911 4587 1926 4624 :
1959 4571 2008 4626 id

2117 4563 2414 4633 φωνηθεῖσι
2457 4563 2720 4616 διασείειν
2766 4563 2862 4616 καὶ
2908 4561 3270 4633 παρενοχλεῖν
3309 4561 3433 4624 ταῖς
3481 4560 3710 4629 μοναῖς,

434 4673 651 4729 quoque
687 4660 869 4714 statim
906 4660 1278 4729 apprehendet
1329 4663 1743 4730 monasterium,
1770 4674 1827 4716 ut
1856 4663 2016 4719 hodie

433 4765 465 4804 a
495 4766 613 4806 mea
638 4752 989 4819 imperatoria
1017 4753 1349 4808 sublimitate
1373 4755 1656 4824 donatum.
1687 4757 1840 4823 Quod
1866 4757 2013 4810 enim

433 4842 500 4895 ad
544 4857 609 4896 ea
655 4841 872 4904 attinet,
915 4858 1038 4912 qua:
1077 4859 1220 4899 nunc
1259 4844 1542 4911 possident
1593 4847 1912 4913 immobilia,
1949 4849 2018 4904 de

433 4932 633 5001 quibus
705 4947 801 5000 pro
858 4931 1077 5001 publico
1132 4936 1458 4990 documenta
1518 4951 1626 4991 non
1688 4949 2020 5008 acceperunt

437 5024 799 5090 manasteria;
853 5024 1142 5091 imperium
1199 5039 1376 5078 meum
1423 5026 1539 5082 vult
1590 5031 2021 5098 unut‘nquodque
2055 5028 2084 5064 ·’

435 5129 623 5170 eorum
659 5129 757 5184 pro
805 5131 864 5170 re
910 5114 1080 5171 ﬁscali
1136 5116 1347 5182 haberi,
1399 5117 1452 5171 in
1501 5119 1605 5173 hoc
1653 5121 2017 5187 solummodo,

435 5209 583 5280 quod
620 5211 875 5264 attentari
926 5221 1179 5280 nequeat,
1215 5226 1364 5266 neca
1395 5228 1670 5282 quoquam
1707 5214 1759 5268 in
1787 5224 2018 5269 contro-

437 5299 674 5354 versiam
712 5299 918 5352 vocari.
953 5299 1017 5352 Et
1052 5301 1512 5370 quemadmodum
1543 5305 1765 5372 publico
1803 5306 1966 5359 nulla:
1993 5321 2020 5360 a

441 5407 500 5447 se
549 5391 795 5446 molestia
821 5394 1167 5463 negotiumve
1206 5395 1521 5459 exhibetur,
1570 5396 1651 5450 sic
1682 5411 1784 5452 nec
1819 5395 2020 5470 [sacra]

441 5483 769 5551 silentiaria,
828 5499 931 5538 nec
975 5487 1330 5552 monasteria,
1389 5502 1491 5542 nec
1542 5491 1748 5559 reliqua
1803 5491 1873 5546 ab
1917 5492 2025 5546 ullo

441 5575 643 5644 publici
671 5585 922 5631 curatore
950 5575 1134 5632 litibus
1163 5578 1539 5647 agitabuntur,
1588 5580 1704 5635 sive
1750 5583 1870 5650 quis
1899 5596 2025 5652 pro-

446 5665 708 5732 babilem,
734 5667 850 5722 sive
886 5683 989 5722 non
1027 5668 1362 5738 probabilem
1407 5684 1628 5725 causam
1673 5671 1886 5741 afferat,
1913 5675 2029 5730 sive

445 5754 965 5828 cujusmodicunque
1009 5759 1105 5826 sit,
1136 5762 1278 5830 quod
1301 5761 1573 5829 loquetur.
1602 5763 1861 5832 Quisquis
1882 5768 2026 5820 enim

449 5845 552 5903 hoc
581 5844 762 5907 facere
788 5849 1076 5923 aggressus
1105 5851 1293 5922 fuerit,
1332 5854 1566 5911 invalida
1614 5865 1665 5912 ct
1711 5871 1905 5915 revera
1939 5858 2025 5916 in-

2122 4654 2400 4724 καθολικῷ
2427 4655 2569 4724 λόγῳ
2597 4653 2692 4706 καὶ
2719 4653 3061 4723 περιεκτικῷ
3086 4652 3247 4706 τοῦτο
3272 4653 3304 4723 ή
3336 4649 3582 4723 βασιλεία
3612 4666 3715 4720 μου

2125 4746 2374 4817 βούλεταί
2403 4763 2461 4798 τε
2490 4746 2588 4800 καὶ
2615 4745 2931 4816 διορίζεται,
2957 4745 3033 4810 ὡς
3063 4747 3129 4800 ἂν
3156 4745 3287 4811 πᾶν,
3315 4745 3452 4813 ὅπερ
3479 4743 3572 4796 ἐπὶ
3599 4744 3718 4805 τοῖς

2126 4843 2366 4912 σήμερον
2397 4839 2549 4910 παρὰ
2579 4839 2689 4891 τῶν
2721 4839 3106 4910 μοναστηρίων
3135 4837 3527 4908 κατεχομένοις
3559 4835 3592 4905 ἢ
3627 4834 3718 4887 ἐπ’

2126 4935 2315 4996 αὑταῖς
2341 4934 2460 4994 ταῖς
2490 4930 2788 5001 καθέδραις
2816 4931 2926 4985 τῶν
2959 4931 3344 5001 μοναστηρίων
3372 4928 3538 4999 νοηθῇ
3574 4929 3720 4998 ὑπὲρ

2127 5029 2218 5080 τοῦ
2254 5025 2520 5096 δημοσίου
2556 5025 2712 5096 παρά
2743 5043 2922 5091 τινος,
2955 5025 2989 5095 ἢ
3026 5023 3121 5078 νῦν
3153 5024 3186 5094 ἢ
3221 5023 3513 5093 ὁτεδήποτε
3534 5063 3548 5087 ,
3585 5021 3722 5074 αὐτὸ

2127 5119 2286 5172 τοῦτο
2313 5119 2689 5189 δεδωρημένον
2717 5119 3028 5187 λογίζεσθαι
3055 5120 3121 5189 τῇ
3157 5119 3294 5188 μονῇ
3317 5132 3330 5147 ’
3362 5114 3458 5170 καὶ
3488 5114 3605 5185 ἅμα
3633 5131 3720 5178 τις

2129 5209 2287 5263 τοῦτο
2315 5209 2660 5280 διανοήσεταί
2686 5227 2746 5264 τε
2777 5213 2871 5264 καὶ
2902 5208 3222 5279 φθέγξεται,
3253 5208 3349 5261 καὶ
3375 5205 3540 5270 εὐθὺς
3570 5207 3723 5260 ἀντι-

2129 5302 2361 5373 λήψεται
2402 5301 2567 5355 αὐτοῦ
2613 5303 2647 5372 ὴ
2701 5301 2864 5372 μονὴ,
2910 5301 2986 5365 ὡς
3038 5300 3282 5369 σήμερον
3327 5297 3712 5368 δεδωρημένω

2130 5393 2304 5465 ταύτῃ
2345 5393 2496 5463 παρὰ
2535 5393 2634 5462 τῆς
2681 5392 2961 5460 βασιλείας
3009 5405 3134 5460 μου.
3162 5388 3328 5443 Ὅσον
3371 5388 3481 5456 γὰρ
3526 5383 3607 5455 ἐφ’
3637 5382 3722 5448 οἷς

2132 5488 2423 5558 κατέχουσι
2459 5487 2552 5541 νῦν
2590 5488 2906 5556 ἀκινήτοις,
2941 5484 3074 5553 περὶ
3106 5475 3182 5536 ὧν
3217 5481 3544 5548 διαγνώσεις
3579 5479 3720 5550 ὑπὲρ

2132 5583 2226 5634 τοῦ
2260 5580 2522 5651 δημοσίου
2555 5580 2656 5632 οὐκ
2683 5577 2878 5631 ἔλαϐον
2907 5578 2976 5630 τὰ
3009 5575 3406 5646 προγραφέντα
3443 5573 3723 5644 μοναστή-

2137 5690 2247 5742 ρια,
2277 5672 2534 5741 δημόσιον
2563 5670 2812 5741 βούλεται
2842 5670 2875 5739 ή
2907 5668 3156 5739 βασιλεία
3186 5684 3288 5737 μου
3317 5665 3632 5734 λογίζεσθαι
3662 5663 3724 5716 ἓν

2133 5763 2365 5816 ἕκαστον
2392 5763 2598 5838 τούτων
2630 5762 2775 5814 κατὰ
2814 5761 2976 5831 μόνον
3007 5759 3067 5813 τὸ
3102 5759 3247 5830 ἔχειν
3282 5759 3343 5812 τὸ
3376 5757 3725 5811 άδιάσειστον

2137 5859 2230 5912 καὶ
2274 5855 2349 5927 μὴ
2388 5855 2482 5910 ὑπ’
2503 5854 2716 5919 οὐδενὸς
2756 5851 3166 5923 άνακρίνεσθαι.
3212 5850 3322 5905 Καὶ
3360 5849 3419 5905 ὃν
3455 5849 3656 5915 τρόπον
3697 5850 3725 5902 ὁ
