4014 6426
321 402 432 466 ’133
1426 414 1572 480 NOV
1581 417 1792 479 ELI.;E
1832 419 1866 480 C

1973 421 2512 489 'STITUTIONES.
3478 436 3586 502 734

314 516 580 586 δημόσιος
627 518 692 573 οὐ
741 519 1283 593 πολυπραγμονεῖται
1333 528 1424 596 ὑφ’
1455 531 1684 598 ἑαυτοῦ,
1733 533 1866 590 οὖτα

1973 536 2174 601 ,ῆι-τηε
2205 538 2389 595 dicere
2435 539 2745 599 videbitur:
2777 552 2830 600 et
2877 546 3012 602 citra
3059 546 3225 603 ullam
3274 549 3594 606 miscricor-
3700 604 3701 607 η
3738 527 3765 553 ⁸

311 611 439 664 οὗδὲ
465 612 535 664 τὰ
562 613 687 683 ἱερὰ
716 615 943 683 σεμνεῐα
970 613 1002 685 ἢ
1034 616 1436 690 ἡσυχαστήρια,
1469 625 1812 697 μοναστήριά
1839 644 1866 679 τ

2009 628 2152 684 diam
2185 628 2302 698 ejus
2345 632 2635 690 facultates
2678 634 2808 691 ﬁsco
2837 639 3323 709 consecrnbnntur,
3372 650 3427 697 et
3473 642 3594 712 ipse

312 705 406 756 καὶ
440 703 633 770 λοιπὰ,
669 705 775 758 ὑπό
809 723 957 770 τινος
991 707 1101 761 τῶν
1134 708 1229 762 τοῦ
1264 713 1526 781 δημοσίου
1563 717 1866 786 φροντιστῶ

2007 722 2232 775 omnino
2258 721 2478 779 infamis
2502 722 2763 799 [semper]
2790 729 2929 795 erit;
2957 740 3141 800 utpote
3165 731 3257 802 qui
3277 703 3592 803 imperatori

310 793 778 864 ἀνακριθήσεται·
813 795 917 850 κᾶν
961 814 1015 851 τι
1062 796 1287 867 εὔλογον
1333 800 1741 874 δικαιολογῆταί
1787 822 1866 868 τις

2009 813 2354 878 adversetur,
2389 815 2480 883 qui
2520 817 2607 885 pie
2643 832 2706 873 ac
2740 819 2990 889 religiose
3037 838 3256 878 omnem
3302 824 3588 880 molestam

307 884 420 936 κᾶν
448 885 787 956 παράλογον,
813 887 916 942 κᾶν
936 890 1122 944 ὁποῖον
1150 890 1216 944 ἂν
1240 890 1326 962 εἴη
1354 893 1415 945 τὸ
1438 892 1866 967 λαληθησόμενοι

2002 903 2348 958 vexationem
2375 919 2407 960 a
2438 884 2784 963 monasteriis
2814 908 2870 963 in
2903 909 2969 963 iis
2994 924 3113 980 qua:
3136 911 3266 979 ipsis
3293 914 3414 969 data
3438 921 3587 979 sunt,

309 976 431 1039 Hei;
468 975 580 1046 γὰρ
620 979 650 1031 ὁ
690 979 938 1047 τοιοῆτόν
977 999 1030 1035 τι
1073 982 1450 1054 ἔπιχειρήσων
1493 986 1720 1056 ποιῆσαι
1745 1027 1763 1052 ,
1805 989 1866 1042 ἀν

2003 1006 2100 1061 per
2150 1004 2475 1059 praesentem
2527 1012 2747 1052 auream
2803 975 3028 1055 bullam
3069 975 3341 1070 amoveat,
3392 1014 3446 1058 et
3496 975 3592 1073 per

248 1088 253 1093 -
308 1069 507 1139 ίσχυρα
534 1068 677 1134 δόξει
708 1070 884 1140 λέγων
916 1074 1010 1126 καὶ
1036 1072 1114 1142 τῷ
1146 1073 1259 1127 ὄντι
1297 1075 1554 1143 ἀϐέϐαια,
1591 1079 1686 1133 καὶ
1719 1081 1866 1151 ἁσυμ

2000 1083 2177 1151 ipsam
2212 1087 2467 1157 exiguum
2498 1088 2714 1159 aliquod
2742 1092 2943 1147 donum
2979 1093 3175 1148 oﬂ‘erat
3203 1109 3301 1164 pro
3334 1095 3588 1151 innume-

303 1156 500 1220 παθῶς
531 1159 564 1228 ἡ
597 1158 791 1213 τούτου
828 1162 1120 1232 περιουσία
1150 1162 1229 1234 τῷ
1263 1163 1514 1238 δημοσίῳ
1548 1168 1862 1242 καθοσιωθή

1997 1175 2259 1233 rabilibus
2290 1156 2732 1252 bettetlciis,vquae
2762 1200 2791 1237 a
2820 1184 3077 1241 muniﬁca
3113 1156 3230 1257 ejus
3262 1187 3453 1243 dextra
3489 1201 3588 1242 ac-

303 1264 491 1316 σεται,
538 1250 635 1304 καὶ
682 1250 847 1315 αὐτὸς
892 1253 1086 1323 ἄτιμος
1133 1255 1340 1310 ὲσείται
1386 1259 1764 1327 παντάπασιν,
1817 1261 1895 1325 ὡς
1996 1267 2156 1333 cepit.

301 1345 646 1439 άντιπίπτων
695 1342 907 1414 βασιλεῖ
954 1345 1197 1410 εὐσεϐῶς
1247 1365 1309 1401 τε
1360 1351 1456 1403 zeal
1511 1351 1779 1419 φιλοθέως
1826 1353 1890 1407 τὸ
1963 1356 2321 1431 άνενὸχλητον
2399 1363 2522 1426 ταῖς
2578 1366 2771 1435 μοναῖς
2818 1364 3280 1439 ἀποχαριζομὲνῳ
3331 1371 3428 1426 ἐπὶ
3472 1372 3586 1433 τοῖς

296 1437 699 1537 δεδωρημένοις
726 1440 918 1537 αὐταῖς
943 1439 1036 1537 διά
1094 1441 1191 1495 τοῦ
1219 1443 1488 1537 παρόντος
1552 1448 1954 1517 χρυσοϐούλλου
1993 1453 2187 1522 λόγου,
2219 1458 2315 1511 καὶ
2343 1457 2410 1511 δι’
2438 1458 2603 1533 αὐτοῦ
2636 1458 2812 1532 βραχύ
2845 1478 2898 1514 τι
2926 1461 3102 1534 δῶρον
3132 1437 3472 1537 προσάγοντι
3501 1467 3583 1537 τῷ

296 1530 443 1601 Θεῷ,
470 1529 589 1585 ἀνθ’
614 1527 689 1585 ὧν
721 1532 931 1622 μυρίων
960 1533 1292 1601 εὐεργεσιῶν
1324 1537 1475 1607 παρὰ
1505 1539 1602 1609 τῆς
1633 1539 2108 1617 πλουσιοπαρόχου
2138 1547 2320 1614 δεξιᾶς
2352 1527 2538 1607 aliter},
2552 1527 3003 1622 παραπέλαυσεν.

370 1624 439 1693 β’.
465 1624 582 1678 Οὐκ
596 1624 810 1690 ἐξέσται
837 1619 929 1679 οὖν
951 1625 1076 1680 οὔτε
1095 1629 1404 1698 ἀναγραφεί
1423 1629 1455 1699 ἢ
1490 1631 1866 1702 προκαθημένι

2070 1638 2129 1694 2.
2154 1639 2275 1695 Non
2305 1641 2490 1699 licebit
2515 1619 2647 1714 ergo
2667 1658 2770 1700 nec
2801 1643 2998 1713 publici
3024 1660 3222 1702 census
3253 1636 3580 1716 descriptor-3

293 1715 629 1786 οἰουδήτινος
657 1718 923 1789 σεκρέτου
960 1718 1236 1793 ῆὲξισωτῇ
1271 1721 1304 1793 ἢ
1328 1722 1644 1794 ὲνεργοῦντι
1668 1725 1866 1796 ἣὲτέρο

2000 1743 2100 1784 nec
2126 1730 2288 1786 ullius
2317 1734 2512 1788 secreti
2540 1734 2818 1802 praefecto,
2863 1735 2947 1791 vel
2981 1738 3367 1806 peraequatori,
3398 1737 3484 1793 vel
3524 1737 3582 1792 in

290 1811 402 1863 τινὶ
427 1809 708 1880 προσώπῳ
728 1809 823 1865 τοῦ
847 1811 1109 1882 δημοσίου
1133 1812 1203 1866 τὰ
1226 1813 1337 1866 τῶν
1367 1819 1748 1886 μοναστηρέων
1771 1816 1864 1870 ἁκί

2000 1821 2160 1877 rebus
2187 1825 2390 1894 agettti,
2429 1825 2511 1880 vel
2541 1825 2633 1880 alii
2673 1840 2923 1895 persona:
2954 1826 3092 1896 ﬁsci,
3131 1843 3254 1899 quae
3295 1830 3577 1900 publicum

289 1918 431 1972 νητα
453 1900 868 1973 ἀναγράφεσθαι
895 1902 927 1973 ἢ
955 1903 1332 1971 καπνολογεῖν,
1363 1904 1397 1976 ἢ
1449 1904 1741 1973 ἀναζητεῖν
1794 1909 1863 1977 μέ

1997 1921 2211 1976 tractet,
2264 1916 2724 1972 monasteriorum
2778 1917 3076 1973 immobilia
3118 1921 3457 1986 describere,
3494 1921 3581 1975 vel

286 2009 396 2062 τρα
428 1992 535 2062 γῆς
561 1992 593 2063 ἢ
615 1994 896 2065 παροίκων
919 1995 1213 2067 ποσότητα,
1242 1996 1277 2069 ἢ
1307 1996 1411 2068 γῆς
1434 1997 1495 2050 τὸ
1516 1997 1821 2068 δπέρπλεον
1855 2002 1866 2054 1‘

1993 2001 2142 2058 focos
2175 2018 2426 2071 censere,
2458 2014 2515 2061 et
2561 2014 2720 2062 terrae
2766 2022 3052 2064 mensuras
3094 2009 3447 2081 investigare,
3495 2010 3582 2067 vel

289 2085 605 2158 ὑπέρτιμον
630 2088 664 2158 ἢ
694 2088 756 2141 τὸ
778 2089 981 2154 ἀδίκως
1007 2090 1380 2161 κατεχόμενον
1434 2093 1734 2158 ἐξετάζεινο
1767 2093 1866 2148 ἀλλ

1990 2095 2305 2150 colonorum
2335 2111 2650 2161 numerum,
2675 2098 2760 2154 vel
2792 2100 2940 2169 quod
2973 2106 3132 2156 terra:
3161 2100 3396 2172 amplius
3439 2117 3574 2171 pos-

283 2176 417 2230 ὲπεὶ
445 2180 511 2232 ὲκ
548 2179 899 2250 προστάξεως
924 2179 1022 2251 τῆς
1047 2180 1329 2251 βασιλείας
1354 2200 1456 2254 μου
1491 2183 1755 2252 μέλλουσι
1789 2203 1866 2254 γε·

1988 2184 2218 2246 sidetur,
2250 2184 2337 2239 vel
2365 2199 2473 2240 non
2498 2185 2648 2256 justo
2668 2189 2844 2257 pretio
2867 2195 3109 2258 emptum
3133 2197 3240 2257 est,
3265 2188 3350 2244 vel
3376 2189 3579 2260 injuste

283 2266 479 2323 νέσθαι
543 2272 825 2339 πρακτικὰ
892 2271 1005 2326 τῶν
1037 2274 1278 2345 σήμερον
1307 2275 1694 2346 κατεχομένων
1722 2275 1866 2346 παρὰ

1988 2275 2300 2341 detinetur,
2356 2278 2705 2343 examinare,
2751 2278 2847 2335 sed
2894 2281 3156 2351 quoniam
3204 2281 3421 2351 imperii
3469 2283 3577 2336 mei

286 2358 399 2413 τῶν
462 2361 645 2433 μονῶν
687 2363 970 2435 ἀκινήτων
1021 2366 1118 2419 zeal
1177 2366 1496 2439 παροίκων,
1538 2369 1659 2422 τότε
1719 2368 1866 2439 μόνοι

1987 2367 2246 2421 mandato
2279 2377 2402 2423 acta
2453 2367 2702 2425 facienda
2746 2380 2895 2435 sunt,
2942 2384 3137 2426 eorum
3173 2371 3415 2438 nomine,
3452 2386 3576 2441 quae

280 2450 646 2525 ὀχληθήσεται
679 2457 712 2527 ὴ
735 2454 870 2527 μονὴ
897 2456 994 2510 καὶ
1016 2456 1077 2511 τὸ
1106 2457 1308 2524 ἀδίκως
1329 2461 1700 2532 κατεχόμενον
1715 2464 1866 2533 ἀφαι-

1984 2471 2015 2511 a
2046 2460 2395 2516 monasteriis
2420 2459 2582 2516 hodie
2616 2461 2952 2527 detinentur,
2986 2461 3350 2517 immobilium
3383 2471 3440 2516 et
3470 2476 3575 2530 pa~

289 2546 607 2620 ρεθήσεται,
640 2549 729 2603 ὅτε
753 2549 783 2601 ό
804 2549 1160 2620 ἀναγραφεὺς
1191 2551 1453 2618 δεικνύει,
1490 2553 1566 2618 ὡς
1605 2555 1866 2611 ἐπέκεινα

1984 2562 2288 2618 raecorum;
2324 2560 2453 2607 tunc
2475 2550 2693 2607 demum
2716 2552 2864 2623 juste
2893 2554 3290 2609 monasterium
3322 2553 3573 2610 molestia

280 2637 376 2694 τοῦ
399 2639 765 2711 περιορισμοῦ
791 2640 1016 2711 κατέχει
1036 2642 1069 2713 ἡ
1095 2628 1245 2715 μονὴη
1262 2642 1429 2697 τόπια
1452 2644 1485 2716 ἦ
1507 2647 1811 2716 παροίκους
1842 2647 1874 2719 ἢ

282 2731 472 2804 ἕτερον
488 2730 718 2787 δίκαιον.
748 2733 885 2787 Οὐδὲ
909 2734 1018 2805 γὰρ
1045 2734 1132 2789 ἐπ’
1156 2735 1344 2801 ἀδείας
1381 2735 1598 2802 ἕξουσιν
1628 2740 1686 2791 al
1714 2744 1878 2809 μοναὶ

277 2829 349 2882 τὰ
379 2829 625 2900 σήεμερον
675 2829 809 2898 παρ’
845 2830 1027 2884 αὐτῶν
1059 2833 1427 2902 κατεχόμενα,
1459 2834 1571 2886 είτε
1610 2836 1874 2906 πάροικοι

278 2917 516 2976 εἷενείτε
538 2922 695 2976 τόποι
720 2922 832 2975 εἴτε
864 2922 1189 2994 αὐτούργια,
1218 2925 1475 2989 ὲπαύξειν
1499 2927 1594 2980 zeal
1625 2928 1706 2988 είς
1730 2927 1872 2999 πλη-

279 3013 490 3083 θυσμδν
533 3014 689 3082 ἄγειν
725 3013 975 3069 πλείονα.
1048 3014 1196 3083 Πλὴν
1219 3018 1286 3087 τῇ
1318 3016 1545 3089 τοιαύτῃ
1596 3019 1870 3089 προφάσει

278 3105 381 3158 οὐκ
433 3104 654 3172 ἐξέσται
713 3104 993 3175 πράκτορι
1045 3104 1080 3174 ἢ
1136 3104 1453 3177 ἀναγραφεί
1503 3106 1781 3178 οίῳδήτινι
1836 3109 1869 3180 ἢ

1980 2639 2267 2709 afﬁcietur,
2298 2653 2355 2698 et
2381 2643 2530 2712 quod
2560 2643 2762 2713 injuste
2785 2644 3011 2711 detinet,
3060 2645 3129 2699 ab
3170 2659 3235 2700 eo
3265 2647 3573 2712 auferetur,

1980 2736 2197 2801 quando
2229 2734 2426 2802 publici
2455 2749 2654 2791 census
2693 2736 2996 2804 descriptor
3024 2737 3343 2800 ostenderit,
3369 2753 3559 2793 mona-

1964 2823 2206 2905 .Sterium
2237 2835 2390 2879 extra
2421 2827 2713 2881 terminum
2739 2841 3007 2896 occupare
3029 2828 3172 2892 loca,
3195 2828 3280 2883 vel
3309 2843 3570 2898 parmcos,

1977 2915 2063 2967 vel
2091 2916 2180 2983 jus
2213 2914 2380 2970 aliud.
2414 2915 2525 2972 Nec
2552 2918 2698 2971 enim
2727 2916 3001 2973 licentiam
3045 2916 3326 2973 habebunt
3375 2934 3572 2974 mona-

1974 3007 2163 3073 SIeria,
2222 3008 2453 3076 augendi
2512 3017 2569 3064 et
2612 3008 2977 3078 ampliﬁcandi
3022 3023 3085 3064 ea
3134 3026 3255 3081 quae
3304 3013 3373 3066 ab
3430 3012 3571 3082 ipsis

1975 3103 2133 3175 liodie
2160 3103 2526 3171 possidentur,
2556 3106 2672 3160 sive
2702 3108 2899 3176 paraeci
2940 3108 3073 3171 sint,
3118 3108 3238 3163 sive
3287 3109 3417 3171 loci,
3450 3110 3570 3165 sive

280 3194 560 3250 καπνικὸν
588 3196 622 3267 ἢ
657 3197 1015 3268 μετρητίκιον
1049 3197 1085 3268 ἦ
1119 3195 1309 3267 ἕτερόν
1337 3214 1392 3250 τι
1426 3196 1808 3266 ἁναγραφικὸν
1837 3198 1866 3271 ἦ

1980 3193 2252 3263 auturgia.
2304 3193 2686 3251 Verumtamen
2739 3211 2837 3266 per
2883 3196 3191 3265 huiusmodi
3221 3197 3565 3255 occasionem

280 3287 660 3359 πρακτορικὸν
707 3289 1065 3359 φορολόγημα
1144 3288 1254 3343 ἀπὸ
1302 3290 1413 3343 τῶν
1492 3290 1871 3362 ὑποκειμένων

277 3383 400 3445 ταῖς
430 3380 790 3452 δηλωθείσαις
824 3384 1013 3451 μοναῖς
1046 3383 1323 3454 ἀκινήτων
1361 3383 1867 3454 ἀναλαμϐάνεσθαι.

278 3469 499 3525 Εἱδέναι
521 3473 634 3543 γὰρ
672 3471 881 3540 ὀφείλει
907 3475 937 3524 ὁ
971 3470 1132 3525 τοῦτο
1178 3475 1493 3544 τολμήσων,
1523 3474 1599 3538 ὠς
1612 3477 1674 3528 οὐ
1702 3478 1867 3546 μόνον

278 3563 372 3616 ἐπὶ
397 3566 463 3617 τὸ
492 3563 836 3618 ποηαπλοῦν
853 3565 1204 3636 ἀντιστρέφει
1244 3566 1381 3637 ὅπερ
1400 3565 1464 3621 ἂν
1498 3567 1864 3641 ἀναλάϐηται,

275 3653 416 3709 ἀλλὰ
443 3657 537 3710 zeal
553 3656 738 3727 τελείᾳ
753 3655 1018 3726 δημεύσει
1039 3655 1512 3728 ὑποϐληθήσεται,
1546 3660 1640 3712 zeal
1669 3660 1869 3730 ἄτιμος

276 3749 437 3803 ἔσται
468 3749 565 3803 zeal
622 3747 998 3812 ἀπολίτευτος.
1026 3748 1188 3806 Οὕτω
1242 3749 1353 3822 γὰρ
1383 3749 1526 3804 θέλει
1554 3754 1587 3823 ἡ
1619 3751 1871 3821 βασιλεία

277 3855 383 3909 μου
413 3839 486 3894 τὰ
516 3838 624 3893 τῶν
654 3838 1001 3908 δηλωθεισῶν
1037 3838 1217 3910 μονῶν
1241 3838 1479 3910 ἀκίνητα
1504 3841 1684 3895 πάντα
1719 3840 1866 3910 λογί-

275 3930 468 3996 ξασθαι
504 3931 597 3999 ὑφ’
646 3931 880 3985 ἑκάστου
932 3933 1041 3985 τῶν
1095 3931 1446 4003 πρακτόρων,
1508 3932 1585 3996 ὡς
1629 3932 1703 4005 μὴ
1737 3934 1867 3987 ὄντα

275 4025 384 4078 ὑπὸ
410 4024 511 4095 τὴν
529 4026 729 4079 ἑαυτοῦ
753 4026 932 4096 ἀρχήν
958 4041 1017 4078 τε
1046 4026 1141 4078 zeal
1171 4023 1446 4089 ἐξουσίαν.
1500 4025 1609 4077 Kal
1647 4022 1707 4076 δν
1736 4024 1867 4095 τρό-

228 4187 233 4189 Α
275 4131 378 4169 πον
411 4116 464 4170 οἱ
500 4116 813 4187 πράκτορες
847 4117 940 4169 ἐπὶ
991 4117 1106 4178 τοῖς
1142 4115 1216 4186 μὴ
1248 4114 1636 4184 ὑποκειμένοις
1679 4116 1868 4181 αὐτοῖς

273 4208 513 4277 θέμασιν
557 4208 710 4263 οὐδέν
745 4226 798 4261 τι
825 4208 1038 4263 δίκαιον
1098 4208 1317 4277 ἔχουσιν
1378 4211 1627 4278 ἐνεργεῖν
1663 4207 1699 4276 ἢ
1726 4209 1864 4272 ὅλως

274 4302 458 4354 ποιεῖν
492 4317 545 4353 τι
583 4300 670 4353 ἐπ’
704 4300 915 4363 αὐτοῖς,
949 4300 1124 4364 οὕτως
1147 4301 1273 4354 οὐδὲ
1295 4299 1390 4352 ἐπὶ
1418 4302 1533 4363 τοῖς
1556 4300 1662 4353 τῶν
1710 4318 1868 4368 μονα-

271 4386 524 4461 στηρίων
551 4390 834 4463 ἀκινήτοις
859 4395 910 4444 οἱ
942 4393 1256 4463 πράκτορες
1305 4390 1413 4443 τῶν
1447 4391 1722 4460 θεμάτων,
1772 4393 1863 4460 ὑφ’

266 4480 366 4543 οὓς
394 4479 612 4534 τελοῦσι
646 4480 717 4535 τὰ
769 4479 1001 4535 τοιαῦτα
1051 4481 1310 4552 ἀκίνητα,
1362 4480 1676 4551 πράκτορες
1709 4482 1862 4549 λογι-

1981 3301 2089 3339 non
2122 3285 2299 3339 licebit
2330 3287 2567 3340 exactori
2594 3296 2687 3340 aut
2714 3288 3035 3356 descriptori
3066 3287 3185 3351 ulli,
3240 3286 3566 3352 fumarium.

1989 3378 2076 3432 vel
2108 3379 2463 3440 mettsorium,
2492 3388 2584 3432 ant
2616 3377 2759 3431 aliud
2799 3378 3094 3449 quodpiam
3125 3378 3381 3450 vectigal,
3420 3381 3564 3450 quod

1979 3469 2046 3523 ad
2085 3469 2257 3538 ipsius
2291 3468 2524 3523 cilicium
2556 3471 2850 3541 pertineat,
2881 3471 3126 3541 recipere
3155 3472 3224 3528 ab
3255 3473 3564 3529 immobili-

1980 3560 2103 3625 bus,
2132 3574 2252 3628 qum
2282 3575 2444 3630 supra
2481 3560 2702 3630 scriptis
2729 3560 3016 3629 subjacent
3058 3562 3422 3619 monasteriis.
3454 3562 3559 3631 Qui

1977 3654 2126 3707 enim
2161 3664 2353 3708 contra
2392 3668 2566 3708 ausus
2614 3652 2778 3713 fuerit
2822 3653 2959 3709 sciat
3001 3669 3061 3709 se
3095 3669 3201 3709 non
3241 3662 3450 3709 tantum
3484 3655 3562 3723 id,

1957 3738 2122 3814 'quod
2155 3746 2354 3815 exegit,
2377 3745 2793 3813 multiplicatum
2826 3747 3343 3813 restituturum,sed
3368 3759 3423 3803 et
3442 3764 3563 3803 om-

1977 3833 2124 3887 nium
2156 3833 2420 3889 bonorum
2457 3835 2809 3904 publicationi
2839 3851 2961 3890 cum
2994 3836 3215 3892 infamia
3243 3847 3296 3894 et
3323 3839 3567 3895 civilium

1977 3923 2220 3978 munium
2254 3923 2619 3994 incapacitate
2669 3924 2976 3996 subjectum
3008 3927 3099 3983 iri.
3146 3925 3238 3983 Sic
3270 3928 3412 3982 enim
3449 3929 3567 3984 vult

1977 4028 2098 4069 inea
2129 4015 2387 4086 maiestas
2418 4016 2533 4087 jam
2582 4019 3057 4073 manifestatorum
3098 4019 3559 4075 monasteriorum

1976 4106 2274 4162 immobilia
2326 4110 2507 4164 omnia
2552 4109 2741 4166 haberi
2791 4112 2858 4164 ab
2903 4122 3232 4179 unoquoque
3272 4120 3564 4175 exactore,

1974 4200 2132 4268 quasi
2156 4210 2263 4253 non
2300 4198 2517 4254 subsint
2562 4200 2734 4268 ipsius
2781 4194 2980 4265 oﬂicio,
3036 4199 3121 4254 vel
3171 4200 3448 4269 potestati.
3496 4200 3566 4255 Et.

1974 4292 2427 4359 quemadmodum
2456 4303 2749 4347 exactores
2789 4291 2841 4345 in
2874 4307 2980 4345 non
3023 4291 3285 4359 subjectis
3331 4292 3434 4346 sibi
3471 4307 3561 4346 re-

1972 4382 2222 4450 gionibus
2253 4381 2385 4436 nihil
2405 4381 2547 4452 juris
2576 4383 2801 4450 habent,
2834 4391 2893 4436 ut
2930 4383 2984 4436 in
3021 4382 3088 4437 iis
3126 4393 3288 4450 agant
3319 4384 3561 4437 admini-

1974 4486 2216 4532 strentve
2275 4478 2618 4547 quidquam:
2656 4479 2739 4534 sic
2782 4493 2882 4534 nec
2934 4479 2988 4532 in
3030 4478 3399 4534 immobilibus
3442 4495 3564 4536 mo-

271 4540 600 4641 60i;erowat.
660 4573 743 4627 Τὰ
795 4575 981 4642 μέντοι
1031 4540 1380 4644 γενησδμενα
1409 4540 1719 4644 ,πρακτικὰ
1748 4540 1859 4645 (ίιι)

1973 4568 2333 4622 nasteriornm
2390 4576 2675 4624 exactores
2725 4569 3175 4638 provinciarum,
3235 4571 3434 4639 quibus
3498 4587 3561 4625 ea

269 4664 370 4715 zeal
391 4664 444 4716 οἱ
490 4665 847 4735 περιορισμοὶ
910 4665 1043 4735 παρ’
1081 4660 1157 4719 ὧν
1205 4666 1271 4719 ἂν
1332 4665 1558 4737 ὁρίσῃή
1613 4664 1864 4735 βασιλεία

1973 4659 2217 4724 subsunt,
2269 4660 2642 4714 censebuntur
2684 4664 2992 4715 exactores.
3047 4659 3179 4725 Quae
3224 4660 3386 4728 igitur
3436 4661 3567 4715 lient

272 4770 380 4823 μου
404 4754 485 4817 είς
512 4754 862 4826 παράστασιν
901 4756 1010 4808 τῶν
1071 4757 1316 4827 σήμερον
1364 4758 1514 4827 παρὰ
1540 4757 1650 4811 τῶν
1695 4775 1862 4827 μονα-

271 4845 518 4916 στηρίων
562 4849 904 4917 νεμομένων,
931 4851 1043 4911 τοῖς
1082 4831 1418 4919 προσέρόροις
1463 4849 1746 4927 σεκρέτοις
1794 4850 1863 4903 δι’

269 4939 480 5009 εἴδησιν
508 4938 1156 5011 ἐγκαταστρωθήσονται.
1200 4942 1511 5010 Ὀφείλουσι
1542 4941 1601 4995 δὲ
1660 4942 1862 4996 εἲδέναι

268 5033 456 5086 πάντα
483 5031 552 5085 τὰ
596 5033 961 5103 μοναστήρια,
1009 5033 1085 5096 ὡς
1114 5027 1232 5087 οἷον
1264 5034 1332 5086 ἂν
1357 5032 1417 5097 ἐξ
1449 5031 1630 5097 αὐτῶν
1659 5034 1862 5104 εὑρεθῇ

271 5123 628 5195 ῥᾳδιουργίαν
655 5125 781 5177 τινὰ
813 5124 1185 5195 ποιησάμενον
1210 5125 1304 5177 ἐπὶ
1323 5125 1437 5187 τοῖς
1469 5126 1712 5193 σήμερον
1731 5126 1863 5193 παρ’

267 5213 451 5268 αὐτῶν
503 5214 890 5285 κατεχομένοις
960 5215 1263 5286 ἀκινήτοις,
1320 5214 1353 5285 ἢ
1415 5213 1862 5284 συμπαιγνίανῆ

269 5306 422 5360 δόλον
468 5306 880 5378 πλημμελῆσάν
902 5323 1022 5360 τινα
1044 5307 1105 5359 οὐ
1137 5305 1300 5375 μόνον
1320 5305 1428 5357 ἀπὸ
1455 5305 1556 5372 τῆς
1594 5303 1690 5356 τοῦ
1720 5320 1865 5374 παρ-

270 5398 425 5463 όντος
463 5399 864 5471 χρυσοϐούλλου
906 5400 1070 5468 λόγου
1118 5400 1220 5469 τῆς
1271 5396 1553 5467 βασιλείας
1588 5413 1690 5466 μου
1719 5396 1867 5466 ὠφε-

269 5492 421 5557 λεέας
465 5495 567 5547 οὐκ
614 5494 940 5564 εὐμοιρήσει
990 5493 1053 5547 τὸ
1112 5492 1356 5556 σύνολον,
1424 5490 1564 5544 ἀλλὰ
1613 5491 1707 5544 zeal
1761 5489 1860 5544 τοῦ

272 5585 840 5657 προφιλοτιμηθέντος
900 5584 1050 5654 αὐτῷ
1125 5586 1449 5637 ἐκπεσεῖται
1509 5583 1721 5636 δικαίου
1773 5579 1863 5633 διὰ

268 5674 365 5729 τοῦ
397 5675 796 5747 προγεγονότος
858 5675 1063 5738 πάσαις
1092 5675 1214 5737 ταῖς
1263 5673 1626 5745 δηλωθείσαις
1671 5673 1861 5742 μοναίς

272 5768 461 5838 ἑτέρου
488 5767 896 5838 χρυσοϐούλλου
926 5766 1090 5837 λόγου
1130 5768 1228 5836 τῆς
1263 5764 1544 5837 βασιλείας
1588 5782 1689 5836 μου
1719 5763 1860 5834 (15).

342 5877 456 5950 (ii)
490 5878 720 5937 Leuncl.
750 5881 896 5950 Cunj.
927 5876 1297 5949 πρακτορικά.

1968 4761 2110 4813 acta,
2142 4757 2197 4804 et
2240 4749 2639 4818 descriptiones
2688 4750 2902 4818 [finium
2938 4746 3109 4821 scil.j,
3163 4748 3231 4803 ab
3283 4749 3369 4815 iis,
3427 4764 3565 4819 quas

1968 4841 2255 4910 imperium
2332 4857 2511 4896 meum
2590 4841 2950 4897 destinaverit
3018 4840 3086 4895 ad
3161 4840 3560 4896 exhibitioncm

1966 4945 2179 4999 eorum,
2210 4948 2328 4998 quae
2360 4947 2388 4985 a
2433 4931 2781 4985 monasteriis
2820 4930 3199 5001 possidentur;
3244 4938 3559 4999 competen-

1971 5022 2117 5077 tibus
2145 5025 2376 5076 secretis
2403 5032 2627 5091 propter
2665 5022 2914 5074 notitiam
2941 5020 3381 5076 insinuabuntur.
3408 5017 3563 5074 Scire

1970 5125 2202 5181 namque
2228 5114 2429 5166 debent
2475 5111 2662 5165 omnia
2706 5112 3037 5166 monasteria
3067 5126 3082 5176 ;
3115 5111 3160 5165 si
3209 5109 3355 5179 quod
3396 5125 3461 5165 ex
3495 5110 3563 5165 iis

1967 5205 2386 5272 deprachensum
2430 5203 2594 5259 fuerit
2636 5204 2883 5259 fraudem
2936 5203 3198 5273 aliquam,
3248 5202 3333 5257 vel
3382 5201 3555 5256 collu-

1967 5298 2203 5363 sionem,
2252 5298 2335 5351 vel
2386 5298 2570 5351 dolum
2620 5296 2822 5351 l'ecisse
2876 5297 2927 5350 in
2977 5294 3386 5358 immobilibus,
3435 5308 3560 5363 qua:

1968 5393 2132 5448 hodie
2157 5394 2224 5447 ab
2256 5392 2387 5461 ipsis
2415 5392 2783 5461 possidentur,
2810 5406 2915 5445 non
2943 5392 3113 5446 solum
3137 5388 3271 5444 nihil
3298 5387 3552 5443 utilitatis

1968 5499 2036 5538 ex
2065 5484 2168 5540 hac
2195 5499 2329 5538 mea:
2369 5483 2671 5550 majestatis
2702 5497 2867 5537 aurea
2903 5482 3046 5536 bulla
3087 5489 3507 5538 consecuturum
3537 5494 3553 5544 ;

1968 5577 2063 5632 sed
2093 5578 2256 5631 etiam
2290 5554 2548 5630 casurum
2578 5574 2706 5642 jure
2746 5572 3020 5643 praedictis
3067 5570 3415 5626 monasteriis
3459 5582 3560 5639 per

1969 5669 2131 5725 aliam
2181 5668 2330 5737 prius
2383 5666 2604 5730 factum,
2649 5663 2857 5735 imperii
2908 5662 3012 5717 mei
3057 5662 3295 5717 Auream
3345 5660 3558 5716 Bullam

1968 5774 2255 5816 COIICESSO.

2045 5870 2155 5941 (lii)
2181 5869 2465 5938 Reliquam
2491 5876 2703 5938 patient
2721 5864 2879 5934 hujus
2902 5862 3230 5936 cbrysobnlli
3257 5860 3547 5917 Balsamon
