4014 6456
392 431 503 499 735
1187 497 1191 499 λ
1649 429 2047 494 MANUELIS
2085 424 2435 489 COMNENI
3570 412 3682 477 736

2002 583 2079 644 Χ.

1288 758 1463 798 suum
1502 756 1668 797 sonu
1697 757 1767 796 ne
1796 754 2141 796 IIIIOBILIBUS
2164 749 2611 793 nonasmmonuu
2641 733 2779 800 (16).

475 908 940 983 [Χρυσόὸουλλον]
964 909 1026 963 τὸ
1047 909 1192 963 κατά
1225 906 1317 962 τὸν
1361 906 1697 976 Ὀκτώϐριον
1734 905 1881 975 μῆνα
1918 903 2015 973 τῆς
2047 903 2091 966 ζ’
2129 903 2226 956 ινδ.
2284 902 2379 955 τοῦ
2441 898 2615 972 ,ςχξςη
2647 899 2800 963 ἔτους
2827 897 3122 963 ἀπολυθὲν,
3164 896 3261 950 καὶ
3297 891 3683 967 παρακελευό-

402 1022 566 1076 μενον
594 1003 743 1074 ἔχειν
773 1002 843 1057 τὰ
881 1004 1229 1073 μοναστήρια
1275 999 1420 1054 κατὰ
1447 1000 1509 1054 τὸ
1562 998 1993 1054 ἀναπύσπαστον
2028 995 2103 1049 τὰ
2145 995 2382 1050 ἀκίνητα
2421 994 2653 1059 τούτων,
2694 993 2799 1049 κάν
2828 991 3159 1061 διαγνώσεις
3192 988 3460 1060 ἐδόθησαν
3489 989 3684 1054 αὐτοῖς

401 1098 557 1169 παρά
615 1096 723 1152 τῶν
753 1094 1121 1165 ἀναγραφέων
1149 1092 1463 1169 δικαιοῦσαι
1502 1090 1594 1146 τὸν
1622 1089 1888 1162 δημόσιον
1916 1086 2055 1160 (17).

1993 1265 2108 1328 XI.

1012 1455 1078 1496 NE
1112 1455 1441 1498 uomm'rton
1479 1451 1847 1494 sriscoronuu
1889 1450 2023 1490 BONA
2065 1451 2129 1490 an
2165 1449 2527 1491 sxacromsus
2561 1450 2907 1491 DlRlPuNTl'lt
2942 1432 3079 1505 (l8).

412 1604 499 1663 Na
549 1606 884 1661 morientium
929 1584 1288 1672 apiscendi-um
1352 1604 1490 1676 bona
1549 1601 1895 1676 diripiantur_
1931 1596 1997 1649 ab

2137 1599 2246 1670 Ιερὶ
2285 1599 2392 1676 τοῦ
2410 1598 2498 1676 μὴ
2528 1599 2890 1676 ἁρπάζεσθαι
2919 1598 2991 1676 τὰ
3017 1596 3146 1676 τοῖς
3175 1593 3699 1676 τελευτῶσιν-λέπι-

481 1678 835 1732 exactoribus.
868 1667 1303 1730 Emissa'mense
1338 1667 1666 1745 Septembri,
1700 1667 1997 1724 indictione

480 1758 693 1818 quarta.

488 1943 617 2011 Res,
656 1960 775 2015 qum
815 1946 867 1999 in
906 1944 1002 2001 Dei
1044 1954 1444 2016 contemptum,
1479 1956 1533 2002 et
1582 1947 1651 2002 ad
1692 1945 1868 2018 legum
1904 1963 2002 2002 na-

415 2046 556 2093 turae
608 2038 1064 2103 inllrmationem,
1110 2039 1179 2094 ab
1218 2037 1308 2104 iis,
1348 2039 1438 2108 qui
1477 2038 1574 2109 (ut
1606 2039 1784 2110 aiunt)
1826 2055 2001 2110 neque

413 2127 511 2183 Dei
546 2142 757 2191 vocem,
798 2142 973 2198 neque
1014 2128 1295 2183 hominum
1340 2129 1635 2185 vindictam
1682 2129 1999 2200 formidant,

413 2230 472 2276 nt
503 2230 586 2277 est
627 2220 946 2287 verisimile,
998 2231 1287 2291 patratur,
1336 2238 1442 2278 non
1498 2223 1725 2279 ferenda
1776 2225 2001 2281 omnino

413 2324 539 2365 meo
575 2312 809 2379 imperio
841 2312 957 2367 visa
1012 2322 1122 2380 est,
1160 2327 1285 2370 cum
1322 2314 1388 2368 ad
1439 2314 1555 2383 ejus
1602 2330 1761 2373 aures
1804 2332 2003 2387 perve-

415 2404 613 2459 nisset.
667 2402 1035 2471 Quamobrem
1092 2421 1255 2470 eam,
1307 2415 1367 2460 ut
1412 2407 1635 2461 omnino
1688 2406 2003 2464 Christiana

418 2492 765 2564 professione
798 2492 1098 2562 indignam,
1132 2507 1311 2548 meum
1345 2494 1570 2566 corrigit
1602 2496 1911 2566 imperium.
1941 2497 2003 2555 Ei

416 2586 564 2638 enim
621 2585 852 2640 relatum
905 2596 1012 2653 est,
1071 2585 1125 2640 in
1176 2601 1401 2642 excessu
1453 2605 1485 2644 e
1534 2588 1639 2644 vita
1689 2604 1877 2645 eorum
1911 2592 2002 2661 qui

417 2678 598 2733 ubivis
628 2676 1004 2746 pontiﬁcatum
1036 2689 1231 2748 gerunt
1277 2679 1332 2733 in
1369 2680 1731 2738 sanctissimis
1765 2682 1855 2738 Dei
1896 2684 2005 2739 Ec-

419 2767 632 2833 ciesii’s,
674 2768 871 2837 partim
901 2768 1122 2837 quidem
1164 2778 1456 2840 antequam
1510 2771 1675 2828 l'unus
1722 2773 2004 2843 eﬂ‘eratur,

420 2860 622 2931 partim
655 2874 790 2915 vero
820 2869 1106 2931 postquam
1137 2859 1338 2917 elatum
1375 2862 1693 2932 fuerit,eos,
1723 2866 1814 2935 qui
1859 2867 1913 2922 in
1942 2881 2006 2923 ea

2177 1666 2432 1735 ἂκόποιξ
2461 1669 2768 1735 ἀνήκοντα
2787 1668 2947 1735 παρὰ
2970 1666 3090 1720 τῶν
3126 1666 3697 1735 πρακτόρωνῖἊπο-

2176 1739 2369 1795 λυθὲν
2400 1734 2550 1795 κατά
2568 1734 2695 1795 τὸν
2720 1734 3123 1807 Σεπτίέμϐριον
3143 1736 3313 1806 μῆνα
3344 1734 3450 1803 τῆς
3484 1734 3532 1787 δ’
3558 1734 3697 1787 ἐπι·

2177 1810 2512 1880 νεμήσεως.

2179 1947 2425 2018 Πρᾶγμα
2465 1947 2559 1999 καὶ
2601 1947 2681 2009 εἰς
2724 1944 2863 1999 θεοῦ
2893 1943 3247 2014 τολμώμενον
3294 1939 3700 2013 περιφρόνησιν

2109 2040 2205 2093 καὶ
2236 2040 2317 2102 εἰς
2351 2037 2611 2108 ἀθέτησιν
2639 2036 2857 2106 θεσμῶν
2876 2035 3126 2105 φυσικῶν
3147 2034 3300 2104 παρά
3322 2033 3428 2087 τῶν
3452 2034 3501 2101 (ὅ
3537 2031 3698 2100 φασι)

2115 2131 2251 2203 μήτε
2291 2130 2427 2184 Θεοῦ
2479 2130 2604 2184 ὄπιν
2632 2129 2759 2202 μήτ’
2788 2128 3096 2201 ἀνθρώπιον
3145 2128 3369 2197 νέμεσιν
3395 2123 3701 2196 ὑφορωμέ-

2114 2238 2245 2285 νων,
2292 2219 2368 2283 ὡς
2417 2220 2617 2283 ἔοικεν,
2664 2220 2765 2273 οὐκ
2786 2212 3016 2273 ἀνεκτὸν
3044 2219 3180 2281 ὅλως
3205 2216 3462 2285 ἐλογίσθη
3486 2218 3551 2286 τῇ
3596 2215 3703 2286 βα-

2114 2313 2290 2385 σιλείᾳ
2342 2329 2442 2383 μου
2504 2314 2582 2375 εἰς
2628 2313 2799 2374 ἀκοὰς
2866 2313 3006 2382 αὐτῇ
3044 2310 3359 2372 πεπτωκός.
3390 2309 3585 2362 Ἔνθεν
3614 2325 3703 2361 τοι

2110 2406 2207 2459 καὶ
2234 2404 2309 2469 ὡς
2335 2404 2518 2476 πάντη
2544 2404 2640 2457 τοῦ
2668 2405 2777 2457 τῶν
2805 2404 3209 2475 χριστωνύμων
3262 2401 3484 2466 ἀνάξιον
3524 2403 3706 2469 ἐπαγ-

2113 2498 2391 2570 τέλματος
2420 2497 2733 2568 διορθοῦται
2756 2496 2972 2568 τοῦτοή
3003 2494 3256 2567 βασιλεία
3310 2512 3436 2566 μου.
3478 2493 3708 2565 ’Δνηνέ-

2113 2592 2220 2665 χθη
2275 2593 2385 2663 γὰρ
2422 2592 2584 2663 αὐτῇ,
2618 2591 2694 2654 ὡς
2720 2592 2778 2644 ὲν
2813 2592 2936 2652 ταῖς
2988 2588 3096 2643 ἀπὸ
3124 2588 3218 2641 τοῦ
3273 2587 3372 2660 ζῇν
3407 2584 3709 2655 ἐκδημίαις

2113 2687 2224 2742 τῶν
2252 2685 2594 2756 ὁπουδήποτε
2630 2681 3145 2753 ἀρχιερατευόντων
3172 2680 3231 2732 ὲν
3271 2680 3393 2741 ταῖς
3420 2676 3520 2732 τοῦ
3558 2674 3701 2730 Θεοῦ

2114 2778 2452 2847 ἁγιωτάταις
2466 2775 2844 2843 Ἐκκλησίαις,
2874 2772 2953 2843 πῆ
2985 2773 3084 2843 μὲν
3125 2771 3221 2825 καὶ
3245 2771 3351 2841 πρὸ
3383 2769 3482 2838 τῆς
3518 2767 3705 2821 αὐτῶν

2114 2874 2358 2944 ἐκφορᾶς
2397 2871 2476 2941 πῆ
2509 2870 2567 2925 δὲ
2594 2870 2689 2923 καὶ
2724 2869 2863 2939 μετά
2896 2867 2993 2937 τὴν
3025 2864 3291 2935 ἐκφορὰν,
3325 2864 3375 2916 οἱ
3407 2860 3551 2915 κατά
3586 2858 3701 2930 χώ-

421 2952 646 3021 regione
713 2951 829 3007 ﬁsci
892 2952 1339 3022 procurationem
1409 2965 1703 3021 exercent,
1764 2955 2005 3026 ipsorum

2137 2983 2216 3019 »αν
2246 2961 2600 3034 ἐνεργοῦντες
2632 2961 2909 3031 προφάσει
2942 2959 3041 3028 τῆς
3089 2954 3273 3010 αὐτῶν
3306 2952 3570 3022 τελευτῆς
3591 2950 3707 3003 τῶν

423 3046 624 3102 mortis
658 3055 948 3115 prmtextu,
991 3060 1181 3102 eorum
1209 3048 1375 3103 cellas
1402 3050 1697 3105 inhumane
1729 3050 2007 3120 invadere,

423 3147 480 3194 et
511 3138 832 3205 immobilia,
875 3153 994 3209 quae
1023 3149 1155 3195 sunt
1193 3139 1297 3195 sub
1329 3138 1614 3209 Ecclesiis,
1652 3157 1774 3214 quae
1807 3145 1887 3199 eis
1917 3144 2014 3199 ob-

422 3231 665 3302 tigerant
699 3244 715 3287 :
748 3239 804 3287 et
830 3246 1022 3287 omnes
1050 3233 1269 3302 quidem
1312 3231 1620 3301 facultates,
1674 3251 1792 3305 quae
1823 3237 1876 3291 in
1907 3236 2013 3293 illis

424 3324 665 3380 inventa:
713 3322 949 3388 fuerint,
987 3324 1204 3380 auferre
1237 3342 1253 3381 :
1290 3328 1600 3383 universam
1651 3338 1831 3385 autem
1872 3330 2015 3400 ejus-

423 3414 572 3470 modi
606 3414 964 3470 immobilium
992 3416 1336 3473 exactionem
1373 3416 1647 3486 iacere,et
1679 3435 1740 3477 ea
1775 3420 2015 3492 alioquin

423 3511 650 3567 Omnino
682 3519 990 3571 conterere.

501 3622 796 3692 Imperium
831 3637 963 3693 ergo
998 3639 1200 3691 meum,
1230 3639 1300 3681 ne
1332 3624 1417 3683 vel
1452 3625 1642 3682 auditu
1681 3627 1900 3698 quidem
1934 3628 2019 3684 l'e-

430 3715 658 3771 rendam
694 3729 882 3769 eorum
918 3729 1042 3779 esse
1082 3715 1365 3771 audaciam
1397 3717 1750 3785 existimans,
1785 3735 1855 3775 ne
1891 3735 2049 3777 cum-

434 3808 694 3863 damnum
719 3815 774 3863 et
796 3806 1084 3863 calamitas
1106 3824 1170 3863 ex
1195 3809 1503 3865 antistitum
1539 3821 1714 3869 morte
1740 3813 1807 3868 ad
1829 3829 2019 3868 eorum

435 3898 712 3957 Ecclesias
744 3901 1072 3971 pervaserit,
1106 3901 1161 3957 lii
1213 3902 1385 3958 multo
1430 3905 1690 3975 majorem
1740 3906 2024 3960 calamita-

434 4001 546 4048 tem
580 3994 872 4063 inveltant;
907 4003 962 4050 et
991 4012 1052 4050 ea
1102 3996 1232 4063 sint,
1282 4012 1447 4067 quam
1488 3997 1602 4066 jam
1638 3998 1860 4067 habent,
1900 4013 2022 4067 mo-

433 4084 592 4141 lestia
619 4088 776 4157 longe
804 4088 1187 4144 molestiores:
1211 4090 1402 4145 statuit
1422 4104 1517 4159 pcr
1539 4089 1679 4159 lianc
1699 4099 2023 4160 prmscntem

437 4176 923 4246 Constitutionem,
969 4197 1036 4236 ne
1086 4181 1153 4237 ab
1187 4181 1254 4237 iis
1284 4182 1375 4253 qui
1412 4182 1635 4238 ducales
1669 4184 2029 4253 magistratus

437 4283 660 4343 gerunt,
695 4273 779 4329 vel
815 4274 907 4344 qni
941 4275 1365 4345 descriptiones,
1418 4275 1505 4331 vel
1553 4276 1737 4345 aliqua
1775 4276 1877 4329 alia
1905 4277 2029 4343 jure

437 4366 556 4421 ﬁsci
585 4379 867 4432 exercent,
923 4367 1028 4423 tale
1073 4369 1204 4437 quid
1233 4369 1288 4424 in
1321 4369 1695 4425 sanctissimas
1729 4368 2028 4434 Ecclesias,
2054 4347 2102 4414 (ἶ

439 4456 526 4513 vel
580 4472 773 4513 eorum
833 4458 1171 4526 immobilia,
1226 4460 1312 4517 vel
1362 4461 1671 4517 antistitum
1726 4459 1927 4527 cellas,
1975 4460 2031 4515 in

439 4559 631 4600 eorum
679 4558 855 4603 nmt‘le
903 4548 1158 4620 deinceps
1190 4550 1421 4620 amplius
1469 4553 1797 4616 innovetur;
1851 4552 1947 4606 sed
1985 4552 2033 4605 si

444 4638 632 4693 testati
660 4639 877 4708 quidem
912 4642 1219 4698 moriantur
1262 4645 1559 4706 antistites,
1611 4657 1799 4698 eorum
1841 4642 2034 4697 volun-

449 4737 562 4784 tate
592 4738 645 4785 et
672 4731 1019 4787 ordinatione
1050 4734 1237 4787 omnia
1268 4733 1426 4798 ﬁant,
1457 4732 1601 4801 quod
1634 4732 1699 4785 ad
1726 4746 1787 4785 ea
1815 4733 2032 4797 attinet,

446 4834 570 4889 quae
618 4821 671 4875 in
729 4836 921 4876 eorum
978 4822 1129 4878 cellis
1162 4823 1537 4878 inveniuntur.
1586 4821 1743 4889 Quod
1799 4824 1843 4876 si
1891 4822 2031 4876 forte

449 4911 614 4966 etiam
646 4913 887 4966 intestati
924 4914 1290 4980 decesserint,
1323 4914 1506 4969 omnia
1538 4929 1755 4983 quoque
1787 4914 1939 4979 (iant,
1972 4920 2033 4967 ut

449 5005 627 5060 sacris
679 5006 982 5061 canonibus
1032 5014 1089 5060 et
1126 5006 1336 5074 legibus
1371 5006 1604 5061 videtur.
1648 5006 1813 5075 Atqui
1865 5006 1919 5059 in
1950 5005 2034 5059 vi-

455 5097 683 5153 duarum
716 5097 1087 5155 Ecclesiarum
1139 5100 1440 5156 immobilia
1478 5114 1554 5155 ne
1584 5099 1777 5169 pedem
1814 5088 2031 5167 quidem

457 5317 563 5357 non
588 5302 905 5371 expressit;
934 5301 1141 5357 notavit
1172 5309 1393 5357 autem:
1468 5301 1699 5371 Ἐφεξῆς
1760 5302 1823 5355 δὲ
1858 5302 2039 5355 ἀνεῖλε

455 5373 517 5446 τὸ
563 5373 805 5446 τοιοῦτον
864 5371 1263 5446 χρυσᾴϐουλλον
1317 5373 1414 5446 καὶ
1481 5372 2042 5446 πᾷσαν-πρρσταξιν

458 5440 1111 5512 ἐναντιουμένηνἾτούτῳ
1161 5442 1455 5509 γεγονυῖαν
1514 5441 1763 5510 δηλονότι
1875 5458 2040 5512 γενητ

463 5510 724 5582 σομένην,
790 5512 886 5564 καὶ
915 5510 1208 5582 διωρίσατο
1246 5512 1506 5582 χρῆσθαι
1559 5512 1681 5582 τάςν
1710 5510 1887 5582 μονὰς
1946 5510 2046 5563 καὶ

461 5584 578 5644 τοῖς
610 5580 997 5649 παλαιγενέων
1033 5580 1212 5632 αὐτῶν
1237 5580 1625 5650 δικαιώμασιν.
1665 5580 1874 5634 Similia
1900 5582 2047 5633 circa

470 5650 631 5702 ﬁnem
665 5662 718 5704 ct
742 5652 883 5705 istud
909 5651 1319 5718 elirysobullmn
1357 5654 1625 5713 continet,
1670 5651 1815 5717 quod
1839 5650 2045 5718 Magna:

470 5718 732 5841 lipclcsitn
787 5735 1105 5777 concessum
1139 5729 1397 5791 tanquam
1445 5720 1585 5775 Nov.
1652 5720 1713 5772 Vl
1747 5720 1904 5775 modo
1941 5722 2047 5801 edi-

474 5802 669 5841 «imus.

474 5802 669 5844 mutus.

2116 3074 2177 3111 τε
2208 3057 2437 3111 κελλιων
2462 3053 2641 3108 αὐτῶν
2665 3050 3054 3121 ἀπανθρώπως
3076 3044 3578 3116 κατεπεμδαίνουσι
3610 3041 3710 3094 καὶ

2116 3150 2225 3205 τῶν
2292 3150 2398 3204 ὑπὸ
2431 3149 2531 3210 τὰς
2579 3145 2853 3216 λαχούσας
2898 3142 3097 3203 αὐτοὺς
3131 3126 3468 3219 Ἕκκλησὶας
3502 3134 3708 3204 ἀκινή-

2118 3259 2266 3298 ἰτων⁹
2319 3242 2416 3296 καὶ
2455 3238 2813 3310 ἀφαιροῦνται
2869 3235 2967 3306 μὲν
3022 3232 3241 3287 ᾶπαντα
3262 3230 3329 3283 τὰ
3388 3229 3445 3281 ὲν
3482 3225 3704 3287 τούτοις

2122 3337 2534 3408 παρευρεοέντα
2593 3334 2703 3386 τῶν
2765 3331 3124 3402 ὑπαρχόντων
3150 3327 3356 3389 αὐτοῖς,
3399 3318 3706 3388 καθολικὴν

2121 3430 2178 3485 δὲ
2206 3429 2487 3484 ποιοῦνται
2514 3428 2622 3481 τῶν
2656 3423 2916 3479 τοιούτων
2944 3422 3218 3491 ἀκινήτων
3258 3417 3586 3485 ἀπαίτησιν,
3611 3413 3712 3466 καὶ

2123 3522 2396 3585 παντοίως
2421 3521 2623 3592 ἑτέρως
2647 3518 2819 3572 ταῦτα
2843 3515 3246 3588 συντρέὀουσιεοο

2210 3638 2275 3692 Ἦ
2298 3635 2432 3707 γοῦν
2469 3634 2721 3706 βασιλεία
2747 3651 2849 3702 μου
2876 3631 3012 3703 μηδὲ
3032 3632 3196 3700 μέχρι
3223 3628 3316 3682 καὶ
3346 3627 3425 3690 εἰς
3454 3625 3715 3693 ἄκουσμα

2130 3730 2293 3802 μόνον
2342 3727 2651 3798 ἀνασχετὴν
2705 3723 3031 3796 ἡγησαμένη
3062 3721 3161 3791 τὴν
3202 3717 3461 3788 τοιαύτην
3506 3715 3715 3784 τόλμα-ι

2129 3821 2330 3882 αὐτῶν,
2371 3818 2457 3871 ἵνα
2483 3817 2556 3889 μὴ
2590 3814 2805 3885 καὶτῆς
2833 3816 2926 3868 ἐπὶ
2956 3815 3068 3876 τοῖς
3101 3810 3357 3872 θανάτοις
3381 3807 3486 3862 τῶν
3519 3808 3717 3877 ἀρχιε-

2132 3915 2272 3986 ρέων
2293 3909 2555 3979 ἐπιούσης
2586 3909 2705 3971 ταῖς
2736 3907 2852 3960 κατ’
2885 3904 3085 3967 αὐτοὺς
3116 3898 3476 3970 Ἐκκλησίαις
3508 3897 3718 3967 ζημίας

2132 4004 2227 4057 καὶ
2278 4002 2565 4072 συμφορᾶς
2625 3991 2772 4052 οὗτοι
2847 3993 3412 4067 βαρυσυμφορώτεροι
3479 3989 3721 4059 γίνοιντο

2133 4095 2341 4165 καὶτῆς
2371 4092 2457 4144 ἐπ’
2492 4091 2676 4155 αὐτοῖς
2706 4089 2863 4151 ἀνίας
2891 4089 3281 4159 ἀνιαρώτεροι,
3309 4080 3606 4153 διορίζεται
3625 4079 3718 4132 διὰ

2133 4187 2234 4254 τῆς
2293 4183 2578 4256 παρούσης
2621 4182 2994 4255 προστάξεως,
3018 4178 3215 4249 μηκέτι
3250 4175 3403 4247 παρά
3431 4174 3540 4227 τῶν
3574 4171 3723 4227 κατά

2136 4278 2321 4349 χώραν
2348 4277 2448 4339 τὰς
2471 4275 2733 4338 δουκικάς
2758 4272 2932 4342 ἀρχὰς
2954 4270 3250 4324 διεπόντων
3276 4267 3309 4336 ἢ
3330 4263 3660 4334 ἀναγραφὰς
3683 4262 3720 4333 ἦ

2134 4375 2277 4445 ἕτερ’
2298 4374 2436 4427 ἄττα
2462 4371 2657 4441 δικαίῳ
2686 4369 2777 4423 τοῦ
2804 4367 3070 4438 δημοσίου
3095 4360 3723 4435 ἐνεργούντωντοιοῦτὸν

2130 4482 2185 4518 τι
2207 4463 2471 4517 κατάτῶν
2493 4459 2816 4530 ἁγιωτάτων
2832 4455 3180 4528 Ἐκκλησιῶν
3216 4455 3248 4523 ἢ
3280 4453 3389 4506 τῶν
3416 4451 3510 4505 ὑπ’
3548 4450 3725 4512 αὐτᾶς

2133 4554 2412 4624 ἀκινήτων
2466 4550 2642 4621 ἢτῶν
2690 4548 2922 4602 κελλίων
2966 4546 3077 4600 τῶν
3134 4542 3442 4615 ἀρχιερέων
3497 4542 3555 4593 ὲν
3599 4541 3726 4602 ταῖς

2110 4644 2315 4696 καύτῶν
2338 4642 2622 4703 τελευταῖς
2654 4639 2748 4692 τοῦ
2816 4635 3008 4690 λοιποῦ
3053 4634 3506 4705 νεωτερισθῆναι.
3581 4629 3726 4685 Ἀλλ’

2134 4738 2181 4787 εἰ
2221 4735 2318 4805 μὲν
2355 4733 2691 4802 ἐνδιαθήκως
2713 4732 2762 4784 οἱ
2797 4730 3075 4801 ἀρχιερεῖς
3102 4727 3423 4794 τελευτῷεν,
3450 4724 3592 4779 κατά
3626 4724 3730 4788 τὰς

2138 4825 2321 4879 αὐτῶν
2374 4822 2571 4893 βουλάς
2598 4839 2658 4874 τε
2692 4825 2785 4874 καὶ
2840 4819 3117 4884 διατάξεις
3185 4819 3409 4873 ἅπαντα
3452 4817 3735 4885 γίνεσθαι,

2139 4917 2262 4968 ὅσον
2310 4914 2402 4967 ἐπὶ
2456 4914 2569 4976 τοῖς
2625 4912 3161 4982 παρευρισκομένοις
3214 4910 3272 4962 ὲν
3317 4909 3433 4971 τοῖς
3490 4905 3734 4970 κελλίοις

2141 5005 2355 5059 αὐτῶν·
2414 5004 2464 5055 εἰ
2522 5002 2565 5054 δ’
2620 5001 2748 5062 ἴσως
2812 5003 2908 5053 καὶ
2955 4999 3232 5054 ἀδιάθετοι
3265 4997 3730 5060 ἀπαλλάττοιντο,

2144 5097 2324 5149 πάντα
2356 5094 2451 5147 καὶ
2495 5092 2639 5146 οὕτω
2694 5091 3073 5146 συντελεῖσθαι
3128 5091 3275 5145 κατά
3296 5090 3359 5144 τὸ
3390 5092 3505 5153 τοῖς
3560 5090 3735 5160 ἱεροῖς

2223 5299 2338 5370 (16)
2367 5298 2525 5370 Anno
2559 5299 2717 5370 1159Ἴ
2745 5327 2815 5337 -
2838 5296 3121 5370 Laudatur
3142 5310 3170 5349 a
3195 5293 3340 5370 Bais,
3375 5294 3442 5349 ad
3465 5307 3590 5363 syn.
3610 5289 3734 5348 Nic.

2152 5365 2422 5435 u,'cT12.
2455 5370 2594 5422 unde
2636 5369 2805 5427 edidit
2836 5366 3150 5421 Bonelidius
3178 5381 3230 5432 p.
3267 5365 3357 5419 96.

2223 5438 2336 5509 (17)
2376 5439 2679 5501 Balsamon,
2738 5440 2802 5491 ad
2830 5440 2942 5509 _|_toc
2994 5436 3146 5509 e_t_ad
3204 5434 3342 5509 illud
3398 5432 3737 5509 χρυσόδουλ-

2147 5503 2267 5575 λον,
2318 5503 2389 5563 de
2443 5525 2552 5577 quo
2600 5523 2761 5576 supra
2825 5506 2960 5560 Nov.
3025 5503 3504 5577 ll,_Arespiciens,_
3534 5503 3686 5577 addit
3716 5520 3735 5556 :

2155 5573 2318 5635 ἅτινα
2335 5580 2398 5631 ού
2432 5573 2894 5647 κατεστρώθησαν
2946 5575 3203 5647 ἐνταῦθα,
3236 5576 3326 5627 διὰ
3356 5573 3418 5626 τὸ
3452 5573 3741 5647 αἰωνεζου-

2158 5666 2256 5704 σαν
2307 5649 2573 5716 ὠφέλειαν
2632 5644 2694 5700 ἐκ
2734 5644 2939 5700 τούτων
2993 5646 3066 5716 μὴ
3108 5646 3558 5717 ἐπιχορηγεῖσθαι
3614 5644 3738 5704 ταῖς

2165 5721 2377 5787 μοναῖς,
2409 5718 2545 5771 ἀλλὰ
2571 5716 2849 5787 καιρικήν.

2235 5789 2347 5861 (18)
2377 5788 2534 5843 Auno
2577 5787 2705 5841 1151
2737 5786 2819 5840 \‘trl
2860 5785 3016 5841 1166.
