4014 6394
214 337 313 404 137

1309 322 1674 385 NOVELLE
1714 317 2394 381 CONSTlTUTiONES.

3357 322 3465 385 738

215 451 404 509 κανόσι
432 447 528 504 καὶ
553 447 664 511 τοϊς
694 444 881 516 νόμοις
905 442 1117 498 δοκοῦν.
1148 442 1273 506 Τοῖς
1300 441 1581 509 ἀκινήτοις
1603 437 1788 509 μέντοι

1916 433 2120 487 »ωηῐηο
2150 431 2412 487 immittet
2440 429 2637 500 aliquis
2679 446 2743 488 ex
2782 433 3031 498 ducibus,
3080 432 3159 489 vel
3195 432 3468 505 aliquibus

213 542 323 596 τῶν
374 538 730 612 χηρευουσῶν
782 534 1123 606 Ἐκκλησιῶν
1155 533 1277 586 οὐδὲ
1331 532 1466 585 πόδα
1496 532 1631 594 ὅλως
1669 532 1788 583 ὲπι·

213 633 373 687 ϐαλεῖ
399 648 485 696 τις
542 629 652 684 τῶν
674 629 814 684 κατὰ
842 627 1027 698 χώραν
1058 625 1265 680 δουκῶν
1288 626 1323 696 ἦ
1351 628 1516 677 τινων
1558 620 1785 692 ἐτέρων,

213 724 287 786 ὡς
313 724 557 794 εἴρηται,
587 720 712 774 οὐδὲ
749 719 811 771 τδ
838 717 1045 773 οίονοῦν
1095 716 1310 770 ἐκεῖθεν
1356 713 1608 769 ὁπωσοῦν
1662 715 1792 767 ἁνα-

214 813 453 883 λάσηται
476 828 492 844 ·
519 811 655 865 ἀλλά
690 810 868 864 πάντα
917 807 1069 880 παρὰ
1102 806 1213 860 τῶν
1245 806 1429 877 μερῶν
1458 807 1568 859 τῶν
1613 804 1792 857 τοιού-

214 924 324 961 των
364 902 702 975 Ἐκκλησιῶν
729 904 787 956 ὲν
836 900 1018 963 αὐτοῖς
1058 897 1571 969 οἰκονομηθήσεται,
1607 896 1792 960 καθὼς

215 996 328 1068 ἄρα
374 996 471 1050 καὶ
527 995 659 1065 περὶ
698 992 894 1047 τούτου
941 991 1187 1062 νομίμως
1222 991 1316 1044 καὶ
1369 988 1673 1053 κανονικῶς
1711 988 1791 1042 δι-

214 1087 745 1161 ηγόρευται,μέχρις
770 1084 1050 1156 ἀνδηλαδὴ
1067 1085 1116 1137 οἱ
1146 1081 1287 1155 μετά
1310 1082 1435 1151 τοὺς
1460 1081 1793 1153 τεθνηκότας

213 1180 498 1251 ἀρχιερεῖς
560 1178 641 1241 είς
718 1174 1053 1245 Ἐκκλησίας
1109 1174 1603 1244 ὲπικηρυττόμενοι
1653 1172 1792 1227 κατὰ

215 1272 406 1346 χώραν
464 1270 751 1341 γεγονότες
804 1270 958 1324 αὐτοὶ
1009 1268 1109 1337 τῆς
1164 1271 1373 1322 τούτων
1471 1266 1792 1337 οἰκονομίας

214 1367 557 1433 ἀνθέξονται.
611 1364 835 1419 Εἰδέναι
886 1362 1198 1433 ὀφείλοντος
1260 1361 1356 1415 τοῦ
1410 1360 1492 1424 είς
1534 1348 1815 1430 ἀθέτησίν

215 1475 369 1522 τινος
413 1459 526 1511 τῶν
557 1460 619 1511 ὲν
665 1459 735 1529 τῇ
763 1456 1018 1529 παρούσῃ
1080 1453 1487 1527 προπάξειτῆς
1516 1451 1797 1524 βασιλείας

219 1569 326 1623 μου
350 1550 730 1622 διωρισμένων
785 1548 1157 1620 χωρήσοντος,
1213 1548 1289 1612 ὡς
1319 1548 1367 1601 εἰ
1400 1548 1495 1601 καὶ
1547 1545 1678 1610 Θεὸς
1705 1544 1798 1599 ἐπὶ

219 1640 300 1711 τῷ
358 1639 588 1711 τοιούτῳ
647 1639 815 1693 αὐτοῦ
878 1638 1194 1710 τολμήματι
1240 1636 1379 1708 πρός
1411 1653 1475 1707 γε
1517 1636 1578 1690 τὸ
1625 1636 1799 1706 παρὸν

220 1734 749 1805 παρασιωπήσεται,
807 1731 1026 1795 πάντως
1080 1732 1162 1794 εἰς
1200 1730 1259 1784 τὸ
1286 1730 1480 1802 μέλλον
1516 1721 1666 1801 αὐτῷ
1697 1727 1798 1800 τὴν

220 1828 386 1895 ἀξίαν
415 1826 576 1896 δίκην
603 1825 1021 1897 ταμιευόμενος,
1072 1824 1245 1895 ἀλλ’ί)
1277 1823 1524 1894 βασιλεία
1558 1841 1659 1895 μου
1698 1822 1795 1877 καὶ⁸

221 1920 305 1981 εἰς
336 1915 399 1972 τδ
419 1916 591 1987 παρὸν
617 1917 944 1988 πικρότερον
975 1915 1139 1970 αὐτὸν
1168 1914 1577 1985 μετελεύσεται,
1608 1931 1798 1985 σωμα-

222 2013 409 2074 τικαῖς
472 2013 686 2074 ποιναῖς
722 2010 889 2063 αὐτὸν
940 2006 1438 2073 καθυποὸαλοῦσα,
1507 2006 1688 2078 μελῶν
1738 2022 1797 2060 τε

221 2102 448 2158 οἰκείων
469 2101 958 2176 ἀκρωτηριασμοῖς
1007 2096 1237 2154 καὶτῶν
1297 2096 1656 2171 ὑπαρχόντων
1704 2098 1801 2170 δη-

227 2194 429 2267 μεύσει
462 2194 559 2248 καὶ
619 2194 890 2266 ὑπερορίᾳ
952 2192 1163 2265 μακρᾷ.
1197 2192 1273 2245 Οὐ
1304 2191 1467 2261 μόνον
1488 2190 1599 2263 γὰρ
1626 2191 1708 2253 είς
1740 2190 1801 2243 τὸ

225 2286 440 2342 ἀπλοῦν
466 2285 802 2340 ἀπεντεῦθεν
835 2283 1108 2339 ἀποδώσει
1132 2285 1160 2338 ό
1184 2282 1432 2348 τοιοῦτος
1461 2284 1529 2355 τῇ
1571 2281 1804 2352 Ἐκκλη-

228 2378 325 2450 σία
354 2378 417 2431 τὸ
441 2374 505 2444 ἐξ
533 2378 707 2448 αὐτῆς
736 2378 1172 2448 τοιουτοτρόπως
1210 2375 1344 2447 παρ’
1376 2373 1543 2429 αὐτοῦ
1572 2372 1802 2444 ἀφαιρε-

227 2469 560 2541 θησόμενον,
632 2468 770 2523 ἀλλά
817 2470 914 2523 καὶ
967 2468 1107 2540 πρὸς
1153 2467 1252 2522 τοῦ
1304 2467 1569 2539 δημοσίου
1607 2467 1688 2529 είς
1742 2463 1804 2519 τὸ

227 2561 456 2615 διπλοῦν
508 2560 853 2629 ἀσυμπαθῶς
896 2559 1339 2631 ἀπαιτηθήσεται
1393 2556 1495 2629 τὴν
1537 2554 1801 2625 τοιαύτην

229 2653 512 2725 ποσότητα
534 2669 550 2685 ο
578 2654 839 2722 είδήσεως
887 2652 1296 2723 ἀκριϐεστάτης
1349 2649 1637 2722 διδομένης
1670 2648 1801 2720 περὶ

229 2746 426 2801 τούτου
454 2747 606 2818 παρὰ
635 2748 730 2800 τοῦ
766 2747 1071 2818 τηνικαῦτα
1112 2743 1417 2817 ἀρχιερέως
1436 2744 1516 2815 τῷ
1545 2742 1688 2798 κατά
1707 2741 1806 2814 τὴν

233 2838 451 2909 ἡμέραν
476 2837 746 2908 μυπικῷ,
771 2838 830 2902 ὃς
850 2838 948 2892 καὶ
978 2837 1189 2907 ὀφείλει
1245 2837 1344 2891 καὶ
1389 2837 1558 2907 ἄμφω
1595 2837 1807 2889 οἰκονο-

235 2933 358 3001 μεῖν
388 2970 405 2996 ,
475 2930 751 3001 πρόφασιν
807 2930 867 2984 δὲ
909 2929 1130 2992 πάντως
1185 2930 1288 2999 οὑχ
1339 2927 1452 2992 ἔξει
1524 2926 1655 2995 περὶ
1706 2927 1807 2995 τῆς

233 3018 513 3091 ἁμαρτίας
544 3018 736 3074 αὐτοῦ.
765 3015 941 3073 uno:
959 3017 1070 3089 γὰρ
1102 3019 1137 3089 ή
1163 3015 1414 3088 βασιλεία
1444 3033 1547 3087 μου
1569 3016 1805 3083 εὐαγγε-

1891 520 2034 588 aliis,
2075 532 2131 575 ut
2163 521 2493 576 dictum-est
2528 539 2542 576 :
2572 523 2664 576 sed
2706 538 2811 577 nec
2841 525 3095 591 quzelibet
3139 524 3288 580 illinc
3340 543 3468 594 pars

1894 614 2383 681 quomodocunque
2428 614 2889 683 apprehendetur,
2925 616 3020 670 sed
3063 616 3245 671 omnia
3282 632 3311 670 a
3346 634 3471 688 par-

1892 704 2039 759 tibus
2086 702 2347 773 ejusmodi
2404 703 2770 760 Ecclesiarum
2819 707 2873 760 in
2931 707 3065 777 ipsis
3115 708 3468 764 administra—

1890 796 2119 859 buntur,
2157 794 2611 863 quemadmodum
2637 796 2703 848 de
2733 799 2836 851 hoc
2860 796 3099 868 legitime
3125 809 3180 854 et
3203 801 3470 854 canonice

1892 886 2133 941 edictum
2189 894 2320 940 est:
2362 887 2531 957 donec
2586 887 2842 955 scilicet,
2901 888 2993 957 qui
3048 899 3172 958 post
3223 900 3469 945 mortuos

1895 978 2171 1032 antistites
2213 979 2267 1032 in
2303 977 2579 1034 Ecclesias
2626 979 2921 1033 renuntiati
2955 988 3106 1048 sunt,
3160 980 3211 1034 in
3247 981 3472 1052 regione

1896 1069 2097 1123 fuerint
2119 1078 2385 1124 eteorum
2408 1069 2934 1125 administrationem
2963 1071 3424 1139 apprehenderint
3444 1086 3463 1125 :

1900 1159 2132 1215 debeute
2182 1159 2323 1215 seire
2373 1174 2459 1227 eo,
2511 1160 2603 1229 qui
2657 1158 2723 1213 ad
2778 1160 3200 1213 iniirmatiouem
3246 1157 3475 1227 alicujus

1896 1265 2112 1315 eorum,
2139 1265 2258 1320 quae
2287 1266 2317 1305 a
2351 1261 2619 1321 prasente
2655 1248 2873 1322 imperii
2922 1251 3024 1305 mei
3069 1250 3476 1305 Constitutione

1897 1343 2114 1397 decreta
2148 1352 2300 1409 sunt,
2336 1344 2702 1415 processerit;
2756 1344 2900 1413 quod
2951 1345 3166 1397 etiamsi
3222 1342 3363 1395 Deus
3419 1343 3476 1395 in

1900 1437 1990 1490 tali
2022 1436 2158 1503 ejus,
2191 1446 2411 1509 tamque
2441 1421 2632 1494 audaci
2686 1440 2927 1509 incepto,
2982 1437 3033 1492 in
3084 1437 3369 1507 praesmtia
3399 1436 3480 1490 si-

1901 1528 2083 1593 luerit,
2122 1530 2346 1585 omnino
2375 1530 2431 1584 in
2466 1530 2706 1585 futurum
2737 1531 2956 1600 dignum
3005 1529 3123 1598 ejus
3154 1528 3477 1598 supplicium

1902 1634 2189 1675 reservans
2225 1637 2240 1675 :
2276 1622 2563 1689 imperium
2598 1631 2781 1676 tauwn
2829 1622 3010 1677 meum
3062 1635 3185 1675 eum
3232 1619 3481 1675 acerbius

1905 1712 1958 1765 in
2001 1714 2287 1782 praesentia
2329 1713 2692 1785 aggredietur,
2731 1714 2906 1782 poenis
2954 1728 3075 1767 eum
3105 1710 3481 1779 corporalibus

1824 1785 1873 1844 Β
1901 1802 2229 1873 subiiciens,
2273 1813 2329 1859 et
2358 1819 2582 1859 suorum
2624 1808 2990 1861 membroruin
3040 1802 3482 1859 truncationibtrs

1899 1894 2280 1964 bonorumque
2316 1896 2697 1966 publicationi,
2734 1906 2787 1952 et
2818 1898 3074 1953 diuturno
3110 1894 3325 1950 exsilio.
3358 1892 3477 1947 Non

1902 1984 2078 2041 solum
2113 1987 2258 2040 enim
2296 2001 2360 2041 ex
2396 2001 2463 2043 eo
2508 1987 2762 2057 simplum
2799 1988 2986 2041 reddet
3026 1984 3303 2051 Ecclesim,
3335 1982 3480 2053 quod

1901 2075 1950 2134 ei
1985 2078 2079 2134 illo
2128 2080 2288 2134 modo
2324 2080 2391 2134 ab
2424 2079 2547 2150 ipso
2579 2082 2876 2147 auferetur,
2921 2079 3016 2134 sed
3056 2080 3218 2134 etiam
3265 2094 3297 2131 a
3348 2077 3481 2131 ﬁsco

1905 2169 2031 2225 talis
2059 2171 2339 2241 quantitas
2386 2171 2439 2227 in
2488 2173 2708 2242 dupium
2743 2173 2945 2243 absque
2990 2171 3094 2227 ulla
3127 2169 3482 2225 commisera-

1911 2264 2058 2321 tione
2097 2269 2387 2335 exigetur;
2430 2265 2823 2335 perfectissima
2861 2265 2929 2320 de
2980 2280 3042 2318 ea
3081 2279 3138 2317 re
3172 2261 3484 2332 cognitione

1907 2357 1977 2412 ab
2006 2358 2249 2412 antistite
2282 2358 2426 2412 illius
2460 2360 2717 2427 temporis
2746 2358 2871 2411 data
2904 2359 3156 2427 mystico,
3194 2355 3287 2422 qui
3323 2351 3485 2406 debet

1908 2448 2071 2503 etiam
2101 2460 2333 2517 utraque
2358 2451 2746 2506 administrare
2776 2468 2790 2509 :
2821 2452 2885 2504 de
2922 2466 3019 2504 suo
3051 2459 3230 2502 autem
3264 2455 3488 2515 peccato

1905 2541 2131 2594 omnino
2184 2541 2597 2597 excusationem
2654 2558 2760 2601 non
2816 2540 3061 2596 habebit.
3122 2537 3282 2593 Venit
3336 2535 3486 2591 enim

1910 2640 2088 2684 meum
2129 2631 2444 2702 imperium,
2490 2642 2544 2686 et
2580 2631 2661 2686 eis
2704 2646 2801 2702 per
2845 2640 3163 2699 przesentem
3209 2628 3490 2682 Constitu-

1911 2726 2116 2781 tionem
2148 2727 2463 2797 evangelice
2489 2726 2727 2783 locutum
2752 2734 2855 2793 est,
2882 2742 3002 2796 quae
3027 2728 3078 2779 in
3104 2739 3261 2780 sacro
3287 2721 3490 2777 scrinio

1914 2814 2359 2888 chartophylacio
2390 2815 2511 2889 [seu
2546 2814 2835 2888 tabulario]
2866 2824 3173 2885 reponetur,
3201 2811 3453 2868 sanctissi
3473 2838 3490 2854 ο

1914 2907 2023 2963 mis
2051 2907 2313 2964 Ecclesiis
2341 2924 2499 2979 opem
2534 2909 2732 2976 latura,
2768 2909 2982 2963 etiamsi
3009 2907 3129 2978 ejus
3160 2902 3489 2973 exemplaria

1916 3001 2033 3056 sola
2075 3003 2406 3070 competenti
2450 3001 2555 3057 ﬁde
2586 3002 2817 3065 munita,
2868 3000 2936 3054 ab
2973 3000 3104 3069 ipsis
3135 2999 3379 3067 partibus
3408 2996 3492 3048 in-

234 3089 406 3174 λικῶς
422 3110 520 3165 καὶ
552 3110 815 3184 δλάλησεν
839 3109 1031 3174 αὐτοῖς
1059 3108 1149 3164 διὰ
1177 3111 1277 3179 τῆς
1315 3107 1602 3180 παρούσης
1636 3124 1805 3180 προσ-

1918 3092 2225 3149 sinuentur.
2279 3091 2353 3147 Ea
2401 3094 2546 3148 enim
2596 3091 2883 3164 archetypi
2936 3093 3042 3145 vim
3091 3089 3387 3151 habebunt,
3435 3093 3491 3141 et

235 3201 463 3269 τάξεως,
488 3201 613 3274 ἥτις
665 3183 1189 3272 καταστρωθήσεται
1212 3202 1308 3256 καὶ
1337 3201 1418 3272 τῷ
1442 3200 1574 3272 ἱερῷ
1615 3217 1809 3271 χάρτο-

1916 3185 2298 3243 exhibeutibus
2331 3189 2564 3244 aderunt
2594 3184 2659 3240 ad
2695 3196 2952 3242 aeternam
2995 3183 3379 3241 securitatem.

237 3297 520 3369 φυλακείφ
574 3296 1057 3370 ἑναποτεθήσεται,
1124 3297 1439 3367 ἀρκέσουσα
1488 3301 1612 3363 ταῖς
1639 3300 1973 3369 ἁγιωτάταις
2017 3302 2390 3376 Έκκλησὶαις,
2456 3304 2560 3359 κᾶν
2637 3307 2871 3360 ίσότυπα
2936 3324 3032 3361 και
3097 3312 3236 3378 μόνα
3286 3306 3493 3377 ταύτης

239 3395 635 3466 πεπιστευμένα
659 3394 814 3466 παρὰ
867 3394 979 3448 τῶν
1002 3393 1189 3467 μερῶν
1256 3392 1435 3448 αὐτῶν
1483 3396 1874 3469 ὲμφανίζηται.
1917 3401 2142 3472 Ἕξουσι
2194 3403 2306 3475 γὰρ
2361 3402 2736 3477 πρωτοτύπων
2795 3406 2947 3479 ἰσχὺν
2991 3406 3186 3475 ταῦτα,
3226 3407 3322 3461 καὶ
3379 3407 3494 3471 τοῖς

240 3489 629 3563 πορισομένοις
708 3484 1070 3563 προσέσονται
1127 3486 1209 3552 είς
1260 3485 1562 3557 ἀσφάλειαν
1625 3488 2009 3556 αίωνίζουσαν.

1816 3671 1962 3733 XII.
2028 3704 2033 3708 -

1378 3850 1619 3893 sorsus
1661 3852 1728 3893 es
1756 3854 1995 3895 mvsusns
2015 3855 2198 3896 csusus
2224 3840 2357 3913 (l9).

247 4000 383 4068 Περι
421 3996 731 4068 διαφόρων
762 3996 1132 4068 ὑποθέσεων,
1155 3993 1453 4068 δηλονότι
1479 3996 1614 4064 περὶ
1647 3995 1825 4068 δεκατ

314 4065 501 4133 ὄντῶν,
532 4065 639 4121 βίαι
668 4065 1044 4135 συνηγόρων,
1071 4066 1169 4119 καὶ
1203 4066 1698 4135 ἐπιφωνημάτων,
1724 4066 1826 4121 καὶ

314 4137 651 4206 ἐκκλήτων,
692 4137 792 4189 καὶ
832 4133 951 4206 τῶν
984 4133 1334 4206 ᾂεματικιΜ,
1386 4133 1490 4206 καὶ
1526 4136 1657 4205 περὶ
1700 4135 1826 4206 τῆς

290 4204 755 4286 ἀπεχρήσεςος,
775 4205 896 4285 ’καὶ
937 4205 1058 4258 τῶν
1092 4206 1428 4286 ᾀπιτρόξτων
1456 4204 1650 4286 qm,-
1684 4204 1828 4286 διοιτ

270 4340 277 4347 ν
314 4274 531 4355 ζητῶν.
562 4274 709 4355 ήκαὶ-
727 4274 849 4355 τῷν
886 4277 1247 4355 [epam-Quor
1290 4274 1690 4355 ᾴπαιτῆσεως,
1723 4275 1827 4329 καὶ

315 4342 710 4417 ἐπὶιμερισμοῦ
732 4342 850 4399 τῶν
875 4342 1177 4400 δικαστῶν
1208 4345 1304 4400 καὶ
1337 4347 1716 4416 συνηγόρων.

323 4457 595 4527 Ἔννομον
622 4455 945 4509 ἐπιστασίαν
973 4456 1025 4509 οἱ
1055 4455 1223 4510 πάλαι
1246 4455 1405 4525 σοφοὶ
1418 4454 1518 4526 τὴν
1542 4456 1824 4527 βασιλείαν

253 4548 552 4615 ὡρίσαντο,
588 4547 778 4619 χρῆμα
800 4546 935 4616 γοῦν
951 4547 1189 4618 ἀτεχνῶς
1216 4546 1528 4602 θεσπέσιον⁹
1562 4548 1653 4603 διά
1666 4549 1826 4603 τοῦτο

256 4643 351 4696 καὶ
369 4641 629 4712 πρόνοιαν
646 4637 784 4695 Θεοῦ
800 4639 1152 4711 μεγαλομερῆ
1168 4639 1375 4711 ταύτην
1392 4639 1533 4694 εἶναι
1556 4641 1653 4696 καὶ
1670 4656 1830 4695 πεπι-

255 4730 518 4786 στεύκασι
536 4728 635 4785 καὶ
646 4728 1011 4785 διδάσκουσιν.
1036 4732 1098 4785 El
1113 4729 1224 4801 γὰρ
1239 4729 1448 4793 δίκαιος
1466 4731 1494 4782 ό
1513 4730 1716 4802 Κύριος
1732 4730 1829 4785 καὶ

255 4822 603 4886 δικαιοσύνας
638 4822 919 4893 ἠγάπησε,
952 4824 1223 4894 προσήκει
1252 4822 1317 4895 δή
1350 4840 1456 4878 που
1489 4822 1585 4877 καὶ
1626 4823 1719 4877 τὸν
1768 4824 1829 4889 ἐξ

258 4916 472 4972 ἐκείνου
512 4915 753 4987 λαχόντα
771 4914 1079 4987 βασιλεύειν
1108 4915 1221 4970 τῶν
1245 4917 1340 4970 ἐπὶ
1359 4916 1465 4986 γῆς
1487 4916 1653 4971 αὐτόν
1663 4932 1725 4969 τε
1748 4916 1829 4969 δί-

260 5026 416 5063 καιον
466 5005 608 5063 εἶναι
624 5008 719 5063 καὶ
740 5007 849 5061 τῶν
869 5007 962 5061 ὑπ’
982 5007 1148 5062 αὐτοῦ
1180 5007 1639 5079 προϐαλλομένων
1667 5008 1746 5071 είς
1767 5007 1830 5062 τὸ

257 5100 503 5165 δικάζειν
578 5100 677 5163 τὰς
751 5097 1061 5163 εύθυδικίας
1131 5099 1603 5169 περισπούδαστον
1670 5099 1831 5169 ἔργον

261 5193 533 5247 ποιεῖσθαι
566 5195 663 5246 καὶ
678 5190 1213 5262 ἀποδόχεσθαι.Ἧτί
1234 5192 1343 5262 γὰρ
1362 5191 1428 5246 ἂν
1445 5193 1530 5260 atq
1560 5189 1831 5261 βασιλέως

258 5284 420 5355 ἔργον
472 5283 799 5355 τιμιώτερον
854 5283 1047 5354 ἕτερον
1084 5284 1328 5347 καὶτοῖς
1384 5282 1832 5353 βασιλευομένοις

260 5376 746 5448 λυσιτελέστερονς
777 5375 967 5431 Ταῦτα
1010 5375 1195 5430 τοίνυν
1224 5375 1346 5429 οὐδὲ
1367 5377 1402 5445 ἡ
1444 5374 1695 5448 βασιλεία
1726 5391 1829 5445 μου

261 5472 603 5543 ἀγνοήσασα,
655 5470 893 5543 μάλιστα
954 5469 1056 5541 μὲν
1114 5469 1377 5541 ἠϐούλετο
1459 5469 1556 5523 καὶ
1633 5465 1834 5539 ηὔχετο

332 5637 348 5670 ⁸
388 5636 535 5693 Psal.
577 5652 631 5702 x,
672 5632 725 5689 8.

336 5798 452 5872 (l9)
486 5798 649 5855 Anno
675 5795 835 5852 “66.

1922 3996 2187 4053 Manueiis
2221 3996 2477 4052 Comneni
2518 3996 2747 4063 novella,
2780 3998 2846 4051 de
2882 3997 3104 4052 diversis
3129 4000 3325 4064 causis,
3352 4000 3496 4055 vide-

1994 4068 2117 4121 licet
2143 4068 2207 4121 de
2227 4067 2518 4136 judicibus,
2550 4076 2601 4122 et
2633 4067 2902 4121 advocatis
2924 4109 2939 4129 .
2969 4077 3019 4121 et
3047 4070 3498 4136 attestationibus,

1990 4147 2039 4193 ει
2086 4136 2543 4205 appellationibus,
2599 4145 2648 4206 et
2692 4139 2756 4191 de
2806 4138 3237 4206 pres-‘ucialibus,
3268 4147 3319 4192 et
3353 4140 3500 4192 anti-

1995 4204 2214 4269 clmsis,
2263 4215 2313 4259 et
2364 4204 2698 4260 curatoribus
2747 4204 2838 4260 seu
2880 4209 3291 4275 exsecutoribus,
3338 4217 3387 4262 et
3435 4210 3500 4263 de

1991 4290 2261 4347 pennarum
2312 4278 2704 4347 exuctione,_ac
2739 4275 2987 4344 judicum
3037 4284 3087 4331 et
3123 4277 3500 4332 advocatorum

1993 4346 2380 4401 distributione.

1999 4460 2241 4533 Regnum
2301 4459 2469 4529 prisci
2528 4459 2800 4527 sapientes
2856 4459 3152 4530 legitimam
3213 4460 3504 4530 quamdam

1928 4551 2455 4607 administrationem
2502 4550 2862 4614 definierunt,
2920 4565 3032 4605 rem
3088 4551 3302 4619 quidem
3356 4547 3508 4606 certe

1928 4640 2093 4699 dubio
2120 4641 2307 4712 procul
2341 4642 2603 4697 divinam.
2633 4640 2866 4711 Ideoque
2895 4640 3000 4695 hoc
3029 4642 3380 4710 multiplicem
3409 4641 3508 4697 Dei

1930 4732 2328 4804 providentiam
2384 4745 2526 4795 esse,
2581 4731 2741 4786 sicuti
2791 4730 3163 4796 crediderunt,
3220 4732 3293 4786 ita
3341 4733 3506 4788 etiam

1933 4825 2171 4880 tradunt.
2210 4822 2417 4894 Quippe
2467 4822 2515 4879 si
2539 4822 2717 4891 justus
2747 4831 2833 4878 est
2863 4821 3147 4890 Dominus,
3182 4834 3237 4879 et
3265 4821 3508 4893 justitias

1930 4920 2118 4975 dilexit
2149 4919 2191 4987 ¹,
2267 4934 2364 4988 par
2392 4926 2496 4984 est,
2532 4925 2587 4972 ut
2627 4927 2681 4974 et
2725 4918 2771 4973 is
2803 4918 2895 4988 qui
2935 4918 3004 4975 ab
3033 4919 3151 4987 ipso
3184 4928 3510 4974 consecutus

1931 5021 2017 5068 est
2052 5024 2276 5084 regnum
2328 5012 2382 5065 in
2422 5024 2515 5065 eos
2547 5011 2640 5081 qui
2685 5019 2812 5066 sunt
2852 5013 2906 5066 in
2949 5012 3132 5073 terris,
3175 5009 3357 5079 justus
3397 5010 3509 5078 ipse

1933 5105 2026 5169 sit,
2062 5114 2225 5174 atque
2254 5103 2492 5165 illorum,
2527 5116 2664 5173 quos
2698 5102 3050 5169 juridicundo
3080 5101 3326 5172 praeﬁcit,
3363 5110 3512 5154 recta

1930 5193 2138 5264 judicia
2189 5194 2407 5263 dignum
2460 5208 2595 5264 Opus
2642 5193 2823 5248 studio
2863 5206 2960 5247 suo
3003 5192 3187 5256 ducat,
3219 5199 3275 5246 et
3306 5191 3507 5261 exigat.

1934 5286 2067 5343 Nam
2108 5285 2251 5354 quod
2296 5284 2442 5340 aliud
2492 5285 2720 5341 obsecro
2765 5284 2906 5355 regis
2947 5294 3084 5353 Opus
3122 5274 3410 5336 Honestius
3455 5287 3512 5335 et

1935 5374 2300 5447 praestabilius
2350 5373 2536 5441 fuerit,
2594 5390 2658 5430 ac
2699 5373 2927 5444 imperio
2974 5372 3235 5444 subjectis
3282 5371 3511 5426 ulilius?

1936 5468 2061 5525 llaec
2087 5484 2207 5525 cum
2232 5468 2489 5539 majestas
2505 5482 2625 5523 mea
2648 5482 2753 5524 non
2780 5467 3012 5538 ignoret,
3041 5465 3274 5521 maxime
3289 5464 3507 5538 quidem
