4014 6406
503 267 605 331 733

1757 279 2152 342 MANUELIS
2180 279 2528 345 COMNENI

3670 283 3777 342 740

501 397 726 457 cuperet
755 402 818 443 ac
851 398 1089 461 optaret,
1124 390 1392 448 neminem
1416 405 1536 448 esse
1564 393 1664 448 sub
1691 393 1808 464 ejus
1837 395 2086 465 imperio,

2199 397 2407 467 μηδένα
2473 400 2574 466 μὲν
2604 391 2746 450 εἶναι
2790 396 2881 449 τὸν
2935 396 3293 468 ἀδικούμενον
3327 399 3434 451 ὑπὸ
3481 401 3580 470 τὴν
3604 401 3788 479 αὐτῆς

499 481 590 532 cui
627 479 720 534 fiat
755 481 988 550 injuria;
1023 482 1110 538 vel
1139 483 1186 537 si
1223 482 1327 539 hoc
1361 483 1582 539 confieri
1612 494 1868 555 nequeat,
1897 487 2090 541 saltem

502 584 572 624 ne
631 571 666 624 ii
721 573 1003 640 segniores
1063 574 1590 644 negligentioresqne
1650 576 1842 633 forent-
1883 579 2090 632 nefaria

500 663 990 730 committentibus,
1030 666 1079 718 in
1129 667 1479 736 exsequenda
1529 667 1782 722 laesorum
1825 668 2085 733 vindicta,

497 755 588 822 qui
633 755 699 808 ad
735 769 854 808 eam
900 758 1244 823 sumendam,
1293 759 1360 812 ab
1413 758 1760 826 imperatoria
1811 761 2091 826 majestate

495 854 624 898 sunt
663 847 966 902 conSIituti.
1009 847 1116 902 Sed
1147 864 1268 903 cum
1299 850 1410 920 jam
1457 851 1642 905 videat
1675 852 1981 920 complures
2023 853 2090 906 ab

496 951 663 992 avara
699 938 1010 1009 injustaque
1038 958 1199 997 manu
1227 943 1522 1007 vulnerari,
1560 945 1684 998 dum
1717 943 2089 1013 ademptiones

496 1046 755 1102 agrorum
802 1043 858 1088 et
897 1034 1144 1089 villarum
1197 1037 1609 1107 perpetiuntur,
1653 1035 1882 1105 aliisque
1928 1035 2090 1089 rebus

496 1121 837 1190 spoliantur;
894 1137 957 1177 ac
1007 1122 1202 1178 deinde
1254 1132 1519 1194 perpetuo
1567 1125 1899 1195 judiciorum
1945 1124 2085 1178 ostia

501 1213 741 1284 pulsant,
775 1215 1023 1284 citraque
1052 1215 1288 1270 fructum
1339 1217 1506 1270 ullum
1543 1225 1754 1285 tempus
1801 1224 2002 1280 terunt,
2033 1223 2089 1270 et

498 1312 861 1373 praeterquam
897 1307 1037 1372 quod
1068 1306 1135 1360 ab
1161 1307 1241 1363 eis
1273 1307 1408 1361 nihil
1439 1309 1556 1378 opis
1585 1317 1636 1362 et
1669 1306 1855 1360 auxilii
1890 1305 2086 1370 ferant,

500 1395 664 1450 etiam
718 1394 873 1465 pejus
920 1407 1080 1467 atque
1141 1398 1392 1454 acerbius
1445 1400 1614 1470 plagis
1665 1407 1720 1454 et
1773 1398 2088 1453 verberibus

497 1485 819 1550 multantur,
851 1495 905 1540 et
940 1486 1225 1557 injustitiae
1274 1488 1430 1545 faeces
1472 1489 1597 1544 inde
1629 1489 1907 1550 hauriunt,
1949 1489 2088 1542 unde

497 1575 800 1632 vindictam
826 1579 1086 1648 consequi
1115 1580 1429 1666 sperabant.
1461 1579 1721 1652 (Etenim,
1757 1591 1816 1633 ut
1849 1578 2089 1633 Solomo-

499 1670 586 1724 nis
619 1669 799 1725 verbis
829 1679 972 1738 utar,
1004 1670 1115 1725 vidi
1153 1672 1494 1741 iniquitatem
1521 1672 1620 1726 sub
1646 1670 1779 1736 sole,
1811 1670 2084 1724 hominem

497 1760 708 1816 scilicet
761 1760 1072 1826 mortalem,
1129 1762 1186 1816 in
1231 1761 1378 1816 litem
1435 1760 1796 1815 immortalem
1852 1759 2083 1829 lapsum,

498 1867 728 1921 eamque
756 1853 905 1908 velut
952 1855 1327 1909 haereditatem
1378 1854 1670 1923 quamdam
1709 1851 1989 1920 patritam,
2017 1849 2085 1903 ad

499 1945 714 1998 tertiam
768 1959 1168 2016 saepenumero,
1232 1957 1590 2016 quartamque
1652 1943 2084 2013 generationem,

498 2035 790 2105 nepotibus
815 2036 929 2091 suis
950 2036 1300 2092 successione
1324 2035 1554 2104 quadam
1579 2035 2083 2103 transmittentem.)

498 2126 601 2183 Hic
633 2142 786 2198 ergo,
825 2143 924 2183 ceu
971 2129 1171 2184 dictum
1209 2138 1316 2192 est,
1360 2143 1482 2182 cum
1526 2141 1642 2181 mea
1679 2125 1937 2196 majestas
1965 2125 2086 2180 ani-

497 2220 882 2287 madverteret,
916 2219 1086 2276 doluit
1119 2219 1211 2276 illa
1241 2220 1482 2290 quidem,
1511 2234 1608 2274 ceu
1634 2235 1730 2290 par
1759 2229 1898 2284 erat,
1930 2219 2000 2272 ob
2020 2231 2083 2271 ea

496 2325 620 2380 quae
652 2311 864 2377 fierent,
898 2321 954 2367 et
985 2328 1239 2384 magnam
1269 2314 1450 2367 animo
1479 2313 1782 2368 molestiam
1824 2311 2084 2382 percepit,

502 2404 578 2458 uti
608 2401 1074 2472 qumjudiciorum
1110 2405 1491 2476 negligentiam
1523 2405 1789 2475 culparet,
1824 2419 1887 2458 ac
1923 2404 2086 2458 mise-

501 2495 738 2550 ricordia
788 2505 1106 2564 tangeretur
1160 2496 1230 2552 ob
1280 2497 1711 2566 desperationem
1749 2511 1938 2552 eorum
1993 2495 2084 2565 qui

499 2587 788 2642 laeduntur.
849 2587 1088 2659 Ideoque
1143 2603 1242 2657 pro
1289 2589 1498 2644 viribus
1544 2589 1989 2659 circumspiciens
2022 2589 2088 2642 de

500 2679 628 2734 mali
665 2679 828 2748 hujus
869 2680 1232 2745 correctione,
1281 2681 1623 2753 pessimaque
1667 2681 2084 2747 sustinentibus,

497 2779 760 2838 quantum
788 2785 917 2826 sane
938 2778 1134 2840 potest,
1166 2771 1516 2836 subveniens,
1547 2773 1763 2826 tandem
1808 2772 1874 2826 ad
1906 2771 2089 2840 dispo-

498 2861 752 2916 sitionem
783 2861 1043 2934 deinceps
1082 2863 1428 2933 aperieudam
1471 2862 1728 2932 respexit.

573 2953 624 3009 1.
654 2953 870 3008 Iudices
914 2965 992 3008 ter
1044 2955 1279 3025 qualibet
1319 2955 1608 3023 septimana
1644 2954 1826 3008 dobere
1865 2953 1955 3023 jus
2002 2952 2088 3006 di-

499 3059 631 3100 rere.
676 3044 810 3098 Nam
848 3047 916 3099 ab
953 3045 1217 3100 hodierno
1265 3044 1354 3098 die
1403 3043 1516 3100 vult
1569 3059 1664 3098 eos
1713 3043 1805 3114 qui
1858 3043 2087 3114 singulis

500 3136 553 3189 in
593 3134 812 3204 judiciis
849 3151 1186 3193 asscssorum
1209 3136 1384 3193 oliicio
1432 3136 1583 3206 fungi
1622 3138 1840 3203 debent,
1874 3147 1930 3192 et
1961 3152 2082 3212 cum

494 3225 689 3295 judicii
722 3229 953 3299 praside
992 3244 1188 3286 causas
1217 3244 1551 3301 cognoscere
1577 3230 1859 3286 ordinatos
1900 3245 1962 3286 ac
1991 3231 2090 3287 de-

498 3320 730 3376 stinatos
785 3335 930 3388 esse,
984 3323 1120 3378 alios
1173 3323 1386 3392 quidem
1425 3322 1492 3376 ad
1533 3321 1659 3389 hoc,
1694 3322 1830 3378 alios
1867 3337 1998 3378 vero
2019 3323 2086 3377 ad

499 3408 628 3464 ilud
664 3410 941 3466 tribunal:
981 3425 1051 3466 ne
1083 3412 1339 3467 omnibus
1399 3413 1608 3482 pariter
1647 3415 1714 3467 ad
1749 3429 1914 3468 unum
1957 3428 2086 3468 con-

497 3501 886 3569 venientibus,
945 3503 1153 3574 reliqua
1209 3519 1428 3560 cessare
1489 3507 1810 3574 contingat,
1869 3515 2090 3574 propter

497 3593 802 3649 absentiam
836 3610 1056 3661 eorum,
1089 3596 1180 3666 qui
1206 3596 1313 3666 juri
1347 3597 1584 3652 dicundo
1613 3607 1868 3668 przesunt.
1911 3598 2090 3668 Atque

499 3687 604 3740 hoc
628 3686 792 3743 modo
823 3702 938 3742 mos
966 3689 1130 3741 etiam
1160 3689 1248 3744 ille
1276 3688 1515 3756 tolletur,
1552 3689 1642 3760 qui
1677 3706 1818 3744 nunc
1855 3690 2084 3756 obtinet,

500 3783 558 3827 ut
592 3787 688 3842 per
730 3775 1012 3830 intervalla
1038 3775 1128 3845 jus
1151 3778 1349 3833 dicant.
1383 3778 1594 3848 Quippe
1616 3783 1772 3836 nobis
1802 3781 1992 3848 placet,
2029 3791 2090 3835 ut

497 3865 638 3920 citra
675 3866 840 3922 ullam
869 3871 1278 3924 excusationem
1319 3882 1401 3925 ter
1452 3873 1504 3925 in
1548 3873 1789 3940 qualibet
1822 3875 2087 3941 septima-

499 3957 677 4028 najus
709 3960 893 4014 dicant
939 3961 1138 4030 singuli
1183 3963 1511 4033 judiciorum
1569 3967 1844 4034 praesides,
1889 3981 2090 4022 conve-

501 4050 784 4106 nientibus
816 4051 882 4106 ad
914 4067 1009 4108 eos
1048 4052 1154 4108 illis
1179 4055 1474 4125 judicibus,
1509 4057 1601 4126 qui
1648 4057 1749 4111 sub
1791 4059 1869 4112 eis
1907 4068 2035 4113 sunt
2070 4073 2086 4112 :

497 4150 552 4194 et
581 4141 691 4196 reis
725 4142 1023 4206 incumbat.
1055 4153 1113 4198 ut
1142 4143 1194 4198 in
1216 4144 1438 4213 judiciis
1472 4147 1573 4201 sub
1602 4149 1909 4202 necessaria
1950 4164 2088 4218 prae-

495 4233 732 4288 statione
755 4234 860 4289 doli
895 4235 1018 4290 mali
1046 4245 1418 4307 compareant,
1449 4253 1551 4293 nec
1592 4239 1861 4308 tantisper
1885 4240 2086 4305 absint,

495 4326 668 4381 donec
718 4341 904 4404 causa,
939 4327 1089 4382 finita
1137 4329 1321 4398 fuerit,
1383 4331 1426 4384 si
1483 4332 1703 4401 quidem
1760 4333 1979 4386 interim
2031 4343 2088 4387 et

495 4424 708 4469 actores
748 4427 1012 4485 perpetuo
1061 4427 1308 4486 urgeant,
1355 4429 1412 4472 ut
1440 4430 1749 4488 competens
1782 4420 1912 4488 ipsis
1939 4421 2083 4474 actio

2191 4443 2288 4512 τῆς
2315 4420 2653 4513 ῦποθέσεως,

496 4505 802 4560 decidatur.
820 4505 938 4561 Non
969 4517 1150 4562 tamen
1177 4511 1285 4564 reis
1313 4524 1449 4578 opus
1464 4510 1590 4576 erit,
1620 4509 1804 4580 plures
1826 4509 2083 4564 adhibere

497 4598 810 4665 citationes,
843 4609 898 4655 et
928 4617 1050 4671 qua
1080 4603 1202 4657 data
1246 4616 1411 4672 opera
1448 4603 1676 4674 fatigent
1709 4613 1957 4669 actores;
1991 4603 2084 4658 sed

495 4700 620 4759 post
653 4689 987 4748 oblationem
1023 4694 1215 4759 libelli,
1258 4711 1382 4751 cum
1410 4697 1684 4765 cognitum
1729 4695 1911 4762 fuerit,
1938 4710 2084 4766 quae-

495 4797 622 4836 nam
661 4783 714 4837 in
765 4799 830 4838 eo
878 4787 1221 4840 contineatur
1269 4781 1521 4856 actio,'si
1556 4789 1650 4858 qui
1700 4788 1927 4843 fortasse
1975 4802 2085 4844 non

494 4873 890 4943 obtemperant,
954 4875 990 4929 ii
1039 4891 1134 4946 per
1167 4877 1343 4933 edicta
1389 4878 1515 4943 tria,
1547 4893 1666 4946 quae
1714 4886 2086 4946 proponantur

497 4967 565 5022 ad
616 4968 834 5037 triginta
885 4971 1020 5036 dies,
1073 4971 1345 5038 citentur;
1381 4983 1436 5026 et
1470 4973 1738 5042 siquidem
1792 4974 1931 5027 intra
1973 4974 2086 5028 haec

494 5058 667 5130 spatia
699 5075 758 5115 se
787 5076 893 5116 non
925 5063 1186 5131 stiterint,
1217 5064 1652 5119 condemnentur
1681 5064 1980 5119 secundum
2016 5079 2080 5118 ea

495 5167 617 5222 quae
658 5153 953 5207 constituta
994 5165 1120 5209 sunt
1165 5170 1194 5208 a
1248 5153 1553 5210 clarissimo
1601 5154 1900 5224 majestatis
1949 5169 2082 5209 mea:

495 5259 616 5310 avo,
653 5255 708 5300 et
762 5245 936 5300 felicis
995 5247 1270 5302 memoriae
1323 5246 1586 5316 principe,
1636 5247 1856 5302 domino
1902 5245 2084 5302 Leone

497 5335 774 5406 Sapiente.
818 5338 994 5406 Atque
1027 5339 1129 5395 hoc
1165 5340 1321 5394 modo
1355 5353 1479 5393 cum
1513 5339 1704 5408 quovis
1751 5337 1837 5408 agi
1887 5339 2083 5394 debere

492 5429 808 5484 statuimus.

568 5618 626 5678 2.
663 5619 740 5676 De
770 5622 1058 5679 advocatis.
1098 5622 1363 5682 Praeterea
1407 5627 1661 5696 maiestas
1705 5646 1823 5686 mea
1870 5632 2080 5690 infinita

501 5709 820 5780 garrulitate
871 5717 1280 5788 advocatorum,
1329 5737 1393 5780 ac
1446 5722 1602 5793 longa
1648 5725 1957 5784 corumdcm
2000 5729 2082 5784 iu-

2199 489 2578 559 ἐπικράτειαν·
2617 492 2664 544 εἰ
2686 492 2731 544 δ’
2762 487 2877 555 οὖν,
2901 491 3040 546 ἀλλά
3068 492 3142 561 μὴ
3177 492 3592 563 ῥᾳθυμοτέρως
3635 492 3778 550 εἶναι

2196 580 2307 634 τῶν
2344 581 2411 634 τά
2429 583 2724 652 παράνομα
2754 583 3008 653 δρώντων
3040 585 3169 654 περὶ
3211 584 3310 654 τὴν
3341 585 3448 640 τῶν
3479 587 3779 658 ἀδικουμέο

2193 687 2300 723 νων
2326 670 2606 740 ἐκδίκησιν
2635 672 2758 734 τοὺς
2777 675 2855 735 είς
2874 673 3045 742 αὐτὴν
3069 675 3441 744 τεταγμένους
3481 678 3633 746 παρά
3672 679 3774 748 τῆς

2194 755 2473 825 βασιλείας
2507 775 2630 827 μου.
2665 760 2802 812 Νυνὶ
2832 761 2888 812 δὲ
2916 763 3144 826 πολλοὺς
3169 763 3356 834 δρῶσα
3384 765 3774 838 πλεονεκτικῆς

2192 847 2374 916 χειρὸς
2443 850 2538 900 καλ⁸
2589 849 2777 902 ἀδίκου
2835 854 3180 922 τραυματίας
3238 857 3610 925 γινομένους,
3675 862 3774 914 καὶ

2191 940 2380 1008 ἀγρῶν
2429 941 2751 1011 ἀφαιρέσεις
2779 944 2873 995 καὶ
2901 947 3223 1016 οἰκημάτων
3277 949 3656 1020 ὑπομένοντας
3683 953 3779 1007 καὶ

2193 1035 2540 1104 πραγμάτων
2586 1034 2764 1088 ἄλλων
2803 1038 3334 1110 ἀποστερουμένους,
3368 1042 3565 1098 ἔπειτα
3610 1045 3774 1119 θυρο-

2192 1124 2500 1187 κοποῦντας
2554 1125 2820 1196 διηνεκῶς
2856 1128 2925 1181 τά
2981 1129 3310 1202 δικαστήρια
3375 1135 3468 1189 καὶ
3492 1153 3780 1206 χρονοτρι-

2191 1215 2423 1280 6οῦντας
2486 1218 2752 1288 ἀνήνυτα,
2801 1220 2894 1274 καὶ
2954 1221 3090 1290 πρὸς
3114 1222 3174 1276 τό
3236 1226 3512 1297 μηδεμιᾶς
3561 1229 3778 1282 ἐκεῖθεν

2191 1304 2492 1375 θεραπείας
2523 1309 2912 1378 ἐπιτυγχάνειν
2945 1312 3026 1376 είς
3056 1313 3117 1366 τὸ
3145 1316 3329 1384 χεῖρόν
3359 1335 3418 1370 τε
3443 1318 3538 1371 καὶ
3587 1319 3780 1389 ὀδυνη-

2193 1397 2414 1469 ρότερον
2472 1404 2595 1466 ταῖς
2666 1405 2905 1473 πληγαῖς
2981 1405 3436 1478 ἐπιξαινομένους
3471 1454 3486 1477 ,
3548 1415 3778 1467 καὶτὸν

2188 1491 2419 1560 τρυγίαν
2475 1493 2727 1547 ἐντεῦθεν
2775 1495 2877 1565 τῆς
2911 1497 3126 1561 ἀδικίας
3153 1501 3617 1571 ἀποῤῥοφῶντας,
3648 1505 3779 1557 ἔνθα

2187 1586 2372 1654 τυχεῖν
2399 1585 2498 1654 τῆς
2533 1586 2869 1658 ἐκδικήσεως
2898 1590 3129 1661 ἤλπιζον
3153 1610 3167 1623 ·
3202 1594 3297 1646 καὶ
3325 1595 3436 1665 γὰρ
3467 1596 3534 1648 ἶν’
3575 1597 3686 1667 ἐρῶ
3717 1597 3780 1650 τὸ

2188 1675 2282 1726 τοῦ
2330 1675 2700 1746 Σολομῶντος,
2779 1676 2936 1733 Εἶδον
3002 1682 3236 1754 ἀνομίαν
3291 1685 3398 1738 ὑπὸ
3456 1686 3547 1740 τὸν
3597 1688 3777 1758 ἥλιον,

2116 1764 2160 1820 Β
2187 1765 2480 1837 ἄνθρωπον
2523 1769 2720 1840 θνητὸν
2776 1771 3034 1844 ἀθανάτῳ
3088 1776 3220 1849 δίκῃ
3248 1779 3648 1848 περιπεσόντα,
3681 1788 3780 1836 καὶ

2190 1860 2398 1933 ταύτην
2463 1863 2653 1936 ῶσπερ
2718 1866 2840 1920 τινὰ
2894 1867 3098 1939 κλῆρον
3131 1871 3390 1941 πατρῷον
3446 1875 3527 1937 είς
3586 1876 3782 1948 τρίτην

2188 1956 2450 2019 πολλάκις
2490 1957 2586 2010 καὶ
2656 1960 2930 2030 τετάρτην
2958 1961 3154 2028 γενεὰν
3198 1967 3312 2026 τοῖς
3339 1966 3586 2034 ἐγγόνοις
3609 1969 3781 2022 αὑτοῦ

2189 2048 2331 2102 κατὰ
2385 2049 2640 2121 διαδοχὴν
2697 2051 3154 2122 παραπέμψαντα
3183 2072 3197 2085 ·
3260 2056 3430 2111 ταῦτα
3463 2059 3668 2120 τοίνυν,
3703 2062 3782 2125 ὡς

2189 2141 2428 2213 εἴρηται,
2469 2143 2813 2197 κατανοοῦσα
2843 2146 2876 2215 ή
2910 2144 3163 2215 βασιλεία
3209 2167 3340 2220 μου,
3410 2152 3618 2223 ήλγησε
3656 2154 3778 2225 μὲν,

2186 2233 2261 2298 ὡς
2291 2235 2557 2301 είκὺς,ἐπὶ
2588 2239 2701 2300 τοῖς
2732 2239 3055 2310 γενομένοις
3076 2243 3175 2295 καὶ
3207 2241 3308 2314 τὴν
3337 2244 3516 2316 ψυχὴν
3550 2247 3780 2319 ἠνιάθη,

2189 2329 2561 2398 αἰτιασαμένη
2616 2329 2718 2399 μέν
2769 2331 2872 2400 τὴν
2938 2334 3050 2387 τῶν
3123 2335 3399 2389 δικαστῶν
3448 2338 3731 2410 ρᾳθυμίαν
3763 2383 3780 2409 ,

2188 2421 2582 2492 οίκτειρήσασα
2602 2421 2661 2474 δὲ
2686 2422 2782 2476 καὶ
2811 2426 2938 2488 τοὺς
2957 2425 3351 2497 ἀδικουμένους
3390 2431 3490 2500 τῆς
3520 2434 3784 2502 ἀπογνώ-

2192 2528 2352 2577 σεως.
2399 2512 2490 2566 Διὸ
2551 2514 2648 2567 καὶ
2695 2517 2840 2570 κατὰ
2904 2517 2968 2571 τὸ
3030 2519 3258 2574 δυνατὸν
3313 2522 3414 2594 τὴν
3460 2524 3554 2578 τοῦ
3603 2525 3784 2580 κακοῦ

2188 2605 2384 2659 τούτου
2426 2611 2846 2676 περισκοποῦσά
2887 2610 3202 2682 διόρθωσιν,
3272 2617 3368 2669 καὶ
3409 2619 3524 2681 τοῖς
3553 2619 3623 2671 τά
3661 2623 3785 2691 χεί-

2193 2714 2357 2768 ριστα
2423 2699 2696 2770 πάσχουσι
2748 2703 2892 2756 κατά
2934 2703 2995 2756 τὸ
3046 2705 3329 2777 ἐγχωροῦν
3390 2710 3780 2780 ἐπαμύνουσα,

2189 2789 2330 2859 πρὸς
2402 2788 2502 2860 τὴν
2567 2791 2767 2864 ἐφεξῆς
2859 2794 3244 2868 ῥηθησομένην
3301 2799 3618 2872 οἰκονομίαν
3674 2805 3784 2858 ἀπ-

2197 2880 2394 2952 έϐλεψε
2405 2922 2419 2936 .

2271 2973 2342 3028 α’.
2381 2976 2513 3030 Ὅτι
2563 2981 2886 3048 τρισσάκις
2928 2983 3196 3053 ἑκάστης
3239 2988 3569 3058 ἑϐδομάδος
3621 2991 3788 3062 ὀρεία

2114 3103 2160 3165 C
2187 3070 2373 3122 λουσι
2417 3069 2699 3131 δικάζειν.
2743 3072 3009 3128 Βούλεται
3054 3077 3165 3149 γάρ
3214 3080 3323 3134 ἀπὺ
3387 3083 3485 3151 τῆς
3536 3083 3786 3154 σήμερον

2189 3163 2316 3226 τοὺς
2333 3163 2421 3234 ἐφ’
2440 3164 2662 3236 ἑκάστῳ
2678 3166 3023 3239 δικαστηρίῳ
3052 3173 3426 3243 συνεδριάζειν
3457 3175 3783 3244 ὀφείλοντας

2191 3255 2288 3307 καὶ
2333 3256 2832 3328 συνδιαγνωμονεῖν
2880 3259 2961 3331 τῷ
3011 3262 3208 3318 τούτου
3250 3267 3640 3338 προϊσταμένῳ
3691 3287 3790 3324 τε-

2187 3347 2497 3416 ταγμένους
2546 3343 2688 3402 εῖναι
2733 3349 2827 3403 καὶ
2877 3350 3327 3424 ἀφωρισμένους,
3378 3361 3510 3420 τοὺς
3558 3359 3658 3428 μὲν
3697 3363 3786 3425 είς

2188 3438 2374 3504 τοῦτο,
2412 3441 2540 3504 τοὺς
2594 3441 2653 3495 δὲ
2684 3441 2765 3506 είς
2813 3444 2994 3498 ἐκεῖνο
3031 3447 3092 3498 τὸ
3139 3447 3495 3520 δικαστήριον
3521 3491 3534 3516 ,
3578 3451 3667 3506 ἵνα
3704 3455 3785 3526 μὴ

2190 3529 2410 3585 πάντων
2436 3532 2515 3596 είς
2559 3533 2618 3586 ἓν
2682 3533 2826 3588 κατά
2869 3537 3072 3592 ταύτὸν
3114 3544 3527 3612 συνερχομένων
3586 3546 3786 3616 ἀργεῖν

2189 3620 2580 3692 ὲπισυμϐαίνει
2612 3623 2681 3676 τά
2713 3623 2881 3678 λοιπά
2911 3625 2984 3680 δι’
3014 3627 3256 3698 ἐρημίαν
3276 3631 3385 3688 τῶν
3409 3632 3778 3698 δικαζόντων·

2192 3710 2337 3765 οὕτω
2368 3713 2424 3766 δέ
2452 3715 2548 3768 καὶ
2574 3715 2636 3767 τὸ
2663 3715 2761 3770 νῦν
2795 3717 3135 3790 ἐπικρατοῦν
3167 3720 3289 3786 ἔθος
3330 3725 3783 3796 περιαιρήσεται,

2192 3804 2254 3857 τὸ
2310 3808 2374 3859 ἐκ
2429 3805 2850 3879 διαλειμμάτων
2895 3810 3144 3876 δικάζειν
3173 3814 3394 3880 αὐτούς.
3429 3817 3787 3890 Εὐδοκοῦμεν

2192 3894 2302 3964 γὰρ
2340 3897 2636 3966 τρισσάκις
2692 3898 3124 3969 ἀπροφασίστως
3175 3905 3307 3974 μιᾶς
3356 3905 3598 3980 ἑκάστης
3627 3909 3787 3964 ἐϐδο-

2195 3987 2364 4056 μάδος
2391 3986 2636 4052 δικάζειν
2673 3989 2908 4046 ἕκαστον
2948 3991 3058 4046 τῶν
3091 3995 3537 4068 προκαθημένων
3562 4000 3672 4054 τῶν
3699 4003 3788 4057 δι-

2192 4079 2533 4149 καστηρίων,
2567 4084 2982 4154 συνερχομένων
3018 4087 3153 4157 παρ’
3179 4089 3363 4153 αὐτοῖς
3394 4089 3505 4144 τῶν
3543 4091 3638 4145 ὑπ’
3680 4096 3788 4148 αὐ-

2191 4172 2305 4233 τοῖς
2342 4171 2636 4228 δικαστῶν.
2679 4175 3025 4229 Ἐπικεῖσθαι
3046 4177 3104 4230 δὲ
3127 4179 3223 4231 καὶ⁵
3255 4182 3370 4244 τοῖς
3419 4181 3787 4254 ὲναγομένοις

2190 4257 2442 4328 ἀνάγκην
2493 4259 2673 4314 διόλου
2738 4262 3122 4334 παραϐάλλειν
3158 4269 3216 4320 ἐν
3245 4271 3358 4332 τοῖς
3402 4270 3786 4344 δικαστηρίοις

2191 4354 2284 4403 καὶ
2321 4351 2397 4422 μὴ
2429 4353 2942 4424 ἀπολιμπάνεσθαι,
2973 4356 3172 4430 μέχρις
3207 4359 3274 4412 ἂν
3305 4365 3672 4436 ἐκπερατωθῇ
3707 4367 3786 4420 τὰ

2670 4447 2787 4516 εῐγε
2821 4449 2964 4511 τέως
2994 4451 3087 4504 καὶ
3116 4452 3165 4504 oi
3191 4452 3480 4522 ἐνάγοντες
3505 4455 3785 4526 διηνεκῶς

2191 4531 2593 4585 ἐπισπεύδουσι
2622 4535 2924 4605 τιμηθῆναι
2956 4538 3055 4608 τὴν
3087 4543 3562 4612 προσαρμόσασαν
3587 4545 3786 4612 αὐτοῖς

2191 4621 2445 4692 ἀγωγήν.
2481 4625 2702 4679 Δεῖσθαι
2737 4628 2922 4697 μέντοι
2954 4631 3083 4694 τοὺς
3125 4633 3493 4704 ἐναγομένους
3525 4639 3622 4690 καί⁷
3660 4639 3784 4694 δια-

2191 4712 2535 4781 μηνυμάτων
2555 4714 2677 4784 οὐχὶ
2696 4718 2906 4786 συχνῶν
2937 4721 3032 4773 καὶ
3057 4724 3502 4794 κατατριὸόντων
3520 4727 3785 4799 ἐπίτηδες

2188 4800 2318 4864 τοὺς
2349 4801 2674 4870 ἐνάγοντας,
2712 4805 2848 4859 ἀλλά
2899 4809 3039 4877 μετά
3069 4810 3171 4882 τὴν
3214 4811 3308 4866 τοῦ
3339 4814 3585 4870 λιδέλλου
3624 4817 3784 4875 δόσιν

2188 4894 2286 4947 καὶ
2320 4893 2421 4964 τὴν
2452 4895 2660 4966 εἴδησιν
2693 4901 2794 4965 τῆς
2826 4899 2948 4953 κατ’
2982 4901 3148 4958 αὐτὸν
3180 4907 3491 4979 φερομένης
3521 4910 3783 4981 ἀγωγῆς,

2188 4983 2245 5035 εί
2273 5001 2418 5048 τινες
2463 4983 2596 5049 ἴσως
2626 4988 2914 5042 ἀπειθοῦσι
2946 5031 2962 5056 ,
3001 4997 3181 5065 τρισὶν
3215 4998 3418 5062 αὐτοὺς
3481 5004 3782 5072 τριακονθο

2185 5077 2418 5147 ημέροις
2442 5079 2728 5133 καλεῖσθαι
2789 5087 3196 5157 προγράμμασι
3221 5105 3232 5116 ·
3265 5091 3362 5144 καὶ
3407 5094 3455 5144 εί
3507 5095 3582 5165 μὴ
3616 5097 3782 5161 ἐντὸς

2186 5169 2369 5222 αὐτῶν
2401 5170 2804 5242 ἀπαντήσουσι,
2833 5177 3295 5243 καταδικάζεσθαι
3321 5184 3634 5250 ἀκολούθως
3656 5193 3781 5253 τοῖς

2187 5260 2611 5329 νομοθετηθεῖσι
2659 5265 2814 5336 παρὰ
2855 5267 2952 5321 τοῦ
2983 5270 3234 5341 ἀοιδίμου
3278 5275 3509 5329 πάππου
3543 5281 3643 5349 τῆς
3676 5279 3778 5349 βας

2187 5351 2394 5418 σιλείας
2427 5371 2552 5426 μου,
2601 5357 2698 5411 καὶ
2759 5359 2856 5412 τοῦ
2906 5365 3218 5435 μακαρίτου
3255 5368 3526 5439 βασιλέως
3573 5375 3780 5443 κυρίου

2193 5444 2424 5509 Λέοντος
2454 5446 2551 5500 τοῦ
2586 5449 2776 5518 σοφοῦ.
2831 5453 2944 5505 Καὶ
2989 5456 3164 5510 ταῦτα
3205 5461 3304 5531 μὲν
3344 5462 3488 5518 οὕτω
3519 5466 3779 5532 γίνεσθαι

2183 5537 2613 5609 διαταττόμεθα.

2257 5642 2323 5715 β’.
2365 5645 2506 5716 Περὶ
2545 5651 2930 5718 συνηγόρων.
2968 5650 3123 5706 Ἐπεὶ
3155 5655 3213 5708 δέ
3265 5658 3361 5712 καὶ
3404 5661 3468 5729 τῇ
3495 5677 3605 5713 των
3639 5678 3780 5715 ουν-

2191 5732 2416 5804 ηγόρων
2463 5735 2904 5808 ἁπεραντολογίᾳ
2963 5743 3056 5794 καὶ
3093 5746 3161 5812 τῇ
3221 5747 3390 5816 πολλῇ
3438 5750 3645 5804 τούτων
3677 5752 3777 5804 ἐν-
