4014 6398
299 302 396 368 741

1408 308 1773 370 NOVELLrE
1816 310 2501 380 CONSTITUTIONES.

3458 335 3564 398 742

290 424 480 473 στάσει
539 420 928 493 προσωχθήκει
979 423 1013 492 ἡ
1062 420 1327 493 βασιλεία.
1362 440 1466 493 μου
1510 425 1861 516 (σπούδασμᾼα

1976 432 2178 485 stantia
2241 435 2483 487 multum‘
2524 431 2727 489 oﬂ‘cusa
2801 447 2905 495 cst.
2953 440 3160 513 Quippe
3210 444 3565 516 deprellendit

288 519 397 578 γάρ
445 506 634 571 αὐτοῖς
685 508 1051 580 κατεφώρασε
1082 509 1348 573 πολλάκις
1391 509 1543 583 ὥρας
1592 513 1870 585 ὑποσυλᾷν

286 599 384 654 καὶ
415 600 832 670 σεσοφισμὲνως
858 601 1196 670 φυγοδικείν,
1223 596 1304 666 οἷς
1335 606 1433 667 τὰς
1466 604 1639 667 αὐτὰς
1662 604 1868 659 πολλά-

290 709 381 753 κις
410 691 791 761 δικαιολογίας
824 691 1198 767 ἀνακυκλοῦσι
1219 732 1233 757 ,
1289 693 1386 747 καὶ
1419 694 1528 748 τῶν
1583 696 1870 767 προτέρων

287 762 777 848 δυσαποσπάστως
807 764 1162 856 ἐξερχόμενοι
1206 786 1545 857 προκόπτειν
1589 762 1690 841 οῦκ
1737 762 1870 841 latitat

286 877 351 930 τδ
382 878 796 950 δικαστήριον),
831 877 1135 951 διορίζεται
1178 879 1320 952 μετὰ
1349 882 1614 952 συστολῆς
1643 884 1870 954 ἱσταμέ-

280 989 414 1034 νους
442 974 574 1036 τοὺς
603 972 940 1046 συνηγόρους
972 973 1048 1038 ὡς
1068 973 1132 1026 τὸ
1152 974 1286 1046 πρὶν
1310 974 1766 1044 δικάζεσθαι,καὶ
1790 977 1866 1049 μὴ

281 1063 679 1136 ωγκαθῆσθαι
704 1068 821 1130 τοῖς
847 1065 1137 1130 δικασταῖς
1172 1067 1232 1121 ὲν
1275 1066 1354 1137 τῷ
1383 1067 1736 1133 δικάζεσθαι,
1772 1069 1867 1123 καὶ

283 1158 362 1229 μὴ
387 1157 531 1212 κατά
555 1158 754 1214 ταύτὸν
780 1162 893 1223 τοῖς
928 1160 1113 1229 λόγοις
1137 1164 1338 1233 χωρεῖν
1370 1164 1488 1234 (ἀφ’
1527 1158 1604 1218 ὧν
1639 1168 1861 1237 συγχεί-

280 1264 375 1301 ται
426 1250 531 1319 μὲν
582 1252 615 1322 ἡ
675 1251 965 1322 ἀκρόασις,
1001 1253 1329 1324 ἐκκρούεται
1357 1255 1413 1308 δὲ
1453 1258 1687 1311 καὶτῶν
1715 1258 1864 1312 δικασ

284 1338 431 1393 στῶν
484 1342 518 1412 ἡ
565 1342 804 1414 ἀκριϐὴς
855 1344 950 1397 καὶ
1000 1346 1453 1418 συντετηρημένη
1507 1346 1859 1420 διάγνωσις)ο

281 1430 425 1484 ἀλλά
456 1431 686 1502 θατέρου
734 1434 939 1506 μέρους
968 1437 1410 1508 ὲφησυχάζοντος
1459 1439 1581 1510 μετ’
1612 1441 1864 1506 εὐταξίας

282 1524 377 1576 καὶ
424 1524 821 1590 καταστάσεως
840 1527 941 1580 -τά
971 1529 1152 1583 οἰκεῖα
1186 1530 1373 1584 δίκαια
1424 1532 1733 1602 προτείνειν
1771 1536 1863 1587 τὸν

282 1613 707 1684 προλογίζοντα,
749 1613 872 1672 εἶτα
893 1620 986 1673 τὸν
1017 1621 1119 1691 μὲν
1171 1623 1427 1693 ἠρεμεῖν,
1476 1625 1864 1680 ἀντιδικοιιολο⁴

276 1706 501 1773 γεῖσθαι
567 1707 625 1761 δὲ
677 1710 817 1780 μετά
848 1711 949 1775 τῆς
978 1712 1102 1785 ἴσης
1130 1715 1315 1778 ἁδείας
1364 1714 1456 1769 τὸν
1501 1716 1724 1787 ἕτερον’
1766 1718 1862 1773 καὶ

276 1790 427 1846 οὕτω
464 1791 647 1863 λέγειν
696 1799 826 1862 τοὺς
875 1799 1143 1866 δικαστὰς
1185 1802 1222 1857 ἀ
1265 1804 1714 1874 διαγινώσκουσι.
1741 1808 1860 1864 Κᾶν

274 1886 325 1938 εί
378 1887 511 1956 μιᾶς
572 1886 802 1962 γνώμης
837 1893 1082 1958 ἅπαντες
1113 1895 1381 1962 γένοιντο,
1434 1899 1526 1952 ἐπὶ
1555 1901 1625 1954 τά
1669 1903 1860 1972 πρόσω

273 1978 480 2046 χωρεῖν
504 1981 632 2044 τοὺς
658 1980 1051 2053 δικαζομένους
1071 2003 1085 2017 ·
1119 1987 1169 2040 εί
1199 1988 1256 2042 δὲ
1287 1990 1697 2061 διαφωνήσουσι
1723 1995 1860 2063 πρὸς

274 2068 565 2140 ἀλλήλους,
618 2074 752 2138 τοὺς
812 2075 912 2146 μὲν
949 2079 1390 2149 συνηγοροῦντας
1443 2084 1539 2136 καὶ
1596 2084 1762 2138 πάλιν
1801 2088 1861 2141 ἐν

274 2161 495 2235 ἠρεμίᾳ
562 2165 771 2236 μένειν,
842 2170 970 2233 τοὺς
1021 2172 1079 2225 δὲ
1128 2172 1394 2240 δικαστὰς
1456 2175 1581 2230 καθ’
1638 2178 1860 2244 ἑαυτοὺς

278 2257 512 2310 σκοπεῖν
541 2257 607 2321 τὰ
640 2260 989 2332 ἀμφήριστον
1024 2264 1118 2316 καὶ
1145 2264 1267 2336 δίχα
1294 2269 1393 2339 τῆς
1423 2267 1645 2323 οἱασοῦν
1693 2289 1864 2343 προσ-

275 2345 513 2411 παθείας
540 2348 622 2412 είς
655 2348 715 2405 ἓν
743 2352 1108 2425 συνέρχεσθαι
1156 2358 1371 2424 πάντας
1421 2364 1519 2416 καὶ
1561 2365 1863 2434 ἀποφαίνε-

274 2437 405 2492 σθαι
435 2440 498 2491 τὸ
530 2442 663 2512 παρ’
698 2442 885 2497 αὐτῶν
917 2445 1444 2521 διαγινωσκόμενον.
1493 2454 1555 2507 El
1587 2453 1644 2508 δέ
1676 2472 1741 2521 γε
1784 2456 1862 2528 μὴ

272 2529 806 2602 ὁμογνωμονήσουσι
856 2535 1084 2602 πάντες,
1134 2536 1273 2591 ἀλλά
1317 2557 1466 2606 τινες
1522 2543 1861 2614 διαφωνοῦσι

278 2622 396 2685 τοῖς
425 2622 672 2678 πλείοσιν
701 2626 733 2692 ἢ
758 2626 1071 2692 ὲξισοῦνται
1102 2630 1151 2682 οί
1181 2630 1611 2703 διαφωνοῦντες,
1633 2637 1861 2694 ἐκείνων

275 2711 385 2766 τῶν
402 2713 604 2786 ψήφων
627 2720 1050 2790 προκρίνεσθαι,
1070 2720 1152 2789 οἷς
1181 2725 1280 2780 καὶ
1309 2729 1335 2780 ὁ
1366 2724 1462 2780 τοῦ
1495 2726 1858 2803 δικαστηρίου

274 2808 564 2878 προεστὼς
612 2816 920 2882 συμφωνεῖ.
967 2816 1030 2870 Ol
1069 2817 1128 2871 δὲ
1190 2818 1267 2892 μὴ
1339 2821 1683 2892 στοιχοῦντες
1744 2826 1861 2887 τοῖς

275 2900 607 2972 παρ’ἠμῶν
661 2905 1117 2981 διατεταγμένοις
1157 2915 1287 2985 περὶ
1343 2914 1550 2983 αὐτῶν,
1604 2918 1742 2973 ἀλλά
1790 2919 1861 2974 τά

276 2990 429 3044 αὐτὰ
460 2993 992 3069 δικαιολογούμενοι,
1050 3002 1145 3058 καὶ
1207 3006 1282 3075 μὴ
1330 3008 1702 3078 παραδεκτέοι
1760 3010 1861 3081 μὲν

1981 520 2179 590 saepius
2203 522 2310 577 illis
2343 523 2447 580 hoc
2485 538 2607 581 esse
2649 529 2846 596 studio,
2883 540 2941 585 ut
2974 531 3138 589 horas
3168 537 3323 604 quasi
3352 539 3561 609 deprae-

1981 613 2202 681 dentur,
2235 622 2289 671 et
2328 615 2508 674 fucate
2541 620 2980 689 tergiverseutnr,
3017 625 3144 679 dum
3178 630 3394 685 easdem
3428 631 3563 687 alle-

1981 706 2231 772 gationes
2284 708 2560 766 multoties
2617 722 2887 781 repetunt.
2945 714 3012 768 Et
3065 720 3320 786 quoniam
3378 734 3561 780 certus

1981 809 2168 850 eorum
2198 812 2456 854 numerus
2490 816 2610 857 csse
2640 802 2799 857 debet
2830 804 2882 859 in
2909 805 3115 875 judicio
3150 811 3392 880 quolibet
3418 816 3557 885 ejus,

1981 886 2076 956 qui
2125 887 2214 956 jus
2249 889 2383 958 ipsis
2408 890 2576 957 dicit,
2617 893 2682 948 ad
2715 910 2837 949 eum
2872 901 3182 956 necessario
3213 904 3555 963 convenient.

1976 976 2048 1030 At
2102 978 2151 1032 si
2207 978 2463 1039 fortassis
2520 984 2589 1039 ob
2644 985 2880 1058 aliquam
2929 1004 3146 1047 causam
3196 994 3250 1051 id
3293 994 3559 1063 judicium

1975 1077 2151 1137 vacet,
2195 1073 2334 1143 apud
2381 1073 2485 1129 alia
2515 1075 2721 1145 judicia
2771 1079 2947 1135 civilia
2990 1098 3186 1139 munus
3221 1100 3378 1141 suum
3422 1089 3558 1143 citra

1975 1160 2296 1232 cujusquam
2359 1165 2805 1237 impedimentum
2857 1172 3172 1242 implebunt.
3216 1175 3354 1232 llinc
3411 1181 3557 1234 enim

1974 1251 2238 1308 auditioni
2285 1255 2441 1313 favor
2489 1260 2739 1329 additur;
2788 1278 2966 1319 causae
3012 1281 3145 1322 vero
3181 1269 3420 1338 cognitio
3476 1287 3564 1326 ac-

1973 1352 2162 1400 curate
2216 1347 2558 1407 observatur.
2628 1350 2729 1408 Ubi
2780 1363 2960 1410 autem
3024 1357 3192 1413 altera
3252 1374 3379 1429 pars
3437 1377 3557 1417 cum

1954 1437 2171 1510 ‘dccore
2256 1442 2567 1510 consentit,
2633 1450 3022 1516 pratopinantis
3095 1455 3376 1527 privilegia
3459 1473 3558 1514 ex.

1975 1529 2311 1599 tenduntur;
2376 1534 2500 1590 dein
2559 1553 2668 1594 uno
2722 1549 2959 1610 tacente,
3003 1543 3319 1603 alter'litem
3369 1563 3558 1619 perse-

1971 1619 2160 1686 quitur
2215 1637 2322 1678 non
2385 1625 2567 1683 minus
2619 1628 2924 1701 intrepide;
2984 1632 3265 1703 postremo
3312 1637 3557 1706 judicum

1971 1715 2238 1770 sententia
2290 1720 2756 1788 pronuntiabitur.
2811 1725 2914 1782 Ubi
2963 1743 3153 1786 omnes
3209 1731 3370 1787 unius
3429 1743 3560 1817 sunt

1892 1789 1936 1845 Β
1963 1809 2267 1876 sententiae,
2318 1824 2507 1883 partes
2552 1814 2832 1887 litigantes
2872 1820 3101 1892 longius
3137 1824 3474 1893 procedunt;
3508 1806 3553 1879 si

1963 1908 2141 1971 autem
2192 1902 2244 1958 in
2292 1903 2540 1963 diversas
2598 1909 2800 1965 abeunt
2851 1915 3169 1982 sententias,
3217 1917 3465 1973 advocati
3500 1928 3558 1975 et

1963 1994 2065 2065 ipsi
2093 1996 2352 2066 silebunt,
2393 2000 2518 2056 dum
2547 2001 2765 2072 judices
2801 2019 2890 2062 res
2926 2016 3311 2065 controversas
3343 2011 3553 2066 exami-

1934 2098 2097 2143 onant
2120 2130 2136 2155 ,
2178 2093 2352 2148 donec
2378 2094 2516 2149 idem
2542 2097 2847 2154 sentientes
2872 2101 2925 2155 in
2948 2102 3195 2157 eamdem
3223 2103 3552 2160 sententiam

1965 2182 2225 2243 abierint.
2264 2184 2418 2252 Quod
2460 2189 2505 2244 si
2531 2203 2635 2244 non
2668 2205 2861 2249 omnes
2897 2193 3267 2262 consentiunt,
3296 2198 3389 2253 sed
3424 2212 3551 2269 pars

1963 2274 2140 2354 minor
2172 2277 2363 2344 majori
2409 2282 2723 2350 opponitur,
2765 2293 2858 2339 aut
2898 2301 3161 2344 numerus
3193 2287 3406 2344 diversa
3430 2290 3551 2359 opi-

1964 2370 2212 2423 nantium
2248 2373 2476 2437 tequalis
2504 2375 2745 2441 exsistit,
2797 2392 2861 2432 ea
2888 2379 3160 2435 sententia
3199 2382 3392 2437 victrix
3421 2382 3547 2449 erit,

1964 2459 2051 2514 cui
2085 2474 2288 2527 praeses
2336 2464 2618 2522 concienis
2667 2468 3008 2539 astipulatur.
3059 2471 3160 2539 Qui
3207 2483 3387 2528 autem
3435 2490 3547 2531 non
3597 2539 3600 2542 ς

1966 2555 2343 2610 assentiuntur
2376 2557 2441 2613 iis
2461 2573 2584 2628 quae
2613 2559 2680 2616 de
2702 2561 2844 2631 ipsis
2864 2562 3224 2633 decrevimus,
3257 2568 3351 2620 sed
3377 2568 3550 2636 priori

1966 2645 2285 2704 defensione
2320 2659 2577 2717 utuntur,
2621 2669 2742 2723 quae
2778 2655 3058 2724 iudicibus
3112 2660 3470 2727 displicuerit,
3496 2669 3553 2716 et
3624 2677 3628 2680 ‘

1967 2739 2158 2794 eadem
2222 2754 2456 2811 semper,
2521 2743 2683 2813 idque
2733 2747 2882 2801 nullo
2926 2749 3151 2819 pudore,
3212 2753 3264 2806 in
3317 2754 3551 2808 medium

1964 2828 2251 2898 proferunt
2275 2840 2442 2902 atque
2465 2846 2528 2888 ea
2561 2843 2811 2902 repetunt
2849 2852 2968 2908 quae
2986 2840 3099 2910 jam
3131 2850 3287 2897 antea
3312 2846 3551 2913 probare

1967 2923 2326 2993 nequiverant
2374 2927 2652 2997 (namque
2707 2943 2869 2985 voces
2920 2943 3114 2988 exacte
3173 2938 3557 3004 pronuntiatas

1963 3013 2270 3083 negligunt,
2304 3023 2362 3069 ut
2391 3015 2504 3085 ipse
2531 3026 2797 3086 expertus
2836 3020 3007 3091 sum),
3050 3023 3177 3089 quia
3202 3033 3387 3079 autem
3412 3024 3549 3082 deli-

275 3080 432 3147 εντες
479 3086 596 3150 τοῖς
623 3085 935 3155 δικασταῖς,
988 3093 1138 3162 ὅμως
1173 3094 1230 3149 δὲ
1273 3099 1387 3161 τοῖς
1436 3099 1623 3164 αὐτοῖς
1664 3104 1861 3175 ἀνερυ-

1966 3105 2202 3161 nitiones
2246 3115 2461 3162 nostras
2507 3110 2661 3178 parvi
2696 3110 2959 3176 pendunt,
3010 3126 3233 3168 causam
3264 3116 3431 3185 ‘jllSle
3457 3118 3555 3173 de-

275 3174 555 3246 θριάστως
607 3180 991 3252 ἐπιμένοντες,
1051 3186 1284 3242 κάκεῖνα
1334 3190 1610 3259 λέγοντες,
1668 3193 1704 3249 ά
1759 3174 1858 3249 καὶ

1966 3194 2221 3251 fendendi
2262 3174 2527 3254 facultate
2558 3199 2869 3268 privamur.
2909 3174 3024 3259 lluc
3071 3174 3301 3262 accedit'
3320 3208 3464 3276 quod
3491 3226 3554 3266 se

277 3269 943 3344 προδικαιολογησάμενοι
982 3279 1433 3354 ἀπεπέμφθησαν
1468 3285 1608 3355 (ἔστι
1640 3288 1740 3359 μὲν
1768 3290 1855 3344 ὅτε

275 3362 376 3416 καὶ
421 3363 724 3435 αὐτολεξεὶ,
756 3368 846 3422 ὅτε
872 3370 928 3424 δὲ
951 3372 1170 3438 καὶτὰς
1194 3374 1373 3441 λέξεις
1409 3377 1551 3448 πρὸς
1580 3380 1641 3434 τὸ
1670 3380 1857 3438 λαθεῖν

275 3454 753 3526 ὑπαλλάσσοντες,
779 3463 941 3518 ὁποῖα
972 3466 1068 3519 καὶ
1094 3468 1195 3538 τῆς
1228 3468 1511 3540 βασιλείας
1558 3489 1663 3543 μου
1704 3475 1859 3532 δικα-

276 3545 485 3620 ζούσης
545 3552 856 3627 γεγόνασι),
924 3558 1023 3612 καὶ
1074 3559 1169 3614 τὸν
1238 3561 1512 3634 ἡμέτερον
1575 3565 1856 3637 διορισμὸν

274 3642 718 3714 παραϐαίνοντες
796 3648 892 3704 τοῦ
970 3657 1301 3726 συνηγορεῖν
1382 3657 1800 3729 κωλυθήσονται
1839 3679 1853 3695 ο

275 3733 499 3801 πάντως
535 3739 644 3813 γὰρ
671 3743 982 3799 ἀδικεῖσθαι
1016 3745 1258 3819 οἰόμενοι
1293 3749 1387 3804 ἐπὶ
1418 3750 1518 3821 τὴν
1564 3752 1631 3805 ὲκ
1670 3753 1857 3825 νόμων

273 3828 834 3907 ἀποτεταμιευμένην
874 3837 1087 3903 τούτοις
1121 3840 1225 3910 τῆς
1270 3842 1543 3915 ἐκκλήτου
1599 3842 1859 3916 βοήθειαν

277 3926 627 3992 καταφυγεῖν
676 3925 910 3997 ὤφελον.
960 3931 1209 4004 Μελήσει
1244 3934 1304 3988 δὲ
1351 3936 1574 4002 πάντως
1613 3941 1707 3994 καὶ
1744 3942 1859 4007 τοῖς

276 4009 605 4077 δικάζουσιν
644 4018 1011 4092 ὲμμερεμνως
1060 4023 1161 4088 τὰς
1215 4024 1539 4095 διαγνώσεις
1584 4031 1859 4088 ποιεῖσθαι

276 4103 374 4158 καὶ
425 4106 532 4172 τάς
580 4110 912 4181 ἀποφάσεις,
961 4115 1167 4172 εἰδόσιν
1208 4119 1293 4173 ὅτι
1345 4121 1586 4192 μεγάλαι
1636 4123 1857 4195 ζημίαι,

274 4197 546 4265 πολλάκις
570 4202 629 4256 δὲ
656 4205 754 4259 καὶ
788 4207 1059 4278 σωμάτων
1102 4210 1567 4287 ἀκρωτηριασμοὶ
1598 4220 1719 4281 ταῖς
1757 4221 1861 4273 αὐ-

273 4291 385 4346 τῶν
417 4294 770 4364 ἀποφάσεσιν
821 4298 1314 4361 ἐπακολουθοῦσιν.
1352 4305 1472 4361 Ἵνα
1505 4306 1601 4362 οὖν
1638 4309 1715 4381 μὴ
1762 4310 1858 4365 τοῦ

270 4384 470 4440 λοιποῦ
521 4389 815 4461 ἀπέραντα
845 4391 931 4462 εἴη
962 4393 1034 4446 τά
1072 4393 1447 4466 δικαστήρια,
1500 4399 1595 4452 τὸν
1645 4401 1703 4455 ἐν
1746 4402 1862 4455 δια-

1960 3287 2118 3355 plane
2139 3287 2376 3345 offensos
2395 3291 2728 3348 arbitrantes
2752 3295 2819 3349 ad
2849 3296 3106 3350 auxilium
3135 3300 3279 3367 quod
3312 3302 3553 3358 tribunal

1956 3380 2118 3438 oﬁ‘ert
2151 3383 2452 3455 confugere
2502 3386 2679 3441 satius
2705 3389 3004 3442 duxerunt.
3045 3388 3207 3445 Cordi
3240 3392 3345 3447 erit
3375 3394 3555 3449 omni-

1958 3475 2064 3532 bus
2090 3477 2183 3543 qui
2233 3475 2322 3546 jus
2364 3478 2574 3546 dicunt,
2609 3487 2671 3534 ut
2698 3479 2912 3535 decreta
2943 3492 2999 3535 et
3036 3484 3321 3541 sententia:
3351 3486 3417 3542 ad
3448 3503 3552 3542 un-

1957 3584 2116 3641 guem
2146 3571 2468 3638 reddantur,
2494 3572 2661 3643 probe
2688 3573 2924 3630 scientes
2945 3577 3086 3646 quod
3120 3593 3292 3647 pmnae
3318 3582 3551 3644 acerbae.

1960 3661 2071 3719 imo
2122 3663 2371 3732 corporis
2404 3664 2779 3721 mutilationes
2823 3666 2968 3735 ipsas
3015 3671 3316 3726 sententias
3355 3672 3554 3729 subse-

1961 3762 2226 3823 quuntur.
2249 3753 2329 3810 Ne
2351 3754 2516 3825 igitur
2544 3755 2597 3811 in
2618 3766 2898 3827 posterum
2918 3768 3071 3815 actus
3093 3760 3316 3831 juridici
3348 3762 3554 3820 inﬁniti

1959 3845 2092 3909 sint,
2122 3845 2293 3918 legem
2328 3846 2381 3901 in
2405 3846 2764 3906 Basilicorum
2794 3850 3078 3908 codicibus
3108 3854 3368 3924 scriptam
3393 3855 3543 3913 refo-
3602 3838 3621 3851 λ

1960 3940 2227 4004 cillamus,
2263 3949 2319 3995 et
2357 3940 2513 4009 quasi
2564 3955 2595 3995 e
2647 3942 2877 3998 mortuis
2939 3945 3346 4013 resuscitamus,
3377 3958 3430 4003 et
3468 3963 3555 4005 se-

1960 4034 2197 4090 cundum
2256 4031 2426 4103 ipsam
2481 4033 2708 4088 crimina
2767 4043 2929 4103 atque
2974 4037 3368 4105 accusationes,
3430 4054 3553 4110 qua

1959 4127 2103 4184 intra
2138 4127 2418 4183 biennium
2464 4127 2669 4183 absolvi
2701 4135 2953 4198 possunt,
2998 4127 3327 4198 deﬁnimus;
3355 4145 3551 4188 causas

1960 4235 2116 4286 vero,
2143 4233 2263 4290 quae
2292 4218 2436 4274 circa
2467 4220 2752 4288 pecuniam
2779 4228 2926 4286 sunt,
2962 4218 3104 4274 intra
3143 4220 3435 4277 triennium
3462 4236 3554 4278 re-

1961 4312 2245 4380 legamus;
2315 4312 2417 4366 boc
2493 4311 2637 4366 enim
2705 4310 2963 4381 temporis
3031 4312 3267 4382 spatium
3328 4310 3551 4378 suﬂlcit,

1967 4403 2181 4460 etiamsi
2210 4404 2455 4472 quaedam
2509 4401 2841 4474 byputbeses
2863 4417 2929 4458 ac
2959 4403 3295 4472 problemata
3329 4411 3554 4473 propter

275 4478 470 4548 φόροις
529 4481 761 4552 βιϐλίοις
795 4474 923 4540 ’τῶν
970 4484 1861 4564 Βασιλικῶνὲγκατεστρωμένον

1964 4497 2351 4552 obscuritatem
2383 4496 2711 4564 peculiarem
2750 4496 2929 4550 minus
2968 4495 3146 4551 facilia
3195 4495 3375 4551 solutu
3417 4497 3549 4553 sint.

275 4570 754 4645 ἀναζωπυροῦμεν
788 4576 980 4646 νόμον,
1022 4580 1121 4635 καὶ
1165 4583 1579 4653 νενεκρωμένον
1622 4577 1737 4638 οἷον
1783 4587 1861 4639 εἰς

276 4667 399 4718 πεῖν
452 4666 547 4718 καὶ
572 4667 778 4740 ἀγρίαν
825 4671 1069 4739 παντελῆ
1112 4672 1598 4746 κατεψηφισμένον
1627 4677 1862 4733 ἀνιστῶ-

281 4774 405 4828 μεν,
434 4758 807 4832 διοριζόμενοι
836 4764 960 4817 κατ’
985 4765 1199 4821 ἐκεῖνον
1240 4766 1311 4820 τὰ
1342 4765 1443 4837 μὲν
1472 4768 1862 4840 ἐγκληματικά

276 4853 390 4907 τῶν
430 4852 811 4928 δικαστηρίων
847 4857 1004 4924 ἐντὸς
1037 4859 1247 4925 διετίας
1298 4862 1699 4932 περατοῦσθαι,
1748 4865 1864 4930 τοῖς

273 4943 330 4996 δὲ
355 4949 731 5017 χρηματικοῖς
764 4947 858 5003 τδν
883 4950 980 5021 τῆς
1000 4950 1248 5022 τριετίας
1274 4953 1468 5025 χρόνον
1489 4953 1858 5025 ὲξαπλοῦμενο

276 5038 557 5112 αὔταρκες
609 5040 723 5110 γὰρ
776 5042 962 5107 αὐτοῖς
1003 5044 1066 5098 τὸ
1115 5044 1377 5100 τοσοῦτον
1421 5042 1704 5120 διάστημα
1764 5047 1861 5102 τοῦ

277 5129 500 5202 καιροῦ,
542 5131 652 5186 κᾶν
700 5132 754 5187 εί
809 5134 906 5188 καὶ
932 5133 1063 5199 ἴσως
1091 5136 1237 5201 τινὲς
1280 5137 1570 5202 ὑποθέσεις
1622 5140 1761 5195 πολὺ
1797 5140 1861 5195 τὸ

276 5224 497 5295 γρυφδν
518 5222 747 5295 ἔχουσαι
773 5227 868 5280 καὶ
890 5226 949 5279 τὸ
973 5226 1236 5300 δυσχερὲς
1270 5230 1614 5302 εὑρίσκοιντο
1642 5233 1738 5288 καὶ
1765 5232 1861 5305 τὴν

276 5315 437 5370 λύσιν
460 5316 563 5370 οὐκ
597 5317 862 5389 εὐμαρῶς
911 5320 1385 5391 παραδεχόμεναι.
1415 5322 1478 5377 El
1508 5321 1566 5376 δὲ
1598 5323 1732 5393 παρ’
1778 5326 1863 5379 αἱ·

272 5408 398 5463 τίαν
418 5408 519 5463 τοῦ
551 5410 847 5479 ἐνάγοντος
869 5413 902 5482 ἡ
939 5413 1256 5484 προθεσμία
1283 5414 1761 5486 ὲκμετρηθήσεται
1786 5415 1862 5488 μὴ

274 5499 585 5573 λελυμένης
614 5503 714 5573 τῆς
741 5502 1087 5569 ὑποθέσεως,
1123 5505 1462 5562 ἀπεντεῦθεν
1493 5505 1649 5561 ἔσται
1692 5525 1865 5563 κατα·-

274 5593 697 5666 δεδικασμένος,
733 5597 1241 5668 προσκαταὸάλλων
1279 5598 1358 5670 τῷ
1410 5600 1728 5670 ὲναγομένῳ
1767 5602 1863 5653 καὶ

279 5682 349 5738 τά
376 5683 777 5756 δαπανήματα.
806 5687 870 5739 El
899 5687 955 5741 δὲ
984 5686 1080 5741 τοῦ
1107 5688 1393 5757 ἐνάγοντος
1438 5690 1864 5760 ἐπαγρυπνοῦνρ

272 5786 368 5837 τος
402 5774 501 5832 καὶ
535 5775 963 5843 ἐπισπεύδοντος
993 5777 1363 5851 ἠδυστροπία
1398 5779 1494 5834 τοῦ
1524 5778 1857 5851 ἐναγομένου

1969 4589 2025 4644 Si
2073 4598 2254 4644 autem
2287 4598 2480 4645 contra
2533 4602 2683 4657 spem
2722 4588 3034 4644 accusantis
3062 4588 3178 4644 dies
3220 4587 3558 4658 praestitutus

1970 4679 2231 4748 praeterit,
2267 4678 2397 4749 quin
2434 4678 2500 4734 lis
2525 4677 2838 4745 dirimatur,
2873 4687 2985 4732 tum
3014 4689 3305 4735 accusatus
3332 4679 3557 4734 damna-

1964 4773 2113 4829 bitur
2139 4773 2206 4828 ad
2251 4782 2506 4843 sumptus
2553 4769 2864 4828 solvendos.
2895 4769 2952 4825 Si
2982 4780 3164 4828 autem
3216 4769 3555 4826 accusatoris

1963 4862 2259 4935 pertinacia
2314 4866 2510 4919 nimias
2556 4878 2653 4920 reo
2700 4864 3014 4920 vexationes
3046 4879 3151 4920 non
3192 4862 3313 4920 sine
3356 4877 3550 4933 magna

1966 4957 2226 5022 temporis
2272 4956 2484 5026 jactura
2534 4955 2754 5027 inﬂigit,
2807 4956 2934 5013 inde
2969 4956 3352 5012 condemnatio
3388 4963 3440 5009 et
3465 4969 3557 5009 res

1966 5048 2278 5120 repetuudte
2303 5049 2487 5104 locum
2519 5048 2821 5115 habebunt,
2852 5065 2917 5105 ac
2944 5065 3088 5115 reus,
3131 5050 3332 5105 nullius
3370 5045 3556 5103 auxilii

1964 5138 2258 5210 particeps,
2299 5137 2446 5194 nulla
2495 5139 2673 5209 gratia
2725 5139 2922 5209 dignus
2972 5138 3400 5195 existimabitur.
3436 5134 3493 5189 Si
3524 5152 3557 5191 e

1963 5239 2153 5287 contra
2179 5231 2390 5302 jutlices
2432 5232 2741 5287 cunctando
2796 5246 3046 5302 magnam
3082 5230 3343 5300 temporis
3370 5229 3554 5298 jactu-

1965 5339 2082 5380 ratn
2134 5334 2519 5394 provocarunt,
2579 5324 2895 5379 muneribus
2926 5324 3040 5378 suis
3089 5323 3193 5377 rite
3240 5320 3553 5388 fungentes.

1966 5414 2111 5472 illam
2134 5417 2422 5473 sanabunt.
2454 5417 2737 5484 Quomodo
2775 5417 2943 5483 enim,
2980 5417 3071 5485 qui
3102 5416 3168 5468 ad
3203 5415 3294 5485 jus
3316 5413 3517 5467 insonti
3538 5443 3552 5453 -

1964 5507 2068 5563 bus
2119 5506 2739 5562 dicendum‘destinati
2798 5516 2947 5571 sunt,
3007 5519 3234 5560 munere
3287 5504 3552 5559 attributo

1964 5613 2251 5670 perperam
2300 5595 2610 5667 fungentes,
2648 5607 2741 5654 aut
2769 5598 2906 5653 alius
2937 5597 3152 5665 iudices
3199 5597 3554 5653 conniventes

1965 5689 2298 5757 adhibendo,
2330 5692 2396 5744 ad
2428 5690 2642 5745 illorum
2697 5691 2987 5760 perniciem
3022 5705 3135 5745 rem
3169 5702 3359 5761 gerere
3405 5696 3552 5741 sata-

1967 5780 2134 5853 gent?
2165 5782 2272 5838 Sed
2314 5796 2436 5838 cum
2478 5783 2708 5853 quodvis
2752 5782 2991 5839 tribunal
3019 5782 3321 5853 peculiares
3351 5780 3551 5837 habeat
