4014 6402
458 324 567 389 ’143

1700 322 2098 384 MANUELIS
2137 283 2485 385 conlatam

3626 324 3731 387 714

451 438 689 508 judices,
732 436 797 489 ad
821 448 970 498 eum,
1004 438 1296 503 quem'par
1323 440 1426 500 est,
1466 420 1683 487 causam
1738 450 1891 488 suam
1925 450 2025 488 reo:

2154 436 2245 489 τὸν
2296 438 2549 490 τοσοῦτον
2606 438 2802 508 χρόνον
2836 436 2930 491 ἐπὶ
2966 439 3143 500 κενοῖς
3186 439 3401 510 ποιήσει
3446 439 3732 510 παραδρα-

457 527 680 581 deferet.
713 526 866 591 Quod
901 525 945 579 si
977 525 1065 578 hic
1096 525 1164 578 ob
1189 524 1625 595 qualemcunque
1668 540 1886 581 causam
1923 524 2035 580 olli-

456 619 541 673 cio
573 632 674 672 suo
727 617 872 685 fungi
919 631 1025 670 non
1070 616 1288 686 poterit,
1327 617 1474 673 aliud
1533 617 1750 687 aliquod
1802 618 2042 674 tribunal

454 711 519 762 ad
550 711 639 779 jus
668 708 1109 777 consequendum
1139 707 1329 763 adibit.

2161 527 2308 595 μεῖν,
2340 527 2409 579 ἐκ
2442 528 2641 580 τούτου
2685 529 2779 581 καὶ
2808 528 2970 597 μόνου
2996 516 3537 601 καταδικασθήσεται
3566 531 3732 583 ἁπαι-

2147 620 2414 693 τούμενος
2446 621 2541 673 καὶ
2569 620 2636 673 τά
2666 617 3037 691 δαπανήματα
3060 662 3074 684 ,
3116 622 3212 675 καὶ
3244 622 3504 692 οὐδεμιᾶς
3534 622 3730 691 ἐτέρας

2152 711 2520 782 ἀξιωθήσεται
2582 710 2836 782 βοηθείας
2887 711 2920 783 ἢ
2977 711 3341 775 δικαιώσεως.
3397 714 3458 766 El
3518 712 3575 765 δὲ
3621 711 3733 765 τῶν

455 802 666 874 καιρῶν
697 800 1070 871 σχολαζόντων
1100 800 1266 854 αἴτιοι
1313 800 1413 871 τῆς
1454 800 1740 871 ἀπράκτου
1774 801 2135 875 παραδρομῆς
2178 807 2273 857 τοῦ
2304 804 2500 875 καιροῦ
2537 804 2586 856 οἱ
2618 804 2933 869 δικάζοντες
2969 808 3232 873 γένοιντο,
3269 808 3378 858 τῶν
3414 808 3732 877 προσόντων

454 899 644 959 αξντοῖς
671 897 1007 951 δικαστικῶν
1049 897 1325 967 ὀφφικίων
1375 897 1944 969 μετακινηθήσονται·
2001 901 2107 954 ποῦ
2150 902 2260 971 γὰρ
2309 901 2375 953 ἂν
2427 900 2512 969 εἴη
2571 899 2784 966 δίκαιον
2826 901 2951 960 τοὺς
2992 901 3087 954 ἐπί
3120 904 3366 974 σωτηρία
3399 903 3507 956 τῶν
3541 904 3733 966 κακῶς

453 995 779 1063 πασχόντων
809 994 870 1047 τὸ
914 992 1161 1059 δικάζειν
1202 994 1489 1065 λαχόντας,
1526 991 1648 1050 εἶτα
1683 996 1823 1068 πρὸς
1860 996 2154 1067 συντριϐὴν
2202 994 2386 1048 αὐτῶν
2443 995 2827 1065 κεχρημένους
2876 996 2952 1067 τῷ
3003 997 3459 1069 λειτουργήματι,
3510 1001 3605 1053 καὶ
3647 1000 3732 1056 ἔτι

453 1086 788 1143 δικαστικῶν
831 1087 1104 1155 ὀφιρικίων
1160 1088 1562 1159 προΐστασθαι,
1622 1089 1654 1159 ἢ
1705 1088 2052 1153 συνδικάζειν
2103 1089 2215 1152 τοῖς
2280 1088 2489 1141 τούτων
2547 1093 3006 1158 προϊσταμένοις;
3071 1089 3223 1143 Ἐπεὶ
3282 1081 3357 1144 δὲ’
3399 1092 3732 1161 τεταγμένοι

453 1180 769 1251 ὀφείλουσιν
800 1175 940 1232 εἶναι
979 1182 1064 1250 ἐφ’
1092 1180 1311 1249 ἑκάστῳ
1355 1179 1461 1234 τῶν
1506 1182 1878 1252 δικαστηρίων
1910 1181 2186 1246 δικασταὶ,
2223 1181 2316 1235 τοῦ
2354 1183 2451 1253 μὲν
2480 1180 2835 1255 δικαστηρίου
2884 1183 2977 1237 τοῦ
3014 1184 3135 1236 κατ’
3170 1185 3372 1249 αὐτοὺς
3412 1185 3733 1251 δικάζοντος

456 1274 516 1340 ἐξ
544 1272 789 1343 ἀνάγκης
841 1273 971 1343 παρ’
1004 1272 1151 1344 αὑτῷ
1186 1273 1601 1328 συνελεύσονται
1625 1290 1638 1305 ·
1675 1274 1869 1327 τούτου
1916 1274 1975 1328 δὲ
2016 1274 2147 1336 ἴσως
2178 1274 2266 1328 διά
2299 1293 2422 1327 τινα
2453 1275 2634 1329 αἰτίαν
2669 1276 2743 1347 μὴ
2776 1278 3151 1346 ἐνεργοῦντος,
3188 1278 3338 1350 παρᾶ
3373 1281 3486 1343 τοῖς
3519 1278 3732 1351 ἑτέροις

456 1369 759 1433 πολιτικοῖς
809 1368 1183 1440 δικαστηρίοις
1208 1367 1506 1433 ἀκωλύτως
1536 1368 2006 1440 ἀποπληρὼσουσι
2034 1370 2097 1424 τὸ
2136 1372 2337 1425 οἰκεῖον
2371 1371 2768 1443 λειτούργημα.

527 1462 582 1517 5.
635 1459 713 1514 De
762 1461 1212 1527 attestationibus.
1269 1459 1537 1515 Caeterum
1594 1461 1853 1531 tnajestas
1915 1477 2040 1516 mea

461 1554 669 1609 nullutn
701 1567 808 1606 non
838 1550 1017 1605 funem
1052 1564 1291 1616 movens,
1329 1552 1471 1619 quod
1503 1552 1606 1607 dici
1642 1552 1804 1619 solet,
1833 1562 1891 1607 ut
1922 1568 2041 1622 (pne

459 1647 591 1701 oriri
638 1645 812 1700 solent
865 1645 919 1699 in
966 1644 1170 1714 judicio
1225 1644 1391 1711 lites,‘
1425 1645 1613 1714 tollat,
1663 1646 1778 1701 haec
1827 1663 2041 1716 quoque

460 1740 671 1804 statuit,
721 1737 979 1792 nimirum
1028 1737 1201 1791 edicta
1235 1738 1335 1791 tria
1382 1752 1488 1792 non
1544 1738 1773 1808 amplius
1822 1738 2041 1808 triginta

455 1828 665 1884 dierum
700 1842 822 1882 esse
845 1827 1064 1889 debere,
1096 1843 1217 1882 cum
1251 1830 1522 1884 sententia
1550 1830 1739 1894 fertur,
1768 1841 1822 1885 et
1853 1831 2038 1901 cogni-

457 1917 535 1973 tio
574 1919 652 1981 tit,
681 1932 801 1987 quae
853 1921 1261 1974 controversias
1309 1934 1405 1988 per
1439 1920 1748 1989 jnramenta
1781 1919 1984 1977 decidit
2020 1940 2034 1978 :

454 2010 551 2064 sed
578 2006 865 2065 citatiOnes
893 2008 961 2064 ad
994 2010 1257 2079 exigenda
1288 2011 1701 2081 peragendaqne
1726 2012 2036 2082 iuramenta

453 2110 567 2156 tres
589 2101 808 2170 quidem
835 2115 956 2157 esse
985 2103 1202 2166 debere,
1228 2117 1413 2157 verum
1438 2118 1559 2173 quae
1583 2106 1700 2159 dies
1728 2106 2034 2175 quindecim

452 2179 717 2249 duntaxat
758 2194 1011 2250 habeant.
1057 2195 1204 2249 lntra
1241 2211 1377 2265 quos
1411 2196 1515 2252 nisi
1548 2197 1852 2267 juramenta
1898 2214 2034 2265 pra:-

454 2294 667 2340 stentur
709 2294 762 2340 el
792 2287 1164 2352 absolvantur,
1199 2304 1294 2355 pro
1342 2289 1706 2344 condemnato
1749 2300 1800 2344 et
1846 2291 2033 2359 judicii

454 2375 738 2432 desertore
795 2378 1057 2432 habeatur
1085 2381 1164 2443 is,
1218 2381 1308 2449 qui
1365 2396 1459 2449 per
1507 2381 1680 2435 edicta
1714 2382 2034 2452 interposita

455 2477 678 2522 vocatus
707 2468 827 2534 fuit,
860 2477 913 2522 et
950 2469 1259 2538 jnramenta
1293 2486 1398 2527 non
1432 2472 1631 2542 exegit,
1665 2484 1757 2527 aut
1793 2491 1897 2530 non
1929 2477 2035 2529 im-

452 2559 640 2629 plevit.

520 2651 579 2708 4.
627 2651 702 2707 De
748 2652 1210 2723 appellationibus.
1254 2656 1660 2726 Appellatlones
1688 2660 1872 2726 etiam,
1912 2677 2034 2730 quze

452 2743 505 2799 in
537 2743 740 2815 judicio
764 2746 902 2800 llunt
947 2758 1056 2802 tam
1088 2748 1241 2804 urbis
1285 2749 1510 2820 hujusce
1550 2750 1835 2822 principis,
1868 2769 2030 2823 quam

454 2839 683 2894 aliarum
735 2840 1268 2908 circumiacentium,
1320 2857 1464 2899 anno
1504 2846 1898 2901 concludantur
1931 2867 1946 2903 :
1979 2857 2033 2905 et

450 2933 849 2991 condemnatus
881 2935 951 2991 ab
977 2936 1179 3007 aliquo,
1217 2938 1307 3006 qui
1349 2941 1684 3007 provocavit,
1723 2941 1861 2995 intra
1906 2957 2032 3012 spa-

448 3026 585 3079 tium
612 3026 739 3081 anni
755 3038 981 3098 cogatur
999 3026 1414 3097 appellationem
1432 3043 1685 3086 exercere
1702 3046 1766 3086 ac
1784 3033 2028 3101 implere.

2212 1467 2282 1529 γ’.
2303 1466 2440 1530 Περὶ
2467 1465 2961 1534 emptor-nudatam
2998 1468 3180 1522 Πάντα
3208 1468 3265 1521 δὲ
3294 1470 3477 1523 κάλων
3498 1471 3545 1541 (ὅ
3568 1472 3726 1541 φασι)

2145 1554 2374 1607 κινοῦσα
2406 1558 2439 1626 ἡ
2475 1556 2725 1626 βασιλεία
2761 1576 2862 1627 μου
2917 1560 3013 1613 ἐπὶ
3062 1559 3140 1630 τῷ
3189 1565 3501 1633 περιαιρεῖν
3534 1564 3632 1624 τὰς
3669 1566 3729 1616 ἐν

2143 1647 2480 1720 δικαστηρίῳ
2532 1653 2824 1722 γινομένας
2860 1655 3206 1726 ὑπερθέσεις,
3256 1657 3347 1710 καὶ
3390 1659 3570 1712 ταῦτα
3631 1660 3727 1712 θε-

2148 1741 2423 1810 σμοθετεῖ,
2449 1743 2648 1811 μηκέτι
2679 1747 3133 1817 τριακονθήμερα
3161 1748 3230 1801 τὰ
3281 1748 3408 1819 τρία
3445 1750 3731 1819 smmum},-

2148 1849 2297 1901 ματα
2327 1833 2598 1902 γίνεσθαι,
2628 1837 2716 1889 ὅτε
2740 1839 3021 1906 ἀπόφασις
3055 1839 3152 1892 καὶ
3181 1840 3479 1909 διάγνωσις
3514 1843 3726 1909 γίνεται

2139 1925 2209 1978 δι’
2233 1926 2417 1997 ὅρκων
2444 1929 2725 1999 τέμνουσα
2753 1931 2822 1984 τά
2854 1932 3137 2003 ἀμφίϐολα
3161 1949 3174 1962 ’
3211 1935 3349 1989 ἀλλὰ
3378 1935 3447 1989 τὰ
3479 1939 3727 2008 προκλη-

2138 2016 2268 2069 τικὰ
2298 2017 2399 2086 τῆς
2432 2036 2490 2071 τε
2523 2019 2631 2072 τῶν
2659 2021 2843 2091 ὅρκων
2880 2023 3155 2093 ὑποδοχῆς
3182 2024 3277 2077 καὶ
3306 2026 3727 2095 τελεσιουργίας

2137 2109 2265 2179 τρία
2307 2111 2408 2180 μὲν
2440 2111 2714 2179 γίνεσθαι,
2760 2115 2903 2182 πλὴν
2949 2118 3574 2190 πεντεκαιδεκαήμερα·
3620 2124 3723 2176 καὶ

2142 2200 2191 2252 εί
2259 2201 2336 2272 μὴ
2397 2202 2549 2265 ἐντὸς
2588 2205 2769 2258 αὐτῶν
2815 2208 2881 2259 τὰ
2928 2205 3039 2259 τῶν
3080 2208 3261 2279 ὅρκων
3313 2211 3722 2283 συντελεσθείη,

2138 2293 2681 2367 καταδεδικασμένον
2713 2294 2858 2351 εἶναι
2893 2300 2987 2353 καὶ
3015 2299 3091 2361 ὡς
3128 2301 3542 2358 ἀναποδίσαντα
3567 2303 3723 2375 λογί-

2140 2392 2343 2446 σασθαι
2405 2392 2497 2448 τὸν
2558 2395 2979 2464 ἐπιφωνηθέντα
3039 2397 3135 2450 καὶ
3194 2397 3321 2461 τοὺς
3381 2400 3579 2470 ὅρκους
3642 2400 3723 2471 μὴ

2141 2483 2551 2555 ὑποδεξάμενον
2583 2486 2617 2558 ἢ
2654 2487 2729 2558 μὴ
2755 2487 3152 2559 πληρώσαντα.

2208 2661 2271 2718 δ’.
2297 2662 2437 2732 Περὶ
2465 2663 2798 2733 ἑκκλητων.
2844 2669 3007 2723 Ἀλλὰ
3037 2674 3133 2725 καὶ
3158 2671 3256 2736 τὰς
3288 2675 3587 2746 ἐκκλήτους
3624 2681 3724 2744 τάς

2136 2755 2196 2807 ὲν
2234 2753 2573 2828 δικαστηρίῳ
2628 2761 2920 2828 γινομένας
2974 2763 3033 2818 ἐν
3079 2768 3144 2836 τῇ
3197 2766 3563 2843 βασιλευούσῃ
3608 2772 3722 2826 τῶν

2137 2846 2349 2899 πόλεων
2397 2849 2492 2901 καὶ
2536 2854 2657 2913 ταῖς
2690 2851 2854 2922 πέριξ
2903 2855 3073 2925 αὑτῆς
3117 2858 3354 2930 ἐνιαυτῷ
3400 2862 3717 2918 κλείεσθαι⁶
3778 2878 3786 2886 ’

2136 2937 2234 2991 καὶ⁵
2286 2937 2377 2992 τὸν
2408 2942 2882 3000 καταδικασθέντα
2916 2948 3068 3019 παρά
3105 2967 3252 3015 τινος
3287 2955 3380 3008 καὶ
3407 2956 3718 3011 ἐκκαλεσά-

2139 3046 2302 3099 μενον
2353 3032 2506 3096 ἐντὸς
2560 3036 2755 3104 χρόνου
2813 3038 3229 3107 ἀναγκάζεσθαι
3287 3048 3389 3119 τὴν
3447 3049 3715 3121 ἔκκλητον

448 3116 599 3185 Quod
639 3134 770 3173 sane
822 3120 875 3174 ui
916 3117 1101 3185 faciat,
1136 3121 1409 3176 tenebitur
1436 3124 1501 3176 ad
1544 3128 1905 3191 praestandum
1940 3141 2024 3194 ea,

2139 3126 2446 3192 γυμνάζειν
2468 3130 2562 3182 καὶ
2581 3132 3019 3207 συμπληροῦν,ἦ
3053 3138 3161 3209 μὴν
3187 3141 3262 3209 μὴ
3286 3116 3430 3197 οὑτω
3456 3116 3718 3203 ποιοῦντα

445 3224 567 3278 quae
602 3211 1057 3265 condemnatione
1096 3212 1379 3268 debentur.
1412 3212 1561 3281 Quod
1597 3216 1641 3271 si
1673 3217 1794 3286 quis
1836 3218 1891 3271 in
1925 3217 2029 3273 alia

446 3300 729 3371 provincia
754 3302 1152 3358 condemnatus
1184 3301 1371 3370 fuerit,
1404 3314 1458 3361 et
1480 3305 1547 3360 ad
1570 3308 1869 3375 majestatis
1896 3325 2030 3365 mea:

447 3392 683 3446 tribunal
708 3392 1114 3462 provocaverit,
1147 3394 1231 3450 vel
1262 3397 1327 3449 ad
1360 3396 1505 3451 aliud
1534 3397 1693 3453 civile
1715 3397 1980 3467 judicium
2008 3442 2024 3469 ,

443 3495 552 3535 una
604 3496 728 3536 cum
785 3496 931 3537 anno
1001 3484 1371 3556 suprascripto
1402 3524 1418 3551 ,
1470 3484 1767 3558 legitimum
1815 3503 2029 3560 quoque

419 3571 683 3640 spatium
734 3571 883 3641 large
916 3587 1237 3630 concessum
1277 3577 1564 3647 impetret,
1608 3580 1787 3650 quoad
1838 3582 2025 3637 urbem

450 3676 699 3731 magnam
722 3662 1018 3731 profectus,
1040 3678 1265 3723 necesse
1294 3668 1491 3725 habeat
1521 3671 1662 3726 intra
1690 3672 2023 3730 declaratum

444 3751 824 3821 etjudioatnm
858 3770 1058 3810 annum
1109 3757 1525 3828 appellationem
1580 3769 1694 3817 tum
1745 3778 2022 3832 exercere,

448 3851 564 3896 tum
618 3843 796 3900 ﬁnire.
847 3845 943 3902 Vel
987 3846 1181 3904 saltem
1233 3859 1463 3922 cogatur
1509 3866 1634 3910 esse
1675 3856 1844 3925 priori
1895 3868 2024 3914 seu-

444 3935 612 3990 tentia
658 3944 982 4005 contentus,
1025 3940 1309 4013 exigendis
1349 3944 1418 3998 ab
1463 3960 1528 4001 eo
1570 3948 1733 4004 rebus
1773 3949 1863 4016 iis,
1904 3964 2026 4020 qua

440 4030 730 4089 debentur.

511 4124 566 4181 5.
622 4126 703 4184 De
748 4130 1175 4199 prorincialibus.
1230 4130 1441 4189 Praeter
1478 4134 1593 4190 lucc
1627 4146 1682 4191 et
1728 4137 1856 4191 illud
1884 4137 2025 4207 adji-

437 4217 638 4273 ciatur.
669 4217 897 4286 Quidam
936 4222 1299 4292 provinciales
1335 4234 1440 4280 tam
1468 4224 1535 4281 ad
1562 4227 1754 4282 urbem
1787 4229 2024 4298 impera-

436 4310 655 4377 teriam,
692 4326 852 4380 quam
879 4311 945 4366 ad
978 4313 1084 4369 alia
1115 4315 1255 4382 loca,
1279 4316 1476 4383 quibus
1506 4317 1557 4372 in
1591 4318 1726 4375 locis
1767 4321 2021 4388 majestas

436 4413 559 4455 mea
584 4402 755 4471 degit,
788 4404 1156 4474 appellentcs;
1204 4408 1314 4463 litis
1345 4410 1573 4479 alicujus
1605 4425 1771 4465 causa
1817 4411 2019 4479 judicia

2136 3217 2440 3274 ὑπεύθυνον
2472 3221 2728 3290 γίνεσθαι
2769 3228 2864 3280 καὶ
2895 3233 2963 3282 τά
2998 3230 3106 3282 ἀπὸ
3138 3233 3439 3306 καταδίκης
3484 3238 3716 3297 διδόναι.

2131 3311 2195 3363 Ei
2225 3311 2281 3365 δὲ
2326 3316 2421 3367 καὶ
2457 3316 2516 3369 ὲν
2562 3315 2730 3389 ἑτέρᾳ
2759 3320 2866 3373 τινί
2914 3323 3154 3398 ἐπαρχίᾳ
3184 3329 3584 3403 καταδικασθῗῂ
3617 3337 3717 3389 καὶ

2130 3402 2179 3495 εί
2213 3405 2292 3468 είς
2311 3405 2373 3460 τὸ
2400 3405 2555 3477 βῆμα
2584 3409 2685 3479 τῆς
2714 3409 2998 3481 βασιλείας
3030 3434 3135 3484 μου
3161 3402 3591 3495 ὲκκαλέσηταιηῆ
3630 3431 3715 3493 είς

2132 3491 2325 3563 ἕτερον
2358 3496 2638 3551 πολιτικὸν
2671 3501 3045 3572 δικαστήριον,
3095 3509 3193 3561 σὺν
3224 3510 3301 3581 τῷ
3334 3491 3714 3586 προγραφέντι

2129 3581 2367 3667 ἐνιαυτῷ
2394 3586 2539 3657 ἔχειν
2570 3590 3075 3664 πεφιλοτιμημένον
3104 3600 3199 3653 καὶ
3231 3602 3290 3655 τὸ
3334 3581 3716 3677 νόμιμον-διά-

2129 3687 2337 3745 στημα,
2382 3677 2524 3732 ὥστε
2553 3680 2645 3736 διὰ
2678 3683 2868 3738 τούτου
2911 3692 3297 3748 καταλαϐόντα
3341 3697 3439 3770 τὴν
3474 3704 3717 3771 μεγαλό-

2128 3767 2288 3865 πολιν
2316 3768 2457 3865 πρὸς
2484 3772 2732 3865 ἀνάγκης
2758 3774 2906 3847 ἔχειν
2957 3782 3053 3834 καὶ
3082 3784 3246 3840 αὑτὸν
3278 3767 3433 3854 ἐντδς
3476 3767 3571 3845 τοῦ
3612 3795 3715 3865 δη-

2128 3855 2398 3922 λωθέντος
2435 3860 2687 3916 ἐνιαυτοῦ
2724 3867 2819 3920 καὶ
2850 3871 3157 3939 γυμνάζειν
3187 3878 3283 3931 καὶ
3311 3884 3587 3950 περατοῦν
3606 3855 3713 3958 την

2128 3946 2420 4055 ἔκκλητον,
2446 3953 2481 4025 ἦ
2509 3956 2615 4027 μὴν
2648 3958 3060 4028 ἀναγκάζεσθαι
3091 3970 3347 4040 στέργειν
3366 3946 3435 4047 τῇ
3462 3946 3714 4055 προτέρᾳ

2127 4042 2408 4112 ἀποφάσει
2442 4049 2537 4101 καὶ
2561 4049 2917 4109 ἀπαιτεῖσθαι
2947 4057 3016 4111 τά
3048 4062 3401 4135 ὀφειλόμενα.

2196 4134 2258 4192 ε’.
2290 4139 2431 4207 Περὶ
2469 4141 2591 4196 τῶν
2622 4148 2977 4214 θεματικῶν.
3012 4154 3135 4208 Ἔτι
3184 4134 3278 4211 καὶ
3324 4161 3486 4217 τοῦτο
3530 4183 3708 4240 προσ-

2123 4228 2354 4321 κείσθω.
2384 4234 2545 4299 me;
2585 4236 2876 4308 θεματικοὶ
2906 4243 2966 4296 ἔν
2991 4262 3051 4300 τε
3078 4248 3142 4321 τῇ
3177 4254 3409 4320 βασιλίδι
3454 4228 3705 4316 {LBV-1:6-

2123 4320 2262 4376 λεων
2286 4325 2383 4377 καὶ
2433 4325 2696 4398 ἀλλαχοῦ,
2758 4328 2889 4387 ἔνθα
2940 4320 3137 4407 διάγειν
3189 4343 3222 4415 η
3271 4345 3522 4414 βασιλεία
3571 4370 3703 4421 μου,

2122 4416 2575 4487 παραϐάλλοντες
2606 4425 2863 4481 ὲνιστῶσι
2901 4432 3044 4486 κατά
3076 4450 3240 4488 τινων
3292 4416 3624 4514 δικαστήρια

434 4492 792 4561 constituunt,
817 4495 900 4548 vel
927 4498 1234 4554 exactiones
1259 4500 1493 4569 iniquas,
1522 4501 1606 4555 vel
1633 4503 1767 4556 alias
1786 4503 2012 4572 injurias

437 4583 694 4610 ι-ιιιυΙιι-..ι
725 4585 789 4610 ..ιε
820 4587 1160 4610 Αμλέιμμξι...,
1223 4599 1306 4610 ---ι
1343 4604 1364 4610 _
1398 4592 1578 4610 Α-Αμεᾼ
1601 4593 1729 4610 ,ιιι-ι
1848 4597 1863 4610 1
1930 4596 1986 4610 ιι·

2136 4512 2564 4583 παρεισπράξεις
2593 4515 2625 4586 ῆ
2657 4516 2823 4582 ἄλλας
2857 4520 3077 4586 ἀδικίας
3102 4527 3259 4592 τινὰς
3290 4492 3622 4599 bucaedae;
3662 4492 3698 4610 ἰί

435 4583 696 4653 quasdam
724 4585 791 4639 ab
818 4587 1185 4655 eXac'loribtJS,
1221 4599 1312 4644 aut
1341 4604 1368 4643 a
1397 4592 1814 4659 provincialibus
1843 4596 2016 4666 (scili-

435 4684 512 4730 cet
539 4672 837 4746 militibus),
874 4689 965 4732 aut
995 4679 1119 4735 aliis
1147 4678 1469 4750 quibusdam
1503 4685 1769 4752 perpessi.
1811 4685 2016 4751 Quam-

431 4764 617 4821 obrem
661 4769 978 4835 statuimus,
1027 4777 1086 4825 ut
1131 4770 1393 4826 afferendi
1448 4774 1644 4830 talibus
1695 4776 1748 4829 in
1794 4777 2014 4846 judiciis

430 4856 618 4925 libelli,
655 4867 776 4914 octo
822 4860 1035 4915 dierum
1088 4864 1324 4932 spatium
1370 4864 1623 4931 habeant,
1677 4881 1743 4922 eo
1790 4878 2012 4937 prorsds

428 4949 684 5020 obligato,
725 4952 817 5021 qui
866 4953 956 5021 jus
1000 4953 1052 5007 in
1102 4953 1369 5021 ejusmodi
1420 4956 1602 5011 causis
1640 4956 1792 5023 dicit,
1826 4964 1885 5012 ut
1915 4975 2007 5017 eas

429 5038 517 5094 via
565 5043 969 5110 compendiaria
1031 5045 1246 5099 festinet
1297 5043 1578 5102 absolvere
1632 5063 1646 5101 :
1693 5063 1759 5104 ne
1791 5051 2001 5106 scilicet

427 5142 691 5201 cogantur
745 5134 995 5191 homines
1047 5136 1121 5190 illi
1176 5136 1543 5207 provinciales
1597 5151 1821 5209 prapter
1872 5143 2009 5197 dila-

431 5224 634 5280 tionem
668 5234 983 5297 moramqt‘te
997 5227 1278 5297 temporis,
1297 5237 1353 5282 et
1377 5232 1653 5299 penuriam
1672 5243 2006 5302 sumptuum,

424 5316 743 5385 judiciornm
771 5314 948 5385 fugam
968 5327 1021 5372 et
1042 5320 1390 5375 evitationem
1422 5321 1591 5389 pluris
1618 5322 1814 5391 facere,
1840 5340 2003 5394 quam

424 5410 740 5463 earumdem
765 5408 1220 5478 persecutionem.

492 5498 550 5554 6.
606 5498 683 5554 De
735 5499 1044 5554 antiohresi.
1096 5498 1366 5557 Praeterea
1421 5504 1700 5560 sanciatur
1744 5512 1798 5561 et
1849 5506 2000 5563 illud.
2060 5588 2063 5589 ν

422 5589 803 5660 Compluribus
858 5591 1101 5661 nequitia
1168 5608 1288 5659 sua,
1340 5595 1426 5650 vel
1483 5595 1739 5653 vafricies
1798 5605 1998 5670 potius,

424 5680 661 5750 subiicit,
691 5690 752 5737 ut
775 5683 1007 5751 novella,
1035 5698 1156 5753 quae
1180 5684 1248 5740 de
1279 5685 1401 5755 jure
1423 5688 1756 5756 praelationis
1783 5691 1999 5758 statuit,

420 5771 526 5829 sub
551 5773 921 5832 antichrcseos
959 5785 1221 5848 praetextu
1259 5777 1506 5834 fraudem
1546 5779 1767 5838 faciant.
1811 5783 1998 5854 quue

2122 4602 2273 4695 παρά
2334 4607 2666 4679 πρακτόρων
2715 4611 2749 4682 ἢ
2811 4613 3129 4685 θεματικῶν
3170 4623 3200 4691 ῆ
3248 4626 3453 4695 ἑτέρων
3505 4602 3701 4691 τινῶνξ

2118 4694 2486 4791 ύιοριζόμεθα
2506 4700 2638 4791 γοῦν
2677 4707 2808 4769 τοὺς
2837 4698 3134 4778 μέλλοντας
3151 4694 3390 4773 δίδοσθαι
3418 4721 3700 4791 λιϐἐλλους

2117 4783 2176 4836 ὲν
2211 4789 2326 4849 τοῖς
2371 4790 2636 4856 τοιούτοις
2678 4794 3055 4872 δικαστηρίοις
3098 4805 3481 4880 όκταημέρους
3527 4783 3697 4883 eiut;

2118 4878 2391 4943 παντοίως
2425 4881 2741 4952 ὀφείλοντος
2792 4890 2887 4944 τοῦ
2930 4878 3387 4969 δικάζοντοςίτάς
3435 4906 3699 4972 τοιαύτας

2115 4969 2226 5023 τῶν
2272 4969 2584 5030 ὑποθέσεων
2615 4977 2966 5038 ἐπισπεύδειν
3006 4991 3289 5060 συντόμως
3322 4995 3492 5061 αὑτάς
3523 4997 3695 5066 λύειν,

2117 5057 2260 5113 ὥστε
2313 5063 2389 5133 μὴ
2437 5065 2852 5135 ἀναγκάζεσθαι
2913 5078 3040 5141 τοὺς
3101 5057 3437 5152 θεματικοὺς
3474 5057 3575 5144 γδιά
3631 5057 3695 5146 τό

2115 5152 2570 5221 παρατεταμένον
2603 5158 2695 5210 τοῦ
2727 5164 2921 5233 καιροῦ
2973 5170 3067 5221 καὶ
3098 5172 3197 5241 τὴν
3226 5176 3335 5229 τῶν
3362 5177 3694 5250 δαπανημά-

2111 5252 2220 5290 των
2247 5237 2455 5295 ἔνδειαν
2482 5243 2581 5316 τὴν
2608 5250 2718 5302 τῶν
2740 5252 3123 5328 ’δικαστηρίων
3156 5265 3448 5340 ἀποφυγὴν
3479 5237 3689 5342 τιμίω-

2113 5328 2279 5422 τέραν
2316 5331 2417 5402 τῆς
2437 5338 2647 5394 τούτων
2678 5349 2986 5414 γυμνασίας
3015 5328 3353 5422 λογίζεσθαι.

2190 5420 2201 5449 ι

2180 5510 2259 5613 F':
2298 5516 2440 5613 Hegi
2468 5519 2928 5613 Adrtlxptjaewg.
2971 5531 3094 5584 Ἔτι
3129 5535 3223 5587 καί
3264 5539 3425 5592 τοῦτο
3455 5543 3688 5613 νομοθε-

2113 5604 2333 5661 τείσθω.
2389 5608 2611 5675 Πολλοῖς
2660 5614 2720 5667 τὸ
2768 5618 2972 5675 οἰκεῖον
3013 5628 3333 5697 περίεργον,
3385 5632 3417 5704 ἢ
3478 5604 3685 5704 μάλλον

2105 5697 2281 5749 εἰπεῖν
2310 5701 2641 5772 πανοῦργον,
2678 5705 2968 5780 ὑποτίθησι
3001 5714 3102 5784 τὴν
3132 5719 3337 5790 νεαρὰν
3394 5724 3493 5796 τὴν
3520 5743 3683 5796 νομο-

2108 5787 2421 5860 θετήσασαν
2452 5794 2513 5847 τὸ
2560 5797 2691 5868 περὶ
2722 5799 2823 5869 τῆς
2858 5809 3245 5880 προτιμήσεως
3276 5814 3484 5871 δίκαιον
3519 5837 3681 5889 περι-
