4014 6442
355 404 461 468 ’ῖίὸ

1467 407 1834 471 NOVELLJ'I
1871 400 2554 469 CONSTITUTIONES.

3501 402 3609 466 ἨΕ

358 525 591 594 γράφειν
644 526 1001 596 προσχήματι
1061 526 1470 599 άντιχρήσεωςο
1524 528 1824 582 κάντεῦθεν
1862 526 1933 580 τά

2040 524 2194 579 modo
2217 538 2302 579 res
2323 523 2447 587 soli,
2477 519 2746 592 quibusin
2789 520 2953 574 rebus
2991 517 3323 589 pra-lationis
3348 518 3440 588 jus
3474 519 3611 575 alius

357 615 617 688 ἀκίνητα,
653 619 737 686 ἐφ’
769 611 855 681 οἷς
879 618 1073 689 ἕτερος
1100 621 1463 690 προτιμᾶται,
1497 620 1641 674 κατὰ
1668 619 1933 689 άντίχρη-

359 722 447 759 σιν
475 705 777 776 λαμϐάνειν
808 708 955 774 τινες
987 708 1364 780 μηχανῶνται,
1400 711 1497 764 καὶ
1526 712 1590 763 ὲκ
1615 709 1811 763 τούτου
1837 709 1931 762 τὸν

358 797 786 869 προτιμώμενον
808 801 1129 856 ἀποκλείειν
1152 802 1545 872 ἐπιχειροῦσιν,
1573 803 1650 866 ὡς
1678 802 1821 871 τάχα
1841 800 1934 854 τοῦ

357 891 645 961 ἀκινήτου,
679 892 773 960 ἐφ’
801 887 929 975 οὖνὴ
967 893 1330 965 προτίμησις,
1364 895 1660 965 μέλλοντος
1682 896 1822 966 πρδς
1846 894 1938 947 τὸν

358 986 633 1051 δεσπότην
679 986 1002 1041 ἐπανελθεῖν
1042 988 1181 1058 μετὰ
1219 988 1316 1042 τοῦ
1366 988 1835 1058 ἁντιμετρηθῆναι
1876 988 1939 1040 τὸ

354 1078 592 1134 δάνειον.
626 1081 741 1135 Καὶ
774 1083 950 1150 τούτῳ
999 1080 1080 1152 τῷ
1127 1080 1319 1152 τρόπῳ
1362 1083 1456 1135 τὸν
1514 1080 1939 1152 προτιμώμενον

358 1170 825 1239 περι-γράφονται,
875 1171 973 1225 καὶ
1017 1173 1087 1226 τὰ
1137 1172 1241 1243 τῆς
1274 1174 1477 1242 νεαρᾶς
1524 1174 1939 1229 ἀναποτέλεστα

361 1262 615 1331 μένουσι,
644 1262 741 1316 τοῦ
773 1264 1041 1332 ἀκινήτου
1078 1264 1454 1335 ἁπομένοντος
1493 1265 1646 1334 παρὰ
1686 1265 1766 1334 τῷ
1797 1266 1940 1320 κατὰ

359 1355 692 1426 ἀντίχρησιν
723 1359 867 1426 τάχα
896 1374 1057 1411 τουτο
1088 1356 1446 1428 λαμϐάνοντι.
1474 1357 1742 1421 Πολλάκις
1762 1359 1820 1412 δὲ
1844 1358 1941 1413 καὶ

354 1445 548 1517 ἕτερον
581 1465 635 1500 τι
670 1448 890 1503 ποιοῦσι
942 1449 1272 1520 περίεργονο
1320 1450 1604 1520 πεφύκασι
1667 1451 1777 1521 γὰρ
1827 1452 1938 1506 τῶν

357 1537 671 1608 ἀνθρώπων
699 1541 751 1593 οί
778 1540 1074 1611 δύστροποι
1093 1542 1188 1595 καὶ
1212 1542 1272 1595 ἐν
1300 1544 1415 1606 τοῖς
1440 1542 1733 1614 προδήλοις
1756 1542 1940 1612 πράγ-

359 1645 492 1696 μασι
527 1630 779 1698 μηχανὰς
811 1630 1150 1684 ἐπινοεῖσθαι
1199 1630 1295 1684 καὶ
1334 1630 1522 1695 δόλους
1576 1631 1937 1703 συρράπτειν,

361 1720 460 1772 καὶ
491 1721 595 1773 πᾶν
625 1719 655 1773 δ
682 1720 750 1774 ἂν
773 1721 906 1792 εἴπῃ
936 1738 1023 1784 τις
1079 1722 1431 1792 ὲφευρίσκειν
1457 1724 1536 1786 είς
1559 1722 1659 1793 τὴν
1683 1722 1777 1776 τοῦ
1804 1723 1941 1795 άλη-

356 1810 486 1875 θοῦς
510 1811 606 1864 καὶ
643 1812 861 1866 δικαίου
894 1813 1223 1884 ἐπήρειανῆ
1256 1813 1356 1868 καὶ
1388 1812 1602 1867 τελείαν
1635 1813 1934 1884 ἀναίρεσιν.

2040 615 2223 679 habet,
2273 628 2369 685 per
2406 613 2737 668 antichresin
2770 611 2989 682 quidam
3029 610 3279 680 accipere
3322 622 3609 674 conantur,

2039 718 2095 762 et
2121 707 2221 761 hac
2254 707 2463 761 ratione
2510 705 2753 760 nituntur
2789 717 2911 758 cum
2943 702 3254 768 excludere,
3295 703 3386 773 qui
3419 703 3613 772 praefe-

2042 799 2240 852 rendus
2277 808 2395 852 erat
2439 817 2453 852 :
2498 798 2652 867 quasi
2693 796 2897 851 scilicet
2932 810 3021 852 res
3051 796 3173 858 soli,
3217 809 3320 865 qua
3356 796 3412 850 in
3441 812 3498 850 re
3525 795 3613 865 jus

2040 890 2373 961 przelationis
2415 890 2592 945 locum
2637 890 2821 956 habet,
2850 890 2916 943 ad
2942 889 3220 945 dominum
3252 888 3485 943 reditura
3521 888 3611 950 sit,

2046 990 2330 1052 postquam
2390 993 2637 1037 mutuum
2694 981 2968 1037 redditum
3029 981 3373 1049 solutumque
3428 980 3613 1035 fuerit.

2040 1073 2217 1140 Atque
2246 1074 2345 1126 hoc
2367 1082 2525 1142 pacto
2551 1070 2640 1140 ius
2669 1071 3002 1141 praelationis
3026 1071 3312 1126 habentem
3341 1070 3615 1135 fraudant,

2040 1170 2096 1217 et
2140 1162 2361 1217 novellae
2408 1171 2606 1218 statuta
2661 1163 2798 1218 citra
2840 1162 3087 1218 effectum
3135 1171 3389 1228 manent;
3425 1180 3483 1219 re
3518 1166 3616 1219 soli

2041 1254 2181 1322 apud
2214 1266 2337 1307 eum
2369 1262 2707 1318 remanente,
2735 1255 2825 1324 qui
2844 1253 2990 1309 forte
3021 1268 3120 1324 per
3143 1254 3476 1309 antichresiu
3500 1269 3618 1309 eam

2043 1342 2261 1412 accipit.
2289 1342 2496 1415 Saepius
2519 1354 2574 1401 et
2605 1344 2749 1400 aliud
2776 1346 3031 1415 quiddam
3062 1356 3372 1415 impostura:
3400 1347 3618 1416 plenum

2044 1433 2274 1490 faciunt.
2305 1435 2397 1490 Sic
2426 1437 2572 1491 enim
2598 1453 2627 1491 a
2663 1449 2854 1491 natura
2881 1440 3180 1509 comparati
3211 1451 3338 1497 sunt
3374 1442 3621 1495 homines

2042 1526 2292 1597 improbi,
2348 1535 2409 1582 ut
2455 1530 2618 1584 etiam
2669 1530 2974 1585 manifestis
3024 1532 3079 1586 in
3130 1533 3290 1587 rebus
3337 1532 3621 1587 machinas

2042 1627 2276 1686 struant,
2304 1634 2368 1675 ac
2393 1619 2544 1675 dolos
2573 1630 2863 1685 consuant,
2902 1629 2959 1676 et
2994 1622 3254 1692 quidquid
3284 1622 3386 1677 dici
3420 1632 3617 1691 potem,

2042 1711 2110 1764 ad
2150 1711 2262 1765 veri
2293 1711 2433 1782 juris
2476 1712 2756 1783 iniuriam,
2785 1712 2871 1769 vel
2901 1713 3065 1767 etiam
3098 1714 3165 1768 ad
3209 1714 3475 1783 integrann
3502 1713 3619 1784 ejus

2043 1805 2402 1872 eversionem,
2456 1805 2785 1876 exeogitent.
2847 1806 2917 1859 At
2972 1806 3260 1875 qualenam
3318 1806 3447 1860 illud
3494 1803 3618 1859 est!

358 1874 519 1956 Ποῖον
542 1904 602 1957 δὲ
627 1904 820 1972 τοῦτος
849 1874 1223 1976 Ὅτε-’μέλλεί
1247 1906 1617 1976 ἑκποιηθῆναι
1648 1874 1934 1979 ἀκίνητον,

2043 1894 2268 1962 Quoties
2314 1912 2403 1952 res
2447 1897 2546 1951 soli
2590 1906 2673 1953 est
2711 1898 3015 1963 aiienanda,
3055 1911 3217 1968 quam
3248 1898 3314 1952 ad
3349 1913 3461 1951 rem
3498 1882 3619 1967 quis

365 1994 459 2061 ἐφ’
489 1987 534 2061 ᾧ
563 2011 647 2057 τις
681 1994 796 2065 ἔχει
827 1995 1176 2066 πλησιασμδν
1206 1997 1239 2065 ἢ
1265 1996 1646 2060 ἀνακοίνωσιν,
1679 1998 1741 2050 τὸ
1769 2000 1938 2069 μέρος

2042 1990 2322 2059 proximus
2351 1998 2453 2053 est,
2477 1999 2569 2045 aut
2599 1992 2652 2045 in
2680 2006 2786 2061 qua
2815 1990 3149 2045 consortium
3182 1990 3370 2053 habet;
3408 1999 3614 2060 partem

356 2082 454 2137 τοῦ
507 2085 864 2156 πωλουμένου
910 2087 1171 2156 ἀκινήτου
1204 2087 1264 2141 τὸ
1290 2086 1593 2158 πλησιάζον
1636 2091 1717 2159 τῷ
1759 2091 1937 2161 ἔχοντι

2043 2082 2188 2137 illam
2232 2082 2529 2138 immobilis
2576 2084 2651 2138 rei
2688 2083 3071 2149 distrahemire,
3111 2098 3231 2153 qua:
3264 2082 3509 2152 proxima
3538 2093 3623 2138 est

357 2177 460 2246 τὴν
477 2176 816 2248 προτίμησιν
836 2178 1041 2246 γείτονι
1070 2179 1560 2250 παρακρατοῦντες
1587 2183 1638 2235 οἱ
1666 2184 1937 2254 κτήτορες

2045 2177 2267 2232 habenti
2297 2175 2664 2246 praelationem
2692 2179 2747 2230 in
2776 2192 2838 2232 ea
2872 2191 2931 2231 re
2953 2176 3077 2244 soli,
3112 2191 3455 2245 possessores
3487 2176 3617 2230 reti-

354 2267 420 2321 τὸ
449 2267 633 2323 λοιπὸν
659 2269 903 2323 πωλοῦσι
933 2271 1070 2342 πρὸς
1093 2272 1153 2324 ὃν
1184 2272 1496 2343 βούλονται,
1531 2276 1627 2328 καὶ
1651 2277 1715 2329 ἐκ
1739 2276 1933 2331 τούτου

357 2360 420 2412 τὸ
468 2360 569 2430 τῆς
626 2363 1023 2433 προτιμήσεως
1072 2363 1375 2418 ἀπόλλυται
1416 2365 1649 2427 δίκαιον,
1695 2365 1794 2420 ἆτε
1839 2366 1934 2421 τοῦ

359 2446 753 2517 πλησιάζοντος
791 2449 867 2521 μὴ
910 2451 1238 2523 πραθέντος.
1274 2453 1388 2508 Καὶ
1421 2453 1714 2525 συμϐαίνει
1741 2454 1812 2511 τὰ
1834 2457 1936 2526 τῆς

357 2544 564 2614 νεαρᾶς
610 2543 940 2615 νομοθεσίας
973 2545 1444 2617 περιγράφεσθαι,
1492 2547 1569 2612 ὡς
1597 2548 1698 2616 τῆς
1726 2548 1940 2612 ἐννοίας

357 2633 456 2687 τοῦ
486 2635 655 2705 νόμου
692 2635 1227 2708 παραϐαινομένης·,
1258 2637 1367 2691 τῶν
1397 2638 1454 2691 δὲ
1488 2637 1757 2709 ῥημάτων
1797 2640 1939 2709 τάχα

360 2727 808 2798 φυλαττομένων.
875 2730 1223 2801 Περιγράφει
1278 2730 1424 2802 γάρ,
1476 2733 1643 2802 φησὶν
1704 2734 1733 2787 ὁ
1782 2749 1937 2802 νομι-

362 2821 461 2882 κὸς
507 2820 640 2891 (σοι,
690 2823 718 2874 ὁ
755 2822 929 2876 ποιῶν
961 2822 1100 2893 ὅπερ
1141 2826 1171 2877 ὁ
1215 2822 1385 2893 νόμος
1416 2825 1517 2877 ούκ
1548 2824 1844 2889 ἐκώλυσεν,
1875 2826 1936 2881 οὐ

364 2914 474 2985 μὴν
502 2914 637 2967 αὐτὸ
664 2914 918 2986 βούλεται
958 2915 1229 2983 γίνεσθαι.
1271 2916 1383 2980 Τὰς
1435 2917 1697 2983 τοιαύτας
1748 2921 1932 2973 τοίνυν

359 3008 738 3079 κακοτροπίας
771 3007 1150 3080 περἰαθροῦσα
1189 3010 1222 3081 ἡ
1260 3008 1516 3079 βασιλεία
1548 3028 1673 3083 μου,
1708 3013 1807 3065 καὶ
1833 3012 1938 3077 τὰς

358 3098 471 3151 τῶν
496 3100 556 3152 ὲν
578 3099 750 3171 κακίᾳ
799 3098 982 3168 σοφῶν
1033 3098 1292 3172 μηχανὰς
1321 3100 1720 3169 διακόπτουσα,
1764 3101 1938 3174 διορί-

359 3190 519 3286 ζεται
550 3193 647 3246 καὶ
790 3192 894 3261 τῆς
911 3192 1291 3286 άντιχρήσεως
1321 3193 1381 3248 τὸ
1415 3194 1517 3264 τῆς
1543 3196 1938 3266 προτιμήσεως
1958 3223 2008 3286 C

357 3282 679 3351 εἰσάγεσθαι
716 3283 954 3349 δίκαιον,
995 3286 1093 3338 καὶ
1121 3284 1219 3338 ἐπὶ
1262 3285 1330 3355 τῇ
1370 3286 1693 3357 άντιχρήσει
1750 3289 1940 3343 ἐκεῖνα

360 3377 608 3445 κρατεῖν,
654 3375 693 3430 ἃ.
751 3375 848 3429 ἐπὶ
898 3375 1007 3430 τῶν
1054 3377 1273 3446 δωρεῶν
1310 3379 1368 3431 ὲν
1395 3381 1464 3449 τῇ
1519 3395 1941 3451 προμνημονευ-

358 3464 518 3537 θείσῃ
548 3466 720 3537 νεαρᾷ
756 3464 1146 3539 διωρίσθησαν.
1185 3467 1464 3531 Ὡσαύτως
1488 3469 1552 3521 τὸ
1576 3468 1673 3523 τοῦ
1709 3469 1943 3539 πλησια-

361 3556 507 3627 σμοῦ
540 3556 753 3611 δίκαιον
779 3558 1096 3629 δοθήσεται,
1134 3559 1239 3614 κᾶν
1283 3577 1370 3623 τις
1400 3559 1573 3631 μέρος
1621 3561 1720 3631 μὲν
1750 3562 1942 3633 ἀκινή-

356 3666 453 3703 του
481 3649 707 3722 πωλήσῃ
734 3690 751 3717 ,
784 3652 871 3722 ἐφ’
905 3645 948 3720 ᾧ
977 3651 1167 3723 ἕτερος
1204 3654 1570 3723 προτιμᾶται,
1599 3653 1766 3725 μέρος
1799 3654 1857 3709 δέ
1888 3672 1940 3709 τι

352 3742 643 3815 ἐλάχιστον
670 3746 979 3819 καταλείψῃ
1013 3746 1374 3817 ἁδιάπρατον,
1418 3746 1480 3800 τὸ
1507 3747 1812 3817 πλησιάζον
1845 3765 1939 3803 τυ-

357 3838 452 3906 χὸν
481 3840 547 3908 τῇ
585 3837 732 3910 οίκίᾳ
778 3838 874 3892 τοῦ
917 3838 1159 3907 γείτονος
1204 3838 1238 3909 ἢ
1294 3837 1375 3909 τῷ
1426 3839 1621 3912 ἀγρῷ,
1671 3841 1730 3893 ἐν
1777 3835 1861 3906 οἷς
1912 3844 1943 3896 ὁ

358 3929 708 4001 πλησιασμὸς
757 3929 1046 3999 θεωρεῖται
1070 3945 1086 3960 ’
1122 3931 1218 3983 καὶ
1251 3929 1328 4001 μή
1359 3933 1459 3994 τὰς
1483 3930 1748 3996 τοιαύτας
1777 3949 1936 4005 περι-

355 4024 549 4094 εργίας
570 4024 729 4095 νικᾷν
757 4023 858 4096 τὴν
890 4023 1156 4095 ἀλήθειαν
1186 4027 1282 4080 καὶ
1325 4026 1609 4097 ἄπρακτον
1639 4027 1830 4096 μένειν
1878 4028 1940 4081 τὺ

354 4118 429 4169 τὰ
463 4119 593 4188 περὶ
612 4115 807 4170 τούτου
838 4115 1217 4186 νομοθετῆσαν
1245 4115 1532 4187 διάταγμα
1550 4120 1618 4190 τῇ
1640 4118 1940 4190 περιεργία

356 4207 658 4279 νικώμενον
688 4211 784 4264 καὶ
815 4208 1323 4280 περιγραφόμενον.

428 4301 496 4364 ζ’.
529 4301 665 4371 Περὶ
689 4302 1046 4369 ἐπιτρόπων,
1074 4300 1269 4370 ἤγουν
1297 4302 1636 4373 διοικητῶν.
1679 4308 1786 4362 Σὺν
1813 4308 1937 4362 τού-

350 4412 469 4459 τοις
499 4392 784 4450 καὶτοῦτο
827 4394 1182 4459 θεσπίζοντες
1224 4397 1339 4460 τοῖς
1387 4403 1756 4470 προγραφείσι
1805 4418 1936 4458 συν-

352 4490 641 4560 τάττομεν.
688 4486 885 4541 Πολλοὶ
923 4486 1033 4541 τῶν
1066 4485 1374 4558 ἀνθρώπων
1401 4491 1459 4543 ὲν
1492 4494 1607 4555 τοῖς
1648 4494 1932 4547 ἐπιτελευ-

2042 2279 2260 2337 nentes;
2306 2269 2598 2341 reliquum,
2635 2269 2725 2326 cui
2769 2268 2971 2335 volunt,
3010 2270 3268 2325 vendunt.
3298 2267 3418 2335 Quo
3452 2267 3529 2333 fit,
3564 2278 3622 2322 ut

2035 2362 2128 2432 jus
2162 2362 2492 2434 praelationis
2524 2362 2681 2417 alteri
2721 2370 2930 2432 pereat,
2956 2371 3111 2432 parte
3135 2362 3341 2417 scilicet
3373 2360 3616 2431 proxima

2042 2472 2148 2512 non
2184 2457 2442 2511 distracta
2475 2470 2494 2510 :
2528 2455 2772 2525 adeoque
2807 2455 3095 2525 contingit,
3136 2462 3196 2509 ut
3227 2456 3449 2510 statutis
3482 2454 3622 2509 illius

2042 2550 2266 2605 novellae
2302 2550 2438 2620 legis
2482 2548 2633 2604 fraus
2664 2550 2796 2615 ~liat,
2829 2549 2954 2601 dum
2999 2561 3153 2602 mens
3199 2547 3456 2601 nimirum
3489 2547 3623 2618 legis

2041 2643 2294 2709 violatur,
2312 2650 2367 2698 et
2384 2642 2545 2697 verba
2576 2640 2806 2697 fortasse
2823 2649 3132 2697 servantur.
3152 2639 3359 2709 Quippe
3377 2638 3620 2693 fraudem

2043 2710 2194 2802 facit,
2224 2736 2399 2806 inquit
2434 2734 2880 2806 iurisconsultus,
2923 2733 3014 2803 qui
3046 2731 3176 2788 facit
3203 2733 3345 2803 quod
3386 2732 3470 2786 lex
3502 2733 3622 2801 qui-

2042 2830 2164 2885 dem
2194 2845 2305 2884 non
2349 2830 2538 2892 vetuit,
2575 2844 2678 2883 non
2711 2837 2888 2882 tamen
2940 2825 3055 2880 fieri
3099 2824 3232 2879 vult.
3260 2822 3421 2878 Tales
3457 2822 3621 2893 igitur

2042 2926 2373 2995 imposturas
2396 2937 2524 2978 cum
2569 2920 2825 2990 maiestas
2854 2935 2971 2976 mea
3006 2916 3466 2988 deprtehenderit,
3502 2932 3621 2971 mo-

2041 3018 2262 3074 iitiones
2289 3020 2594 3086 sapientum
2632 3014 2684 3070 in
2726 3014 2930 3068 malitia
2971 3012 3273 3084 prmeidens
3301 3010 3530 3075 statuit;
3563 3020 3623 3062 ut

2034 3110 2206 3166 etiam
2253 3109 2308 3164 in
2356 3105 2656 3163 antichresi
2698 3106 2789 3176 jus
2829 3104 3162 3174 praelatiouis
3183 3103 3367 3158 locum
3398 3102 3618 3161 habeat,

2042 3210 2098 3257 et
2131 3215 2194 3257 ea
2228 3199 2464 3267 valeant,
2506 3212 2628 3269 qua:
2665 3197 2732 3253 de
2775 3195 3162 3252 donationibus
3205 3196 3258 3249 in
3291 3208 3353 3247 ea
3385 3192 3619 3255 novella,

2040 3293 2195 3362 cujus
2223 3301 2381 3348 antea
2418 3291 2744 3346 mentionem
2772 3287 3029 3353 fecimus,
3064 3286 3271 3343 saucita
3301 3293 3447 3342 sunt.
3473 3282 3616 3339 Cotu-

2041 3385 2299 3442 simiiiter
2317 3395 2372 3440 et
2392 3383 2604 3439 viciniae
2629 3383 2745 3438 sive
2771 3380 3138 3452 proximitatis
3152 3379 3240 3447 jus
3262 3378 3616 3439 concedetur,

2037 3480 2255 3534 etiamsi
2289 3478 2414 3548 quis
2436 3484 2643 3546 partem
2672 3474 2889 3545 quidem
2914 3472 2969 3528 in
3003 3486 3062 3528 re
3082 3472 3184 3528 soli
3212 3470 3533 3534 vendiderit,
3559 3468 3614 3523 iu

2040 3587 2145 3642 qua
2185 3570 2275 3641 jus
2307 3567 2637 3641 pra-{alienis
2664 3566 2805 3624 alios
2843 3566 3036 3633 habet;
3086 3574 3291 3636 partem
3323 3577 3455 3619 vero
3494 3577 3617 3632 per-

2043 3662 2292 3733 pusillam
2327 3677 2434 3717 non
2460 3662 2776 3718 distractam
2800 3659 3099 3730 reliquerit,
3125 3672 3247 3727 qua
3271 3657 3407 3712 forte
3437 3657 3619 3727 proxi-

2043 3769 2129 3809 tna
2158 3750 2233 3811 'sit
2273 3753 2411 3809 villae
2448 3752 2634 3820 vicini,
2666 3751 2753 3807 vel
2796 3765 2949 3822 agro,
2986 3751 3039 3804 in
3081 3750 3281 3820 quibus
3324 3764 3385 3803 ea
3435 3749 3619 3818 proxi-

2041 3846 2205 3902 mitas
2254 3845 2528 3901 consistit.
2574 3844 2686 3902 Nec
2732 3844 2866 3899 tales
2901 3843 3214 3913 imposturte
3247 3841 3470 3897 veritate
3509 3843 3619 3896 siut

2042 3941 2299 4013 potiores,
2332 3949 2427 3995 aut
2462 3939 2662 4010 vigoris
2703 3952 2900 4008 expers
2938 3947 3157 3991 maneat
3184 3950 3246 3992 ea
3276 3934 3612 3995 constitutio,

2040 4047 2161 4103 quae
2186 4035 2255 4088 ad
2284 4034 2383 4088 has
2417 4045 2506 4086 res
2537 4028 2860 4099 pertinentia
2889 4029 3096 4094 statuit,
3121 4027 3400 4082 hominum
3429 4025 3618 4096 nequi-

2038 4127 2115 4181 tia
2140 4124 2279 4180 victa
2304 4134 2362 4180 et
2392 4121 2824 4191 circumscripta.

2114 4305 2168 4359 7.
2205 4305 2282 4360 De
2308 4303 2646 4360 amatoribus
2676 4318 2769 4358 seu
2813 4298 3226 4356 exsecutoribus.
3262 4295 3467 4351 Praeter
3499 4296 3614 4350 iure

2039 4410 2097 4455 et
2144 4399 2275 4454 illud
2319 4399 2390 4454 iis
2419 4412 2539 4466 quae
2567 4406 2692 4452 ante
2730 4396 2934 4466 scripta
2977 4399 3123 4460 sunt,
3155 4389 3450 4447 sanciendo
3479 4402 3614 4443 con-

2041 4493 2310 4563 uugimus.
2363 4490 2512 4547 Multi
2557 4488 2807 4546 homines
2861 4488 2914 4543 in
2957 4486 3215 4541 extremis
3259 4483 3373 4540 suis
3428 4481 3618 4545 elogiis

352 4581 489 4644 τίοις
526 4578 707 4633 αὐτῶν
742 4578 1109 4649 διατάγμασιν
1137 4578 1491 4651 ἐπιτρόπους,
1521 4583 1692 4654 ἡγουν
1720 4584 1927 4657 διοικη-

2040 4572 2331 4642 icuratores
2363 4600 2456 4641 seu
2486 4593 2828 4639 cssecutores
2856 4582 2924 4635 ab
2948 4594 3006 4634 se
3039 4577 3421 4646 dispositorum
3457 4573 3616 4627 relin-

353 4668 475 4736 τὰς,
508 4668 617 4722 τῶν
645 4667 776 4741 παρ’
814 4668 997 4722 αὐτῶν
1028 4668 1408 4738 διορισθέντων
1433 4674 1933 4745 καταλιμπάνουσι,

355 4763 451 4816 καὶ
480 4762 689 4824 τούτοις
727 4760 1046 4816 ἀνατιθέασι
1079 4760 1181 4832 τὴν
1214 4762 1325 4817 τῶν
1357 4768 1706 4837 πραγμάτων
1747 4771 1931 4826 αὐτῶν

352 4852 669 4922 οἰκονομίαν
696 4868 756 4904 τε
793 4851 888 4905 καὶ
935 4852 1226 4924 διοίκησιν,
1258 4853 1351 4910 τὸν
1394 4857 1630 4927 Χριστὸν
1677 4860 1935 4932 κληρονό-

356 4959 456 5012 μον
485 4942 809 5014 γράφοντες,
839 4942 901 4995 τὸ
928 4943 1103 5011 γλυκὺ
1136 4944 1298 5000 τοῦτο
1351 4947 1448 5001 καὶ
1477 4955 1933 5023 κοσμοσωτήριον

351 5034 449 5087 καὶ
480 5033 717 5105 πρᾶγμα
744 5034 840 5087 καὶ
867 5032 1055 5105 δνομα.
1089 5034 1262 5090 Τοῦτο
1291 5036 1349 5091 δὲ
1404 5039 1625 5094 δοκοῦσι
1658 5046 1835 5099 ποιεῖν
1865 5045 1940 5100 δι’

352 5118 426 5177 ὧν
455 5127 567 5188 τοῖς
603 5125 800 5195 πένησι
827 5124 928 5189 τάς
958 5128 1277 5196 περιουσίας
1310 5130 1491 5185 αὐτῶν
1516 5136 1935 5209 καταμερισθῆ-

350 5234 440 5271 ναι
482 5218 920 5290 προστάττουσι·
951 5219 1048 5274 τοῦ
1081 5219 1193 5291 γὰρ
1229 5222 1509 5289 αίτοῦντος
1535 5223 1930 5296 λαμϐάνοντος,

352 5308 569 5363 ἰσταται
612 5311 641 5363 ὁ
672 5309 911 5380 Χριστὸς
959 5312 1358 5380 συγκοιλαίνων
1406 5317 1585 5387 τούτῳ
1613 5318 1714 5389 τὴν
1746 5324 1928 5393 χεῖρα.

354 5402 470 5469 Ἐφ’
494 5400 648 5456 ὅσον
679 5403 811 5472 γὰρ,
832 5402 1018 5474 φησὶν,
1069 5404 1164 5458 ἐνὶ
1192 5407 1421 5462 τούτων
1448 5407 1568 5463 τῶν
1587 5408 1934 5481 ἐλαχίστων

350 5492 631 5562 ἀδελφῶν
655 5491 1004 5560 ἐποιήσατε,
1035 5494 1166 5564 ἐμοὶ
1198 5496 1935 5574 ἐποιήσατεᾶἰαρακελευό-

422 5678 442 5706 ³
482 5677 676 5733 Matth.
718 5691 845 5743 xxv,
885 5677 976 5737 45.

422 5839 535 5907 (ρο)
572 5835 634 5892 l..
673 5837 742 5892 50
769 5838 827 5891 υ.
867 5840 931 5893 de
957 5837 1183 5908 legibus.

676 5940 950 5999 l’nuoL.
995 5942 1116 6001 Gn.
1160 5937 1259 5997 CX
1276 5936 1495 5999 XXIII.

2043 4687 2239 4751 quunt,
2266 4678 2452 4746 eisque
2482 4690 2661 4732 rerum
2697 4688 2918 4730 suarum
2959 4670 3413 4739 dispensationem
3436 4676 3490 4720 et
3519 4668 3618 4719 ad—

2043 4770 2497 4826 ministrationem
2540 4768 2849 4839 iniungunt,
2880 4765 3084 4833 scripto
3118 4762 3331 4818 hmrede
3374 4761 3617 4821 Christo,

2039 4862 2131 4918 illa
2166 4862 2310 4918 dulci
2361 4875 2426 4915 ac
2468 4861 2666 4914 mundo
2711 4852 2936 4913 salutari
2968 4866 3079 4911 tum
3132 4870 3213 4922 re,
3239 4865 3349 4909 tum
3379 4851 3616 4906 nomine.

2041 4955 2156 5012 Hoc
2194 4965 2371 5010 autem
2405 4953 2589 5009 facere
2641 4952 2918 5014 videntur,
2943 4965 3066 5006 eum
3096 4948 3385 5003 facultates
3413 4961 3540 5001 suas
3562 4947 3614 4999 in

2038 5061 2300 5116 pauperes
2326 5044 2578 5100 distribui
2609 5042 2810 5098 debere
2842 5041 3182 5112 praecipiunt.
3208 5037 3340 5092 Nam
3369 5038 3458 5090 ubi
3487 5035 3615 5105 quid

2038 5139 2237 5210 accipit
2267 5140 2312 5193 is
2335 5138 2429 5209 qui
2460 5139 2768 5203 mendicat,
2803 5144 2948 5190 astat
2974 5135 3088 5204 ipse
3118 5133 3389 5194 Christus,
3424 5137 3481 5183 et
3512 5144 3615 5181 una

2039 5247 2160 5286 cum
2198 5230 2288 5285 illo
2320 5244 2512 5285 cavam
2548 5245 2764 5283 manum
2801 5228 3050 5298 porrigit.
3087 5226 3298 5297 Quippe
3327 5234 3612 5294 quantum,

2037 5322 2137 5387 ait,
2184 5321 2278 5376 um'
2321 5321 2512 5375 horum
2556 5323 2891 5376 minimarum
2938 5324 3168 5392 (rutrum
3217 5320 3441 5390 fecistis,
3484 5320 3615 5375 milii

2038 5414 2237 5484 fecistis
2265 5415 2308 5468 ².
2346 5412 2609 5470 Juhemus
2648 5416 2829 5485 igitur,
2866 5422 2924 5468 ut
2963 5414 3173 5486 quoties
3225 5416 3611 5487 procuratoria'.

2038 5507 2177 5565 tales
2215 5506 2713 5566 administrationes
2759 5509 3021 5577 incidunt,
3072 5509 3368 5585 itidemque
3412 5511 3609 5567 distri~
