4014 6408
393 369 498 432 ’ΤΠ

1635 360 2040 424 MANUELIS
2075 361 2427 422 COMNENI

3555 365 3660 432 748

395 489 648 544 butioncs
677 484 744 539 ad
777 497 970 540 causas
999 482 1139 554 pias,
1163 483 1230 537 ad
1263 479 1652 538 consolatrices
1676 484 1979 537 animorum

2090 483 2229 552 μεθα
2287 481 2440 552 γοῦν,
2481 483 2610 538 ὅταν
2659 484 3014 555 ἐπιτροπικαὶ
3057 485 3304 540 τοιαῦται
3365 487 3666 561 διοικήσεις

395 577 853 646 diSpensationes,
905 585 960 630 et
1005 578 1072 631 ad
1123 575 1475 647 pupillorum,
1520 574 1886 644 impuberum,
1919 588 1982 626 ae

395 687 692 742 pauperum
723 670 1076 725 educationes
1102 677 1157 724 et
1185 668 1442 724 alimenta
1477 669 1702 723 tendunt
1729 683 1743 721 :
1772 666 1982 721 nullum

398 766 451 818 in
495 765 576 821 eis
621 764 800 819 locum
833 761 1137 832 judiciarize
1175 761 1484 826 dilationes,
1515 769 1569 815 et
1608 760 1984 830 provenieutes

396 860 524 916 inde
559 856 821 926 temporis
856 857 1226 911 extractiones
1247 855 1504 910 habeant.
1535 851 1668 907 Nam
1705 853 1834 907 hinc
1858 866 1987 906 con-

399 951 541 1019 tigit,
576 960 634 1004 ut
665 948 1045 1006 defunctorum
1081 947 1278 1002 animis
1306 945 1455 1000 fraus
1487 944 1599 1009 ﬁat,
1637 953 1803 1012 utque
1839 943 1984 1011 leges

397 1045 468 1100 ad
527 1046 726 1100 bonum
770 1052 824 1097 ct
863 1041 1146 1096 utilitatem
1187 1041 1322 1095 adeo
1365 1037 1636 1109 pulbicam
1681 1036 1822 1101 latae,
1851 1050 1985 1089 con-

398 1137 620 1193 trariam
670 1136 723 1190 in
780 1145 990 1205 partem
1047 1132 1352 1188 ﬂectantur.
1402 1129 1518 1185 Non
1570 1129 1712 1184 enim
1767 1142 1980 1198 :equum

398 1230 656 1300 maiestas
684 1244 803 1283 mea
837 1236 1043 1294 censet,
1077 1235 1133 1282 ut
1159 1241 1278 1296 quae
1315 1224 1488 1280 series
1520 1232 1574 1277 et
1603 1223 1738 1278 ordo
1760 1221 1983 1289 reliquis

401 1324 454 1378 in
483 1323 709 1392 iudiciis
743 1321 972 1384 obtinet,
1018 1319 1070 1374 in
1118 1318 1204 1374 his
1234 1317 1396 1372 etiam
1431 1324 1723 1386 usurpetur
1751 1332 1766 1369 :
1792 1328 1980 1368 verum

399 1425 460 1470 ut
490 1415 756 1485 ejusmodi
783 1429 1069 1468 causarum
1094 1410 1480 1467 controversiae
1510 1410 1690 1464 statim
1719 1407 1982 1462 dirimati-

400 1514 512 1574 tur,
550 1521 657 1560 non
691 1504 966 1559 ochrendo
999 1503 1238 1558 libellum
1280 1501 1374 1557 sed
1418 1498 1487 1555 ad
1530 1509 1662 1565 tres,
1700 1507 1793 1553 aut
1834 1513 1982 1553 sum-

402 1613 546 1650 lttllm
601 1607 839 1667 quatuor
883 1597 1020 1659 dies,
1077 1594 1444 1648 insinuatione
1503 1592 1580 1649 rei
1631 1589 1978 1661 porrigenda.

400 1690 608 1758 Quippe
637 1687 680 1742 si
713 1687 856 1742 nulla
884 1686 1171 1754 iudiciaria
1199 1685 1385 1740 dilatio
1408 1681 1979 1764 admittaturbjurium

400 1779 596 1845 cuique
625 1776 1042 1846 competentium
1085 1788 1311 1830 examen
1355 1772 1692 1839 instituetur,
1719 1781 1775 1828 et
1804 1775 1979 1826 amba:

398 1879 583 1939 partes
637 1869 772 1923 citra
825 1867 984 1921 ullam
1035 1865 1584 1936 procrastinationem
1634 1865 1977 1930 citabuntur,

397 1969 560 2028 atque
597 1959 664 2014 ab
693 1956 887 2013 iisdem
931 1958 1198 2027 exigetur,
1226 1966 1283 2010 ut
1305 1971 1426 2026 qua:
1458 1971 1552 2023 pro
1579 1970 1636 2009 se
1667 1953 1846 2010 facere
1874 1971 1976 2024 pu-

398 2059 536 2116 tent,
561 2049 614 2104 in
649 2050 884 2105 medium
922 2057 1244 2119 proponant.
1277 2045 1369 2102 Sic
1391 2048 1684 2118 perexiguo
1708 2054 1977 2116 tempore,

394 2151 522 2214 puta
563 2156 801 2196 mensem
828 2142 894 2195 ad
933 2156 1120 2202 unum,
1155 2138 1238 2194 vel
1278 2138 1533 2204 alterum,
1562 2153 1622 2192 se
1649 2138 1980 2208 porrigente,

395 2241 557 2301 prout
581 2231 748 2302 judiei
779 2231 951 2285 visum
1003 2229 1187 2301 fuerit,
1222 2243 1308 2283 res
1339 2228 1390 2282 in
1425 2229 1852 2284 controversiam
1883 2230 1980 2282 de-

394 2326 557 2379 ducta
599 2322 940 2378 convenienti
979 2323 1187 2376 ratione
1219 2311 1549 2375 dirimetur:
1587 2319 1792 2390 legibus
1828 2321 1979 2375 scili-

395 2426 484 2474 cet
535 2416 605 2471 iis
652 2416 826 2468 locum
871 2413 1332 2481 stabilitatemque
1381 2427 1534 2466 suam
1599 2412 1978 2478 retinentibus,

397 2519 736 2577 quaecunque
768 2519 870 2558 non
911 2503 1094 2558 statim
1131 2509 1253 2571 post
1283 2500 1523 2556 defuncti
1557 2512 1810 2569 mortem,
1855 2518 1981 2559 suc-

396 2611 647 2652 cessores
673 2595 794 2664 eius
824 2596 877 2649 in
905 2595 994 2664 jus
1029 2595 1171 2648 trahi
1203 2594 1400 2650 debere
1443 2603 1709 2660 statuunt,
1742 2597 1834 2652 sed
1859 2605 1984 2664 post

397 2690 610 2743 dierum
654 2688 861 2755 aliquot
910 2689 1234 2752 decursum;
1271 2687 1725 2753 quemadmodum
1767 2703 1836 2743 ea.
1863 2704 1983 2758 quae

400 2784 508 2835 huc
536 2781 828 2843 pertinent,
877 2779 1040 2832 latius
1071 2778 1124 2832 in
1155 2777 1402 2835 Basilicis
1435 2780 1550 2850 (2|)
1582 2781 1790 2836 sancita
1829 2792 1980 2837 sunt.

398 2872 554 2940 Quod
587 2873 630 2925 si
666 2879 985 2940 procurator
1022 2870 1087 2923 ad
1116 2869 1407 2924 dilationes
1453 2887 1514 2927 se
1548 2884 1866 2929 convertere
1898 2875 1984 2930 vi-

396 2981 494 3022 sus
536 2964 720 3027 fuerit,
759 2975 813 3018 et
842 2962 1214 3030 deprehensus
1262 2965 1333 3017 sit
1366 2965 1417 3017 in
1459 2965 1768 3032 huiusmodi
1817 2968 1981 3026 rebus

397 3073 557 3129 agere
603 3071 906 3126 perperam,
957 3056 1023 3109 ad
1068 3055 1591 3127 procrastinatioues
1635 3074 1755 3115 sese
1790 3060 1983 3119 confe-

2086 575 2431 644 πρόκεινται,
2483 576 2579 629 καὶ
2625 577 2704 640 εἰς
2752 577 2996 640 εὑσεϐεῖς
3026 578 3206 642 αἰτίας
3253 579 3528 648 διανομαὶ,
3566 580 3666 634 καὶ

2085 667 2222 737 πρὸς
2249 667 2489 738 ψυχικὰς
2519 668 2832 738 οἰκονομίας
2857 669 2952 723 xui
2984 670 3264 740 ὀρφανῶν,
3291 670 3576 740 ἀφηλίκων
3604 689 3667 726 τε

2085 763 2182 816 xui.
2232 765 2483 832 πενήτων
2525 763 2820 831 ἁναγωγὰς
2866 763 2960 816 xui
3015 763 3312 833 διατροφὰς
3365 764 3664 827 τείνουσαι,

2089 854 2166 924 μὴ
2200 852 2388 924 χώραν
2435 854 2582 924 ἔχειν
2626 857 2684 908 ἐν
2714 853 2940 917 ταύταις
2985 854 3111 919 τοὺς
3142 855 3251 908 τῶν
3295 854 3667 926 δικαστηρίων

2085 946 2539 1018 ὑπερϐιϐασμοὺς
2595 948 2690 1001 xui
2733 947 2832 1011 τὰς
2877 947 3132 1001 ἐντεῦθεν
3184 950 3665 1018 χρονοτριϐήσεις.

2083 1040 2385 1111 Συμϐαίνει
2427 1039 2539 1111 γὰρ
2590 1039 2843 1094 ἐντεῦθεν
2889 1039 2988 1104 τάς
3017 1041 3126 1094 τῶν
3155 1041 3534 1096 τελευτώντων
3569 1040 3668 1112 ζη-

2086 1133 2346 1204 μιοῦσθαι
2375 1133 2578 1202 ψυχὰς,
2611 1133 2706 1186 xui.
2740 1133 2868 1196 τοὺς
2895 1131 2984 1186 ἐπ’
3021 1133 3214 1204 ἀγαθῷ
3259 1133 3356 1186 xui
3385 1135 3540 1203 κοινῇ
3572 1132 3669 1184 λυ-

2085 1225 2324 1297 σιτελείᾳ
2357 1225 2452 1279 τοῦ
2484 1225 2685 1290 παντὸς
2714 1225 2976 1289 τεθέντας
3015 1227 3218 1298 νόμους
3245 1229 3325 1290 εἰς
3353 1226 3668 1280 τούναντίον

2083 1316 2492 1387 περιίστασθαι.
2533 1317 2666 1370 0-3δέ
2697 1317 2808 1388 γὰρ
2857 1317 3068 1371 δίκαιον
3105 1319 3284 1389 κρίνει·
3336 1320 3368 1389 ή
3416 1317 3669 1389 βασιλεία

2085 1426 2188 1478 μου
2243 1409 2344 1478 τὴν
2385 1410 2480 1462 ἐπὶ
2526 1410 2642 1469 τοῖς
2671 1409 2879 1472 λοιποῖς
2921 1409 3296 1481 δικαστηρίοις
3351 1409 3672 1480 κρατοῦσαν

2081 1498 2405 1576 ἀκολουθίαν
2456 1500 2552 1553 καὶ
2609 1500 2703 1552 ἐπὶ
2758 1501 2869 1563 τοῖς
2927 1499 3195 1565 τοιούτοις
3255 1500 3665 1565 πολιτεύεσθαι,

2081 1589 2222 1644 ἀλλὰ
2252 1591 2351 1654 τὰς
2377 1589 2472 1643 ἐπὶ
2495 1593 2616 1656 ταῖς
2650 1591 2935 1656 τοιαύταις
2974 1592 3303 1646 ὑποθέσεσιν
3331 1594 3670 1664 ἀμφιϐολίας

2083 1683 2419 1736 άπεντεῦθεν
2464 1683 2714 1748 λύεσθαι,
2749 1687 2825 1754 μὴ
2876 1685 3127 1739 λιϐέλλου
3177 1686 3480 1757 διδομένου,
3515 1686 3669 1757 εἰδή-

2085 1791 2224 1838 σεως
2250 1775 2308 1828 δὲ
2341 1776 2670 1846 τριημέρου,
2701 1776 2733 1846 ἢ
2771 1778 2868 1830 xui
2899 1779 2954 1841 ἐς
2985 1777 3256 1849 τετάρτην
3305 1795 3669 1849 παρεκτεινο-

2085 1867 2273 1936 μένης.
2318 1867 2410 1936 Μή
2442 1885 2590 1931 τινος
2623 1869 2732 1939 γὰρ
2767 1857 3091 1940 δικαστικῆς
3147 1869 3496 1942 ὑπερθέσεως
3529 1873 3667 1922 ἐπα-

2083 1959 2350 2028 γομένης,
2384 1961 2416 2029 ή
2451 1961 2560 2012 τῶν
2591 1961 2907 2029 προσόντων
2949 1963 3164 2032 ἑκάστῳ
3185 1962 3410 2016 δικαίων
3440 1962 3670 2032 γενήσε-

2081 2069 2167 2104 ται
2199 2052 2574 2116 κατεξέτασις,
2619 2053 2715 2106 xui
2749 2052 3227 2125 μετακληθήσεται
3263 2055 3356 2108 xui
3398 2054 3566 2122 ἄμφω
3597 2055 3668 2106 τὰ

2087 2144 2232 2212 μέρη
2278 2143 2402 2212 δίχα
2455 2144 2603 2207 τινὸς
2637 2146 3045 2216 ὑπερημερίας,
3098 2147 3194 2200 xui
3225 2148 3666 2218 άπαιτηθήσεται

2083 2236 2319 2305 ἑκάτερα
2375 2237 2444 2290 τά
2506 2239 2647 2308 μέρη
2685 2237 2754 2291 τὰ
2807 2236 3072 2291 δοκοῦντα
3128 2238 3426 2291 συντείνειν
3483 2240 3669 2301 αὑτοῖς

2082 2327 2512 2397 προϐάλλεσθαι,
2537 2329 2634 2383 καὶ
2657 2328 2803 2382 οὕτω
2836 2329 2904 2383 δι’
2931 2329 3113 2399 ὀλίγου
3156 2331 3372 2401 καιροῦ,
3412 2331 3668 2402 μηνιαίου

2082 2421 2246 2490 τυχὸν
2273 2420 2306 2491 ἢ
2343 2421 2438 2475 xui
2466 2424 2546 2484 εἰς
2579 2421 2834 2493 δεύτερον
2859 2423 3384 2493 παρεκτεινομένου,
3420 2424 3564 2477 κατὰ
3606 2425 3669 2476 τὸ

2083 2511 2244 2576 δόξαν
2290 2512 2368 2582 τῷ
2403 2512 2635 2584 δικαστῇ
2701 2516 3092 2587 προσήκουσαν
3139 2516 3346 2581 δέξοιτο
3398 2516 3554 2570 λύσιν
3605 2518 3667 2570 τὸ

2082 2605 2369 2676 ἀνακύψαν
2399 2605 2706 2676 ἀμφίϐολον
2731 2623 2744 2636 ·
2775 2609 3137 2679 τηρουμένων
3167 2609 3413 2678 δηλονότι
3442 2609 3554 2664 τῶν
3580 2611 3666 2662 νό-

2087 2715 2204 2769 μων
2240 2699 2335 2752 ἐπὶ
2360 2699 2460 2768 τῆς
2485 2698 2692 2762 οἰκείας
2723 2699 2888 2770 ἕδρας
2921 2702 3016 2756 καὶ
3049 2703 3404 2774 παγιότητος,
3447 2703 3562 2756 ὅσοι
3592 2704 3670 2772 μὴ

2086 2791 2226 2864 μετὰ
2273 2792 2366 2845 τὸν
2409 2792 2504 2846 τοῦ
2563 2792 2992 2865 τελευτήσαντος
3038 2795 3268 2851 θάνατον
3325 2796 3490 2860 εὐθὺς
3539 2797 3671 2860 τοὺς

2082 2885 2298 2938 ἐκείνου
2331 2883 2616 2954 διαδόχους
2667 2884 2749 2948 εἰς
2800 2885 3156 2957 δικαστήριον
3203 2886 3462 2942 ’ἐλκεσθαι
3502 2888 3672 2958 διορι-

2085 2974 2292 3042 ζονται,
2323 2975 2464 3031 ἀλλὰ
2497 2975 2637 3046 μετὰ
2687 2978 3052 3049 παραδρομὴν
3092 2979 3315 3050 ήμερῶν
3345 2998 3526 3041 τινων,
3565 2998 3669 3033 κα-

2085 3068 2194 3132 θὼς
2245 3067 2313 3123 τὰ
2367 3069 2500 3141 περὶ
2553 3068 2762 3124 τούτων
2812 3070 3150 3142 πλατύτερον
3204 3074 3316 3136 τοῖς
3368 3073 3671 3142 βασιλικοῖς

396 3166 548 3214 rens,
579 3165 676 3205 nec
706 3151 756 3204 id
783 3164 970 3220 agens,
996 3148 1140 3218 quod
1176 3156 1404 3204 testator
1433 3150 1618 3221 jussit,
1650 3167 1679 3206 a
1711 3167 1976 3222 procura-

2084 3162 2454 3235 διηγόρευται.
2498 3163 2560 3217 Εἰ
2602 3162 2659 3217 δέ
2705 3180 2770 3233 γε
2810 3166 2838 3218 ὁ
2872 3165 3172 3231 ἐπίτροπος
3217 3166 3298 3230 είς
3344 3165 3670 3236 ὑπερθέσεις

392 3242 542 3297 tione
574 3255 758 3295 rerum
791 3239 1054 3306 defuncti,
1084 3248 1141 3295 et
1168 3240 1236 3295 ab
1278 3240 1752 3299 administratione
1795 3260 1976 3302 remo-

393 3334 645 3401 vehitur;
687 3347 806 3401 quae
847 3333 1064 3402 quidem
1110 3331 1421 3402 iujungetur
1472 3334 1536 3389 iis
1575 3337 1772 3405 quibus
1808 3338 1977 3408 impe-

393 3437 544 3480 rator
590 3424 838 3480 statuerit
871 3440 888 3480 :
938 3433 1032 3478 aut
1065 3423 1391 3494 imperatore
1437 3425 1689 3482 fortassis
1727 3427 1974 3497 absente,

393 3521 679 3593 praefectus
745 3521 896 3575 urbis
962 3536 1069 3574 una
1129 3535 1249 3576 cum
1312 3523 1670 3579 sanctissimae
1733 3527 1978 3582 ecclesia:

394 3628 678 3668 meonomo
702 3628 813 3666 rem
835 3611 980 3666 illam
1003 3613 1391 3682 dispensabunt
1409 3616 1935 3673 etadministrabunt
1959 3634 1976 3674 :

395 3705 571 3758 daturi
622 3703 870 3758 notitiam
924 3719 1113 3758 eorum
1160 3719 1280 3774 quae
1332 3706 1384 3758 in
1438 3706 1746 3776 huiusmodi
1803 3711 1984 3768 causis

393 3796 707 3863 gesserint,
756 3804 862 3847 tam
921 3795 1273 3864 imperaturi,
1324 3811 1486 3864 quam
1547 3798 1666 3868 ejus
1725 3803 1985 3871 temporis

393 3883 740 3937 sanctissimo
764 3883 1106 3951 patriarchae,
1131 3884 1176 3938 si
1207 3898 1433 3956 peregre
1460 3886 1763 3958 principem
1792 3893 1984 3949 abesse

393 3973 696 4044 contingat,
730 3987 830 4026 nec
863 3973 1160 4029 secundum
1195 3976 1346 4047 ipsus
1378 3977 1698 4036 mandatum
1739 3982 1979 4041 defuncti

393 4062 650 4116 voluntas
685 4062 904 4132 impleta
943 4063 1126 4119 fuerit.

2081 3255 2276 3326 φανείη
2330 3256 2529 3327 χωρῶν
2578 3258 2674 3310 xui
2731 3256 2958 3311 τοιαῦτα
3015 3259 3304 3328 σκαιωρῶν
3360 3258 3667 3330 φωραθείη,

2081 3347 2337 3417 καὶπρὸς
2367 3348 2824 3420 ὑπερϐιϐασμοὺς
2857 3351 3101 3420 χωρήσει
3151 3351 3227 3420 μὴ
3265 3351 3438 3404 ποιῶν
3481 3351 3671 3414 καθὼς

2079 3442 2107 3493 ὁ
2132 3439 2455 3510 διαθέμενος
2494 3440 2801 3507 διετάξατο,
2850 3442 2949 3511 τῆς
2996 3443 3303 3512 ἐπιτροπῆς
3335 3443 3429 3496 xui
3463 3445 3677 3495 oixovo-

2084 3531 2214 3601 μίας
2247 3531 2357 3584 τῶν
2393 3531 2486 3584 τοῦ
2520 3533 2951 3602 τελευτήσαντος
2983 3533 3331 3602 πραγμάτων
3367 3550 3670 3602 μετακινη-

2081 3622 2309 3692 θήσεται
2334 3637 2349 3653 ⁸
2385 3624 2786 3694 ἀνατεθήσεται
2828 3624 2884 3677 δὲ
2930 3623 3074 3694 αὕτη
3106 3619 3190 3686 οἷς
3232 3623 3300 3677 ἂν
3340 3625 3375 3676 ό
3409 3624 3670 3694 βασιλεὺς

2079 3712 2413 3783 διορίσηται,
2450 3714 2481 3785 ἢ
2516 3715 2708 3768 τούτου
2742 3717 2874 3778 ἴσως
2913 3715 3325 3786 ἀποδημοῦντος
3361 3718 3389 3770 ὁ
3433 3716 3536 3786 τῆς
3566 3719 3668 3770 πό-

2079 3807 2219 3872 λεως
2265 3809 2508 3881 ἔπαρχος
2555 3809 2671 3877 ἅμα
2723 3811 2803 3881 τῷ
2849 3811 2950 3882 τῆς
2982 3811 3298 3883 ἁγιωτάτης
3337 3813 3668 3882 Ἐκκλησίας

2081 3901 2354 3973 οἰκονόμῳ
2396 3903 2497 3972 τήν
2533 3903 2726 3956 τούτου
2765 3905 3087 3973 ποιήσονται
3136 3905 3454 3976 οἰκονομίαν
3485 3923 3543 3959 τε
3575 3910 3666 3958 καὶ

2087 3993 2379 4064 διοίκησιν,
2415 3994 2723 4062 ὀφείλοντος
2771 3995 2978 4065 εἴδησιν
3030 3996 3234 4052 διδόναι
3267 3999 3376 4050 τῶν
3407 3998 3500 4050 ἐπὶ
3546 4001 3669 4059 ταῖς

2089 4084 2374 4147 τοιαύταις
2404 4083 2730 4138 ὑποθέσεσιν
2774 4087 3248 4157 οἰκονομουμένων
3271 4088 3349 4158 τῷ
3373 4087 3601 4158 βασιλεῖ,
3634 4089 3666 4157 ἢ

392 4157 472 4226 τῷ
495 4155 763 4252 κατὰλτὴν
799 4156 1013 4227 ἡμέραν
1049 4158 1340 4232 ἁγιωτάτῳ
1383 4163 1721 4238 πατριάρχῃ,
1755 4169 1803 4221 εἰ
1833 4168 1972 4246 τύχῃ
2003 4175 2096 4230 τὸν
2162 4176 2390 4246 βασιλέα
2437 4177 2719 4248 ἁπόδημον
2760 4173 2919 4244 εἶναι,
2963 4155 3178 4252 καίήμὴ
3228 4155 3384 4235 κατὰ-
3431 4155 3664 4252 πρόσταἶ

396 4253 477 4317 ξιν
511 4250 676 4304 αὑτοῦ
703 4251 771 4304 τὰ
821 4251 908 4304 τοῦ
962 4253 1388 4325 τελευτήσαντος
1423 4257 1776 4333 πληρωθῆναι
1809 4265 2118 4340 θελήματα.

466 4344 519 4398 8.
569 4344 642 4396 De
695 4345 915 4411 ρωηατὶἰ
969 4348 1262 4401 exactione.
1311 4347 1580 4406 Caeterum
1633 4358 1758 4424 quia
1805 4374 1978 4428 pusum

396 4453 614 4506 quoque
646 4438 932 4506 scripturis
972 4439 1187 4494 inseer
1223 4442 1289 4496 de
1331 4457 1604 4501 consensu
1649 4452 1976 4508 contrahen-

2157 4373 2228 4438 η’.
2267 4368 2407 4436 Περί
2441 4369 2790 4437 προστίμων
2833 4368 3234 4436 ἀπαιτήσεως.
3275 4371 3430 4425 Ἐπεὶ
3474 4373 3529 4428 δὲ
3575 4363 3668 4428 καὶ

2085 4457 2153 4512 τὰ
2177 4459 2455 4530 πρόστιμα
2478 4459 2547 4512 τὰ
2585 4461 2700 4522 τοῖς
2748 4459 3050 4531 ἐγγράφοις
3096 4464 3418 4534 ἐντιθέμενα
3442 4466 3500 4530 ἐξ
3536 4468 3668 4537 ὁμο-

398 4532 557 4596 tium,
595 4529 860 4584 cautionis
907 4545 1095 4594 causa,
1144 4541 1198 4586 et.
1251 4533 1647 4594 observationis
1694 4553 1974 4610 pactorum

2084 4528 2270 4620 λογίας
2299 4552 2408 4605 τῶν
2454 4528 2950 4606 συναλλαττόντωνή
2984 4553 3052 4606 δι’
3078 4528 3381 4624 ἀσφάλειαν
3425 4528 3521 4612 xui
3559 4528 3670 4613 πα.

397 4631 813 4684 conventorum,
872 4621 1282 4691 inscribuntur;
1329 4626 1398 4681 ita
1443 4637 1503 4683 ut
1543 4629 1588 4683 is
1625 4633 1715 4701 qui
1761 4645 1980 4688 contra-

397 4726 544 4768 ctum
576 4713 784 4767 irritum
809 4715 1002 4780 reddit,
1023 4718 1101 4770 eis
1126 4727 1404 4786 teneatur;
1426 4721 1647 4794 jamque
1673 4725 1774 4780 hoc
1799 4727 1977 4796 ipsum

397 4813 620 4868 prorsus
661 4800 711 4854 in
756 4801 1169 4858 desuetudinem
1217 4807 1372 4873 abiit,
1411 4809 1692 4880 judicibus
1738 4815 1826 4869 ubi
1868 4831 1976 4869 non

395 4892 701 4959 oportebat,
743 4894 1131 4949 humanitatem
1175 4896 1452 4954 declarare
1508 4903 1878 4970 studentibus,
1922 4916 1978 4961 et

396 4983 584 5038 alienis
613 4985 664 5036 in
687 4984 1082 5042 calamitatibus
1102 5004 1160 5042 se
1178 4989 1410 5044 molliter
1436 5008 1499 5046 ac
1528 4995 1754 5050 remisse
1783 5011 1978 5064 geren-

395 5077 540 5130 tibus
571 5093 583 5128 :
622 5089 840 5146 propter
872 5080 1271 5136 aemulationem
1304 5085 1440 5152 ejus,
1476 5087 1617 5153 quod
1647 5085 1846 5143 bonum
1869 5101 1975 5158 est,

395 5181 450 5223 et
477 5169 543 5222 ad
574 5170 867 5224 vindictam
903 5171 1218 5227 aﬂ‘cctorum
1253 5175 1486 5244 iniuriis,
1517 5180 1809 5236 statuimus
1836 5193 1890 5236 ut
1923 5195 1976 5238 et

395 5260 526 5330 ἱρείη
557 5262 886 5332 imperatorii
911 5265 1070 5318 edicti
1101 5268 1616 5338 auctoritate,juxta
1646 5272 1750 5324 vim
1775 5272 1973 5344 legum,

392 5355 682 5424 exigantur
727 5373 740 5409 :
775 5357 1017 5424 adeoque
1065 5367 1259 5426 pra-ter
1306 5358 1424 5425 bas,
1463 5362 1625 5415 etiam
1664 5361 1893 5428 fructus,
1922 5375 1976 5420 ct

393 5462 556 5498 θειιηθ
586 5446 726 5515 quod
754 5448 1000 5511 interest,
1028 5459 1078 5501 ct
1104 5451 1228 5517 quid
1255 5451 1382 5518 quid
1407 5463 1487 5505 est
1513 5453 1656 5506 aliud
1683 5453 1970 5522 ejusmodi,

395 5554 571 5607 legum
606 5542 1083 5594 conSIitutionihus
1131 5554 1575 5598 consentaneum.
1631 5546 1770 5613 Quin
1807 5559 1861 5604 et
1899 5551 1972 5616 vi,

395 5633 473 5684 vel
505 5643 673 5696 metu,
708 5633 788 5684 vel
825 5649 918 5701 per
953 5637 1219 5703 rapinam,
1254 5637 1335 5690 vel
1368 5639 1433 5691 ab
1463 5639 1620 5693 alitc-r
1649 5641 1971 5713 delinquen-

2085 4641 2409 4712 ραφυλακὴν
2478 4643 2588 4696 τῶν
2654 4645 3187 4714 συμπεφωνημένων
3266 4647 3661 4718 ἐγγράφονται,

2080 4731 2224 4785 ὥστε
2268 4732 2360 4784 τὸν
2393 4732 2694 4786 άθετοῦντα
2728 4733 2940 4798 τούτοις
2987 4736 3308 4804 ὑποπεσεῖν,
3347 4739 3440 4792 νῦν
3474 4740 3531 4793 δέ
3567 4743 3664 4794 καὶ

2079 4823 2240 4876 τοῦτο
2265 4826 2346 4887 εἰς
2373 4824 2615 4895 παντελῆ
2650 4825 2955 4896 ἀχρηστίαν
3001 4823 3188 4900 ἦλθεν,
3241 4828 3337 4883 ἆτε
3376 4831 3484 4884 τῶν
3507 4831 3664 4886 δικα-

2081 4913 2226 4967 στῶν
2255 4915 2340 4982 ἐφ’
2367 4909 2449 4977 οἷς
2478 4915 2538 4966 οὑ
2577 4915 2657 4968 δεῖ
2686 4915 3310 4988 φιλανθρωπευομένων,
3353 4920 3447 4972 xui
3471 4923 3528 4974 ἐν
3562 4921 3660 4974 ἁλ-

2078 5006 2324 5077 λοτρίαις
2372 5009 2681 5076 συμφοραῖς
2733 5007 3188 5078 μαλακιζομένων
3244 5011 3338 5063 καὶ
3361 5014 3664 5082 χαυνουμέ-

2077 5116 2186 5153 νων
2214 5113 2228 5129 ο
2268 5098 2362 5150 ἐπὶ
2393 5097 2471 5168 τῷ
2515 5096 2611 5151 τοῦ
2653 5099 2822 5152 καλοῦ
2858 5100 3008 5172 ζήλῳ
3055 5103 3149 5154 καὶ
3195 5106 3259 5173 τῇ
3295 5103 3406 5156 τῶν
3439 5105 3663 5158 ἀδικου-

2081 5192 2260 5262 μένων
2288 5191 2938 5262 ἐκδικήσειδιοριζόμεθα
2990 5196 3083 5246 xui
3111 5194 3285 5248 ταῦτα
3308 5195 3667 5250 ἀπαιτεῖσθαι

2077 5282 2142 5331 ἐκ
2175 5279 2543 5349 παραϐάσεως
2581 5281 2724 5334 κατά
2768 5283 2869 5352 τήν
2911 5282 3019 5336 τῶν
3054 5284 3239 5354 νόμων
3285 5282 3542 5354 δύναμιν,
3569 5287 3661 5337 ναὶ

2082 5369 2267 5436 μέντοι
2322 5371 2417 5426 xui
2460 5373 2710 5443 καρποὺς
2768 5374 2862 5426 καὶ
2907 5376 3017 5427 πᾶν
3065 5375 3352 5445 διαφέρον,
3403 5378 3497 5429 xu‘:
3549 5379 3660 5428 πᾶν

2081 5462 2208 5516 ἄλλο
2236 5463 2479 5516 τοιοῦτον
2525 5464 2838 5529 ἀκολούθως
2881 5467 3001 5527 ταῖς
3041 5469 3298 5535 νομικαίς
3328 5465 3658 5531 διατάξεσιν,

2081 5555 2216 5608 ἀλλὰ
2247 5559 2338 5608 καὶ
2370 5557 2434 5608 τὰ
2478 5557 2620 5610 κατὰ
2665 5557 2786 5626 βίαν
2822 5558 2854 5629 ἢ
2891 5558 3056 5626 φόϐον
3087 5559 3118 5628 ἦ
3159 5560 3420 5628 ἁρπαγὴν
3467 5560 3560 5612 καὶ
3590 5564 3660 5611 τα

2081 5646 2232 5716 παρὰ
2276 5648 2382 5701 τῶν
2417 5648 2592 5712 ἄλλως
2630 5649 3056 5719 ἁμαρτανόντων
3108 5651 3232 5720 μεθ’
3280 5650 3527 5722 ὅπλωνῆ
3565 5653 3660 5703 καὶ

468 5807 578 5876 ίὲὶι)
627 5808 741 5862 Lib.
799 5825 954 5879 xxln,
994 5816 1074 5869 tit.
1121 5817 1177 5884 Ξ,
1206 5832 1362 5889 quem
1398 5820 1640 5878 invenies
1685 5820 1734 5876 in
1786 5820 1939 5877 titulo
1979 5825 2191 5898 ccloges
2231 5823 2604 5894 Basilicorum,
2647 5828 2718 5884 De
2753 5829 2914 5885 debiti
2952 5831 3232 5900 petitiOue.
