4014 6412
329 394 434 453 τΞιι

1565 375 1966 440 MANUELIS
2007 371 2351 435 CO’MNENI

3495 362 3610 424 ’ἴξὲ

330 502 389 562 ﬁt
413 503 554 575 quod
584 503 633 556 in
668 497 1074 555 medicamentis
1103 509 1319 566 quoque
1351 490 1663 547 morborum
1699 499 1911 544 naturae

2018 501 2110 537 κον
2182 484 2371 554 ἕτερον
2447 482 2655 553 ἑτέροις
2723 479 3061 548 κατάλληλον
3124 477 3260 550 πρὶς
3330 477 3430 542 τὰς
3491 481 3602 533 τῶν

329 594 754 654 accommodatis
784 591 1039 646 accidere
1069 588 1225 643 solet.
1260 586 1351 643 Sic
1396 584 1461 638 iis
1487 583 1580 652 qui
1607 590 1798 636 contra
1830 579 1912 634 fas

330 686 597 742 vulnerati
660 691 810 746 sunt,
854 689 911 735 et
949 678 1145 750 quibus
1199 689 1392 730 manus
1433 674 1566 726 dura
1613 671 1798 740 plagas
1833 669 1913 721 in-

332 781 489 845 ﬂixit,
520 779 782 847 optimum
827 780 911 830 est
941 771 1300 834 medicamen,
1331 775 1392 820 ut
1433 764 1629 832 injuria
1658 761 1784 816 mali
1813 761 1914 813 im-

328 874 525 928 merito
568 869 754 924 inﬂicti
811 873 1118 934 reparetur.
1169 859 1451 927 Quomodo
1491 865 1670 908 autem
1702 852 1914 922 iustitia

326 969 554 1037 ejusque
581 964 725 1018 socia
751 962 836 1016 lex
871 966 1058 1016 contra
1109 953 1434 1024 iniustitiam
1466 957 1629 1018 atque
1657 946 1916 1014 iniquita-

329 1072 434 1114 tem
466 1057 520 1111 in
578 1069 797 1109 arenam
856 1067 976 1108 cum
1035 1064 1129 1120 spe
1175 1046 1413 1101 victoriae
1441 1042 1789 1103 descendent,
1825 1037 1911 1091 ubi

331 1151 567 1209 tribunal
603 1149 710 1204 fere
737 1159 954 1216 semper
975 1143 1108 1212 ipsis
1141 1140 1417 1195 occlusum
1446 1135 1511 1189 ab
1548 1132 1694 1187 aditu
1729 1130 1913 1198 prohi-

327 1249 438 1312 bet,
475 1243 629 1316 quasi
674 1243 743 1294 ita
794 1239 912 1294 dies
969 1235 1090 1291 festi
1126 1232 1368 1288 sanctius
1415 1223 1767 1284 colerentur?
1809 1223 1917 1316 Aut

329 1340 474 1393 enim
499 1315 898 1405 ia'grulttntium
935 1330 1155 1384 vulnera
1189 1323 1490 1385 exulcerat,
1521 1317 1692 1387 frigus
1721 1330 1783 1368 ac
1814 1315 1913 1368 do-

329 1435 473 1485 lores
513 1440 734 1497 augens,
773 1432 865 1477 aut
897 1421 963 1477 iis
1009 1418 1104 1490 qui
1137 1414 1460 1487 iniustitiam
1514 1409 1916 1480 amplectuntur

328 1524 493 1588 favet,
522 1521 840 1588 dierumque
880 1513 1198 1568 feriatarum
1245 1507 1415 1562 otium
1449 1503 1668 1575 explet;
1697 1498 1911 1555 Etenim

330 1615 548 1670 Davidis
605 1609 748 1680 regis
788 1618 844 1664 et
890 1603 1078 1677 proavi
1125 1601 1338 1658 cantico
1395 1593 1822 1650 misericordiam
1853 1604 1916 1644 ac

321 1708 586 1778 judicium
615 1701 991 1772 coninngentis
1025 1696 1232 1760 audito,
1257 1693 1505 1748 videmus
1539 1688 1710 1742 Deum
1736 1687 1915 1738 minus

330 1801 565 1872 gaudere
597 1796 837 1866 hymnis,
893 1790 1226 1846 carminibus
1270 1787 1495 1856 ipsoque
1526 1780 1675 1836 cultu
1706 1779 1912 1841 divino,

328 1870 506 1964 qualis
541 1890 729 1944 diebus
764 1885 918 1941 festis
961 1883 1138 1954 palam
1168 1881 1497 1936 celebratur.
1533 1874 1667 1940 Hoc,
1702 1883 1758 1927 et
1784 1870 1913 1926 illud

328 2003 404 2041 ναξ
447 1985 502 2040 in
534 1981 825 2050 Evangelio
855 1977 1211 2048 respiciamus
1260 1972 1402 2043 quod
1438 1968 1689 2025 Salvator
1717 1964 1909 2019 mundi

324 2085 513 2132 contra
542 2073 842 2126 Pharisacos
892 2065 1202 2138 hypocritas
1245 2077 1451 2129 nosque
1484 2060 1633 2130 ipsos
1670 2071 1912 2128 pronun-

327 2169 446 2233 tiat,
479 2166 568 2235 qui
600 2165 700 2219 sub
727 2163 909 2230 specie
945 2158 1209 2213 festorum
1262 2157 1364 2210 rite
1392 2154 1727 2223 agendorum
1761 2150 1914 2204 mali-

327 2259 585 2328 gnitatem
618 2254 889 2308 intentam
915 2248 1322 2311 abscondimus,
1352 2245 1612 2314 iudici-um
1647 2257 1712 2298 ac
1744 2242 1913 2296 mise-

330 2348 616 2404 ricordiam
673 2356 954 2413 perperam
995 2340 1149 2410 juxta
1194 2346 1478 2408 ponentes.
1529 2331 1646 2387 Huc
1701 2332 1915 2388 accedit

327 2441 470 2511 quod
500 2434 818 2491 Ambacumi
848 2431 1210 2502 prophetiam,
1241 2427 1488 2497 religiose
1510 2439 1774 2480 venerans
1799 2423 1914 2478 dies

329 2533 518 2594 festos,
551 2527 742 2599 quales
765 2541 862 2578 vos
894 2523 1109 2592 quidem
1136 2519 1447 2582 celebratis,
1481 2517 1912 2586 tergiversando,

329 2634 386 2678 ut
413 2621 707 2677 conciones
763 2625 975 2670 vestras
1041 2610 1384 2667 abltorrendo
1426 2619 1609 2679 partes
1648 2608 1915 2680 gerendas

329 2733 431 2786 ego
463 2711 685 2768 mutavi.
741 2709 796 2764 Si
857 2708 1002 2761 enim
1034 2706 1281 2760 Salvator
1329 2712 1633 2756 armentum
1687 2700 1913 2757 Sabbali

330 2809 417 2861 die
446 2807 500 2860 in
530 2811 748 2874 puteum
800 2799 1076 2868 delapsum
1132 2796 1254 2848 inde
1290 2792 1705 2857 extrahendum,
1740 2806 1917 2861 neque

332 2913 460 2953 vero
487 2894 784 2951 secundum
826 2891 959 2959 legis
987 2889 1220 2958 rigorem
1254 2886 1418 2940 morti
1457 2883 1770 2937 tradendum
1797 2899 1916 2939 esse

330 2983 571 3053 praecipit
606 2997 619 3034 :
655 2988 854 3048 quanto
880 2977 1050 3046 magis
1083 2974 1379 3037 hominem,
1413 2974 1505 3042 qni
1543 2973 1729 3027 bestia:
1757 2972 1917 3043 longe

328 3074 575 3146 superior
605 3080 710 3134 est,
739 3072 828 3138 qui
855 3069 1063 3124 ratione
1083 3066 1361 3137 praeditus,
1384 3067 1473 3137 qui
1504 3064 1597 3120 Dei
1627 3065 1911 3135 imaginem

2013 577 2332 646 καμνόντων
2365 575 2636 639 διαθέσεις
2673 573 3190 644 μεταπλαττόμενον
3216 591 3227 601 ·
3259 574 3374 634 τοῖς
3403 590 3468 640 γε
3497 573 3607 643 μὴν

2013 670 2390 738 τραυματίαις
2439 667 2500 732 ἐξ
2531 667 2748 731 ἀδικίας
2769 667 2874 720 -κσιὶ⁵
2909 659 2984 721 ὧν
3014 667 3047 736 ἡ
3091 665 3412 728 πλεονέκτις
3446 683 3608 718 κατε-

2015 761 2331 831 καυχήσατο
2357 762 2479 830 χεὶρ
2514 762 2606 813 καὶ
2637 762 2853 820 πυκνάς
2885 758 3070 820 αὐτοῖς
3107 757 3349 826 ἐπέθηκε
3387 757 3608 826 πληγάς

2013 871 2074 906 τε
2114 855 2206 907 καὶ
2249 854 2549 923 μώλωπας,
2599 853 2698 923 οὐχ
2746 854 2938 922 ἕτερον
2983 851 3204 913 πάντως
3241 851 3381 919 ῐαμα
3433 867 3608 919 προσ-

2017 947 2318 1015 φυέστατον
2382 947 2414 1017 ἢ
2463 947 2522 999 τὸ
2557 945 2708 1015 παρά
2753 944 2852 1012 τῆς
2897 943 3210 1007 εὐθυδικίας
3239 943 3422 1005 καλῶς
3459 942 3611 1011 διορ-

2017 1035 2260 1096 θοῦσθαι,
2302 1035 2336 1089 ἃ
2369 1035 2554 1098 κακῶς
2594 1036 2672 1097 είς
2700 1035 2900 1097 αὐτοὺς
2938 1034 3358 1106 πεπαρῴνηται.
3405 1036 3530 1097 Πῶς
3562 1033 3616 1086 δ’

2015 1129 2084 1182 ἂν
2124 1130 2154 1198 ἡ
2193 1128 2513 1197 δικαιοσύνη
2558 1129 2651 1181 καὶ
2682 1130 2713 1196 ἡ
2748 1127 3020 1198 πάρεδρος
3065 1127 3206 1199 αὐτῇ
3257 1127 3416 1196 θέμις
3464 1130 3611 1180 κατά

2017 1220 2126 1272 τῶν
2161 1219 2477 1274 ἀντιπάλων
2507 1218 2728 1283 αὑταῖς,
2760 1218 2859 1287 τῆς
2904 1218 3140 1287 ἀνομίας
3179 1217 3326 1288 φημὶ
3371 1218 3468 1269 καὶ
3507 1217 3611 1286 τῆς

2017 1313 2254 1379 ἀδικίας,
2286 1312 2424 1384 πρὸς
2451 1310 2776 1380 συμπλοκὴν
2808 1310 2902 1362 καὶ
2932 1307 3170 1379 ἅμιλλαν
3198 1307 3612 1379 καταϐήσονται

2017 1405 2114 1457 καὶ
2141 1403 2204 1456 τδ
2248 1403 2446 1471 στέφος
2484 1402 2606 1455 κατ’
2633 1401 2815 1454 αὐτῶν
2859 1399 3242 1470 ἀναδήσονται,
3276 1398 3370 1451 τοῦ
3401 1398 3508 1452 τῶν
3531 1397 3617 1449 δι-

2019 1493 2339 1563 καστηρίων
2386 1493 2603 1546 σταδίου
2673 1493 2744 1545 τὰ
2795 1491 2968 1544 πολλὰ
3027 1490 3422 1560 κεκλεισμένον
3484 1489 3611 1558 μηδ’

2017 1588 2489 1658 ἀναπεπταμένην
2547 1587 2644 1640 καὶ
2699 1586 2900 1653 ἄφετον
2955 1584 3056 1656 τὴν
3115 1582 3321 1638 εἴσοδον
3368 1583 3610 1653 ἔχοντος,

2018 1680 2297 1749 προφάσει
2356 1679 2524 1745 δῆθεν
2573 1679 2674 1746 τῆς
2728 1677 2862 1746 περὶ
2911 1677 3011 1737 τὰς
3071 1675 3440 1746 ἑορτασίμους
3499 1673 3613 1726 τῶν

2018 1771 2242 1842 ἡμερῶν
2272 1769 2560 1832 εὐλαϐείας
2585 1770 2808 1839 καὶτῆς
2844 1770 2902 1823 ἐν
2943 1769 3138 1832 αὑταῖς
3174 1767 3477 1837 θεραπείας
3511 1764 3610 1818 τοῦ

1945 1837 1988 1894 Β
2017 1837 2366 1935 κρείττονοςς
2410 1865 2482 1917 Ἦ
2526 1863 2592 1934 δὴ
2643 1837 2872 1932 λέληθεν
2917 1862 2977 1916 οὺ
3022 1861 3228 1933 μᾶλλον
3275 1861 3411 1915 αὐτὸ
3442 1861 3611 1930 θερα-

2015 1954 2264 2008 πεύουσα
2321 1955 2353 2024 ἢ
2405 1955 2524 2017 τοῖς
2566 1953 2669 2023 μὲν
2721 1955 3112 2022 ἀδικουμένοις
3157 1952 3286 2016 τοὺς
3335 1951 3612 2023 μώλωπας

2015 2047 2372 2113 ὲπιξαίνουσα
2424 2049 2521 2102 καὶ
2565 2048 2626 2101 τὸ
2686 2047 2853 2116 ἄλγος
2901 2047 3330 2112 ἀνακαινίζουσα
3384 2048 3479 2101 καὶ
3511 2046 3611 2117 τὴν

2013 2141 2212 2212 ὀδύνην
2266 2140 2606 2206 ἐπαύξουσα,
2645 2144 2760 2204 τοῖς
2802 2141 2860 2194 δὲ
2906 2141 3116 2196 ἀδικεῖν
3170 2141 3451 2209 ἑλομένοις
3508 2141 3611 2208 τὴν

2016 2235 2104 2304 ἐφ’
2147 2235 2216 2306 ἢν
2257 2234 2526 2305 ἠδίκησαν
2572 2234 2876 2288 ἀπόλαυσιν
2925 2235 3479 2300 πολυπλασιάζουσα,
3513 2236 3612 2286 καὶ

2014 2331 2082 2399 τῇ
2122 2328 2232 2382 τῶν
2276 2328 2558 2396 ἀνεσίμων
2607 2328 2835 2399 ἡμερῶν
2868 2327 3101 2399 ἀφθονίᾳ
3131 2329 3227 2381 καὶ
3279 2328 3358 2391 τῷ
3407 2329 3612 2380 πλατυ-

2018 2420 2143 2491 σμῷ
2171 2421 2272 2492 τῆς
2308 2419 2423 2473 τῶν
2472 2421 2850 2491 δικαστηρίων
2897 2423 3097 2492 σχολῆς
3129 2423 3223 2475 ἐπὶ
3269 2421 3479 2491 μακρὸν
3511 2420 3615 2473 αὐ-

2014 2516 2126 2578 τοῖς
2160 2513 2563 2584 ἀποπληροῦσα
2610 2514 2712 2584 τὴν
2739 2515 2950 2584 ἔφεσιν.
2983 2515 3292 2585 Τοιγαροῦν
3326 2515 3476 2585 καὶὴ
3517 2514 3612 2584 βα-

2018 2607 2195 2662 σιλεία
2229 2625 2355 2678 μου,
2385 2607 2648 2662 -τοῦτο
2695 2607 2798 2673 μὲν
2848 2609 2942 2662 καὶ
2985 2607 3082 2662 τοῦ
3135 2609 3470 2678 θεοπάτορος
3517 2610 3614 2660 καὶ

2019 2701 2288 2771 βασιλέως
2321 2700 2488 2754 Δαϐὶδ
2519 2702 2600 2764 είς
2631 2695 2787 2772 ᾆσμα
2841 2701 3050 2770 Κυρίου
3080 2699 3160 2771 τῷ
3207 2700 3343 2770 ἐλέῳ
3366 2701 3465 2770 τὴν
3492 2700 3616 2771 κρί-

2019 2811 2105 2848 σιν
2154 2792 2638 2864 παραζευγνύντος
2686 2792 2986 2858 ἀκούουσα,
3032 2791 3338 2847 κάντεῦθεν
3395 2792 3473 2862 μὴ
3526 2810 3615 2845 το-

2018 2893 2214 2947 σοῦτον
2261 2891 2457 2962 ὕμνοις
2501 2893 2600 2946 καὶ
2649 2891 2818 2964 ᾠδαῖς
2866 2892 2964 2946 καὶ
3023 2892 3274 2962 λογικαῖς
3328 2890 3619 2961 λατρείαις

2015 2988 2234 3059 χαίρειν
2263 2985 2396 3040 Θεὸν
2425 2987 2485 3040 ἐν
2519 2988 2643 3050 ταῖς
2679 2985 2915 3057 ἑορτίοις
2943 2985 3057 3040 τῶν
3101 2986 3332 3057 ἡμερῶν
3363 2984 3617 3053 συλλογι-

2017 3077 2246 3150 ζομένη,
2273 3077 2472 3132 ὁπόσον
2498 3077 2608 3148 ἀρα
2638 3078 2718 3148 τῷ
2758 3081 2823 3132 ὲκ
2852 3076 2948 3131 τοῦ
2998 3078 3154 3132 ἐλέου
3207 3079 3303 3132 καὶ
3354 3081 3456 3148 τῆς
3493 3077 3618 3147 κρί-

330 3184 439 3239 prce
465 3182 520 3222 se
544 3164 670 3230 fert,
697 3163 780 3218 vel
811 3163 941 3231 ipsis
967 3159 1122 3215 festis
1144 3159 1332 3214 diebus
1363 3174 1683 3229 quacunque
1709 3160 1914 3213 ratione

2021 3189 2161 3236 σεως
2204 3171 2437 3243 ᾅσματι,
2470 3170 2731 3226 -τοῦτο
2785 3171 2843 3226 δὲ
2882 3171 2981 3227 καὶ
3025 3171 3088 3226 τὺ
3137 3172 3196 3226 ὲν
3253 3169 3617 3240 Εὐαγγελίοις

327 3278 394 3316 ex
444 3262 641 3329 abysso
677 3259 728 3312 in
787 3256 960 3310 lucem
1015 3253 1332 3326 protrahere
1376 3254 1458 3308 fas
1492 3255 1619 3319 erit,
1661 3254 1713 3308 in
1749 3269 1912 3323 quem

328 3356 507 3410 scelus
570 3363 624 3408 et
661 3352 868 3407 crimen
921 3365 1042 3404 cum
1094 3349 1536 3418 praecipitarunt!
1582 3348 1648 3404 Et
1701 3349 1745 3403 si
1801 3349 1916 3418 ipse

328 3448 584 3502 Ebristus
608 3444 741 3514 legis
761 3445 1030 3497 umbrosae
1056 3455 1329 3495 racemum
1363 3440 1635 3508 aperiens,
1662 3450 1715 3494 et
1747 3441 1916 3494 corti-

329 3551 475 3601 cem,
505 3546 558 3588 et
587 3535 814 3602 spicam,
834 3541 889 3586 et
913 3531 1243 3585 frun'entum
1270 3531 1512 3583 veritatis
1545 3529 1918 3599 patefacienda

330 3630 387 3682 in
413 3627 650 3682 Sabbato
685 3624 942 3678 miracula
972 3630 1056 3678 est
1095 3633 1372 3691 Operatus,
1413 3632 1644 3688 asgrotos
1690 3635 1915 3686 sanans,

334 3716 542 3772 morbis
581 3723 804 3769 vexatos
831 3726 1050 3775 curans,
1093 3709 1345 3762 omnibus
1379 3709 1608 3763 salutem
1647 3709 1914 3761 reddens:

331 3808 518 3879 quidni
568 3821 667 3861 nos
715 3804 815 3872 ipsi
857 3816 1072 3872 quoque
1122 3799 1338 3868 injuriis
1383 3798 1920 3853 abstineamuSYcur

335 3917 441 3956 non
474 3903 713 3953 insontes
731 3896 1082 3956 ulciscamur,
1107 3903 1291 3947 sontes
1319 3906 1445 3945 vero
1478 3908 1506 3944 a
1533 3890 1919 3945 malefaciendo

334 3989 664 4046 arceamus?
694 3987 830 4042 Cum
887 3995 1066 4039 autem
1101 3999 1203 4055 ego
1233 3983 1452 4054 quidem
1489 3983 1766 4051 iniustitiae
1789 3998 1919 4037 ava-

333 4084 576 4151 ritiaeque
612 4081 821 4134 radices
845 4076 1142 4148 profundas
1167 4077 1414 4146 cognitas
1462 4075 1710 4141 habeam,
1741 4078 1917 4131 viros-

332 4188 440 4243 que
491 4171 738 4225 uoverint
800 4167 998 4221 multos
1021 4165 1114 4233 qui
1168 4180 1378 4220 morum
1413 4163 1826 4232 perversitatem
1863 4166 1915 4219 in

330 4267 503 4321 lucem
534 4265 764 4330 ingenuo
796 4262 984 4325 edunt,
1022 4273 1120 4312 nec
1145 4258 1257 4326 iam
1290 4257 1547 4311 malitiam
1579 4271 1732 4312 suam
1759 4257 1917 4312 dissi-

331 4355 558 4417 mulant,
587 4353 694 4405 imo
721 4351 838 4404 sine
869 4361 1012 4404 metu
1046 4351 1252 4404 scelera
1277 4348 1510 4403 nefanda
1540 4350 1910 4416 committunt,

329 4449 409 4502 sic
431 4446 646 4498 eosdem
679 4440 802 4497 fuco
838 4443 1000 4496 rebus
1046 4441 1445 4497 honestissimis
1476 4441 1768 4510 lnduendo,
1804 4443 1916 4496 vir-

335 4552 506 4592 tutetn
540 4535 838 4604 Speciosam
888 4550 999 4605 prae
1045 4549 1105 4588 se
1144 4532 1378 4590 ferentes
1420 4535 1638 4591 oﬂ'etttli.
1667 4537 1748 4592 Eo
1773 4537 1915 4592 enim

335 4627 700 4685 simulationis
751 4633 1035 4690 venerunt,
1065 4633 1122 4677 ut
1161 4625 1459 4682 sceleribus
1487 4626 1916 4696 criminibusque

332 4722 548 4776 virtutis
595 4718 828 4789 speciem
889 4717 1041 4784 dare,
1101 4718 1340 4787 vitiaque
1393 4718 1805 4787 deceptionibus
1852 4732 1918 4773 ac

334 4814 472 4868 falsa
529 4811 831 4880 eloquentia
899 4810 1285 4865 commendare
1348 4799 1454 4865 non
1509 4812 1914 4866 erubescerent.

336 4904 777 4972 Quotusquisque
837 4901 1100 4970 eiusmodi
1151 4903 1571 4958 criminosorum
1630 4902 1915 4958 hominum

329 4999 621 5066 justitiam,
657 4995 901 5049 veritatis
953 5010 1193 5049 amorem
1239 5006 1295 5049 et
1322 4995 1792 5065 investigationem
1821 5011 1916 5052 co-

336 5090 532 5145 luerit?
561 5087 834 5154 (ittOtttOdo
857 5087 976 5142 dein
999 5085 1266 5154 justitiam
1299 5101 1364 5141 ac
1395 5086 1562 5142 Deum
1599 5089 1780 5144 colere
1815 5104 1916 5158 po-

334 5187 459 5256 [erit
491 5184 606 5252 qui,
650 5192 769 5252 post
803 5180 1063 5234 miracula
1091 5194 1120 5231 a
1161 5181 1272 5233 Deo
1305 5180 1422 5250 ipso
1452 5190 1786 5250 perpetrata,
1814 5182 1917 5236 alia

333 5275 592 5329 miracula
620 5289 648 5325 a
687 5273 862 5328 servis
890 5273 999 5327 Deo
1023 5273 1286 5343 subjectis
1318 5274 1582 5342 patranda
1602 5276 1917 5344 exspectat?

331 5371 604 5439 quomodo
644 5366 782 5421 Dens
826 5382 923 5422 nos
954 5367 1004 5419 in
1039 5369 1234 5438 abysso
1277 5367 1662 5425 miraculorum
1695 5384 1916 5425 suorum

332 5461 544 5528 irrigari
577 5459 827 5522 voluerit,
873 5459 918 5512 si
948 5474 1140 5513 omnes
1194 5460 1322 5514 anni
1365 5460 1484 5516 dies
1513 5462 1919 5531 quomodocun-

334 5573 440 5626 quc
474 5555 754 5610 miraculis
801 5554 943 5623 pleni
990 5565 1140 5619 sunt,
1181 5555 1310 5609 dum
1371 5571 1470 5612 nos
1505 5571 1602 5627 per
1646 5557 1915 5628 ignaviam

339 5655 576 5698 nostram
608 5645 895 5697 tribunalis
926 5655 1110 5712 portas
1140 5645 1502 5711 oet-ludimus,
1544 5662 1618 5712 et,
1655 5648 1914 5702 malarum

339 5749 623 5788 cumarum
657 5737 923 5801 advocati,
958 5738 1058 5791 hoc
1099 5749 1316 5808 agentes
1349 5740 1483 5796 festa
1516 5742 1793 5798 celebrare
1821 5759 1917 5798 att-

340 5826 650 5879 luututnus?
702 5828 854 5882 Abs‘l
881 5827 894 5880 !

2018 3265 2141 3320 οὐαὶ
2176 3264 2272 3318 καὶ
2297 3263 2392 3318 τὸν
2427 3263 2766 3335 ταλανισμδν
2796 3266 3008 3319 ἐκεῖνον
3052 3265 3408 3335 ὑφορωμένη,
3439 3264 3500 3318 δν
3533 3269 3618 3326 εἰς

2016 3356 2147 3418 τοὺς
2174 3355 2485 3425 ὑποκριτάς
2517 3355 2850 3427 Φαρισαίους
2876 3357 2905 3409 δ
2935 3356 3129 3426 Σωτὴρ
3158 3356 3507 3420 ἀπετείνατο,
3532 3356 3619 3408 ὅτι

2019 3448 2355 3518 προσωπείῳ
2383 3448 2484 3519 τῆς
2522 3448 2634 3502 τῶν
2676 3449 2950 3519 ἑορτάδων
2980 3448 3206 3520 ἡμερῶν
3239 3447 3488 3517 φυλακῆς
3520 3464 3620 3515 με·

2021 3539 2220 3609 γίστην
2262 3539 2415 3594 ἔνδον
2452 3541 2689 3610 ἀνομίαν
2738 3539 3245 3613 περικαλύπτομεν,
3292 3539 3392 3610 τὴν
3430 3539 3618 3610 κρίσιν

2021 3633 2172 3701 παρά
2208 3630 2415 3702 φαῦλον
2465 3633 2741 3703 τιθέμενοι
2771 3635 2866 3687 καὶ
2899 3633 2994 3688 τδν
3026 3633 3198 3699 ἔλεον,
3223 3664 3292 3674 -
3326 3633 3466 3703 πρὸς
3497 3632 3621 3686 τούς

2020 3741 2136 3787 τοις
2176 3725 2402 3778 κάκεῖνο
2438 3725 2540 3794 τῆς
2595 3725 2938 3796 Ἀϐϐακοὺμ,
2974 3725 3319 3797 προφητείας
3347 3723 3616 3778 εὐλαϐου-

2023 3817 2159 3888 μένη
2202 3817 2518 3888 ἡβασιλεία
2563 3835 2690 3889 μου,
2745 3819 3034 3889 μεμίσηκα
3091 3818 3362 3889 ἀπῶσμαι
3417 3820 3617 3888 ἑορτὰς

2021 3909 2200 3978 ὑμῶν,
2239 3911 2334 3963 καὶ
2381 3911 2442 3963 οὐ
2492 3909 2566 3980 μὴ
2619 3911 2913 3980 ὀσφρανθῶ
2973 3913 3032 3964 ὲν
3066 3913 3189 3977 ταῖς
3237 3913 3626 3982 πανηγύρεσιν-

2020 4001 2174 4072 ὑμϊν,
2209 4029 2277 4068 -_-
2307 4001 2388 4064 είς
2436 4001 2536 4071 τὴν
2575 4001 2863 4073 παροῦσαν
2907 4004 3226 4074 οἰκονομίαν
3259 4003 3520 4075 ἐλήλυθα.
3551 4005 3618 4060 Et

2018 4094 2128 4165 γὰρ
2161 4094 2222 4146 τὸ
2255 4093 2314 4146 ὲν
2342 4093 2612 4165 Σαϐϐάτῳ
2651 4094 3056 4166 κατολισθῆσαν
3107 4095 3307 4166 κτῆνος
3341 4097 3422 4158 είς
3449 4095 3616 4166 βόθυ-

2018 4202 2108 4239 νον
2139 4185 2473 4241 ἀνέλκεσθαι
2515 4187 2545 4240 δ
2586 4186 2779 4258 Σωτὴρ
2813 4187 3028 4241 ἐκεῖθεν
3075 4187 3483 4253 διεκελεύσατο,
3517 4193 3630 4246 καὶ.

2022 4280 2299 4350 μηδαμῶς
2326 4283 2429 4352 τὴν
2466 4280 2568 4352 τῆς
2606 4281 2844 4353 νομικῆς
2882 4281 3081 4352 ἀργίας
3130 4283 3438 4352 παράλυσιν
3477 4284 3609 4337 ὑπο-

2021 4371 2372 4426 στέλλεσθαι·
2403 4373 2558 4441 πόσῳ
2586 4373 2826 4442 μάλιστα
2853 4372 2961 4445 χρὴ
2988 4373 3080 4426 τὸν
3115 4374 3208 4428 τοῦ
3239 4375 3440 4444 ἀλόγου
3475 4376 3616 4445 κτή-

2021 4480 2146 4526 νους
2178 4462 2535 4534 ἀσυγκρίτως
2561 4462 2966 4535 ὑπερκείμενον
3004 4463 3321 4536 ἄνθρωπον,
3345 4467 3439 4517 τὴν
3470 4465 3618 4537 λόγῳ

1943 4563 2005 4632 D-
2023 4557 2410 4627 τετιμημένον,
2442 4557 2534 4610 τὸν
2562 4557 2698 4610 Θεοῦ
2733 4558 2922 4611 εἰκόνα
2954 4559 3476 4629 σεμνολογούμενον,
3518 4561 3616 4612 καὶ

2020 4653 2079 4705 ἐν
2125 4653 2358 4722 ἑορτίοις
2403 4653 2668 4723 ἡμέραις,
2720 4651 2811 4721 ἐφ’
2843 4648 2930 4717 αἷς
2966 4653 3130 4724 ἔργου
3163 4654 3368 4720 παντὸς
3413 4655 3612 4725 σχολὴν

2021 4742 2248 4813 ἄγομεν,
2288 4743 2381 4797 τοῦ
2421 4744 2618 4814 βόθρου
2671 4745 2969 4816 πειρᾶσθαι
3025 4748 3162 4800 πᾶσι
3195 4747 3423 4818 τρόποις
3459 4748 3616 4801 ἀνέλ-

2022 4851 2163 4901 κειν,
2196 4835 2278 4898 είς
2304 4835 2366 4889 ὃν
2405 4836 2572 4889 αὑτὸν
2611 4838 2644 4906 ὴ
2691 4838 3017 4906 παλαμναία
3058 4839 3154 4893 καὶ
3193 4839 3396 4910 μαινάς
3425 4840 3614 4894 ἀδικία

2021 4927 2116 4980 ἐπὶ
2153 4925 2402 4996 κεφαλῆς
2433 4925 2698 4999 ὼθήσασα
2743 4933 3200 5000 κατεκρήμνισε;
3240 4933 3350 4986 Καὶ
3393 4935 3443 4986 εί
3476 4934 3613 5004 Χρι-

2023 5018 2149 5082 στὸς
2178 5018 2342 5082 αὐτὸς
2372 5018 2467 5072 τοῦ
2501 5019 2766 5083 σκιώδους
2793 5021 2959 5092 νόμου
2982 5023 3082 5092 τὴν
3115 5023 3443 5092 ἐπιφυλλίδα
3473 5023 3614 5090 ξέων

2021 5109 2116 5161 καὶ¹
2157 5108 2218 5160 τὸ
2262 5108 2454 5180 λέμμα
2505 5111 2602 5163 καὶ
2647 5109 2748 5181 τὴν
2775 5112 3042 5181 άνθέρικα
3073 5114 3287 5166 καὶτὸν
3319 5116 3468 5168 σῖτον
3509 5115 3613 5184 τῆς

2023 5201 2284 5272 ἀληθείας
2353 5206 2736 5274 παραγυμνῶν
2798 5209 2858 5260 ὲν
2909 5210 3022 5271 τοῖς
3076 5209 3355 5263 Σάϐϐασιν
3424 5212 3614 5280 ἐτερα-

2023 5293 2272 5363 τούργει,
2334 5296 2628 5362 νοσοῦντας
2700 5298 3046 5370 θεραπεύων,
3107 5301 3612 5373 συντετριμμένους

2028 5385 2283 5456 ἰώμενος,
2313 5391 2407 5441 καὶ¹
2436 5388 2537 5460 τὴν
2575 5391 2634 5443 ἐν
2657 5393 2842 5456 αὐτοῖς
2892 5393 3160 5447 ἀνέκαθεν
3205 5394 3622 5464 νενομισμένην

2021 5479 2334 5551 ἐκεχειρίαν
2369 5484 2465 5536 καὶ
2493 5485 2769 5556 ἀπραξίαν
2820 5487 2915 5539 ἐπὶ
2975 5489 3222 5560 σωτηρίᾳ
3267 5488 3378 5541 τῶν
3419 5487 3608 5551 κακῶς

2022 5570 2260 5640 ἐχόντων
2317 5574 2702 5643 καινοτομῶν·
2739 5577 2858 5640 πῶς
2930 5579 3064 5647 ἡμῖν
3121 5579 3184 5630 οὑ
3242 5578 3342 5641 τὰς
3400 5577 3606 5639 πολλάς

2023 5663 2407 5734 περιαιρετέον
2499 5666 2612 5720 τῶν
2680 5665 3050 5737 δικαστηρίων
3136 5669 3355 5732 ἀδικίας
3464 5670 3610 5738 ὑπέρ

2020 5771 2082 5807 τε
2147 5755 2247 5824 τῆς
2320 5757 2428 5810 τῶν
2485 5759 2806 5828 πασχόντων
2881 5760 3041 5815 ἄδικα
3115 5763 3450 5832 ἐκδικήσεως
3508 5761 3609 5815 καὶ

2024 5847 2122 5916 τῆς
2193 5847 2300 5901 τῶν
2376 5849 2603 5904 τοιαῦτα
2684 5851 2937 5923 δρώντων
3018 5855 3456 5925 ἁναχαιτίσεωςς
3511 5855 3602 5906 καὶ
