4014 6406
385 404 493 465 753
1494 401 1862 464 NOVELL/E
1903 402 2583 464 CONSTITUTIONES.
3548 404 3655 465 754

390 520 562 575 ταῦτα
620 521 736 589 νῦν,
786 523 950 579 όπότε
1000 525 1033 595 ἡ
1068 518 1315 594 βασιλεία
1361 536 1465 592 μου
1511 519 1614 582 τὰς
1653 521 1752 590 τῆς
1793 520 2008 582 ἀδικίας
2054 536 2114 572 τε
2161 519 2259 573 καὶ
2297 517 2611 583 πλεονεξίας
2654 516 2812 589 ῥίζας
2854 516 3100 590 ἀτεχνῶς
3137 516 3653 590 ’ἀποδενδρωθείσας

390 613 707 683 ἡκρίὸωσε,
746 614 842 668 καὶ
872 612 1107 678 πολλοὺς
1135 612 1353 682 ἐπέγνω
1397 612 1509 665 τῶν
1546 611 1849 683 ἀνθρώπων
1899 612 1982 675 είς
2036 611 2346 681 τούμφανὲς
2397 609 2494 663 νῦν
2558 609 2901 682 ἐκρήξαντας
2938 611 3007 682 ἢν
3048 612 3115 664 ἐκ
3179 611 3392 681 μακροῦ
3455 609 3650 666 ὣδινον

391 705 658 775 πονηρίαν
709 707 805 762 xei.
853 707 1072 778 τρόπων
1103 706 1427 776 σκαιότητα,
1452 703 1530 769 ὡς
1571 704 1746 768 ἀδεῶς
1777 707 1893 768 τοῖς
1959 705 2298 775 παρανόμοις
2370 701 2674 773 ὲπιτολμᾷν
2724 702 2821 756 καὶ
2866 701 3248 765 ἀνυποστόλως
3311 702 3382 756 τὰ
3428 702 3650 757 πάντων

387 799 762 869 ἐκθεσμότατα
787 800 941 873 δρᾷν,
973 797 1096 857 εἶτα
1126 802 1222 856 καὶ
1278 803 1479 871 σοφοὺς
1531 800 1863 870 γενομένους
1942 798 2038 853 τοῦ
2065 801 2434 872 κακοποιῆσαι
2467 800 2847 870 περιστέλλειν
2877 801 3019 855 αὑτά
3062 805 3301 872 μορφαῖς
3329 820 3440 856 τισι
3471 803 3649 872 λόγων

389 893 569 948 καὶτὸ
619 894 859 966 εἰδεχθὲς
886 897 988 967 τῆς
1016 895 1217 959 κακίας
1245 896 1446 962 ἔξωθεν
1474 893 1806 966 ὲπιχρώζειν
1830 893 2076 948 πιθανῶν
2102 893 2365 965 ῥημάτων
2389 897 2770 964 κομμωτικαῖς
2805 894 3138 950 ἐπιθέσεσιν·
3165 898 3254 951 ὅτε
3288 897 3383 951 καὶ
3412 899 3649 967 μάλιστα

385 986 470 1043 δεῖ
541 984 805 1040 πλειόνων
852 986 1223 1059 δικαστηρίων
1274 986 1360 1056 ἐφ’
1399 986 1547 1041 οὕτω
1593 984 2007 1056 κακομηχάνοις
2055 984 2369 1054 ἀνθρώποις
2422 985 2562 1056 πρὸς
2602 984 2702 1057 τὴν
2750 984 2842 1039 τοῦ
2894 985 3104 1040 δικαίου
3144 988 3240 1040 καὶ
3290 987 3519 1059 ζήτησιν
3553 988 3651 1043 καὶ

386 1062 768 1149 ἀνερεύνησιν.
825 1081 934 1134 Καὶ
984 1080 1159 1145 άλλως
1215 1081 1272 1136 δὲ
1330 1080 1449 1145 πῶς
1480 1097 1613 1134 ποτε
1645 1080 1744 1134 καὶ¹
1764 1079 1842 1149 τῷ
1894 1078 2091 1151 δικαίῳ
2127 1078 2344 1151 συνᾴδει
2374 1077 2472 1131 καὶ⁹
2504 1078 2582 1148 τῷ
2624 1077 2745 1149 Θεῷ
2777 1078 2928 1132 ἔστιν
2962 1077 3329 1133 εὑαπόδεκτον
3397 1080 3646 1148 παντελῆ

382 1173 499 1236 τοῖς
552 1173 935 1244 δικαστηρίοις
1005 1175 1439 1248 ἐπιψηφισθῆναι
1464 1176 1663 1248 σχολὴν
1683 1175 1771 1230 διὰ
1802 1175 1872 1230 τὰ
1947 1175 2042 1228 καὶ
2090 1175 2255 1230 πάλιν
2310 1174 2822 1246 τερατουργηθὲντα
2864 1175 2970 1229 ὑπὸ
3001 1173 3140 1228 Θεοῦ
3179 1176 3273 1229 καὶ
3324 1175 3434 1229 τῶν
3480 1176 3645 1230 αὑτοῦ

388 1264 741 1331 θεραπόντων
777 1265 1058 1335 παράδοξα
1089 1267 1189 1322 καὶ
1219 1268 1374 1332 αὖθις
1431 1265 2045 1340 τερατουργηθήσεσθαι
2096 1266 2569 1336 προσδοκώμενας
2605 1261 2753 1337 *Αρα
2809 1266 2920 1338 γὰρ
2958 1268 3016 1320 ὲν
3057 1267 3480 1331 ταῖςάϐύσσοις
3529 1268 3642 1321 τῶν

382 1357 577 1411 ἑαυτοῦ
606 1358 902 1429 θαυμάτων
929 1362 1081 1430 ἡμᾶς
1113 1361 1445 1433 περικλῦσαι
1478 1361 1772 1425 νεύσαντος
1808 1359 1902 1414 τοῦ
1930 1359 2092 1422 Θεοῦ.
2131 1361 2180 1413 εί
2221 1359 2397 1413 πᾶσαι
2430 1357 2565 1429 ὁμοῦ
2597 1360 2651 1412 αἱ
2698 1358 2795 1412 τοῦ
2837 1359 3170 1412 ἐνιαυσιαίου
3206 1360 3408 1414 κύκλου
3438 1362 3646 1433 ἡμέραι

381 1449 578 1503 ἄλλοτε
629 1452 764 1506 ἄλλα
814 1454 1113 1527 διαλάχωσι
1166 1456 1439 1526 θαύματα,
1477 1458 1643 1527 ἡμεῖς
1683 1455 1925 1517 άπάσαις
1979 1455 2171 1518 αὑταῖς
2219 1453 2496 1526 ἀπραξίαν
2531 1452 2966 1525 ὲπικηρύξομεν,
3013 1455 3108 1507 καὶ
3154 1453 3334 1526 πάντη
3395 1453 3494 1525 μὲν
3533 1461 3648 1513 τοῖς

376 1541 757 1613 δικαστηρίοις
785 1546 884 1610 τὰς
934 1548 1105 1620 θύρας
1136 1549 1576 1618 ὲπιζυγώσομεν,
1610 1550 1794 1604 πᾶσαν
1846 1549 1903 1603 δὲ
1947 1547 2263 1620 παρρησίαν
2294 1550 2362 1621 τῇ
2393 1548 2582 1620 ἀδικίᾳ
2621 1549 2930 1620 ἀνοίξομεν,
2966 1552 3042 1614 ῶς
3080 1553 3205 1614 ταῖς
3236 1551 3397 1620 ἡμῶν
3429 1553 3647 1624 ἑορταῖς

379 1638 590 1711 ταύτην
624 1641 827 1711 μᾶλλον
846 1642 1191 1713 ἐνεορτάζειν
1232 1643 1327 1697 καὶ
1352 1643 1665 1707 παιανίζειν
1699 1642 1841 1696 κατὰ
1864 1643 1964 1711 τῆς
1994 1640 2344 1714 δικαιοσύνης
2369 1643 2441 1698 τὰ
2469 1644 2766 1714 νικητήρια
2790 1660 2807 1710 ;
2835 1643 3040 1697 Πολλοῦ
3081 1661 3144 1711 γε
3174 1645 3273 1699 καὶ
3296 1644 3401 1698 δεῖ.

450 1757 640 1813 Ταῦτα
685 1759 741 1813 δὲ
789 1760 964 1825 οὕτως
996 1763 1028 1833 ἡ
1061 1759 1310 1831 βασιλεία
1357 1779 1459 1832 μου
1508 1759 1951 1835 προεμηθεύσατι

2143 1758 2236 1814 liis
2292 1761 2543 1815 omnibus
2601 1775 2732 1817 cura
2798 1775 2917 1816 mea
2980 1760 3124 1831 regia
3184 1761 3494 1831 prospexit;
3547 1776 3648 1817 nec

374 1848 464 1902 διὰ
509 1847 570 1900 τὸ
600 1848 695 1902 καὶ
731 1848 907 1919 μύρια
934 1850 1005 1903 τὰ
1044 1852 1224 1906 ἄτοπα
1260 1852 1546 1906 τίκτεσθαι
1569 1853 1692 1905 καθ’
1719 1854 1959 1925 ἑκάστην

2061 1853 2179 1909 sine
2224 1866 2431 1919 causa;
2482 1866 2607 1906 nam
2662 1852 2942 1907 innumera
2995 1852 3228 1907 absurda
3283 1852 3524 1921 quotidie
3580 1854 3647 1907 de
3726 1892 3733 1898 .

373 1942 443 1994 hc
463 1942 563 2008 τῆς
593 1942 702 1994 τῶν
733 1942 1104 2013 δικαστηρίων
1136 1944 1354 2014 σχολῆς,
1389 1944 1727 2011 πλεονεξίας,
1774 1947 1957 2016 ἁρπα-

376 2034 498 2100 γὰς,
541 2036 932 2103 μνησικακίας.
979 2037 1075 2090 καὶ
1106 2037 1257 2092 τᾶλλ’
1284 2037 1459 2091 ὁπόσα
1488 2039 1718 2102 ταύταις
1749 2040 1957 2109 ἑπόμε-

375 2142 460 2177 να
499 2127 567 2178 δι’
598 2128 632 2180 ἀ
661 2128 755 2181 καὶ
798 2129 899 2198 τὴν
930 2129 1037 2182 τῶν
1085 2130 1276 2198 δώρων
1321 2136 1689 2200 προσαγωγὴν
1719 2131 1853 2194 Θεὸς
1895 2132 1955 2185 οὑ

375 2216 685 2283 προσίεται,
718 2218 847 2289 μηδ’
879 2219 1061 2274 αὑτῶν
1081 2221 1192 2273 τῶν
1229 2221 1392 2289 ἱερῶν
1428 2222 1734 2291 περιϐόλων
1758 2222 1957 2292 ψαύειν

376 2308 679 2377 συγχωρῶν
718 2309 794 2381 τῷ
819 2311 1174 2380 προσάγοντι,
1198 2315 1246 2366 εί
1288 2313 1361 2383 μὴ
1394 2315 1529 2368 πολὺ
1577 2315 1845 2386 πρότερον
1877 2315 1956 2386 τῷ

367 2397 701 2467 διενεχθέντι
755 2402 1124 2472 καταλλαγεὶς
1199 2408 1290 2459 καὶ
1349 2406 1427 2476 τῷ
1484 2407 1954 2476 προσκεκρουκότι

373 2490 761 2560 σπεισάμενος,
817 2488 940 2546 εἶτα
982 2498 1345 2564 προσενέγκοι
1401 2499 1462 2551 τὸ
1517 2500 1949 2570 καρποφόρημα.

374 2580 513 2632 Πότε
554 2586 735 2635 τοίνυν
774 2584 961 2647 αὑτοῖς
1011 2586 1204 2657 λυθείη
1257 2588 1327 2641 τὰ
1368 2591 1468 2657 τῆς
1510 2590 1806 2662 διαφορᾶς,
1857 2591 1952 2645 καὶ

373 2670 580 2737 πηνίκα
615 2672 677 2725 τὸ
718 2673 823 2745 τῆς
868 2678 1096 2748 εἰρήνης
1140 2679 1256 2747 φῶς
1301 2680 1400 2750 τὴν
1448 2682 1506 2733 ὲν
1539 2685 1660 2746 ταῖς
1699 2684 1950 2753 καρδίαις

370 2761 521 2828 σφῶν
565 2762 788 2832 βαθεῖαν
819 2767 990 2836 ἀχλὺν
1027 2769 1128 2837 τῆς
1159 2770 1360 2842 ἔχθρας
1405 2774 1795 2842 διασκεδάσειε,
1838 2777 1949 2832 τῶν

360 2851 736 2924 δικαστηρίων
768 2860 1016 2928 μακροὺς
1050 2860 1373 2915 ὲλιττόντων
1420 2863 1656 2928 κύκλους
1702 2865 1790 2919 διὰ
1851 2866 1950 2939 τὴν

2060 1945 2172 2000 otio
2220 1954 2540 2009 nascuntur,
2574 1944 2825 2008 avaritia,
2873 1949 3101 2015 rapina,
3134 1944 3396 2000 vindicta:
3432 1944 3646 2013 aliaque

2060 2036 2144 2091 his
2197 2035 2414 2091 similia.
2473 2035 2626 2091 lianc
2690 2037 2761 2091 ob
2806 2042 3040 2092 causam
3091 2036 3255 2091 etiam
3308 2036 3448 2091 Deus
3502 2037 3644 2093 dona

2058 2127 2236 2182 oblata
2297 2137 2534 2192 recusat,
2592 2136 2648 2182 et
2703 2126 2952 2183 oii'erenti
3002 2142 3071 2182 ne
3121 2127 3388 2198 attingere
3423 2128 3640 2196 quidem

2058 2221 2259 2275 muenia
2313 2235 2463 2275 sacra
2515 2220 2800 2289 permittit,
2849 2219 3043 2285 donec,
3089 2220 3466 2276 reconciliatus
3516 2235 3641 2274 cum

2059 2310 2282 2366 inimico
2331 2318 2384 2365 et
2438 2322 2561 2364 cum
2615 2310 2863 2379 proximo
2910 2309 3055 2365 iores
3107 2309 3381 2379 pulsante,
3441 2310 3640 2365 donum

2056 2418 2211 2457 suum
2237 2401 2449 2457 θεῖοι-ιιι.
2473 2401 2866 2472 Quandoigitut
2890 2401 3127 2457 dissidiis
3149 2403 3262 2458 suis
3280 2402 3438 2457 linem
3467 2403 3643 2471 impo-

2034 2495 2223 2549 .ncnt?
2253 2497 2471 2565 quando
2497 2499 2584 2549 lux
2622 2494 2770 2564 pacis
2805 2494 3128 2563 profundam
3167 2494 3220 2549 in
3261 2494 3424 2550 corde
3455 2493 3643 2564 caligi-

2056 2603 2178 2641 nem
2217 2585 2514 2642 inimicitiae
2547 2586 2788 2641 delebit?
2820 2586 3041 2656 quando
3085 2600 3300 2641 errores
3327 2599 3392 2640 ac
3419 2585 3637 2655 proble-

2055 2689 2195 2736 mata
2229 2680 2532 2736 iusolubilia
2569 2680 2857 2735 recedent?
2894 2679 3112 2750 quando
3150 2680 3295 2749 leges
3342 2680 3488 2734 clara
3520 2680 3639 2736 luce

2052 2771 2522 2839 resplendcbunt?
2567 2769 2642 2825 Ex
2679 2771 2781 2826 hac
2810 2772 2992 2826 radice
3024 2771 3128 2825 duo
3153 2770 3345 2826 iterum
3369 2770 3634 2827 malorum

2053 2863 2270 2933 stipites
2297 2871 2652 2919 etiascuntur.
2683 2863 2784 2931 Qui
2818 2863 2964 2918 enim
2991 2861 3365 2917 malevolentia
3399 2864 3633 2932 aliquem

367 2942 477 2996 τῶν
511 2945 737 3015 ἑορτίων
766 2949 993 3019 ἡμερῶν
1030 2953 1332 3025 παρολκὴν,
1366 2957 1459 3009 καὶ
1499 2957 1607 3010 τῶν
1637 2958 1951 3014 ὑποθέσεων

2052 2964 2472 3026 prosequuntur,
2503 2965 2593 3009 aut
2619 2953 3022 3022 impollutorum
3050 2955 3428 3024 mysteriorum
3457 2955 3636 3026 ignem

368 3035 583 3089 ἀλύτων
615 3039 674 3101 ἐς
719 3042 964 3112 μακροὺς
1014 3043 1200 3114 ἡλίους
1231 3050 1816 3117 καταγηρασκουσῶνς
1851 3051 1946 3105 τοῦ

2052 3045 2460 3113 pertimescunt,
2526 3061 2593 3100 ne
2645 3044 2805 3113 plane
2854 3044 3267 3111 comburantur,
3326 3050 3633 3114 eorquue

366 3127 535 3195 νόμου
568 3131 662 3182 καὶ
694 3131 870 3185 ταῦτα
912 3113 1099 3188 πᾶσαν
1129 3134 1312 3205 δίκην,
1356 3113 1516 3191 ὁποία
1565 3141 1705 3204 τέως
1742 3113 1817 3213 μῆ
1851 3143 1941 3210 ὲγο

2052 3135 2341 3205 participes
2366 3150 2427 3191 se
2450 3134 2675 3189 reddere
2699 3148 2807 3190 non
2831 3136 3030 3190 audent
3054 3134 3124 3190 ab
3143 3133 3336 3189 malam
3354 3135 3637 3190 conscien-

367 3220 702 3294 κληματικὴ,
734 3223 888 3288 ὲντῖς
912 3226 1158 3297 τριετίας
1187 3227 1603 3299 διαγορεύοντος
1627 3232 1943 3302 τέμνεσθαι.

2052 3231 2178 3285 tiam
2205 3247 2222 3299 ;
2256 3231 2395 3286 unde
2424 3230 2480 3285 iit
2512 3239 2570 3286 ut
2597 3239 2651 3285 et
2674 3231 2852 3285 anima
2875 3240 2930 3287 et
2958 3245 3154 3301 corpus
3184 3231 3632 3288 sanctiﬁcationis

378 3312 472 3366 Ἐκ
496 3313 554 3367 δὲ
581 3316 786 3387 ταύτης
831 3313 989 3380 αὖθις
1027 3320 1130 3391 τῆς
1157 3320 1318 3392 ῥίζης
1353 3323 1445 3377 δύο
1477 3325 1618 3387 τινὲς
1666 3326 1944 3397 ἀνίσχουσι

2052 3332 2296 3392 expertes
2355 3330 2632 3390 maneant,
2706 3332 2868 3392 atque
2922 3323 2996 3377 ita
3046 3324 3336 3393 margarita
3391 3324 3627 3394 pretiosa

363 3406 719 3475 παραφυάδες
756 3411 944 3463 κακῶν
971 3427 983 3440 ·
1010 3412 1061 3465 οί
1104 3413 1216 3483 γὰρ
1249 3413 1531 3484 δυσμενῶς
1565 3414 1781 3487 ἔχοντες
1808 3418 1944 3488 πρός

2052 3414 2334 3484 priventur
2362 3416 2432 3470 ob
2466 3429 2577 3470 rem
2605 3413 2813 3470 [utilem
2848 3414 3153 3486 nulliusqne
3180 3415 3376 3485 pretii;
3408 3426 3501 3470 aut
3534 3431 3629 3473 ca-

356 3512 506 3564 τινα,
531 3498 565 3569 ἦ
590 3499 652 3554 τὸ
677 3501 787 3554 τῶν
812 3503 1098 3574 ἀχράντων
1122 3508 1437 3577 μυστηρίων
1462 3508 1573 3580 πῦρ
1603 3512 1941 3581 φρίττουσιν,

2052 3522 2170 3561 num
2191 3522 2340 3563 more
2372 3508 2726 3578 petulantinm
2749 3508 2984 3565 tabulam
3014 3508 3291 3581 mysticam
3316 3509 3631 3565 indecenter

361 3584 438 3651 ὡς
466 3587 681 3645 ἐκεῖθεν
705 3592 952 3665 ἀτεχνῶς
984 3597 1482 3668 καταφλεγόμενοι,
1525 3602 1621 3655 καὶ
1641 3601 1741 3672 τὴν
1773 3605 1942 3674 μετά-

2052 3598 2325 3663 iuvadunt,
2345 3609 2422 3665 et,
2440 3601 2736 3656 secundum
2760 3616 3010 3671 maguum
3030 3601 3626 3673 Apostolum,judicium

361 3679 524 3753 ληψιν
566 3685 630 3737 οὑ
676 3685 942 3757 θαρροῦσι
994 3689 1076 3760 τῷ
1126 3691 1393 3746 συνειδότι
1446 3693 1788 3765 βαλλόμενοι,
1846 3699 1942 3751 καὶ

2052 3690 2148 3745 sibi
2184 3691 2375 3746 bibunt
2405 3701 2459 3747 et
2499 3693 2852 3748 manducent.
2886 3692 3121 3750 Videsne
3151 3692 3204 3747 in
3227 3700 3487 3762 quantam
3518 3693 3622 3747 mi—

354 3773 504 3832 οὖτω
526 3777 625 3832 τοῦ
652 3779 926 3851 ἁγιασμοῦ
946 3784 1114 3854 ἄμφω
1136 3786 1230 3839 καὶ
1251 3785 1436 3857 ψυχὴν
1455 3788 1549 3841 καὶ
1579 3789 1739 3859 σῶμα
1762 3791 1941 3865 στερί-

2052 3780 2242 3836 seriam
2301 3783 2552 3839 homines
2583 3784 2929 3839 condemnati
2960 3783 3029 3841 ob
3065 3792 3277 3853 tempus
3307 3784 3445 3838 male
3473 3785 3626 3840 adhi-

360 3884 574 3935 σκουσι,
593 3871 689 3926 καὶ
706 3873 1031 3943 ζημιοῦνται
1060 3876 1152 3930 τὸν
1180 3877 1445 3950 άτίμητόν
1467 3897 1527 3932 τε
1542 3881 1638 3934 καὶ
1660 3881 1939 3952 ἄφθαρτον

2052 3874 2212 3927 bitum
2263 3875 2699 3942 protruduntur?
2736 3875 2915 3929 viden’
2978 3874 3276 3944 periculum
3330 3876 3470 3944 quod
3532 3890 3625 3930 eo-

363 3961 714 4033 μαργαρίτην
743 3963 832 4019 διὰ
865 3969 1101 4039 πρᾶγμα
1132 3970 1473 4039 φαυλότατόν
1502 3988 1562 4025 τε
1608 3973 1706 4027 καὶ
1761 3974 1937 4045 φθαρο

2052 3982 2160 4021 rum
2204 3969 2472 4038 capitibus
2502 3968 2780 4024 imminet?
2803 3969 3114 4025 Auctoritas
3149 3971 3313 4040 igitur
3332 3986 3449 4025 mea
3478 3971 3621 4040 regia

356 4049 453 4105 τὸν
478 4052 688 4106 καὶτοῦ
715 4054 946 4126 μηδενὸς
979 4058 1239 4124 πολλάκις
1265 4060 1602 4132 τιμώμενονο
1618 4061 1650 4133 ἢ
1667 4063 1762 4118 καὶ
1795 4065 1940 4120 κατὰ

2052 4063 2208 4128 probe
2235 4061 2339 4116 scit
2373 4064 2540 4119 Deum
2597 4078 2694 4133 per
2735 4062 2999 4134 judicium
3027 4064 3238 4129 serviri,
3270 4073 3339 4120 et.
3360 4065 3412 4119 in
3434 4064 3621 4120 Phari-

358 4141 487 4207 τοὺς
519 4141 836 4209 λυττῶντας
866 4148 1104 4212 ἀναιδεῖς
1126 4149 1236 4204 τῶν
1286 4150 1469 4204 κυνῶν
1519 4153 1619 4223 τῆς
1665 4155 1938 4224 μυστικῆς

2052 4157 2186 4214 saica
2237 4159 2511 4229 hypocrisi
2560 4161 2987 4221 misericordiam
3024 4164 3319 4223 simulante
3347 4163 3612 4234 judicium

355 4236 638 4329 τραπέζης
689 4240 998 4311 ἀδιαφόρως
1059 4243 1442 4310 καθάλλονται,
1500 4246 1597 4299 καὶ
1656 4245 1801 4300 κατὰ
1844 4246 1936 4300 τὸν

2052 4253 2177 4309 videt
2202 4257 2577 4324 propositum;
2603 4257 2790 4313 eadem
2823 4259 2925 4319 zeli
2953 4261 3128 4329 ignem
3163 4258 3437 4315 intestinis
3463 4272 3620 4317 com-

360 4325 537 4433 μξγαν
563 4329 894 4385 Ἀπόστολον
925 4335 1005 4396 εἰς
1031 4333 1209 4405 κρίμα
1230 4335 1446 4396 ἑαυτοῖς
1497 4338 1593 4389 καὶ
1627 4336 1723 4389 τοῦ
1763 4354 1934 4408 ποτηο

2052 4350 2301 4415 municat,
2329 4352 2431 4407 etsi
2481 4351 2780 4409 insolenter
2809 4356 3082 4412 lacessita.
3131 4357 3268 4411 Dum
3303 4356 3448 4411 enim
3484 4371 3619 4426 gen-

359 4414 478 4485 ρίου
501 4420 681 4474 σπῶσι
707 4422 803 4474 καὶ
857 4422 952 4476 τοῦ
1001 4423 1172 4494 ἄρτου
1233 4425 1527 4481 ἐσθίουσιν.
1591 4428 1755 4500 Ὁρᾷς
1810 4429 1933 4482 ὅποι

2052 4449 2122 4498 les
2155 4443 2421 4512 barbarae,
2447 4461 2565 4516 quae
2589 4446 2761 4518 legem
2796 4450 3051 4520 scriptam
3081 4465 3183 4505 non
3209 4450 3428 4518 habent,
3449 4414 3619 4506 solius

359 4512 534 4562 κακοῦ
567 4512 698 4576 τοὺς
727 4513 836 4567 τῶν
858 4514 1167 4587 ἀνθρώπων
1227 4517 1714 4588 διαδικαζομένους
1763 4523 1932 4576 ἐκκυ-

2052 4544 2248 4591 natura:
2295 4552 2400 4607 ope
2450 4538 2593 4594 hunc
2640 4539 2910 4596 defectum
2983 4542 3283 4597 resarciunt
3331 4556 3395 4597 ac
3433 4541 3619 4597 litibus

358 4597 463 4706 λίει
501 4600 564 4654 τὺ
595 4602 706 4656 τῶν
746 4606 1047 4676 ἀπράκτων
1073 4609 1301 4679 ἡμερῶν
1325 4608 1571 4681 δαψιλὲς,
1608 4613 1703 4666 καὶ
1746 4613 1934 4684 ἡλίκος

2052 4638 2248 4677 moram
2302 4640 2407 4680 non
2439 4626 2592 4689 dant,
2639 4644 2735 4684 nos
2778 4631 3113 4685 contrarium
3160 4631 3443 4698 facientes,
3497 4631 3618 4687 illos

357 4692 543 4756 αὑτοῖς
568 4693 598 4747 ό
634 4694 879 4782 κίνδυνος
903 4699 1320 4771 ὲπικρέμαται;
1365 4702 1432 4755 Ἦ
1482 4704 1616 4771 γοῦν
1678 4704 1929 4776 βασιλεία

2052 4713 2126 4781 iui
2163 4715 2319 4771 nobis
2346 4725 2596 4786 tanquam
2634 4720 2744 4790 typi
2794 4724 3041 4791 exemplo
3069 4735 3195 4778 esse
3254 4692 3530 4787 deberent,
3561 4723 3613 4775 iu

361 4797 466 4851 μου
498 4785 708 4841 καὶτὸν
727 4787 861 4841 Θεὸν
887 4790 1060 4845 είδυῖα
1101 4794 1168 4865 τῇ
1216 4794 1400 4862 κρίσει
1459 4794 1923 4868 θεραπευόμενον,

2052 4803 2321 4861 uilitatem
2356 4818 2593 4862 nostram
2630 4825 2735 4865 non
2766 4813 3153 4867 convertimus.

357 4880 436 4942 ὡς
469 4881 563 4935 καὶ
580 4883 639 4936 ἐν
662 4883 804 4955 αὐτῇ
830 4888 894 4957 τῇ
920 4889 1242 4960 καταδρομῇ
1282 4890 1383 4961 τῆς
1421 4892 1759 4964 Φαρισαῖκῆς
1801 4895 2142 4968 ὑποκρίσεως
2162 4901 2255 4953 τοῦ
2285 4900 2436 4956 ἐλέου
2467 4902 2567 4974 τὴν
2611 4904 2794 4975 κρίσιν
2821 4906 3154 4976 εὑρίσκοντα
3195 4904 3607 4977 προτιθέμενον,

354 4976 451 5071 καὶ
475 4980 704 5071 προσέτι
731 4983 844 5044 τοῖς
890 4981 1223 5071 σπλάγχνοις
1251 4983 1417 5058 ζήλου
1454 4986 1567 5057 πῦρ
1616 4988 2009 5062 ὑποσμύχουσα
2059 4995 2153 5047 καὶ
2206 4994 2468 5068 ἄντικρυς
2525 4997 2959 5068 ὑϐριοπαθοῦσα,
3017 5002 3067 5052 εί
3116 5001 3185 5054 τὰ
3220 4976 3321 5071 μὲν
3357 4998 3612 5070 βάρὸαρα

355 5068 466 5165 τῶν
488 5069 681 5165 ὲθνῶν,
715 5072 849 5143 παρ’
873 5067 954 5137 οἷς
991 5074 1069 5147 μὴ
1097 5074 1375 5148 ἔγγραφος
1400 5080 1581 5132 κεῖται
1609 5080 1792 5151 νόμος,
1820 5082 1980 5150 φύσει
2015 5085 2154 5157 μόνῃ
2180 5087 2241 5139 τὸ
2267 5089 2477 5143 ἐκεῖθεν
2503 5067 2718 5155 ἑαυτοῖς
2755 5092 3140 5164 ἀποπληροῦσι
3173 5067 3460 5165 ὑστέρημα
3510 5067 3607 5148 καὶ

356 5160 458 5263 τάς
506 5163 662 5263 δίκας
695 5166 753 5230 ἒς
787 5167 1058 5239 μήκιστον
1090 5171 1154 5224 ού
1203 5172 1433 5245 φέρουσι
1473 5177 1920 5246 παρατείνεοθαι,
1951 5181 2111 5250 ἡμεῖς
2158 5182 2215 5236 δὲ
2257 5183 2417 5239 τοῦτο
2463 5188 2524 5239 τὸ
2572 5187 2740 5258 μέρος
2771 5160 3024 5243 πλεῖστον
3061 5187 3240 5247 αὐτῶν
3303 5160 3640 5263 ἀποδέομεν,

356 5256 502 5361 ςδέον
522 5261 739 5361 μᾶλλον
769 5262 1133 5361 ἑκεφοιςᾼμεν
1162 5267 1310 5337 ἡμᾶς
1342 5269 1425 5334 είς
1456 5271 1663 5339 ἀγαθὸν
1707 5275 2032 5343 προκεῖσθαι
2074 5276 2406 5350 ἀρχέτυπον,
2448 5256 2730 5347 αὑτοὺς-δὲ
2764 5283 2872 5338 τῶν
2901 5285 3184 5356 ἡμετέρων
3235 5256 3604 5361 χαρακτήρων

351 5352 771 5424 ἀπομάττεσθαι
810 5357 907 5412 τοῦ
940 5359 1109 5414 καλοῦ
1142 5361 1212 5415 τὰ
1241 5362 1582 5434 ἰνδάλματα).

418 5468 605 5525 Ταῦτα
635 5474 817 5528 τοίνυν
870 5477 970 5530 οὑκ
1019 5481 1076 5531 ὲν
1115 5484 1371 5550 φορητοῖς
1394 5482 1652 5556 τιθεμένη
1698 5488 1731 5559 ἡ
1766 5486 1922 5557 βασι-

346 5557 467 5613 λεία
500 5578 627 5631 μου,
667 5560 894 5618 πλεῖστά
941 5584 1000 5620 τε
1049 5576 1178 5640 περὶ
1206 5570 1267 5624 τὸ
1293 5573 1526 5642 πρᾶγμα
1557 5557 1919 5648 γνωσιμαχεῖ,

2098 5491 2226 5559 Quae
2258 5494 2439 5550 omnia
2474 5495 2618 5564 regia
2648 5506 2833 5552 nostra
2858 5495 3153 5553 auctoritas
3172 5513 3315 5569 aegre
3338 5497 3517 5555 ferens
3546 5509 3602 5556 et

2024 5581 2260 5653 alioquin
2293 5583 2452 5638 aliter
2497 5583 2565 5640 de
2612 5583 2698 5640 bis
2734 5586 2896 5640 rebus
2942 5586 3202 5655 sentiens,
3253 5588 3599 5644 sanctissimo

346 5650 442 5703 καὶ
494 5652 573 5722 τῷ
621 5655 912 5727 ἁγιωτάτῳ
968 5675 1074 5729 μου
1128 5659 1362 5733 δεσπότῃ
1415 5665 1509 5716 καὶ
1557 5666 1921 5739 οἰκουμενικῷ

2052 5673 2241 5729 lomino
2267 5688 2332 5729 ac
2379 5674 2704 5745 patriarchae
2730 5677 3068 5734 meumenico
3101 5689 3153 5734 et
3182 5694 3338 5736 sacro
3367 5687 3425 5735 et
3456 5681 3597 5738 divi-

345 5749 661 5820 πατριάρχῃ
695 5751 790 5803 καὶ
836 5753 899 5823 τῇ
942 5753 1064 5824 ἱερᾷ
1115 5754 1208 5809 καὶ
1253 5754 1373 5826 θεία
1403 5758 1605 5830 συνόδῳ
1648 5759 1917 5816 κοινοῦται

2061 5764 2166 5822 itus
2220 5765 2468 5824 instituto
2511 5767 2745 5824 concilio
2797 5767 2945 5825 hisce
2978 5768 3041 5826 de
3089 5770 3250 5827 rebus
3299 5772 3593 5829 solemnem
