4014 6422
366 373 471 435 757
1457 378 1828 441 ΝονΕιιίΕ
1884 381 1936 440 CI

2049 383 2568 445 STtTUTlONES.

3515 386 3622 448 759

360 481 457 536 τοῦ
483 479 648 534 αὐτοῦ
679 484 868 552 μηνὸς,
891 481 978 536 διὰ
1006 483 1102 554 τὴν
1138 484 1359 557 μνήμην
1402 487 1497 542 τοῦ
1536 492 1773 560 μεγάλου
1830 493 1936 544 Πα-

2049 497 2260 557 mcnsis,
2295 507 2513 566 promer
2549 498 2865 554 memoriam
2918 502 3096 573 magni
3131 501 3330 568 Patris,
3374 502 3621 574 Gregorii

360 573 488 641 τρδς
511 573 813 644 Γρηγορίου
845 573 938 627 τοῦ
966 574 1254 644 Θεολὸγου.

449 684 511 736 'H
544 684 588 754 β’
628 684 724 737 τοῦ
768 684 1164 757 Φεϐρουαρίου,
1215 689 1302 743 διά
1377 690 1476 763 τὴν
1531 692 1627 745 τοῦ
1681 693 1934 762 Σωτῆρος

364 775 692 844 ὑπαπαντήν
716 792 728 804 ·
759 778 856 830 καὶ
886 779 918 847 ἡ
952 778 1022 846 γ’,
1048 779 1136 832 διὰ
1162 780 1261 851 τὴν
1291 781 1390 852 τῆς
1420 784 1644 854 μνήμης
1690 785 1782 838 τοῦ
1804 785 1908 837 Θεο

361 867 519 937 δόχου
549 868 776 934 Συμεὼν
829 869 1078 941 τελετήν.

445 979 509 1033 Ἣ
543 979 620 1034 κε’
639 982 732 1034 τοῦ
787 984 1061 1056 Μαρτίου,
1088 987 1176 1040 διὰ
1203 988 1294 1041 τὸν
1340 990 1435 1058 τῆς
1471 990 1814 1061 Θεομήτορος
1846 994 1933 1044 εὖ·

362 1072 715 1141 αγγελισμόν.
751 1075 818 1128 Αἱ
873 1079 1176 1147 πασχαλίαι
1203 1079 1312 1133 τῶν
1365 1082 1590 1151 ἡμερῷν
1642 1082 1736 1134 ἀπ’
1764 1082 1932 1151 αὐτῆς

362 1164 460 1232 τῆς
490 1164 582 1216 τοῦ
618 1165 870 1236 Λαζάρου
901 1169 1174 1238 ἐγέρσεως
1209 1171 1369 1242 μέχρι
1408 1173 1498 1225 καὶ
1523 1175 1602 1236 εἰς
1632 1174 1804 1243 αὐτὴν
1835 1175 1935 1244 τὴν

366 1257 504 1325 μετά
535 1258 594 1312 τὸ
619 1258 773 1328 ἅγιον
802 1262 992 1332 Πάσχα
1017 1263 1224 1335 ὀγδόην.

448 1373 508 1424 Ἦ
532 1371 614 1424 κε’
641 1373 734 1426 τοῦ
779 1375 1083 1452 ἶΑπριλίου,
1117 1379 1206 1432 διά
1268 1379 1360 1432 τὸν
1405 1381 1700 1434 ἀπόστολον
1719 1385 1812 1434 καὶ
1842 1383 1932 1433 εύ-

362 1463 686 1532 αγγελιστὴν
719 1467 976 1536 Μάρκον·
1001 1470 1093 1522 καὶ
1122 1471 1154 1540 ή
1183 1472 1245 1534 λ’,
1265 1471 1353 1524 διὰ
1375 1470 1464 1525 τὸν
1494 1471 1790 1526 ἀπόστολον
1825 1473 1935 1527 Ἰά-

363 1556 558 1623 κωϐον,
607 1557 698 1610 τὸν
736 1558 830 1611 τοῦ
856 1559 1106 1621 θεολόγου
1139 1562 1232 1615 καὶ
1263 1563 1647 1630 εὐαγγελιστοῦ
1689 1564 1934 1632 ἀδελφόν.

444 1673 508 1725 Ἢ
534 1671 585 1742 η’
612 1673 706 1726 τοῦ
734 1675 940 1737 Μαΐου,
962 1676 1049 1729 διὰ
1073 1676 1171 1748 τὴν
1229 1680 1451 1748 μνήμην
1497 1678 1590 1732 τοῦ
1655 1679 1936 1748 εὐαγγελι-

364 1765 494 1818 στοῦ
535 1766 785 1818 Ἰωάννου
824 1766 920 1820 τοῦ
957 1767 1246 1838 Θεολόγου.
1292 1771 1358 1823 Ἠ
1416 1768 1470 1836 ι’,
1529 1771 1618 1825 διὰ
1681 1772 1782 1843 τὴν
1841 1772 1934 1825 τοῦ

2043 585 2322 655 Theologi.

2113 699 2394 756 Februarii
2434 702 2551 756 dies
2572 703 2628 765 2,
2657 713 2939 772 propterea
2977 707 3119 773 quod
3168 706 3378 760 obviam
3414 707 3619 761 Serva-

2043 790 2142 843 tori
2171 790 2242 845 sit
2274 792 2439 858 ilum;
2471 802 2521 846 et
2547 792 2601 853 5.
2638 803 2856 862 propter
2880 795 3299 850 celebrationem
3341 798 3619 852 memoria:

2043 881 2351 950 Symeonis,
2384 884 2470 951 qui
2507 884 2780 939 Christum
2817 886 3051 955 excepit.

2115 992 2290 1047 Martii
2329 994 2445 1048 dies
2485 993 2577 1060 25,
2628 1004 2846 1064 propter
2892 996 3111 1052 allatum
3149 998 3389 1067 Deiparre
3437 998 3619 1053 lzetum

2044 1086 2196 1139 illum
2226 1087 2494 1139 nuntium.
2541 1086 2667 1141 Item
2714 1087 2829 1142 dies
2871 1086 3178 1152 Paschales,
3210 1093 3277 1143 ab
3321 1090 3432 1158 ipsa
3468 1106 3623 1144 resu-

2043 1177 2330 1231 scitatione
2378 1177 2592 1244 Lazari,
2657 1193 2832 1248 usque
2879 1181 2946 1233 ad
3001 1181 3141 1235 diem
3196 1191 3318 1252 post
3372 1191 3620 1236 sanctum

2041 1265 2245 1320 Pascha
2278 1277 2552 1322 octavum.

2114 1376 2314 1444 Aprilis
2360 1378 2472 1431 dies
2518 1377 2609 1444 25,
2645 1386 2868 1446 propter
2908 1379 3212 1448 apostolum
3262 1389 3311 1436 et
3349 1380 3624 1449 evangeli-

2042 1475 2180 1520 stam
2212 1466 2482 1534 Marcum;
2515 1478 2569 1522 et
2608 1467 2700 1531 50,
2730 1477 2949 1538 propter
2981 1470 3288 1539 apostolum
3325 1469 3618 1535 Jacobum,

2044 1557 2186 1611 illius
2215 1557 2446 1628 theologi
2476 1567 2530 1614 et
2556 1560 2900 1630 evangelista:
2927 1560 3181 1618 fratrem.

2114 1670 2238 1726 Maii
2299 1673 2412 1727 dies
2471 1671 2551 1739 8,
2609 1682 2834 1744 prapter
2897 1677 3211 1731 memoriam
3271 1677 3616 1741 evangelista:

2043 1760 2268 1818 Joannis
2313 1765 2584 1834 theologi;
2616 1775 2670 1820 et
2721 1767 3081 1836 10,-propter
3127 1768 3365 1838 Simonis
3416 1768 3616 1824 Zelotae

361 1857 666 1910 ἀποστόλου
689 1858 934 1927 Σίμωνος
963 1860 1058 1913 τοῦ
1086 1860 1360 1930 Ζηλωτοῦ.
1427 1862 1492 1916 Ἦ
1554 1863 1662 1926 κα¹,
1713 1865 1802 1918 διὰ
1840 1865 1936 1934 τὴν

2049 1855 2270 1924 apostoli
2304 1857 2652 1934 memoriam;
2690 1868 2743 1913 et
2766 1859 2857 1926 21,
2888 1870 3110 1930 propter
3139 1863 3454 1916 memoriam
3485 1877 3618 1915 san-

366 1947 591 2017 μνήμην
616 1948 724 2001 τῶν
756 1949 932 2014 ἁγίων
963 1951 1058 2003 καὶ
1083 1951 1462 2006 ίσαποστὸλων
1517 1954 1775 2023 μεγάλων
1838 1953 1939 2024 βα-

363 2037 575 2099 σιλέων,
607 2040 1019 2094 Κωνσταντίνου
1051 2043 1145 2095 καὶ
1183 2041 1426 2114 Ἑλένης.
1499 2043 1566 2097 Ἥ
1650 2042 1774 2109 κς’,
1833 2044 1922 2098 διὰ

362 2128 460 2198 τὴν
487 2129 579 2182 τοῦ
613 2131 912 2185 ἀποστόλου
959 2132 1216 2203 Ἁλφαίου
1241 2133 1336 2188 τοῦ
1373 2133 1560 2188 Ἰούδα.

446 2243 516 2294 Ἢ
551 2249 621 2296 ια’
648 2242 741 2296 τοῦ
794 2243 1032 2312 Ἰουνίου,
1066 2245 1153 2300 διὰ
1180 2246 1272 2300 τὸν
1312 2246 1612 2301 ἀπόστολον
1676 2248 1940 2318 Βαρθολο-

370 2335 550 2400 μαῖον.
596 2333 660 2386 Ἦ
697 2334 783 2400 ιϐ’,
841 2335 930 2390 διὰ
948 2336 1040 2390 τὸν
1070 2336 1372 2391 ἀπόστολον
1442 2337 1646 2392 Ἰούδαν
1703 2339 1796 2393 τὸν
1845 2342 1939 2393 καὶ

366 2422 645 2486 Θαδδαῖον,
683 2423 777 2477 καὶ
797 2423 1086 2490 Λεϐϐαῖον,
1115 2427 1211 2478 καὶ
1250 2424 1526 2482 Ἰάκωϐον.
1585 2428 1648 2480 Ἦ
1701 2429 1800 2493 κδ’,
1851 2428 1941 2482 διὰ

367 2513 428 2564 τὸ
452 2512 547 2565 τοῦ
581 2513 901 2585 Προδρόμου
931 2513 1233 2570 Γενέθλιον.
1279 2514 1345 2568 Ἡ
1397 2515 1500 2579 κθ’,
1553 2517 1643 2570 διά
1693 2517 1793 2586 τὴν
1843 2516 1940 2570 ἐπὶ

367 2607 481 2666 τοῖς
517 2605 835 2676 κορυφαίοις
864 2605 974 2659 τῶν
1011 2606 1326 2660 ἀποστόλων
1347 2608 1558 2678 Πέτρου
1591 2609 1686 2662 καὶ
1726 2609 1937 2662 Παύλου

367 2697 674 2766 πανήγυριν
697 2712 713 2728 °
744 2696 887 2766 καὶὴ
915 2697 982 2762 λ’,
1009 2696 1098 2750 διὰ
1121 2697 1219 2769 τὴν
1246 2699 1339 2751 ἐπὶ
1357 2701 1468 2762 τοῖς
1494 2699 1726 2756 δώδεκα.

449 2809 514 2861 Ἡ
539 2809 616 2861 κε’
640 2808 734 2862 τοῦ
799 2808 1043 2870 Ἰουλίου,
1079 2810 1168 2863 διὰ
1198 2809 1296 2880 τὴν
1355 2812 1454 2880 τῆς
1509 2812 1672 2880 ἁγίας
1735 2813 1938 2882 Ἂννης

367 2901 464 2970 τῆς
493 2901 699 2971 μητρὸς
727 2901 824 2971 τῆς
855 2901 1204 2972 Θεομήτορος
1222 2904 1505 2974 κοίμησιν.

450 3013 514 3067 Ἦ
544 3020 599 3080 ς’
636 3013 732 3069 τοῦ
754 3015 1094 3083 Αὐγούστου,
1127 3017 1215 3071 διὰ
1239 3017 1337 3089 τὴν
1370 3018 1463 3072 τοῦ
1496 3019 1749 3089 Σωτῆρος
1778 3018 1939 3090 ἡμῶν

390 3105 562 3174 Ἰησοῦ
593 3105 835 3176 Χριστοῦ
867 3108 1318 3178 μεταμόρφωσιν.
1362 3109 1426 3161 'H
1458 3109 1522 3173 θ’,
1556 3109 1641 3162 διὰ
1667 3107 1764 3178 τὴν
1803 3109 1939 3178 μνή-

2039 1954 2247 2000 ctorum
2279 1955 2333 2000 et
2359 1947 2619 2015 apostolis
2661 1949 2892 2018 parium,
2937 1965 3252 2020 magnorum
3288 1952 3615 2020 principum,

2039 2034 2376 2090 Constantini
2423 2048 2479 2091 et
2521 2037 2766 2094 Helenam
2801 2049 2857 2095 et
2889 2040 2980 2107 26,
3023 2050 3245 2111 propter
3277 2044 3612 2098 “memoriam

2038 2126 2188 2184 Iuda:
2220 2129 2426 2198 Alphzei
2456 2131 2708 2200 apostoli.

2111 2243 2254 2298 Junii
2277 2243 2394 2299 dies
2423 2245 2508 2309 Η,
2536 2255 2756 2314 propter
2793 2243 3240 2300 Barlbolommum
3273 2246 3612 2316 apostolum;

2039 2346 2092 2391 et
2119 2335 2211 2402 25,
2236 2344 2454 2406 propter
2481 2333 2669 2390 Judam
2696 2336 3016 2405 apostolum,
3048 2348 3410 2406 cognomento
3437 2339 3615 2393 Thad-

2039 2429 2235 2493 da‘um,
2268 2437 2322 2482 et
2351 2423 2622 2491 Leba'um,
2658 2436 2710 2480 et
2754 2427 3048 2494 Jacobum;
3095 2430 3222 2483 item
3256 2428 3348 2495 24,
3397 2439 3619 2498 propter

2037 2517 2276 2572 Natalem
2309 2518 2681 2586 pmcursoris,
2728 2527 2784 2571 et
2825 2517 2916 2580 29,
2967 2525 3192 2587 propter
3239 2521 3608 2590 apostolorum

2041 2604 2366 2674 principum,
2433 2604 2575 2659 Petri
2630 2617 2686 2660 et
2722 2601 2887 2660 Pauli
2943 2606 3366 2674 solemnitatem,
3416 2619 3471 2665 et
3522 2611 3615 2672 30.

2040 2706 2260 2766 propter
2290 2695 2603 2751 memoriam
2633 2698 3000 2767 apostolorum
3042 2699 3132 2754 12.

2109 2809 2234 2864 Julii
2271 2811 2386 2864 dies
2438 2809 2529 2876 25,
2569 2820 2792 2880 propter
2837 2809 3300 2868 Obdormitionem
3329 2813 3388 2870 S.
3421 2814 3616 2880 Annzc,

2041 2899 2230 2956 Matris
2257 2899 2517 2971 Deiparze.

2113 3015 2335 3083 Augusti
2381 3016 2496 3070 dies
2535 3015 2590 3081 6,
2641 3026 2860 3086 propter
2908 3017 3214 3074 Senatoris
3261 3021 3432 3076 nostri
3483 3021 3611 3078 Jesu

2041 3101 2242 3158 Cbrisri
2281 3102 2847 3172 transformationem;
2881 3117 2934 3160 et
2957 3105 3011 3170 9,
3043 3116 3260 3176 prapter
3291 3111 3611 3165 memoriam

373 3215 479 3267 μην
502 3197 595 3252 τοῦ
626 3199 783 3266 ἁγίου
820 3177 1122 3252 ἀποστόλου
1138 3177 1419 3255 Ματθίου.
1462 3201 1528 3253 Ἡ
1576 3198 1657 3269 ιε’,
1704 3177 1936 3268 διάῗτὴν

2049 3194 2214 3247 sancti
2262 3193 2488 3262 apostoli
2527 3191 2796 3259 Matthim;
2833 3201 2887 3248 et
2930 3193 3018 3259 15,
3073 3205 3292 3264 propter
3335 3195 3616 3264 gloriosis-

370 3289 730 3361 ὖπερένδοξον
775 3290 878 3360 τῆς
939 3291 1108 3360 ἁγίας
1138 3291 1407 3345 Θεοτόκου
1443 3292 1794 3362 μετάστασιν.
1829 3291 1939 3344 Καὶ

371 3383 404 3452 ὴ
434 3381 502 3447 κ’,
533 3383 622 3436 διὰ
653 3382 753 3453 τὴν
778 3383 999 3454 μνήμην
1026 3382 1120 3437 τοῦ
1152 3385 1308 3452 ἁγίου
1338 3384 1638 3438 ἀποστόλου
1657 3381 1934 3436 Θαδδαίου.

373 3478 476 3532 Καὶ
511 3479 545 3548 η
575 3478 651 3532 κδ’
683 3478 770 3532 διά
795 3478 895 3548 τὴν
925 3478 1019 3531 τοῦ
1054 3477 1354 3531 ἀποστόλου
1373 3474 1804 3544 Βαρθολομαίου.
1829 3475 1939 3528 Καὶ

371 3572 404 3640 ἡ
425 3568 523 3636 κθ¹,
548 3571 638 3624 διὰ
673 3569 770 3641 τὴν
795 3569 889 3623 τοῦ
913 3569 1096 3640 τιμίου
1117 3568 1433 3641 Προδρόμου
1460 3568 1762 3639 ἀποτομήν.

442 3683 681 3749 Ταύταις
729 3684 804 3748 ὡς
834 3683 1016 3737 τέλεον
1043 3683 1349 3754 ἀπράκτοις
1387 3681 1940 3754 συνεξετασθήσονται

374 3775 463 3828 καὶ
483 3775 539 3827 αί
577 3774 880 3844 μεσότητες
910 3773 1012 3844 τῆς
1057 3773 1651 3845 τεσσαρακονθημέρου
1687 3774 1941 3841 νηστείας

373 3867 461 3920 καὶ
479 3867 573 3934 τῆς
606 3865 1006 3936 Πεντηκοστῆς,
1045 3865 1304 3937 καὶήτοῦ
1335 3865 1590 3938 Σωτῆρος
1623 3863 1938 3933 ’Λνάληψις,

373 3960 465 4012 καὶ
497 3961 666 4012 πᾶσαι
695 3959 806 4011 τῶν
842 3961 899 4012 ἐν
922 3957 998 4028 τῷ
1040 3958 1272 4029 ἐνιαυτῷ
1295 3958 1522 4028 ἡμερῶν
1552 3956 1893 4026 κυριώνυμοι
1919 3972 1940 3991 ο

373 4051 446 4113 ὼς
479 4052 536 4105 ὲν
569 4051 760 4114 αὑταῖς
785 4049 1220 4104 ἀποκεκλεῖσθαι
1253 4052 1437 4104 πᾶσαν
1483 4047 1722 4119 πάροδον
1773 4049 1853 4109 είς
1880 4045 1941 4097 τδ

371 4143 737 4214 δικαστήριον,
770 4143 864 4196 καὶ
900 4141 1068 4214 μηδέν
1091 4159 1144 4195 τι
1179 4141 1384 4213 μηδένα.
1416 4141 1525 4194 τῶν
1555 4139 1801 4204 δικάζειν
1839 4137 1940 4191 λα-

383 4234 587 4303 χόντων
621 4233 935 4288 δικαστικὸν
966 4232 1420 4304 διαπράττεσθαι.

447 4350 513 4419 β’.
544 4351 613 4404 Αἵ
639 4368 702 4418 γε
739 4349 845 4421 μὴν
867 4349 928 4402 τὸ
950 4349 1300 4418 δικαστήριον
1331 4349 1439 4402 ἀπὸ
1488 4348 1687 4419 μέρους
1743 4350 1940 4420 σχολά-

373 4438 582 4503 ζουσαι,
622 4441 717 4492 καὶ
745 4439 820 4509 μὴ
857 4437 983 4492 καθ’
1002 4439 1300 4510 ὁλόκληρον
1326 4437 1420 4509 (ὡς
1445 4438 1933 4511 προδιειλήφαμεν)

375 4529 853 4599 ἀπρακτήσουσαι,
879 4522 991 4583 εἷεν
1015 4527 1083 4583 ἂν
1117 4520 1299 4583 αὗται.

450 4643 514 4695 Ἰι
546 4648 600 4706 ς’
625 4641 719 4694 τοῦ
752 4641 1131 4714 Σεπτεμῦρίου
1160 4641 1353 4713 μηνὸς,
1381 4642 1463 4696 ὅτι
1491 4643 1550 4694 ἐν
1582 4639 1718 4712 αὐτῇ
1771 4640 1832 4694 τὸ
1881 4643 1939 4697 ἐν

371 4731 569 4802 χὼναις
595 4732 688 4786 τοῦ
719 4735 1163 4806 ἀρχιστρατήγου
1191 4733 1417 4806 Μιχαὴλ
1464 4736 1652 4806 θαῦμα
1709 4751 1939 4809 τετερα-

371 4826 688 4897 τούργηται.

453 4964 520 5018 Ἦ
555 4970 640 5031 κγ’
670 4963 766 5016 τοῦ
806 4962 1257 5034 Ὀκτωϐρίου,ὅτι
1280 4961 1380 5033 τὴν
1409 4963 1627 5035 μνήμην
1655 4964 1752 5017 τοῦ
1789 4964 1942 5018 ἀδελ-

373 5052 566 5121 φοθὲου
592 5051 850 5105 Ἰακώόου
880 5050 1166 5122 τελοῦμεν.
1203 5050 1270 5106 Ἦ
1316 5057 1470 5119 stag",
1501 5053 1601 5120 an}
1621 5051 1716 5107 τὸν
1767 5052 1952 5120 μέγαν.

378 5144 628 5215 μάρτυρα
658 5143 751 5196 καὶ
770 5141 1116 5214 μυροΰλύτην
1142 5143 1454 5216 Δημήτριον
1474 5143 1829 5214 ἑορτάζομεν.

446 5277 514 5330 Ἦ
534 5283 582 5330 α’
612 5275 706 5330 τοῦ
738 5276 1072 5349 Νοεμϐρίου,
1107 5276 1196 5329 διὰ
1233 5276 1294 5330 τὸ
1323 5277 1450 5340 τοὺς
1477 5277 1935 5348 θαυματουργοὺς

369 5373 712 5445 ἀναργύρους
743 5373 971 5443 Κοσμᾶν
1000 5374 1094 5426 καὶ
1118 5372 1397 5442 Δαμιανδν
1444 5370 1826 5445 ἑορτάζεσθαι.
1870 5373 1937 5428 Ἢ

369 5463 441 5530 ηἶ,
465 5465 553 5519 διὰ
577 5466 638 5518 τὸ
660 5467 761 5534 τὴν
788 5464 1009 5531 σύναξιν
1030 5466 1138 5519 τῶν
1165 5465 1474 5535 ἀσωμάτων
1505 5465 1801 5519 τελεῖσθαι.
1830 5467 1942 5520 Καὶ

371 5559 537 5628 ’ἡκ-η’,
568 5557 658 5612 διὰ
701 5558 763 5610 τὸ
791 5558 883 5612 τὸν
927 5557 1304 5628 ὁσιομάρτυρα
1351 5557 1625 5626 Στέφανον
1675 5559 1768 5612 τὸν
1819 5561 1940 5612 νέον

372 5649 864 5721 πανηγυρίζεσθαι.

452 5763 514 5816 'H
576 5764 620 5816 δ’
669 5763 763 5816 τοῦ
817 5763 1180 5834 Δεκεμϐρίου,
1229 5762 1318 5817 διὰ
1366 5761 1465 5834 τὴν
1521 5762 1936 5834 καλλιμάρτυρα

2037 3286 2228 3340 simam
2260 3293 2459 3338 sanctae
2488 3284 2726 3352 Deiparae
2759 3286 3167 3354 migrationem;
3200 3296 3255 3340 et
3275 3285 3368 3350 20,
3393 3295 3612 3354 promer

2037 3378 2352 3432 memoriam
2387 3377 2557 3432 sancti
2584 3379 2813 3447 apostoli
2845 3377 3132 3445 Tbaddxei;
3175 3387 3228 3432 et
3267 3377 3359 3439 24,
3391 3388 3608 3446 propter

2038 3466 2417 3522 Bartholomaei
2473 3467 2699 3537 apostoli
2749 3466 3108 3533 memoriam;
3159 3475 3215 3521 et
3253 3465 3344 3532 29,
3389 3475 3606 3536 propter

2021 3558 2332 3614 venerandi
2365 3557 2728 3615 Praecursoris
2754 3559 3186 3615 decollationem.

2112 3691 2260 3746 Inter
2291 3689 2390 3746 bos
2417 3692 2640 3746 omnino
2676 3691 2900 3747 feriatos
2930 3692 3042 3745 dies
3073 3688 3532 3760 computabuntur
3559 3699 3612 3743 et

2039 3780 2361 3838 medietates
2398 3781 2590 3852 jejunii
2629 3779 2986 3852 quadraginta
3038 3781 3267 3844 dierum,
3315 3787 3370 3834 et
3416 3778 3614 3833 Pente-

2033 3881 2238 3936 costes,
2271 3881 2325 3926 et
2366 3871 2673 3926 Servatoris
2702 3870 3026 3938 assumptio,
3071 3877 3126 3923 et
3159 3882 3348 3922 omnes
3380 3868 3431 3921 in
3467 3881 3611 3920 anno

2040 3964 2154 4020 dies
2181 3978 2211 4017 a
2244 3963 2470 4018 Domino
2501 3963 2787 4030 nuncapati
2814 3977 2830 4013 :
2860 3962 2929 4014 ita
2955 3971 3013 4015 ut
3036 3961 3187 4014 hisce
3214 3958 3404 4013 diebus
3430 3959 3611 4012 omnis

2039 4051 2107 4106 ad
2143 4051 2378 4105 tribunal
2407 4051 2584 4105 aditus
2615 4049 2908 4117 praeclusus
2937 4049 3030 4113 sit,
3069 4061 3167 4100 nec
3212 4045 3354 4100 nllus
3392 4061 3604 4110 eorum,

2039 4144 2128 4214 qui
2153 4142 2243 4212 jus
2274 4142 2479 4205 dicunt,
2513 4140 2804 4210 quidquam
2841 4139 2906 4193 ad
2933 4138 3072 4209 juris
3111 4137 3404 4191 dictionem
3441 4137 3612 4206 perti-

2042 4249 2194 4300 nens,
2229 4242 2468 4304 peragat.

2108 4342 2372 4400 Caeterum
2421 4358 2452 4398 a
2479 4354 2776 4419 quibusex
2809 4349 2962 4412 parte
2993 4342 3327 4396 vacationem
3375 4337 3612 4394 tribunal

2042 4435 2228 4500 habet,
2272 4435 2474 4504 quique
2523 4447 2627 4488 non
2675 4434 2730 4487 in
2779 4432 3012 4487 solidum
3054 4429 3260 4503 (veluti
3297 4429 3408 4500 jam
3451 4438 3613 4486 antea

1969 4528 2021 4584 Β
2045 4525 2300 4597 diximus)
2331 4524 2511 4580 feriati
2547 4533 2700 4590 sunt,
2719 4521 2773 4578 hi
2795 4537 2927 4579 sane
2961 4521 3187 4578 fuerint.

2113 4641 2240 4695 Dies
2279 4639 2312 4695 6
2342 4639 2539 4694 mensis
2580 4635 2954 4706 Septembris,.
2977 4636 3121 4706 quod
3165 4645 3292 4690 tunc
3338 4631 3613 4688 Michaelis

2041 4733 2235 4788 summi
2283 4730 2560 4802 copiarum
2603 4730 2757 4785 ducis
2806 4729 3006 4792 factum
3046 4727 3249 4784 Chonis
3292 4723 3614 4781 miraculum

2038 4825 2344 4898 prodigiose
2369 4829 2842 4880 commemoretur.

2109 4959 2361 5019 Octobris
2399 4959 2491 5025 25,
2546 4959 2688 5028 quod
2729 4957 2940 5024 Jacobi,
2974 4955 3173 5012 Christi
3221 4952 3448 5018 fratris,
3497 4966 3614 5008 me-

2041 5056 2269 5112 moriam
2317 5051 2654 5115 recolamus;
2696 5059 2753 5105 et
2795 5050 2889 5113 26,
2943 5049 3084 5116 quod
3121 5048 3166 5101 is
3196 5059 3394 5115 magno
3423 5051 3476 5098 ct
3505 5059 3609 5098 un-

2041 5145 2254 5217 guentis
2278 5142 2595 5200 scaturienli
2623 5140 2892 5196 Demetrio
2917 5137 3089 5194 festus
3115 5134 3326 5206 agatur.

2111 5279 2434 5338 Novembris
2481 5279 2534 5345 1,
2574 5279 2644 5333 ob
2689 5276 2962 5331 edentium
3013 5271 3278 5343 prodigia,
3335 5279 3390 5324 et
3444 5267 3612 5345 gratis

2040 5375 2166 5430 olim
2223 5371 2546 5428 medicinam
2593 5368 2942 5430 facientium,
2973 5365 3192 5420 Cosma:
3245 5376 3309 5416 ac
3364 5359 3610 5413 Damiani

2043 5468 2270 5532 festum;
2314 5473 2367 5520 et
2398 5465 2450 5526 8.
2495 5461 2636 5531 quod
2681 5459 2925 5529 corporis
2964 5456 3266 5526 cxpertium
3313 5462 3612 5507 conventus

2042 5559 2378 5623 celebretur;
2407 5562 2462 5609 et
2486 5552 2576 5618 28,
2609 5560 2828 5622 propter
2860 5548 3033 5604 sancti
3065 5544 3317 5616 martyris
3351 5543 3609 5612 Stephani

2036 5651 2263 5720 junioris
2282 5647 2693 5703 solemnitatem.

2115 5759 2421 5818 Decembris
2447 5757 2501 5825 4,
2534 5766 2752 5828 propter
2783 5753 3050 5826 egregiam
3084 5758 3374 5820 martyrem
3407 5747 3610 5802 Barba-
