4014 6412
353 334 460 395 7.59

1588 342 1992 405 MANUELIS
2018 345 2363 410 COMNENI

3508 355 3621 415 780

352 459 468 499 ram
487 487 502 511 ,
534 454 589 499 et
614 445 668 511 6,
693 457 914 518 propter
939 449 1211 506 celebrem
1248 450 1528 509 miraculis
1551 463 1606 509 et
1640 457 1930 524 unguentis

2063 457 2344 529 ιαρὸάραν.
2382 459 2491 513 Καὶ
2522 460 2557 531 ἡ
2584 459 2659 525 ς’,
2692 460 2887 515 διὰητὺν
2912 460 2970 515 ἐν
3000 461 3239 531 θαύμασι
3269 464 3617 536 περιώνυμον

351 539 735 593 scaturientem
767 539 1071 596 Nicolaum.

420 650 666 708 Januarii
719 654 807 721 lO,
852 667 1072 727 propter
1119 658 1313 730 Nyssa:
1356 658 1704 729 pontiﬁcem,
1748 659 1928 714 divum

352 744 703 815 Gregorium;
736 759 790 803 et
836 749 926 814 16,
973 761 1195 823 propter
1225 753 1632 809 venerationem
1680 755 1932 823 pretiosae

352 836 613 905 principis
636 839 1004 908 apostolorum
1027 839 1173 897 Petri
1214 853 1456 910 catenae;
1488 853 1543 898 et
1588 843 1679 907 19,
1712 854 1933 913 prepter

353 928 778 996 reportationem
805 932 1027 1001 pretiosi
1054 933 1334 990 cadaveris
1366 932 1613 1004 Gregorii
1651 935 1886 1004 theologi
1915 952 1929 1000 ;

355 1029 412 1073 et
455 1020 563 1084 27,
613 1033 836 1091 propter
892 1026 1314 1093 reportationem
1368 1026 1761 1083 venerabilium
1812 1028 1930 1081 reli-

356 1114 601 1184 quiarum
623 1115 1015 1187 Chrysostomi.

430 1228 710 1285 Februarii
744 1231 797 1298 7,
834 1242 1052 1302 prepter
1084 1235 1351 1307 insignem
1397 1243 1717 1307 martyrem,
1765 1233 1935 1301 magi-

358 1331 530 1378 strum
555 1323 783 1380 militum
814 1325 1195 1394 Theodorum;
1231 1341 1288 1384 et
1314 1329 1402 1396 i7,
1436 1337 1654 1399 propter
1675 1329 1933 1384 victorem

358 1422 719 1476 certaminum
752 1421 1089 1479 Theodorum
1113 1426 1390 1480 Tironem.

434 1532 611 1591 Martii
642 1537 696 1599 9.
728 1538 870 1607 quod
899 1546 1215 1595 sanctorum
1263 1539 1472 1597 Christi
1514 1556 1582 1595 ιι.
1630 1549 1933 1613 martyrum

364 1629 624 1682 memoria
647 1638 777 1684 tunc
807 1629 1098 1686 recolatur.

431 1739 636 1808 Aprilis
680 1741 770 1807 23,
822 1744 876 1797 in
916 1743 1175 1800 honorem
1212 1743 1397 1816 magni
1429 1745 1687 1818 martyris
1716 1745 1933 1817 Georgii

365 1836 689 1894 destinatus.

436 1950 560 2006 Maii
592 1950 647 2016 2,
680 1959 898 2021 propter
926 1965 1179 2022 magnum
1203 1951 1350 2007 ilium
1386 1950 1766 2007 Athanasium.

432 2064 667 2153 Junii‘s,
709 2075 936 2139 propter
965 2082 1217 2138 magnum
1265 2074 1562 2139 martyrem
1594 2065 1943 2122 Theodorum

366 2159 681 2228 magistrum
710 2160 940 2214 militum
966 2177 983 2227 ;
1011 2168 1066 2215 et
1094 2159 1148 2226 9,
1181 2170 1404 2231 propter
1442 2169 1690 2215 sanctum
1725 2157 1942 2214 Patrem

248 2284 251 2287 -
365 2259 609 2305 nostrum
637 2251 918 2323 Cyrillum,
937 2252 1247 2321 pontiﬁcem
1278 2252 1744 2319 Alexandrinum;
1777 2260 1831 2307 et
1850 2250 1944 2316 2-7,

364 2351 585 2414 propter
617 2355 864 2400 sanctum
895 2353 955 2399 et
974 2345 1220 2402 edentem
1253 2344 1498 2414 prodigia
1526 2344 1872 2400 Samsonem.

435 2477 562 2535 Julii
598 2479 653 2545 i,
687 2480 829 2550 quod
878 2489 1008 2534 tunc
1042 2488 1381 2546 sanctorum,
1413 2487 1469 2533 et
1499 2477 1762 2535 miracula
1799 2478 1949 2533 desim

368 2570 668 2640 guantium,
713 2580 768 2625 et
812 2580 1037 2641 argento
1086 2571 1389 2625 carentium
1434 2569 1755 2626 memoriam
1799 2573 1944 2626 cele-

371 2661 625 2728 bremus;
662 2670 718 2717 et
753 2660 813 2727 Ξ,
854 2662 996 2730 quod
1042 2662 1439 2732 depositionem
1484 2663 1736 2733 pretiosre
1782 2662 1950 2718 vestis

371 2752 615 2823 Deiparae
643 2756 969 2809 mentionem
1002 2754 1287 2821 faciamus;
1327 2765 1381 2811 et
1401 2755 1456 2822 8,
1491 2755 1562 2811 ob
1590 2756 1766 2826 magni
1805 2772 1951 2811 mar-

373 2846 508 2916 tyris
535 2844 786 2915 Procoiiii
819 2846 1049 2913 festum;
1081 2857 1135 2901 et
1180 2848 1262 2913 11,
1307 2847 1452 2918 quod
1492 2848 1766 2919 egregiam
1804 2862 1949 2901 mar-

375 2949 546 3009 tyrem
578 2938 933 3009 Euphemiam
968 2940 1440 3008 concelebremus;
1472 2948 1527 2996 et
1569 2938 1662 3007 20,
1708 2941 1776 2996 ad
1820 2939 1950 2996 Elite

374 3031 515 3087 vatis
541 3033 835 3098 honorem;
867 3040 923 3089 et
966 3034 1059 3097 27,
1106 3037 1252 3104 quod
1271 3034 1474 3111 ~victori
1501 3035 1863 3090 certaminum
1894 3042 1948 3089 et

374 3124 757 3180 miraculorum
793 3127 998 3182 auctori
1025 3123 1222 3184 Joanui
1273 3125 1613 3182 misericordi
1646 3124 1820 3182 festus
1855 3125 1944 3182 sit.
1975 3156 2022 3217 ο

443 3257 670 3329 Augusti
705 3258 766 3315 5i
799 3302 813 3324 ,
856 3267 1081 3330 prepter
1125 3259 1518 3331 depositioncm
1567 3262 1789 3332 pretiosi
1834 3263 1951 3318 ciu.

376 3345 485 3415 guli
517 3347 654 3401 labis
678 3349 916 3419 expertis
956 3349 1220 3420 Deiparze.

444 3484 625 3552 Atque
657 3482 711 3538 hi
745 3492 876 3539 sunt
901 3486 1018 3541 dies
1050 3485 1124 3540 illi
1156 3488 1354 3556 partim
1392 3487 1592 3553 feriati,
1632 3492 1829 3558 partim
1862 3490 1952 3559 iu-

377 3573 532 3628 ridici
561 3574 695 3644 (23).
745 3575 953 3642 Quibus
999 3592 1127 3633 vero
1173 3579 1363 3635 diebus
1411 3590 1634 3651 propter
1683 3580 1947 3648 Natalem,

374 3665 463 3722 vel
486 3665 957 3723 Renuntiationem
981 3669 1241 3739 principis
1263 3681 1530 3736 cessatur,
1556 3686 1654 3728 eos
1675 3672 1789 3728 dies
1814 3674 1957 3729 inter

375 3756 637 3823 iuridicos
683 3755 938 3825 maiestas
987 3772 1105 3814 mea
1154 3757 1351 3828 refert;
1383 3776 1413 3815 a
1457 3775 1581 3817 sese
1630 3772 1952 3832 prmsentem

379 3849 715 3905 sanctionem
744 3848 1028 3920 inchoans,
1063 3860 1118 3905 et
1150 3866 1249 3922 per
1277 3866 1363 3917 ea,
1398 3867 1518 3921 qua:
1542 3852 1774 3924 ipsamet
1806 3854 1953 3921 facit,

379 3939 512 3995 alios
546 3939 855 3996 instituens.
887 3940 1096 4012 Quippe
1127 3956 1232 3997 non
1258 3941 1478 4011 perinde
1504 3945 1789 4013 praesentis
1824 3960 1956 4002 con-

378 4030 680 4085 stitutionis
717 4033 896 4089 oratio
929 4035 1277 4102 quantumvis
1310 4034 1367 4089 in
1403 4033 1548 4089 illam
1585 4043 1825 4095 attentos
1858 4039 1957 4093 im-

379 4124 562 4194 pellet,
595 4133 655 4181 ut
688 4124 865 4197 ipsum
898 4126 1197 4197 maiestatis
1236 4142 1370 4184 mea:
1403 4126 1630 4188 factum.
1662 4130 1797 4186 Nam
1835 4132 1956 4188 illos

380 4218 526 4287 ipsos
549 4217 666 4274 dies
692 4217 948 4287 maiestas
973 4233 1112 4286 mea,
1144 4220 1340 4290 quibus
1364 4220 1557 4278 diebus
1587 4233 1709 4279 tum
1731 4225 1783 4279 in
1814 4224 1956 4281 hanc

379 4308 555 4363 lucem
585 4318 669 4363 est
700 4308 869 4377 edita,
908 4318 1019 4365 tum
1051 4310 1104 4366 in
1145 4311 1526 4381 imperatorem
1562 4330 1659 4385 per
1700 4316 1794 4372 Dei
1827 4331 1956 4384 pro-

382 4398 678 4454 videntiam
709 4401 1037 4469 renuntiata,
1070 4400 1339 4473 iuridicos
1373 4420 1493 4463 esse
1530 4408 1738 4475 sancit,
1774 4424 1873 4464 nec
1902 4409 1954 4464 in

2032 550 2127 603 καὶ
2155 568 2227 620 μυ
2236 550 2503 621 ροϐλύτην
2533 553 2579 605 Ν
2587 553 2821 612 ἰκόλαον.

2114 663 2177 718 Ἡ
2213 672 2245 718 ι’
2278 664 2375 718 τοῦ
2420 667 2774 739 Ἰανουαρίου,
2797 669 2884 723 διὰ
2917 669 3008 725 τὸν
3042 671 3261 743 Νύσσης
3290 672 3437 727 θεῖον
3466 674 3614 745 Γρη-

2031 757 2243 829 γόριον.
2284 757 2348 810 Ἠ
2385 756 2485 824 ις’,
2512 758 2600 813 διὰ
2624 759 2722 831 τὴν
2758 760 3138 832 προσκύνησιν
3168 762 3272 830 τῆς
3311 765 3502 834 τιμίας
3523 766 3619 818 τοῦ

2033 851 2338 920 κορυφαίου
2370 852 2479 905 τῶν
2517 853 2837 906 ἀποστόλων
2863 853 3075 924 Πέτρου
3113 853 3381 918 ἁλύσεως.
3424 854 3491 909 Ἦ
3528 856 3617 917 ιο’,

2032 943 2125 997 διὰ
2158 942 2258 1014 τὴν
2292 944 2628 1015 ἀνακομιδὴν
2657 945 2752 999 τοῦ
2780 944 2967 1016 τιμίου
2996 945 3195 1016 νεκροῦ
3218 947 3314 999 τοῦ
3347 947 3619 1015 Θεολόγου

2034 1034 2365 1105 Γρηγορίου.
2402 1036 2517 1089 Καὶ
2550 1039 2582 1105 ἡ
2618 1037 2722 1101 κζ’,
2758 1036 2846 1091 διὰ
2878 1037 2979 1108 τὴν
3014 1038 3355 1110 ἀνακομιδὴν
3393 1040 3491 1093 τοῦ
3532 1058 3623 1093 σε·

2036 1124 2277 1193 ϐασμίου
2302 1126 2359 1179 λε
2370 1126 2561 1196 ιψάνου
2592 1127 2686 1181 τοῦ
2711 1129 3136 1200 Χρυσοστόμου.

2123 1238 2193 1291 Ἡ
2228 1239 2274 1305 ζ’
2306 1239 2403 1293 τοῦ
2452 1240 2850 1312 Φεϐρουαρίου.
2885 1242 2975 1295 διὰ
3020 1242 3114 1296 τὸν
3149 1243 3629 1313 μεγαλομάρτυρα

2039 1332 2422 1404 στρατηλάτην
2452 1333 2754 1404 Θεόδωρον.
2795 1334 2860 1387 Ἦ
2899 1334 2987 1400 ιζ’,
3030 1334 3119 1388 διὰ
3171 1336 3264 1389 τὸν
3319 1336 3626 1406 ἁθλοφόρον

2038 1422 2317 1494 Θεόδωρον
2352 1425 2443 1479 τὸν
2478 1425 2735 1495 Τήρωνα.

2122 1538 2189 1595 Ἦ
2215 1540 2260 1594 θ’
2295 1540 2391 1595 τοῦ
2419 1540 2693 1609 Μαρτίου,
2740 1540 2818 1602 ὡς
2861 1540 2962 1611 τῆς
3020 1541 3244 1612 μνήμης
3285 1540 3627 1612 τελουμένης

2041 1632 2151 1686 τῶν
2177 1632 2351 1701 ἁγίων
2383 1649 2458 1702 μα
2470 1631 2684 1703 ρτύρων
2707 1631 2806 1684 τοῦ
2834 1630 3077 1701 Χριστοῦ
3108 1637 3181 1701 μ’.

2123 1740 2189 1796 Ἦ
2223 1749 2309 1811 κγ’
2365 1742 2461 1795 τοῦ
2501 1742 2816 1813 Ἀπριλίου,
2863 1741 2939 1807 ὡς
2982 1741 3080 1796 τοῦ
3126 1740 3628 1813 μεγαλομάρτυρος

1970 1818 2025 1875 Β
2046 1832 2321 1904 Γεωργίου
2352 1834 2691 1904 τιμωμένου.

2130 1945 2197 1999 Ἥ
2223 1944 2268 2017 β’
2294 1945 2387 2000 τοῦ
2416 1947 2620 2011 Μαΐου,
2657 1946 2747 2001 διὰ
2775 1946 2868 2000 τὸν
2902 1945 3083 2017 μέγαν
3127 1944 3469 1999 Ἀθανάσιον.

2128 2062 2197 2117 Ἦ
2232 2058 2283 2133 η’
2314 2061 2413 2116 τοῦ
2437 2061 2686 2126 Ἰουνίου,
2717 2061 2807 2116 διὰ
2844 2062 2937 2115 τὸν
2991 2059 3468 2131 μεγαλομάρτυρα
3496 2056 3631 2111 Θεά-

2046 2157 2219 2227 δωρον
2245 2155 2337 2209 τδν
2366 2155 2768 2225 στρατηλάτην.
2794 2154 2860 2207 Ἠ
2889 2154 2958 2219 θ’,
2984 2153 3073 2208 διὰ
3098 2154 3191 2207 τὸν
3224 2154 3374 2206 ὅσιον
3406 2149 3635 2220 Πατέρα

2049 2247 2208 2318 ήμῶν
2248 2246 2520 2318 Κύριλλον
2558 2246 2995 2317 Ἀλεξανδρείας.
3040 2245 3153 2300 Καὶ
3188 2246 3223 2316 ἡ
3272 2242 3377 2310 κζ’,
3418 2242 3509 2296 διὰ
3540 2242 3645 2294 τὸν

2047 2339 2193 2393 ὅσιον
2216 2341 2311 2394 καὶ
2341 2339 2765 2411 θαυματουργδν
2798 2337 3060 2410 Σαμψών.

2133 2473 2201 2527 ἸΙ
2253 2479 2302 2527 α’
2348 2472 2445 2526 τοῦ
2479 2472 2728 2538 Ἰουλίου,
2783 2473 2868 2526 ὅτι
2899 2472 2960 2526 ὲν
2983 2471 3125 2543 αὐτῇ
3156 2470 3265 2525 τῶν
3312 2468 3488 2540 ἁγίων
3536 2468 3637 2525 καὶ

2051 2564 2489 2637 θαυματουργῶν
2550 2564 2883 2635 ἀναργύρων
2912 2563 3012 2633 τὴν
3071 2565 3300 2636 μνήμην
3346 2562 3632 2632 τελοῦμεν.

2061 2656 2129 2708 Ἦ
2152 2654 2219 2726 β’,
2255 2654 2337 2708 ὅτι
2366 2654 2465 2724 τῆς
2492 2652 2846 2716 καταθέσεως
2887 2653 2992 2724 τῆς
3022 2652 3382 2723 Θεομήτορος
3423 2666 3635 2722 μνημο-

2052 2748 2306 2817 νεύομεν.
2352 2748 2417 2801 Ἢ
2446 2753 2520 2818 η’,
2549 2746 2633 2800 ὅτι
2671 2746 2765 2799 τδν
2811 2746 3280 2817 μεγαλομάρτυρα
3322 2744 3635 2816 Προκόπιον

2055 2839 2414 2913 ἑορτάζομεν.
2448 2840 2515 2892 Ἦ
2545 2836 2634 2902 ια’,
2654 2840 2738 2893 ὃτι
2766 2840 2868 2911 τὴν
2892 2837 3313 2910 καλλιμάρτυρα
3338 2837 3631 2907 Εὐφημίαν

2054 2931 2527 3005 πανηγυρίξομεν.
2569 2930 2637 2986 Ἥ
2666 2937 2736 2998 κ’,
2780 2933 2863 2986 ὅτι
2889 2931 2982 2985 τὸν
3012 2932 3306 3002 προφήτην
3344 2928 3533 2983 Ἠλίαν
3553 2944 3637 2981 τις

2056 3025 2271 3097 μῶμον.
2314 3026 2379 3079 Ἦ
2410 3023 2457 3079 κ’
2486 3025 2570 3079 ὅτι.
2599 3024 2692 3078 τὸν
2724 3023 3050 3097 ἀθλοφόρον,
3076 3024 3173 3077 καὶ
3210 3020 3649 3093 θαυματουργζν

2055 3116 2480 3189 Παντελεήμονα
2511 3116 2739 3188 ὲορτάζο
2746 3131 2870 3187 μεν.

2126 3254 2306 3325 Καλή
2365 3252 2450 3308 λα’
2483 3251 2578 3307 τοῦ
2609 3252 2954 3320 Αὐγούστου,
3004 3249 3098 3309 δια
3143 3265 3245 3318 την
3292 3251 3394 3320 τῇς
3445 3247 3645 3319 τιμίας

2054 3347 2234 3420 ζώνης
2262 3348 2364 3419 τῆς
2390 3348 2663 3421 ἀχράντου
2700 3345 2968 3400 Θεοτόκου
3001 3342 3326 3399 κατάθεσιν.

2170 3478 2295 3538 Erat
2323 3482 2390 3553 δὴ
2438 3483 2497 3538 αῑ
2540 3482 2658 3546 πῶς
2687 3482 2787 3553 μὲν
2820 3480 3119 3552 ἄπρακτοι,
3152 3478 3273 3541 πῶς
3320 3476 3377 3530 δὲ
3416 3474 3643 3545 ἔμπρα-

2055 3594 2201 3630 κτοι.
2236 3576 2346 3640 Τὰς
2381 3576 2565 3644 μέντοι
2619 3574 2709 3628 διὰ
2760 3573 3018 3642 γέννησιν
3056 3570 3345 3642 βασιλικὴν
3376 3568 3409 3637 ἢ
3438 3565 3640 3634 ἀναγόο

2060 3686 2247 3741 ρευσιν
2292 3667 2663 3740 σχολαζούσας
2704 3666 2816 3721 τῶν
2859 3665 3085 3737 ἡμερῶν
3131 3664 3227 3718 καὶ
3266 3661 3477 3724 ταύτας
3518 3660 3643 3721 ταῖς

2057 3761 2399 3833 ὲμπρὰκτοις
2432 3761 2678 3832 ἐγκρίνει
2732 3761 2769 3829 ή
2809 3758 3061 3829 βασιλεία
3126 3774 3254 3827 μου,
3304 3755 3397 3822 ἀφ’
3433 3750 3649 3819 ἑαυτῆς

2057 3853 2341 3925 ἀρχομένη
2374 3852 2469 3906 τοῦ
2504 3853 2780 3923 παρόντος
2811 3848 3302 3921 θεσμοθετήματος
3335 3847 3430 3900 καὶ
3456 3845 3517 3896 ὲν
3556 3838 3642 3903 οἷς

2060 3932 2201 4017 αὑτὴ
2240 3943 2607 4013 διαπράξαιτο
2667 3944 3004 3997 διδάσκουσα
3062 3942 3190 4004 τοὺς
3238 3936 3498 4000 λοιπούςο
3540 3934 3643 4003 οὐχ

2058 4038 2201 4091 οὕτω
2251 4037 2361 4106 γὰρ
2394 4038 2423 4090 ὁ
2449 4037 2549 4106 τῆς
2580 4034 2865 4107 παρούσης
2917 4032 3219 4100 διατάξεως
3253 4030 3433 4113 πείσει
3483 4027 3649 4094 λόγος

2058 4129 2186 4193 τοὺς
2219 4127 2369 4199 αύτῷ
2396 4128 2861 4200 προσανέχοντας,
2889 4125 2965 4189 ὡς
2991 4126 3027 4195 ἡ
3052 4123 3205 4196 παρὰ
3228 4122 3326 4191 τῆς
3362 4116 3644 4189 βασιλείας

2064 4239 2168 4292 μου
2206 4219 2432 4293 πρᾶξις.
2465 4220 2645 4283 Αὖτάς
2669 4219 2781 4290 γὰρ
2808 4218 2910 4282 τὰς
2943 4217 3180 4287 ἡμέρας,
3217 4215 3275 4267 ἒν
3306 4206 3393 4272 αἶς
3418 4212 3452 4279 ἡ
3483 4208 3643 4279 βασι-

2057 4313 2177 4369 λεία
2200 4330 2303 4385 μου
2332 4314 2427 4366 καὶ
2461 4312 2543 4376 είς
2569 4313 2661 4365 τὸν
2691 4313 2821 4383 τῇδε
2854 4310 2968 4381 βίον
3004 4307 3284 4380 προῆκται
3308 4304 3403 4359 καὶ
3427 4302 3508 4365 είς
3538 4299 3633 4368 βα-

2061 4406 2210 4461 σιλέα
2245 4407 2379 4460 Θεοῦ
2413 4405 2640 4478 προνοίᾳ
2682 4402 3077 4475 ἀνηγόρευται,
3112 4398 3470 4470 ὲμπράκτους
3495 4392 3643 4446 εἶναι

383 4491 462 4545 eis
485 4490 620 4546 ullas
642 4491 861 4560 iudiciis
889 4491 1136 4549 inducias
1158 4510 1297 4551 esse.
1325 4494 1528 4554 Omnes
1547 4498 1761 4569 quidem
1785 4511 1948 4570 certe,

2063 4497 2329 4564 θεσπίζει,
2356 4499 2453 4551 καὶ
2486 4495 2761 4569 μηδεμίαν
2796 4493 3107 4564 ἐκεχειρίαν
3136 4494 3195 4544 ὲν
3222 4487 3451 4552 ταύταις
3484 4485 3657 4553 ἄγαν.

383 4590 580 4650 prater
601 4580 903 4653 descriptos
933 4585 1180 4654 superius
1210 4588 1332 4642 anni
1360 4590 1496 4655 dies,
1520 4589 1739 4660 iuridici
1774 4604 1956 4660 erunt,

382 4681 436 4728 et
460 4673 512 4727 in
540 4674 742 4727 eisdem
778 4682 890 4729 tum
918 4674 1143 4746 iudicia,
1169 4682 1278 4731 tum
1317 4692 1696 4737 consentanea:
1720 4681 1959 4751 iudicia-

384 4765 478 4821 riis
507 4766 794 4822 sententiis
834 4768 1213 4825 essecutiones
1257 4770 1390 4829 fient
1435 4783 1486 4829 et
1534 4775 1955 4830 exercebuntur.

382 4857 706 4912 Persuasum
738 4865 917 4913 autem
948 4860 1142 4926 habeo,
1177 4875 1500 4933 praesentem
1531 4867 1672 4921 hanc
1701 4866 1958 4935 maiesta-

385 4949 455 5003 tis
486 4962 620 5003 mea:
653 4950 1098 5006 constitutionem
1146 4954 1258 5009 Deo
1295 4970 1511 5027 quoque
1554 4966 1763 5026 gratam
1812 4971 1958 5011 esse.

383 5036 517 5093 Nam
560 5038 650 5094 ubi
688 5037 994 5096 Pbarismos
1042 5040 1199 5098 Jesus
1245 5057 1581 5111 exsecratur,
1634 5047 1738 5116 ipsi
1791 5050 1959 5105 etiam

384 5128 769 5185 misericordiae
790 5127 1053 5198 iudicium
1083 5135 1409 5203 anteposuit.

458 5350 648 5405 Datum
673 5365 862 5407 mense
912 5349 1128 5416 Martio,
1164 5355 1350 5409 in-Jict.
1400 5372 1512 5420 xw.
1545 5358 1743 5415 litteris
1777 5364 1956 5418 rubris

382 5440 450 5494 ab
477 5439 819 5510 imperatoris
849 5453 1009 5493 manu
1040 5443 1303 5498 exaratis.
1336 5443 1485 5500 Bulla
1516 5463 1675 5504 cerea
1699 5451 1951 5523 diptycba

382 5543 477 5598 per
522 5529 850 5601 logothetam
901 5531 1074 5587 dromi
1136 5534 1309 5589 sancti
1365 5536 1659 5595 Michaelis.
1712 5541 1768 5597 in
1801 5554 1956 5615 parte

453 5751 565 5822 (25)
595 5751 889 5822 Abrogatio
921 5753 1060 5825 eius,
1107 5758 1247 5824 quod
1290 5759 1325 5813 l.

2060 4589 2130 4641 τὰ
2152 4588 2505 4659 δικαστήρια.
2534 4585 2715 4639 Πᾶσαι
2761 4583 2943 4656 μέντοι
2978 4585 3038 4636 αἱ
3082 4581 3237 4653 παρὰ
3266 4579 3364 4643 τὰς
3393 4578 3506 4633 ἄνω
3536 4593 3640 4629 κα-

2057 4678 2439 4752 ταγραφείσας
2492 4678 2711 4749 ἡμέρας
2745 4676 2840 4730 τοῦ
2871 4674 3066 4747 χρόνου
3100 4676 3195 4727 καὶ
3239 4672 3554 4744 ἕμπρακτοι
3581 4669 3645 4720 ε-

2062 4787 2275 4834 σονται,
2309 4766 2405 4823 καὶ
2461 4768 2796 4837 δικαστήρια
2826 4768 2885 4822 ὲν
2926 4766 3124 4829 αὑταῖς
3158 4764 3488 4833 γενήσονται
3541 4760 3641 4812 καὶ

2060 4862 2395 4931 ὲκ6ι6ασμοὶ
2431 4859 2744 4923 ἀκολούθως
2775 4862 2895 4922 ταῖς
2925 4858 3270 4920 δικαστικαῖς
3295 4852 3649 4922 ἀποφάσεσιε

2063 4954 2379 5020 Πὲπεισμαι
2428 4950 2487 5005 δὲ
2531 4950 2616 5005 ὅτι
2659 4951 2757 5002 καὶ
2808 4949 2931 5017 Θεῷ
2966 4947 3121 5017 φίλον
3161 4945 3318 4998 ἔσται
3370 4943 3431 4995 τὸ
3464 4939 3653 5011 παρὸν,

2064 5046 2163 5115 τῆς
2208 5043 2489 5114 βασιλείας
2538 5056 2639 5113 μου
2691 5040 3115 5113 θεσμοθέτημαι
3171 5037 3478 5100 ταλανίζων
3530 5033 3645 5105 γάρ

2061 5132 2189 5195 τοὺς
2206 5130 2535 5203 Φαρισαίους
2558 5134 2589 5185 ὁ
2616 5131 2828 5201 Ἰησοῦς
2862 5131 2959 5186 καὶ
3000 5128 3169 5184 αὐτοῦ
3198 5126 3292 5182 τοῦ
3322 5126 3511 5191 ἐλέους
3539 5125 3655 5195 τὴν-

2061 5223 2252 5296 κρίσιν
2284 5223 2572 5294 προέταξε.

2132 5357 2265 5434 Εἶχε
2296 5361 2390 5417 τό·
2433 5362 2583 5433 Μηνὶ
2620 5361 2852 5433 Μαρτίῳ
2886 5360 3224 5423 ίνδικτιῶνος
3276 5356 3359 5423 ιδ’,
3412 5355 3480 5410 δι’
3513 5354 3645 5423 ὲρυ-

2063 5456 2209 5525 ορῶν
2261 5456 2609 5528 γραμμάτων
2637 5455 2733 5525 τῆς
2799 5453 3087 5525 βασιλικῆς
3136 5451 3317 5524 χειρός
3341 5467 3355 5481 ’
3389 5448 3490 5503 τό*
3542 5447 3648 5501 Διὰ

2059 5548 2156 5603 τοῦ
2190 5548 2483 5617 λογοθέτου
2511 5549 2604 5604 τοῦ
2636 5548 2841 5620 δρόμου
2889 5548 2983 5603 τοῦ
3035 5542 3486 5618 ἁγιοθεοδωρίτου
3536 5539 3660 5599 MK

1380 5761 1431 5827 7,
1475 5760 1502 5832 ς
1540 5763 1740 5833 penult.
1773 5765 1836 5822 C.
1876 5768 1939 5823 (1(-
1984 5764 2148 5834 feriis,
2175 5766 2430 5831 edicitur.
