4044 6446
300 348 311 355 “
350 342 456 403 763

1574 343 1971 406 MANUELIS
2006 342 2353 406 COMNENI

3502 333 3603 398 πι

349 457 651 527 transigere
688 457 975 519 debebant,
1026 457 1172 512 nulla
1225 459 1404 515 habita
1439 460 1654 514 ratione
1689 461 1918 515 aliarum

2029 458 2124 512 καὶ
2156 458 2470 525 θεοστυγὲς,
2501 455 2565 510 ἔκ
2590 471 2649 509 τε
2680 453 2787 509 τῶν
2816 452 2982 507 θείων
3010 450 3195 523 νόμων
3238 450 3334 505 καὶ
3362 450 3473 503 τῶν
3505 452 3603 504 ἁν-

350 564 630 618 poenarum
674 564 793 619 qua:
840 549 975 617 ipsis
1024 550 1213 605 dandae
1259 557 1419 606 erant
1449 550 1537 624 (de
1567 553 1762 618 quibus
1813 552 1924 606 No-

348 642 504 697 vellae
545 642 650 696 huc
676 651 987 710 spectantes
1025 641 1199 698 fusius
1233 644 1509 711 tractant).
1542 642 1617 696 De
1646 644 1711 699 iis
1742 652 1923 698 autem

349 734 438 798 qui
471 733 538 787 ad
575 732 820 803 Magnam
861 733 1146 788 ecclesiam
1191 732 1511 803 confugiunt
1536 733 1684 788 nihil
1741 736 1939 789 deter-

350 824 609 888 minavit;
646 824 793 894 leges
841 825 983 877 enim
1024 825 1269 893 politicas
1314 827 1503 879 stricte
1553 826 1637 880 his
1663 826 1727 881 de
1763 829 1926 882 rebus

352 915 656 978 observari,
692 924 856 986 atque
896 915 1198 970 homicidas
1244 918 1424 986 puniri
1470 917 1658 987 jussit.
1693 918 1804 974 Hoc
1829 934 1926 974 no-

346 1020 473 1058 vum
505 1006 742 1060 edictum
778 1016 1079 1075 praetextas
1119 1008 1222 1061 l'uit
1268 1010 1547 1065 sceleratis
1582 1021 1745 1081 atque
1792 1011 1923 1066 abo-

347 1097 619 1152 minandis
679 1097 991 1154 hominibus
1058 1099 1343 1154 homicidia
1402 1101 1520 1156 sine
1571 1104 1778 1171 pudore
1830 1119 1926 1173 pa-

347 1186 545 1251 trandi,
592 1201 655 1239 ac
690 1186 812 1240 dein
866 1188 1065 1254 piaculi
1107 1203 1234 1257 ergo
1270 1191 1321 1242 in
1368 1190 1651 1245 ecclesiam
1683 1193 1921 1261 aliquam

347 1275 714 1346 confugiendi,
757 1280 920 1345 unde,
957 1279 1188 1334 absoluti
1226 1281 1471 1346 crimine,
1501 1282 1718 1336 domum
1747 1298 1926 1337 rever-

351 1368 622 1425 tebantur.
645 1365 780 1422 llinc
807 1367 1007 1423 factum
1025 1378 1109 1426 est
1132 1380 1190 1425 ut
1213 1371 1451 1440 plerique
1466 1374 1691 1441 plurima
1717 1375 1922 1430 scelera

326 1458 689 1513 .comtnittere
708 1474 814 1513 non
841 1460 1247 1526 erubescerent,
1281 1464 1662 1534 indulgentiam
1688 1480 1918 1532 speran-

352 1559 452 1613 tes,
487 1563 647 1616 quant
694 1550 834 1605 male
887 1553 1418 1609 commiserationcm
1455 1557 1679 1611 dixeris.
1714 1556 1945 1612 Miseri-‘

348 1642 529 1694 cordia
557 1642 699 1695 enim
729 1643 798 1698 ad
832 1657 925 1700 eos
951 1646 1042 1714 qui
1077 1645 1479 1702 calamitatibus
1504 1658 1789 1714 vexantur,
1816 1664 1921 1702 non

350 1746 479 1786 vero
516 1733 585 1788 ad
633 1734 918 1801 scelestos,
965 1737 1082 1802 sed,
1112 1748 1173 1792 ut
1203 1740 1408 1794 dictum
1441 1749 1543 1807 est,
1579 1742 1644 1795 ad
1688 1740 1924 1795 infortu-

350 1835 507 1878 natos
531 1835 775 1894 spectare
800 1826 959 1883 solet.
991 1828 1122 1884 Inde
1159 1831 1324 1885 etiam
1352 1832 1555 1885 factum
1587 1838 1751 1886 estut
1782 1833 1928 1887 exsi-

346 1921 476 1975 lium
498 1931 812 1991 perpetuum
835 1921 1077 1976 inellicax
1093 1931 1145 1975 et
1160 1921 1351 1977 inutile
1367 1924 1622 1977 evaserit.
1641 1921 1760 1977 .lam
1777 1925 1923 1979 enim

345 2012 608 2081 ejusmodi
639 2012 815 2067 exsilii
851 2011 999 2067 nulla
1032 2013 1169 2066 ratio
1204 2012 1457 2078 habetur,
1502 2013 1769 2084 siquidem
1830 2017 1927 2069 ho-

345 2101 557 2157 micida:
589 2115 778 2156 omnes
824 2101 948 2157 sine
988 2100 1311 2157 verecundia
1362 2101 1480 2157 loca
1517 2101 1631 2170 ipsa
1685 2102 1929 2157 circum-

344 2201 500 2258 cunt,
548 2192 604 2246 in
655 2192 855 2263 quibus
907 2201 1293 2262 peccaverant.
1351 2192 1653 2249 Praeteritis
1696 2208 1929 2263 namque

347 2284 706 2354 temporibus,
749 2283 968 2355 quando
1001 2285 1100 2340 viri
1148 2285 1203 2340 in
1248 2286 1556 2354 provincias
1602 2286 1921 2358 delegaban-

346 2385 435 2430 tur
480 2375 624 2431 civili
676 2384 969 2446 potestate,
1033 2387 1127 2431 aut
1174 2377 1338 2433 etiam
1390 2378 1608 2432 militari
1665 2379 1929 2441 investiti,

348 2468 639 2523 homicidio
665 2467 859 2523 alicubi
901 2475 1112 2536 patrato
1137 2483 1329 2524 omnes
1354 2470 1602 2523 certatim
1630 2471 1927 2524 occisorem

347 2559 807 2630 comprehendere
826 2561 1118 2616 studebant
1145 2572 1203 2615 ut
1223 2560 1395 2629 judici
1425 2564 1750 2617 traderetur.
1778 2561 1930 2615 Nunc

348 2664 478 2703 vero
505 2648 597 2718 qui
636 2649 944 2717 provincias
964 2650 1292 2718 gubernant,
1313 2660 1370 2702 ut
1395 2664 1493 2719 ego
1511 2651 1726 2720 quidem
1747 2654 1929 2718 audio,

349 2738 612 2809 quidquid
656 2738 940 2808 pulchrum
996 2747 1080 2793 est
1137 2738 1297 2808 plane
1351 2740 1704 2810 negligentes,
1754 2744 1932 2797 homi-

348 2844 588 2899 numque
636 2829 827 2884 salutis
888 2830 1141 2893 studiosi,
1199 2845 1450 2886 nummos
1509 2846 1575 2886 ac
1625 2832 1830 2887 lucrum
1877 2836 1930 2889 in

354 2923 533 2990 primo
566 2922 684 2977 loco
735 2932 966 2993 ponunt,
1002 2924 1090 2978 ubi
1126 2924 1177 2978 in
1228 2925 1447 2993 regione
1494 2940 1655 2996 quam
1689 2928 1933 2983 incolunt

351 3013 705 3069 homicidium
732 3022 819 3069 est
848 3015 1224 3082 commissum,
1258 3030 1448 3084 parum
1493 3027 1693 3072 curant
1720 3027 1779 3071 ut
1808 3033 1928 3072 ma-

2029 549 2320 620 θρωπίνων
2343 549 2659 619 ἀρκούντως
2688 547 3009 618 δεδήλωται.
3038 545 3177 615 Περὶ
3193 543 3251 598 δὲ
3278 543 3390 598 τῶν
3418 544 3598 598 τοιού-

2026 658 2105 711 τῳ
2138 641 2582 710 περιπιπτόντων
2614 639 2929 709 ἐγκλήματι
2962 636 3059 692 καὶ¹
3086 638 3154 708 τῇ
3185 637 3468 709 ἁγιωτάτῃ
3503 636 3602 690 καὶ

2027 734 2258 805 Μεγάλῃ
2308 733 2403 787 τοῦ
2460 732 2597 786 Θεοῦ
2666 728 2968 802 Ἐκκλησία
3021 729 3482 800 προσφευγόντων
3533 731 3604 782 τά

2025 826 2258 891 δόξαντά
2294 827 2341 880 οἱ
2379 823 2759 895 νομοθετήσας
2800 826 2828 877 ό
2877 824 3388 894 πορφυρογέννητος
3435 823 3603 892 κυρδς

2027 919 2440 980 Κωνσταντῖνος
2480 916 2774 986 διωρίσατο
2841 914 3107 985 ἀειφυγίᾳ
3149 914 3248 984 μὲν
3280 915 3409 977 τοὺς
3440 915 3603 966 ἐκου-

2028 1013 2181 1074 σίους
2232 1011 2411 1079 φονεῖς
2448 1008 2698 1072 ἅπαντας
2748 1008 3145 1081 ἀπαραιτήτως
3192 1004 3603 1059 καθυποϐάλλεο

2028 1102 2176 1167 σθαι,
2214 1100 2310 1154 καὶ
2341 1102 2416 1171 μὴ
2453 1100 2865 1171 συγχωρεῖσθαι
2896 1086 3241 1168 περινοστεῖν
3273 1097 3469 1158 αὐτοὺς
3503 1096 3603 1148 καὶ

2027 1191 2319 1261 φαίνεσθαι
2353 1192 2411 1243 ὲν
2435 1193 2503 1262 τῇ
2538 1193 2635 1261 γῇ,
2662 1191 2696 1261 ἢ
2730 1190 2794 1244 τὸ
2820 1188 2916 1244 τοῦ
2939 1188 3168 1257 πλησίον
3195 1182 3334 1258 αἷμα
3358 1185 3604 1256 χανοῦσα

2028 1284 2216 1348 κακῶς
2235 1284 2532 1351 ὑπεδέξατο
2550 1300 2565 1316 ο
2591 1282 2718 1347 τούς
2738 1299 2803 1351 γε
2829 1284 2936 1355 μὴν
2956 1283 3022 1335 ὲκ
3041 1281 3272 1352 μελέτης
3288 1280 3382 1333 καὶ
3415 1278 3607 1349 βεϐουη

2025 1375 2306 1443 λευμένως
2332 1375 2430 1428 καὶ
2467 1374 2607 1444 μιτά
2633 1374 2877 1444 σκέψεως
2896 1373 2987 1427 τὸν
3017 1372 3304 1439 ἀδελφικὸν
3332 1388 3609 1440 κατεργαο

2028 1468 2298 1535 σαμένους
2319 1465 2550 1520 θάνατον
2595 1467 2691 1521 σὺν
2714 1468 2778 1537 τῇ
2810 1464 3071 1535 ἀειφυγίᾳ
3093 1464 3185 1516 καὶ
3214 1459 3608 1530 ἀποκείρεσθαι

2027 1557 2245 1620 πάντως
2269 1556 2573 1621 διετάξατο,
2591 1557 2686 1609 καὶ
2711 1556 2825 1618 τοῖς
2852 1555 3106 1623 μοναχοῖς
3138 1551 3609 1619 ἑγκαταλεγέντας

2027 1668 2103 1703 πα
2112 1652 2159 1720 ρ’
2169 1650 2300 1719 ὃλην
2317 1650 2498 1702 αὐτῶν
2514 1648 2612 1719 τὴν
2627 1647 2773 1718 ζωὴν
2793 1647 2871 1718 τῷ
2888 1643 3236 1717 μοναστηρίῳ
3255 1642 3607 1712 προσμένειν,

2031 1744 2168 1815 μετὰ
2191 1744 2251 1796 τὸ
2268 1743 2363 1795 καὶ
2380 1742 2545 1804 ἄλλας
2564 1739 2754 1803 ποινὰς
2771 1738 3101 1807 ὑφίστασθαι
3129 1738 3220 1808 (πε
3228 1736 3285 1806 pl.
3309 1730 3384 1789 ὧν
3401 1733 3605 1787 πλατύν

2029 1851 2188 1904 τερον
2204 1832 2275 1886 τὰ
2308 1834 2437 1899 περὶ
2461 1830 2667 1884 τούτων
2691 1828 3030 1882 ἀπολυθέντα
3071 1826 3238 1896 νεαρά
3259 1824 3610 1892 θεσπίσματα

2027 1924 2367 1995 διορίζεται),
2409 1923 2577 1992 μηδὲν
2606 1920 2739 1987 περὶ
2788 1919 2897 1973 τῶν
2935 1920 3008 1988 μὴ
3041 1917 3497 1989 προσφευγόντων
3540 1917 3606 1985 τῇ

2030 2017 2311 2087 ἁγιωτάτῃ
2340 2013 2569 2083 Μεγάλῃ
2616 2011 2913 2083 Ἐκκλησία
2941 2008 3341 2079 διορισάμενος,
3372 2007 3448 2069 ὡς
3481 2007 3608 2068 τοὺς

2030 2107 2341 2167 πολιτικοὺς
2366 2107 2563 2173 νόμους
2595 2104 3024 2173 ἀπαρακινήτως
3066 2100 3159 2153 ἐπὶ
3188 2099 3396 2152 τούτων
3422 2099 3609 2167 τηρεῖ»

2030 2204 2155 2255 σθαι
2184 2199 2515 2269 βουλόμενος
2538 2198 2633 2250 καὶ
2649 2198 2748 2265 τὴν
2765 2193 3036 2265 τιμωρίαν
3061 2193 3174 2253 τοῖς
3192 2191 3446 2259 φονεῦσιν
3468 2189 3610 2242 ἐπά-

2030 2293 2248 2363 γεσθαι,
2283 2290 2469 2352 καθὼς
2496 2292 2530 2362 ἡ
2554 2290 2763 2343 τούτων
2805 2284 3101 2356 νομοθεσία
3142 2281 3607 2354 παρακελεύεται.

2030 2384 2316 2453 Πρόφασις
2349 2380 2445 2435 οὖν
2491 2382 2521 2448 ἡ
2556 2381 2780 2448 τοιαύτη
2823 2375 2995 2447 νεαρά
3034 2372 3328 2445 νομοθεσία
3356 2375 3470 2435 τοῖς
3506 2390 3613 2426 πα-

2030 2474 2455 2543 λαμναιοτάτοις
2487 2471 2596 2523 τῶν
2628 2469 2933 2539 ἀνθρώπων
2963 2466 3062 2521 καὶ
3084 2465 3383 2545 ὲπαράτοις
3407 2465 3607 2531 γέγονε

2030 2566 2127 2619 τοῦ
2161 2565 2299 2636 μετὰ
2327 2563 2529 2632 πολλῆς
2570 2560 2761 2624 ἀδείας
2794 2560 2889 2612 ἐπὶ
2930 2558 3030 2621 τὰς
3065 2558 3383 2626 μιαιφονίας
3411 2557 3610 2627 ἐκτρέ-

2032 2675 2171 2729 χειν,
2211 2658 2309 2710 acati.
2338 2656 2435 2724 τῆς
2465 2653 2737 2725 τυχούσης
2768 2650 3108 2719 λαϐομένους
3153 2648 3478 2719 προφάσεως
3509 2664 3606 2717 τη-

2030 2749 2281 2803 λικοῦτον
2343 2747 2513 2818 μύσος
2567 2742 2904 2813 ἐργάζεσθαι
2948 2743 3047 2795 καὶ
3107 2738 3477 2810 προσφεύγειν
3531 2740 3600 2810 τῇ

2043 2840 2362 2912 Ἐκκλησία,
2396 2839 2491 2892 καὶ
2520 2838 2756 2908 γράμμα
2806 2833 3154 2904 συμπαθείας
3204 2830 3603 2902 πορισαμένους

2030 2934 2395 3004 ἀναστρέφειν
2423 2931 2630 2985 οἴκαδε.
2670 2926 2985 2981 Κάντεῦθεν
3014 2926 3065 2978 οἱ
3108 2923 3329 2983 πλείους
3358 2923 3455 2977 καὶ
3485 2923 3610 2976 δευ-

2029 3028 2211 3098 τέροις
2261 3026 2359 3079 καὶ
2410 3024 2617 3095 τρίτοις
2666 3021 2763 3075 καὶ
2797 3019 3042 3073 πλείοσιν
3068 3017 3442 3087 ὲπιτολμῆσαι
3504 3016 3609 3068 οὐκ

348 3104 638 3162 lel‘actores
679 3104 1026 3176 investigent,
1088 3105 1222 3173 imo,
1283 3108 1425 3175 quod
1475 3108 1650 3179 pejus,
1697 3109 1744 3165 si
1788 3122 1927 3179 quos

2036 3118 2290 3188 ὤκνησαν
2323 3115 2413 3169 διὰ
2454 3114 2516 3168 τὸ
2560 3113 2761 3185 χαῦνον
2797 3113 2891 3166 καὶ
2930 3110 3514 3180 καταπεφρονημένον,
3541 3137 3609 3149 --

346 3197 905 3267 comprehenderunt,
954 3200 1294 3255 abscondunt
1326 3200 1546 3255 etclam
1588 3200 1641 3255 in
1679 3200 1927 3272 Magnam

338 3287 634 3348 .rcclesiam
670 3286 1049 3344 introducunt.
1096 3288 1233 3357 Quid
1294 3289 1493 3346 deinde
1540 3292 1608 3346 de
1649 3290 1840 3347 iisdem
1872 3291 1930 3348 in

355 3378 762 3434 sanctissimam
814 3378 911 3434 Dei
964 3378 1249 3436 ecclesiam
1304 3380 1510 3450 illapsis
1560 3381 1675 3448 llat,
1703 3383 1929 3452 ignoro;

348 3469 441 3523 sed
471 3469 601 3524 nihil
625 3469 749 3523 boni
786 3468 1121 3536 subodoror;
1148 3469 1306 3524 video
1323 3472 1467 3524 enim
1491 3470 1544 3525 in
1568 3469 1796 3542 imperio
1825 3472 1932 3526 Ro-

350 3573 513 3615 mano
564 3574 822 3629 maguum
891 3559 1304 3615 homicidiorum
1353 3576 1639 3618 numerum
1703 3564 1928 3632 patrari.

350 3648 579 3714 Quando
610 3649 774 3720 igitur
808 3662 908 3718 pro
931 3648 1198 3718 dignitate
1225 3664 1343 3704 mea
1381 3651 1529 3720 regia
1551 3659 1743 3722 reputo
1768 3668 1929 3721 quam

354 3757 480 3795 raro
528 3741 788 3811 ejusmodi
846 3740 1078 3796 crimina
1110 3742 1251 3809 apud
1302 3752 1492 3811 gentes
1532 3744 1625 3812 qui
1668 3760 1775 3799 non
1814 3745 1933 3818 lege

352 3833 558 3896 divina,
589 3847 694 3887 non
731 3840 875 3887 metu
908 3845 1080 3901 prima;
1111 3840 1460 3896 coercentur,
1490 3835 1929 3902 committantur,

351 3936 475 3991 quae
523 3929 798 3977 nostrates
832 3921 1076 3992 quotidie
1108 3929 1350 3991 patrant,
1382 3938 1578 3995 magno
1618 3918 1851 3981 mtérore
1877 3934 1935 3982 et

364 4012 702 4068 ttesolatione
728 4012 951 4080 allicior,
986 4013 1233 4066 homines
1262 4014 1454 4068 videns
1508 4014 1655 4071 nullo
1713 4015 1932 4072 virtutis

353 4106 533 4162 studio
578 4114 634 4162 et
690 4107 917 4171 honoris
969 4107 1228 4163 instinctu
1277 4104 1490 4161 ductos.
1539 4105 1634 4162 llis
1678 4110 1934 4167 omnibus

354 4212 533 4259 mente
573 4202 885 4273 ponderatis
913 4209 968 4257 et
992 4202 1226 4260 Novella:
1257 4207 1440 4274 regiae,
1477 4216 1597 4270 quae
1629 4204 1930 4261 canonicas

354 4297 611 4363 quasdam
644 4297 1023 4367 dispositiones
1066 4308 1297 4368 spectat,
1333 4297 1545 4353 ratione
1593 4296 1801 4362 habita,
1835 4297 1932 4351 ho-

353 4385 693 4440 tnicidiorum
733 4388 1086 4443 incitamenta
1120 4400 1176 4444 et
1203 4403 1419 4454 causas,
1461 4396 1722 4458 quantum
1755 4387 1809 4441 in
1844 4402 1931 4443 me

352 4487 456 4539 est,
495 4478 733 4536 abolere.
767 4489 821 4532 et
858 4478 1093 4534 Novella:
1124 4491 1435 4535 memoratae
1468 4482 1700 4549 vigorem
1728 4480 1929 4535 addere

352 4570 408 4622 in
444 4571 627 4624 animo
656 4571 840 4624 statui.

2031 3212 2094 3267 οὗ
2126 3210 2236 3280 γὰρ
2287 3209 2356 3264 ἂν
2391 3207 2605 3277 εἴποιμι
2648 3203 2938 3275 συμπαθὲς
2970 3232 3043 3244 -—
3071 3201 3173 3271 τῆς
3211 3199 3486 3272 προτέρας
3516 3217 3609 3253 κο-

2030 3304 2242 3365 λάσεως
2270 3318 2284 3332 ·
2316 3298 2635 3367 συμπάθεια
2660 3295 2771 3367 γὰρ
2804 3296 2895 3349 ἐπὶ
2918 3296 3033 3359 τοῖς
3069 3292 3369 3348 πεπονθόσι
3398 3291 3606 3357 κακῶς,

2029 3397 2132 3451 οὐκ
2155 3394 2252 3449 ἐπὶ
2282 3395 2397 3457 τοῖς
2429 3391 2686 3460 δράσασι,
2723 3387 3056 3456 καὶγίνεται
3081 3384 3308 3447 δικαίως
3336 3384 3429 3438 καὶ
3460 3382 3612 3451 λέγε·

2031 3502 2158 3543 ται·
2185 3486 2281 3539 ἐπὶ
2309 3484 2367 3538 δὶ
2390 3485 2503 3546 τοῖς
2543 3479 2735 3543 κακῶς
2764 3478 3102 3549 πράττουσιν
3131 3476 3233 3529 οὐκ
3274 3474 3610 3543 ἀδιακρίτως

2031 3578 2140 3655 χρὴ
2199 3576 2406 3648 ταύτην
2459 3572 2733 3644 γίνεσθαι.
2762 3568 2980 3633 Ταύτης
3033 3567 3093 3622 δὲ
3131 3567 3232 3637 τῆς
3277 3564 3611 3636 νομοθεσίας

2031 3672 2258 3727 κάκεῖνο
2287 3668 2350 3739 δὴ
2387 3665 2587 3735 συνέϐη
2627 3664 2689 3716 τὸ
2747 3662 2939 3733 μέρος,
2974 3659 3120 3726 λέγω
3165 3657 3232 3726 δὴ
3279 3655 3380 3726 τὴν
3411 3655 3610 3724 ἀειφυ-

2031 3762 2180 3831 γίαν,
2212 3760 2292 3823 είς
2322 3756 2563 3825 παντελῆ
2586 3751 2892 3825 ἀχρηστίαν
2918 3748 3134 3804 ἐλάσαι.
3163 3746 3341 3815 Λόγος
3371 3744 3480 3814 γὰρ
3511 3744 3609 3797 νῦν

2032 3852 2326 3924 ἀειφυγίας
2365 3848 2563 3912 οὐδεὶς,
2612 3845 2749 3899 ἀλλά
2792 3843 2999 3904 πάντες
3041 3840 3092 3894 oi
3137 3837 3397 3910 φονευται
3433 3835 3609 3896 ἀδεῶς

2032 3948 2129 4002 καὶ
2157 3944 2322 3998 πάλιν
2350 3944 2530 3996 ἐκεῖσε
2562 3937 2990 4010 περινοστοῦσιν
3017 3933 3148 3988 ἔνθα
3187 3933 3249 3984 τὸ
3287 3932 3460 4001 μύσος
3484 3928 3604 3999 εἰρη-

2032 4036 2294 4107 γάσαντο.
2325 4033 2528 4102 Πρὼην
2560 4029 2659 4101 μὲν
2719 4029 2830 4099 γὰρ
2882 4028 2931 4080 ot
2963 4026 3021 4077 ὲν
3043 4025 3155 4085 τοῖς
3184 4023 3417 4093 θέμασιν
3469 4020 3607 4073 ἀπο-

2034 4128 2409 4197 στελλόμενοι,
2439 4123 2552 4177 εῖτε
2584 4119 2872 4191 πολιτικὴν
2900 4115 3333 4189 περιεζωσμένοι
3366 4111 3541 4183 ἀρχὴν
3570 4110 3605 4181 ἢ

2030 4222 2128 4277 καὶ
2162 4217 2565 4292 στρατιωτικὴν
2596 4211 2940 4284 ἐνδεδυμένοι
2997 4208 3175 4274 ἀξίαν,
3208 4206 3371 4276 φόνου
3403 4204 3608 4274 τολμη-

2030 4318 2237 4381 θέντος,
2270 4313 2538 4367 ἔσπευδεν
2564 4310 2796 4371 ἕκαστος
2824 4304 2921 4359 καὶ
2946 4301 3039 4356 τοῦ
3067 4300 3255 4372 ἐτέρου
3280 4298 3605 4368 προέτρεχε,

2030 4409 2123 4465 τὸν
2157 4407 2327 4479 φονέα
2381 4402 2670 4460 συλλαϐεῖν
2716 4395 3166 4471 προθυμούμενοι
3218 4391 3314 4445 καὶ
3366 4390 3470 4457 τὴν
3518 4386 3607 4479 ἐπ’

2036 4476 2186 4569 αὐτῷ
2224 4496 2571 4562 ὲπεξέλευσιν
2614 4491 2760 4546 κατά
2812 4485 3048 4556 νομικὴν
3092 4479 3420 4536 ἀκολουθίαν
3447 4476 3611 4569 ποιη-

2034 4591 2255 4649 σασθαι,
2300 4588 2397 4641 καὶ¹
2438 4585 2528 4640 διά
2554 4585 2651 4652 τῆς
2697 4580 2793 4635 ἐπὶ
2820 4579 2996 4644 τούτῳ
3027 4573 3308 4633 κολάσεως
3350 4568 3610 4624 ἀναστεῖ-

353 4678 443 4732 λαι
490 4679 616 4741 τοὺς
675 4676 1074 4747 όμοιόφρονας’
1131 4677 1229 4733 νῦν
1274 4680 1331 4733 δὲ
1379 4681 1429 4733 οἱ
1466 4681 1577 4743 τοῖς
1621 4658 1852 4750 θέμασιν
1907 4680 2190 4751 ἄρχοντες,
2221 4678 2298 4741 ᾡς
2336 4674 2596 4745 μανθάνει
2646 4672 2680 4742 ἠ
2730 4667 2978 4740 βασιλεία
3015 4679 3142 4734 μου,
3166 4661 3261 4715 τοῦ
3298 4658 3466 4714 καλοῦ
3504 4655 3608 4727 μὲν

353 4772 576 4835 τελείως
626 4769 960 4841 ὴλογηκότες
1013 4772 1110 4825 καὶ
1164 4771 1303 4841 πρὸς
1352 4774 1451 4841 τὴν
1508 4773 1618 4827 τῶν
1670 4771 1976 4843 ἀνθρώπων
2041 4770 2318 4841 σωτηρίαν
2374 4767 2767 4828 συντείνοντος,
2819 4763 2879 4814 ἒν
2927 4758 2987 4812 δὲ
3046 4756 3143 4810 καὶ
3185 4753 3348 4823 μόνον
3392 4751 3609 4819 συμπέο

358 4881 544 4936 ρασμα
595 4865 695 4933 τῆς
746 4863 876 4932 ὅλης
931 4863 1111 4918 αὐτῶν
1158 4863 1442 4934 ἐνεργείας
1491 4862 1824 4933 ποιούμενοι
1854 4862 1947 4915 τὸν
1982 4860 2371 4934 χρηματισμὸν
2408 4861 2502 4914 καὶ
2542 4859 2644 4929 τὴν
2693 4854 2872 4919 κακὴν
2912 4846 3361 4923 αἰσχροκέρδειαν
3399 4845 3495 4899 καὶ
3544 4846 3606 4899 τὸ

354 4961 536 5031 κέρμα
586 4956 1030 5028 περιχάσκοντες,
1067 4957 1129 5010 ού
1191 4958 1353 5030 μόνον
1417 4959 1517 5013 οὐκ
1554 4957 2006 5029 ἀναιίοηλαφῶσιν,
2034 4959 2124 5011 ὅτε
2166 4955 2328 5026 φόνος
2357 4971 2441 5017 τις
2491 4956 2552 5008 ἐν
2596 4948 2630 5026 ᾖ
2669 4952 2915 5007 διέπουσι
2968 4954 3126 5024 χώρᾳ
3179 4952 3428 5018 γένηται,
3473 4957 3603 5003 τους

354 5054 415 5106 τδ
464 5050 706 5105 τοιοῦτον
745 5049 916 5104 δεινὸν
949 5050 1474 5121 πλημμελήσαντας,
1523 5051 1658 5119 ἀλλ’,
1692 5050 1722 5104 ὃ
1750 5049 1942 5104 τούτου
1976 5048 2275 5120 χείριστον,
2304 5048 2451 5112 τινὲς
2501 5046 2610 5099 τῶν
2653 5042 2915 5098 τοιούτων
2964 5044 3062 5099 καὶ
3109 5044 3237 5107 τοὺς
3271 5041 3373 5112 ήδη
3415 5050 3613 5108 φωρασ-

358 5143 553 5208 υέντας
582 5144 675 5199 ὑπ’
719 5144 901 5199 αὐτῶν
948 5146 1044 5199 καὶ
1086 5130 1471 5217 κρατηθέντας
1500 5145 1958 5217 περικρύπτουσι,
2011 5145 2108 5199 καὶ
2161 5143 2437 5212 λαθραίως
2492 5141 2574 5205 εἰς
2636 5140 2737 5211 τὴν
2784 5139 3047 5211 Μεγάλην
3093 5135 3425 5206 Ἐκκλησίαν
3476 5148 3608 5202 προ-

358 5240 655 5306 πέμπουσι.
710 5238 847 5305 napi.
903 5237 960 5290 δὲ
997 5238 1108 5291 τῶν
1143 5238 1449 5307 γινομένων
1498 5238 1584 5291 ἐπ’
1620 5238 1803 5301 αὐτοῖς
1836 5238 1976 5308 μετὰ
2014 5237 2077 5291 τὸ
2118 5236 2490 5307 προσδραμεῖν
2520 5236 2587 5305 τῇ
2618 5232 2901 5304 ἁγιωτάτῃ
2930 5230 3025 5286 τοῦ
3064 5228 3203 5283 Θεοῦ
3232 5225 3533 5296 Ἐκκλησίᾳ
3569 5224 3603 5288 ἢ

362 5329 463 5399 μὲν
520 5329 769 5400 βασιλεία
828 5348 930 5401 μου
992 5330 1238 5402 ἀκριϐῶς
1293 5331 1394 5384 οὐκ
1427 5326 1604 5384 οῐδεψ
1632 5331 1822 5385 ἀκούει
1853 5331 1911 5384 δὲ
1947 5331 2101 5407 ὅμως
2127 5330 2228 5383 οὐκ
2260 5327 2462 5397 ἀγαθὰ,
2506 5327 2600 5381 καὶ
2649 5325 2839 5388 ἁπλῶς
2878 5324 3040 5377 τοῦτο
3082 5322 3141 5389 ἐξ
3185 5320 3442 5375 ἀπάντων
3471 5317 3604 5370 ἀπο-

354 5423 611 5487 τελεῖται,
646 5423 708 5477 τδ
743 5423 801 5476 ἑν
837 5423 999 5478 παντὶ
1022 5425 1174 5493 τόπῳ
1201 5422 1280 5492 τῷ
1320 5421 1425 5475 ὑπὸ
1449 5420 1881 5493 τὴνῬωμαῖκὴν
1901 5422 2259 5492 ἐπικράτειαν
2290 5419 2485 5489 φόνους
2518 5419 2688 5481 ἀδεῶς
2715 5415 3043 5488 καθημέραν
3068 5411 3395 5482 τολμᾶσθαι.
3438 5409 3607 5462 Ὅταν

355 5510 510 5587 οῦνὴ
543 5514 789 5584 βασιλεία
822 5533 921 5587 μου
958 5516 1349 5586 ἀναλογίσηται
1382 5516 1518 5586 ὅπερ
1548 5517 1677 5587 παρ’
1695 5516 1925 5577 ἔθνεσιν,
1954 5515 1991 5570 ἃ
2023 5516 2162 5585 μήτε
2192 5514 2355 5584 νόμος
2385 5513 2526 5575 θεῖος
2560 5509 2789 5583 ἀπεῖρξε
2823 5510 2963 5579 μήτε
2998 5506 3300 5578 μελλούσης
3358 5502 3453 5556 καὶ
3483 5516 3611 5570 φρι-

359 5610 498 5679 κτῆς
521 5608 795 5674 κολάσεως
818 5611 1015 5680 ἀπειλὴ
1048 5609 1141 5664 τοῦ
1165 5608 1351 5671 κακῶς
1371 5610 1451 5672 είς
1479 5607 1742 5677 ἀλλήλους
1773 5609 1946 5661 ποιεῖν
1978 5607 2394 5678 ἀνεχαίτισε,τὰ
2430 5605 2658 5659 τοιαῦτα
2681 5603 2789 5657 τῶν
2828 5600 3241 5673 ἁμαρτημάτων
3270 5596 3473 5651 σπάνια
3514 5591 3610 5646 καὶ

363 5701 450 5754 διὰ
477 5701 669 5770 χρόνου
700 5701 1026 5771 τολμῶνται,
1062 5703 1117 5754 ὲν
1150 5700 1205 5753 δὲ
1247 5702 1312 5771 τῇ
1354 5700 1479 5755 καθ’
1523 5701 1670 5770 ἡμᾶς
1723 5700 1877 5770 χώρᾳ
1919 5699 2104 5767 σχεδὸν
2135 5699 2257 5754 καθ’
2297 5700 2538 5768 ἑκάστην
2587 5692 3059 5765 πλημμελοῦνται,
3096 5690 3267 5759 πόσης
3300 5686 3456 5748 ἀνίας
3511 5685 3609 5753 έμ-

369 5791 666 5856 πίπλαται;
709 5792 934 5858 ’ῖΙλίκης
994 5793 1050 5845 δὲ
1108 5792 1343 5862 ἀθυμίας
1402 5793 1493 5846 καὶ
1548 5797 1707 5847 τοῦτο
1752 5794 1922 5846 αἱέιον
1965 5795 2100 5863 μετά
2155 5791 2262 5845 τῶν
2314 5790 2491 5847 ἄλλων
2539 5790 2604 5860 τῇ
2658 5785 2908 5858 βασιλείᾳ
2952 5803 3053 5855 μου
3091 5783 3337 5852 γίνεται,
3361 5779 3469 5835 τῶν
3513 5776 3612 5837 νῦν
