4044 6404
324 373 428 435 755

1425 368 1796 429 NOVELL/E
1829 367 2523 438 CONSTITUTIONES.

3478 367 3584 428 766

319 483 621 554 ἀνθρώπων
675 479 1013 554 κατανοούσῃ
1064 479 1124 534 τὸ
1155 481 1302 572 ἐτερὶ
1344 480 1444 550 τὴν
1491 481 1921 552 δικαιοπραγίαν
1977 481 2264 552 ὀλίγωρον,
2311 485 2406 538 καὶ
2462 486 2526 537 τὸ
2572 485 2777 557 μηδένα
2831 483 2997 556 ζῆλον
3051 484 3193 554 ἔχειν
3235 481 3434 546 αὐτοὺς
3484 481 3583 534 τοῦ

319 581 483 635 καλοῦ
519 579 732 647 καὶτῆς
766 577 1002 648 ἀρετῆς;
1037 575 1222 630 Ταῦτα
1274 575 1452 631 πάντα
1501 577 1889 645 κατανοήσασα
1927 578 1961 644 ἡ
1991 577 2241 646 βασιλεία
2297 597 2422 648 μου,
2469 581 2949 652 προσλογισαμένη
2993 579 3052 634 δὲ
3100 579 3198 632 καὶ⁵
3243 576 3302 631 τὸ
3335 577 3428 630 τοῦ
3485 579 3590 646 ρηά

316 675 498 736 θέντος
549 670 742 743 νεαροῦ
793 670 1075 742 βασιλικοῦ
1125 672 1496 741 διατάγματος
1547 670 1640 724 ἐπί
1691 687 1800 723 τισι
1857 673 2174 734 κανονικαῖς
2231 670 2542 737 διατάξεσιν
2603 673 2848 727 ἐναντίον
2909 675 3004 726 καὶ
3058 672 3233 734 ἄλλως
3293 669 3573 738 ἀδόκιμον,

313 768 596 838 ἐφρόντισε
623 765 763 818 κατὰ
786 767 846 818 τ’)
879 763 1161 834 ἐγχωροῦν
1185 763 1279 816 καὶ
1302 762 1364 816 τὺ
1390 763 1483 816 τοῦ
1516 762 1679 830 φόνου
1710 759 1881 831 μύσος
1914 759 2254 827 ἀναστεῖλαι,
2295 763 2390 815 καὶ
2417 764 2485 817 τά
2511 763 2612 830 τῆς
2641 763 2844 832 νεαρᾶς
2868 761 3290 832 διορθώσασθαι.

381 903 450 959 α’.
479 905 924 975 Παρακελεύεται
952 898 1046 958 οὗν
1083 904 1254 958 ἆπασι
1286 905 1401 966 τοῖς
1432 904 1492 956 ἐν
1525 903 1729 971 θέμασι
1756 902 1894 954 διαι-
1919 886 1966 938 Ᾱ

311 1001 526 1069 τηταῖς,
550 998 645 1050 καὶ
671 999 790 1060 ταῖς
825 999 881 1050 ὲν
909 997 1094 1059 αὐτοῖς
1128 996 1317 1059 οὔσαις
1358 996 1780 1066 στρατιωτικαῖς
1803 994 1895 1046 δυ-

310 1091 509 1156 νάμεσι
565 1089 660 1140 καὶ
704 1090 817 1150 τοῖς
871 1086 1080 1140 τούτων
1135 1087 1485 1157 στρατηγοῖς,
1547 1085 1784 1155 ἔνθαπερ
1828 1082 1895 1138 ἂν

310 1179 561 1240 ἑκούσιος
613 1179 772 1246 φόνος
827 1179 1054 1248 γένηται
1108 1179 1204 1232 καὶ
1256 1177 1504 1248 τολμηθῇ
1563 1176 1806 1229 τοιοῦτόν
1839 1191 1893 1226 τι

308 1273 464 1340 παρά
513 1287 682 1333 τινος,
719 1269 921 1322 αὐτίκα
966 1269 1178 1332 πάντας
1229 1268 1597 1340 διεγείρεσθαι
1649 1267 1732 1329 είς
1791 1264 1891 1336 τὴν

309 1364 407 1416 τοῦ
447 1361 653 1431 φονέως
679 1362 1029 1428 κατάσχεσιν,
1060 1360 1156 1412 καὶ
1182 1359 1403 1429 δέσμιον
1433 1359 1599 1412 αὐτὸν
1629 1358 1895 1411 ἀποστέλ-

308 1456 428 1509 λειν
457 1454 592 1522 πρὸς
625 1453 726 1522 τὴν
766 1452 1040 1523 βασίλειον
1071 1451 1382 1522 περιωπὴν,
1432 1451 1464 1522 ἢ
1513 1452 1719 1519 ταύτης
1755 1451 1894 1502 ἀπο-

304 1545 594 1618 δημούσης
626 1543 761 1613 πρὸς
789 1543 882 1595 τὸν
912 1543 1151 1613 ἔπαρχον
1181 1541 1280 1611 τῆς
1316 1541 1688 1610 θεοφυλάκτου
1723 1558 1893 1610 μεγα-

304 1636 600 1700 λοπιὶλεως,
647 1634 788 1688 ὥστε
829 1637 910 1698 εἰς
944 1635 1214 1704 δημοσίαν
1254 1633 1505 1703 φυλακὴν
1545 1633 1888 1701 εἰσάγεσθαι,

307 1729 406 1781 καὶ
464 1728 562 1790 τὰς
589 1726 912 1795 σωματικὰς
945 1726 1040 1778 καὶ
1085 1725 1354 1788 ούσιακάς
1404 1725 1549 1778 κατὰ
1591 1742 1652 1777 τε
1694 1728 1895 1791 νόμους

304 1820 405 1874 καὶ
435 1819 534 1886 τὴν
572 1818 682 1870 τῶν
721 1817 934 1886 νεαρῶν
968 1816 1360 1886 θεσπισμάτων
1391 1816 1623 1886 δύναμιν
1652 1818 1746 1870 καὶ
1771 1817 1892 1869 ἐτέ-

305 1930 414 1982 ρας
451 1910 755 1978 ἀποστῆναι
787 1909 1043 1971 κολάσεις
1086 1927 1100 1940 ο
1131 1907 1353 1962 εἰδότων
1391 1909 1598 1962 τούτων
1636 1909 1896 1963 ἁπάντων

302 2003 383 2065 ὡς
415 2002 472 2054 εῐ
502 2020 586 2063 τις
620 1999 901 2071 φωραθείη
939 1999 1240 2069 δυνάμενος
1269 2003 1572 2070 κατασχεῖν
1601 2000 1693 2053 τὸν
1721 2000 1891 2068 φονέα

303 2096 404 2148 καὶ
437 2096 512 2162 μὴ
548 2093 705 2145 τοῦτο
735 2093 992 2162 ποιήσας,
1013 2091 1158 2144 οὓτω
1199 2091 1418 2161 μέλλειν
1458 2091 1887 2160 κατακριθῆναι,

300 2186 408 2248 ὡς,
435 2185 572 2236 κατά
599 2183 865 2253 βασιλέως
895 2182 1416 2252 βου).ευσάμενος.Εἰ
1439 2182 1485 2235 δ’
1511 2185 1640 2244 ἴσως
1663 2182 1895 2255 διαλάθῃ

298 2295 390 2338 τις
435 2277 529 2328 καὶ
565 2275 858 2346 προσφύγῃ
902 2278 968 2345 τῇ
1005 2274 1290 2345 ἁγιωτάτῃ
1335 2269 1431 2327 τοῦ
1482 2273 1618 2328 Θεοῦ
1665 2273 1892 2346 Μεγάλῃ

319 2367 648 2437 Ἐκκλησία,
681 2368 820 2436 μετά
846 2367 907 2418 τὸ
941 2366 1212 2436 προϐῆναι
1238 2366 1304 2419 τά
1332 2366 1772 2436 ἐκκλησιαστικά
1801 2368 1894 2418 ἐπ’

301 2460 461 2529 αὐτῷ
519 2460 808 2527 ἐπιτίμια,
865 2459 1009 2511 κατά
1057 2459 1158 2527 τὴν
1219 2457 1453 2529 νομικὴν
1504 2460 1893 2530 παρατήρησιν

306 2551 681 2620 ἑνδημοῦντος
719 2551 818 2617 μέν
857 2549 951 2601 τοῦ
1011 2549 1344 2618 κρατοῦντος
1399 2552 1466 2621 τῇ
1521 2551 1891 2623 βασιλευούσῃ

299 2643 418 2694 τῶν
459 2641 691 2702 πόλεων,
721 2638 854 2708 παρ’
880 2638 1048 2692 αὑτοῦ
1073 2639 1514 2710 ἀποσταλήσεται
1543 2644 1628 2705 εἱς
1655 2641 1718 2693 τὸ
1747 2641 1893 2710 θὲμα

301 2735 496 2786 ὁποῖον
542 2730 608 2784 ἂν
645 2731 932 2803 ὲπικρίνῃ,
963 2729 1105 2783 ὥστε
1139 2730 1234 2783 τὸν
1263 2732 1457 2800 χρόνον
1486 2733 1586 2800 τῆς
1628 2733 1756 2802 ὅλης
1785 2735 1890 2786 αὺ-

301 2825 400 2878 τοῦ
434 2822 580 2892 ζωῆς
605 2823 783 2875 ἐκεῖσε
811 2821 1174 2888 διαϐιϐάζειν,
1218 2825 1313 2876 καὶ
1346 2823 1421 2894 μὴ
1455 2825 1668 2877 ἐκεῖθεν
1699 2826 1894 2879 ἀποδι-

300 2917 593 2994 δράσκειν,
640 2914 784 2970 ὥστε
843 2917 1241 2986 ἐπανατρέχειν
1296 2915 1428 2969 ἔνθα
1468 2917 1531 2969 τὺ
1579 2917 1673 2970 τοῦ
1725 2919 1891 2982 φόνου

304 3007 484 3082 μύσος
515 3007 847 3076 εἰργάσατοο
897 3006 1308 3077 ἀποδημοῦντος
1347 3007 1394 3059 δ’
1439 3007 1570 3070 ῐσως
1604 3008 1699 3061 τοῦ
1736 3008 1894 3079 βασι-

300 3103 472 3164 λέως,
515 3099 668 3170 παρά
697 3099 796 3152 τοῦ
845 3099 1088 3168 ἐπάρχου
1123 3099 1216 3169 (ὡς
1249 3099 1491 3171 εἴρηται)
1518 3099 1598 3163 εἴς
1628 3117 1752 3154 τινα
1787 3101 1897 3154 τῶν

304 3190 654 3261 πορρωτέρω
686 3188 883 3259 χωρῶν
921 3189 1338 3259 ὲξορισθήσεται
1365 3190 1460 3242 καὶ
1492 3191 1588 3244 τὸν
1619 3193 1718 3260 τῆς
1747 3190 1898 3262 ζωῆς

301 3281 481 3340 αὐτοῦ
517 3280 713 3352 χρόνον
743 3280 922 3332 ἐκεῖσε
950 3279 1218 3333 διανύσει.

381 3413 448 3485 β’.
483 3417 582 3468 “Av
624 3414 684 3467 δέ
734 3430 800 3480 γε
842 3411 918 3483 μὴ
955 3411 1118 3481 μόνον
1172 3411 1462 3477 ἑκουσίως,
1512 3413 1648 3467 ἀλλά
1685 3415 1782 3466 καὶ
1832 3416 1898 3468 ἐκ

305 3506 548 3578 μελέτης
573 3504 669 3558 τὸν
709 3505 869 3574 φόνον
903 3502 1216 3572 ἐργάσοιτο,
1259 3503 1361 3556 οὐκ
1402 3504 1892 3574 ἀναγκασθήσεται

2069 901 2120 954 l.
2144 901 2404 956 Omnibus
2432 901 2690 970 majestas
2715 915 2828 954 mea
2852 899 3256 970 provinciarum
3285 896 3584 966 iudicibus,

1996 1001 2052 1047 ct
2084 993 2406 1048 militaribus
2439 994 2633 1063 copiis,
2679 1008 2798 1062 quae
2841 993 2894 1045 in
2940 993 3020 1046 eis
3063 998 3213 1054 sunt,
3263 989 3589 1057 illarumth

1996 1085 2227 1139 ducibus
2277 1086 2523 1155 praecipit
2571 1084 2720 1154 (Q6),
2803 1094 2862 1138 ut
2916 1084 3229 1150 ubicunque
3274 1079 3586 1134 voluntaria

1997 1176 2172 1230 caedes
2205 1176 2345 1231 facta
2389 1177 2576 1242 fuerit,
2625 1176 2808 1246 aliquo
2843 1176 2947 1230 tale
2985 1174 3416 1247 quiddamauso
3449 1186 3588 1226 con-

1996 1269 2177 1324 festim
2206 1285 2397 1325 omnes
2448 1271 2512 1324 ad
2562 1270 3022 1340 prmhendeudum
3072 1263 3401 1320 homicidam
3434 1264 3592 1318 exci-

1999 1370 2205 1424 tentur,
2256 1377 2490 1430 eumque
2537 1363 2780 1416 vinctum
2841 1359 3206 1428 imperatoriae
3250 1357 3590 1424 circumspe—

1996 1453 2165 1508 etioni
2200 1455 2443 1517 mittant,
2486 1460 2579 1507 aut
2623 1453 2668 1507 si
2713 1468 2774 1507 ea
2801 1466 3025 1522 peregre
3080 1449 3246 1514 absit,
3283 1449 3349 1502 ad
3384 1463 3592 1516 magnae

1995 1547 2366 1616 divinitusquc
2402 1546 2686 1601 custoditac
2727 1545 2878 1600 urbis
2926 1541 3266 1613 prchectum,
3318 1549 3375 1594 ut
3414 1539 3591 1609 publi-

1996 1653 2115 1690 cam
2163 1637 2217 1690 in
2271 1639 2574 1692 custodiam
2630 1636 2952 1700 deducatur,
3007 1645 3061 1687 et
3112 1641 3220 1686 tam
3275 1629 3592 1699 corporales

1995 1743 2158 1798 quam
2213 1728 2500 1792 bonorum,
2550 1726 2794 1796 aliasque
2838 1734 3100 1794 praeterea
3157 1737 3372 1793 pmnas,
3432 1720 3588 1790 juxta

1999 1819 2144 1890 leges
2191 1831 2243 1873 et
2297 1819 2630 1890 novellarum
2698 1819 3038 1873 sanctiouum
3095 1815 3333 1885 vigorem
3402 1812 3590 1867 ferat:

1995 1909 2292 1965 scientibus
2326 1909 2412 1964 bis
2446 1908 2740 1970 universis,
2776 1908 3041 1970 futurum,
3073 1916 3130 1960 ut
3161 1907 3206 1959 si
3249 1911 3587 1972 compertum

1995 2000 2181 2062 fuerit,
2221 1999 2457 2069 aliquem
2492 2000 2731 2064 potuisse
2787 1998 3113 2053 homicidam
3155 1993 3591 2064 apprehendere,

1997 2109 2097 2148 nec
2145 2093 2196 2146 id
2248 2092 2479 2160 fecisse;
2516 2108 2624 2146 non
2663 2105 2822 2146 secus
2873 2091 2918 2143 is
2964 2089 3383 2149 condemnetur,
3423 2094 3590 2154 atque

2000 2187 2044 2240 si
2080 2187 2380 2256 maiestatis
2411 2186 2620 2242 crimen
2651 2185 2979 2238 admisisset.
3011 2183 3163 2248 Quod
3201 2180 3244 2234 si
3289 2178 3413 2248 quis
3442 2176 3588 2230 forte

1999 2278 2137 2333 clam
2171 2277 2431 2340 evaserit,
2454 2285 2506 2329 et
2536 2276 2601 2344 ad
2634 2273 3029 2328 sanetissimam
3065 2269 3156 2325 Dei
3195 2268 3454 2336 majorem
3487 2262 3594 2316 Ec-

1996 2368 2218 2423 clesiam
2273 2365 2600 2435 confugerit,
2652 2373 2936 2432 postquam
2982 2357 3373 2414 ecclesiastirm
3417 2368 3592 2424 penna:

2001 2460 2264 2512 adversus
2300 2471 2422 2509 eum
2461 2455 2850 2523 processerint,
2883 2450 3182 2506 secundum
3227 2447 3370 2517 juris
3399 2446 3592 2500 obser-

2002 2549 2303 2611 vationem,
2334 2547 2378 2601 si
2413 2547 2632 2614 quidem
2665 2546 2921 2614 princeps
2954 2546 3022 2596 ad
3055 2543 3246 2595 urbem
3284 2535 3590 2606 imperatri-

1999 2656 2117 2694 cem
2173 2639 2264 2702 sit,
2312 2637 2380 2691 ab
2424 2651 2490 2692 eo
2542 2637 2594 2690 in
2649 2637 2794 2690 illam
2848 2633 3182 2704 provinciam
3227 2627 3592 2698 ablegabitur,

2002 2747 2165 2800 quam
2198 2731 2457 2801 princeps
2490 2729 2816 2792 decreverit,
2844 2735 2905 2781 ut
2932 2741 3096 2781 omne
3126 2724 3292 2780 totius
3324 2723 3447 2776 vitae
3479 2735 3594 2774 suae

2004 2833 2218 2893 tempus
2247 2823 2373 2876 istic
2402 2821 2605 2890 exigat,
2640 2835 2739 2874 nec
2764 2819 2913 2872 illinc
2958 2817 3223 2885 aufugiat,
3254 2831 3380 2870 eum
3413 2813 3481 2868 ad
3515 2813 3594 2866 lo-

1999 2933 2120 2970 eum
2155 2929 2471 2979 recurrens,
2497 2929 2606 2984 quo
2632 2914 2683 2967 in
2710 2914 2830 2968 loco
2850 2911 3124 2983 piaculum
3156 2909 3323 2971 cu'dis
3345 2907 3590 2963 admisit.

1999 3010 2096 3062 Sin
2134 3008 2272 3062 forte
2304 3020 2531 3077 peregre
2561 3006 2816 3074 princeps
2842 3005 3001 3068 absit,
3041 3017 3070 3056 a
3103 3000 3360 3072 praefecto
3403 2997 3592 3070 (Veluti

1999 3101 2202 3155 dictum
2235 3101 2339 3166 est)
2372 3099 2422 3151 in
2455 3097 2804 3150 remotiorem
2845 3096 3140 3163 quamdam
3187 3092 3468 3162 regionem
3499 3090 3595 3146 de-

1998 3190 2324 3264 portabitur,
2353 3199 2406 3242 et
2439 3189 2512 3244 ibi
2544 3188 2670 3243 vita:
2696 3203 2808 3243 sua:
2837 3185 3071 3256 spatium
3102 3191 3344 3254 peraget.

2069 3419 2122 3475 2.
2152 3419 2306 3484 Quod
2339 3418 2382 3473 si
2418 3433 2525 3474 non
2580 3415 2885 3470 voluntarie
2917 3421 3150 3477 tantum,
3187 3426 3391 3468 verum
3427 3410 3591 3464 etiam

1998 3511 2249 3567 consulto
2288 3512 2491 3564 caedem
2533 3509 2972 3579 perpetraverit:
3008 3522 3113 3562 non
3161 3506 3436 3577 cogendus
3462 3505 3593 3569 erit,

304 3599 456 3656 κατά
485 3597 586 3667 τὴν
629 3596 1039 3668 προρρηθεῖσαν
1073 3595 1362 3666 βασιλικὴν
1392 3595 1639 3661 διάταξιν
1671 3597 1892 3649 ἀποκα-

2000 3615 2057 3659 ιιι
2105 3602 2399 3658 secundum
2455 3603 2748 3656 indicatam
2795 3601 2945 3672 prius
3006 3600 3122 3672 (2'7)
3179 3597 3591 3669 imperatoriam

304 3691 492 3768 ρῆναι.
519 3689 584 3740 Εἰ
613 3687 726 3756 γὰρ,
754 3687 846 3740 τὸν
873 3687 1138 3749 ἑκουσίως
1175 3689 1242 3756 τῇ
1271 3687 1580 3754 ἀποκάρσει
1611 3686 1890 3756 προστρέ-

301 3798 476 3853 χοντα
501 3780 604 3834 οῦκ
618 3777 951 3833 ἀπεντεῦθεν
972 3781 1005 3849 ἡ
1039 3778 1298 3849 κανονικὴ
1323 3779 1584 3849 ἀκρίϐεια
1607 3779 1688 3842 εἰς
1717 3780 1890 3850 αὐτὴν

303 3869 705 3939 παραδέχεται,
735 3867 873 3922 ἀλλά
905 3867 1095 3936 καιρὸν
1134 3866 1286 3938 αὐτῷ
1318 3868 1408 3919 τὸν
1454 3865 1732 3936 ἀρκοῦντα
1769 3868 1893 3921 ἐπι-

308 3960 660 4028 μετρήσασα,
710 3958 805 4011 καὶ
849 3957 918 4010 δι’
966 3956 1137 4011 αὑτοῦ
1177 3957 1238 4010 τὸ
1273 3960 1374 4029 τῆς
1417 3957 1646 4028 γνώμης
1677 3959 1893 4012 ἐκείνου

305 4052 531 4123 βέϐαιον
555 4051 670 4103 εἴτε
703 4050 798 4103 καὶ
829 4053 1040 4119 ἀπαγὲς
1069 4050 1436 4118 βασανίσασα,
1464 4049 1625 4122 εἴπερ
1667 4052 1894 4122 εὑρήσει

302 4145 405 4195 τδν
437 4141 726 4210 ἄνθρωπον
758 4143 824 4212 τῇ
857 4140 918 4205 ἐξ
937 4141 1115 4211 ἀρχῆς
1157 4139 1414 4210 προθέσει
1444 4141 1761 4210 στοιχοῦντα
1801 4143 1896 4202 καὶ

303 4235 391 4305 τῷ
450 4231 730 4304 μοναχικῷ
779 4233 1142 4302 πολιτεύματι
1189 4233 1286 4286 καὶ
1341 4234 1407 4302 τῇ
1465 4233 1738 4304 νεκρὼσει
1795 4233 1892 4292 τοῦ

307 4325 568 4396 σώματος
617 4324 830 4388 ἀόκνως
882 4325 1078 4379 ἐαυτὸν
1135 4325 1653 4396 παρασκευάζοντα,
1705 4325 1893 4383 ἔκτοτε

307 4421 410 4485 καὶ
433 4418 537 4489 τὴν
563 4417 656 4470 τοῦ
684 4417 893 4486 ἀγαθοῦ
932 4417 1099 4487 ἔργου
1131 4416 1283 4487 αὐτῷ
1313 4418 1722 4489 προσεπιφέρει
1748 4437 1892 4489 συμ-

308 4510 598 4580 πλήρωσιν
628 4510 707 4573 είς
732 4511 833 4580 τὴν
865 4509 1166 4580 μοναχικὴν
1193 4509 1472 4563 πολιτείαν
1501 4529 1560 4564 τε
1584 4512 1895 4582 παραδεξα-

313 4604 452 4673 μένη
489 4603 583 4656 καὶ
633 4602 1009 4656 κατάστασιν·
1045 4601 1164 4665 πῶς
1213 4599 1314 4654 οὐκ
1347 4601 1412 4654 ἂν
1447 4600 1532 4672 εἴη
1569 4602 1766 4670 ἄλογον
1797 4603 1894 4655 καὶ

307 4697 427 4756 τοῖς
472 4697 867 4764 πνευματικοῖς
917 4695 1108 4763 νόμοις
1191 4695 1398 4766 ἀπᾷδον
1470 4695 1895 4764 ἀναγκαστικῶς

309 4785 713 4855 ἀποκείρεσθαί
748 4803 891 4852 τινα,
944 4787 1038 4840 καὶ
1084 4785 1258 4838 ταῦτα
1294 4785 1463 4851 φονέα
1492 4785 1551 4838 ὃν
1607 4786 1768 4857 μέχρι
1805 4803 1897 4840 το·-

313 4875 507 4929 σούτου
523 4873 696 4937 όΘεδς
716 4876 1099 4944 ἐγκατέλιπεν,
1123 4875 1265 4928 ὥστε
1287 4877 1384 4928 καὶ
1415 4876 1692 4945 ἁδελφικῷ
1716 4893 1895 4947 χραν-

2001 3696 2452 3751 constitutionem
2493 3695 2802 3750 tondeatur.
2839 3693 2974 3749 Nam
3018 3693 3065 3748 si
3107 3701 3302 3762 sponte
3331 3706 3428 3745 sua
3460 3704 3589 3745 cur-

2004 3797 2214 3843 rentem
2246 3785 2313 3840 ad
2347 3795 2648 3848 tonsuram,
2699 3801 2806 3840 non
2849 3785 2970 3840 ideo
3015 3786 3202 3841 statim
3234 3783 3301 3838 ad
3333 3798 3456 3838 eam
3492 3797 3592 3836 ca-

2003 3880 2199 3934 nonica
2267 3879 2542 3933 subtilitas
2606 3877 2892 3944 admittit,
2955 3877 3050 3932 sed
3114 3876 3204 3930 tibi
3273 3885 3482 3942 tempus
3541 3871 3593 3927 ei

2001 3969 2276 4026 sufﬁciens
2305 3970 2598 4033 concessit,
2624 3983 2795 4038 eoque
2827 3970 3058 4022 durante
3089 3975 3324 4020 mentem
3359 3963 3595 4019 hominis

1999 4059 2336 4130 esploravit,
2399 4056 2553 4112 firma
2601 4059 2696 4122 sit,
2750 4072 2820 4110 an
2870 4057 3222 4119 inconstans;
3275 4053 3320 4106 si
3371 4052 3592 4120 quidem

2003 4149 2335 4218 compererit
2372 4162 2494 4201 eum
2544 4146 2721 4216 primo
2772 4145 3054 4216 proposito
3106 4143 3473 4206 insistentem,
3528 4156 3594 4194 ac

2003 4240 2307 4294 monastica
2332 4239 2749 4294 conversatione
2789 4245 2844 4292 et
2891 4235 3308 4291 mortificatione
3339 4233 3593 4303 corporis

2001 4331 2232 4402 impigre
2287 4346 2348 4386 se
2403 4338 2845 4400 praeparantcm,
2897 4338 3010 4382 tum
3067 4329 3284 4381 demum
3341 4323 3591 4395 praeclari

2002 4425 2185 4493 operis
2226 4423 2278 4479 ei
2318 4423 2773 4493 complementum
2807 4431 2859 4476 et
2891 4419 3286 4490 perfectionem
3335 4418 3492 4472 offert
3522 4415 3591 4470 ad

2000 4517 2170 4571 vitam
2226 4515 2707 4582 eonditionemque
2758 4513 3118 4566 monasticam
3161 4511 3447 4565 admisso:
3485 4525 3596 4579 quo

1999 4616 2164 4676 pacto
2204 4621 2311 4660 non
2355 4605 2589 4660 alienum
2628 4620 2658 4659 a
2711 4605 2918 4659 ratione
2964 4604 3150 4668 fuerit,
3198 4611 3250 4657 et
3300 4617 3331 4656 a
3383 4601 3594 4673 legibus

2002 4698 2372 4770 spiritualibus
2433 4699 2770 4760 abhorrens,
2820 4698 3052 4767 aliquem
3105 4711 3203 4766 per
3251 4696 3590 4750 coactionem

2003 4790 2240 4851 tonderi,
2276 4803 2329 4847 et
2375 4791 2594 4858 quidem
2644 4789 2999 4852 homicidam,
3048 4803 3210 4858 quem
3246 4801 3421 4856 usque
3453 4786 3590 4840 adeo

2003 4882 2304 4938 deseruerit
2337 4883 2500 4947 Deus,
2527 4892 2586 4936 ut
2621 4884 2786 4937 etiam
2816 4881 3060 4936 fraterno
3086 4881 3354 4949 sanguine
3395 4892 3590 4932 manus

310 4967 475 5035 θῆναι
503 4966 598 5029 τὰς
635 4968 825 5037 χεῖρας
850 4968 1082 5035 algam;
1125 4966 1256 5030 Δέος
1289 4968 1400 5039 γαρ
1464 4967 1668 5037 μήπως
1723 4968 1892 5021 ἀκου-

2001 4974 2272 5044 polluerit.
2301 4975 2647 5030 Metuendum
2678 4975 2847 5041 enim,
2890 4989 2959 5028 ne
2987 4973 3157 5028 vitam
3202 4973 3345 5026 hanc
3383 4969 3560 5038 angeli

279 5122 289 5135 θ
315 5058 417 5127 σῐῳ
449 5059 770 5129 προαιρέσει
801 5059 892 5110 τὶν
923 5056 1214 5127 ἀγγελικδν
1247 5057 1362 5128 βίον
1399 5057 1651 5111 ὑπελθὼν
1686 5057 1778 5111 καὶ
1804 5057 1896 5128 βίᾳ

313 5149 503 5204 τοῦτον
532 5150 967 5220 καταδεξάμένος
995 5152 1074 5216 είς
1121 5151 1441 5221 ἐμπαιγμδν
1498 5153 1576 5222 τῷ
1631 5149 1898 5224 φρικώδει

317 5243 590 5311 χρήσηται
626 5243 873 5313 σχήματι
899 5259 914 5273 ⁸
963 5241 1247 5311 πεφύκασι
1300 5244 1410 5314 γάρ
1445 5243 1494 5296 οἱ
1536 5243 1645 5297 τῶν
1683 5243 1897 5314 ἀνθρὼ-

319 5349 437 5390 πων
467 5331 793 5404 κουφότεροι
841 5335 922 5397 είς
951 5335 1218 5390 ἀπόνοιαν
1257 5335 1591 5404 ἐμπεσόντες
1637 5335 1731 5388 καὶ
1772 5338 1894 5399 ταῖς

322 5425 622 5494 χειρίσταις
645 5428 740 5480 καὶ
761 5425 1251 5498 παραϐολωτέραις
1274 5427 1578 5500 ἐπιτολμᾷν
1604 5428 1890 5501 πράξεσιν.

1994 5084 2116 5123 eam
2167 5070 2491 5124 adversante
2539 5069 2721 5123 animo
2764 5069 3067 5139 ingressus,
3104 5081 3276 5133 eaque
3329 5079 3424 5133 per
3478 5063 3586 5115 vim

1994 5169 2272 5230 suscepta,
2299 5162 2597 5215 reverenda
2621 5161 2806 5216 habitu
2833 5161 2899 5216 ad
2933 5159 3222 5214 ludibrium
3256 5164 3459 5210 utatur.
3491 5153 3586 5209 Sic

1993 5249 2138 5303 enim
2175 5250 2472 5318 comparati
2499 5259 2628 5306 sunt
2657 5251 2902 5305 homines
2930 5249 3180 5314 leviores,
3211 5258 3267 5300 ut
3297 5247 3386 5300 tibi
3418 5248 3582 5300 semel

1993 5332 2310 5394 dementati'
2345 5340 2572 5408 fuerint,
2623 5341 2860 5411 pessima
2909 5351 2964 5395 et
3013 5339 3247 5394 maxime
3291 5335 3584 5391 temeraria

2002 5427 2245 5492 facinora
2282 5432 2639 5502 peraudacter
2663 5433 3061 5504 aggrediantur.
3081 5429 3440 5497 Quamobrem
3462 5439 3556 5484 ton
3576 5456 3583 5460 -

389 5692 503 5773 (ἓξ)
540 5693 772 5773 Qerrigit
812 5705 1030 5773 sextam
1093 5697 1354 5773 novellam
1388 5698 1751 5773 _Constan_tini
1801 5699 1851 5755 in
1896 5701 2164 5773 porphyra
2196 5701 2328 5757 nati.

393 5763 507 5836 (27)
544 5763 892 5828 Constantini
915 5769 1141 5832 scilicet,
1176 5768 1228 5822 in
1253 5770 1520 5840 porphyra
1553 5771 1685 5828 nati.
