4044 6484
383 402 489 461 767

1615 386 2023 454 MANUEI.IS
2061 384 2408 447 COMNENI

3545 376 3657 441 ’ἶδὸ

385 528 524 570 ειη·ιὲ
552 512 674 567 loco
697 509 953 581 maiestas
982 524 1098 565 mea
1125 507 1337 574 statuit,
1362 514 1422 562 ut
1439 504 1532 578 qui
1552 505 1755 562 caedem
1783 511 1976 572 sponte

2109 498 2239 551 Δντὶ
2270 498 2453 551 τοίνυν
2483 497 2582 567 τῆς
2621 493 2986 567 ἀποκάρσεως
3023 492 3309 565 νομοθετεῖ
3335 509 3368 562 η
3405 491 3657 562 βασιλεία

386 621 481 663 sua
534 604 938 673 praemeditatus
986 603 1229 668 admisit,
1285 603 1338 656 in
1378 599 1633 657 custodia
1687 607 1801 653 toto
1851 595 1973 648 vita:

2109 606 2182 642 ιου
2256 589 2349 643 τὸν
2412 587 2923 658 πεπλημμεληκότα
2974 587 3140 655 φόνον
3206 583 3656 655 μεμελετημένον

388 713 497 752 sua:
532 706 778 765 tempore
818 697 996 765 degat,
1031 709 1097 749 ex
1124 710 1188 751 ea
1222 707 1497 762 nunquam
1539 689 1872 752 educendus,
1908 702 1976 741 ne

2109 678 2324 732 κούσιον
2354 679 2412 732 ἐν
2444 678 2662 749 φυλακῇ
2697 679 2829 748 παρ’
2880 677 3002 731 ὅλον
3036 676 3127 729 τὸν
3153 676 3253 747 τῆς
3293 674 3440 745 ζωῆς
3487 675 3661 730 αὐτοῦ

382 788 534 856 jussu
589 788 810 857 quidem
854 788 1251 858 imperatorio,
1303 801 1400 856 per
1455 783 1786 840 oblivionem
1839 782 1977 835 forte

2109 772 2275 843 χρόνον
2331 771 2568 840 διάγειν,
2615 770 2710 824 καὶ
2772 771 3032 841 μηδέποτ’
3091 767 3302 822 ἐκεῖθεν
3345 768 3663 836 ἐξάγεσθαι,

389 881 650 952 principis
674 881 880 938 elicito.
919 879 993 933 De
1017 879 1368 935 facultatibus
1389 887 1567 932 autem
1593 876 1832 946 ipsorum
1861 874 1975 940 tiat,

389 971 848 1042 quemadmodum
880 972 1172 1042 praedictus
1199 971 1498 1040 imperator
1525 968 1742 1025 statuit.

466 1286 522 1341 3.
556 1284 691 1352 Quia
717 1300 846 1340 vero
870 1284 1115 1354 plerique
1146 1283 1567 1350 homicidarum,
1591 1283 1684 1354 qui
1716 1281 1985 1339 meditato

398 1387 453 1432 et
479 1375 732 1432 consulto
760 1377 936 1431 credes
968 1383 1313 1447 perpetrant,
1354 1375 1422 1429 ad
1454 1374 1854 1430 sanctissimam
1890 1373 1984 1430 Dei

404 1468 660 1537 Maiorem
707 1467 1002 1523 Ecclesiam
1048 1467 1235 1532 delati,
1283 1481 1388 1521 non
1425 1466 1501 1522 uti
1536 1466 1712 1521 caedes
1744 1465 1813 1521 ab
1853 1466 1987 1537 ipsis

402 1561 547 1615 facta
578 1568 683 1625 est,
712 1560 805 1614 sed
839 1574 906 1614 cx
954 1559 1241 1615 commodo
1289 1573 1388 1613 suo
1433 1558 1501 1614 de
1543 1573 1605 1613 ea
1637 1558 1984 1624 conﬁtentur,

402 1651 689 1706 veritatem
722 1651 1080 1711 occultantes.
1120 1648 1376 1718 maiestas
1416 1665 1531 1704 mea
1568 1651 1835 1719 praecipit,
1865 1659 1921 1704 ut
1956 1664 1987 1705 a

402 1742 755 1799 sanctissimo
788 1757 886 1811 pro
917 1752 1161 1811 tempore
1196 1740 1505 1810 patriarcha
1542 1740 1735 1794 litterae
1769 1754 1987 1807 pmnam

2080 863 2205 934 μηδ’
2237 863 2345 916 ἀπὸ
2395 862 2689 933 βασιλικῆς
2729 862 2862 926 ίσως
2911 860 3269 932 προστάξεως
3307 860 3453 914 κατὰ
3488 860 3666 927 λήθην

2080 952 2481 1025 ποριζομένης·
2528 955 2624 1008 ἐπὶ
2657 955 2714 1008 δὲ
2753 955 2876 1016 ταῖς
2931 953 3277 1024 περιουσίαις
3304 951 3487 1006 αὐτῶν
3515 953 3667 1020 γίνε-

2081 1045 2253 1112 σθαι,
2304 1045 2490 1109 καθὼς
2542 1047 2571 1098 ὀ
2624 1044 3137 1117 προμνημονευθεὶς
3196 1042 3452 1115 βασιλεὺς
3483 1043 3667 1097 διετά-

2082 1138 2236 1206 ξατο.

2153 1285 2223 1348 γ’.
2252 1278 2407 1334 Ἐπεὶ
2432 1279 2487 1333 δὲ
2518 1278 2565 1331 oi
2592 1279 2813 1342 πλείους
2836 1278 2944 1332 τῶν
2973 1278 3182 1346 φονέων
3205 1276 3270 1329 ἐκ
3321 1275 3556 1346 μελέτης
3576 1275 3677 1328 καὶ

2083 1377 2428 1448 διασκέψεως
2479 1375 2607 1436 τοὺς
2635 1374 2828 1442 φόνους
2862 1373 3348 1442 κατεργαζόμενοι,
3380 1371 3575 1424 ἔπειτα
3607 1375 3678 1440 τῇ

2087 1471 2371 1540 ἁγιωτάτῃ
2401 1469 2495 1521 τοῦ
2521 1467 2657 1520 Θεοῦ
2684 1465 3235 1538 ΜεγάλῃἙκκλ-ησίᾳ
3254 1464 3675 1534 προσελθόντες,

2086 1565 2186 1633 οὐχ
2215 1563 2294 1627 ὡς
2316 1562 2508 1631 γέγονε
2571 1559 2704 1630 παρ’
2744 1558 2927 1611 αὐτῶν
2955 1559 2982 1607 ὁ
3034 1558 3219 1625 φόνος,
3249 1556 3385 1610 ἀλλὰ
3438 1556 3579 1625 πρὸς
3618 1556 3682 1608 τὸ

2088 1657 2290 1709 οἰκεῖον
2362 1653 2652 1724 συμφέρον
2712 1651 3123 1720 ποιοῦνταιτὴν
3153 1648 3551 1718 ἐξομολόγησιν
3574 1648 3679 1716 τὴν

2087 1745 2347 1816 ἀλήθειαν
2372 1742 2637 1814 παρακρύ
2650 1759 2875 1803 πτοντες
2904 1759 2918 1772 ο
2970 1741 3418 1811 παρακελεύεται
3448 1740 3482 1809 ἡ
3522 1738 3685 1806 βασι-

402 1833 745 1890 continentes
790 1832 858 1888 ad
914 1832 1023 1887 loci
1079 1832 1412 1902 pontiﬁcem,
1468 1833 1629 1900 eique
1684 1830 1986 1898 subjectum

2109 1838 2212 1892 ιεία
2239 1854 2343 1909 μου
2375 1836 2600 1907 γραφὴν
2653 1834 2903 1904 γίνεσθαι
2926 1833 3022 1887 τοῦ
3058 1832 3201 1886 κατὰ
3233 1833 3456 1901 καιροὺς
3504 1832 3682 1899 ἀγιωο

404 1924 632 1990 clerum,
669 1935 834 1994 atque
867 1925 1032 1980 etiam
1065 1925 1131 1978 ad
1162 1924 1338 1994 ipsum
1372 1923 1608 1993 regionis
1652 1922 1797 1977 illius
1841 1921 1993 1993 indi-

405 2029 521 2069 cem
554 2016 1010 2083 perscribantur:
1046 2026 1099 2069 ct
1131 2024 1289 2083 prout
1339 2029 1403 2068 ex
1457 2015 1672 2068 illorum
1718 2014 1988 2083 rescripto

403 2111 606 2163 caedem
660 2108 949 2164 admissam
997 2106 1331 2175 cognoverit,
1370 2108 1774 2162 exsecutionem
1827 2107 1990 2162 insti-

407 2208 548 2261 tuat;
581 2216 683 2255 nec
715 2199 805 2268 qui
840 2197 1090 2254 consulto
1128 2211 1291 2267 quem
1326 2196 1619 2263 interfecit,
1671 2197 1742 2252 ob
1795 2196 1990 2251 falsam

405 2289 808 2344 confessionem
857 2304 1011 2343 suam
1052 2288 1269 2343 easdem
1302 2301 1423 2341 cum
1460 2287 1555 2342 illo
1590 2301 1783 2357 prenas
1830 2297 1995 2357 atque

406 2383 795 2453 castigationes
835 2382 1139 2446 sustineat,
1201 2381 1291 2434 aui
1338 2394 1468 2435 casu
1507 2389 1563 2436 et
1602 2381 1900 2449 improviso
1940 2384 1996 2437 in

413 2474 517 2530 tale
547 2475 755 2531 crimen
785 2474 998 2532 incidit.

482 2804 536 2858 4.
571 2803 722 2870 Quod
755 2806 799 2860 si
833 2807 955 2876 quis
987 2805 1410 2864 homicidarum.
1450 2806 1542 2877 qui
1593 2805 1659 2861 ad
1707 2805 2000 2860 sanct’ssi-

415 2908 560 2950 mam
619 2895 878 2967 Maiorem
939 2898 1237 2952 Ecclesiam
1294 2897 1636 2965 confugerat,
1693 2905 1749 2951 et
1806 2897 2004 2952 exsilio

415 2999 678 3057 perpetuo
707 2990 1100 3046 condemnatus
1123 2999 1261 3054 erat,
1291 2989 1374 3044 vel
1409 3000 1464 3042 ut
1494 2989 1547 3042 in
1581 2988 1811 3044 vinculis
1834 2996 2001 3054 esset,

416 3089 480 3129 ac
525 3088 623 3144 per
666 3090 883 3131 omnem
937 3078 1103 3131 vitam
1140 3094 1294 3135 suam
1346 3078 1591 3132 custodia
1631 3076 2001 3142 clauderetur,

2089 1929 2256 1984 τάτου
2319 1928 2668 1997 πατριάρχου
2737 1925 2856 1995 μετ’
2895 1923 3180 1992 ἐπιτιμίου
3227 1921 3366 1994 πρὸς
3422 1922 3516 1975 τὸν
3538 1924 3685 1975 κατά

2090 2022 2279 2093 χώραν
2347 2018 2619 2089 ἀρχιερέα
2662 2016 2760 2070 καὶ
2804 2016 2899 2069 τὸν
2937 2014 3029 2068 ὑπ’
3075 2014 3244 2067 αὐτὸν
3278 2013 3508 2084 κλῆρον,
3544 2011 3688 2064 ἀλλά

2096 2114 2204 2185 μὴν
2254 2114 2352 2166 καὶ
2406 2111 2497 2165 τὸν
2563 2110 2658 2164 τοῦ
2702 2108 2940 2177 θύματος
3004 2107 3287 2178 διαιτητήν
3320 2122 3336 2139 ⁸
3373 2106 3469 2158 καὶ
3498 2102 3689 2167 καθὼς

2097 2210 2248 2280 μάθῃ
2278 2207 2538 2276 γενέσθαι
2570 2206 2664 2260 τὸν
2694 2204 2860 2275 φόνον
2895 2203 3006 2256 ἀπὸ
3038 2202 3138 2269 τῆς
3172 2199 3399 2254 ἐκείνων
3423 2199 3693 2267 ἀντιγρα-

2096 2303 2226 2373 φῆς,
2254 2301 2402 2355 οὕτω
2460 2300 2639 2355 ποιεῖν
2670 2300 2764 2351 καὶ.
2804 2298 2904 2366 τὴν
2935 2294 3289 2359 ὲπεξέλευσιν
3309 2308 3323 2323 ⁸
3357 2293 3450 2346 καὶ
3491 2292 3564 2359 μὴ
3595 2290 3695 2345 τὸν

2097 2397 2162 2449 ἐκ
2191 2395 2426 2465 μελέτης
2473 2391 2772 2460 φονεύοντα
2815 2388 2907 2443 διὰ
2933 2386 3030 2456 τὴν
3070 2386 3243 2455 ψευδῆ
3295 2384 3461 2438 αὐτοῦ
3486 2384 3692 2450 ἐξαγο-

2100 2486 2253 2558 ρείαν
2282 2485 2378 2548 τὰς
2410 2485 2504 2537 τοῦ
2537 2481 2683 2536 κατὰ
2712 2481 2886 2551 τύχην
2908 2480 3003 2533 καὶ
3038 2479 3367 2547 ἀπροόπτως
3397 2475 3476 2544 τῷ
3507 2473 3694 2528 τοιού-

2098 2594 2176 2647 τῳ
2203 2576 2596 2646 περιπεσόντος
2627 2573 2941 2643 ἐγκλήματι
2971 2571 3228 2642 δέχεσθαι
3272 2568 3467 2632 ποινὰς
3496 2568 3591 2622 καὶ
3620 2568 3695 2620 τὰ

2101 2669 2378 2739 ἐπιτίμια.

2174 2822 2312 2877 δ’.Εί
2337 2838 2422 2884 τις
2445 2820 2630 2891 μέντοι
2660 2817 2766 2872 τῶν
2794 2816 3031 2887 φονέων,
3065 2816 3133 2885 τῇ
3154 2803 3433 2886 ἁγιωτάτῃ
3456 2810 3697 2885 Μεγάλῃ

2107 2912 2449 2984 προσφυγὼν
2498 2910 2824 2981 Ἐκκλησία,
2887 2908 2983 2962 καὶ
3010 2908 3078 2978 τῇ
3110 2906 3377 2978 ἀειφυγίᾳ
3421 2921 3694 2974 κατακρι-

2106 3008 2278 3078 Θεὶςῆ
2329 3007 2551 3075 δέσμιος
2606 3000 2749 3058 εἶναι
2803 3002 2898 3055 καλ⁵
2924 3003 2982 3055 ὲν
3040 3000 3263 3071 φυλακῇ
3308 2997 3700 3068 ἐγκεκλεῖσθαι

2108 3102 2238 3172 παρ’
2267 3101 2399 3171 ὃλην
2456 3096 2623 3152 αὐτοῦ
2675 3094 2776 3166 τὴν
2812 3094 2983 3163 ζωὴν,
3010 3092 3216 3164 εὑρεθῇ
3242 3092 3433 3152 ἄνετος
3461 3091 3703 3161 ἐμπερι-

411 3163 670 3221 inventus
704 3164 961 3222 fneriteo
997 3169 1117 3223 loco
1169 3168 1340 3224 libere
1389 3169 1594 3238 vagari,
1643 3182 1752 3236 quo
1798 3170 1999 3224 rae-lem

2109 3163 2297 3246 πατῶν
2334 3163 2463 3245 ἔνθα
2493 3191 2585 3243 τὸν
2610 3163 2774 3259 φόνον
2799 3188 3121 3256 εἰργάσατο,
3156 3185 3383 3253 δέσμιος
3414 3182 3566 3253 παρὰ
3594 3182 3698 3235 τοῦ

417 3257 786 3324 perpetravit:
821 3257 1035 3314 vinctus
1064 3266 1398 3329 a'quaestore
1428 3260 1529 3314 loci
1564 3260 1630 3315 ad
1657 3258 2000 3327 maiestatem

415 3360 591 3399 meam
648 3347 917 3413 mittetur,
970 3360 1026 3405 et
1073 3364 1414 3420 quaecunque
1463 3358 1592 3405 tunc
1645 3349 1812 3418 ipsius
1862 3350 2001 3404 bona

418 3442 627 3504 reperta
674 3434 902 3500 fuerint,
952 3438 1006 3493 in
1052 3439 1265 3495 lucrum
1316 3449 1424 3495 tam
1471 3440 1731 3510 quaestori
1785 3440 2003 3506 cedent,

415 3538 578 3593 quam
611 3534 666 3580 et
702 3528 796 3595 qui
839 3528 1164 3585 homicidam
1198 3531 1545 3596 indicaverit,
1574 3546 1640 3585 ex
1677 3546 1834 3600 aequo
1862 3540 2007 3586 inter

417 3617 564 3685 ipsos
615 3615 920 3672 dividenda.
970 3619 1203 3675 Omnino
1255 3631 1434 3675 autem
1485 3636 1631 3675 curae
1679 3622 1786 3676 erit
1820 3622 2009 3689 lmjus-
2098 3638 2101 3641 ·

421 3706 566 3760 modi
612 3722 901 3763 causarum
934 3711 1209 3780 iudicibus
1255 3713 1310 3768 in
1362 3713 1709 3767 sanctissima
1759 3712 2006 3768 Ecclesia

420 3795 650 3864 Maiore,
694 3809 749 3852 ut
788 3802 1135 3857 convenienti
1171 3803 1466 3859 severitate
1516 3803 1790 3857 canonicne
1833 3804 2010 3858 caedes

422 3893 666 3959 puniant,
699 3907 796 3949 nec
836 3903 1042 3950 temere
1071 3904 1314 3966 tempora
1348 3896 1686 3962 deminuunt,
1726 3912 1826 3952 nec
1865 3898 2011 3975 plus,

420 4000 584 4055 quam
627 4001 725 4055 par
767 3987 860 4051 sit,
910 3986 1061 4043 lenes
1112 4002 1235 4043 sese
1287 3986 1590 4059 praebeant,
1638 3989 1726 4043 ubi
1762 3989 1863 4043 hoc
1894 3985 2011 4045 ﬁeri

422 4095 530 4134 non
578 4087 814 4149 Oportet.
858 4080 1132 4135 Caeterum
1180 4079 1339 4148 huius
1382 4078 1682 4147 maiestatis
1714 4095 1846 4134 meae
1874 4097 2009 4135 con-

421 4171 723 4226 stitutionis
761 4173 1035 4241 exempla,
1070 4187 1100 4226 a
1143 4171 1501 4227 tribunalium
1554 4172 1828 4242 prwl'ectis
1875 4174 2011 4230 sub-

421 4264 645 4333 scripta,
701 4263 976 4333 missaque
1023 4264 1431 4333 provinciarum
1486 4262 1761 4331 ecclesiis,
1812 4264 2011 4318 ibidem

426 4369 793 4423 reponentur;
826 4365 883 4408 ut
923 4371 1115 4411 omnes
1148 4371 1339 4411 eorum
1381 4372 1501 4426 quae
1536 4358 1831 4411 constituta
1861 4366 2012 4423 sunt,

424 4447 669 4502 notitiam
704 4447 965 4513 habeant,
995 4454 1050 4501 et
1081 4457 1268 4518 agant,
1301 4456 1361 4503 ut
1396 4447 1448 4502 in
1486 4448 1568 4504 eis
1609 4450 1942 4503 continetur.

497 4757 551 4811 5.
592 4755 745 4821 Quod
776 4755 822 4811 si
856 4754 1109 4810 consulto
1155 4755 1311 4810 facta:
1354 4756 1520 4811 caedis
1562 4767 1773 4821 auctor,
1825 4765 2020 4825 sponte

430 4862 527 4902 sua
579 4855 859 4900 tonsuram
908 4858 1160 4915 expetat:
1209 4862 1318 4901 non
1369 4858 1573 4901 temere
1624 4848 2018 4902 monachorum

433 4939 484 4992 in
522 4938 769 5001 ordinem
814 4939 1198 5004 admitteutur,
1247 4940 1342 4993 sed
1384 4955 1578 5009 magna
1627 4954 1754 4994 cum
1792 4954 2023 4993 accura-

435 5033 579 5087 tione
601 5038 656 5086 et
685 5031 1061 5100 exploratione
1084 5029 1346 5100 temporis
1377 5029 1696 5084 sulIicientis
1720 5032 2019 5084 secundum

428 5124 745 5181 sanctiones
793 5122 1090 5179 canonicas
1134 5123 1501 5177 examinatus.
1562 5121 1630 5174 Et
1683 5121 1903 5190 quidem
1965 5120 2020 5173 in

436 5216 766 5270 monasterio
813 5213 900 5269 vel
950 5213 1155 5269 invitus
1206 5228 1303 5283 per
1357 5213 1672 5268 universum
1735 5211 1858 5266 vita:
1908 5225 2022 5267 sua:

434 5314 647 5374 tempus
697 5317 920 5359 manere
974 5312 1238 5373 cogetur,
1296 5317 1397 5357 nec
1448 5302 1842 5371 indulgentiam
1899 5303 2023 5358 inde

433 5409 627 5450 rursus
682 5393 916 5451 exeundi
973 5410 1212 5466 unquam
1262 5394 1597 5464 impetrabit.
1657 5393 1835 5463 Ipsum
1891 5407 2023 5448 vero

434 5491 828 5545 monasterium
868 5503 1095 5560 prorsus
1120 5488 1225 5544 erit
1256 5490 1309 5543 in
1347 5487 1452 5542 alia
1484 5487 1790 5556 provincia,
1828 5501 1933 5540 non
1968 5486 2021 5540 in

432 5597 502 5637 eo
528 5582 664 5647 solo,
693 5584 836 5652 quod
871 5582 1146 5638 interfecti
1190 5581 1510 5653 sanguinem
1556 5578 1701 5642 male
1744 5579 1897 5648 quasi
1938 5578 2023 5632 di-

436 5674 603 5731 ducto
632 5675 767 5729 rictu
790 5676 901 5731 oris
920 5675 1154 5744 excepit.

517 5814 639 5872 Dat.
676 5828 858 5870 mense
897 5814 1087 5885 Aprili,
1118 5813 1414 5872 indictione
1450 5827 1563 5874 XIV,
1628 5825 1791 5866 manu
1850 5810 2020 5879 regia,

2043 4535 2093 4596 D

2096 3287 2247 3357 κατὰ
2300 3285 2487 3358 χώραν
2546 3284 2859 3355 πράκτορος
2933 3279 3384 3346 ἀποσταλήσεται
3447 3278 3531 3338 είς
3593 3276 3701 3346 τὴν

2106 3380 2390 3452 βασιλείαν
2419 3395 2521 3448 μου
2541 3393 2556 3408 ο
2593 3375 2691 3430 καὶ
2715 3376 2817 3427 ὅσα
2858 3373 2914 3426 δὲ
2943 3373 3067 3434 τότε
3093 3368 3512 3441 παρευρεθῶσιν
3543 3367 3703 3435 αὑτῷ

2105 3473 2436 3543 πράγματα,
2487 3471 2570 3532 είς
2630 3467 2822 3538 κέρδος
2860 3464 3016 3519 ἔσται
3075 3462 3157 3533 τῷ
3204 3462 3478 3532 πράκτορι
3501 3462 3595 3513 καὶ
3620 3460 3705 3528 τῷ

2104 3565 2200 3617 τὸν
2231 3563 2400 3631 φονέα
2458 3558 2921 3630 καταμηνύσαντι
2976 3558 3179 3626 ἐπίσης
3223 3555 3357 3626 παρ’
3391 3553 3574 3606 αὐτῶν
3604 3569 3711 3623 με-

2111 3658 2400 3728 ριζόμενα.
2439 3656 2687 3725 Μελήσει
2717 3655 2775 3706 δὲ
2834 3652 3057 3713 πάντως
3088 3650 3185 3705 καὶ
3211 3651 3324 3711 τοῖς
3348 3650 3406 3701 ἐν
3431 3648 3498 3717 τῇ
3531 3647 3710 3715 ἁγιω-

2107 3750 2246 3821 τάτῃ
2278 3749 2510 3821 Μεγάλῃ
2544 3745 2846 3814 Ἐκκλησία
2892 3744 3003 3798 τῶν
3048 3741 3311 3795 τοιούτων
3396 3738 3711 3806 διαιτηταῖς

2101 3820 2258 3911 ’μετὰ
2308 3839 2409 3908 τῆς
2454 3820 2847 3908 προσηκούσης
2910 3833 3210 3903 κανονικῆς
3260 3832 3570 3902 αὐστηρίας
3632 3829 3713 3880 τὰ.

2113 3932 2314 4004 φονικὰ
2363 3930 2619 3993 κολάζειν
2673 3929 3025 3998 ἐγκλήματα,
3052 3927 3149 3978 καὶ
3179 3925 3254 3995 μὴ
3296 3925 3424 3984 τοὺς
3473 3921 3708 3991 χρόνους

2113 4027 2189 4089 ὡς
2215 4025 2375 4096 ἔτυχε
2411 4024 2761 4093 συντέμνειν,
2792 4021 2887 4075 καὶ
2913 4019 3048 4091 μηδὲ
3076 4018 3163 4086 ἐφ’
3200 4013 3283 4080 οἷς
3311 4016 3374 4069 οὐ
3398 4015 3504 4086 χρὴ
3539 4013 3711 4066 πλέον

2113 4117 2210 4174 τοῦ
2252 4117 2462 4179 εἰκότος
2530 4111 3105 4184 φιλανθρωπεύεσθαι.
3170 4109 3292 4161 Ἴσα
3355 4106 3542 4176 μέντοι
3603 4104 3707 4157 τοῦ

2115 4211 2385 4281 παρόντος
2412 4206 2782 4275 διατάγματος
2812 4203 2911 4273 τῆς
2970 4201 3251 4271 βασιλείας
3280 4215 3406 4269 μου,
3450 4197 3707 4265 ὑπογρα-

2116 4304 2289 4374 φέντα
2337 4300 2492 4372 παρὰ
2522 4300 2632 4353 τῶν
2675 4296 3099 4371 προϊσταμένων
3146 4293 3258 4347 τῶν
3298 4290 3701 4359 δικαστηρίων,

2116 4395 2503 4450 ἀποσταλέντα
2542 4393 2665 4454 ταῖς
2707 4392 2851 4445 κατὰ
2890 4387 3078 4459 χώραν
3121 4383 3480 4455 Ἐκκλησίαις
3504 4385 3707 4434 ἀποτε-

2120 4492 2388 4563 θὴσεται·
2442 4488 2586 4542 ὥστε
2649 4488 2860 4548 πάντας
2914 4483 3123 4553 εἴδησιν
3161 4480 3305 4550 ἔχειν
3344 4477 3454 4529 τῶν
3521 4475 3715 4545 διωρι-

2124 4585 2363 4653 σμένων,
2393 4583 2468 4645 ὡς
2494 4581 2561 4635 ἂν
2578 4580 2774 4634 ποιῶσι
2797 4576 2938 4632 κατὰ
2958 4575 3057 4645 τὴν
3081 4575 3289 4628 τούτων
3314 4569 3632 4643 περίληψιν.

2193 4743 2254 4799 ε’.
2320 4741 2494 4812 Εἴπερ
2562 4739 2746 4810 μέντοι
2788 4740 2817 4792 ὁ
2878 4736 2972 4789 τὸν
3029 4732 3480 4805 μεμελετημένον
3545 4727 3714 4796 φόνον

2123 4837 2504 4907 ἐργασάμενος
2557 4832 2825 4893 ἑκουσίως
2877 4828 3055 4883 ἕλοιτο
3083 4826 3184 4897 τὴν
3238 4823 3577 4889 ἀπόκαρσιν,
3608 4819 3715 4873 οὐκ

2121 4928 2506 4997 ἀδοκιμάστως
2536 4927 2650 4986 τοῖς
2686 4923 2944 4993 μοναχοῖς
2981 4917 3514 4989 ἐγκαταλεγήσεται,
3569 4912 3713 4967 ἀλλὰ

2126 5020 2266 5092 μετὰ
2311 5019 2514 5088 πολλῆς
2574 5020 2676 5086 τῆς
2728 5013 3027 5084 ἀκριδείας
3082 5010 3179 5063 καὶ
3231 5009 3557 5073 ἐξετάσεως,
3616 5005 3713 5057 τὸν

2123 5110 2400 5185 ἀρκοῦντα
2466 5108 2659 5179 χρόνον
2712 5105 2856 5159 κατὰ
2917 5102 3016 5166 τὰς
3081 5100 3375 5162 κανονικὰς
3430 5095 3712 5159 διατάξεις

2124 5202 2572 5280 βασανιζόμενος.
2610 5200 2701 5271 Τῷ
2754 5199 2937 5270 μέντοι
2997 5193 3352 5267 μοναστηρίῳ
3408 5194 3505 5243 καὶ
3558 5190 3712 5243 ἄκων

2124 5299 2453 5371 προσμένειν
2483 5290 2962 5361 ἀναγκασθήσεται
2989 5288 3120 5356 παρ’
3157 5286 3278 5340 ὅλον
3300 5285 3392 5338 τὸν
3423 5284 3524 5353 τῆς
3554 5281 3705 5348 ζωῆς

2123 5390 2290 5445 αὐτοῦ
2332 5388 2547 5459 χρόνον,
2610 5385 2883 5457 μηδέποτε
2912 5380 3105 5435 τούτου
3129 5377 3450 5450 ἐξέρχεσθαι
3480 5390 3701 5442 συγχω-

2127 5481 2408 5553 ρούμενος,
2446 5479 2671 5541 Πάντως
2696 5478 2754 5531 δὲ
2788 5477 2849 5529 τὸ
2879 5474 3246 5545 μοναστήριον
3265 5471 3324 5522 ὲν
3353 5467 3519 5537 ἑτέρᾳ
3549 5464 3707 5516 ἔσται

2123 5573 2386 5645 ἐπαρχίᾳ,
2426 5573 2519 5625 καὶ
2545 5572 2644 5624 οὐκ
2667 5571 2722 5622 ὲν
2744 5568 2931 5638 ἐκείνῃ
2953 5569 3018 5633 τῇ
3049 5566 3142 5634 γῇ,
3175 5564 3208 5632 ἢ
3233 5563 3293 5613 τὸ
3326 5558 3420 5612 τοῦ
3455 5555 3710 5616 θανόντος

2127 5663 2266 5738 οἶμα
2297 5664 2537 5737 χανοῦσα
2572 5662 2757 5724 κακῶς
2778 5659 3101 5724 ὑπεδέξατο.

2195 5804 2267 5858 Τό
2290 5821 2302 5834 ·
2335 5800 2483 5871 Μηνὶ
2537 5796 2800 5869 Ἀπριλίῳ
2830 5794 2931 5849 ἰνδ.
2985 5794 3045 5848 ιδ’
3087 5790 3183 5858 τῆς
3213 5784 3503 5859 βασιλικῆς
3543 5782 3708 5854 ἁγίας
