4044 6400
269 373 377 435 ’ἷόθ

1393 372 1760 436 ΝυνΕΙιΙιᾸῖ
1798 373 2478 434 CUNSTlTUTlONES.

3435 377 3541 438 770

267 509 469 582 χειρός·
504 509 538 579 ή
567 507 658 562 διὰ
689 507 864 580 κηροῦ
899 507 1136 578 συνήθης
1170 507 1428 578 σφραγίςο
1459 508 1554 560 καὶ
1577 506 1638 560 τὸ
1653 505 1741 559 διὰ
1755 504 1848 560 τοῦ

1964 483 2216 551 appositis
2254 485 2432 538 domni
2460 483 2745 552 logotbetat
2789 493 2844 538 et
2885 486 3056 540 sancti
3121 484 3396 541 Michaelis
3456 488 3540 543 si-

267 601 558 672 λογοθέτου
582 600 676 654 τοῦ
708 601 911 672 δρόμου
976 600 1067 653 τοῦ
1113 598 1566 670 ἁγιοθεοδωρίτου
1599 598 1844 668 Μιχαὴλ.

269 689 396 762 Εἶχε
426 691 525 744 καὶ
545 689 750 756 ἔξωθεν
774 693 834 744 ὲν
864 693 930 760 τῇ
960 690 1257 760 προπτύξει
1281 689 1388 742 τῶν
1419 687 1624 742 κολλῶν
1650 688 1844 741 ταῦτα·

269 783 544 852 ’Δπελῦθη
582 786 713 852 μηνὶ
779 783 983 854 Ἰουλίῳ
1025 783 1126 836 ίνδ.
1159 783 1219 834 ιδ’
1267 781 1379 834 ἔτει
1413 779 1600 852 ,ςχοδκ
1626 780 1700 833 Τὸ
1727 779 1849 834 κατ’

268 878 386 939 ἔτος
424 876 590 945 μόνον
617 875 713 928 τοῦ
746 876 1008 947 σεκρέτου
1044 876 1139 929 τοῦ
1195 876 1432 944 μεγάλου
1460 874 1848 944 δρουγγαρίου,

268 971 364 1019 καὶ
389 968 451 1020 τὸ
490 967 847 1038 κατεστρώθη
888 968 946 1020 ἐν
969 972 1082 1031 τοϊς
1129 968 1250 1020 δυσὶ
1286 967 1546 1036 μεγάλοις
1593 965 1855 1035 λογαρια-

271 1060 551 1122 στατικοϊς
606 1058 889 1129 σεκρέτοις
949 1059 1092 1113 κατὰ
1123 1059 1268 1129 μῆνα
1305 1057 1614 1126 Αὔγουστον
1638 1057 1737 1112 ίνδ.
1765 1056 1848 1110 ιδ’.

1956 574 2116 644 gillis.
2152 573 2501 652 Extrinsecus
2539 590 2700 643 super
2726 575 2958 646 ligatura
2994 577 3273 643 legebatur
3302 594 3315 630 :
3345 577 3538 632 Datum

1957 677 2144 720 mense
2171 663 2334 727 Julio.
2371 665 2480 719 iud.
2509 681 2582 728 tv,
2625 681 2770 720 anno
2804 665 2963 731 θύη,
2999 668 3057 720 in-
3089 668 3294 722 aedibus
3325 683 3540 722 annua-

1958 753 2024 806 rii
2062 753 2368 817 secretarii,
2399 757 2575 823 magni
2603 755 2902 823 drungarii,
2937 756 3068 811 etin
3097 756 3335 812 arcltivis
3357 770 3542 812 secre-

1960 853 2051 911 tts,
2089 861 2275 901 mense
2301 847 2547 916 Augusti,
2579 846 2690 900 iud.
2720 862 2835 901 xlv.

1803 1285 1808 1293 ’
1849 1284 1972 1344 XV.

1007 1501 1073 1538 nt:
1115 1497 1448 1538 ns'rnmomo
1480 1498 1702 1536 sem-mo
1727 1496 2070 1536 COGNATIONIS
2100 1497 2275 1536 ontnu
2311 1496 2620 1536 CONTBACTO
2655 1481 2791 1552 (28).

276 1716 388 1771 VII.
409 1710 1124 1782 dearmmaﬁamxtxor,
1141 1711 1391 1765 διαλύων·
1408 1711 1503 1764 καὶ
1523 1711 1863 1779 ἀνατρέπω·

339 1787 407 1840 τὸ
443 1781 673 1874 ξτροόὰν
709 1781 1081 1874 msg#01135
1119 1783 1368 1874 apta/troc-
1405 1782 1678 1874 βαθμοῦ]
1703 1796 1849 1834 συν·
1883 1821 1926 1874 Β

335 1850 628 1918 οικέσιον,
665 1853 905 1906 κωλύον
937 1850 1008 1904 δὲ
1043 1852 1320 1920 γενέσθαι
1344 1851 1432 1920 μὴ
1461 1850 1735 1920 γεγονός.

335 2017 452 2084 Τῆς
509 2015 621 2067 τῶν
685 2012 849 2065 θείων
911 2011 1002 2064 καὶ
1077 2012 1241 2082 ἱερῶν
1298 2011 1544 2064 κανόνων
1592 2013 1687 2062 καὶ
1751 2013 1848 2063 νῦν

267 2107 652 2176 φροντζζοντες
722 2108 1110 2174 συντηρήσεως
1164 2105 1191 2156 ὃ
1255 2120 1315 2155 τε
1367 2101 1671 2169 ἁγιώτατός
1740 2119 1842 2172 μου

265 2200 542 2266 δεσπότης
589 2196 685 2250 καὶ
735 2195 1116 2264 οἰκουμενικὺς
1155 2196 1504 2265 πατριάρχης
1541 2195 1692 2263 καὶὴ
1743 2196 1853 2248 τῶν

267 2289 361 2342 τοῦ
406 2288 645 2358 Χριστοῦ
698 2286 1004 2357 ἀρχιερέων
1077 2287 1374 2356 ὁμήγυρις,
1428 2285 1565 2338 ἀλλᾶ
1627 2285 1723 2339 καὶ
1753 2285 1852 2356 τὴν

266 2386 325 2436 ἐν
363 2385 486 2445 ταῖς
517 2381 829 2444 συνοδικαῖς
863 2382 991 2451 περὶ
1023 2382 1221 2434 κοινῶν
1274 2379 1584 2433 ὑποθέσεων
1619 2380 1852 2450 πράξεσι

265 2473 660 2543 διατηροῦντες
729 2472 1045 2542 συνήθειαν,
1095 2472 1416 2540 ἀνενεγκεῖν
1455 2472 1552 2524 κα)⁸
1592 2469 1728 2540 πρὸς
1755 2470 1852 2541 τὴν

265 2564 426 2634 ἡμῶν
493 2562 696 2633 εὐσεϐῆ
760 2561 1047 2633 βασιλείαν
1100 2562 1175 2615 τὰ
1206 2563 1338 2633 παρ’
1403 2559 1587 2614 αὐτῶν
1624 2561 1855 2629 διαγνω-

271 2657 470 2709 σθέντα
517 2656 614 2708 καὶ
673 2653 1066 2723 όροδοτηθέντα
1097 2654 1278 2717 καλῶς
1303 2653 1724 2715 ἐϐουλεύσαντο,
1767 2650 1854 2719 ἐφ’

270 2743 351 2810 οἷς
385 2747 643 2817 συνοδικὴ
670 2747 947 2816 προύτέθη
977 2747 1298 2816 συζήτησις,
1335 2747 1383 2799 εί
1405 2745 1512 2816 χρὴ
1533 2745 1662 2807 τοὺς
1679 2745 1742 2798 ὲκ
1759 2747 1852 2798 τοῦ

270 2837 502 2907 ἂϐδόμου
562 2835 772 2906 βαθμοῦ
796 2837 856 2902 ἐξ
895 2836 1151 2907 αἵματος,
1209 2839 1308 2906 τὴν
1359 2837 1463 2906 τῆς
1523 2837 1854 2904 συγγενείας

273 2929 372 2998 μὲν
411 2928 626 2992 εἰδότας
656 2927 956 2999 ἐγγύτητα,
989 2929 1304 3000 περιέργως
1331 2928 1388 2982 δὲ
1415 2929 1564 3000 ὅμως
1603 2927 1678 3000 μὴ
1713 2927 1855 3001 πρὸς

268 3018 542 3092 ἐρώτησιν
575 3021 674 3089 τῆς
723 3019 1057 3090 Ἑκκλησίας
1084 3020 1148 3073 τὸ
1177 3020 1556 3089 γενησόμενον
1589 3019 1850 3089 ἄγοντας,

269 3112 364 3165 καὶ
391 3111 539 3166 οὕτω
570 3111 811 3182 γαμικὸν
846 3113 1222 3176 συνιστῶντας
1259 3111 1636 3182 συνάλλαγμα.
1671 3112 1852 3181 μένειν

273 3207 373 3276 μὲν
426 3205 878 3270 ἀδιασπάστους,
931 3205 1234 3275 ἐπιτιμίοις
1294 3205 1352 3259 δὲ
1417 3204 1854 3273 καθυπάγεσθαιο

270 3296 379 3348 εἴτε
411 3294 518 3365 μὴν
578 3293 677 3348 ἀπ’
725 3294 973 3364 ἀλλήλων
1033 3295 1160 3358 τοὺς
1211 3293 1358 3348 οὕτω
1402 3294 1855 3363 κακουργοῦντας

271 3387 607 3440 διίστασθαι.
659 3388 771 3439 Καὶ
820 3385 954 3454 γοῦν
1001 3386 1096 3439 τὸν
1153 3386 1452 3439 ἐκτεθέντα
1504 3387 1636 3457 περὶ
1662 3387 1854 3440 τούτου

269 3479 436 3550 τέμον
471 3477 551 3550 τῷ
592 3477 850 3548 ἡμετέρῳ
881 3477 1073 3548 κράτει
1111 3477 1574 3548 προκεκομίκασι,
1615 3477 1676 3530 τὸ
1730 3480 1858 3530 ἐπι-

273 3571 720 3642 στημοναρχικδν
776 3573 876 3640 τῆς
905 3571 1062 3640 ἡμῶν
1109 3569 1391 3639 βασιλείας
1430 3569 1857 3638 παραφυλαττό-

274 3677 429 3732 μενοι
459 3661 696 3726 δίκαιον,
737 3661 832 3713 καὶ
870 3658 1143 3712 πυθισθαι
1175 3658 1273 3712 καὶ
1315 3656 1522 3728 ταύτης
1559 3658 1856 3729 προῃρετί-

271 3769 458 3819 σαντο,
506 3755 557 3806 εί
613 3752 709 3805 καὶ
755 3750 900 3804 κατὰ
942 3749 1175 3822 γνώμην
1238 3749 1408 3820 αὐτῆς
1439 3749 1507 3802 τὰ
1536 3749 1856 3819 κυρωθέντα

273 3843 594 3915 συμϐαίνει.
656 3841 779 3896 Τῶν
831 3840 941 3911 γὰρ
1003 3840 1454 3908 ἀναγκαιοτάτων
1521 3835 1859 3894 εἶναιτοῦτο

268 3935 624 4006 διενοήσαντο
688 3932 954 3987 κάλλιστά
1005 3949 1064 3984 τε
1121 3932 1217 3984 καὶ
1269 3929 1644 4000 εὐλογώτατα.
1695 3924 1857 3982 Οὗτοι

268 4027 373 4099 μὶν
401 4027 516 4096 γὰρ
570 4024 668 4096 τὴν
698 4027 764 4079 ἐκ
786 4023 879 4078 τοῦ
938 4024 1183 4077 τοιούτου
1218 4021 1428 4094 βαθμοῦ
1455 4024 1513 4075 ἐν
1549 4025 1712 4091 γάμῳ
1767 4037 1858 4075 συ·

266 4119 474 4186 ζυγίαν
532 4116 710 4187 πάντη
762 4115 1185 4180 διεκωλύσαντο,
1242 4116 1339 4168 καὶ
1385 4114 1522 4184 μηδὲ
1549 4114 1648 4183 τὴν
1680 4113 1858 4185 ἀρχὴν

265 4209 592 4280 προϐαίνειν
649 4207 1088 4278 ἐθεσμοθέτησαν
1119 4245 1136 4270 ,
1200 4206 1264 4260 ού
1322 4206 1484 4276 μόνον
1553 4205 1656 4259 κᾶν
1720 4207 1860 4276 πρὸς

267 4303 548 4374 ἐρώτησιν
582 4300 712 4370 ἔλθῃ
765 4301 866 4369 τῆς
923 4301 1274 4370 Ἐκκλησίας,
1327 4299 1463 4352 ἀλλὰ
1495 4301 1590 4352 καὶ
1619 4297 1728 4368 πρὸ
1755 4299 1857 4368 τῆς

265 4399 599 4465 ἐρωτήσεως
649 4394 728 4455 τίς
768 4392 930 4462 ἔργον
1002 4393 1290 4446 ἀποϐᾶσαν
1335 4389 1494 4454 αὖθις
1523 4388 1855 4460 διαιρεῖσθαι

1968 1708 2220 1764 Edictum
2298 1712 2717 1775 imperatorium,
2785 1711 2924 1778 quod
2999 1710 3236 1764 dissolvit
3311 1728 3375 1764 ac
3460 1729 3544 1766 re-

2037 1782 2228 1833 scindit
2265 1793 2590 1834 contractum
2623 1782 2830 1851 septimi
2872 1797 2936 1834 ea:
2985 1782 3296 1847 cognatione
3347 1787 3559 1851 gradus-

2030 1851 2426 1903 malrimonium
2451 1892 2464 1916 ,
2499 1862 2546 1904 et
2575 1854 2624 1904 si
2657 1850 2856 1918 factum
2883 1865 2985 1903 non
3012 1851 3107 1916 sit,
3140 1852 3252 1917 ﬁeri
3284 1850 3556 1920 pre/cibat.-

2027 2023 2163 2078 Tam
2195 2026 2578 2080 sanctissimus
2614 2025 2870 2079 dominus
2915 2039 3069 2080 meus
3115 2034 3170 2080 et
3218 2027 3556 2083 universalis

1954 2117 2290 2185 patriarcha,
2354 2134 2514 2186 quam
2577 2119 2780 2173 Christi
2842 2119 3158 2183 pontiﬁcum
3218 2132 3544 2185 conventus,

1955 2207 2122 2260 etiam
2174 2209 2334 2261 modo
2379 2211 2446 2262 de
2491 2209 2798 2262 divinorum
2833 2224 3225 2277 sacrorumque
3267 2225 3541 2265 canonum

1956 2297 2339 2350 observatione
2367 2295 2610 2359 solliciti,
2651 2306 3034 2365 receptamque
3079 2313 3176 2352 usu
3225 2298 3277 2352 in
3329 2301 3544 2354 aetilms

1955 2386 2232 2458 synodicis
2283 2387 2348 2440 de
2396 2387 2778 2441 communibus
2841 2387 3024 2441 causis
3097 2389 3546 2443 consuetudinem

1954 2477 2274 2542 retinentes,
2321 2477 2386 2530 ad
2435 2476 2740 2545 religiosam
2787 2491 3004 2545 quoque
3056 2475 3394 2544 majestatem
3452 2493 3555 2532 no-

1954 2581 2124 2625 stram
2156 2570 2363 2625 referre
2391 2569 2770 2631 decreverunt,
2791 2582 2912 2635 quae
2941 2577 3124 2622 essent
3147 2569 3216 2622 ab
3239 2583 3298 2624 se
3323 2577 3548 2633 statuta,

1956 2672 2211 2731 recteque
2241 2659 2459 2715 deﬁnita
2489 2659 2557 2715 de
2601 2659 2668 2714 iis
2705 2674 2828 2728 qua
2873 2658 2926 2712 in
2975 2658 3422 2726 disceptationem
3465 2673 3555 2727 sy-

1956 2754 2206 2808 nodicam
2243 2759 2432 2806 vocata
2471 2749 2726 2816 fuerant;
2761 2766 2828 2804 an
2862 2749 3074 2804 scilicet
3105 2749 3142 2802 li
3178 2763 3272 2818 qut
3311 2750 3562 2818 septimo-

1956 2857 2017 2898 se
2045 2842 2216 2913 gradu
2251 2841 2536 2911 sanguinis
2566 2839 2910 2911 contingunt,
2953 2839 3414 2908 propinquitatem
3452 2852 3550 2892 co-

1957 2934 2233 3004 gnationis
2260 2933 2402 2987 haud
2431 2933 2772 3001 ignorantes,
2809 2940 2864 2986 et
2893 2931 3112 2985 curiose
3153 2937 3333 2983 tamen
3363 2929 3552 2984 Eccle-

1955 3025 2090 3080 siam
2135 3023 2203 3078 de
2251 3023 2432 3078 futuro
2465 3031 2746 3077 contractu
2795 3037 2900 3075 non
2949 3021 3324 3085 consulentes,
3377 3028 3546 3090 atque.

1959 3115 2038 3168 ita
2101 3115 2158 3170 in
2211 3111 2615 3168 matrimonium
2645 3119 2932 3175 coeuntes,
2963 3110 3274 3178 indirempti
3325 3111 3548 3178 quidem

1963 3221 2203 3271 manere,
2229 3209 2322 3262 sed
2353 3205 2530 3274 panis
2566 3203 2760 3271 subjici
2792 3202 3023 3257 debeant
3059 3217 3074 3256 :
3114 3217 3183 3256 an
3215 3201 3392 3271 potius
3428 3203 3552 3257 talis

1961 3293 2220 3349 facinoris
2267 3307 2412 3356 reos,
2445 3291 2622 3346 divelli
2663 3291 2730 3344 ab
2775 3305 2835 3345 se
2882 3289 3114 3344 invicem
3160 3299 3432 3359 oporteat.
3486 3291 3556 3347 Et

1959 3385 2179 3456 quidem
2209 3384 2514 3455 expositum
2560 3383 2626 3437 de
2663 3383 2764 3436 bac
2809 3384 3110 3451 quaestione
3151 3381 3418 3451 scriptum
3453 3397 3555 3454 po-

1963 3478 2144 3533 testati
2193 3485 2394 3532 nostra:
2424 3474 2757 3540 obtulerunt,
2790 3473 2879 3546 jus
2911 3463 3180 3540 maiestati
3218 3484 3418 3530 nostra:
3452 3476 3551 3528 de-

1961 3571 2152 3636 bitum,
2183 3585 2280 3625 ceu
2328 3569 2559 3638 principi
2601 3567 3012 3639 gubernationis
3046 3581 3240 3636 gnaro,
3277 3567 3550 3636 integrum

1960 3673 2280 3727 servantes;
2305 3671 2359 3716 et
2390 3662 2558 3730 ipsam
2593 3675 2807 3730 quoque
2839 3670 3174 3715 censuerunt
3207 3661 3552 3729 interrogan-

1959 3752 2108 3819 dam,
2160 3768 2224 3805 an
2281 3752 2399 3821 ejus
2441 3752 2605 3806 etiam
2643 3750 2873 3820 judicio,
2923 3765 3043 3820 qum
3092 3751 3308 3804 decreta
3344 3759 3555 3812 essent.

1961 3843 2346 3912 probarentur.
2381 3841 2496 3896 Hoc
2522 3841 2668 3895 enim
2716 3840 2986 3908 imprimis
3017 3855 3139 3894 esse
3181 3839 3550 3896 necessarium

1959 3945 2379 4005 perspexerant,
2414 3935 2575 4004 idque
2616 3933 2940 3998 rectissime,
2997 3947 3063 3987 ac
3102 3933 3248 4003 justa
3301 3947 3435 3985 sane
3483 3935 3558 3984 de

1960 4044 2148 4085 Causa.
2191 4028 2425 4082 Prorsus
2471 4036 2650 4081 autem
2701 4028 2800 4099 ipsi
2841 4024 3296 4079 matrimonialem
3336 4037 3400 4076 ex
3446 4022 3549 4075 huc

1959 4119 2128 4191 gradu
2161 4119 2603 4188 eonjunctionem
2643 4120 3068 4188 prohibuerunt,
3116 4132 3182 4172 ac
3233 4119 3391 4186 plane
3445 4131 3560 4170 non

1961 4209 2379 4280 permittendam
2422 4209 2793 4265 saneiverunt.
2838 4208 3024 4278 Neque
3067 4207 3242 4262 solum
3286 4209 3331 4261 si
3365 4222 3453 4262 res
3484 4206 3559 4259 ad

1963 4302 2218 4357 Ecclesia:
2248 4302 2702 4359 consultationem
2751 4304 3047 4366 referatur,
3083 4303 3179 4358 sed
3224 4307 3389 4358 etiam
3425 4315 3560 4360 ante

1961 4393 2102 4447 hanc
2156 4393 2638 4463 interrogationem
2695 4396 2746 4447 in
2794 4410 2931 4465 npus
2983 4396 3270 4450 deductam
3327 4396 3560 4466 capula-

267 4485 366 4536 καὶ
412 4482 812 4551 διατέμνεσθαι
864 4483 960 4534 ἃτε
1007 4482 1101 4534 καὶ
1166 4478 1327 4549 φύσει
1380 4482 1475 4533 καὶ
1516 4479 1647 4548 θείῳ
1702 4481 1852 4549 νόμῳ

1967 4485 2164 4539 tionetn
2197 4485 2555 4539 dirimendam
2586 4501 2648 4538 ac
2683 4487 3131 4553 rescindendam;
3160 4487 3322 4541 veluti
3351 4503 3468 4556 qua-
3497 4500 3555 4542 et

267 4575 733 4648 προσπταίουσαν
755 4589 770 4604 °
831 4574 955 4643 δίχα
1001 4575 1187 4642 μέντοι
1217 4573 1328 4626 τῶν
1360 4575 1523 4642 μέχρι
1553 4572 1676 4624 τότε
1711 4572 1852 4640 φθα-

268 4670 487 4722 σάντων
535 4667 922 4737 ἐκτελεσθῆναι
978 4667 1173 4737 γάμων
1200 4667 1267 4719 ἐκ
1315 4665 1408 4720 τοῦ
1439 4665 1685 4719 τοιούτου
1717 4664 1856 4734 βαθ-

272 4761 403 4830 μοῦ.
433 4760 510 4813 Ού
551 4760 716 4829 μόνον
738 4759 816 4821 δὲ,
847 4757 985 4812 ἀλλὰ
1014 4759 1262 4820 καὶτοὺς
1288 4757 1674 4828 τολμήσαντας
1702 4757 1858 4828 παρὰ

267 4855 370 4922 τὴν
397 4852 686 4923 συνοδικὴν
725 4850 932 4922 ταύτην
978 4849 1224 4922 κύρωσιν
1268 4846 1680 4918 διαπράξασθαι
1714 4849 1855 4916 μετὰ

267 4950 371 5017 τῆς
423 4935 775 5008 διασπάσεως
809 4947 902 5000 καὶ
955 4945 1250 5017 ἀφορισμῷ
1281 4943 1726 5011 καθυπάγεσθαι,
1763 4943 1858 4996 καὶ

268 5042 396 5102 τοὺς
434 5040 670 5101 ἐκείνοις
702 5038 758 5090 δέ
802 5038 1231 5099 συναινέσαντας
1256 5036 1356 5104 τῆς
1387 5035 1686 5101 κανονικῆς
1732 5051 1857 5086 πει-

274 5131 481 5202 ρᾶσθαι
518 5129 889 5200 δριμύτητος·
930 5129 1068 5181 ἀλλὰ
1095 5127 1193 5182 καὶ
1230 5129 1357 5190 τοὺς
1395 5127 1857 5196 ἱερολογήσαντας

272 5224 598 5292 καθαιρέσει
628 5220 1170 5274 καθυποϐἁλλεσθαι.
1245 5220 1402 5272 Ἐπεὶ
1426 5221 1483 5273 δὲ
1515 5219 1687 5272 πολλά
1723 5219 1855 5272 πολ-

268 5318 432 5380 λάκις
486 5316 844 5385 προϐαίνουσι
919 5314 1350 5385 συναλλάγματα
1414 5313 1556 5383 μετὰ
1631 5313 1738 5367 τῶν
1795 5315 1858 5367 ἐκ

273 5411 544 5482 βασιλέων
566 5411 760 5479 γένους
787 5411 881 5464 καὶ
911 5409 1019 5463 τῶν
1081 5409 1258 5462 ἄλλων
1325 5407 1734 5476 εὐγενεστάτων
1764 5409 1858 5461 καὶ

272 5503 576 5574 περιδόξων
621 5504 682 5557 ὲν
739 5502 1044 5574 ἀξιώμασι,
1110 5501 1206 5556 καὶ
1272 5501 1380 5555 τῶν
1427 5499 1490 5565 ἐξ
1532 5499 1858 5557 ἀλλοδαπῶν

345 5800 454 5869 (τιὸ)
496 5805 527 5849 ,⁸.
543 5813 650 5851 uno
687 5795 840 5851 1166.

1963 4576 2016 4628 in
2051 4588 2326 4638 naturam,
2378 4585 2432 4630 et
2481 4575 2650 4646 legem
2689 4577 2924 4630 divinam
2978 4576 3261 4647 impingat.
3295 4579 3563 4648 Exceptis

1965 4674 2146 4720 tamen
2196 4665 2263 4720 iis
2314 4667 2537 4735 nuptiis,
2599 4683 2717 4736 qua:
2775 4679 2898 4722 ante
2951 4668 3002 4721 id
3059 4679 3271 4738 tempus
3328 4687 3393 4724 ex
3449 4672 3565 4725 hoc

1962 4757 2131 4826 gradu
2183 4765 2480 4812 contracta:
2538 4757 2790 4813 fuissent.
2849 4757 2958 4813 Nec
3009 4759 3072 4812 in-
3121 4761 3302 4824 modo,
3361 4775 3562 4817 verum

1965 4848 2130 4903 etiam
2169 4849 2214 4902 si
2267 4849 2356 4916 qui
2405 4860 2603 4918 praeter
2659 4851 2796 4904 ltanc
2846 4851 3184 4905 sanctionem
3232 4852 3562 4922 synodit-anv

1967 4955 2124 5007 agere
2154 4940 2266 4992 ausi
2306 4940 2526 5006 fuerint,
2557 4957 2676 4995 cum
2707 4942 2941 4996 divortio
2973 4944 3367 5012 segregationis
3411 4959 3562 5012 quo-

1966 5042 2069 5092 que
2110 5043 2268 5098 pcena
2315 5031 2644 5086 multandus.
2678 5030 2865 5086 Itidem
2895 5040 2950 5088 et
2980 5048 3072 5087 eos
3103 5033 3195 5102 qui
3235 5033 3315 5086 eis
3339 5035 3561 5087 assensi

1964 5118 2188 5186 fuerint,
2253 5123 2602 5178 severitatem
2657 5125 2976 5177 canonicam
3031 5125 3267 5192 experiri
3325 5123 3559 5178 debere.-

1962 5210 2229 5266 Prmterea
2289 5216 2603 5270 sacerdotes
2663 5217 2730 5270 ab
2781 5216 2955 5270 oﬂieio
3012 5216 3392 5281 removendos,
3451 5217 3559 5285 quis

1964 5302 2183 5368 nuptias
2236 5303 2488 5370 precibus
2538 5305 2710 5360 sacris
2763 5306 3118 5360 initiaverint.
3169 5305 3234 5359 Et
3287 5307 3557 5373 quuniauv

1965 5404 2130 5458 multa
2172 5420 2316 5475 saepe
2363 5421 2591 5460 numero
2619 5407 2959 5461 matrimonia
2993 5408 3394 5461 contrahuntur
3422 5425 3548 5462 cum

1964 5510 2216 5576 personis
2252 5510 2591 5580 imperatorii
2636 5513 2874 5582 generis,
2909 5509 3138 5580 aliisque
3168 5509 3550 5580 nobilissimis,
