4044 6402
523 371 628 441 ’νη

1755 360 2154 427 MANUELIS
2186 363 2526 426 COMNENI

3675 355 3783 426 ’1⁸12

521 498 577 543 et
631 485 894 556 dignitate
939 483 1273 555 conspicuis,
1327 484 1621 553 itidemque
1671 497 1793 537 eum
1848 479 2096 550 personis

2203 479 2419 548 χωρῶν,
2454 472 2528 531 ὧν
2560 478 2730 548 ρἦες
2753 478 2848 531 καὶ
2883 479 3191 548 πρίγκιπες
3232 477 3485 548 ἄρχουσι,
3542 489 3779 547 μεταγο-

517 587 828 630 exterarum
886 575 1212 644 regionum,
1263 575 1458 644 quibus
1513 587 1663 641 reges
1723 582 1776 624 et
1828 571 2096 639 principes

519 675 779 735 praesunt,
812 667 864 719 in
889 665 1032 720 banc
1059 666 1302 736 reginam
1335 665 1549 720 urbium
1585 663 1940 728 venientibus,
1978 677 2098 731 quas

519 754 640 808 sine
662 752 950 821 potestatis
982 763 1180 809 nostrae
1202 753 1355 820 jussu
1385 754 1607 807 omnino
1637 753 1823 821 perlici
1870 768 1975 806 non
2008 767 2095 806 so-

516 845 630 900 lent
659 864 672 899 :
705 846 1078 915 aequissimum
1125 856 1285 910 erat,
1340 847 1681 916 majestatem
1734 859 1948 915 quoque
2001 860 2098 898 no-

517 949 688 991 SIram
714 938 1006 992 certiorem
1034 938 1186 992 reddi
1211 940 1274 993 de
1305 939 1391 1005 iis,
1422 955 1542 1008 qua:
1564 939 1630 993 dc
1660 940 1760 992 hac
1788 939 2096 992 necessaria

517 1028 818 1096 quaestione
853 1029 1063 1082 sancita
1095 1045 1191 1098 per
1220 1030 1485 1101 synodum
1521 1039 1726 1094 essent,
1765 1045 1830 1084 ne
1862 1030 2095 1084 fortasse

521 1135 617 1189 per
641 1119 962 1173 oblivionem
991 1120 1210 1176 illicitus
1235 1121 1429 1190 aliquis
1455 1122 1757 1192 huiusmodi
1786 1130 2099 1176 contractus

520 1213 802 1280 sacrisque
835 1213 1136 1268 canonibus
1165 1224 1222 1267 et
1253 1215 1427 1284 legum
1470 1215 1662 1270 edictis
1694 1215 1835 1269 haud
1871 1230 2097 1283 respou-

520 1301 676 1364 (leus,
710 1301 920 1355 accidat
952 1303 1112 1371 idque
1137 1303 1238 1357 hac
1269 1304 1386 1374 ipsa
1419 1305 1471 1358 in
1513 1305 1666 1370 urbe,
1698 1321 1816 1372 qua:
1852 1315 1906 1360 et
1938 1317 2099 1359 caste-

523 1393 599 1446 ris
631 1392 880 1446 omnibus
910 1393 980 1448 ob
1015 1395 1223 1463 imperii
1272 1396 1484 1451 mitram
1521 1412 1584 1452 ac
1620 1397 1866 1452 diadema
1911 1399 2099 1467 praesi-

521 1484 635 1544 det,
693 1491 748 1535 et
805 1482 1012 1552 legibus
1071 1483 1120 1536 in
1180 1485 1490 1541 universum
1548 1488 1775 1555 regitur,
1831 1489 2097 1558 quasique

521 1587 809 1626 comnune
840 1574 1106 1642 quoddam
1146 1577 1456 1646 exemplum
1497 1588 1657 1633 rectae
1703 1578 1880 1650 legum
1913 1581 2098 1632 obser-

522 1665 754 1718 vationis
790 1666 1056 1720 universis
1085 1679 1170 1722 est
1199 1671 1492 1738 proposita.

593 1821 881 1875 Enimvero
911 1829 1095 1877 nostra
1125 1840 1340 1894 quoque
1376 1825 1630 1896 maiestas
1654 1827 1967 1896 synodieum
1993 1829 2096 1883 hoc
2129 1825 2171 1880 Β

521 1912 588 1966 de
626 1926 683 1965 re
707 1912 932 1979 quaesita
964 1927 1306 1983 responsum,
1348 1917 1431 1972 vel
1473 1921 1652 1974 verius
1695 1920 1964 1990 loquendo
1998 1920 2114 1974 de-'

523 2003 987 2070 terminationem,
1015 2005 1176 2061 veluti
1219 2010 1390 2064 sacris
1431 2013 1735 2068 canonibus
1776 2028 1907 2068 sane
1933 2027 2096 2083 quam

520 2097 925 2166 convenienter,
958 2109 1013 2156 et
1046 2103 1361 2170 apostolicis
1398 2107 1698 2176 expositam
1731 2107 1961 2176 legibus,
1998 2123 2096 2167 suo

520 2190 740 2245 decreto
763 2197 1106 2263 comprobat,
1142 2205 1195 2252 et
1223 2197 1276 2252 in
1313 2209 1590 2268 posterum
1637 2201 1845 2271 vigere,
1895 2211 2097 2256 ratam-

519 2297 624 2352 que
655 2300 875 2341 manere
897 2288 1030 2342 citra
1059 2290 1409 2345 mutationem
1439 2291 1672 2362 aliquam
1697 2296 1749 2348 in
1784 2303 2096 2363 perpetuum

519 2374 746 2441 statuit;
779 2378 1022 2434 eamdem
1057 2380 1110 2434 in
1138 2382 1454 2450 quaestionis
1494 2386 1786 2454 propositae
1827 2387 2100 2443 solutione

518 2466 848 2520 sententiam
873 2483 996 2523 cum
1027 2472 1376 2528 sanctissimo
1403 2473 1622 2530 domino
1652 2490 1773 2530 meo
1797 2485 1851 2531 et
1882 2478 2101 2532 univer-

523 2555 622 2608 sali
679 2559 984 2626 patriarcha
1042 2575 1276 2632 cumque
1335 2580 1492 2619 sacra
1550 2575 1606 2622 et
1659 2568 1838 2622 divina
1893 2571 2100 2638 synodo

522 2647 878 2716 amplectens.
914 2651 1127 2723 Quippe
1155 2656 1200 2709 si
1237 2659 1584 2712 matrimonia
1616 2662 1860 2728 quaedam
1887 2662 1957 2716 ob
1987 2661 2103 2716 alli-

522 2739 749 2793 nitatem
781 2741 987 2810 legibus
1018 2747 1396 2814 prohibentur,
1442 2751 1624 2806 decori
1663 2753 1871 2808 scilicet
1909 2769 2097 2819 causa,

520 2837 576 2881 et
619 2847 686 2884 ne
711 2833 924 2886 nomina
958 2837 1360 2892 confundantur
1393 2857 1408 2893 :
1442 2841 1608 2896 multo
1643 2843 1817 2913 magis
1845 2843 1930 2897 bic
1963 2843 2102 2898 istuc

522 2917 688 2974 libere
728 2921 1057 2990 faciendum,
1096 2927 1185 2981 ubi
1235 2927 1452 2986 foeditas
1501 2931 1614 3002 ipsa
1654 2947 1775 2988 cum
1823 2937 2098 2989 nominum

520 3011 940 3068 conturbatione
976 3019 1279 3084 concurrit,
1312 3029 1476 3092 atque
1518 3026 1683 3080 etiam
1725 3027 1942 3096 cognati
1973 3043 2101 3082 san-

519 3101 698 3168 guinis
722 3101 1114 3160 absurdissima
1146 3109 1451 3167 commistio
1481 3124 1536 3167 et
1569 3115 1840 3172 confusio.
1868 3118 1978 3172 Cur
2009 3119 2097 3185 iis,

516 3193 768 3260 obsecro,
793 3196 883 3265 qui
933 3201 1268 3271 cazteroquin
1297 3221 1328 3259 c
1357 3207 1662 3277 prepinquo
1709 3225 1772 3265 ac
1817 3213 2098 3279 sanguinis

518 3287 729 3341 ratione
756 3288 933 3358 juncti
966 3293 1066 3347 sibi
1098 3305 1248 3360 sunt,
1281 3298 1386 3351 alia
1425 3299 1494 3353 sit
1536 3315 1671 3371 Opus
1717 3304 2096 3360 commistione

516 3384 573 3429 et
600 3378 977 3448 copulatione?
1008 3382 1276 3439 Nimirum
1330 3387 1438 3442 illis
1476 3393 1820 3448 concilianda
1852 3403 1936 3448 est
1980 3397 2098 3450 col-

521 3466 726 3534 ligatio,
751 3471 1170 3542 nuptiarumque
1199 3476 1748 3551 conjunctio,'quibus
1771 3487 2098 3556 originarius

519 3559 806 3624 sanguinis
831 3570 982 3616 ortus
1007 3565 1379 3634 multipliciter
1413 3571 1616 3626 scissus
1645 3588 1708 3628 ac
1741 3576 2112 3643 divisus,jam.

521 3647 733 3716 longius
764 3666 887 3707 esse
918 3664 1158 3711 remotus
1187 3660 1520 3727 agnoscitur,
1551 3665 1616 3718 ad
1641 3674 1892 3720 octavum
1927 3669 2098 3724 dedo--

519 3750 640 3794 ctus
682 3743 930 3810 gradum,
970 3746 1200 3817 ideoque
1243 3751 1554 3809 distantiam
1609 3771 1762 3812 suam
1797 3763 1970 3829 magis
2005 3765 2100 3816 ad-

521 3844 745 3920 augens.
775 3832 867 3889 Sic
911 3849 1041 3907 ergo
1090 3840 1176 3908 pia
1223 3841 1480 3911 majestas
1527 3857 1710 3902 nostra
1757 3850 1999 3920 synodali
2031 3854 2098 3909 de

517 3919 663 3973 dicta
691 3924 987 3988 quaestione
1013 3927 1234 3985 decreto
1268 3933 1594 4000 assentiens,
1615 3919 1934 4005 praesentem
1958 3942 2099 4000 lianc

517 4011 854 4070 sanctionem
881 4018 1248 4087 asquissimam
1279 4026 1663 4098 promulgavit,
1692 4045 1811 4101 quae
1836 4042 1890 4088 et
1923 4034 1977 4089 in
2010 4051 2094 4091 sa-

517 4117 614 4156 cro
685 4107 889 4161 scrinio
939 4111 1162 4178 majoris
1221 4114 1364 4171 illius
1415 4118 1671 4175 Ecclesia:
1726 4123 1817 4178 Dei
1880 4126 2095 4181 recondi

517 4193 879 4266 collocarique
927 4200 1109 4270 debet,
1159 4213 1216 4259 et
1258 4208 1514 4265 omnibus
1570 4213 1809 4270 archivis
1866 4216 2096 4283 publicis

515 4289 876 4360 innotescere,
904 4312 968 4352 ac
995 4299 1161 4354 robur
1193 4300 1504 4361 inviolabile
1531 4307 1599 4361 ad
1631 4324 1848 4366 omnem
1885 4321 2094 4372 tempo-

518 4376 594 4432 ris
624 4381 944 4438 inlinitatem
976 4389 1232 4443 retinere.

595 4626 714 4684 Dat.
750 4645 935 4684 mense
977 4633 1170 4702 Aprili,
1221 4636 1512 4695 indictione
1541 4643 1629 4710 Η,
1670 4647 1849 4701 rubris
1891 4647 2088 4706 litteris

519 4719 658 4771 sacri
709 4720 1048 4787 imperatoris
1081 4727 1269 4779 nostri.
1316 4729 1448 4795 item
1496 4733 1684 4788 aderat
1717 4738 1969 4792 usitatum
2013 4741 2089 4796 si-

517 4810 704 4877 gillum
731 4826 968 4866 cereum.
1003 4815 1064 4868 Et
1095 4816 1244 4883 illud,
1275 4835 1368 4887 per
1391 4822 1720 4892 logothetam
1751 4827 1948 4893 dromi,
1989 4829 2088 4884 Mi-

519 4902 761 4958 clraelem
796 4904 1354 4975 llagiotbeodoritum.
1401 4916 1534 4971 Item
1578 4918 1730 4985 illud,
1776 4919 2088 4990 Depositum

517 4995 572 5049 iu
603 4997 812 5054 duobus
844 4999 1054 5068 magnis
1092 5000 1202 5058 illis
1234 5007 1483 5075 secretis,
1516 5023 1702 5066 mense
1731 5011 1890 5070 Maio.

2206 568 2383 635 μένων
2442 570 2752 637 προσώπων
2808 571 2904 622 ἐπὶ
2961 571 3060 640 τὴν
3111 569 3361 639 βασιλίδα
3401 569 3511 622 τῶν
3546 570 3779 635 πόλεων,

2207 658 2352 728 άπερ
2379 659 2480 712 οὐκ
2514 659 2645 713 ἄνευ
2676 661 2777 730 τῆς
2805 660 2900 714 τοῦ
2918 662 3192 731 ἡμετέρου
3210 663 3449 732 κράτους
3481 660 3786 726 κελεύσεως

2208 750 2586 804 συντελεῖσθαι
2615 753 2835 815 πάντως
2871 753 3280 819 πεφύκασιν,ὲν
3301 754 3506 823 είδήσει
3529 755 3780 821 γενέσθαι

2205 843 2301 897 καὶ
2333 844 2432 913 τὴν
2463 844 2621 914 ἡμῶν
2689 845 2968 914 βασιλείαν
3020 847 3133 898 τῶν
3174 846 3466 909 συνοδικῶς
3499 847 3782 916 κυρωθὲν-

2201 950 2312 986 των
2341 935 2474 1002 περὶ
2511 934 2606 988 τοῦ
2663 934 2912 989 τοιούτου
2973 934 3278 1002 ἀναγκαίου
3342 935 3662 1004 ζητήματος
3713 931 3784 1006 ἦν

2202 1021 2569 1090 δικαιότατον,
2623 1025 2712 1078 ἵνα
2761 1026 2835 1096 μὴ
2887 1026 3030 1079 κατὰ
3084 1025 3257 1094 λήθην
3285 1026 3416 1088 ἴσως
3459 1025 3701 1096 ἄθεσμόν
3731 1043 3784 1079 τι

2202 1114 2446 1170 τοιοῦτον
2520 1116 2764 1188 συμ6αίη
2821 1118 3217 1186 συνάλλαγμα,
3282 1117 3380 1172 καὶ
3439 1120 3554 1180 τοῖς
3603 1119 3774 1188 ἱεροῖς

2206 1205 2402 1258 κανόσι
2432 1207 2528 1260 καὶ
2564 1209 2677 1269 τοῖς
2707 1211 2954 1278 νομικοῖς
2978 1208 3342 1262 ἀνακόλουθον
3387 1208 3782 1278 διατάγμασιν,

2202 1297 2260 1348 ἐν
2301 1297 2457 1351 πόλει
2482 1301 2575 1352 καὶ
2606 1298 2778 1351 ταῦτα
2806 1300 3000 1372 ταύτῃ,
3041 1301 3234 1354 πασῶν
3267 1302 3364 1370 μὲν
3385 1301 3784 1372 προκαθημένῃ

2202 1389 2282 1460 τῷ
2309 1390 2407 1460 τῆς
2434 1390 2606 1461 αὐτῆς
2637 1391 3076 1462 αὐτοκρατορίας
3099 1393 3451 1463 στέμματίτε
3481 1397 3573 1448 καὶ
3597 1395 3784 1464 διαδή-

2206 1495 2362 1549 ματι,
2385 1481 2571 1550 νόμοις
2597 1481 2653 1534 δὲ
2679 1482 2815 1535 κατὰ
2842 1484 2949 1535 πᾶν
2975 1483 3337 1556 διεξαγομένῃ
3367 1485 3462 1538 καὶ
3493 1487 3574 1549 είς
3605 1486 3787 1541 κοινὸν

2201 1574 2544 1645 προκειμένῃ
2577 1573 2676 1644 τῆς
2712 1573 2976 1645 εὐνομίας
3004 1575 3172 1629 πᾶσιν
3199 1575 3527 1645 ὑπόδειγμα.

2283 1815 2562 1884 Τοιγάρτοι
2617 1817 2778 1888 καὶὴ
2824 1817 3072 1888 βασιλεία
3121 1822 3278 1891 ὴμῶν
3330 1821 3428 1892 τὴν
3495 1827 3782 1893 συνοδικὴν

2201 1906 2408 1976 ταύτην
2467 1909 2559 1960 ἐπὶ
2587 1908 2665 1978 τῷ
2696 1910 2993 1979 ζητηθέντι
3052 1913 3375 1984 ἀπόκρισιν,
3435 1914 3535 1968 εἴτ’
3571 1916 3774 1986 ἀληθὲς

2202 2001 2378 2052 εἰπεῖν
2427 1999 2770 2070 όροθέτησιν,
2799 2002 2874 2065 ὡς
2905 2003 3192 2069 ἑπομένως
3217 2007 3332 2069 τοῖς
3393 2004 3560 2068 θείοις
3589 2008 3785 2060 κανόσι

2205 2092 2299 2142 καὶ
2343 2093 2455 2154 τοῖς
2491 2091 2877 2156 άποστολικοίς
2927 2095 3240 2148 ὲκτεθεῖσαν
3259 2097 3468 2165 νόμοις,
3500 2098 3784 2168 ὲπέκρινε,

2204 2183 2300 2235 καὶ
2322 2185 2545 2249 κρατεῖν
2579 2185 2662 2247 είς
2699 2186 2762 2237 τὸ
2813 2185 2941 2254 ἑξῆς
2997 2186 3096 2240 καὶ
3151 2189 3593 2258 άμετατρέπτως
3633 2189 3784 2258 ἔχειν

2204 2275 2365 2338 είςτὸ
2394 2275 2646 2344 διηνεκὲς
2693 2277 3015 2347 διορίζεται,
3075 2281 3176 2349 τῆς
3238 2279 3413 2348 αὐτῆς
3445 2279 3786 2334 κοινωνοῦσα

2204 2365 2433 2435 γνώμης
2488 2367 2584 2420 ἐπὶ
2614 2371 2682 2439 τῇ
2727 2368 2882 2422 λύσει
2908 2371 3002 2423 τοῦ
3047 2371 3416 2442 προκειμένου
3467 2372 3787 2443 ζητήματος

2204 2459 2282 2526 τῷ
2331 2475 2390 2510 τε
2453 2459 2746 2530 ἁγιωτάτῳ
2825 2477 2927 2528 μου
2974 2461 3210 2533 δεσπότῃ
3261 2465 3356 2515 καὶ
3409 2463 3782 2533 οίκουμενικῷ

2205 2550 2526 2621 πατριάρχῃ
2558 2553 2650 2605 καὶ
2673 2555 2738 2620 τῇ
2767 2554 2892 2624 ἱερᾷ
2926 2555 3021 2607 καὶ
3051 2553 3170 2624 θείᾳ
3200 2555 3423 2626 συνόδῳ.
3458 2556 3521 2608 Εί
3555 2556 3666 2627 γάρ
3686 2559 3787 2611 ἐπὶ

2205 2641 2312 2694 τῶν
2354 2642 2413 2706 ἐξ
2459 2645 2782 2712 ἀγχιστείας
2838 2647 3302 2716 συναλλαγμάτων
3359 2649 3526 2712 ἐστὶν,
3575 2649 3612 2702 ἃ
3655 2653 3776 2711 τοῖς

2207 2735 2395 2803 νόμοις
2419 2735 2720 2790 κωλύονται
2747 2737 2850 2808 τῆς
2872 2740 3210 2810 εὐπρεπείας
3253 2742 3416 2812 χάριν
3443 2744 3538 2796 καὶ
3566 2743 3662 2795 τοῦ
3701 2745 3782 2815 μὴ

2209 2825 2538 2895 συγχέεσθαι
2585 2831 2653 2884 τὰ
2699 2830 2965 2902 ὀνόματα,
3020 2832 3200 2904 πολλῷ
3257 2835 3459 2902 μᾶλλον
3515 2835 3665 2889 τοῦτ’
3717 2837 3787 2891 ἂν

2207 2917 2445 2971 ἐνταῦθα
2483 2922 2952 2991 παῤῥησιάσαιτο,
2993 2923 3121 2977 ἔνθα
3152 2929 3249 2979 καὶ
3271 2929 3328 2978 τὸ
3356 2928 3608 2995 ἀπρεπὲς
3641 2930 3789 2996 μετὰ

2206 3007 2306 3078 τῆς
2351 3009 2460 3063 τῶν
2511 3011 2798 3080 ὀνομάτων
2847 3014 3188 3084 συγχύσεως,
3245 3017 3385 3072 ἀλλὰ
3411 3017 3475 3088 δὴ
3508 3019 3658 3090 καὶὴ
3686 3019 3786 3073 τοῦ

2209 3101 2508 3168 συγγενοῦς
2543 3103 2780 3172 αἵματος
2812 3105 3134 3178 ἀλογωτάτη
3169 3109 3477 3178 σύγκρασις
3506 3111 3600 3164 καὶ
3649 3111 3788 3164 ἀνά-

2201 3208 2381 3262 χυσις.
2412 3193 2528 3248 ’Ὶνα
2559 3194 2611 3247 τί
2666 3197 2760 3249 καὶ
2821 3197 3004 3268 δεήσει
3055 3203 3168 3262 τοῖς
3206 3201 3498 3271 ἐγγυτέρω
3531 3202 3626 3254 καὶ
3647 3201 3780 3255 καθ’

2202 3275 2346 3350 αἷμα
2394 3283 2802 3354 συνηνωμένοις
2854 3285 3144 3354 ἐπιμιξίας
3171 3287 3368 3356 ἑτέρας
3403 3287 3497 3339 καὶ
3544 3286 3788 3339 συνενώο

2198 3388 2339 3435 σεως
2370 3390 2384 3438 ;
2426 3372 2695 3439 Ἐκείνοις
2723 3377 2834 3445 γὰρ
2861 3376 3083 3440 πάντως
3117 3377 3318 3448 χρῆναι
3345 3377 3438 3430 τὸν
3477 3377 3787 3446 σύνδεσμον

2198 3464 2293 3516 καὶ
2309 3465 2406 3533 τὴν
2429 3465 2538 3519 τῶν
2559 3467 2753 3538 γάμων
2805 3469 3105 3537 συνάφειαν
3151 3469 3662 3540 πραγματεύεσθαι,
3694 3465 3783 3534 οἷς

2199 3553 2294 3607 καί
2321 3557 2354 3625 ή
2412 3558 2623 3625 πηγαία
2647 3558 2742 3612 τοῦ
2774 3559 3003 3630 αἵματος
3026 3561 3248 3631 πρόοδος
3279 3561 3566 3632 πολλαχῶς
3624 3579 3790 3632 μεριιι

2201 3645 2392 3700 σθεῖσα
2405 3649 2500 3702 καὶ
2514 3649 2850 3720 διαιρεθεῖσα
2888 3653 3212 3724 πορῤωτέρα
3231 3653 3545 3722 διεστηκυῐα
3573 3654 3787 3724 γνωρί-

2199 3734 2380 3801 ζεται,
2401 3740 2480 3801 είς
2498 3739 2687 3805 ὖγδοον
2707 3740 2916 3812 βαθμὸν
2933 3746 3263 3814 περιστᾶσα,
3286 3744 3541 3798 κάκεῖθεν
3575 3745 3786 3812 μᾶλλον

2200 3823 2357 3891 αὖθις
2387 3828 2486 3900 τὴν
2506 3831 2674 3901 αὐτῆς
2699 3833 3002 3887 ἀπόστασιν
3028 3836 3504 3906 προσεπαύξουσα.
3529 3837 3689 3891 Οὕτω
3719 3839 3786 3909 δὴ

2200 3920 2552 3991 προσθεμένη
2583 3926 2647 3994 τῇ
2673 3926 2926 3996 συνοδικῇ
2988 3927 3121 3996 περὶ
3170 3927 3266 3982 τοῦ
3305 3929 3568 4000 ῥηθέντος
3606 3929 3789 4002 ζητή-

2203 4031 2371 4084 ματος
2402 4015 2727 4086 ὲπικρίσειή
2767 4017 2998 4085 εὐσεϐὴς
3027 4018 3189 4089 ἡμῶν
3217 4019 3489 4090 βασιλεία,
3514 4021 3574 4073 τὸ
3599 4023 3786 4086 παρὸν

2198 4105 2573 4175 ἑννομώτατον
2626 4108 2930 4162 ἀπολέλυκε
2985 4109 3292 4180 θέσπισμα,
3353 4111 3568 4179 ὀφεῖλον
3597 4111 3681 4182 τῷ
3721 4130 3784 4164 τε

2199 4198 2331 4270 ἱερῷ
2389 4199 2844 4271 χαρτοφυλακείῳ
2899 4201 3002 4270 τῆς
3043 4201 3140 4254 τοῦ
3172 4201 3310 4255 Θεοῦ
3357 4204 3622 4272 Μεγάλης
3652 4205 3787 4257 Ἑκ-

2198 4290 2430 4362 κλησίας
2452 4292 2872 4362 ὲναποτεθῆναι,
2935 4294 3030 4346 καὶ
3083 4297 3219 4349 πᾶσι
3249 4299 3362 4360 τοῖς
3417 4295 3785 4366 δημοσιακοὶς

2196 4382 2440 4452 ἀρχείοις
2491 4383 2927 4455 ἐπιγνωσθῆναι,
2961 4387 3054 4438 καὶ
3086 4386 3233 4458 ἔχειν
3273 4390 3354 4452 είς
3381 4389 3440 4440 τὸ
3461 4387 3782 4459 ἀπέραντον

2118 4508 2165 4564 D
2195 4474 2258 4526 τὸ
2295 4472 2514 4544 ἰσχυρόν
2547 4492 2605 4528 τε
2632 4477 2726 4529 καὶ
2744 4477 3128 4532 ἀναλλοίωτον.

2263 4622 2360 4675 Τόο
2401 4623 2549 4692 Μηνὶ
2617 4623 2878 4696 Ἀπριλίῳ
2925 4628 3308 4699 ὲπινεμήσεως
3371 4630 3460 4693 ιδ’,
3523 4631 3590 4684 δι’
3637 4635 3783 4704 ἐρυ-

2195 4709 2340 4778 θρῶν
2387 4713 2739 4782 γραμμάτων
2777 4715 2898 4770 ’τοῦ
2941 4716 3205 4785 βασιλέως
3257 4719 3420 4788 ἡμῶν
3451 4720 3546 4772 τοῦ
3589 4722 3780 4790 ἁγίου.

2196 4801 2308 4854 Καὶ
2339 4801 2372 4872 ή
2405 4801 2495 4855 διὰ
2545 4803 2719 4872 κηροῦ
2773 4807 3012 4876 συνήθης
3071 4809 3332 4878 σφραγίς.
3369 4811 3441 4862 Τό
3477 4827 3492 4842 ⁸
3525 4814 3625 4864 Λιὰ
3675 4816 3780 4867 τοῦ

2193 4889 2482 4960 λογοθέτου
2533 4894 2629 4946 τοῦ
2676 4896 2881 4965 δρόμου
2908 4897 3001 4950 τοῦ
3025 4898 3475 4972 άγιοθεοδωρίτου
3505 4904 3738 4974 Μιχαὴλ
3761 4924 3784 4940 σ

2193 4983 2286 5034 καὶ
2313 4982 2374 5036 τό
2411 4997 2426 5013 °
2479 4984 2764 5057 Κατετέθη
2813 4988 2871 5040 ἐν
2920 4990 3032 5052 τοῖς
3052 4989 3172 5043 δυσὶ
3205 4990 3464 5060 μεγάλοις
3489 4995 3775 5062 σεκρέτο,ς

2189 5073 2332 5126 κατὰ
2367 5075 2511 5145 μῆνα
2545 5073 2742 5137 Μάῖον.
