4044 6462
396 400 506 459 τ’ἷὸ

1616 389 2015 451 MANUELIS
2052 388 2401 451 COMNENI
3554 381 3657 446 7'26

386 512 616 565 insanas
643 505 1107 563 raciocinationes
1141 501 1320 572 palam
1353 502 1633 563 revelavit,
1674 502 1972 558 inimicitiae

2100 500 2423 570 ,Εκκλησίας
2481 495 2714 563 ἔκφυλον
2777 493 2978 562 νόημα*
3023 492 3153 571 ποτε
3224 491 3280 544 δὲ
3349 491 3490 561 μετά
3561 489 3658 547 τοῦ

390 602 685 657 maceriam
720 600 1012 664 d'estruxit,
1034 606 1089 652 et
1113 597 1557 651 contradictionis
1602 596 1834 650 medium
1867 610 1968 662 pa-

388 695 580 749 rietem
635 692 988 746 removittet
1038 705 1160 744 cum
1212 687 1544 742 canticorum
1602 699 1799 753 sponsa
1833 684 1973 737 dici-

391 794 547 839 mus:
574 781 824 835 ordinate
853 792 1096 833 antorem
1133 778 1384 832 intereos
1399 775 1488 845 qui
1524 773 1790 828 hactenus
1816 773 1972 827 rixati

390 894 489 933 SOI)
499 889 536 933 ι.

2079 592 2247 643 αὐτοῦ
2294 588 2563 660 Χριστοῦ,
2592 586 2688 640 τοῦ
2718 586 2862 639 κατά
2899 584 3096 652 καιρδν
3127 582 3287 645 αὖθις
3316 584 3417 651 τὴν
3447 583 3660 638 οἰκείαν

2081 684 2309 754 εἰρήνην
2345 681 2706 752 βραϐεύοντος
2763 680 2858 733 καὶ
2882 675 3190 748 εἰρηνεύειν
3227 677 3286 728 ὲν
3326 676 3539 738 ἑαυτοῖς
3566 676 3663 729 καὶ

2086 780 2220 830 mist
2251 775 2564 838 κελεύοντος
2621 775 2716 827 καὶ
2753 773 2822 826 τά
2882 772 2993 825 τῶν
3042 769 3406 840 εἰρηνοποιῶν
3473 787 3663 840 μακαρ

2088 872 2317 938 ίζοντος,
2345 873 2687 942 ἀποστρέφει
2715 869 2817 940 μὲν
2846 868 2947 940 τὴν
2994 865 3225 933 λογικὴν
3270 863 3552 934 ῥομφαίαν
3582 868 3664 923 εἰς

389 974 458 1028 τὰ
492 973 693 1035 ὀπίσω,
758 970 864 1041 ’ήδη
923 971 1024 1034 τὰς
1082 968 1194 1022 τῶν
1247 966 1648 1034 ἀντιλεγόντων
1718 965 2036 1021 διελθοῦσαν
2074 968 2462 1048 καρδίαςααὶ.
2499 969 2627 1030 τοὺς
2668 967 2769 1020 οὐκ
2821 961 3218 1030 ἀνεπισφα).εῖς
3248 959 3549 1028 λογισμοὺς
3580 959 3664 1018 εἰς

398 1067 563 1138 μέσον
641 1062 1098 1133 ἀνακαλύψασαν,
1162 1061 1255 1114 τὸν
1311 1060 1367 1113 δὲ
1431 1060 1532 1123 τῆς
1580 1058 1780 1128 ἔχθρας
1817 1059 2070 1130 φραγμὸν
2145 1061 2400 1129 καθαιρεῖ
2460 1061 2555 1113 καὶ
2623 1058 2686 1111 τὸ
2748 1057 2851 1126 τῆς
2895 1053 3212 1121 ἀντιλογίας
3279 1050 3663 1123 καταστρέφει

398 1161 739 1228 μεσότοιχον,
777 1154 875 1206 καὶ
910 1152 1052 1222 μετὰ
1096 1151 1197 1217 τῆς
1234 1148 1645 1221 ᾁσματιξούσης
1682 1149 1901 1215 siina,
1935 1152 2122 1218 φησιν,
2153 1152 2375 1221 ἀγάπην
2407 1151 2498 1203 ἐπὶ
2523 1151 2636 1211 τοῖς
2678 1149 2843 1218 μέχρι
2873 1144 2969 1200 νῦν
2993 1144 3391 1215 ἀντερίξουτιν.

470 1249 523 1301 1.
582 1246 639 1300 ld
699 1245 861 1301 etiam
914 1245 966 1296 in
1019 1243 1104 1297 his
1131 1258 1252 1313 quin
1298 1257 1467 1311 nuper
1526 1242 1861 1304 acciderunt,
1890 1242 1977 1308 pia

397 1337 655 1406 majestas
708 1349 830 1390 mea
884 1333 1171 1387 factitavit.
1220 1331 1600 1386 Controversia
1655 1331 1798 1384 enim
1849 1339 1976 1384 nata

396 1437 480 1481 est
505 1429 568 1481 de
590 1426 789 1495 scripta
821 1425 873 1479 itt
901 1438 1058 1478 sacro
1090 1423 1380 1492 Evangelio
1410 1422 1685 1476 locutione
1732 1423 1844 1474 veri
1888 1422 1975 1474 Dei

396 1529 450 1572 et
482 1518 786 1572 Servatoris
820 1516 991 1570 nostri
1018 1514 1147 1569 Jesu
1190 1515 1415 1576 Christi,
1439 1528 1598 1580 quam
1632 1512 1773 1582 apud
1805 1512 1976 1565 disci-

405 1609 562 1677 pulos
605 1608 797 1662 eﬂattts
839 1608 995 1661 estin
1040 1607 1316 1661 Passionis
1344 1615 1500 1660 nocte
1524 1605 1731 1668 dicens,
1770 1604 1835 1656 ad
1877 1602 1982 1656 Pa-

2154 1240 2225 1297 a'.
2260 1242 2419 1295 Οὕτω
2448 1242 2511 1311 δὴ
2542 1241 2639 1294 καὶ
2671 1239 2767 1295 νῦν
2799 1241 2893 1292 ἐπὶ
2941 1242 3056 1303 τοῖς
3112 1234 3572 1308 παρεμπεσοῦσιν
3626 1237 3661 1306 ἡ

2087 1334 2319 1402 εὐσεϐὴς
2341 1333 2500 1404 ἡμῶν
2534 1333 2789 1402 βασιλεία
2811 1331 3095 1402 προσιδεῖν
3119 1329 3348 1402 ἤρξατο.
3386 1328 3671 1394 Ἑζητεῖτο

2091 1425 2190 1494 μὲν
2226 1425 2337 1494 γὰρ
2365 1425 2496 1494 περὶ
2527 1427 2625 1494 τῆς
2659 1424 2716 1475 ὲν
2743 1424 2821 1492 τῷ
2851 1421 3166 1493 ίερογράφῳ
3199 1417 3516 1487 Εὐαγγελίῳ
3550 1436 3669 1487 φω-

2084 1516 2182 1584 νῆς
2215 1517 2308 1569 τοῦ
2338 1516 2597 1586 ἀληθινοῦ
2631 1513 2768 1567 Θεοῦ
2813 1517 2911 1566 καὶ
2961 1511 3221 1581 Σωτῆρος
3266 1511 3429 1578 ἡμῶν
3487 1509 3670 1581 Ἰησοῦ

2085 1607 2349 1675 Χριστοῦ,
2377 1607 2443 1678 ἢν
2468 1608 2583 1660 τοῖς
2617 1604 2893 1676 μαθηταῖς
2925 1602 3383 1675 προσεφθέγξατο
3407 1603 3547 1655 κατὰ
3569 1601 3673 1671 τὴν

404 1714 539 1755 trem
593 1714 653 1754 se
722 1700 938 1765 vadere,
994 1708 1253 1767 tanquam
1309 1712 1371 1750 ea
1416 1712 1473 1751 re
1534 1697 1784 1765 discipuli
1816 1695 1983 1749 laetari

2100 1697 2182 1751 τοῦ
2218 1698 2433 1758 Πάθους
2465 1697 2636 1751 νύκτα
2670 1698 2848 1765 λέγων
2879 1696 3017 1768 πρὸς
3041 1696 3134 1749 τῖον
3179 1694 3400 1765 Πατέρα
3432 1692 3670 1763 πορεύεο

412 1793 693 1857 deberent,
726 1807 848 1845 cum
871 1792 1072 1845 diceret
1098 1808 1113 1845 :
1143 1790 1222 1842 Ad
1256 1787 1468 1843 Patrem
1492 1789 1646 1852 vado,
1680 1788 1804 1856 quia
1831 1785 1989 1839 Pater

2100 1790 2240 1854 ςθαι,
2270 1790 2346 1852 ὡς
2380 1790 2621 1856 ὀφείλειν
2655 1789 2745 1841 διὰ
2770 1787 2929 1841 τοῦτο
2958 1785 3176 1858 χαίρειν
3214 1786 3418 1856 μᾶλλον
3439 1785 3669 1846 αὐτοὺς.

409 1899 551 1938 vtem
581 1883 753 1952 major
772 1899 852 1936 me
886 1893 962 1936 est
989 1884 1031 1934 '.
1061 1881 1298 1948 Quaestio
1332 1890 1511 1933 autem
1550 1879 1601 1931 in
1633 1893 1696 1932 eo
1736 1876 1988 1931 versaba-

2100 1885 2169 1936 ὅτι
2206 1884 2358 1950 φησὶ,
2388 1853 2721 1949 Πορεύομαι
2744 1878 2894 1948 ,πρὸς
2911 1853 3017 1932 τόν
3043 1853 3297 1947 ίιατέρα,
3315 1878 3402 1931 ὅτι
3421 1880 3452 1931 ό
3472 1874 3674 1943 Πατήρ

404 1990 511 2043 tur,
552 1976 823 2043 quomodo
848 1978 1038 2045 lquovc
1080 1989 1238 2029 sensu
1268 1971 1442 2041 major
1484 1972 1740 2037 loquente
1766 1969 1984 2024 Chrile

2100 1991 2202 2035 ιιου
2223 1971 2441 2042 μείζων
2461 1974 2580 2041 μού
2610 1973 2802 2027 ἐστιν’
2836 1974 2869 2042 ἡ
2905 1971 2959 2024 δὲ
2988 1970 3243 2040 ζήτησις,
3274 1971 3421 2032 ὅπως
3450 1969 3484 2039 ἧ
3531 1972 3676 2021 κατὰ

406 2067 569 2122 Pater
623 2068 928 2123 credendus
979 2065 1073 2120 sit.
1103 2062 1354 2119 Jatnvero
1374 2062 1621 2117 Mosaicae
1652 2062 1795 2116 illius
1824 2062 1988 2130 virga:

2100 2068 2207 2120 τίνα
2240 2069 2338 2139 τὴν
2359 2068 2689 2138 διασάφησιν
2719 2067 2920 2138 μείζων
2944 2066 3037 2120 τοῦ
3064 2066 3318 2133 λέγοντος
3365 2062 3605 2132 Χριστοῦ
3644 2065 3677 2117 ὁ

405 2161 596 2225 instar,
650 2160 914 2214 dubitatio
961 2159 1075 2212 hate
1098 2172 1287 2225 parum
1343 2154 1513 2209 abfuit
1566 2153 1694 2223 quin
1733 2152 1988 2225 Ecclesiae

407 2252 498 2306 Dei
563 2266 714 2306 mare
773 2250 1023 2305 bifariam
1072 2248 1360 2312 divideret,
1425 2247 1479 2300 in
1516 2246 1657 2314 quod
1687 2247 1988 2314 piscatores

410 2341 689 2395 hominum
732 2350 849 2395 rete
881 2339 1151 2394 sermonis
1203 2338 1569 2399 dentittentes,
1605 2347 1809 2405 partem
1843 2337 1993 2405 quis-

402 2448 510 2502 que
535 2434 772 2501 gentium
802 2431 1327 2499 comprehenderunt
1355 2445 1370 2481 :
1399 2429 1474 2482 ita
1505 2436 1566 2481 ut
1609 2428 1795 2481 dextra
1827 2429 1992 2481 laeva-

405 2537 510 2591 que
540 2532 683 2576 stare
725 2538 909 2575 murus
939 2522 1211 2576 videretur
1228 2518 1605 2574 altercantium
1635 2519 1775 2572 inter
1804 2534 1863 2574 se
1921 2520 1987 2574 de

407 2612 664 2670 dictionis
695 2612 857 2682 hujus
888 2613 1354 2683 interpretatione.

2093 2161 2284 2232 Πατὴρ
2308 2162 2736 2229 ὲκλαμὸἁνεται.
2774 2159 3042 2213 Ἐνταῦθα
3067 2158 3210 2213 κατά
3244 2160 3342 2228 τὴν
3368 2156 3677 2226 Μωταῖκὴν

2096 2232 2314 2323 ἐκείνην
2335 2253 2531 2322 ῥάϐδον
2553 2252 2712 2306 τοῦτο
2729 2253 2790 2306 τὸ
2814 2251 3109 2324 πρόϐλημα
3162 2248 3364 2321 μικροῦ
3401 2248 3512 2300 δεῖν
3551 2246 3676 2315 διχῆ

2095 2341 2408 2412 διατέμνειν
2440 2342 2633 2412 ἔμελλε
2663 2342 2801 2396 Θεοῦ
2837 2343 2936 2410 τῆς
2977 2340 3308 2411 Ἐκκλησίας
3341 2340 3440 2408 τὴν
3468 2336 3671 2390 θάλασ-

2099 2448 2220 2494 σαν,
2278 2434 2415 2503 πρὸς
2466 2434 2532 2503 ἦν
2562 2435 2611 2485 οἱ
2660 2433 2947 2504 ζωγρηταὶ
2977 2432 3086 2485 τῶν
3145 2431 3452 2502 ἀνθρώπων
3499 2428 3679 2487 ἁλιεῖς

2092 2523 2160 2576 τὰ
2190 2524 2380 2578 δίκτυα
2426 2524 2520 2578 τοῦ
2565 2525 2725 2593 λόγου
2772 2525 3107 2595 χαλάσαντες
3152 2524 3252 2595 τὴν
3303 2520 3524 2591 ἑθνικὴν
3578 2535 3680 2589 με·

2096 2616 2218 2683 ρίδα
2263 2618 2746 2688 συμπαρε).ἐξαντο
2769 2635 2784 2651 ο
2820 2619 2895 2680 ὡς
2939 2619 3034 2672 καὶ
3079 2617 3253 2671 ἐδόκει
3283 2614 3534 2668 ἵστασθαι
3566 2608 3680 2665 τετ-

408 2724 503 2778 χος
534 2710 598 2760 ὶκ
618 2704 806 2772 δεξιῶν
829 2704 922 2758 καὶ
942 2705 1119 2774 τεῖχος
1143 2702 1203 2768 ἐξ
1253 2703 1571 2775 εὐωνύμων,
1608 2699 1683 2762 ὡς
1730 2700 1983 2773 ἀλλήλοις
2018 2708 2239 2759 πάντων
2284 2709 2678 2778 ἀντιλεγόντων
2707 2708 2851 2780 περ).⁴
2877 2710 2976 2779 τῆς
3033 2707 3129 2762 τοῦ
3217 2705 3386 2779 ῥητοῦ
3472 2704 3681 2774 ἐξηγή-

411 2814 575 2862 σεως.

477 2891 534 2945 2.
596 2889 847 2944 Nonnulli
915 2889 1060 2943 enim
1135 2890 1456 2959 quibusdam
1520 2892 1816 2964 Scriptura:
1860 2894 1997 2950 locis

417 2983 728 3044 abutentes,
783 2982 835 3036 in
885 2995 949 3036 eo
1003 2985 1375 3038 tantummodo
1417 2988 1559 3053 quod
1614 2983 1779 3039 Pater
1808 2997 1997 3040 auctor

417 3085 503 3128 est
558 3075 904 3141 sempiterna:
940 3082 995 3128 et
1044 3074 1279 3129 caelestis
1335 3077 1704 3146 generationis
1735 3078 1997 3147 unigeniti

418 3164 536 3218 Filii
597 3163 710 3229 Dei,
737 3162 1235 3232 interpretationem
1271 3165 1429 3236 hujus
1472 3167 1723 3223 dictionis
1766 3169 1999 3223 circum-

417 3254 730 3309 scribehant
762 3271 776 3308 :
811 3267 988 3323 neque
1015 3256 1155 3309 hanc
1203 3256 1497 3312 dictionem
1526 3264 1593 3313 de
1611 3258 1832 3316 Christo
1860 3276 1995 3330 qua-

419 3357 577 3399 tenus
636 3346 951 3399 incarnatus
1005 3355 1109 3405 est,
1132 3347 1381 3402 sinebant
1431 3349 1705 3420 intelligi:
1742 3361 1998 3420 tanquam

418 3436 464 3488 si
534 3449 672 3488 nova
736 3436 979 3503 quaedam
1059 3437 1365 3506 conjunctio
1430 3450 1747 3495 naturarum
1800 3442 2001 3496 Christi

420 3534 619 3592 praeter
692 3524 1120 3579 ecclesiasticam
1170 3528 1515 3583 traditionem
1581 3533 1999 3599 procuderetur;

420 3614 673 3684 idemque
701 3614 1128 3678 existimaretur,
1170 3631 1416 3685 persona:
1444 3620 1702 3675 unitatem
1734 3630 2001 3691 spectare,

422 3715 587 3774 atque
635 3704 977 3759 inconfusam
1027 3708 1227 3759 crasim
1277 3709 1548 3763 unitarum
1580 3712 1632 3764 in
1664 3711 1887 3769 Christo
1919 3716 2002 3769 itt-

421 3794 849 3850 convertibilitcr
910 3804 1231 3851 naturarum
1286 3814 1303 3852 :
1355 3809 1518 3869 atque
1569 3804 1697 3857 hinc
1756 3820 1855 3860 nos
1912 3822 2006 3876 pe-

426 3887 680 3954 riclitari,
730 3904 801 3945 ne
856 3890 1354 3963 Monophysitarum
1423 3897 1790 3967 hlasphemias
1852 3916 2009 3955 reno-

424 3993 700 4033 varemus.
754 3978 1006 4035 Nonnulli
1077 3997 1205 4037 vero
1260 3985 1664 4053 existimabant,
1709 3991 2003 4044 secundum

423 4070 592 4125 solam
611 4071 998 4128 exinanitionis
1021 4074 1479 4146 dctnissionisqne
1514 4082 1776 4135 rationem
1801 4083 2001 4138 dictum

420 4178 544 4217 esse
571 4165 829 4234 majorem
865 4165 976 4220 lilio
1002 4179 1230 4235 patrem,
1261 4171 1332 4225 ita
1360 4181 1417 4225 ut
1445 4171 1718 4241 Unigeniti
1739 4189 2001 4243 persons,

422 4257 718 4310 secundum
772 4258 890 4328 ejus
921 4259 1157 4316 divinam
1185 4272 1435 4317 naturam
1467 4265 1715 4332 'prorsus
1738 4281 2004 4336 congrue-

425 4357 506 4399 ret
537 4347 587 4400 id
614 4348 852 4404 elIatunt.
880 4351 934 4405 Is
993 4354 1136 4407 enim
1167 4368 1225 4408 se
1255 4355 1453 4424 ipsum,
1477 4356 1570 4425 qui
1604 4358 1810 4427 absque
1835 4374 2002 4414 carne

426 4446 571 4501 erat,
650 4440 977 4506 exinauivit,
1060 4454 1379 4513 castumque
1463 4457 1676 4502 uterum
1765 4449 2004 4519 Deiparze

2177 2898 2241 2968 β’.
2275 2897 2340 2951 Oi
2376 2898 2476 2967 μὲν
2505 2896 2616 2966 γάρ
2642 2912 2754 2949 τισι
2787 2895 2896 2949 τῶν
2948 2894 3238 2965 γραφικῶν
3286 2893 3682 2963 ἀποχρώμενοι

2102 2991 2353 3061 χρήσεων
2413 2989 2561 3061 μόνῳ
2592 2989 2856 3060 τῷίαῖτίῳ
2894 2990 2993 3059 τῆς
3028 2988 3262 3058 ἀχρόνου
3292 2988 3385 3042 καὶ
3410 2989 3680 3041 ἀνωτάτω

2104 3081 2414 3152 γεννήσεως
2460 3081 2556 3133 τοῦ
2593 3079 2918 3151 μονογενοῦς
2949 3077 3080 3131 Υἰοῦ
3119 3077 3214 3131 τοῦ
3247 3078 3380 3132 Θεοῦ
3414 3078 3519 3149 τὴν
3559 3075 3684 3147 ἐξή-

2104 3191 2267 3242 γησιν
2304 3177 2538 3243 ταυτησὶ
2586 3174 2685 3243 τῆς
2726 3172 2914 3242 φωνῆς
2954 3171 3346 3243 περιέγραφον,
3398 3171 3495 3223 καὶ
3553 3187 3684 3239 συγο

2101 3267 2300 3334 χωρεῖν
2338 3265 2439 3317 οὐκ
2473 3263 2664 3334 ἧθελον
2693 3263 2788 3316 καὶ
2827 3262 2903 3325 ὡς
2934 3261 3281 3333 σαρκοφόρου
3330 3260 3423 3314 τοῦ
3462 3261 3675 3330 Κυρίου

2102 3356 2247 3410 κατά
2274 3357 2372 3427 τὴν
2406 3358 2558 3411 κάτω
2586 3356 2845 3425 γέννησιν
2874 3355 3324 3426 χρηματίσαντος
3368 3357 3469 3425 τὴν
3511 3355 3679 3427 ῥῆσιν

2100 3447 2308 3518 ταύτην
2353 3448 2665 3516 λογίζεσθαι
2697 3462 2712 3477 ⁶
2743 3448 2820 3511 ὡς
2867 3446 3120 3501 ἐντεῦθεν
3161 3447 3358 3516 καινήν
3413 3464 3537 3500 τινα
3580 3447 3682 3513 τὴν

2102 3540 2299 3594 ἕνωσιν
2324 3542 2432 3593 τῶν
2459 3541 2552 3593 τοῦ
2596 3539 2835 3610 Χριστοῦ
2880 3540 3098 3609 φύσεων
3148 3539 3243 3592 καὶ
3278 3538 3354 3611 μὴ
3389 3538 3531 3593 κατά
3575 3539 3681 3606 τὴν

2103 3631 2574 3701 ἔκκλησιαστικὴν
2615 3632 2916 3701 παράδοσιν
2948 3631 3364 3701 ἀναφαίνεσθαι,
3408 3631 3504 3684 καὶ
3544 3630 3682 3682 ταὺ-

2101 3724 2195 3777 τδν
2231 3721 2373 3777 εἶναι
2400 3724 2718 3794 νομίζεσθαι
2753 3723 3105 3786 ὑποστάσεως
3132 3741 3191 3777 τε
3234 3724 3294 3776 τὸ
3335 3725 3539 3776 ὲνιαῑον
3583 3738 3680 3774 πε-

2106 3816 2353 3886 ριαθρεῖν
2380 3815 2475 3868 καὶ
2501 3817 2601 3886 τὴν
2635 3813 2947 3884 ἀσύγχυτον
2992 3817 3193 3886 κρᾶσιν
3220 3814 3329 3867 τῶν
3371 3816 3428 3867 ὲν
3459 3812 3684 3883 Χριστῷ

2106 3907 2404 3976 ἡνωμένων
2431 3907 2718 3977 ἀτρέπτως
2744 3908 2984 3976 φύσεων,
3019 3907 3115 3960 καὶ
3149 3906 3238 3959 διὰ
3271 3904 3448 3959 ταῦτα
3488 3904 3677 3958 κινδυ-
3750 3968 3759 3979 ⁸

2105 3998 2287 4052 νεύειν
2318 3997 2415 4060 τὰς
2442 3998 2553 4049 τῶν
2588 3998 2980 4067 Μονοφυσιτῶν
3029 3998 3346 4068 δυσφημίας
3386 3991 3500 4049 οἷον
3539 3999 3683 4051 ἀνα-

2106 4083 2659 4154 καινίζεσθαι.Ἷισαν
2689 4090 2746 4143 δὲ
2779 4090 2829 4143 οἳ
2859 4090 3004 4144 κατά
3040 4090 3203 4160 μόνον
3235 4089 3334 4142 τὸν
3362 4089 3462 4156 τῆς
3509 4086 3684 4141 κενὼ-

2107 4198 2246 4244 σεως
2276 4182 2454 4235 είτουν
2490 4180 2959 4249 συγκαταῦάσεως
3000 4182 3204 4253 τρόπον
3252 4180 3509 4252 εἰρῆσθαι
3562 4179 3683 4248 μεί-

2103 4271 2233 4337 ζονα
2264 4272 2360 4327 τοῦ
2409 4272 2539 4326 Υἰοῦ
2597 4274 2690 4326 τὸν
2738 4273 2957 4342 Πατέρα
2996 4272 3328 4334 διενοοῦντο,
3379 4273 3454 4335 ὡς
3486 4274 3553 4343 τῇ
3587 4270 3681 4323 τοῦ

2105 4363 2445 4432 Μονογενοῦς
2481 4364 2781 4418 ὑποστάσει
2821 4363 2962 4417 κατὰ
2992 4363 3092 4434 τὴν
3133 4363 3285 4416 θείαν
3310 4361 3479 4417 αὐτοῦ
3514 4362 3683 4432 φύσιν

2110 4457 2329 4522 πάντως
2378 4457 2795 4528 προσάπτεσθαι
2848 4456 2910 4509 τὸ
2955 4455 3256 4526 λεγόμενον
3304 4470 3319 4485 ’
3372 4448 3533 4519 οὗτος
3568 4455 3685 4526 γὰρ

426 4526 630 4591 subiit;
689 4528 817 4598 quin
872 4539 1054 4584 tamen
1105 4541 1389 4600 paternum
1458 4535 1634 4591 sinum
1685 4538 1996 4595 desereret:

2109 4548 2304 4603 ἑαυτὸν
2335 4526 2643 4601 κεκένωκεν
2679 4546 2924 4617 ἄσαρκος
2945 4545 3044 4611 ὢν,
3069 4547 3163 4600 καὶ
3186 4548 3287 4617 τὴν
3309 4547 3482 4617 ἀγνὴν
3512 4546 3684 4600 ὑπέδυ

432 4625 576 4670 totus
611 4616 873 4672 indivisus
910 4633 940 4672 a
971 4619 1249 4676 Genitore.
1285 4625 1386 4677 Alii
1422 4625 1477 4679 in
1505 4640 1735 4694 persona
1766 4645 2010 4686 commu-

431 4707 516 4759 nis
557 4706 831 4761 hominum
884 4719 1092 4766 naturre
1148 4712 1200 4766 id
1232 4714 1433 4769 dictum
1487 4729 1519 4769 a
1550 4717 1779 4774 Domino
1807 4729 2014 4776 statue-

430 4798 563 4849 bant
596 4795 704 4851 :ita
726 4807 787 4851 ut
813 4812 979 4867 ιιι-ονε
1023 4802 1418 4869 phantasticutn
1446 4807 1651 4869 Christi
1682 4826 1804 4866 cum
1847 4828 2014 4870 carne

431 4886 486 4937 in
542 4893 687 4939 terra
737 4886 1027 4943 incolatum
1071 4891 1365 4949 edicerent.
1403 4897 1505 4950 Alii
1548 4899 1613 4952 ad
1645 4914 1864 4954 carnem
1881 4916 2016 4970 quo—

429 4989 537 5042 que
585 4973 914 5031 locutionem
964 4978 1107 5036 hanc
1149 4981 1377 5038 Domini
1412 4986 1753 5055 referebant;
1795 4991 1888 5044 sed
1914 5006 2008 5058 per

435 5066 720 5121 mentalem
776 5070 1175 5140 praeeisiouem,
1237 5090 1342 5143 qua
1423 5093 1643 5134 carnem
1694 5083 2005 5151 cogitabant

434 5165 752 5210 extraneam
805 5158 969 5214 veluti
1012 5165 1308 5219 assumenti
1337 5166 1507 5235 ipsam
1528 5167 1844 5238 divinitati;
1903 5188 2002 5227 ceu

431 5246 544 5301 fere
568 5246 880 5317 hypostasis
911 5252 1092 5308 carnis
1128 5265 1371 5310 nostrum
1406 5259 1842 5329 uniuscujusque,
1879 5279 2000 5318 cum

433 5352 540 5407 qua
592 5340 734 5393 nulla
796 5350 880 5397 est
944 5344 1240 5403 divinitatis
1290 5349 1629 5420 coniunctio;
1674 5355 1824 5408 carni
1856 5356 1999 5409 enim

432 5430 665 5485 servitus
730 5441 787 5487 et
866 5436 1166 5505 ignorantia
1246 5443 1559 5509 ascribitur,
1625 5460 1747 5500 cum
1809 5448 2003 5504 mentis

435 5521 665 5589 simplici
722 5525 1009 5593 phantasia
1073 5546 1182 5586 rem
1203 5534 1467 5590 visibilem
1495 5551 1524 5590 a
1550 5538 1780 5606 cogitata
1806 5540 2000 5594 distin-

436 5611 669 5678 guimus,
730 5623 791 5670 ut
819 5619 895 5673 ait
945 5623 1159 5691 sapiens
1223 5626 1606 5685 Damascenus.
1660 5629 1796 5686 Nam
1854 5644 2002 5689 certe

511 5788 530 5816 ³
555 5787 709 5846 .loan.
744 5809 855 5860 xw,
890 5796 981 5854 ‘28.

2115 4642 2332 4711 μήτραν
2371 4640 2469 4708 τῆς
2492 4639 2861 4711 Θεομήτορος.
2892 4639 3002 4691 τῶν
3035 4639 3220 4708 μέντοι
3250 4638 3538 4708 πατρικῶν
3572 4639 3679 4692 οὐκ

2108 4731 2320 4799 ἀπέστη
2362 4730 2602 4796 κόλπων,
2631 4729 2750 4791 ὅλος
2770 4727 2845 4780 ὢν
2872 4727 3175 4799 ἅχώριστος
3199 4729 3294 4781 τοῦ
3326 4729 3683 4799 Γεννήτορος.

2108 4820 2172 4872 Ol
2202 4820 2258 4872 δὲ
2284 4818 2562 4892 προσώπῳ
2591 4823 2691 4889 τῆς
2723 4820 2909 4890 κοινῆς
2938 4821 3048 4873 τῶν
3094 4819 3402 4892 ἀνθρώπων
3457 4819 3677 4889 φύσεως

2107 4912 2267 4966 τοῦτο
2295 4912 2529 4983 ῥηθῆναι
2558 4911 2709 4983 παρά
2736 4912 2831 4965 τοῦ
2867 4913 3075 4983 Κυρίου
3107 4913 3369 4978 ἐτίθεντο,
3409 4912 3550 4966 ὥστε
3583 4928 3681 4982 μο-

2112 5004 2329 5072 νονουχὶ
2358 5002 2703 5073 φαντασιώδη
2731 5003 2832 5072 τὴν
2863 5005 3180 5074 οἰκονομίαν
3215 5007 3317 5074 τῆς
3367 5005 3506 5073 μετά
3547 5019 3682 5073 σαρ-

2112 5092 2207 5156 κὸς
2239 5094 2588 5161 ἀναστροφῆς
2620 5093 2789 5145 αὐτοῦ
2847 5095 2940 5146 ἐπὶ
2988 5094 3087 5163 τῆς
3134 5094 3236 5165 γῆς
3291 5094 3680 5160 είκονίζεσθαι.

2114 5184 2287 5236 Ἔνιοι
2321 5182 2379 5234 δὲ
2408 5181 2504 5235 καὶ
2526 5181 2627 5252 τῆς
2659 5184 2861 5253 σαρκὲς
2891 5183 2991 5254 μὲν
3022 5183 3116 5237 τοῦ
3136 5186 3342 5256 Κυρίου
3370 5184 3468 5255 τὴν
3493 5186 3685 5238 τοιαύ-

2108 5290 2208 5343 την
2258 5272 2442 5343 φωνην
2494 5274 2888 5343 περιέγραφον,
2936 5274 3075 5347 πλὴν
3129 5276 3244 5329 ἀλλ’
3302 5276 3466 5329 ὁπότε
3539 5274 3685 5329 κατά

2109 5364 2271 5435 ψιλὴν
2322 5364 2698 5436 ὰποδιαίρεσιν
2754 5365 2890 5436 σὰρξ
2937 5365 3075 5437 αὔτη
3120 5369 3347 5431 νοεῖται,
3400 5366 3529 5434 ξένη
3584 5365 3685 5435 τῆς

2112 5453 2563 5526 προσλαϐομένης
2624 5455 2829 5526 ταύτην
2883 5456 3159 5528 θεότητος,
3200 5457 3391 5527 ὥσπερ
3440 5458 3602 5529 τυχὸν
3644 5460 3681 5528 ἡ

2108 5548 2208 5617 τῆς
2257 5544 2415 5616 ἡμῶν
2464 5544 2696 5599 ἑκάστου
2758 5547 2961 5617 σαρκὸς
3037 5548 3366 5615 ὑπόστασις,
3416 5550 3555 5621 πρὸς
3611 5550 3685 5619 ἢν

2108 5637 2362 5708 οὐδαμῶς
2394 5636 2624 5709 οὐδεμία
2650 5637 2750 5709 τῆς
2805 5638 3057 5710 θεότητος
3085 5640 3281 5707 Evam;
3314 5658 3329 5674 ο
3363 5641 3424 5696 ὃν
3450 5641 3514 5712 δὴ
3556 5640 3685 5712 τρό-
