4044 6394
323 372 434 435 777
1406 366 1779 435 NOVELL/E
1817 372 2496 437 CONSTITUTIONES.
3487 386 3595 450 778

322 503 426 539 πον
460 484 603 560 [καὶ]
633 489 666 559 ἠ
708 487 924 543 δουλεία
954 488 1048 542 καὶ
1070 490 1104 558 ἡ
1137 487 1329 558 ἄγνοια
1380 488 1551 562 ταύτῃ
1592 490 1896 562 προσάπτε-

2010 494 2310 548 secundum
2382 508 2627 563 persona:
2708 499 2970 553 unitatem
3067 503 3524 575 inseparabilemq
3552 521 3600 557 te

316 596 435 645 ται,
468 578 631 649 ἡνίκα
670 580 852 650 ψιλαῖς
900 580 997 635 τοῦ
1053 580 1146 636 νοῦ
1172 582 1499 652 φαντασίαις
1534 583 1593 636 τὸ
1623 582 1896 655 ὁρώμενον

2010 585 2477 655 coniunctionem,
2544 602 2723 658 neque
2771 591 3094 648 servitutem
3137 609 3442 651 memorare
3471 596 3601 651 licet

318 671 387 725 ὲκ
425 671 522 725 τοῦ
567 673 864 743 νοουμένου
899 674 1167 745 διέλωμεν
1212 675 1357 728 κατὰ
1399 676 1492 729 τὸν
1548 675 1896 746 Δαμασκρθεν

2011 693 2187 746 neque
2242 678 2540 735 inscitiam.
2611 681 2785 751 Atque
2824 684 2896 737 ita
2959 685 3012 739 hi
3065 686 3206 743 inter
3259 701 3320 743 se
3365 687 3599 745 disside-

320 763 490 833 σοφόν
524 779 542 795 ⁸
592 765 737 819 κατὰ
789 766 897 837 γὰρ
943 767 1043 838 τὴν
1073 768 1175 837 τῆς
1212 767 1566 831 ὑποστάσεως
1597 768 1906 838 ταυτότητα
2011 768 2164 822 bant.

317 855 418 909 καὶ
470 856 570 927 τὴν
627 856 999 912 ἀδιάσπαστον
1039 857 1237 912 ἕνωσιν
1290 856 1415 912 οὔτε
1443 858 1604 931 δούλη
1646 857 1771 914 οὔτε
1799 856 2073 927 ἀγνοοῦσα
2096 857 2460 929 λεχθήσεται·
2499 862 2593 915 καὶ
2632 861 2774 916 οὕτω
2835 865 2928 919 καὶ
2993 866 3131 938 πρὸς
3207 869 3407 935 αὐτοὺς
3487 870 3595 930 δια,

318 947 630 1019 φωνοῦντες
666 942 812 1004 οὗτοι
838 950 1169 1004 ἐδείκνυντο.

388 1050 467 1112 γ’.
495 1044 559 1097 Oi
584 1043 641 1098 δὲ
662 1044 930 1116 ἑτέρωθεν
960 1045 1148 1110 αὐτοῖς
1204 1047 1728 1116 ἀντικαθιστάμενοι
1781 1045 1896 1117 ᾔδε-

2084 1042 2138 1096 5.
2160 1040 2435 1098 Contrarii
2486 1051 2664 1096 autem
2696 1043 2804 1109 his,
2862 1058 3129 1101 noverant
3151 1049 3370 1117 quidem
3397 1066 3425 1104 a
3459 1068 3598 1107 non-

318 1153 421 1191 σαν
472 1135 571 1206 μὲν
618 1136 713 1189 καί
759 1155 913 1201 τινας
955 1139 1066 1192 τῶν
1119 1141 1589 1212 πνευματοφόρων
1647 1140 1748 1210 τῆς
1804 1139 1896 1193 τοῦ

2009 1135 2175 1189 nullis
2211 1134 2486 1205 inspiratis
2545 1134 2802 1192 Ecclesiae
2861 1138 2952 1192 Dei
3007 1136 3258 1193 Patribus
3302 1141 3501 1198 dictum
3543 1146 3597 1201 id

315 1228 458 1282 Θεοῦ
502 1228 830 1301 Ἐκκλησίας
858 1231 1115 1303 Πατέρων
1156 1234 1253 1285 καὶ
1280 1232 1626 1289 διδασκάλων
1665 1234 1766 1302 τὴν
1805 1232 1896 1287 τοῦ

2009 1226 2222 1282 Domini
2244 1227 2574 1297 explicatum
2619 1227 2787 1284 fuisse
2816 1238 3083 1300 quatenus
3111 1231 3269 1287 Pater
3297 1243 3486 1290 auctor
3514 1245 3601 1293 est.

318 1319 528 1389 Κυρίου
554 1321 761 1387 ταύτην
799 1322 985 1391 φωνὴν
1025 1321 1474 1393 ἑρμηνεύσαντας
1517 1323 1610 1377 καλ⁸
1651 1322 1794 1378 κατὰ
1842 1322 1896 1375 τὲ

2006 1319 2566 1390 incomprehensibilis
2601 1321 2791 1391 primae
2850 1323 3181 1381 nativitatis:
3223 1337 3596 1386 verumtamen

319 1410 499 1466 αἴτιον
530 1410 631 1481 τῆς
672 1412 1069 1484 ἁκαταλήπτου
1125 1414 1353 1486 πρώτης
1399 1416 1737 1487 γεννήσεωςο
1792 1414 1896 1470 ἀλλ

2010 1412 2082 1468 ita
2118 1413 2333 1469 aiebant
2363 1429 2483 1467 cum
2506 1414 2939 1482 respondendum
2968 1426 3112 1472 esset
3152 1418 3218 1473 iis
3281 1420 3373 1489 qui
3424 1437 3599 1493 nuga-

316 1499 415 1557 οὖν
451 1502 612 1556 ὁπότε
641 1502 785 1557 κατὰ
813 1504 922 1558 τῶν
949 1505 1385 1577 ἐρεσχελούντων
1411 1508 1536 1563 κατ’
1558 1510 1749 1562 οὐσίαν
1783 1509 1896 1563 δία-

2011 1506 2211 1561 bantur
2300 1506 2521 1561 differre
2564 1522 2591 1559 a
2628 1507 2764 1563 Filio
2786 1509 3003 1563 Patrem
3050 1486 3599 1581 substantialiter,vae

317 1594 511 1665 φέρειν
541 1594 636 1649 τοῦ
686 1595 817 1649 Υίοῦ
851 1597 942 1650 τὸν
982 1599 1201 1669 Πατέρα
1240 1600 1337 1663 τάς
1386 1601 1740 1672 ἀντιρρήσεις
1802 1619 1900 1654 πε-

317 1688 548 1760 ποίηντο
576 1691 641 1761 τῇ
671 1689 765 1743 τοῦ
798 1690 1050 1761 μείζονος
1096 1693 1250 1764 φωνῇ
1291 1693 1435 1746 κατὰ
1480 1694 1661 1748 πάντα
1684 1694 1904 1765 χρωμέ-

315 1797 427 1835 νων
466 1783 560 1835 καὶ
602 1783 874 1837 ὑπόϐασιν
926 1786 985 1837 ὲν
1028 1785 1364 1857 ἀμφοτέροις
1408 1785 1553 1840 κατά
1588 1786 1688 1857 τὴν
1742 1786 1904 1856 φύσιν

2010 1598 2276 1653 vocabulo
2300 1598 2476 1668 major
2523 1613 2936 1669 quaquaversus
2975 1601 3362 1672 abutebantur,
3395 1614 3451 1659 et
3495 1607 3599 1661 mi-

2009 1705 2197 1745 norem
2222 1692 2272 1745 in
2296 1702 2551 1762 .utroque
2590 1701 2734 1746 statu
2790 1693 3021 1762 gradum
3074 1704 3283 1751 natura:
3327 1698 3602 1768 confinge-

2018 1781 2148 1837 bant
2204 1797 2269 1837 ac
2314 1783 2705 1839 diversitatem.
2738 1784 2847 1840 Nec
2922 1784 3084 1853 huius
3136 1788 3427 1846 locutionis
3474 1805 3601 1847 Sen-

316 1874 652 1943 εἱσαγόντων
692 1875 787 1928 καὶ
830 1875 1157 1946 ἑτερότητα,
1212 1876 1275 1929 οὗ
1318 1874 1431 1947 μὴν
1481 1876 1538 1930 δὲ
1575 1876 1720 1930 κατά
1747 1877 1896 1931 τοῦτο

2008 1890 2130 1932 sum
2202 1876 2577 1931 tantummodo
2657 1876 2723 1931 ad
2790 1878 2988 1932 dictam
3074 1880 3339 1936 rationem
3410 1885 3596 1939 trahe-

318 1968 417 2018 καὶ
450 1966 610 2037 μόνον
636 1967 1079 2037 ὲκλαμὸάνεσθαι
1112 1969 1212 2039 τὴν
1240 1968 1500 2039 τοιαύτην
1530 1968 1715 2040 φωνὴν
1740 1987 1905 2041 προσ-

316 2059 645 2127 επάγοντας.
695 2059 887 2115 Ἦνίκα
909 2062 1018 2133 γὰρ
1062 2061 1125 2114 ού
1169 2061 1308 2132 πρὸς
1348 2059 1625 2126 τοιούτους
1666 2060 1806 2133 ἦσαν
1849 2065 1903 2116 αί

317 2150 626 2216 ἀντιθέσεις
666 2152 763 2205 καὶ
813 2152 883 2206 τὰ
924 2151 1312 2223 παλαίσματα,
1366 2153 1498 2224 περὶ
1539 2153 1595 2206 δὲ
1637 2153 1735 2223 τῆς
1764 2154 1903 2219 μετὰ

320 2241 535 2312 σαρκὸς
566 2242 882 2312 οἰκονομίας
905 2245 1004 2297 καὶ
1032 2243 1143 2297 τῶν
1175 2242 1426 2313 φυσικῶν
1472 2244 1754 2316 ἰδιοτήτων
1804 2245 1904 2299 καὶ

316 2332 596 2405 διαφορῶν
656 2334 1041 2407 ὲδογμὰτιζον,
1090 2336 1299 2408 ἑκάστῃ
1366 2336 1478 2391 τῶν
1526 2336 1744 2406 φύσεων
1801 2338 1902 2399 τὰς

316 2428 671 2500 προσφόρους
701 2430 892 2501 ῥήσεις
914 2429 1222 2500 ἀπένεμον,
1267 2430 1367 2493 τὰς
1417 2429 1518 2501 μὲν
1558 2429 1900 2502 ὑψηλοτάτας

316 2520 417 2572 καὶ
443 2519 859 2592 ὑπερκειμένας
905 2524 971 2594 τῇ
1003 2521 1098 2576 τοῦ
1132 2520 1373 2593 Χριστοῦ
1416 2521 1635 2593 θεότητι
1683 2521 1758 2585 ώς
1803 2522 1898 2575 καὶ

315 2611 460 2665 Θεοῦ
485 2612 693 2666 τελείου
726 2613 882 2676 δντος
911 2612 1441 2685 προσαφορίζοντες,
1466 2614 1565 2678 τὰς
1612 2614 1667 2668 δὲ
1711 2631 1903 2667 ταπει-

316 2702 548 2774 νοτέρας
584 2708 680 2758 καὶ
714 2704 1127 2776 ὑποϐεϐηκυίας
1155 2708 1220 2777 τῇ
1252 2709 1310 2759 ἐν
1340 2705 1418 2776 τῷ
1472 2705 1622 2776 αύτῷ
1674 2705 1901 2776 Χριστῷ

316 2794 702 2867 ἁνθρωπὸτητι
724 2795 799 2860 ώς
827 2798 923 2851 καὶ
946 2797 1219 2869 ἀνθρώπῳ
1248 2796 1494 2868 γεγονότι
1516 2798 1707 2868 τελείῳ
1731 2815 1904 2867 προσ-ι

318 2888 730 2959 εφαρμόζοντες
773 2904 790 2921 ·
833 2884 915 2953 οἷς
973 2891 1071 2943 καὶ
1118 2890 1182 2944 τὸ
1253 2890 1525 2962 ἡμέτερον
1590 2891 1901 2961 ώμοφρύνει

318 2979 548 3050 κράτος,
574 2981 695 3045 ταῖς
743 2980 852 3034 τῶν
899 2982 1072 3051 ἁγίων
1097 2982 1196 3053 τῆς
1241 2982 1571 3055 Ἐκκλησίας
1594 2984 1902 3055 φωστήρων

319 3071 697 3137 διδασκαλίαις
721 3074 1011 3144 ἑπόμενον.

2009 1968 2160 2023 bant.
2195 1969 2253 2024 Si
2286 1970 2501 2040 quando
2532 1969 2675 2025 enim
2701 1979 2886 2025 contra
2934 1972 3201 2042 ejusmodi
3238 1975 3596 2042 :adversarios

2008 2077 2115 2116 non
2173 2062 2595 2118 disserert'ntac
2628 2064 3018 2134 depugnarent,
3068 2067 3162 2121 sed
3211 2067 3278 2121 de
3322 2068 3591 2124 incarnati

2008 2154 2169 2209 Verbi
2194 2162 2357 2222 statu,
2393 2164 2447 2211 et
2477 2156 2821 2212 naturalibus
2884 2159 3307 2227 pr0prietatibus
3339 2160 3595 2216 differen-

2009 2249 2206 2319 tiisque
2236 2248 2539 2305 doctrinam
2571 2252 2875 2309 traderent:
2930 2261 3060 2308 tunc
3107 2269 3236 2311 suas
3270 2255 3465 2325 cuique
3497 2273 3596 2311 na-

2008 2352 2142 2397 tura:
2193 2341 2492 2398 locutiones
2524 2343 2933 2412 attribuebant;
2998 2346 3354 2403 sublimiores
3374 2349 3593 2417 quidem

2006 2440 2062 2486 et
2126 2431 2446 2487 eminentes
2523 2434 2588 2488 ad
2621 2433 2822 2489 Christi
2872 2436 3232 2507 divinitatem,
3300 2442 3595 2510 utpoteDei

2004 2524 2257 2594 perfecti,
2312 2526 2743 2592 convertebant;
2793 2527 3115 2586 humiliores
3136 2540 3314 2587 autem
3365 2542 3421 2588 et
3466 2535 3598 2590 sub-

2004 2616 2199 2672 missas
2278 2615 2483 2672 Christi
2547 2618 2892 2685 humanitati,
2950 2631 3135 2692 utpote
3184 2623 3422 2681 hominis
3467 2626 3595 2682 item

2005 2708 2253 2777 perfecti,
2313 2710 2818 2767 accommodabant.
2882 2712 3062 2784 Atque
3102 2714 3169 2768 ad
3223 2715 3418 2771 horum
3477 2734 3597 2773 sen-

2009 2803 2231 2857 tentiam
2295 2811 2478 2858 nostra
2523 2818 2743 2874 quoque
2798 2804 3055 2873 maiestas
3101 2808 3416 2876 accedebat,
3464 2826 3599 2866 san-

2005 2903 2216 2949 (-torum
2284 2894 2541 2953 Ecclesia;
2622 2896 2972 2952 Iuminarium
3051 2898 3352 2955 doctrinam
3403 2916 3599 2959 censes

2003 2995 2181 3043 etans.

387 3163 451 3223 δ’.
488 3164 645 3221 Οὕτω
676 3168 740 3238 δὴ
782 3142 923 3239 μετὰ
944 3142 1205 3224 τοιούτων
1250 3173 1591 3227 ἀντιθεσεσιν
1621 3175 1896 3243 ἁμφιγνω·

2075 3170 2128 3223 4.
2164 3166 2260 3223 llic
2293 3176 2411 3224 erat
2440 3183 2571 3239 ergo
2606 3169 3098 3225 contradicentinm
3150 3170 3381 3228 invicem
3428 3175 3593 3231 dissi-

321 3257 622 3329 μονοῦντες
648 3259 901 3333 ἀλλήλοις
938 3263 1034 3316 καὶ
1088 3263 1466 3333 ἀντιλέγοντες
1521 3266 1896 3336 ἀνεφαίνοντο.

329 3348 474 3401 Ἀλλ’
501 3350 535 3418 ἡ
574 3349 725 3421 παρὰ
757 3351 858 3422 τῆς
893 3352 1104 3408 ἀνωθεν
1132 3353 1315 3419 δεξιᾶς
1348 3355 1442 3408 καὶ
1489 3354 1753 3425 δεδομένη
1806 3358 1900 3407 ναὶ

311 3437 671 3511 διεξαγομένη
727 3439 977 3511 βασιλεία
1025 3443 1183 3513 ἡμῶν
1242 3445 1347 3514 ούχ
1408 3445 1694 3515 ὑπερεῖδεν
1754 3442 1900 3497 οὕτω

310 3532 407 3587 τὸν
436 3532 556 3587 νέον
579 3534 675 3587 τοῦ
724 3534 860 3589 Θεοῦ
908 3538 1001 3589 καὶ⁸
1048 3537 1364 3609 περιούσιον
1407 3538 1627 3609 Ἰσραὴλ
1668 3538 1746 3609 τῷ
1799 3539 1899 3609 τῆς

311 3627 707 3697 Αἰγυπτιακῆς
767 3628 970 3692 κακίας
1018 3628 1243 3700 ἄρχοντι
1294 3629 1726 3699 πολεμούμενον,
1776 3630 1899 3684 οὐδὲ

312 3719 416 3788 τὴν
448 3719 505 3785 ἐξ
536 3720 706 3773 ἐθνῶν
737 3721 1098 3792 μετηρμένην
1148 3721 1607 3793 εύκληματοῦσαν
1648 3722 1898 3791 ἄμπελον

312 3814 440 3876 ταῖς
470 3812 581 3866 τῶν
625 3813 943 3886 ἁπᾳδόντων
994 3814 1172 3884 λόγων
1228 3815 1673 3886 παρεισφθοραίς
1724 3815 1896 3885 χαλα·

314 3903 591 3975 ζουμένην
620 3900 735 3958 οἷον
765 3907 861 3959 καλ⁸
900 3906 1367 3978 συντριϐήσεσθαι
1419 3907 1753 3977 μέλλουσαν,
1820 3905 1896 3969 ώς

310 4001 409 4052 καὶ
469 3998 549 4069 τῷ
597 3999 892 4071 φυτουργῷ
943 4000 1284 4073 θρηνηθῆναι
1337 4001 1425 4055 διὰ
1457 4002 1517 4056 τὸ
1545 4002 1782 4066 ἀκαλλὲς
1836 4018 1896 4054 τε

311 4092 411 4145 καὶ
446 4090 717 4160 ἄκαρπον.
745 4090 865 4146 Κᾶν
893 4094 987 4145 καὶ
1016 4094 1245 4163 μυρίαις
1276 4093 1431 4157 ὅσαις
1460 4096 1579 4156 ταῖς
1605 4091 1896 4153 ἁνθολκαῖς

310 4181 423 4234 τῶν
470 4181 758 4252 κοσμικῶν
811 4183 1125 4253 φροντίδων
1178 4183 1590 4254 διεμεμέριστο,
1644 4184 1893 4245 καὶτοῖς

308 4275 379 4327 ὲκ
400 4272 497 4326 τοῦ
529 4274 776 4343 καλάμου
812 4273 1050 4344 θηρίοις,
1077 4275 1216 4328 ἀλλὰ
1244 4274 1307 4344 δὴ
1335 4277 1430 4328 καὶ
1458 4276 1570 4337 τοῖς
1609 4273 1895 4342 πελαγίοις

308 4367 537 4436 κήτεσιν
562 4366 889 4436 ἀντιμαχεῖν
935 4366 1282 4436 ἠναγκάζετο
1334 4369 1398 4419 ἐκ
1440 4366 1725 4435 θαλάσσης
1778 4365 1895 4434 ἁμα

304 4460 402 4513 καὶ
435 4460 536 4530 γῆς
564 4460 1005 4529 προσεγχανοῦσι
1040 4460 1182 4513 κατὰ
1216 4458 1440 4528 ταύτὸν,
1494 4459 1579 4530 ἐφ’
1612 4454 1657 4528 ᾧ
1689 4460 1749 4513 τὸ
1794 4458 1894 4528 τῆς

2006 3261 2360 3332 dentiumque
2410 3271 2605 3316 status.
2674 3261 2779 3317 Sed
2830 3278 2858 3315 a
2910 3262 3020 3319 Deo
3071 3263 3196 3319 data
3278 3265 3594 3336 directaqne

2008 3354 2265 3423 majestas
2288 3363 2474 3408 nostra
2499 3367 2694 3408 novum
2724 3354 2814 3410 Dei
2841 3354 3138 3425 pretiosum
3166 3356 3417 3415 Israelem
3447 3359 3592 3416 haud

2004 3445 2240 3513 neglexit
2269 3445 2336 3500 ab
2366 3444 2699 3518 Aﬂgyptiacae
2750 3448 2969 3503 malitia:
3031 3448 3278 3520 principe
3328 3452 3409 3507 sic
3441 3454 3594 3521 dive-

2006 3544 2230 3601 xatum;
2297 3551 2471 3605 neque
2518 3535 2681 3592 vitem
2725 3552 2793 3592 ex
2853 3538 3087 3593 ethnicis
3144 3541 3460 3596 translatam
3539 3554 3596 3598 ct

1996 3636 2111 3707 jam
2162 3627 2530 3695 frondentem,
2564 3628 2631 3684 ab
2664 3631 3023 3686 absurdarum
3080 3634 3449 3690 doctrinarum
3479 3653 3597 3693 cor-

2005 3722 2258 3791 ruptelis,
2323 3721 2487 3776 veluti
2537 3723 2822 3793 grandine,
2884 3726 3162 3781 verberari
3224 3727 3596 3799 perfringique

2001 3814 2150 3881 sivit,
2183 3815 2253 3868 ita
2288 3815 2588 3871 utvinitori
2618 3816 2941 3873 deformitas
2986 3818 3103 3887 ejus
3137 3829 3301 3890 atque
3333 3823 3595 3879 sterilitas

2001 3905 2245 3961 deﬂenda
2289 3907 2447 3963 foret.
2513 3908 2579 3961 Et
2611 3922 2927 3977 quanquam
2982 3925 3081 3966 nos
3114 3911 3415 3968 innumeris
3445 3930 3597 3968 mun-

2001 3998 2269 4053 danarum
2324 4014 2578 4053 curarum
2645 3999 2901 4055 ﬂuctibus
2961 4000 3201 4071 ferisque
3259 4002 3593 4072 palustribus

2000 4090 2321 4160 premimur,
2387 4090 2626 4159 itemque
2696 4092 2926 4147 marinis
3002 4093 3264 4149 monstris
3334 4095 3594 4152 resistere

1998 4184 2268 4253 cogimur,
2323 4198 2444 4250 quae
2483 4183 2617 4237 mari
2669 4184 2833 4238 simul
2870 4193 3121 4253 terraque
3164 4185 3593 4257 inhiantutpul-

2004 4275 2335 4328 cherrimum
2392 4273 2617 4327 Romani
2653 4273 2863 4343 imperii
2893 4287 3090 4342 corpus
3139 4274 3469 4344 dilaCerent;
3502 4286 3590 4332 at-

2000 4376 2203 4433 tamen,
2252 4365 2337 4420 his
2367 4364 2709 4435 posthabitis,
2764 4365 2830 4419 ad
2876 4366 3255 4421 dissidentium
3322 4365 3582 4423 Ecelesia:

2001 4455 2371 4511 membrorum
2413 4454 2775 4511 revocandam
2826 4458 3173 4511 concordiam
3195 4459 3290 4512 toti
3324 4458 3592 4514 incumbi-

315 4550 608 4620 Ῥωμαίων
638 4552 814 4621 ἀρχῆς
860 4551 1359 4621 περικαλλέστατον
1410 4553 1570 4625 σῶμα
1595 4552 1896 4623 διασπαρά-

2006 4564 2126 4603 mus
2153 4566 2166 4603 :
2195 4559 2249 4604 et
2281 4549 2345 4603 de
2361 4547 2665 4602 orthodoxa
2684 4548 3021 4603 controversi
3043 4548 3171 4604 dicti
3214 4549 3594 4620 patefacienda

307 4643 531 4709 ξασθαι’
563 4644 716 4714 ὅμως
751 4644 821 4697 τὰ
850 4645 949 4714 μὲν
1003 4646 1062 4697 ὲν
1113 4644 1356 4717 δευτέρῳ
1410 4646 1642 4711 τίθεται,
1693 4645 1794 4715 τῆς
1835 4646 1891 4698 δὲ

302 4737 419 4790 τῶν
466 4737 774 4791 διεστώτων
812 4737 913 4808 τῆς
978 4738 1307 4809 Ἐκκλησίας
1358 4739 1545 4810 μερῶν
1587 4740 1688 4792 ούκ
1735 4740 1889 4808 ὀλίγη

302 4829 521 4898 γίνεται
550 4831 774 4902 φροντὶς
798 4829 1215 4901 προσενώσεως,
1260 4833 1355 4885 καὶ
1402 4833 1497 4885 τοῦ
1525 4832 1623 4903 τὴν
1667 4832 1885 4903 690660-

302 4923 396 4990 ξον
439 4922 569 4994 περὶ
621 4921 716 4977 τοῦ
780 4923 1115 4993 ζητουμένου
1174 4924 1385 4979 ἔννοιαν
1438 4924 1888 4994 ἀνακαλυφθῆναι

2001 4658 2162 4698 sensu
2220 4643 2515 4697 maximam
2567 4640 2805 4711 gerimus
2873 4641 3318 4699 sollicitudinem.
3383 4644 3591 4714 Quippe

2000 4739 2192 4792 harum
2218 4751 2398 4791 rerum
2426 4734 2772 4790 concordiam
2822 4736 2977 4790 valde
3046 4736 3368 4791 confidimus
3388 4740 3591 4806 princi-

1996 4830 2144 4899 pium
2184 4828 2298 4884 fore
2337 4829 2499 4884 etiam
2554 4827 2759 4898 pacifici
2812 4828 3202 4885 dominationis
3251 4840 3447 4885 nostra:
3474 4840 3590 4886 sta-

1999 4933 2104 4979 ιυε.

306 5016 577 5086 μεγίστην
600 5017 684 5069 ξτι
715 5013 957 5068 δείκνυσι
1021 5015 1119 5085 τὴν
1170 5016 1518 5088 προμήθειαν
1560 5030 1574 5045 '
1610 5010 1750 5069 εἶναι
1777 5015 1886 5085 γὰρ
1925 5016 2024 5086 τὴν
2051 5018 2145 5071 ἐπὶ
2174 5015 2387 5077 τούτοις
2419 5015 2644 5090 εἰρήνην
2671 5010 2927 5082 ἀπαρχὴν
2990 5013 3086 5065 καὶ
3147 5014 3247 5085 τῆς
3294 5012 3385 5067 τοῦ
3445 5015 3584 5085 ἡμε-

300 5108 466 5177 τέρου
500 5107 739 5177 κράτους
790 5108 1074 5178 εἰρηναίας
1109 5106 1216 5180 [ὲν]
1272 5109 1446 5163 ἆπασι
1493 5109 1885 5172 καταστάσεως
1928 5109 2047 5180 μετ’
2079 5109 2404 5162 εύελπίστου
2440 5106 2670 5179 γνώμης
2704 5106 3059 5160 πεπίστευκε.

374 5204 438 5252 ε’.
470 5198 769 5269 Τοιγάρτοι
799 5200 1010 5254 καὶτὸν
1042 5200 1350 5269 ἁγιώτατον
1375 5202 1468 5255 καὶ
1501 5200 1887 5271 οίκουμενικδν

303 5290 677 5363 πατριάρχην,
716 5290 855 5361 μετὰ
885 5291 993 5346 τῶν
1017 5292 1224 5364 ἑτέρων
1254 5294 1579 5363 ἁγιωτάτων
1608 5308 1888 5365 πατριαρ-

300 5384 438 5457 χῶν,
472 5383 568 5436 τοῦ
601 5400 661 5436 τε
691 5381 794 5453 τῆς
845 5383 1199 5450 Θεουπόλεως
1245 5387 1495 5457 μεγάλης
1548 5385 1892 5456 Ἀντιοχείας

304 5475 527 5533 καὶτοῦ
557 5475 658 5545 τῆς
691 5476 854 5544 ἁγίας
905 5476 1047 5531 Σιὼν
1103 5480 1205 5547 τῆς
1247 5481 1459 5545 πόλεως
1505 5478 1887 5552 Ἰερουσαλὴμ,

305 5567 796 5637 συγκαλεσαμένη,
829 5566 925 5621 καὶ
954 5568 1054 5639 τὴν
1094 5570 1439 5641 ἑνδημοῦσαν
1474 5571 1783 5642 τηνικαῦτα
1819 5573 1887 5641 τῇ

307 5660 539 5733 βασιλίδι
564 5658 676 5713 τῶν
716 5659 926 5713 πόλεων
952 5660 1106 5716 θείαν
1138 5665 1234 5717 καὶ
1264 5666 1421 5735 ίερὰν
1451 5664 1563 5718 τῶν
1613 5663 1707 5717 τοῦ
1754 5664 1889 5733 Χρι-

304 5752 432 5806 στοῦ
461 5748 771 5822 ἀρχιερέων
815 5751 1057 5817 σύνοδον,
1093 5756 1501 5828 συναθροίσασά
1525 5773 1583 5811 τε
1623 5756 1726 5818 τάς
1751 5758 1887 5829 χρή-

306 5861 417 5909 σεις
438 5843 550 5898 τῶν
578 5842 680 5910 τὴν
712 5842 973 5916 τοιαύτην
1005 5845 1436 5918 ἐξηγησαμένων
1467 5848 1653 5921 φωνὴν
1697 5848 1885 5918 θεοφό-

635 5934 908 5999 ΡΑτιιοι.
958 5938 1052 5999 Cn
1107 5940 1441 6003 CXXXIII.

2068 5203 2120 5257 5.
2145 5202 2467 5258 Convocatis
2490 5203 2657 5273 igitur
2682 5204 3031 5259 sanctissimo
3055 5212 3217 5271 atque
3244 5203 3583 5259 recumcnico

1996 5296 2330 5365 patriarcha,
2363 5295 2593 5365 aliisque
2627 5296 2985 5352 sanctissimis
3016 5294 3361 5364 patriarchis,
3386 5308 3581 5363 nempe

2002 5389 2151 5443 urbis
2175 5388 2266 5443 Dei
2323 5402 2527 5460 magna:
2557 5389 2876 5453 Antioohiae,
2907 5398 2958 5443 et
2981 5396 3181 5443 sancta:
3211 5384 3389 5441 Sionis
3431 5388 3582 5444 urbis

1998 5478 2334 5547 Jerusalem;
2390 5496 2490 5536 nec
2545 5497 2649 5536 non
2675 5497 2739 5536 ex
2772 5479 3129 5537 incolentibus
3160 5494 3255 5548 per
3295 5478 3345 5532 id
3370 5488 3582 5548 tempus

1996 5572 2201 5641 regiam
2238 5571 2578 5642 metropolim
2607 5571 2893 5642 episcopis,
2920 5568 3100 5624 divina
3136 5578 3191 5624 ct
3227 5583 3381 5623 sacra
3422 5568 3583 5625 Chri-

1995 5664 2064 5719 sti
2120 5664 2501 5734 episcoporum
2552 5665 2759 5735 synodo
2820 5671 3189 5735 congregata;
3230 5664 3582 5720 auctoritates

1994 5755 2319 5810 deiferorum
2364 5755 2605 5819 Patrum,
2665 5757 2753 5825 qui
2794 5756 2998 5811 dictum
3062 5755 3190 5811 illud
3238 5757 3573 5843 interpretati

1994 5847 2230 5913 fuerant,
2263 5847 2315 5902 itt
2346 5846 2582 5902 medium
2614 5844 2839 5916 proferri
2867 5847 3194 5910 curavimue,
3223 5845 3573 5917 tliligcttliqtte

3098 5938 3131 5972 C)

3099 5940 3172 5997 2;")
