4044 6398
370 367 477 435 781

1445 367 1809 429 NOVELL/E
1838 367 2513 430 CONSTITUTIONES.

3541 369 3649 436 782

373 481 828 556 προεκτεθείσαις
869 483 969 553 τῆς
1024 481 1184 552 ἡμῶν
1227 481 1508 554 βασιλείας
1560 480 1808 551 γνώμαις
1854 480 1947 534 καὶ

2069 481 2321 537 :tissimis
2366 481 2712 553 patriarchis,
2758 495 3021 552 sacraque
3072 491 3127 538 et
3180 483 3361 540 divina
3414 490 3646 573 synodo.

371 580 484 633 τῶν
527 578 849 646 ἁγιωτάτων
906 576 1268 647 πατριαρχῶν
1321 577 1417 631 καὶ
1477 574 1580 645 τῆς
1644 575 1802 647 ἱερᾶς
1862 575 1959 629 καλ⁵

374 670 529 735 θείας
558 668 802 734 συνόδου,
851 668 946 738 ἀφ’
986 663 1047 723 οὗ
1079 669 1142 722 τὸ
1166 668 1333 741 κῦρος
1382 669 1652 735 ἐδέξαντο,
1690 668 1786 723 καὶ
1816 667 1961 723 οὑτω

372 764 465 818 διὰ
494 764 611 835 βίου
642 762 1033 832 φρονήσοντας.
1062 762 1207 833 Πρὸς
1234 762 1292 815 δὲ
1323 761 1536 825 τούτοις
1574 764 1671 816 καὶ
1712 763 1840 825 τοὺς
1890 762 1958 830 τῇ

376 855 608 910 κενώσει
634 854 770 925 μόνῃ
787 852 886 923 τὴν
909 852 1168 923 τοιαύτην
1191 852 1375 925 φωνὴν
1410 854 1899 924 προσαρμόζοντας
1924 855 1957 921 ἢ

376 948 444 1015 τῇ
472 944 614 999 κατά
638 944 803 1016 ψιλὴν
837 943 1089 1000 ἐπίνοιαν
1122 944 1414 1017 διαιρέσει,
1442 945 1606 998 ὁπότε
1629 942 1713 1017 [ἡ]
1732 943 1824 997 τοῦ
1844 945 1959 996 Κυ-

381 1038 499 1109 ρίου
528 1036 666 1107 σὰρξ
693 1035 769 1100 ὡς
800 1035 938 1106 μηδὲ
960 1037 1028 1107 τῇ
1050 1035 1269 1106 θεότητι
1300 1035 1567 1090 ὲνωθεῖσα
1592 1036 1715 1091 καθ’
1746 1030 1952 1107 ἒαυτὴν

378 1130 583 1181 νοεῖται
612 1126 707 1180 καὶ
736 1127 986 1197 κρίνεται
1018 1125 1168 1197 (καθ’
1202 1125 1263 1181 ὃν
1292 1126 1498 1198 τρόπον
1529 1128 1621 1180 καὶ
1663 1125 1829 1197 δούλη
1866 1112 1960 1180 καλ

377 1218 652 1287 ἀγνοοῦσα
679 1219 947 1288 λέγεται),
975 1219 1038 1272 οὑ
1069 1218 1178 1291 μὴν
1204 1219 1342 1274 ἀλλὰ
1369 1218 1465 1299 καὶ
1495 1220 1623 1283 τοὺς
1649 1215 1960 1291 [λέγοντας]

377 1310 476 1380 τὴν
504 1312 763 1380 τοιαύτην
786 1309 972 1380 φωνὴν
998 1310 1153 1380 παρά
1170 1308 1265 1363 τοῦ
1288 1309 1500 1380 Κυρίου
1522 1308 1759 1380 ῥηθῆναι
1780 1308 1841 1362 τὸ
1863 1311 1963 1379 τῆς

379 1402 566 1472 κοινῆς
588 1402 805 1473 φύσεως
850 1403 960 1456 τῶν
987 1402 1295 1474 ἀνθρώπων
1326 1403 1698 1474 ὑποδυομένου
1742 1402 1961 1473 πρόσωο

380 1512 503 1561 πον,
534 1494 725 1565 ὥσπερ
748 1495 843 1550 καὶ
884 1494 1390 1566 ἐγκαταλειφθῆναι
1420 1495 1575 1567 παρὰ
1615 1493 1709 1549 τοῦ
1749 1494 1963 1565 Πατρὸς

380 1586 476 1638 ἐπὶ
501 1585 740 1659 σταυροῦ
763 1588 1114 1658 κρεμάμενος
1132 1587 1543 1659 ἀνακέκραγεν·
1589 1588 1729 1658 ὅπερ
1753 1586 1802 1640 οί
1830 1586 1963 1641 θεῖοι

379 1676 627 1749 Πατέρες
652 1677 931 1749 προσώπῳ
962 1677 1057 1747 τῆς
1110 1679 1302 1749 κοινῆς
1351 1679 1463 1733 τῶν
1502 1676 1813 1749 ἀνθρώπων
1863 1677 1965 1747 φύ-

2061 587 2126 629 ex
2180 589 2290 645 quo
2342 574 2677 628 sanctionem
2743 572 2826 629 bat
2881 575 3258 645 accepissent;
3293 590 3461 649 seque
3499 580 3571 636 ita
3595 572 3648 636 in

2065 675 2340 736 posterum
2392 667 2695 721 credituros
2737 665 3150 722 conﬁrmarunt.
3198 667 3467 726 Praeterea
3526 672 3651 731 illos

2063 760 2154 829 qui
2201 761 2267 813 ad
2329 774 2490 812 unam
2543 758 2971 813 exinanitionem
3016 758 3117 814 hoc
3145 759 3353 815 dictum
3377 761 3647 831 referunt,

2064 847 2148 901 vel
2205 849 2269 901 ad
2296 848 2598 919 simplicem
2657 847 3070 903 intellectualem
3120 850 3513 919 praecisiunem,
3541 868 3647 924 qua

2064 935 2274 992 Domini
2310 953 2457 1003 caro,
2512 947 2766 1009 tanquam
2837 956 2903 995 ne
2932 941 3078 994 unita
3112 941 3325 1012 quidem
3356 943 3649 1012 divinitati,

2058 1028 2182 1099 ipsa
2216 1038 2313 1099 per
2331 1044 2389 1085 se
2416 1032 2690 1099 cogitatur
2716 1040 2772 1086 et
2799 1041 3114 1101 reputatur;
3156 1034 3456 1090 secundum
3489 1051 3649 1106 quam

2066 1124 2335 1179 rationem
2404 1140 2557 1181 serva
2607 1140 2825 1197 quoque
2849 1134 2905 1182 et
2935 1126 3104 1182 inscia
3148 1126 3347 1184 dicitur
3380 1148 3395 1185 :
3431 1130 3651 1201 insuper

2054 1225 2119 1270 'et
2150 1230 2246 1271 eos
2276 1216 2367 1282 qui
2400 1216 2585 1272 dicunt
2616 1218 2756 1274 hanc
2808 1218 3136 1275 locutionem
3163 1234 3193 1274 a
3241 1217 3468 1276 Domino
3489 1220 3653 1277 fuisse

2064 1308 2330 1378 prolatam
2405 1321 2675 1379 quatenus
2725 1312 3029 1369 communis
3103 1321 3312 1368 natura:
3367 1313 3647 1371 hominum

2064 1414 2353 1470 personam
2408 1403 2660 1474 gerebat;
2718 1402 2791 1458 ita
2850 1413 2908 1458 ιιι
2947 1404 3216 1461 etiam—se
3277 1406 3576 1478 derelinqui
3616 1423 3649 1463 a

2070 1492 2235 1548 Patre
2286 1494 2338 1549 in
2374 1510 2535 1550 cruce
2569 1496 2706 1551 ﬁxus
2734 1496 3156 1565 cxclamaverit;
3186 1512 3347 1569 quam
3380 1500 3653 1556 exclama-

2069 1583 2266 1638 tionem
2324 1584 2430 1640 divi
2460 1583 2647 1641 Patres
2678 1585 2733 1641 in
2759 1601 2986 1656 persona
3035 1589 3341 1644 communis
3372 1589 3649 1644 hominum

2062 1686 2274 1731 naturae
2338 1675 2535 1731 factam
2589 1677 2899 1749 intelligunt
2929 1696 2944 1733 :
2972 1679 3087 1735 haec
3127 1682 3274 1736 enim
3336 1698 3528 1753 reapse
3557 1686 3652 1740 de-

382 1784 519 1831 σεως
550 1767 742 1839 λεχθὲν
771 1768 1209 1839 ἐκλαμϐάνονται
1241 1764 1484 1840 (ἐκείνης
1514 1770 1624 1841 γάρ
1654 1771 1877 1833 παντως
1928 1770 1962 1840 ἦ

2070 1771 2259 1827 relicta
2316 1771 2437 1839 fuit,
2505 1788 2623 1843 qua:
2671 1776 2910 1845 peccatis
2960 1790 3019 1831 se
3057 1777 3351 1833 obnoxiam
3414 1779 3653 1847 fecerat;

378 1859 788 1929 ὲγκατάλειψις,
819 1860 997 1931 ηταῖς
1039 1860 1341 1931 ἁμαρτίαις
1375 1860 1632 1924 ὑπόδικος
1678 1862 1913 1931 γέγονεν
1946 1879 1960 1892 ο

2070 1878 2174 1918 non
2218 1875 2400 1920 autem
2450 1863 2722 1934 Citristus,
2766 1869 2855 1937 qui
2904 1879 3184 1939 peccatum
3211 1885 3319 1925 non
3370 1871 3520 1938 l'ecit,
3553 1886 3655 1929 nec

378 1953 439 2006 οὑ
459 1951 593 2025 [γάρ
620 1950 708 2025 δὴ]
737 1953 979 2025 Χριστοῦ
1032 1953 1224 2019 αὑτοῦ,
1248 1953 1305 2017 ὃς
1322 1952 1625 2026 [ἁμαρτίαν
1653 1954 1754 2007 οὐκ
1778 1955 1963 2025 ἐποίη-

382 2060 475 2097 σεν
512 2042 670 2117 οὐδὲ]
711 2026 910 2118 εὑρέθη
945 2044 1095 2110 δόλος
1127 2046 1187 2099 ὲν
1223 2044 1301 2115 τῷ
1332 2046 1567 2117 στόματι
1605 2044 1820 2116 αὑτοῦ),
1868 2045 1966 2099 καὶ

379 2136 508 2199 τοὺς
539 2135 819 2200 τοιούτους
861 2136 955 2191 οῦν
988 2135 1287 2209 [ἅπαντας]
1328 2137 1630 2202 ὑποδίκους
1661 2137 1847 2192 ἔθεντο
1896 2142 1964 2210 τῇ

382 2223 653 2298 καταδίκῃ
675 2227 772 2281 τοῦ
794 2227 1163 2298 ἀναθέματος.
1197 2228 1323 2282 Ἐπὶ
1348 2222 1406 2282 δὲ
1423 2228 1504 2300 τῷ
1518 2228 1759 2301 ’τοιούτῳ
1779 2229 1966 2301 γράμ-

386 2334 517 2387 ματι
540 2318 638 2373 καὶ
672 2319 953 2374 συνοδικὺν
975 2322 1217 2392 γράμμα
1258 2318 1492 2392 προέϐη,
1530 2321 1599 2376 τά
1632 2324 1968 2392 συναχθέντα

381 2411 687 2483 διαγράφον
720 2413 1111 2485 ἀριδηλότατα.

454 2509 506 2564 8.
536 2508 646 2564 Καὶ
681 2509 775 2564 νῦν
803 2511 913 2564 ίδοὺ
944 2512 1086 2566 κατά
1110 2510 1210 2582 τὴν
1234 2511 1540 2583 ἐν”ᾼσματι
1576 2509 1795 2581 νύμφην
1816 2512 1851 2581 ἠ
1872 2510 1967 2564 τοῦ

383 2602 620 2673 Χριστοῦ
674 2602 973 2675 Ἐκκλησία
1020 2605 1398 2674 προφαίνουσα
1447 2605 1545 2671 τὴν
1585 2602 1969 2674 πνευματικὴν

382 2695 550 2765 αὑτῆς
572 2693 912 2763 ἀγαλλίασιν,
945 2694 1008 2750 '0
1026 2695 1266 2765 χειμὼν,
1292 2693 1446 2766 φησὶ,
1473 2693 1639 2764 παρῆ
1655 2697 1744 2749 '38
1762 2695 1831 2749 ’δι’
1850 2687 1911 2748 οὗ
1932 2696 1969 2765 ἠ

382 2788 571 2859 ἀγάπη
590 2788 698 2843 τῶν
725 2788 933 2842 πολλῶν
960 2789 1297 2860 ἀπεψύγετο,
1330 2791 1364 2842 ό
1394 2789 1571 2855 ὑετὸς
1593 2788 1969 2858 ἀπῆλθεν-,αι

392 2882 783 2951 ραγδαιόταται
838 2884 947 2937 τῶν
989 2883 1251 2938 ἀντιθέων
1304 2881 1566 2952 ἐπιφοραὶ
1622 2880 1968 2953 διελύθησαν,

386 2976 456 3029 τὰ
485 2974 639 3043 ἄνθη
662 2977 758 3047 τῆς
781 2974 1043 3047 ἀληθείας
1058 2973 1215 3044 ὤφθη
1255 2973 1325 3027 ἐν
1352 2970 1428 3041 τῇ
1466 2970 1570 3041 γῇ.
1596 2972 1708 3044 Τὴν
1732 2972 1841 3043 γὰρ
1874 2971 1968 3025 τοῦ

393 3065 647 3136 Νυμφίου
678 3066 861 3136 φωνὴν
883 3064 1199 3136 ὴκουτίσθη,
1232 3064 1314 3117 ὃτι
1340 3064 1372 3135 ἠ
1402 3062 1555 3135 φωνὴ
1579 3063 1745 3117 αὑτοῦ
1778 3062 1964 3133 ηδεῖαο

2070 1955 2321 2012 inventus
2336 1966 2420 2013 est
2434 1956 2590 2014 dolus
2620 1959 2791 2014 inore
2822 1961 2939 2030 ejus
2973 1978 2987 2015 :
3016 1961 3115 2018 hos
3138 1977 3376 2033 quoque,
3404 1964 3651 2036 inquam,

2067 2062 2258 2105 Omnes
2305 2050 2572 2105 sententia
2624 2052 2988 2110 a‘natliematis
3045 2038 3418 2123 perculerunt.
3474 2057 3654 2128 Super

2072 2140 2380 2213 bujusmodi
2427 2148 2611 2198 autem
2673 2133 2880 2213 scripto
2928 2146 3648 2220 conditumestsyn’odicum

2068 2234 2369 2303 decretum,
2416 2233 2562 2306 quod
2602 2236 2784 2291 omnia
2812 2237 3107 2293 constituta
3140 2240 3424 2311 perspicuo
3456 2241 3650 2299 ordine

2069 2324 2330 2382 continet.

2140 2498 2196 2554 8.
2253 2498 2316 2555 Et
2345 2514 2490 2555 nunc
2542 2514 2690 2563 ecce.
2752 2511 2922 2559 .nstar
2989 2518 3203 2574 sponsae
3261 2505 3653 2583 Canticorum,

2070 2587 2275 2645 Christi
2336 2590 2581 2646 Ecclesia
2638 2591 2941 2660 spiritalem
2992 2609 3147 2650 suam
3206 2612 3319 2666 prae
3366 2612 3428 2654 se
3474 2599 3655 2660 ferens

2070 2681 2551 2751 pulchritudinem,
2577 2682 2783 2747 Hiems,
2808 2685 2999 2755 inquit,
3031 2690 3262 2755 transiit,
3290 2703 3397 2761 qua
3417 2693 3657 2751 Charitas

2073 2773 2370 2829 multorum
2420 2776 2747 2843 refrixerat;
2803 2778 2968 2831 imber
3011 2778 3162 2845 abiit,
3194 2782 3415 2839 violenti
3449 2786 3658 2843 scilicet

2070 2863 2563 2919 controversiarum
2615 2866 2883 2935 impetus;
2943 2868 3099 2930 liores
3138 2869 3382 2928 veritatis
3432 2873 3486 2927 in
3517 2885 3658 2930 terra

2072 2965 2429 3024 apparuerunt
2465 2954 2504 3008 ³.
2551 2955 2747 3009 Vocem
2804 2956 3002 3026 quippe
3036 2955 3231 3029 Spousi
3258 2960 3506 3029 inaudiit,
3538 2978 3658 3035 quae

2070 3062 2203 3102 sane
2262 3047 2432 3101 dulcis
2495 3057 2597 3103 est.
2659 3048 2869 3103 Etenim
2921 3050 3134 3107 Domini
3194 3068 3321 3119 vox,
3361 3056 3427 3111 de
3455 3058 3657 3128 qualis

388 3161 420 3227 ἡ
471 3160 582 3229 γὰρ
628 3158 725 3213 τοῦ
785 3160 990 3231 Κυρίου
1022 3158 1193 3229 φωνὴ,
1256 3157 1389 3228 περὶ
1425 3151 1493 3229 ἧς
1549 3156 1837 3228 ήζὴτησις
1877 3151 1966 3226 ἦν,

2077 3139 2270 3206 fuerat,
2310 3141 2472 3195 rectis
2503 3140 2745 3196 veritatis
2780 3143 3121 3212 praeconibus
3155 3145 3431 3215 roborata,
3460 3151 3652 3205 tradita

2074 3241 2151 3259 Α...
2204 3231 2433 3259 ,1....εηεη
2486 3233 2595 3259 ...ἕρ
2629 3241 2683 3259 ..ι
2740 3247 2859 3259 An...
2914 3248 3041 3259 ...ι-..ι
3085 3234 3630 3259 -:-.-.-___-J:__-_#

382 3249 492 3310 τοῖς
509 3246 687 3318 ὀρθοῖς
700 3247 918 3319 τῶντῆς
934 3248 1191 3317 ἀληθείας
1221 3247 1477 3319 κηρύκων
1491 3245 1856 3317 κρατυνθεῖσα
1879 3245 1969 3299 λό-

384 3354 501 3409 γοις
516 3339 755 3412 ἀπεδόθη
778 3342 887 3405 τοῖς
910 3341 1081 3410 αὑτῆς
1104 3340 1389 3413 τροφίμοις
1412 3339 1551 3409 μετά
1566 3338 1665 3407 τῆς
1686 3338 1969 3404 εὐσεϐείας

382 3433 747 3504 κηρύττεσθαι
770 3452 783 3466 ·
818 3434 914 3489 καὶ
966 3434 1077 3488 ίδοὺ
1098 3432 1192 3487 νῦν
1214 3433 1271 3487 αί
1297 3433 1520 3503 νεφέλαι
1544 3430 1825 3503 παρῆλθον
1855 3430 1965 3487 ἀπὸ

379 3526 479 3594 τῆς
512 3524 902 3594 τηλαυγήσεως
926 3524 1022 3579 τοῦ
1072 3523 1328 3596 ἀληθινοῦ
1348 3523 1527 3594 φωτὸς
1556 3524 1617 3576 τὸ
1645 3523 1836 3588 σκότος
1866 3524 1968 3594 τῆς

380 3616 608 3685 ἀγνοίας
629 3616 894 3681 λύσαντος
924 3618 1019 3670 καὶ
1044 3617 1406 3680 σκεδάσαντος
1432 3632 1445 3644 ·
1475 3619 1569 3669 καὶ
1596 3616 1656 3669 τὸ
1682 3617 1775 3669 τοῦ
1810 3633 1973 3671 σκαν-

378 3710 541 3765 δάλου
568 3713 740 3764 αἴτιον
760 3709 980 3780 διελύθη
1028 3710 1121 3763 καὶ
1154 3708 1260 3763 τῶν
1290 3708 1575 3780 ἡμετέρων
1600 3708 1807 3779 τρὶδων
1834 3726 1970 3780 μετ-

379 3801 527 3873 ἠρθη
554 3843 571 3868 ,
612 3802 708 3856 καὶ
726 3803 779 3860 οἱ,
809 3801 967 3866 πόδες
991 3800 1147 3872 ἡμῶν
1178 3802 1236 3854 ὲν
1262 3798 1563 3872 εὐρυχώρῳ
1587 3802 1684 3872 τῆς
1712 3800 1972 3873 ἀληθείας

379 3895 708 3964 ἑστήκασιν,
760 3893 856 3949 καὶ¹
914 3894 1064 3967 ότὴν
1123 3891 1365 3964 πτέρναν
1390 3892 1575 3964 τηρῶν
1614 3893 1715 3962 τῆς
1745 3893 1973 3965 καρδίας

380 3988 511 4055 δφις
561 3986 1059 4057 καταπεπάτηται·
1114 3987 1209 4040 καὶ
1249 3985 1350 4056 μία
1393 3984 1618 4053 γέγονεν
1679 3985 1972 4054 Ἐκκλησία

379 4077 579 4142 κοινῶς
602 4077 962 4146 δοξολογοῦσα
993 4076 1086 4130 τὸν
1115 4075 1341 4147 Κύριον.

456 4169 514 4225 9.
574 4168 665 4224 Διὸ
712 4169 778 4240 δὴ
834 4171 986 4242 καὶὴ
1022 4169 1268 4241 βασιλεία
1314 4167 1474 4240 ἡμῶν
1517 4168 1612 4223 καὶ
1652 4168 1747 4223 νῦν
1780 4169 1974 4225 ὲπικυ-

381 4262 559 4335 ροῦσα
610 4261 680 4315 τά
740 4259 892 4333 παρά
941 4261 1050 4314 τῶν
1108 4260 1432 4330 ἁγιωτάτων
1481 4261 1839 4332 πατριαρχῶν
1879 4261 1975 4315 καὶ

2073 3241 2154 3285 est
2204 3231 2435 3286 almnnis
2485 3233 2599 3286 suis
2629 3241 2688 3285 ut
2739 3247 2860 3287 cum
2912 3248 3042 3287 sana
3084 3234 3286 3304 pietate
3314 3238 3650 3307 prmdicetur.

2072 3324 2137 3378 Et
2182 3337 2311 3378 ecce
2363 3322 2476 3392 jam
2530 3324 2701 3378 nubes
2767 3324 3103 3380 transierunt
3156 3326 3226 3381 ob
3283 3328 3395 3382 veri
3432 3328 3657 3387 luminis

2070 3414 2443 3485 splendorem,
2502 3427 2609 3482 quo
2675 3412 2994 3483 ignorantiae
3062 3414 3299 3469 tenebrae
3376 3414 3659 3472 solvuntur

2071 3522 2135 3562 ac
2185 3507 2537 3577 dissipantur.
2591 3504 2982 3561 Scandalorum
3020 3504 3229 3575 lapides
3259 3518 3291 3561 e
3330 3506 3433 3561 viis
3457 3508 3658 3564 nostris

2071 3597 2228 3665 cjecti
2283 3604 2443 3665 sunt;
2491 3600 2654 3666 pedes
2697 3597 2866 3652 nostri
2954 3597 3011 3651 in
3071 3596 3355 3652 latitudine
3416 3597 3662 3655 veritatis

2073 3688 2413 3755 consistunt;
2469 3697 2524 3744 et
2556 3689 2649 3760 qui
2698 3688 2879 3745 cordis
2926 3688 3239 3744 calcaneum
3268 3688 3521 3745 observat
3541 3705 3660 3746 ser-

2073 3795 2207 3851 pens
2257 3780 2499 3836 calcatus
2534 3781 2670 3848 fuit;
2720 3795 2936 3851 unaque
2963 3778 3103 3835 facta
3127 3790 3209 3837 est
3232 3779 3658 3838 collaudantium

2078 3873 2365 3927 Dominum
2397 3871 2664 3928 Ecclesia.

2148 4148 2204 4205 9.
2242 4145 2606 4214 Quamobrem
2679 4154 2860 4200 nostra
2900 4158 3117 4213 quoque
3154 4143 3411 4215 maiestas
3441 4154 3495 4203 et
3515 4161 3661 4205 nunc

2075 4240 2332 4297 sanciens
2382 4251 2447 4293 ea
2502 4249 2622 4306 qua:
2674 4249 2704 4289 a
2759 4234 3119 4290 sanctissimis
3168 4235 3497 4304 patriarcliis
3524 4252 3661 4294 con-

377 4327 486 4423 τῆς
515 4327 936 4424 συνειλεγμένης
981 4351 1131 4415 θείας
1158 4327 1167 4330 ν
1190 4352 1285 4406 καὶ
1326 4351 1478 4422 ἱερᾶς
1502 4327 1705 4422 ταύτης
1730 4327 1966 4407 τσυνόδου

2075 4342 2401 4405 gregataque
2424 4329 2511 4385 dia
2541 4337 2595 4384 et
2624 4327 2995 4385 sacratissima
3028 4328 3241 4399 synodo
3282 4327 3505 4384 deﬁnita
3539 4329 3661 4387 fue-

379 4419 799 4516 ὁροθετηθέντα,
825 4419 920 4498 καὶ
946 4444 1273 4515 βεϐαιότατα
1299 4419 1578 4515 διαμένειν
1600 4419 1880 4511 ἐθέλουσα,
1912 4444 1966 4498 τὲ

2075 4442 2223 4492 runt,
2281 4424 2579 4493 eademque
2632 4419 2943 4475 ﬁrmissima
3018 4432 3245 4475 manere
3291 4419 3500 4487 volens,
3559 4420 3663 4477 hoc

381 4509 564 4609 παρὸν
600 4509 847 4601 ἐὐσεϐές
879 4509 1155 4590 ἐκτίθεται
1197 4509 1419 4601 ίδικτονῠ,
1474 4534 1543 4589 δι’
1601 4529 1664 4591 οὗ
1697 4536 1791 4590 καὶ
1832 4509 1965 4589 πᾶσι
2001 4539 2045 4593 D
2075 4519 2220 4589 Pium
2284 4515 2565 4609 Proposuit
2615 4511 2875 4609 edifm‘m-
2910 4509 3062 4609 U_“de
3091 4518 3147 4566 εί
3170 4510 3379 4609 culmis
3422 4512 3514 4582 (ιιιῖ
3546 4511 3661 4567 Βο-

378 4633 499 4695 τοϊς
528 4630 634 4683 ὑπὸ
659 4629 756 4701 τὴν
770 4629 1087 4700 Ῥωμαϊκὴν
1121 4629 1482 4700 ἐπικράτειαν
1514 4628 1716 4701 ταύτης
1744 4627 1966 4698 ἔχεσθαι

256 4750 279 4765 κ
380 4722 485 4794 τῆς
523 4720 807 4792 ὀρθοδόξου
871 4720 1101 4792 γνώμης
1149 4719 1609 4805 παρακελεύεται.
1671 4721 1735 4773 El
1789 4720 1846 4772 δέ
1889 4738 1970 4785 τις

382 4814 820 4883 ἐναντιοφρονῶν
851 4814 1034 4876 αὑτοῖς
1071 4812 1463 4884 φωραθήσεται
1493 4811 1589 4865 καὶ
1628 4810 1727 4882 τὴν
1758 4812 1969 4883 παροῦ-

382 4924 487 4961 σαν
519 4906 676 4974 ἡμῶν
707 4902 953 4978 [εὐσεϐῆ]
976 4904 1197 4977 γραφὴν
1225 4903 1748 4975 παραλογιζόμενος,
1778 4904 1828 4956 εί
1870 4903 1969 4975 μὲν

383 4995 687 5058 ὲπίσκοπός
719 4996 870 5048 ἐστιν
902 4995 936 5065 ἢ
967 4995 1229 5066 κληρικὺς
1261 4994 1292 5065 ἢ
1324 4994 1579 5064 μοναχδς,
1610 4995 1701 5048 τὸν
1727 4994 1968 5047 τοιοῦτον

384 5085 718 5157 θεσπίζομεν
748 5087 826 5157 τῷ
861 5086 961 5156 τῆς
1008 5085 1389 5155 καθαιρέσεως
1421 5084 1686 5155 ἐπιτιμίῳ
1721 5084 1963 5137 καθυπο-

385 5176 709 5230 6ἀλλεσοαι·
748 5180 796 5231 εί
828 5178 885 5231 δὲ
931 5176 1039 5229 τῶν
1076 5179 1135 5231 ὲν
1167 5176 1438 5247 ἀξιώμασι
1469 5177 1563 5230 καλ⁸
1609 5178 1719 5230 τῶν
1757 5176 1967 5229 emta.

389 5276 597 5343 στέρων
618 5274 777 5337 τελεῖ,
810 5272 1074 5345 δημεύσει
1103 5289 1162 5325 τε
1192 5272 1534 5336 ὑποκεῖσθαι,
1578 5279 1670 5325 καὶ
1705 5273 1770 5341 τῇ
1805 5272 1942 5341 ἀφαι

388 5367 536 5438 ρέσει
563 5366 658 5420 τοῦ
710 5364 1022 5438 ἀξιώματος
1048 5381 1064 5396 ·
1103 5369 1150 5419 εί
1183 5367 1239 5420 δὲ
1276 5366 1375 5435 τῆς
1407 5365 1517 5417 τῶν
1558 5366 1783 5418 ίδιωτων
1814 5364 1973 5435 μερί-
2006 5386 2009 5391 ν

384 5459 475 5521 δος
509 5458 869 5528 καθέστηκεν,
928 5457 1229 5530 ὑπερορίαν
1252 5457 1416 5526 τῆσδε
1440 5456 1539 5526 τῆς
1564 5455 1831 5526 βασιλίδος
1858 5456 1969 5509 τῶν

386 5550 596 5603 πόλεων
641 5551 739 5603 καὶ
786 5550 969 5621 πάσης
1018 5550 1205 5614 ἁπλῶς
1252 5546 1676 5619 κατακρίνεσθαι
1735 5547 1966 5612 πόλεως,

385 5641 481 5695 καί
514 5640 609 5693 ἐπὶ
642 5642 777 5695 πᾶσι
815 5640 1074 5713 [τούτοις]
1124 5644 1190 5712 τῇ
1247 5640 1611 5711 αὐστηρότητι
1646 5638 1753 5694 τῶν
1806 5640 1967 5709 ἱερῶν

385 5734 481 5787 καὶ
523 5732 684 5786 θείων
708 5734 948 5787 κανόνων
973 5733 1300 5803 ὑπάγεσθαι.

458 5823 603 5891 Μηνὶ
648 5825 911 5896 ’Δπριλίῳ
959 5826 1288 5889 ίνδικτιῶνο;
1345 5820 1401 5880 ιδ’
1433 5824 1550 5893 τοῦ,
1595 5823 1740 5895 ς’χοδ’
1788 5822 1968 5889 ἔτους.

461 5921 479 5947 ³
507 5918 669 5972 (iant.
709 5933 771 5983 ιι,
812 5918 896 5972 ιι.

2076 4624 2238 4665 mauo
2294 4617 2489 4679 parent
2532 4604 2779 4674 imperio,
2840 4609 2899 4658 ut
2949 4602 3093 4657 hanc
3142 4604 3414 4659 retineant
3445 4617 3657 4660 sacram

2072 4703 2234 4757 ﬁdem
2267 4699 2603 4755 mandamus.
2644 4697 2699 4753 Si
2727 4695 2852 4766 quis
2879 4706 3057 4750 autem
3103 4697 3431 4751 contrarium
3456 4696 3660 4751 sentire

2075 4794 2337 4861 deinceps
2393 4790 2824 4860 deprehendetur
2899 4798 2952 4842 et
3002 4788 3141 4842 hanc
3222 4794 3461 4841 nostram
3512 4788 3657 4854 piam

2073 4888 2398 4955 scripturam
2452 4883 2690 4948 violare,
2737 4881 2781 4935 si
2834 4880 3049 4951 quidem
3101 4881 3384 4950 episcopus
3468 4878 3654 4945 fuerit,

2074 4990 2167 5034 aut
2222 4978 2477 5039 clericus,
2525 4984 2622 5030 ulli.
2695 4982 3049 5028 consecratus
3120 4972 3440 5035 monachus,
3513 4974 3659 5025 hunc

2073 5068 2774 5139 tutandamusdepositionis
2822 5065 3029 5135 judicio
3081 5079 3200 5121 esse
3240 5062 3659 5131 subjiciendum.

2075 5166 2170 5219 Sin
2194 5178 2374 5219 autem
2407 5177 2438 5216 ο
2470 5160 2769 5230 majoribus
2829 5157 3181 5227 dignitatibus
3223 5154 3516 5223 quispiam,
3559 5152 3660 5206 ho.

2077 5272 2266 5312 norem
2322 5254 2372 5308 ei
2422 5254 2671 5320 bonaque
2723 5258 2906 5317 erepta
2960 5247 3227 5302 volumus.
3276 5246 3371 5299 Sin
3424 5245 3662 5314 denique

2079 5350 2322 5423 privatus
2378 5346 2542 5401 homo
2600 5342 2787 5409 fuerit,
2848 5338 3040 5395 exsilio
3085 5336 3451 5392 cxurbe'non
3484 5336 3659 5392 solum

2081 5446 2250 5517 regia,
2302 5458 2493 5499 verum
2522 5439 2669 5494 omni
2722 5449 2943 5506 prorsus
2964 5431 3221 5488 multetur
3252 5449 3266 5487 :
3301 5440 3356 5486 et
3398 5441 3657 5499 praeterea

2076 5540 2421 5597 severitatem
2444 5544 2724 5589 sacrorum
2756 5528 3175 5594 divinorumque
3199 5537 3464 5581 canonum
3488 5537 3658 5594 expe-

2076 5635 2271 5688 riatur.

2150 5815 2333 5871 Mense
2364 5807 2558 5884 Aprili,
2597 5802 2891 5863 indictione
2919 5801 3008 5869 Η,
3034 5818 3175 5858 anno
3199 5801 3362 5857 6674.
