4044 6448
418 343 526 408 ἨΖΒ

1572 341 1986 407 'MANUELIS
2024 340 2371 404 COMNENI

3510 300 3687 414 .734

1964 459 2153 523 XVII.

1122 615 1295 657 suum
1317 615 1491 656 suum
1523 612 1857 656 CONFIRIANS
1885 610 2297 653 CONVBNTIONEI
2336 610 2438 651 cun
2458 608 2810 651 assumemus
2839 592 2978 668 (50).

485 712 932 786 Quandoquidem
996 712 1500 769 venerabilissimus
1539 710 2001 782 Arcbiepiscopus
2029 718 2077 774 Α
2105 706 2298 762 debent
2326 708 2449 762 illas
2479 708 2779 780 tle/fendere
2808 720 2856 764 et
2894 709 3161 766 custodire
3203 710 3275 765 ad
3299 711 3549 767 honorem
3583 720 3682 770 do'

423 810 661 866 civitatis
683 808 856 865 Janue
883 814 939 862 et
966 804 1355 877 sapientissimi
1384 804 1651 863 Consules
1682 816 1737 861 et
1768 804 1996 861 univer-

414 918 535 959 sum
593 902 897 958 Commune
968 900 1213 971 ejusdem
1289 898 1527 955 civitatis
1587 900 1870 955 mittentes
1925 896 1996 952 ad

414 994 706 1067 Imperium
741 1006 918 1046 incum
955 990 1256 1058 sapientem
1300 990 1563 1044 nuncium
1608 1002 1797 1043 eorum
1844 985 1997 1069 Ami-

409 1103 537 1146 cum
564 1086 633 1143 de
676 1083 851 1139 Murta
882 1082 1152 1138 dederunt
1194 1083 1243 1136 ei
1282 1088 1607 1152 potestatem
1656 1088 1897 1136 tractare
1941 1087 1998 1135 et

411 1185 743 1233 coniventare
766 1190 890 1230 cum
919 1173 1153 1244 Imperio
1190 1188 1311 1229 meo
1341 1173 1411 1229 de
1442 1174 1641 1246 quibus
1675 1172 1943 1229 voluerint
1972 1190 1989 1229 :

412 1269 508 1327 ille
533 1276 714 1324 autem
744 1267 809 1321 ad
842 1266 1140 1336 Imperium
1175 1281 1352 1321 meum
1382 1267 1703 1338 perveniens
1728 1276 1786 1321 et
1812 1266 1879 1321 de
1904 1265 1992 1322 his

411 1362 656 1435 negociis
690 1357 1027 1417 sumcientcr
1065 1367 1308 1415 tractans
1368 1359 1508 1415 banc
1560 1359 1990 1416 convencionem

414 1455 504 1508 bic
532 1463 811 1508 ostensam
843 1451 990 1515 fecit,
1016 1461 1069 1505 et
1093 1459 1436 1506 sacramento
1464 1467 1585 1506 eam
1618 1451 1988 1517 conﬁrmavit,

412 1560 518 1618 que
541 1556 593 1599 et
622 1545 758 1599 sicut
795 1544 1061 1599 habentur
1088 1544 1156 1598 de
1185 1543 1353 1599 verbo
1385 1544 1437 1598 in
1473 1544 1693 1598 verbum
1721 1558 1739 1600 τ

482 1638 550 1693 1η
577 1639 782 1693 nomine
806 1636 992 1691 Patris
1011 1645 1060 1690 et
1085 1634 1216 1691 Filii
1246 1646 1295 1691 et
1323 1635 1558 1706 Spiritus
1586 1634 1775 1692 Sancti
1798 1652 1978 1691 antea.

402 1732 516 1801 Ego
569 1731 789 1784 Amicus
837 1729 903 1784 de
959 1726 1168 1794 Μανία,
1222 1729 1350 1784 civis
1389 1727 1590 1796 Janue,
1651 1727 1860 1799 legatus
1920 1728 1987 1783 ab

406 1822 813 1895 Archiepiscopo
847 1822 1075 1875 civitatis
1103 1819 1281 1876 Janue
1313 1830 1361 1875 et
1406 1837 1439 1876 a
1480 1819 1796 1877 Consulibus
1826 1828 1878 1875 et
1919 1821 1986 1875 ab

406 1917 552 1969 omni
588 1914 869 1970 Communi
893 1915 1125 1968 civitatis
1150 1911 1356 1979 Janue,
1386 1914 1648 1984 accipiens
1672 1920 1986 1983 potestatem

404 2018 453 2060 et
485 2006 787 2076 iniunctum
827 2008 893 2059 ab
928 2006 1006 2060 eis
1039 2016 1117 2072 ut,
1147 2005 1401 2077 quicquid
1430 2005 1686 2075 juravero
1715 2014 1765 2060 et
1790 2021 1986 2061 conve-

2102 802 2231 854 mini
2266 799 2609 869 Imperatoris
2639 809 2690 855 et
2728 801 2992 887 heredum.
3021 802 3210 870 ipsius.
3241 798 3319 882 Si.
3343 818 3463 857 vero
3488 802 3688 877 aliquis

2099 886 2327 957 alicujus
2357 888 2564 942 inimici
2586 903 2652 943 ea:
2680 899 2833 957 parte
2867 886 3051 960 aliqua
3073 890 3366 959 aliquando
3393 897 3686 961 pervenerit

2098 979 2389 1036 Christiani
2435 983 2514 1037 vel
2573 981 2834 1038 Saraceni
2861 983 2968 1038 sive
3014 985 3207 1053 pagani
3252 1000 3430 1038 versus
3476 985 3687 1056 aliquas

2094 1083 2273 1145 partes
2305 1074 2653 1145 Imperatoris
2695 1092 2859 1147 usque
2905 1077 2975 1131 ad
3023 1090 3294 1131 numerum
3341 1088 3551 1132 centum
3586 1097 3687 1151 ga-

2095 1166 2302 1221 learum
2366 1167 2446 1222 vel
2513 1168 2672 1239 plus,
2745 1168 2979 1222 universi
3050 1167 3346 1223 Januenses
3403 1170 3495 1239 qui
3557 1180 3682 1223 tunc

2094 1259 2290 1315 inventi
2352 1262 2551 1331 fuerint
2611 1261 2668 1315 in
2714 1261 2869 1315 terris
2930 1258 3203 1326 Romanie,
3259 1261 3439 1315 debent
3482 1263 3683 1316 intrate

2092 1354 2147 1409 in
2174 1354 2369 1425 galeris
2410 1355 2612 1409 domini
2653 1354 2999 1423 Imperatoris
3043 1372 3163 1410 cum
3208 1357 3473 1410 consuetis
3506 1356 3679 1411 soldis

2093 1448 2241 1500 curie
2260 1446 2464 1501 domini
2487 1445 2831 1513 Imperatoris
2852 1463 2983 1518 quos
3005 1450 3272 1503 consuevit
3302 1450 3430 1503 dare
3452 1447 3677 1515 Latinis,

2090 1546 2143 1592 et
2171 1538 2249 1592 ire
2280 1549 2471 1593 contra
2499 1539 2863 1605 supradictum
2890 1539 3086 1594 stolum
3114 1556 3232 1593 cum
3283 1539 3477 1608 galeris
3550 1538 3681 1595 Cre-

2091 1646 2277 1685 corum
2314 1671 2329 1696 ,
2364 1638 2416 1686 et
2455 1648 2560 1686 non
2589 1640 2915 1686 revertentur
2946 1671 2963 1698 ,
2992 1632 3159 1687 donec
3212 1632 3349 1687 illud
3390 1635 3675 1687 servitium

2086 1723 2415 1793 compleatur
2461 1733 2511 1778 et
2557 1722 2842 1781 Grecorum
2878 1723 3058 1794 galere
3115 1736 3448 1779 revertantur
3495 1727 3571 1780 vel
3621 1728 3677 1781 in

2090 1813 2610 1885 Constantinopolim
2636 1815 2714 1870 vel
2739 1818 2794 1870 in
2823 1817 2990 1871 aliam
3023 1828 3221 1871 terram
3250 1818 3452 1872 domini
3504 1817 3677 1885 Impe-

2088 1910 2312 1963 ratoris.
2353 1906 2711 1963 Veruntamen
2733 1909 2947 1978 quando
2991 1910 3213 1979 predicti
3263 1902 3560 1966 Januenses
3583 1911 3678 1966 de-

2091 2002 2210 2054 bent
2243 2000 2460 2063 moveri,
2490 2000 2753 2055 habebunt
2780 1999 3050 2055 licentiam
3077 2001 3410 2071 relinquendi
3424 2005 3476 2056 in
3506 2013 3678 2059 custo-

405 2097 557 2151 niero
586 2096 699 2151 vice
740 2096 916 2152 Janue
945 2113 1064 2151 cum
1091 2098 1430 2153 sanctissimo
1466 2112 1515 2153 et
1546 2098 1987 2154 excellentissimo
2016 2065 2061 2122 Β
2091 2093 2186 2148 dia
2237 2094 2449 2147 navium
2503 2103 2552 2148 et
2608 2109 2788 2148 rerum
2832 2109 3055 2147 suarum
3106 2093 3344 2149 homines
3389 2092 3494 2147 XX
3544 2111 3675 2166 quos

404 2187 734 2256 Imperatore
755 2187 985 2243 Iiomeon
1002 2187 1392 2259 Porﬁrogenito
1414 2187 1639 2244 Domino
1667 2188 1990 2245 Hemanuele

406 2280 651 2346 Comino,
675 2279 886 2351 firmum
914 2291 960 2336 et
999 2293 1180 2336 ratum
1205 2283 1308 2336 erit
1333 2284 1432 2337 hoc
1461 2284 1528 2337 ab
1555 2283 1631 2337 eis
1657 2298 1676 2338 :
1708 2283 1844 2337 hunc
1866 2299 1987 2353 pre-

407 2382 603 2427 sentem
660 2375 1063 2429 convencionem
1120 2374 1258 2438 facio
1315 2383 1367 2430 et
1413 2374 1543 2445 juro
1595 2390 1661 2429 ea:
1718 2375 1989 2430 voluntate

404 2465 794 2534 Archiepiscopi
820 2474 869 2519 et
909 2464 1199 2521 Consulum
1238 2474 1287 2521 et
1317 2467 1485 2521 tocius
1515 2463 1825 2521 Communis
1855 2466 1987 2520 civi-

405 2556 531 2610 tatis
567 2554 745 2611 Janue
773 2556 844 2611 ad
870 2557 1584 2623 sanctissimumDominum
1605 2555 1989 2627 Imperatorem

406 2647 857 2719 Porﬁrogenitum
917 2649 1202 2705 Dominum
1262 2650 1642 2705 lIemanuelem
1713 2648 1987 2704 Cominom

405 2749 456 2794 et
490 2740 559 2793 ad
598 2754 774 2793 omnes
817 2739 1031 2795 heredes
1065 2749 1117 2794 et
1172 2756 1503 2796 successores
1534 2739 1755 2812 Imperii
1794 2739 1909 2810 ejus
1938 2749 1987 2796 et

403 2828 721 2885 Romaniam
757 2831 890 2885 sicut
922 2831 1332 2902 signiﬁcabitur.

481 2921 657 2989 Quum
689 2922 799 2993 (51)
830 2923 896 2977 ab
927 2924 1083 2977 hodie
1111 2932 1163 2976 et
1211 2924 1266 2977 in
1298 2931 1455 2977 antea
1499 2938 1662 2994 usque
1697 2924 1753 2978 in
1793 2923 1989 2994 sempi-

410 3025 614 3070 ternum
659 3016 822 3093 donec
869 3017 1095 3071 mundus
1125 3018 1324 3071 steterit
1363 3032 1466 3071 non
1497 3028 1651 3073 eruat
1689 3014 1986 3072 Januenses

407 3120 589 3161 contra
619 3105 911 3174 Imperium
940 3107 1055 3177 ejus
1083 3108 1160 3163 vel
1189 3120 1376 3163 contra
1399 3111 1513 3178 ejus
1540 3110 1754 3164 heredes
1785 3118 1836 3164 et
1862 3125 1985 3165 suc-

404 3215 631 3255 cessores
680 3198 758 3254 rel
799 3212 984 3255 contra
1034 3199 1354 3255 Romaniam
1385 3201 1466 3255 vel
1509 3211 1699 3257 contra
1746 3202 1983 3273 aliquam

404 3302 600 3346 terram
645 3291 810 3362 ipsius
855 3289 1099 3360 Imperii,
1133 3308 1294 3363 quam
1347 3309 1487 3346 nunc
1531 3292 1686 3347 habet
1719 3295 1796 3348 vel
1823 3309 1983 3364 quam

402 3386 462 3438 in
491 3393 648 3438 antea
680 3382 902 3438 Domino
947 3383 1237 3452 adjuvante
1288 3384 1631 3453 acquisierit,
1679 3400 1842 3454 neque
1888 3398 1983 3453 per

403 3476 688 3530 consilium
739 3490 902 3544 neque
950 3490 1043 3543 per
1088 3475 1368 3544 pecuniam
1417 3492 1579 3547 neque
1634 3490 1731 3544 per
1777 3474 1975 3531 stolum

402 3561 540 3615 idem
573 3559 686 3630 (δί)
722 3577 814 3628 per
846 3560 1085 3615 navalem
1132 3565 1421 3616 exercitum
1459 3579 1622 3633 neque
1660 3563 1768 3618 ullo
1800 3564 1980 3633 aliqua

405 3653 563 3706 modo
590 3692 606 3716 ,
659 3667 822 3721 neque
872 3651 1169 3706 Januenses
1218 3653 1313 3707 hoc
1353 3652 1546 3722 facient
1589 3669 1752 3725 neque
1800 3654 1981 3724 aliqua

403 3744 789 3813 conjungentur
824 3743 981 3814 justo
1014 3744 1087 3797 vel
1120 3743 1321 3811 iniusta
1353 3746 1627 3799 occasione
1673 3745 1834 3798 alicui
1881 3746 1981 3799 ho-

404 3836 534 3887 mini
583 3844 831 3888 coronato
880 3835 959 3888 vel
1002 3850 1106 3887 non
1152 3844 1403 3888 coronato
1438 3874 1455 3901 ,
1507 3820 1595 3906 qui
1659 3837 1729 3891 sit
1770 3836 1849 3892 vel
1890 3838 1983 3908 qui

402 3927 523 3992 erit,
556 3928 845 3981 christiano
880 3928 959 3982 vel
1002 3944 1232 3999 pagano,
1284 3928 1398 3982 viro
1439 3928 1520 3983 vel
1561 3930 1800 3984 mulieris
1841 3929 1979 4002 (55),

400 4019 492 4088 qui
530 4019 667 4072 mori
704 4017 784 4072 vel
812 4020 978 4073 vivere
1024 4019 1188 4087 possit
1224 4033 1245 4073 :
1284 4018 1422 4072 sicut
1451 4021 1516 4072 de
1546 4020 1780 4089 capitulo
1824 4036 1981 4075 coro-

372 4111 516 4167 mati
548 4117 836 4165 tractatum
866 4118 946 4164 est
977 4111 1035 4163 in
1078 4111 1227 4164 curia
1266 4110 1485 4165 Domini
1517 4109 1890 4181 Imperatoris,
1927 4123 1977 4168 et

372 4199 719 4257 “intellectum
750 4210 799 4254 et
830 4201 1233 4269 interpretatum
1260 4212 1338 4257 est
1385 4203 1517 4258 mihi
1551 4212 1601 4259 et
1645 4220 1680 4259 a
1718 4221 1798 4261 me
1843 4222 1973 4261 con-

372 4346 379 4352 _
393 4295 677 4363 ﬁrmatum
711 4293 779 4346 ad
806 4292 1062 4349 honorem
1108 4303 1162 4347 et
1186 4295 1485 4364 proﬁcuum
1514 4296 1628 4366 ejus
1668 4295 1890 4368 Imperii
1923 4307 1975 4354 et

371 4384 732 4451 -Romaniae,
770 4385 905 4438 sicut
942 4396 999 4439 {et
1046 4402 1139 4456 ego
1169 4387 1328 4441 debeo
1370 4387 1468 4441 hoc
1500 4387 1836 4459 interpretari
1873 4388 1975 4445 Ja-

402 4477 682 4529 nuensibus
715 4485 771 4529 ut
798 4487 846 4530 et
887 4477 941 4530 in
970 4488 1127 4531 antea
1161 4476 1237 4531 sic
1274 4477 1419 4530 istud
1447 4479 1738 4549 capitulum
1772 4466 1987 4536 ἱηιιιιὶ-ξ

372 4576 559 4636 ,gatur
587 4575 636 4620 et
663 4566 983 4623 observetur.

466 4656 539 4712 Et
566 4676 831 4731 nunquam
861 4660 1056 4729 facient
1079 4658 1384 4730 Januenses
1415 4660 1700 4731 dampuum
1741 4652 1984 4734 alicujus.

2088 2185 2372 2240 maluerint
2397 2183 2476 2239 vel
2504 2184 2771 2255 elegerint.
2804 2183 2871 2239 In
2897 2172 3127 2255 propriis
3150 2203 3268 2241 vero
3297 2188 3495 2259 galeris
3525 2188 3674 2243 ibunt

2085 2275 2385 2333 lanuenses
2414 2287 2538 2347 quot
2565 2292 2779 2332 armare
2825 2279 3081 2347 poterint.
3114 2276 3179 2334 Si
3210 2296 3328 2334 vero
3373 2277 3674 2334 Ianuenses

2086 2371 2142 2425 in
2200 2368 2384 2440 aliqua
2436 2377 2581 2422 terra
2629 2368 2832 2422 domini
2888 2366 3242 2438 Imperatoris
3281 2387 3449 2442 neque
3510 2386 3673 2425 unam

2086 2461 2322 2534 galeram
2356 2477 2567 2516 armare
2592 2461 2845 2529 poterint,
2877 2478 3050 2517 omnes
3089 2463 3143 2517 in
3173 2478 3288 2517 eam
3317 2464 3594 2517 intrabunt
3622 2472 3677 2518 et

2089 2552 2443 2624 complebitur
2490 2569 2742 2609 numerus
2798 2554 2977 2627 galere
3027 2570 3094 2610 ea:
3141 2554 3252 2610 alia
3310 2565 3460 2626 gente
3509 2555 3672 2625 suffi-

2087 2640 2308 2701 cienter.

2163 2736 2600 2806 Quandocunque
2648 2755 2773 2793 vero
2812 2737 3061 2793 dominus
3108 2736 3412 2807 Imperator
3441 2737 3667 2791 voluerit

2086 2827 2322 2885 Januam
2345 2831 2552 2885 mittere
2585 2833 2863 2900 pecuniam
2887 2831 2966 2887 vel
3005 2848 3088 2888 res
3114 2831 3209 2915 ρει
3249 2831 3480 2886 homines
3523 2832 3664 2900 ejus,

2084 2920 2295 2993 galeros
2342 2923 2451 2977 sive
2497 2938 2677 2990 naves,
2706 2936 2895 2979 contra
2939 2940 3312 2996 quemcumque
3362 2923 3566 2979 miserit
3604 2939 3671 2978 ea

2086 3014 2454 3071 Christianum
2484 3018 2591 3072 sive
2612 3034 2881 3088 paganum
2916 3028 3228 3073 coronatum
3261 3017 3339 3072 vel
3378 3034 3483 3073 non
3517 3034 3672 3073 corc-

2086 3114 2295 3170 natum,
2340 3116 2398 3160 ut
2443 3121 2511 3161 ex
2553 3106 2730 3162 debito
2773 3108 2994 3163 debeant
3042 3106 3338 3163 Januenses
3382 3108 3671 3177 honoriﬁce

2085 3212 2204 3251 eam
2243 3197 2357 3269 (35)
2412 3199 2663 3268 recipere,
2718 3209 2770 3255 et
2822 3200 3122 3269 deffendere
3169 3203 3225 3254 in
3279 3210 3422 3255 terra
3461 3216 3559 3255 sua
3616 3211 3668 3256 et

2087 3290 2353 3345 custodire
2398 3292 2687 3346 secundum
2749 3296 3079 3349 voluntatem
3143 3295 3414 3349 hominum
3466 3294 3670 3349 demitti

2010 3411 2057 3472 α
2096 3377 2467 3451 Imperatoris,
2493 3383 2585 3454 qui
2611 3400 2732 3437 cum
2759 3385 2836 3439 eis
2868 3396 3045 3452 erunt,
3077 3402 3283 3440 omnem
3310 3387 3584 3456 pecuniam
3617 3394 3668 3440 et

2094 3487 2178 3527 res
2227 3474 2439 3541 missas,
2488 3474 2759 3539 homines,
2807 3475 3015 3544 galeros
3062 3485 3111 3532 et
3151 3492 3328 3544 naves,
3364 3491 3563 3547 quanta
3617 3488 3669 3533 et

2088 3561 2273 3631 qualia
2302 3574 2454 3619 erunt
2483 3604 2501 3631 ,
2543 3565 2610 3619 ab
2637 3566 2783 3620 omni
2822 3568 3030 3623 homine
3057 3579 3307 3622 coronato
3339 3578 3387 3623 et
3432 3586 3533 3622 non
3574 3586 3670 3622 co-

2088 3666 2277 3708 ronato
2318 3670 2339 3711 :
2390 3656 2641 3711 debentes
2688 3665 2738 3711 et
2795 3659 2880 3711 hic
2931 3658 3219 3728 intelligere
3266 3660 3556 3727 capitulum
3601 3661 3669 3716 de
3744 3646 3751 3654 ’

2089 3756 2340 3799 coronato
2372 3745 2507 3800 sicut
2548 3748 2791 3817 superius
2822 3749 3230 3818 interpretatum
3264 3757 3363 3818 est,
3401 3750 3471 3805 ad
3506 3752 3669 3806 servi-

2087 3838 2228 3891 cium
2255 3848 2301 3890 et
2329 3837 2578 3892 honorem
2607 3838 2813 3894 domini
2843 3837 3191 3909 Imperatoris
3221 3851 3271 3896 et
3298 3840 3573 3899 Romanis.

2159 3922 2227 3977 Et
2273 3940 2377 3979 non
2425 3924 2709 3995 impedient
2753 3943 3002 3997 umquam
3050 3926 3346 3983 Januenses
3391 3928 3665 3985 dominum

2086 4012 2473 4083 Imperatorem
2499 4025 2547 4069 et
2574 4015 2787 4071 heredes
2816 4015 2895 4072 vel
2919 4033 3243 4074 successores
3282 4019 3394 4089 ejus
3428 4021 3497 4073 ad
3534 4037 3635 4075 con

2084 4105 2366 4177 quirendas
2404 4115 2574 4161 terras
2600 4107 2835 4179 aliquas,
2886 4118 3062 4175 preter
3075 4109 3170 4178 jus
3202 4111 3341 4180 quod
3380 4109 3571 4165 habent
3606 4115 3665 4167 in

2085 4207 2230 4254 terra
2265 4197 2425 4255 Surie
2449 4198 2557 4255 sive
2582 4216 2648 4254 ea:
2678 4200 2815 4256 bello
2847 4202 2956 4256 sive
2988 4217 3054 4256 ea:
3074 4203 3335 4273 emptione
3361 4219 3451 4257 seu
3483 4205 3667 4275 aliqua

2084 4289 2195 4344 alio
2237 4292 2415 4345 modo.
2457 4289 2518 4345 Si
2543 4307 2663 4346 vero
2695 4298 2747 4346 et
2800 4292 2857 4345 in
2888 4292 2970 4346 his
3003 4307 3069 4347 ea:
3133 4304 3284 4363 parte
3319 4293 3522 4348 domini
3556 4291 3671 4348 Im-

2078 4382 2344 4453 peratoris
2377 4383 2708 4438 custodietur
2754 4382 3122 4438 Januensibus
3181 4383 3403 4455 justitia
3437 4400 3621 4441 eorum
3644 4423 3663 4451 ,

2083 4487 2246 4542 neque
2275 4474 2331 4525 in
2352 4472 2434 4525 his
2461 4472 2650 4525 debent
2670 4472 2930 4542 impedire
2969 4474 3246 4528 dominum
3278 4472 3662 4546 Imperatorem

2083 4559 2258 4630 facere
2280 4562 2332 4615 in
2347 4560 2426 4614 Itis
2458 4561 2744 4631 quincquid
2772 4562 3019 4617 voluerit.

2154 4649 2233 4704 De
2288 4650 2665 4719 offensionibus
2731 4668 2850 4708 vero
2898 4670 3031 4724 quas
3079 4654 3309 4725 fortasse
3362 4654 3664 4715 Januenses

387 4760 531 4803 certe
558 4749 903 4823 Imperatoris
933 4762 980 4804 et
1015 4751 1377 4820 persone-ejus
1406 4751 1484 4803 vel
1511 4750 1760 4805 heredum
1783 4764 1832 4806 ει
1856 4769 1974 4806 ωε.
2001 4762 2055 4825 D
2082 4739 2302 4811 fecerint
2339 4743 2393 4796 in
2429 4743 2583 4797 terris
2611 4745 2812 4799 domini
2834 4743 3388 4817 ImperatorisGreris
3416 4750 3497 4803 vel
3536 4751 3660 4804 aliis

396 4853 659 4893 cessorum
688 4840 826 4911 ejus.
869 4840 1049 4906 Neque
1082 4838 1276 4906 facient
1310 4838 1717 4893 diminucionem
1765 4841 1973 4911 imperii

375 4929 482 4983 .sui
516 4930 593 4984 vel
629 4930 818 4984 honori
849 4929 963 5000 (34)
986 4931 1103 4999 ejus
1139 4942 1300 4997 neque
1322 4928 1587 4996 inquirent
1612 4931 1751 4983 hanc
1788 4946 1880 5001 per
1918 4948 1975 4986 se

396 5022 472 5075 vel
503 5023 682 5087 aliter,
705 5021 795 5076 sed
829 5021 1058 5073 maxime
1087 5020 1134 5072 si
1167 5018 1374 5087 aliquid
1402 5020 1506 5073 tale
1537 5021 1890 5075 intellexerint
1916 5022 1973 5076 in

378 5122 541 5166 .terra
574 5113 771 5179 Janue,
814 5111 1033 5165 debeant
1074 5112 1172 5162 hoc
1211 5109 1538 5165 disturbare.
1575 5110 1643 5164 Et
1687 5113 1733 5166 si
1761 5111 1826 5166 ab
1867 5112 1973 5167 ali-

388 5198 586 5269 quibus
614 5201 775 5269 fuerit
811 5198 1048 5252 assultus
1090 5194 1264 5263 factus
1292 5194 1368 5248 vel
1399 5196 1623 5252 obsessio
1659 5211 1840 5254 contra
1871 5202 1975 5256 ali-

395 5303 555 5358 quam
596 5301 792 5344 terram
840 5285 1214 5360 Imperatoris,
1253 5282 1549 5341 Januenses
1591 5291 1679 5360 qui
1736 5292 1790 5345 iu
1816 5295 1971 5347 terris

397 5378 506 5433 illis
553 5379 751 5450 fuerint
798 5378 1019 5444 inventi,
1062 5375 1197 5429 bona
1245 5374 1352 5443 fide
1385 5378 1496 5432 sine
1535 5380 1656 5434 dolo
1694 5390 1742 5435 et
1787 5383 1976 5453 fraude

472 5605 584 5676 ('50)
611 5604 780 5676 ,Anno
811 5598 975 5676 U70.
1010 5628 1083 5676 τέ
1122 5598 1302 5676 [Edidit
1350 5612 1415 5676 ex
1454 5601 1676 5676 archiva
1693 5601 1968 5676 Cetmensl

405 5670 555 5747 Sauli
569 5674 749 5747 _de_lla_
765 5673 973 5747 colonia
999 5670 1086 5747 dei
1117 5671 1326 5727 Geuor.
1360 5670 1413 5729 in
1445 5671 1635 5730 Galata
1668 5673 1711 5731 ιι
1742 5690 1798 5747 p.
1842 5674 1965 5733 188.

475 5744 588 5816 (3i)
628 5743 810 5816 Malim
834 5760 850 5797 :
888 5741 1065 5816 Quod.

475 5810 591 5889 (52)
628 5813 742 5869 lino
771 5813 1060 5881 legendum
1090 5826 1108 5864 ξ
1132 5810 1318 5868 idest.

2081 4833 2318 4902 gentibus
2349 4848 2448 4904 que
2484 4849 2588 4887 non
2624 4835 2728 4888 sint
2753 4833 3081 4902 Januenses,
3130 4838 3316 4892 debent
3339 4839 3576 4908 judicari
3606 4841 3661 4894 in

2082 4925 2232 4979 curia
2278 4924 2478 4980 domini
2526 4923 2896 4994 Imperatoris,
2945 4927 3083 4982 sicut
3140 4927 3372 4984 Venetici
3419 4939 3469 4984 et
3494 4942 3666 4986 cetere

2081 5014 2272 5071 Latine
2301 5026 2498 5085 gentes.
2541 5015 2602 5072 Si
2633 5034 2758 5072 vero
2787 5019 3069 5089 contigerit
3110 5019 3408 5075 Januenses
3448 5023 3660 5092 aliquos

2080 5106 2361 5175 depretiari
2383 5108 2676 5179 aliquando
2704 5108 2785 5165 vel
2805 5110 2967 5166 aliter
2991 5110 3165 5166 ledere
3188 5110 3428 5182 aliquam
3459 5122 3660 5166 terram

2081 5198 2279 5253 domini
2310 5196 2664 5267 Imperatoris
2698 5202 2777 5256 vel
2806 5201 3046 5258 homines
3089 5205 3225 5274 ejus,
3262 5204 3476 5258 dabitur
3505 5219 3668 5271 super

2080 5291 2179 5345 hoc
2223 5292 2476 5347 noticiam
2507 5293 2618 5365 (36)
2657 5294 2834 5350 Janue
2866 5297 3070 5351 civitati
3095 5298 3159 5351 ab
3188 5295 3519 5365 Imperatore
3547 5296 3663 5352 sive

2084 5400 2178 5457 per
2200 5382 2412 5439 litteras
2440 5386 2547 5441 sive
2582 5402 2676 5457 per
2704 5389 2975 5460 nuncium,
3003 5398 3050 5444 et
3073 5390 3279 5445 dabunt
3307 5403 3519 5462 operam
3544 5391 3662 5443 sine

2153 5603 2265 5675 (55)
2304 5603 2552 5675 Legerim
2586 5624 2601 5663 :
2636 5606 2871 5668 mulieri.

2151 5674 2267 5744 (54)
2309 5673 2449 5745 Lege
2482 5693 2496 5730 :
2524 5679 2762 5731 honoris.

2150 5745 2267 5812 (35)
2309 5744 2485 5799 Malim
2518 5763 2532 5800 :
2560 5762 2644 5800 ea.

2155 5816 2269 5886 (50)
2301 5813 2450 5885 Lege
2479 5832 2492 5869 :
2526 5818 2746 5872 noticia.
