4044 6396
327 396 442 454 733

1406 383 1775 449 NOVELLIE
1810 378 2492 443 CONSTITUTIONES.

3491 389 3600 450 7.96

334 497 461 553 dolo
486 508 538 552 et
567 497 758 567 fraude
787 500 1021 556 invenire
1051 518 1138 557 eos
1163 512 1210 558 et
1241 504 1420 572 facere
1448 520 1515 559 es:
1539 505 1612 559 eis
1638 500 1916 573 justiciam
1950 496 1993 554 Α
2025 496 2177 551 rebus
2206 512 2386 551 eorum
2421 496 2557 551 sicut
2591 495 2914 550 consuetudo
2942 505 3018 551 est
3048 497 3167 566 ﬁeri
3194 497 3247 553 in
3288 498 3411 554 aliis
3448 499 3603 554 Lati—

336 600 388 644 et
423 591 719 645 vindictam
757 593 828 645 ad
870 595 1122 648 honorem
1170 596 1371 650 domini
1413 597 1757 666 Imperatoris
1806 610 1921 663 spe-

336 692 590 739 ctantem.
653 682 715 740 Si
775 684 912 755 forte
960 687 1054 741 isti
1109 686 1478 756 malefactores
1545 689 1744 743 int-enti
1815 703 1919 742 non

339 774 562 843 fuerint,
589 775 834 831 similiter
856 777 953 845 ﬁat
988 778 1217 832 vindicta
1247 780 1300 833 in
1334 779 1488 835 bonis
1518 796 1725 835 eorum.

421 859 575 916 Hanc
634 867 1027 920 conventionem
1070 878 1118 921 et
1164 885 1263 938 que
1321 869 1377 924 in
1425 886 1490 925 ea
1544 871 1743 939 scripta
1793 881 1919 926 sunt

337 955 573 1023 capitula
623 956 804 1009 omnia
852 956 1039 1012 debent
1087 959 1404 1016 habi'atores
1466 963 1636 1017 tocius
1692 964 1921 1019 civitatis

333 1043 515 1099 Janue
545 1062 577 1098 a
616 1046 819 1116 majore
854 1065 1015 1116 usque
1039 1052 1109 1104 ad
1127 1052 1382 1107 minorem
1408 1054 1689 1111 obsert'are
1710 1059 1924 1112 domino

338 1134 661 1204 Imperatori
700 1138 935 1194 Romeon
999 1141 1396 1215 Porfirogenito
1449 1147 1675 1203 dominos
1724 1149 1927 1204 Ilema-

343 1229 488 1283 nueli
513 1229 774 1287 Comnino
805 1242 855 1286 et
890 1235 1130 1290 omnibus
1149 1237 1428 1295 heredibus
1454 1252 1500 1295 et
1525 1226 1919 1301 successoribus

330 1318 450 1386 eius
479 1329 532 1373 et
579 1320 856 1387 Romauie,
896 1325 1063 1380 donec
1101 1332 1330 1386 mundus
1368 1335 1592 1389 steterit.
1636 1334 1704 1390 Et
1741 1353 1919 1392 omnes

332 1410 504 1476 futuri
530 1411 786 1470 Consules
817 1414 996 1470 Janue
1027 1420 1187 1474 aliter
1216 1423 1336 1491 ﬁeri
1369 1442 1473 1480 non
1519 1428 1704 1483 debent
1738 1446 1920 1485 consu-

329 1503 429 1566 les,
473 1506 580 1559 nisi
613 1509 762 1576 prius
790 1509 1098 1579 juraverint
1140 1532 1259 1568 cum
1295 1520 1517 1573 consilio
1565 1531 1613 1574 et
1659 1538 1917 1578 consensu

331 1598 792 1677 archiepiscOpiet
821 1604 1078 1660 nobilium
1103 1617 1153 1661 et
1199 1614 1494 1666 communis
1526 1616 1698 1670 tocius
1742 1616 1919 1674 Janue

329 1702 730 1747 sacramentum
763 1695 963 1765 factum
999 1699 1055 1755 in
1108 1702 1209 1756 hac
1257 1708 1613 1771 conventione,
1655 1721 1917 1777 quatenus

329 1779 633 1837 observetur
663 1786 771 1839 ista
809 1790 1085 1844 conventio
1127 1803 1248 1847 rata
1282 1804 1332 1849 et
1364 1797 1696 1855 inconcussa.
1732 1802 1914 1873 Neque

2026 585 2109 639 nis
2146 586 2237 656 qui
2281 586 2409 641 dant
2457 586 2850 641 commercium.
2892 586 2961 640 Et
3011 588 3058 641 si
3089 587 3271 659 aliqua
3319 590 3472 644 navis
3502 588 3604 644 Ja-

2024 678 2324 745 nuensium,
2359 694 2390 731 a
2442 693 2766 748 quacumque
2810 687 2959 748 parte
2991 680 3206 747 venerit,
3258 681 3606 751 naufragium

2020 785 2179 840 passa
2214 770 2375 841 fuerit
2401 771 2456 824 in
2478 769 2794 826 Romaniam
2824 780 2878 825 et
2897 772 3173 842 contigerit
3203 775 3268 828 de
3315 776 3607 845 rebus-ejus

2023 865 2230 935 auferri
2270 864 2347 919 eis
2378 865 2444 919 ab
2475 863 2657 934 aliquo
2682 905 2698 931 ,
2740 864 2839 934 [int
2883 874 3184 936 preceptum
3227 867 3448 937 Imperii
3491 870 3608 938 ejus

2022 956 2333 1013 vindicandi
2354 965 2404 1011 et
2434 957 2784 1021 recuperandi
2806 974 2884 1012 res
2909 958 3159 1015 amissas.
3183 958 3370 1012 Adhuc
3386 970 3433 1014 et
3461 960 3606 1014 istud

2022 1056 2328 1116 preceptum
2360 1059 2440 1103 est
2473 1063 2634 1117 quum
2669 1049 2719 1102 si
2768 1049 3049 1119 contigerit
3088 1047 3389 1105 Jauucnses
3438 1052 3608 1120 offen-

2021 1143 2146 1197 dere
2192 1143 2615 1211 aliquem‘modo
2646 1145 2847 1214 aliqua,
2898 1163 3002 1201 non
3040 1147 3225 1203 debent
3260 1148 3502 1217 judicari
3536 1151 3603 1204 ab

2021 1235 2204 1307 aliqua
2252 1236 2367 1292 alia
2413 1245 2564 1308 gente
2610 1238 2717 1291 nisi
2750 1257 2782 1293 a
2824 1244 2974 1294 curia
3019 1241 3221 1295 domini
3258 1241 3613 1310 Imperatoris

2020 1330 2337 1395 presidente,
2373 1329 2657 1400 judicante
2697 1331 2935 1387 videlicet
2967 1333 3148 1403 aliquo
3183 1334 3246 1388 de
3282 1335 3609 1405 consangui-

2022 1421 2132 1476 neis
2177 1419 2360 1477 Grecis
2412 1421 2767 1492 Imperatoris
2813 1424 2892 1480 vel
2943 1425 3008 1479 de
3052 1426 3356 1481 hominibus
3417 1427 3608 1492 ipsius.

2024 1513 2208 1585 Neque
2238 1514 2501 1569 tenebitur
2538 1518 2593 1571 in
2638 1517 2883 1585 captione
2925 1517 3129 1586 faciens
3178 1517 3441 1588 injuriam
3487 1527 3608 1573 ante

2012 1607 2581 1676 judicium'sidederit
2605 1608 2984 1679 {ﬁdejnssorem
3017 1625 3037 1662 :
3069 1611 3115 1665 si
3160 1628 3279 1665 vero
3321 1611 3609 1680 ﬁdejusso-

2022 1685 2131 1753 rent
2173 1716 2277 1754 non
2310 1701 2537 1767 dederit,
2587 1703 2847 1758 tenebitur
2869 1705 3082 1775 quidem
3120 1705 3176 1758 in
3208 1706 3485 1771 custodia,
3516 1720 3612 1759 ex—

2022 1803 2226 1848 traetur
2261 1806 2440 1849 tamen
2490 1807 2536 1852 et
2561 1796 2903 1866 judicabitur
2932 1798 3097 1853 donec
3121 1799 3384 1868 judicium
3429 1799 3609 1853 mani-

330 1886 563 1937 unquam
588 1872 884 1934 Junuenses
923 1883 1191 1939 dimittent
1237 1887 1376 1942 hanc
1407 1895 1803 1950 conventionem
1832 1897 1914 1952 vel

2016 1885 2209 1955 festum
2263 1896 2314 1942 et
2380 1888 2507 1955 ﬁnis
2549 1889 2748 1958 judicii
2813 1890 2974 1959 fuerit
3035 1891 3089 1944 in
3123 1866 3291 1959 Vipso.
3355 1888 3606 1945 Preterea

331 1961 532 2024 facient
561 1975 746 2022 contra
792 1987 929 2037 eam,
977 1992 1140 2048 neque
1157 1997 1251 2047 pro
1299 1983 1658 2042 ecclesiastica
1704 2005 1914 2044 excom-

328 2056 693 2113 municatione
750 2079 916 2134 neque
966 2081 1062 2135 pro
1105 2086 1351 2140 precepto
1400 2077 1633 2148 alicujus
1686 2082 1912 2138 hominis

327 2151 581 2203 coronati
627 2154 705 2208 vel
750 2173 854 2211 non
886 2163 1155 2226 coronati,
1190 2169 1636 2234 quemadmodum
1668 2173 1913 2229 dominus

332 2236 634 2307 Imperator
664 2256 710 2297 et
734 2247 946 2303 heredes
978 2252 1092 2320 eius
1119 2265 1166 2308 et
1210 2273 1533 2314 successores
1576 2261 1796 2331 Imperii
1828 2267 1914 2321 sui

329 2330 521 2387 debent
561 2334 834 2393 observare
872 2358 1096 2410 semper,
1143 2364 1244 2417 que
1292 2351 1359 2403 ab
1410 2349 1642 2418 Intperio
1679 2371 1777 2410 suo
1820 2371 1914 2422 per

325 2437 543 2490 presens
593 2429 906 2487 crisobolum
950 2434 1156 2511 [logon]
1228 2444 1492 2509 promissa
1539 2456 1660 2500 sunt
1708 2448 1931 2506 civitati,

324 2513 639 2587 Janue,que
661 2522 738 2576 sic
767 2522 1053 2582 habentur.

409 2625 431 2659 ι
471 2607 696 2678 Pr0pter
722 2614 846 2687 (37)
883 2621 1021 2674 enim
1048 2623 1279 2688 gratiam
1308 2635 1360 2680 et
1386 2629 1576 2684 bonam
1593 2630 1914 2689 voluntatem

328 2715 493 2768 quam
542 2702 698 2760 habet
745 2708 991 2767 dominus
1037 2718 1411 2776 sanctissimus
1459 2720 1762 2795 Imperator
1806 2726 1914 2784 Ro-

330 2806 487 2888 meon
517 2796 588 2849 ad
612 2796 942 2859 habitatores
971 2806 1201 2869 civitatis
1233 2808 1431 2879 lanae,
1467 2824 1518 2869 et
1562 2830 1776 2888 propter
1801 2838 1914 2876 ser-

330 2883 525 2982 viciam
580 2902 630 2945 et
672 2892 834 2962 fidem
893 2915 1052 2969 quam
1109 2907 1461 2976 manifestant
1520 2883 1782 2982 complere
1841 2920 1913 2972 ad

334 2972 622 3048 Imperium
674 2985 792 3055 ejus
846 2996 895 3042 et
952 2972 1267 3051 Romaniam
1329 2999 1386 3055 in
1437 2972 1812 3073 sempiternum
1861 3019 1913 3065 et

326 3085 572 3140 semper,
632 3077 894 3142 promittit
945 3079 1242 3152 Imperium
1292 3089 1423 3145 dare
1485 3093 1690 3149 civitati
1735 3095 1913 3155 Janue

327 3161 593 3279 ent'bolum
638 3178 686 3223 et
719 3170 921 3226 scalam
957 3186 1006 3229 et
1035 3177 1314 3234 ecclesiam
1349 3182 1492 3238 ultra
1534 3186 1917 3245 Constantino-
1938 3216 1987 3279 ϐ

327 3254 498 3321 polim
558 3258 614 3312 in
657 3260 771 3316 loco
826 3265 919 3335 qui
969 3266 1167 3323 dicitur
1208 3270 1353 3327 Orcu
1397 3275 1453 3331 in
1510 3276 1627 3333 loco
1675 3283 1810 3337 bona
1858 3294 1910 3338 et

328 3348 609 3412 placabili.
645 3353 713 3408 Et
758 3358 888 3413 dare
933 3361 1136 3416 civitati
1180 3362 1360 3422 Janue
1394 3377 1443 3423 et
1476 3374 1740 3427 communi
1781 3390 1912 3442 pro-

330 3451 453 3509 pter
484 3445 801 3518 solempnias
828 3453 1056 3523 singulis
1090 3459 1248 3512 annis
1276 3474 1526 3529 perperos
1564 3458 1621 3517 θ’
1652 3474 1699 3520 et
1743 3467 1913 3532 pallia

327 3532 461 3602 duo,
499 3545 548 3589 et
569 3542 984 3630 _archiepiscopo
1016 3545 1198 3604 Janue
1214 3568 1457 3621 perperos
1495 3554 1587 3609 LX
1615 3567 1665 3613 et
1686 3561 1915 3630 pallium

330 3639 520 3681 unum.
558 3627 625 3684 Et
653 3632 925 3690 dabuntur
971 3641 1126 3696 modo
1154 3643 1315 3698 simul
1347 3646 1548 3702 civitati
1576 3660 1626 3705 et
1648 3627 1914 3709 communi

324 3718 508 3775 Janue
547 3723 1000 3803 solemptias-(38)
1039 3750 1303 3789 annorum
1336 3736 1440 3792 ΧΧ
1459 3740 1532 3795 VI
1577 3754 1797 3811 propter
1819 3763 1915 3802 ex-

330 3828 529 3882 pensas
550 3833 648 3886 que
675 3820 750 3874 cis
785 3821 1081 3879 imminent.
1120 3825 1189 3881 Et
1216 3841 1273 3883 ut
1298 3829 1518 3885 debeant
1543 3839 1913 3894 commercium

325 3906 468 3959 dare
506 3907 583 3960 sic
610 3924 629 3963 :
660 3910 898 3968 videlicet
945 3916 999 3970 in
1033 3916 1551 3989 Constantinopolim
1593 3926 1658 3982 de
1706 3939 1914 3985 centum

329 4005 591 4064 quatuor,
641 3999 695 4053 in
745 4002 870 4057 aliis
905 4019 1026 4059 vero
1070 4010 1227 4065 terris
1264 4008 1522 4068 Romanie
1567 4017 1707 4071 sicut
1757 4023 1917 4076 ceteri

327 4085 517 4143 Latini
547 4090 673 4147 dant
703 4098 1097 4153 commercium.
1123 4099 1503 4158 Custodientur
1529 4124 1646 4162 vero
1673 4108 1916 4168 Januen-

321 4197 415 4235 ses
453 4190 502 4234 et
545 4200 626 4239 res
673 4203 856 4242 eorum
904 4190 1107 4262 integre
1145 4193 1199 4247 in
1234 4197 1477 4252 omnibus
1513 4203 1668 4256 terris
1711 4204 1916 4260 domini

322 4271 703 4365 Imperatoris.
742 4278 803 4334 Si
832 4297 951 4338 vero
979 4283 1106 4339 lesio
1131 4285 1316 4357 aliqua
1350 4290 1425 4343 eis
1455 4292 1520 4344 ab
1548 4293 1729 4365 aliquo
1763 4298 1916 4354 illata
1951 4286 1963 4302 ’

321 4365 409 4419 vel
426 4362 568 4432 facta
587 4368 768 4437 fuerit,
798 4373 1055 4429 invenient
1070 4376 1434 4444 justiciamab
1460 4362 1683 4452 Imperio
1699 4387 1814 4458 ejus
1830 4408 1916 4446 se-

321 4459 563 4512 cundum
583 4463 727 4531 quod
753 4463 944 4520 decens
973 4476 1072 4523 est.
1106 4466 1212 4523 Sed
1227 4480 1276 4523 et
1295 4473 1472 4526 statim
1493 4478 1636 4546 quod
1654 4480 1918 4536 reclama-

2016 1979 2239 2049 expletis
2277 1982 2510 2052 quinque
2550 1982 2708 2036 annis
2754 1982 2995 2034 mittetur
3037 1981 3370 2036 camerarius
3403 1981 3608 2035 domini

2015 2072 2364 2141 Imperatoris
2413 2076 2483 2129 ad
2529 2075 2818 2130 vindictam
2859 2076 3166 2146 faciendam
3214 2072 3605 2140 Januensibus,

2021 2167 2070 2223 si
2118 2167 2220 2234 ipsi
2250 2183 2345 2237 per
2383 2168 2783 2224 damnacionem
2833 2168 3047 2224 domino
3090 2167 3413 2224 Imperatori
3449 2164 3591 2236 fece-

2015 2261 2144 2316 rint.
2185 2279 2207 2314 s

2085 2352 2204 2412 Ista
2237 2359 2415 2415 omnia
2447 2359 2499 2413 in
2525 2360 2755 2427 presenti
2781 2366 2932 2413 carta
2967 2355 3265 2427 significata
3303 2350 3600 2406 conventiov

2012 2474 2106 2527 ego
2135 2456 2533 2529 prenominatus
2558 2454 2782 2507 nuncius
2807 2451 3036 2507 civitatis
3059 2450 3238 2505 Janue
3281 2446 3500 2501 Amicus
3526 2443 3592 2497 de

2016 2551 2199 2609 Hurta
2226 2562 2273 2606 et
2298 2553 2424 2624 juro
2458 2551 2567 2606 sine
2607 2547 2797 2618 fraude
2840 2554 2889 2600 et
2932 2542 3074 2597 malo
3106 2540 3339 2612 ingenio,
3365 2554 3430 2593 ea:
3479 2552 3604 2626 pre—

2014 2658 2161 2715 cepto
2191 2656 2239 2701 et
2274 2644 2544 2700 voluntate
2567 2636 2972 2709 archiepiscopi,
3031 2631 3313 2687 consulum
3339 2640 3386 2685 et
3429 2627 3601 2683 tocius

2014 2735 2583 2797 civitatiscommunis
2635 2731 2870 2788 ciuitatis
2922 2728 3101 2784 Janue
3146 2723 3442 2780 communis
3486 2719 3601 2788 (59)

2016 2834 2327 2903 conﬁrmari
2364 2840 2416 2886 et
2460 2826 2727 2886 observari
2779 2823 2846 2877 ab
2885 2822 3031 2876 eiset
3050 2817 3235 2890 jurari
3274 2823 3325 2870 et
3361 2813 3519 2883 firma
3550 2819 3608 2865 et

2013 2927 2233 2983 stabilia
2265 2923 2530 2980 custodire
2553 2922 2610 2975 in
2639 2917 3017 2986 sempiternum
3040 2922 3089 2967 et
3115 2924 3342 2977 semper.

2091 3014 2545 3086 Quandoquidem
2579 3018 2889 3081 presentem
2922 3002 3265 3074 sinphoniam
3291 3006 3346 3053 et
3368 3010 3606 3052 conven-

2021 3111 2226 3166 tionem
2256 3105 2676 3179 prenominatus
2714 3096 2949 3154 nuncius
2984 3093 3114 3148 fecit
3159 3100 3215 3147 et
3257 3096 3606 3145 sacramento

2020 3204 2165 3260 hanc
2190 3197 2559 3262 conﬁrmavit,
2576 3207 2705 3249 ecce
2730 3199 2786 3247 et
2816 3185 3112 3258 Imperium
3138 3196 3316 3238 meum
3355 3193 3450 3248 per
3478 3192 3605 3245 pre-

2012 3308 2141 3352 sens
2164 3288 2491 3348 crisobolum
2570 3280 2787 3357 [logou]
2814 3279 2953 3351 ejus,
2988 3289 3175 3346 quum,
3205 3272 3251 3327 si
3271 3267 3603 3326 universitas

2020 3384 2381 3443 Januensium
2408 3420 2423 3446 ,
2468 3378 2723 3434 videlicet
2762 3371 3210 3441 archiepiscopus
3249 3364 3507 3421 consules
3545 3371 3603 3417 et.

2014 3474 2308 3533 multitudo
2358 3472 2533 3528 tocius
2583 3465 2928 3531 communis,
2980 3462 3123 3517 banc
3170 3455 3597 3514 convencionem

2015 3570 2343 3641 recipientes
2380 3564 2679 3623 secundum
2710 3557 3161 3616 consuetudinem
3192 3567 3312 3608 eam
3345 3551 3590 3620 compleo

2021 3640 2158 3718 bunt
2204 3670 2260 3716 et
2297 3673 2396 3729 per
2426 3656 2705 3724 scriptum
2756 3649 2993 3708 fecerint
3041 3657 3096 3704 et
3120 3644 3428 3718 iuraverint
3458 3640 3604 3710 quod

2013 3751 2310 3809 secundum
2341 3747 2682 3819 prescriptas
2718 3741 2838 3811 eius
2869 3739 3249 3798 distinctiones
3283 3746 3338 3791 et
3365 3732 3607 3806 capitula

2017 3841 2396 3900 observabunt
2423 3852 2543 3895 eam
2573 3837 2946 3905 incorruptam
2978 3841 3036 3887 et.
3062 3828 3396 3886 immobilem
3427 3840 3605 3896 usque

2025 3937 2082 3993 in
2139 3933 2535 4003 sempiternum
2588 3937 2645 3984 et
2695 3941 2910 3997 semper
2956 3924 3024 3980 ad
3069 3923 3330 3979 honorem
3384 3919 3604 3988 Imperii

2020 4027 2195 4083 nostri
2242 4033 2297 4080 et
2352 4021 2641 4086 Itomanie,
2693 4018 2849 4073 ﬁrma
2905 4015 3349 4071 observabuntur
3398 4012 3465 4065 ab
3505 4010 3606 4066 lm-

2018 4123 2172 4191 perio
2202 4129 2394 4173 nostro
2432 4130 2538 4186 que
2571 4118 2640 4168 ah
2670 4127 2738 4169 eo
2766 4110 3038 4182 promissa
3064 4117 3193 4163 sunt
3212 4106 3607 4167 Januensibus,

2018 4226 2125 4283 que
2154 4208 2411 4281 superius
2432 4215 2563 4262 sunt
2585 4202 2917 4274 signiﬁcata,
2946 4199 3120 4255 donec
3148 4194 3402 4252 videlicet
3430 4193 3603 4248 ﬁrmi-

2022 4314 2105 4361 ter
2155 4313 2212 4356 et
2256 4296 2716 4356 indissolubiliter
2773 4293 3229 4351 observabuntur
3256 4301 3362 4359 quo
3412 4286 3480 4342 ab
3521 4287 3609 4342 eis

2020 4402 2344 4453 conventam
2375 4400 2502 4448 sunt
2530 4388 2764 4460 Imperio
2795 4400 2916 4441 meo
2941 4393 3009 4440 er
3026 4383 3308 4439 Romanie.
3343 4380 3605 4437 Preseute

2022 4484 2443 4559 grisoboliologo
2465 4481 2681 4551 Imperii
2716 4479 2824 4535 mei
2852 4479 3081 4533 ﬁrmiter
3098 4486 3155 4532 et
3179 4474 3451 4531 stabiliter
3475 4489 3593 4541 per.

325 4552 530 4605 tionem
573 4553 799 4623 fecerint
839 4568 1030 4614 contra
1074 4562 1301 4630 aliquem
1355 4563 1579 4622 Crocum
1622 4571 1702 4624 vel
1743 4573 1910 4630 aliam
1941 4577 1987 4634 Ι)
2018 4552 2277 4636 severare
2304 4552 2557 4640 debente,
2616 4571 2763 4628 iacto
2812 4583 3003 4626 mense
3046 4568 3291 4623 octubris
3335 4567 3606 4637 prcseutis

319 4650 536 4713 gentem
610 4662 792 4702 coram
864 4647 1238 4721 Imperatore,
1311 4654 1575 4712 invenient
1628 4660 1911 4730 justiciam

325 4740 386 4792 in
413 4739 569 4793 curia
594 4738 814 4810 Imperii
842 4746 950 4799 sui.
976 4744 1251 4801 Habebunt
1277 4765 1395 4803 vero
1419 4760 1727 4817 potestatem
1751 4773 1912 4815 naves

322 4827 685 4885 Januensium
733 4835 1001 4904 negociari
1040 4837 1093 4891 in
1138 4840 1380 4897 omnibus
1413 4845 1570 4897 terris
1602 4846 1913 4919 ubicumque

328 4920 624 4987 voluerint,
660 4934 840 4994 preter
867 4927 924 4981 in
948 4926 1175 4984 Rusiam
1212 4941 1260 4986 et
1290 4932 1346 4986 in
1376 4932 1601 5002 Matica,
1628 4938 1730 4992 nisi
1775 4940 1914 5007 forte

327 5013 402 5067 ab
428 5015 544 5082 ejus
580 5012 813 5084 Imperio
847 5020 1146 5088 specialiter
1171 5024 1269 5078 hoc
1295 5024 1456 5093 fuerit
1485 5029 1558 5082 eis
1583 5047 1913 5088 concessum.

331 5102 399 5159 Si
443 5114 616 5161 autem
660 5107 957 5166 Januenses
1003 5128 1084 5167 res
1111 5131 1239 5168 suas
1300 5116 1359 5170 in
1398 5116 1913 5190 Constantinopolim

329 5199 755 5266 introduxerint,
785 5220 977 5263 easque
1021 5207 1244 5263 vendere
1277 5225 1380 5265 non
1424 5216 1684 5278 poterint,
1717 5215 1807 5279 ﬁet
1848 5216 1919 5272 de

417 5432 529 5516 (Ξῖ)
570 5425 828 5516 Sequitur
853 5442 1008 5516 te.ng
1027 5426 1359 5516 clt‘rysolmlli
1379 5441 1688 5516 anterioris,
1713 5441 1910 5516 videli-

335 5506 575 5631 lejus
607 5509 752 5577 quod
780 5523 833 5561 a.
867 5506 1008 5563 1155
1049 5506 1235 5565 datum
1271 5519 1378 5566 est.
1420 5510 1506 5566 Cf.
1551 5506 1716 5583 supra
1764 5511 1907 5570 Nov.

414 5645 526 5721 (ἒξ)
560 5645 723 5721 [orte
749 5650 1091 5721 solempniae.

420 5713 529 5790 (3)9)
568 5715 667 5773 Hic
691 5713 1266 5785 corruptelam'inesse
1297 5728 1467 5790 patet.

421 5785 535 5856 (40)
564 5790 719 5857 Apud
749 5790 894 5845 Sauli
938 5793 974 5846 l.
1002 5792 1040 5847 1.
1086 5802 1171 5849 est
1202 5807 1216 5845 :
1258 5785 1326 5845 Μ.
1358 5831 1374 5846 .
1412 5831 1426 5846 .
1459 5833 1473 5847 .
1509 5831 1524 5846 .
1558 5830 1574 5848 .
1620 5793 1910 5849 LXXVIII.

344 5856 697 5929 Silvestre’de
721 5859 934 5937 Sacyiu
966 5861 1128 5921 Μόνη.
1169 5863 1231 5939 de
1252 5862 1470 5921 l'lnstit.
1492 5864 1574 5922 Cl.
1600 5864 1800 5922 d’llist.
1843 5865 1908 5922 ιιι

2019 4670 2224 4727 tereiae
2257 4666 2573 4723 indictionis
2615 4678 2760 4720 anno
2801 4661 2923 4737 [VI]
2969 4659 3423 4736 M[DC]LXXVIII
3461 4659 3604 4729 (40).

2018 4767 2075 4824 i'n
2115 4780 2226 4836 quo
2258 4772 2313 4819 et
2357 4771 2604 4817 nostrum
2640 4758 3124 4816 clementissimum
3155 4765 3210 4812 et
3257 4773 3286 4811 a
3331 4758 3434 4811 dco
3462 4772 3599 4812 con-

2019 4871 2241 4914 cessum
2275 4853 2513 4925 signavit
2537 4853 2827 4923 imperium
2853 4850 2937 4906 vel
2976 4858 3240 4919 potestas.

2096 4946 2441 5016 Subscriptio
2470 4945 2690 5015 proprie
2721 4959 2914 4998 manus
2945 4941 3309 5011 Imperatoris
3335 4957 3351 4994 :
3390 4939 3604 4994 Manuel

1949 5089 1954 5095 .
2024 5041 2077 5096 in
2111 5040 2336 5097 Christo
2385 5040 2491 5095 deo
2543 5038 2779 5093 ﬁdeliter
2828 5036 3132 5106 Imperator
3174 5033 3615 5103 Porﬁrogenitus

2021 5142 2074 5189 et
2103 5133 2399 5206 altocrator
2426 5131 2665 5187 Itomeou
2693 5144 2727 5186 ο
2754 5128 3036 5186 Geminos.

2019 5463 2074 5517 p.
2122 5446 2223 5502 l03
2263 5445 2461 5517 legisse
2483 5444 2705 5517 videtur
2731 5440 3444 5517 VlMDCXCVllI._euquIe
3494 5457 3606 5517 nu-

2021 5509 2228 5572 iuerum
2257 5509 2472 5570 in'6688
2494 5516 2806 5572 mutandum
2831 5528 2950 5569 esse
2971 5521 3141 5582 putat.
3170 5509 3480 5582 Scdda’tum
3498 5511 3597 5566 fuit

1946 5587 1950 5590 ⁴
2020 5590 2125 5642 hoc
2169 5581 2998 5657 chrysobullumindictionqg’r,
3048 5597 3169 5657 qua:
3202 5581 3417 5657 quidem
3458 5581 3599 5657 inci-

2019 5659 2099 5712 dit
2145 5651 2290 5711 inter
2320 5671 2374 5709 a.
2416 5655 2557 5710 H55
2585 5655 2683 5724 (cf.
2724 5663 2838 5709 not.
2888 5653 2979 5724 57)
3001 5651 3079 5724 3t
3113 5651 3600 5724 legationemgri-

2022 5727 2186 5780 maldi
2220 5741 2270 5782 a.
2311 5726 2450 5781 1174
2495 5720 2805 5784 susceptam
2853 5720 2970 5790 (cf.'
2995 5720 3144 5777 Sauli
3174 5720 3231 5775 7|.
3267 5735 3318 5775 c.
3352 5736 3407 5788 ῃ.
3446 5721 3599 5790 188),

2023 5810 2079 5853 ut
2104 5812 2279 5855 annuus
2310 5813 2360 5852 a.
2394 5811 2447 5852 ο.
2483 5810 2530 5852 c.
2561 5794 2703 5853 6688
2736 5794 2966 5853 indicari
3000 5791 3268 5852 debuerit.
3311 5790 3382 5849 Ζ.
3412 5807 3446 5849 Α
3475 5793 3541 5847 L.
3590 5866 3596 5872 ι
