4044 6474
319 336 418 400 791
1464 331 1778 392 ANDBON
1793 331 1892 391 ICI
1934 332 2275 392 COMNENI
3474 326 3585 388 792

315 446 600 506 inutilibus
630 442 989 512 invalidisque
1026 441 1271 504 redditis,
1313 449 1367 496 et
1401 442 1626 510 perinde
1658 457 1721 497 ac
1751 443 1794 496 si
1837 457 1906 497 ne

2011 459 2135 508 σαν,
2165 443 2228 496 τὸ
2257 444 2540 514 ἄπρακτον
2575 443 2668 497 καὶ
2704 442 2996 512 ἁνίοχυρον
3040 435 3472 508 ἀποφερομένων
3495 437 3585 491 διὰ

317 547 499 593 essent
523 536 740 607 quidem
778 535 1026 601 omnino,
1056 533 1337 606 reputatis.

2008 533 2109 602 τῆς
2136 532 2418 603 παρούσης
2446 533 2674 600 λύσεως,
2719 532 2814 586 καὶ
2855 531 3042 601 ὥσπερ
3069 530 3118 584 εί
3159 528 3296 601 μηδὲ
3328 528 3465 592 ὅλως
3493 543 3589 598 γε-

2008 625 2200 693 γόνασι
2218 624 2606 697 λογιζομένων.

390 723 446 779 2.
488 722 739 779 (ἶοεεεῑιὶι
762 729 944 776 autem
985 731 1039 776 et
1069 734 1188 791 quae
1216 722 1322 776 buc
1355 736 1528 792 usque
1555 722 1750 778 vestris
1783 735 1903 776 mo-

2082 716 2158 786 βν.
2180 717 2440 788 Ἀργήσει
2464 717 2520 771 δὲ
2535 717 2632 770 καὶ
2657 719 2689 788 ή
2717 715 2879 787 μέχρι
2899 713 2993 769 τοῦ
3015 713 3108 768 νῦν
3121 710 3592 783 ἐπεισκωμάσασα

321 813 681 868 nasteriorum
735 811 1100 868 immobilibus
1133 813 1184 866 in
1218 812 1448 867 Thracia
1492 821 1546 867 et
1594 811 1902 868 Macedonia

2009 812 2127 874 τοῖς
2165 809 2270 862 ὑπὸ
2290 809 2390 873 τὰς
2423 808 2713 880 καθ’ύμᾶς
2750 809 2917 877 μονὰς
2955 807 3258 878 ἀκινήτοις,
3282 806 3398 869 τοῖς
3447 803 3590 858 κατὰ

319 904 486 970 sitis,
553 902 834 958 insultavit
925 903 1210 973 practorici
1281 913 1338 958 et
1409 903 1712 972 catcpanici
1775 917 1904 958 usus

2006 904 2069 957 τὸ
2089 904 2230 975 θέμα
2259 904 2482 975 Θρᾴκης
2508 905 2602 957 καὶ
2639 900 2982 963 Μακεδονίας
3014 897 3399 964 διακειμένοις,
3431 896 3598 950 ἀπαί-

322 995 557 1060 exactio,
581 1005 899 1064 stuppaeun
925 1001 982 1049 et
1003 993 1248 1059 axungiae
1273 993 1570 1061 redemptio
1591 1004 1646 1048 et
1668 994 1899 1049 exactio:

2007 1011 2162 1066 τησις
2204 995 2303 1064 τῆς
2344 1012 2405 1048 τε
2444 993 2824 1064 πρακτορικῆς
2860 991 2956 1044 καὶ
3007 989 3383 1057 κατεπανικῆς
3418 988 3598 1059 γύρας

325 1097 582 1157 tanquam
620 1103 714 1157 per
746 1087 887 1141 hanc
915 1095 1238 1156 prasenlem
1289 1085 1670 1141 resolutionem
1705 1085 1903 1140 excisae

2013 1089 2110 1140 καὶ
2141 1086 2356 1158 χρείας,
2380 1091 2474 1140 καὶ
2506 1090 2538 1154 ἠ
2591 1084 2820 1138 στυπίου
2879 1081 2976 1136 καὶ
3013 1081 3307 1150 ἀξουγγίου
3330 1078 3597 1150 ὲξὼνησις

323 1187 379 1233 et
413 1179 672 1233 radicitus
704 1178 1039 1248 exstirpatac,
1063 1184 1120 1232 et
1152 1192 1219 1232 eo
1255 1178 1507 1243 redactre,
1554 1185 1612 1232 ut
1647 1191 1745 1232 nec
1775 1177 1903 1242 sint,

2015 1175 2048 1246 ἣ
2081 1177 2398 1246 ἀπαίτησις,
2425 1174 2501 1238 ὡς
2529 1173 2619 1228 διὰ
2646 1174 2744 1243 τῆς
2771 1171 3058 1244 παρούσης
3092 1168 3301 1232 λύσεως
3329 1168 3599 1221 ἐκκοπτὸ-

326 1284 428 1324 nec
475 1269 823 1324 nominentur
864 1286 878 1324 :
919 1269 1259 1339 praetoribus,
1316 1275 1370 1322 et
1429 1268 1796 1333 exactoribus,
1850 1277 1909 1323 et

2013 1288 2173 1341 μεναι
2206 1270 2299 1323 καὶ
2325 1266 2785 1338 ριζοτομούμεναι
2813 1265 2904 1318 καὶ
2933 1267 3014 1326 εἰς
3035 1262 3096 1316 τὸ
3122 1261 3474 1331 ἀνύπαρκτον
3505 1259 3601 1312 καὶ

323 1360 629 1429 catepanis,
672 1370 726 1416 et
764 1361 849 1428 iis,
896 1361 988 1432 qui
1041 1370 1247 1432 stuppae
1292 1371 1349 1416 et
1394 1362 1644 1430 axungiae
1693 1362 1907 1416 redem-

2015 1362 2382 1432 ἀ·.·ονόμαστον
2413 1357 2920 1428 ἀποκαθιστάμεναι
2941 1369 2956 1385 ⁶
3007 1354 3119 1408 τῶν
3159 1350 3474 1424 πραιτὸρων
3503 1349 3602 1404 καὶ

325 1451 564 1518 ptionem
599 1449 684 1505 vel
712 1452 1046 1506 exactionem
1095 1462 1387 1517 exercent;
1440 1453 1614 1523 iisque
1663 1453 1754 1524 qui
1798 1453 1908 1508 illis

2008 1453 2339 1525 πρακτόρων
2391 1453 2484 1503 καὶ
2520 1449 2862 1512 κατεπάνων,
2915 1445 3012 1501 καὶ
3051 1444 3162 1497 τῶν
3205 1443 3303 1514 τὴν
3341 1442 3605 1509 ἐξώνησιν

328 1541 661 1608 ministrant,
707 1542 786 1598 sic
832 1541 1098 1612 ejusmodi
1147 1543 1442 1598 immobilia
1488 1553 1908 1614 praetercurrere

2009 1547 2043 1619 ἢ
2095 1546 2390 1614 ἀπαίτησιν
2428 1541 2523 1595 τοῦ
2570 1541 2800 1595 στυπίου
2855 1538 2952 1592 καὶ
2985 1535 3080 1592 τοῦ
3133 1533 3431 1603 ἀξουγγίου
3460 1531 3605 1584 κατὰ

329 1632 671 1699 debentibus,
705 1633 926 1704 perinde
951 1649 1014 1689 ac
1037 1634 1081 1689 si
1113 1649 1181 1689 ne
1208 1635 1260 1688 in
1291 1636 1404 1690 suis
1432 1635 1651 1705 quidem
1682 1637 1906 1690 omnino

2040 1636 2240 1706 ιαιροὺς
2262 1631 2624 1704 ποιουμένων,
2656 1631 2752 1686 καὶ
2779 1630 2888 1682 τῶν
2914 1623 3398 1697 ὲξυπηρετούντων
3420 1623 3606 1683 αὐτοῖς
3629 1672 3637 1706 ἡ

328 1725 641 1795 regionibus
671 1727 774 1780 sita
809 1735 996 1782 essent
1028 1745 1042 1782 :
1087 1733 1272 1796 utpote
1299 1741 1418 1798 quae
1443 1743 1546 1782 non
1583 1727 1694 1783 sint
1718 1743 1746 1781 a
1777 1727 1907 1782 fisco

2042 1728 2152 1782 ὖτω
2189 1723 2656 1798 παρατρέχειν-τὰ
2696 1720 2925 1776 τοιαῦτα
2969 1719 3208 1788 ἀκίνητα
3248 1709 3639 1785 ὀφειλόντιι›ν,’

392 1778 468 1795 υκ
619 1778 635 1780 κ
673 1778 692 1780 -
1029 1778 1041 1782 ν
1127 1778 1205 1796 μιν
1251 1778 1265 1781 τ
1306 1778 1414 1798 γη
1583 1778 1693 1783 -----
1721 1778 1746 1781 τ
1779 1778 1898 1782 --η

328 1813 554 1868 omnino
587 1813 908 1884 requirenda
944 1815 996 1868 in
1029 1813 1301 1880 omnibus,
1334 1829 1454 1884 qua:
1490 1814 1591 1869 hoc
1621 1815 1782 1870 modo
1815 1816 1910 1870 de-

2011 1778 2174 1884 bene:
2199 1778 2333 1889 μηδὲ
2355 1778 2491 1881 δὶυῗς
2516 1817 2576 1869 ἐν
2603 1817 2715 1878 τοῖς
2737 1814 2830 1868 ὑπ’
2849 1813 3046 1875 αὐτοὺς
3065 1778 3265 1882 θέμασι
3295 1778 3467 1863 ταῦτα
3496 1778 3605 1861 διὲξ

329 1915 478 1960 creta
534 1915 658 1961 sunt
711 1906 836 1976 ipsi,
893 1906 962 1960 ab
1011 1906 1166 1960 initio
1226 1906 1472 1961 hodierni
1528 1906 1632 1961 diei
1697 1907 1911 1976 repetiti

2013 1931 2076 1969 κε
2086 1929 2216 1974 ιντο,
2233 1911 2329 1966 ἅτε
2347 1910 2443 1964 καὶ
2454 1907 2631 1964 αὐτῶν
2647 1903 3079 1974 ἀκαταζητήτων
3095 1902 3400 1974 μελλόντων
3415 1901 3605 1972 διατη-

331 1997 534 2064 diurni,
564 2007 618 2052 et
641 1999 893 2069 deinceps
921 1997 973 2052 in
1015 2013 1178 2054 omne
1215 2014 1280 2055 ac
1309 2007 1628 2070 perpetuum
1675 2008 1910 2068 tempus,

2019 2005 2231 2076 ρεῖσθαι
2253 2003 2362 2057 ἀπὺ
2385 2000 2477 2055 τοῦ
2497 2000 2761 2071 δημοσίου
2779 1999 2873 2052 ἐπὶ
2890 1997 3149 2060 πᾶσιτοῖς
3175 1993 3605 2062 τοιουτοτρόπως

332 2099 582 2158 suscepta
627 2091 745 2146 sine
798 2090 1259 2153 contradictione;
1318 2105 1416 2147 nec
1471 2091 1772 2148 habeantur
1817 2107 1915 2162 pro

2020 2093 2442 2164 ὲπιγνωσθεῖσιν
2472 2090 2622 2163 αὖτῷ
2669 2091 2765 2145 ἀπ’
2795 2089 2974 2162 ἀρχῆς
3017 2088 3116 2159 τῆς
3164 2087 3406 2157 σήμερον
3443 2085 3608 2137 ἀπαι-

333 2181 625 2251 descriptis
670 2183 724 2237 in
778 2182 1008 2252 publicis
1057 2184 1216 2238 actis.
1252 2183 1405 2238 Licet
1450 2192 1630 2239 autem
1675 2199 1784 2239 non
1819 2185 1916 2239 de-

2020 2189 2296 2260 τουμένης
2321 2186 2612 2258 ὲγχρονίας
2651 2184 2748 2238 καὶ
2780 2185 2860 2247 είς
2906 2181 3035 2240 τοὺς
3077 2179 3205 2248 ὲξῆς
3237 2180 3485 2240 ἅπαντας
3515 2174 3613 2230 καὶ

332 2271 533 2342 scripta
581 2273 693 2328 sint
725 2273 777 2328 in
810 2272 965 2339 actis,
999 2273 1093 2329 sed
1124 2272 1230 2329 alio
1275 2288 1382 2344 quo
1422 2275 1580 2330 modo
1629 2275 1835 2348 agnita,
1861 2283 1919 2332 et

2019 2281 2297 2351 διηνεκεῖς
2327 2278 2556 2349 χρόνους
2586 2275 2900 2347 δεχομένοις
2934 2273 3369 2344 ἀναντιρῥήτως,
3405 2271 3501 2322 καὶ
3533 2267 3612 2331 ὡς

329 2362 410 2418 ⁸ῖο
442 2372 679 2436 recepta.
2028 2372 2163 2444 μηδὲ
2187 2373 2243 2425 ὲν
2271 2371 2629 2442 δημοσιακοῖς
2656 2367 2982 2439 πρακτικοῖς
3007 2362 3434 2434 καταγραφῆναι
3460 2361 3612 2428 λογι-

2025 2464 2273 2534 ζομένοις
2298 2479 2314 2493 ·
2345 2461 2451 2516 κᾶν
2490 2461 2564 2532 μὴ
2620 2460 3051 2530 κατεγράφησαν
3093 2456 3151 2510 δὲ
3179 2457 3236 2510 ὲν
3265 2455 3612 2526 πρακτικοῖς,

2028 2556 2202 2618 ἄλλως
2239 2554 2295 2607 δέ
2337 2569 2455 2616 πως
2484 2551 2933 2620 ὲπεγνὼσθησαν,
2963 2547 3280 2619 δεχομένοις
3315 2544 3410 2600 καὶ
3441 2542 3609 2597 οὕτω.

406 2642 462 2697 3.
504 2642 560 2697 Si
605 2643 727 2712 quis
774 2652 955 2700 autem
990 2653 1274 2714 praeterea,
1322 2660 1443 2716 quae
1475 2649 1768 2705 constituta
1801 2658 1932 2705 sunt

2101 2647 2286 2717 γ’.Τού
2317 2644 2833 2715 κατατολμήσαντος
2863 2641 3051 2712 ἕτερον
3071 2658 3124 2694 τι
3155 2638 3306 2709 παρὰ
3329 2637 3397 2692 τὰ
3422 2637 3608 2707 διωρι-

339 2732 427 2787 liis
455 2733 636 2788 aureis
663 2732 846 2798 bullis,
881 2743 935 2789 et
962 2735 1216 2803 praesenti
1240 2735 1510 2791 solutione
1543 2738 1645 2792 mei
1688 2737 1927 2809 imperii,

2035 2741 2212 2809 σμένα
2244 2742 2357 2802 τοῖς
2378 2736 2649 2800 τοιαύτοις
2683 2732 3108 2806 χρυσοϐούλλοις
3142 2731 3236 2786 καὶ
3261 2733 3328 2802 τῇ
3359 2727 3610 2801 παρούσῃ

339 2823 507 2881 fuerit
550 2841 714 2880 ausus
763 2825 967 2896 aliquid
1018 2827 1242 2895 exsequi
1276 2827 1330 2882 in
1376 2828 1657 2896 quibusvis
1713 2845 1932 2901 posses-

2033 2834 2189 2888 λύσει
2217 2834 2313 2903 τῆς
2354 2830 2630 2902 βασιλείας
2664 2846 2768 2900 μου
2791 2826 2886 2880 ἐπὶ
2905 2829 3024 2890 ταῖς
3044 2825 3148 2880 ὑπὸ
3179 2823 3278 2886 τὰς
3308 2821 3431 2878 καθ’
3465 2821 3609 2891 ὑμᾶς

341 2920 586 2975 sionibus
658 2918 1029 2974 immobilibus
1062 2928 1360 2977 vestrorum
1427 2924 1882 2979 monastcrorium
1914 2963 1930 2989 ,

2038 2925 2208 2997 μονὰς
2250 2923 2534 2987 παντοίαις
2592 2920 2872 2992 ἀκινήτοις
2920 2920 3150 2990 κτήσεσι
3186 2914 3611 2988 διαπράξασθαι,

343 3017 702 3080 praeterquam
764 3010 907 3078 quod
955 3009 1096 3064 ltesae
1154 3009 1457 3080 majestatis
1491 3012 1765 3068 tenebitur
1800 3029 1924 3070 reus

2038 3018 2137 3071 σὺν
2163 3015 2242 3086 τῷ
2284 3015 2376 3070 καὶ
2427 3013 2756 3068 καθοσιώσει
2798 3011 3127 3066 ὑποπίπτειν
3161 3009 3365 3081 (καθὼς
3392 3009 3479 3062 διὰ
3507 3007 3617 3062 τῶν

344 3099 510 3166 (sicut
539 3099 620 3152 bis
643 3097 824 3154 aureis
840 3098 998 3154 bullis
1019 3098 1296 3154 deﬁnitum
1333 3099 1463 3168 est),
1513 3100 1583 3156 ab
1613 3102 1932 3159 eminentis-

2035 3105 2300 3160 τοιούτων
2361 3103 2778 3175 χρυσοὸούλλων
2834 3102 3124 3174 διωρίσθη)
3169 3101 3265 3156 καὶ
3313 3099 3466 3172 παρὰ
3521 3099 3617 3154 τοῦ

349 3192 490 3248 simo
518 3204 732 3262 quoque
763 3189 1182 3262 temporisillius
1208 3189 1438 3262 mystico
1463 3189 1673 3247 illatum
1699 3194 1931 3266 cuipiam

2043 3198 2185 3253 κατὰ
2206 3198 2306 3268 τὴν
2331 3197 2549 3267 ἡμέραν
2579 3194 3194 3266 μεγαλεπιφανεστάτου
3223 3191 3487 3264 μυστικοῦ
3519 3209 3621 3246 κα-

347 3299 654 3344 vestrarum
688 3285 1094 3358 possessionum
1123 3287 1381 3340 damnum
1413 3288 1618 3342 sarcire
1649 3288 1937 3360 compelle-

2038 3287 2523 3360 ταναγκαζομένου
2550 3290 2630 3352 εἰς
2658 3288 2718 3341 τὸ
2768 3287 2869 3358 τὴν
2929 3285 3318 3357 ἐπενεχθεῖσαν
3355 3301 3463 3337 τινι
3511 3282 3621 3336 τῶν

347 3392 458 3436 lttr.
481 3379 821 3436 Monasteriis
848 3395 1064 3451 quoque
1084 3382 1340 3438 omnibus
1365 3382 1604 3440 vicissim
1634 3399 1780 3440 curae
1804 3384 1932 3452 erit,

2039 3376 2137 3453 se:
2163 3383 2311 3454 ὑμᾶς
2342 3382 2591 3454 κτήσεων
2616 3380 2822 3452 βλάϐην
2852 3380 3294 3451 ἀποθεραπεύειν
3324 3379 3486 3449 αὐτῇ.
3511 3377 3622 3432 Με-

350 3484 459 3527 tam
507 3473 573 3528 iis
599 3487 721 3542 qua:
769 3482 895 3528 sunt
939 3474 1079 3528 intra
1133 3475 1347 3542 urbem,
1400 3491 1562 3545 quam
1609 3492 1729 3547 qua:
1753 3487 1930 3542 extra,

2037 3476 2193 3545 λήσει
2238 3476 2425 3548 μέντοι
2466 3475 2561 3529 καὶ
2601 3474 2681 3545 τῷ
2713 3475 2871 3544 μέρει
2903 3473 3015 3527 τῶν
3061 3473 3238 3543 μονῶν
3273 3471 3485 3537 πασῶν,
3511 3469 3623 3524 τῶν

351 3565 453 3618 sub
478 3562 726 3617 terminis
750 3550 824 3617 iis
846 3563 1030 3617 aureis
1059 3561 1219 3620 bullis
1250 3551 1662 3634 comprehensis
1701 3552 1934 3638 impe'ra-

2040 3584 2102 3619 τε
2162 3567 2316 3630 ἐντὸς
2379 3568 2479 3637 τῆς
2544 3565 2963 3638 μεγαλοπόλεως
3015 3565 3112 3618 καὶ
3141 3562 3319 3627 ἐκτὸς,
3365 3561 3469 3615 ὑπὸ
3496 3562 3623 3624 τοὺς

355 3655 492 3708 toris
517 3653 671 3709 bona:
694 3655 972 3709 memoria:
1003 3655 1186 3726 inclyti
1210 3656 1412 3711 domini
1440 3665 1495 3712 et
1522 3658 1694 3726 patris
1714 3658 1934 3728 imperii

2040 3659 2618 3732 ὲμπεριειλημμένους
2655 3659 2839 3730 μέντοι
2863 3659 3025 3729 ὅρους
3053 3658 3170 3720 τοῖς
3199 3655 3460 3718 τοιούτοις
3489 3671 3621 3726 χρυ-

357 3746 488 3812 mei,
547 3761 610 3801 ea
669 3760 946 3815 peragere,
987 3761 1108 3816 quae
1143 3747 1194 3802 in
1238 3755 1416 3804 vestra
1464 3751 1810 3819 suggestione
1843 3752 1938 3806 de-

2043 3751 2357 3817 σοσούλλοις
2404 3751 2798 3824 διακειμένων,
2859 3750 2954 3806 τοῦ
2989 3753 3049 3804 ὲν
3100 3753 3215 3815 τοῖς
3255 3748 3624 3822 μνημοσύνοις

360 3837 564 3892 clarata
593 3846 754 3893 sunt:
787 3837 892 3893 nisi
922 3837 1090 3892 velint
1124 3838 1216 3894 tali
1246 3839 1598 3896 excusatione
1627 3841 1849 3910 privari,
1873 3856 1939 3898 eo

2034 3843 2132 3896 τοῦ
2179 3847 2238 3898 ὲν
2289 3843 2602 3915 βασιλεῦσιν
2650 3844 2897 3915 ἀοιδίμου
2953 3844 3214 3898 αὑθέντου
3262 3845 3358 3898 καὶ
3413 3841 3622 3912 πατρὸς

356 3930 500 4000 quod
530 3929 695 3984 semel
724 3944 785 3985 ea
817 3929 1172 4000 neglexerint.

2038 3936 2143 4005 τῆς
2179 3935 2458 4004 βασιλείας
2513 3951 2618 4006 μου
2672 3936 2913 3992 ἐκτελεῖν
2935 3936 3040 3992 ὅσα
3091 3937 3151 3990 ὲν
3205 3937 3276 4007 τῇ
3315 3935 3623 4004 ὑπομνήσει

358 4026 517 4097 ὑμῶν
560 4027 875 4100 δεδήλωται,
940 4029 990 4083 εί
1048 4029 1124 4102 μὴ
1172 4028 1457 4100 βούλονται
1515 4030 1616 4102 τῆς
1673 4033 1928 4103 τοιαύτης
1969 4031 2318 4099 ὲξκουσσείας
2351 4032 2629 4088 διαπεσεῖν
2656 4034 2722 4088 ἐκ
2757 4030 2852 4088 τοῦ
2921 4031 3070 4099 anas
3124 4032 3332 4087 τούτων
3383 4047 3628 4102 καταμε-

355 4122 543 4194 λῆσαι.

367 4287 3618 4349 m

1553 4476 1728 4522 ANNO
1784 4476 2009 4524 DOMINI
2069 4475 2425 4524 MCLXXXI".

643 4656 2048 4934 ANDaoNICUs
2141 4658 3365 4910 COMNENUS.

1729 5023 2282 5116 NOTITIA.

455 5332 797 5389 Andronicus
832 5329 1141 5388 Comnenus
1206 5332 1554 5404 imperatoris
1583 5337 1756 5392 Alexii
1791 5338 2051 5395 Comneni
2083 5339 2244 5409 primi
2277 5339 2392 5395 sive
2424 5335 2665 5394 Senioris
2700 5351 2864 5408 nepos
2895 5335 2992 5391 fuit
3017 5376 3033 5403 ,
3061 5334 3203 5392 ﬁlius
3233 5345 3413 5392 autem
3443 5333 3636 5394 lsaacii

381 5421 643 5476 Cumneni
685 5421 1166 5476 Sebastocratoris.
1216 5420 1425 5479 Claruit
1478 5441 1620 5479 anno
1649 5426 1811 5494 “80,
1859 5427 1939 5482 vel
2004 5427 2241 5483 circiter.
2292 5426 2366 5480 De
2407 5425 2566 5493 cujus
2595 5425 2791 5480 eximia
2841 5423 3180 5491 eruditione,
3218 5424 3478 5496 singulari
3518 5425 3636 5479 elo-

390 5511 612 5578 quentia
683 5520 847 5578 atque
902 5509 1171 5579 exquisita
1229 5526 1400 5567 sacrae
1479 5514 1772 5584 Scriptura:
1827 5512 2060 5580 notitia,
2133 5513 2498 5570 testimonium
2571 5511 2817 5582 perbibet
2873 5512 3130 5567 eximium
3191 5511 3413 5568 Nicetas
3492 5513 3642 5567 Cho-

385 5600 599 5663 niates,
638 5600 937 5671 cujusmodi
989 5600 1119 5656 illud
1169 5612 1271 5666 est,
1328 5603 1468 5672 quod
1519 5619 1642 5673 pag.
1684 5605 1786 5660 149
1849 5604 2104 5660 editionis
2157 5601 2580 5660 Graeco-Latina:
2626 5599 2987 5666 Parisiensis,
3031 5600 3118 5655 bis
3178 5609 3357 5658 exstat
3426 5589 3639 5656 verbis:

397 5689 502 5740 Καὶ
549 5691 722 5770 ταῦτα
778 5689 952 5758 λέγων
1000 5690 1094 5743 καὶ
1154 5691 1380 5761 γράφων
1447 5693 1784 5763 Ἀνδρόνικος
1847 5694 1966 5764 μεθ’
2034 5693 2152 5756 οἵας
2198 5693 2300 5746 οὐκ
2351 5692 2495 5744 είποι
2544 5706 2630 5754 τις
2687 5689 2755 5743 ἂν
2783 5688 3162 5760 πειθανάγκης
3192 5691 3288 5742 καὶ
3311 5688 3636 5760 λαμπρότη-

389 5791 475 5839 τος
519 5772 607 5848 (ἦν
640 5779 749 5849 γὰρ
786 5780 832 5833 εί
875 5776 968 5833 καί
999 5794 1080 5840 τις
1116 5777 1294 5845 ἄλλος,
1343 5782 1687 5854 γραμμάτων
1731 5783 1990 5856 ἔμπειρος
2023 5825 2037 5853 ,
2073 5783 2164 5838 καὶ
2209 5782 2314 5839 div}.
2361 5781 2533 5852 στόμα
2585 5777 2766 5850 φέρων
2823 5775 2911 5832 ἀεὶ
2986 5777 3081 5832 τοῦ
3125 5779 3639 5851 πνευματορήτορος
