4044 6420
368 360 485 433 793
1467 354 1853 442 mimicus
1894 380 2195 445 CONTRA
2234 382 2571 446 messos.
3030 448 3033 449 ,
3530 381 3636 449 tas

377 477 591 568 “animo
617 478 689 534 τὰ
716 480 1023 555 ἐπιστόλια)
1058 479 1176 557 εἶχε
1214 486 1425 554 πάντας
1474 493 1541 562 τῇ
1581 494 1747 547 αὑτοῦ
1778 494 1972 568 γνώμῃ

2011 496 2499 566 προστιθεμένους.
2530 496 2646 553 Hoc
2694 503 2813 561 est,
2847 495 2973 553 [late
3026 496 3373 554 Andronicus
3428 500 3608 556 incre-

374 566 527 620 dibili
556 569 905 637 persuadendi
936 572 1109 628 studio
1138 584 1185 628 et
1215 577 1440 646 arti/icio
1473 583 1729 636 orationis
1755 566 1970 652 loquens
2019 602 2081 639 ac
2121 586 2366 641 scribens
2424 590 2559 655 (erat
2593 589 2731 643 enim
2764 588 3086 655 litterarum,
3118 599 3176 643 ut
3202 590 3419 661 quilibet
3453 592 3620 657 alius,

371 655 598 722 peritus,
622 666 669 710 ct
704 654 914 726 Spiritu
940 672 1121 716 sancto
1147 663 1326 733 afﬂati
1359 668 1584 723 oratoris
1612 668 1776 725 Pauli
1805 670 2073 740 Epistolas
2103 689 2305 742 semper
2335 674 2389 726 in
2417 654 2506 728 ore
2538 674 2806 743 habebat),
2838 691 3015 731 omnes
3044 677 3100 731 in
3123 654 3278 731 suam
3307 654 3626 733 sententiam

374 743 659 810 pertraxit.
695 741 986 816 Hucusque
1022 747 1240 806 Nicetas
1267 751 1582 812 Cbouiates.
1623 756 1852 829 Scripsit.
1877 769 2058 816 autem
2087 741 2371 830 Dialogum
2431 769 2616 814 contra
2660 741 2917 827 Judwos,
2946 762 3038 832 qui
3076 778 3178 819 ms.
3229 772 3408 818 exstat
3450 766 3502 819 in
3540 765 3629 819 Bi-

387 827 656 918 bliotheca
689 829 937 887 Caesarea
974 832 1401 905 Vindobonensi,
1427 843 1628 899 Codice
1655 827 1761 900 ms;
1801 847 2114 918 theologico
2145 827 2334 905 Graeco
2363 847 2470 903 255
2490 889 2507 916 ,
2549 858 2605 902 ut
2640 849 2800 905 habet
2829 827 3023 905 Petrus
3049 849 3373 906 Lambecius
3405 852 3545 907 libro
3588 868 3621 908 v

372 913 902 1010 Commentariorum
939 920 1100 991 hujus
1130 923 1491 996 Bibliothecte,
1526 945 1649 1000 pag.
1683 931 1806 998 169,
1844 933 1929 988 his
1959 913 2139 991 verbis
2173 955 2189 991 :
2230 954 2250 988 ι
2290 913 2500 991 ϐοάοί
2528 936 2638 991 255
2669 938 3072 1008 manuscriptus
3112 939 3447 1010 theologicus
3475 940 3625 995 Gre:-

373 1015 472 1058 cus
497 1014 582 1060 est
605 1004 936 1063 chartaceus
965 1010 1221 1079 antiquus
1242 1053 1258 1080 ,
1289 1023 1344 1069 et
1376 1016 1595 1084 optima:
1626 1028 1766 1074 nota:
1804 1021 1857 1075 in
1894 1020 2045 1087 folio,
2084 1032 2343 1078 constans
2377 1022 2522 1078 foliis
2562 1024 2687 1090 158,
2713 1025 2803 1093 qui
2841 1004 2971 1080 olim
3023 1025 3091 1080 ad
3124 1004 3408 1094 .Joannom
3466 1027 3625 1082 Sam-

372 1090 566 1183 bucum
597 1094 878 1163 pertinuit.
906 1093 1001 1151 Illo
1033 1099 1342 1156 continetur
1372 1102 1714 1169 Imperatoris
1765 1108 2051 1167 Andronici
2102 1112 2360 1167 Comneni
2388 1151 2403 1179 ,
2437 1112 2529 1182 qui
2583 1090 2745 1183 imp;
2767 1114 3013 1170 Alexium
3048 1116 3381 1171 Comnenum
3429 1117 3474 1172 Il
3506 1118 3625 1172 sive

370 1173 692 1274 Juniorem:
710 1195 853 1274 anno
894 1182 1067 1245 1185,
1089 1186 1297 1242 nefarie
1326 1190 1550 1257 occidit,
1581 1201 1637 1246 et
1670 1208 1812 1249 anno
1840 1196 1979 1252 1185
2012 1214 2039 1251 a
2064 1199 2334 1255 seditiosa
2375 1173 2533 1271 ple-be
2567 1173 3172 1274 Constantinopolitana
3206 1204 3447 1261 vicissim
3475 1206 3624 1260 occi-

370 1277 462 1320 sus
493 1274 611 1333 est,
654 1266 907 1339 Dialogus
934 1281 1119 1327 contra
1149 1273 1390 1342 Iudaeos,
1455 1279 1613 1348 cujus
1646 1282 1835 1339 titulus
1862 1294 1912 1340 et
1946 1287 2276 1358 principium
2313 1306 2328 1344 :

1177 1413 1483 1499 δοζρλατιὶιιὴ
1511 1420 1677 1499 cogo;
1703 1422 1816 1499 τῶν
1841 1423 2017 1499 λόγων
2054 1429 2237 1499 χάρις,

1229 1484 1532 1569 ’ῷόρειῖὶὶὴν
1561 1484 1927 1569 ἐξελέγχουσσξ
1966 1484 2200 1569 πλοῗνήν,

1081 1554 1192 1637 Έὰς
1226 1554 1879 1637 ευσέξεῑςξδεβδξνυσὶἶξοζς
1916 1554 2409 1637 πιστοῖξέρίῦους.

1070 1623 1327 1709 ςῌςίραιιία
1353 1628 1410 1681 δὲ
1443 1631 1612 1709 αλῦτὴν
1669 1623 2008 1709 Ἀνδρόνικος
2034 1623 2317 1709 ὲίπόδου,

1075 1692 1716 1774 ξᾼδέλφὸπαιιςαᾶναλὶιτος,
1746 1692 2005 1759 Αὖσόνων
2023 1692 2217 1774 γένους

1074 1765 1520 1845 διομνιηνοφυοῦς,
1550 1772 1618 1845 ἐκ
1653 1765 2161 1845 σεὸαστοκρὰτορος

1066 1834 1160 1898 Εἰς
1180 1834 1284 1907 γῆν
1308 1834 1624 1911 προαχθεὶς,
1670 1843 1764 1896 καὶ
1793 1834 1967 1914 γλυκῦ
1999 1834 2201 1919 βλὲψᾶς
2225 1850 2381 1920 φάος.

1070 1952 1267 2033 ροεὶιξε
1299 1966 1634 2033 venustoque
1662 1961 1823 2033 libelli
1857 1966 2054 2033 gratia,

1072 2024 1312 2096 Yerpum
1363 2024 1601 2083 retundit
1634 2032 1826 2087 efﬁcax
1857 2024 2152 2096 insaniam.

1069 2093 1302 2166 Piasque
1332 2099 1435 2151 rite
1462 2102 1693 2157 credulis
1730 2118 1992 2160 monstrat
2025 2093 2167 2165 vias.

1071 2165 1579 2239 ljuic’Andronicus
1614 2183 1804 2226 auctor
1836 2184 1947 2239 est,
1982 2191 2137 2232 sacer
2166 2182 2331 2237 studii

1069 2234 1259 2305 Frater
1296 2241 1532 2305 potentis
1561 2239 1843 2296 Ausonum
1880 2234 1989 2300 late
2026 2250 2126 2303 soli

1066 2303 1496 2380 Broimperator,
1533 2325 1693 2380 quem
1731 2323 1852 2368 satu
1885 2316 2254 2377 Cumnenides

1065 2377 1263 2432 Eduxit
1293 2378 1447 2443 orbi.
1479 2388 1533 2435 et
1552 2377 1700 2439 'solis
1742 2385 2136 2453 almoilumini.

375 2512 703 2585 Ἐπειδήπερ
729 2514 916 2569 πολλοὶ
949 2517 1050 2588 τὴν
1076 2517 1184 2572 τῶν
1229 2520 1569 2591 παρανόμων
1610 2524 1883 2580 Ἰουδαίων
1931 2529 2302 2607 ἐπεχείρησαν
2347 2535 2700 2607 παραστῆσαι
2733 2535 3080 2604 δυσσέϐειαν,
3111 2536 3208 2592 καὶ
3238 2535 3389 2600 ὅπως
3427 2535 3527 2608 μὲν
3574 2538 3606 2591 ὁ

368 2604 749 2674 φιλάνθρωπος
779 2607 1062 2695 ᾼεσπόσης
1093 2610 1187 2663 καὶ
1220 2611 1496 2681 κηδεμὼν,
1522 2613 1583 2668 οὑ
1616 2615 1703 2668 διὰ
1742 2618 1988 2687 σημείων
2020 2604 2202 2688 μόνον,
2234 2620 2265 2692 ἢ
2303 2604 2629 2695 Προφητῶν,
2663 2623 2802 2677 ἀλλὰ
2840 2623 2893 2677 δὶ
2936 2623 3269 2695 ἀμφοτέρων
3294 2604 3613 2695 ἃμα-πολυ-

369 2691 574 2761 μερῶς,
608 2694 705 2747 καὶ
731 2694 1093 2767 πολυτροπῶς
1118 2696 1220 2769 τὴν
1250 2716 1396 2777 σῳτη
1407 2701 1528 2770 ρίαν
1555 2702 1765 2756 τούτων
1796 2722 1966 2776 πραγι

2009 2691 2370 2778 ιτευὸμενος,
2404 2691 2511 2766 etc.
2549 2711 2653 2768 Ubi
2707 2691 3004 2767 notandum
3036 2691 3135 2767 est
3161 2691 3423 2767 codicem
3463 2713 3606 2769 hunc

372 2788 633 2836 tractatus
664 2784 860 2849 istius,
895 2786 1193 2841 secundum
1232 2772 1456 2844 Joannis
1486 2787 1737 2847 Sambuci
1769 2772 2075 2862 opinionem
2104 2837 2119 2861 ,
2154 2772 2273 2852 esse
2313 2798 2687 2869 idiographum
2716 2839 2734 2865 ,
2806 2800 2923 2854 sive
2960 2801 3174 2869 propria
3209 2800 3376 2870 ipsius
3402 2800 3615 2855 Andro-

370 2868 473 2921 nici
509 2885 667 2923 uqu
700 2881 981 2926 exaratum
1081 2874 1169 2941 qui
1195 2874 1305 2946 jam
1336 2891 1363 2929 a
1395 2877 1557 2933 Petro
1607 2877 1886 2936 Stevartio
1921 2882 2206 2938 Leodiensi
2228 2924 2244 2951 ,
2279 2887 2377 2941 sed
2421 2868 2613 2941 Latine
2667 2896 2876 2941 tantum
2929 2868 3241 2957 interprete
3274 2884 3486 2942 Joanne
3514 2885 3612 2941 Li-

379 2956 558 3013 vineio
582 2999 597 3024 ,
632 2959 812 3014 editus
842 2969 925 3015 est
953 2961 1005 3014 in
1036 2969 1182 3016 tomo
1210 2964 1466 3033 singulari
1498 2964 1834 3023 Lectionibus
1876 2970 2118 3041 Antiquis
2166 2970 2384 3028 Henrici
2438 2972 2644 3030 Canisii
2678 2973 2864 3029 addito
2889 3013 2906 3041 ,
2941 2956 3259 3041 lngolstadii
3296 2975 3441 3044 typis
3470 2974 3614 3030 Ede-
3668 2992 3669 2995 η

365 3043 531 3100 rianis
561 3061 707 3101 anno
740 3046 901 3115 1616,
936 3048 1078 3103 iii-4.
1108 3048 1207 3104 Cui
1240 3050 1490 3107 Livineio
1540 3056 1838 3111 cardinalis
1868 3056 2132 3125 Sirletus,
2167 3060 2252 3114 vir
2277 3060 2625 3116 doctissimus
2649 3101 2665 3128 ,
2720 3077 2822 3117 ms.
2872 3076 3030 3116 suum
3082 3061 3325 3115 codicem
3357 3060 3607 3116 Graecum

370 3130 834 3197 commodaverat.
868 3141 1007 3198 Hinc
1034 3155 1212 3200 autem
1244 3147 1527 3204 manifeste
1559 3149 1746 3217 liquet,
1777 3161 2036 3221 quantum
2071 3152 2290 3209 fallatur
2322 3170 2486 3224 supra
2522 3169 2850 3212 memoratus
2873 3154 3112 3212 Joannes
3145 3153 3441 3222 Livineius.
3501 3156 3601 3225 qui

368 3227 423 3282 in
457 3228 785 3287 Prmfatione
819 3246 932 3288 suae
983 3235 1249 3290 versionis
1302 3234 1509 3291 Latinae
1559 3238 1769 3310 Dialogi
1830 3242 2123 3296 Andronici
2169 3252 2354 3297 contra
2385 3242 2624 3310 Iudaeos,
2686 3244 2833 3299 illum
2892 3259 3037 3299 anno
3074 3243 3274 3298 Christi
3307 3243 3441 3298 1527
3473 3258 3599 3298 esse

360 3316 716 3385 compositum
761 3320 978 3376 asserit.
1015 3340 1035 3375 ι
1074 3322 1243 3388 Quem
1276 3331 1497 3380 secutus
1540 3324 1750 3381 fueram
1786 3327 1838 3382 in
1867 3327 2236 3398 Supplementa
2289 3345 2409 3386 meo
2447 3329 2762 3384 Bellarmini
2785 3369 2803 3397 ,
2842 3330 2908 3384 ad
2944 3345 3144 3399 annum
3176 3329 3346 3395 1320,
3379 3344 3434 3399 p.
3482 3330 3607 3387 595.

358 3399 463 3457 Sed
491 3404 634 3460 hunc
658 3405 934 3488 Dialogum
962 3408 1270 3481 Andronico
1295 3410 1572 3468 Comneno
1612 3415 1921 3485 imperatori
1952 3415 1995 3470 11
2054 3430 2148 3472 seu
2180 3415 2389 3472 Juuiori
2423 3418 2759 3483 adscribens,
2801 3418 2893 3488 qui
2954 3432 3098 3472 anno
3151 3417 3289 3473 1527
3322 3418 3606 3487 imperium

359 3503 643 3548 assecutus
671 3505 778 3550 est.
811 3482 1031 3551 Minime
1061 3512 1274 3569 quoque
1302 3499 1602 3557 audiendus
1632 3482 1737 3570 est,
1782 3503 2077 3560 cardinalis
2111 3504 2342 3560 Sirletus
2362 3545 2377 3571 ,
2419 3505 2511 3575 qui
2540 3511 2596 3561 ut
2616 3482 2854 3561 Joanne-3
2885 3505 3164 3576 Livineius
3188 3505 3388 3561 ibidem
3418 3504 3606 3569 refert,

353 3594 635 3650 perperam
670 3583 901 3639 credidit
934 3597 1211 3641 auctorem
1243 3587 1390 3642 illum
1428 3588 1661 3661 Dialogi,
1692 3608 1796 3647 non
1824 3608 1945 3648 esse
1974 3595 2148 3665 ipsum
2170 3593 2535 3648 Andronicum
2565 3592 2909 3660 Comnenum,
2942 3595 3036 3649 sed
3069 3609 3134 3649 eo
3158 3603 3366 3649 tantum
3385 3594 3611 3664 jubente

310 3674 317 3679 '
358 3684 492 3737 opus
523 3664 663 3725 istud
693 3672 761 3727 ab
790 3670 1085 3744 Euthymio
1118 3673 1391 3745 Zigabeno
1417 3675 1586 3734 fuisse
1617 3664 2008 3749 compositum.
2057 3680 2212 3747 Quod
2240 3682 2384 3735 enim
2421 3681 2534 3751 ipse
2581 3681 2930 3779 Andronicus
2962 3681 3255 3780 Dialogum
3282 3682 3442 3737 istum
3478 3697 3609 3780 pro-.-

356 3758 474 3826 prio
508 3767 684 3814 marte
717 3762 1129 3829 composuerit,
1166 3763 1477 3819 luculenter
1508 3776 1732 3837 apparet
1778 3783 1844 3822 ex
1886 3768 2222 3823 carminibus
2273 3782 2436 3836 supra
2488 3768 2750 3824 exhibitis
2775 3808 2790 3835 ,
2842 3768 2932 3836 qui
2969 3769 3017 3822 ei
3067 3767 3208 3822 tituli
3241 3768 3361 3823 loco
3398 3767 3604 3839 pra‘ﬁxi

357 3854 523 3868 -___._
565 3847 702 3868 _,A___
743 3856 784 3868 Α,
831 3863 888 3868 η
925 3847 1124 3868 mm“
1166 3852 1270 3868 ι..-
1325 3852 1391 3868 .,
1483 3862 1493 3868 _
1570 3855 1603 3868 ,.
1742 3855 1754 3867 .
2063 3857 2074 3868 .
2156 3855 2170 3868 .
2246 3856 2258 3868 .
2370 3854 2436 3868 ..
2494 3855 2506 3868 .
2600 3856 2612 3868 .
2810 3857 2822 3868 .
2889 3857 2901 3868 .
3371 3858 3381 3868 .
3502 3857 3514 3868 .
3589 3857 3601 3868 .

356 3854 524 3900 sunt:
564 3847 707 3901 sicut
736 3856 791 3903 et
825 3863 891 3903 ex
924 3847 1132 3905 Niceta:
1164 3852 1445 3908 Cbonialae
1480 3855 1792 3910 testimonio
1822 3856 2011 3922 allato,
2043 3857 2109 3912 de
2142 3854 2437 3911 Andronici
2461 3855 2702 3926 ejusdem
2736 3857 2938 3911 eximia
2972 3854 3307 3923 eruditione,
3339 3857 3604 3926 singulari

356 3934 666 3957 -I-___-_.!-
736 3948 779 3957 -.
828 3953 923 3957 --.μ
968 3939 980 3957 9
1019 3940 1081 3957 ’-γ
1136 3956 1173 3957 ,,
1204 3956 1209 3957 ,
1327 3941 1360 3957 η
1434 3943 1446 3955 ι
1493 3952 1503 3957 -
1738 3945 1814 3957 _o,.
1925 3943 1965 3957 πη
2043 3953 2052 3957 -
2098 3952 2108 3957 -
2392 3942 2427 3957 n
2773 3944 2784 3955 ο
2858 3943 2935 3957 ἢ..
2963 3945 2993 3957 ιο
3043 3948 3077 3957 μ.
3256 3944 3289 3957 η
3432 3944 3444 3956 ο
3509 3944 3519 3955 -
3588 3943 3601 3957 ο

351 3934 694 4004 eloquentia,
728 3948 785 3993 et
820 3939 1092 4010 exquisita
1126 3956 1297 3996 sacrae
1326 3941 1625 4013 Scriptura).
1654 3945 1872 4000 notitia.
1924 3943 2116 3999 Exstat
2146 3957 2362 4012 quoque
2389 3942 2578 3998 Graece
2632 3958 2738 4028 ms.
2772 3944 2824 3997 in
2857 3943 3197 4001 Bibliotheca
3256 3943 3603 3999 Sereuissimi

354 4021 586 4044 n-.___!4
625 4023 785 4044 n.__9A
854 4043 897 4044 ,,,
930 4028 960 4044 ι·
1010 4042 1018 4044 ξ
1066 4027 1162 4044 Ann
1267 4039 1279 4044 -
1386 4039 1395 4044 .
1442 4039 1451 4044 .
1624 4032 1635 4042 υ
1806 4040 1815 4044 -
1862 4032 1873 4044 ι
2088 4030 2104 4044 ι
2209 4030 2221 4044 ι
2384 4040 2394 4044 -
2497 4030 2509 4041 ι
2561 4029 2602 4044 II
2659 4031 2673 4044 ι
2867 4039 2877 4044 -
3104 4033 3115 4043 υ
3158 4034 3170 4044 ι
3234 4041 3243 4044 Α
3328 4032 3358 4044 ιο
3411 4029 3448 4044 n

354 4021 592 4079 Bavariae
625 4023 809 4093 Ducis,
844 4028 1029 4082 codice
1060 4027 1187 4094 428,
1225 4039 1285 4084 ut
1311 4039 1459 4100 patet
1490 4045 1555 4086 ex
1590 4032 1707 4100 ejus
1737 4032 2003 4103 catalogo,
2039 4030 2108 4086 ad
2141 4030 2344 4085 calcem
2382 4030 2511 4084 tomi
2560 4029 2606 4085 ll
2638 4021 2942 4129 Apparatus
2974 4033 3115 4129 sacri
3144 4032 3363 4129 Antonii
3406 4029 3604 4129 Posse-

351 4111 485 4166 vini.
523 4112 890 4168 Andronicum
917 4113 1259 4170 Camaterum
1293 4126 1573 4173 auctorem
1600 4120 1801 4175 habere
1833 4120 2117 4175 videntur:
2149 4117 2406 4187 Dialogus
2448 4119 2707 4171 adversus
2735 4116 2960 4172 Latinos
3008 4118 3073 4173 de
3103 4119 3435 4183 processionc
3472 4119 3603 4187 δρία

351 4202 488 4255 ritus
518 4207 712 4269 sancti,
751 4211 806 4259 et
838 4203 1143 4273 Disputatio
1174 4207 1506 4275 imperatoris
1536 4224 1651 4262 cum
1682 4208 1893 4264 doctore
1936 4209 2308 4263 Armeniorum
2340 4205 2523 4267 Petro,
2559 4206 2635 4261 De
2672 4206 2885 4262 duabus
2931 4209 2987 4262 in
3042 4207 3254 4264 Christo
3286 4211 3517 4274 naturis,
3548 4218 3601 4262 et

349 4290 466 4343 aliis
492 4290 772 4356 capitibus.
811 4291 918 4347 Sed
944 4308 1048 4346 non
1079 4291 1402 4360 Opusculum
1429 4303 1613 4350 contra
1642 4294 1901 4351 Joannem
1942 4294 2168 4352 Veccum
2212 4295 2569 4366 patriarcham
2595 4294 3236 4364 Constantinopolitanum
3261 4337 3276 4362 ,
3311 4311 3433 4366 quae
3466 4310 3598 4352 mss.

308 4358 313 4363 ’
355 4388 705 4432 asservanlur
739 4378 791 4432 in
844 4381 1032 4434 eadem
1086 4358 1349 4437 Bavarica
1395 4381 1729 4439 Bibliotheca
1758 4424 1775 4449 ,
1819 4386 2007 4441 codice
2041 4384 2145 4442 120
2170 4424 2185 4450 ,
2241 4392 2377 4439 teste
2426 4383 2613 4438 eodem
2655 4382 2952 4440 Possevino
2978 4424 2995 4450 ,
3034 4386 3087 4440 in
3123 4386 3383 4457 Catalogo
3436 4387 3596 4441 istius

349 4463 723 4531 Bibliotheca,
754 4480 876 4536 pag.
916 4466 1002 4521 62.
1035 4467 1275 4538 Denique
1301 4471 1603 4526 notandum
1634 4482 1720 4528 est
1752 4473 1805 4528 in
1837 4487 2002 4545 supra
2033 4481 2334 4529 memorata
2379 4472 2593 4542 Dialogi
2626 4474 2860 4530 editione
2892 4473 3087 4531 Latina
3124 4476 3359 4532 Livineii
3390 4486 3443 4532 et
3472 4475 3597 4556 Ste-

347 4553 541 4618 vartii,
578 4551 858 4634 Dialogum
888 4554 1037 4609 illum
1072 4570 1192 4611 esse
1223 4555 1459 4613 divisum
1526 4559 1580 4614 in
1611 4559 1681 4615 64
1706 4562 1879 4630 capita
1902 4599 1919 4625 ,
1963 4562 2165 4617 nullum
2197 4568 2383 4616 autem
2433 4560 2486 4615 in
2528 4562 2714 4617 codice
2757 4562 2857 4617 hoc
2904 4565 3275 4634 manuscripto
3322 4551 3596 4628 Caesareo,

346 4641 501 4696 istius
534 4626 815 4698 divisionis
841 4654 1055 4701 exstare
1085 4647 1390 4717 vestigium.
1418 4646 1544 4705 Haec
1581 4648 1648 4705 de
1679 4663 1746 4704 eo
1771 4626 2099 4705 Lambecius
2162 4649 2304 4705 libro
2332 4665 2364 4703 v
2387 4648 2913 4705 Commentariorum
2960 4650 3307 4707 Bibliotheca:
3337 4652 3599 4707 Caesarum

348 4725 815 4797 Vindobonensis,
849 4745 900 4800 p.
932 4730 1033 4787 169
1067 4741 1121 4787 et
1153 4732 1286 4798 170,
1314 4735 1447 4789 etin
1478 4734 1736 4805 Catalogo
1771 4736 1945 4806 scripti

2007 4752 2098 4790 uin
2153 4737 2315 4807 hujus
2373 4738 2499 4791 torni
2522 4777 2540 4805 ,
2593 4751 2715 4808 pag.
2748 4736 2852 4792 505
2877 4747 2933 4792 et
2958 4737 3083 4793 565.
3112 4737 3377 4794 Henricus
3402 4738 3601 4795 Whar-

345 4824 437 4869 ton
467 4816 525 4871 in
562 4817 954 4887 Supplemento
1009 4821 1270 4875 Historia:
1312 4820 1587 4877 litterariae
1646 4822 1919 4878 Guillelmi
1960 4823 2127 4889 Cavi,
2165 4824 2255 4879 ubi
2292 4840 2411 4894 pag.
2443 4823 2515 4877 24
2539 4866 2553 4890 ,
2606 4826 2749 4879 hunc
2787 4824 3159 4882 Andronicum
3210 4827 3599 4883 Constantino-

343 4901 637 4968 polltanum
670 4902 837 4959 refert
863 4904 929 4960 ad
956 4921 1154 4960 annum
1184 4906 1323 4961 i527
1355 4921 1476 4963 cum
1512 4906 1779 4964 Livineio.
1812 4909 2006 4965 Omnia
2038 4921 2216 4967 autem
2247 4913 2362 4968 huic
2396 4910 2663 4981 Opuscula
2692 4912 2917 4967 ascribit
2953 4913 3263 4970 Andronico
3307 4915 3598 4971 Camatero

342 4988 952 5061 Constantinopolitanae
978 4994 1126 5048 urbis
1153 4993 1410 5062 praefecto
1445 4993 1765 5050 Guillebuus
1808 4994 1986 5054 Cavus
2018 4997 2070 5052 in
2108 4999 2348 5054 Historia
2380 5001 2454 5054 rei
2496 4999 2795 5066 litteraritc,
2828 5010 2980 5070 parte
3018 5018 3056 5069 ι,
3096 5005 3162 5058 ad
3196 5019 3393 5058 annum
3426 5002 3589 5067 1156,

344 5092 466 5149 pug.
500 5078 642 5146 676;
676 5089 732 5134 et
762 5090 914 5149 parte
948 5096 987 5137 ιι
1024 5080 1281 5138 Historia:
1308 5083 1592 5137 litterariae
1640 5081 1709 5137 ad
1761 5098 1941 5137 annun

2001 5084 2166 5155 1185,
2204 5101 2329 5157 pag.
2363 5085 2495 5152 597,
2544 5085 2652 5142 598
2677 5124 2693 5155 ,
2723 5102 2842 5158 qua:
2871 5089 2959 5145 vix
3010 5089 3290 5147 conciliari
3367 5098 3598 5161 possunt

343 5179 467 5221 cum
501 5167 569 5225 iis
598 5184 719 5240 quae
748 5168 945 5226 scribit
977 5170 1096 5243 ejus
1128 5172 1482 5230 continuator
1509 5170 1780 5227 Warthun
1810 5170 1877 5226 ad
1905 5186 2108 5229 annum
2142 5175 2303 5243 1527,
2336 5188 2461 5246 pag.
2500 5174 2594 5231 24.
