4044 6418
353 340 456 404 793

1566 359 2002 425 ANDRONICI
2043 347 2392 430 COMNENI

3524 382 3636 444 800

353 455 572 518 gionem
619 470 1046 532 propugnarent,
1076 479 1186 520 non
1227 464 1300 522 illi
1345 468 1560 539 quidem
1602 489 1730 528 vera
1775 474 1941 530 divini
1973 479 2022 538 Α
2118 479 2242 538 Jun.
2273 480 2386 540 Hoc
2417 481 2514 538 tibi
2544 484 2706 538 etiam
2734 494 2899 556 atque
2922 488 3084 544 etiam
3114 490 3523 558 conﬁrmamus,
3556 495 3630 548 ita

353 545 589 614 Spiritus
629 547 746 603 luce
789 559 845 605 et
888 551 1182 622 instinctu;
1225 559 1317 612 sed
1360 560 1452 630 qui
1495 562 1726 634 pingue,
1764 575 1822 621 ut
1861 565 1942 622 sic

349 637 600 705 dixerim,
624 649 684 697 ot
713 641 1092 700 obumbratqu
1133 663 1409 706 sacrarum
1453 651 1779 711 Litterarum
1822 667 1942 712 stu-

351 730 498 784 dium
549 732 845 802 agitarent,
879 751 979 790 nec
1011 737 1313 808 suspicere,
1343 745 1500 811 proni
1540 744 1702 815 inque
1738 755 1936 802 terram

355 821 545 890 defixi,
571 836 816 893 possent.
849 827 980 892 Eos,
1013 830 1262 900 inquam,
1293 847 1416 889 cum
1452 836 1817 906 offendissem,
1843 842 1936 912 qui

349 912 598 969 audirent
638 918 851 986 quidem
917 936 1036 990 quae
1077 933 1309 992 oportet,
1376 928 1468 982 sed
1510 928 1787 987 eﬂ‘utirent
1816 949 1938 1004 qua:

348 1019 456 1059 non
502 1015 747 1076 oportet,
778 1025 884 1066 non
921 1013 989 1066 ita
1025 1013 1254 1072 docente
1286 1031 1380 1072 eos
1415 1017 1532 1086 lege
1570 1021 1802 1093 (apage),
1841 1024 1936 1080 sed

349 1096 442 1158 qui
492 1097 666 1167 legem
711 1115 905 1170 capere
948 1106 1264 1174 nequirent;
1309 1106 1537 1179 (scilicet
1579 1114 1729 1183 quasi
1775 1115 1940 1170 lumi~

351 1199 478 1238 num
524 1187 778 1258 princeps
823 1191 960 1262 sol,)
1009 1208 1129 1246 cum
1179 1195 1268 1251 hic
1318 1200 1682 1268 progreditur,
1713 1213 1768 1259 et
1815 1205 1935 1261 aliis

350 1275 629 1344 praelucet,
663 1287 772 1334 tum
815 1283 1224 1342 caecutientibus
1269 1303 1421 1358 atque
1461 1291 1643 1347 radios
1681 1310 1790 1349 non
1833 1295 1935 1350 im-

350 1365 547 1432 mittit;
589 1368 774 1424 itidem
809 1387 941 1427 sane
973 1383 1024 1428 et
1059 1373 1189 1447 legis
1222 1376 1508 1436 difﬁcultas
1543 1383 1629 1448 iis,
1659 1386 1748 1454 qui
1786 1387 1934 1456 inge-

351 1466 446 1512 nto
480 1472 605 1515 sunt
636 1475 894 1532 purgato,
927 1467 1150 1523 evidens
1183 1486 1246 1525 ac
1279 1476 1568 1542 perspicua
1602 1487 1720 1546 est;
1761 1481 1932 1550 torpi-

351 1551 434 1604 dis
465 1553 646 1607 nubila
685 1565 844 1626 atque.
884 1559 1121 1614 turbida.
1147 1560 1282 1617 Nam
1321 1566 1479 1633 legis,
1506 1569 1583 1624 uti
1623 1569 1799 1627 Moses
1833 1587 1931 1642 ap-

349 1642 539 1710 pellat,
569 1645 815 1700 velameu
839 1649 881 1714 ',
913 1665 1020 1705 non
1065 1652 1118 1707 in
1162 1655 1482 1725 scriptione,
1515 1661 1608 1716 sed
1650 1663 1929 1719 hominum

351 1747 557 1800 mente,
595 1738 864 1810 hodieque
897 1754 1100 1800 manet.
1137 1748 1266 1803 Eam
1302 1766 1423 1805 cum
1459 1753 1788 1824 imperitiam
1830 1758 1929 1812 ad-

2048 588 2148 629 uos
2194 575 2335 630 Deus
2379 575 2546 632 Israel
2592 577 2863 648 gloriosus
2905 589 3085 649 amet;
3132 596 3232 636 nos
3282 598 3626 653 nequaquam

2045 662 2176 718 rixae
2225 680 2290 719 ac
2336 669 2697 723 contendendi
2744 671 2923 726 studio
2966 672 3075 728 huc
3121 673 3360 740 venisse,
3396 675 3490 730 sed
3536 678 3628 745 qui

2043 755 2330 813 veritatem
2377 759 2667 825 illustrem,
2705 761 2934 833 ejusque
2975 764 3494 821 demonstrationem
3541 768 3629 822 in-

2042 856 2158 903 star
2188 850 2290 905 viae
2316 851 2478 921 regia:
2510 854 2694 909 tritam
2725 870 3066 925 cuperemus,
3097 873 3193 928 per
3221 873 3384 929 quam
3414 860 3628 916 deducti

2038 939 2106 992 ad
2137 938 2308 995 lucem
2335 943 2570 1000 ctelestis
2598 945 2724 1001 vitae
2752 947 2995 1003 haeredes
3022 947 3299 1004 heremus.

2108 1029 2332 1088 CBRIST.
2361 1033 2512 1090 Meus
2544 1051 2698 1092 amor
2721 1037 2880 1092 Jesus
2905 1039 2956 1092 in
2990 1041 3280 1112 Evangelio
3310 1042 3386 1097 ait
3412 1061 3425 1097 :
3461 1061 3482 1095 ι
3518 1043 3628 1114 Ego

2037 1138 2157 1180 sum
2199 1124 2308 1189 lux,
2335 1135 2392 1181 et
2423 1128 2648 1195 veritas,
2676 1137 2732 1184 et
2766 1129 2882 1184 vita
2908 1131 2952 1188 ⁷.
2993 1149 3012 1182 ι
3061 1130 3188 1187 Haec
3222 1133 3263 1188 si
3300 1135 3512 1190 animus
3545 1145 3630 1190 est

2036 1231 2162 1270 vere
2187 1217 2323 1272 bona
2352 1219 2595 1288 adipisci,
2623 1223 2926 1279 accumbite
2947 1233 3003 1280 et
3029 1238 3212 1279 aurem
3249 1229 3506 1296 praebete.

2112 1309 2383 1377 Duorum,
2417 1310 2624 1378 Judaei,
2665 1329 2694 1368 a
2750 1316 2908 1372 nobis
2959 1317 3285 1372 Christianis
3335 1320 3625 1372 criminum

2043 1399 2328 1467 postulati,
2361 1412 2542 1458 utrum
2567 1404 2770 1475 jubetis
2795 1407 2952 1462 vobis
2981 1411 3044 1463 ad
3068 1409 3337 1479 judicium
3365 1411 3629 1479 proponi?

2037 1489 2267 1561 Legisne
2303 1492 2645 1550 violationcm
2691 1512 2814 1552 cum
2857 1514 2990 1554 nece
3032 1502 3422 1572 prophetarum
3464 1512 3626 1572 atque

2037 1582 2433 1640 insectatione?
2456 1601 2525 1640 an
2559 1587 2700 1644 lucis
2738 1590 3046 1660 repudium,
3074 1605 3138 1645 ac
3170 1607 3274 1646 non
3310 1592 3484 1646 solum
3516 1609 3621 1647 non

2041 1679 2318 1739 receptqu
2344 1685 2467 1724 eum
2497 1672 2588 1740 qui
2619 1672 3039 1741 prs-dicabatur,
3067 1677 3158 1730 sed
3190 1676 3388 1742 injuste
3410 1693 3438 1730 a
3464 1681 3618 1734 vobis

2039 1752 2431 1824 interemptum
2453 1758 2708 1826 quoque?
2730 1760 2833 1813 etsi
2855 1760 3091 1827 majores
3109 1765 3274 1816 vestri
3295 1779 3359 1816 co
3379 1774 3621 1818 mactan-

350 1827 665 1895 vertissem,
693 1841 753 1885 ut
781 1837 1030 1904 egregius
1063 1839 1286 1908 quidam
1320 1857 1507 1910 senex,
1537 1818 1742 1904 ξιωίιιιε
1775 1864 1934 1906 εεηθ,
1963 1818 2005 1874 Β
2042 1833 2113 1887 do
2138 1818 2411 1903 negabant
2432 1818 2535 1889 sibi
2568 1818 2596 1886 ι’
2620 1837 2778 1892 licere
2809 1818 3113 1894 interﬁcere
3139 1856 3493 1912 quemquam.
3524 1861 3544 1894 ι

349 1919 536 1987 ctutis,
570 1921 638 1977 ad
669 1922 865 1980 luctam
898 1943 1020 1982 cum
1042 1930 1479 1992 adolescentibus
1504 1938 1792 1995 ineundam
1808 1958 1936 2014 pro-

347 2012 490 2080 silit;
541 2015 612 2070 ita
653 2017 926 2087 equidem,
956 2021 1260 2080 timiditatis
1292 2041 1508 2097 quoque
1542 2012 1936 2092 amolitusﬁuo-

350 2106 643 2168 tant,-dedi
689 2124 910 2181 operam
979 2121 1037 2167 ut
1083 2125 1437 2189 utrorumque
1484 2121 1935 2196 interrogationes

353 2210 418 2250 ac
470 2201 850 2268 responsiones
903 2209 1270 2263 monumentis
1321 2211 1635 2270 mandarem
1690 2233 1704 2271 :
1755 2229 1936 2290 potest

347 2292 491 2344 enim
525 2291 739 2350 animus
771 2310 1019 2366 magnus,
1055 2298 1145 2353 Dei
1185 2302 1422 2357 studium
1463 2307 1744 2376 profiteris,
1768 2313 1932 2368 etiam

330 2398 472 2459 quae
507 2399 668 2453 supra
706 2387 848 2443 vires
881 2401 1009 2444 sunt
1046 2400 1274 2449 tentare.
1303 2394 1493 2466 Itaque
1536 2401 1677 2456 nuda
1725 2403 1776 2456 in
1821 2405 1935 2475 pri-

349 2474 457 2527 mis
489 2473 978 2548 interrogationum
1008 2496 1073 2538 ac
1100 2488 1517 2555 responsionum
1549 2492 1710 2548 verba
1740 2473 1934 2567 propo-

347 2575 572 2620 nantur.

423 2654 812 2717 Cums'msus.
849 2661 986 2730 Quid
1035 2673 1152 2732 est,
1187 2668 1330 2738 quod
1379 2685 1507 2737 vos,
1539 2674 1630 2744 qui
1679 2675 1932 2735 Mosaicae

348 2746 487 2818 legis
528 2750 701 2806 zelum
748 2753 982 2822 habetis,
1017 2759 1109 2814 sed
1148 2775 1252 2816 non
1288 2765 1588 2821 secundum
1623 2769 1928 2843 scientiam,

347 2841 415 2895 ad
446 2855 534 2896 me
561 2843 725 2900 hodie
753 2848 1123 2905 convenistis?

303 3008 305 3010 η
417 2929 617 2993 luam.
654 2935 765 2994 Nos
807 2941 1117 3008 enimvero,
1158 2943 1459 3013 intellecto,
1494 2949 1929 3012 Christianarum

349 3032 402 3077 te
445 3027 698 3082 aemulum
749 3044 969 3095 rerum,
1006 3031 1241 3090 Mosaica
1291 3048 1671 3110 contemnere,
1707 3059 1924 3114 coram,

345 3132 466 3186 quae
501 3118 833 3191 dicerentur,
863 3125 1399 3196 auditurivenimus.

419 3208 644 3267 Cnms'r.
680 3211 773 3268 Dei
809 3214 1028 3284 quidem
1063 3231 1352 3290 praecepta,
1384 3223 1608 3294 ejusque
1645 3241 1742 3295 pro
1777 3228 1932 3285 nobis

346 3301 669 3359 mortalibus
711 3306 1003 3363 salutarem
1050 3310 1482 3370 incarnationem
1531 3319 1672 3373 tueri
1711 3330 1765 3375 et
1804 3335 1932 3390 pro-

346 3393 523 3449 fessus
576 3411 730 3461 sum,
765 3407 818 3453 et
865 3401 1156 3470 profiteor,
1189 3413 1244 3458 et
1293 3407 1359 3459 ad
1405 3417 1709 3465 extremum
1758 3427 1932 3482 usque

350 3487 599 3554 spiritum
633 3489 947 3557 profitebor.
974 3493 1242 3550 Caeterum
1269 3497 1556 3553 Mosaicam
1593 3500 1785 3572 legem,
1812 3520 1932 3570 qua:

348 3585 434 3627 est
485 3576 634 3630 velut
690 3579 880 3633 umbra
943 3590 998 3634 et
1050 3583 1222 3651 ﬁgura
1278 3597 1475 3642 nostra:
1529 3592 1718 3647 salutis
1771 3602 1932 3660 atque

350 3661 779 3734 instaurationis,
807 3669 941 3725 adeo
973 3686 1076 3727 non
1108 3685 1415 3747 contemno,
1445 3689 1499 3733 ut
1529 3681 1694 3736 etiam
1755 3683 1931 3741 colam

347 3763 399 3806 et
428 3754 746 3824 amplectar.

416 3843 542 3903 Jun.
571 3849 641 3902 At
665 3849 709 3905 si
743 3850 1034 3909 Mosaicam
1071 3855 1246 3927 legem
1281 3859 1644 3931 amplecteris,
1671 3881 1843 3937 neque
1867 3885 1929 3925 ea

350 3936 450 3991 tibi
484 3941 753 3996 sententia
783 3943 942 4001 labiis
975 3949 1136 4003 modo
1166 3964 1420 4018 expressa
1448 3969 1512 4009 ac
1537 3936 1769 4013 formata
1797 3960 1931 4018 falso

345 4027 581 4094 excidit,
618 4033 971 4101 quamobrem
1020 4051 1153 4102 nos,
1189 4039 1282 4107 qui
1330 4054 1447 4096 eam
1496 4057 1927 4116 propugnamus,

342 4119 636 4178 violatores
675 4123 809 4194 legis
839 4126 1073 4184 ducitis?

413 4213 635 4270 Cumsr.
669 4215 724 4272 Si
757 4218 971 4286 quidem
1008 4219 1177 4290 frugis
1213 4223 1390 4292 gratia
1425 4227 1756 4294 quaestiones
1794 4245 1917 4286 mo-

341 4304 501 4370 vetis,
533 4321 598 4361 ac
629 4308 898 4376 satagitis,
927 4310 1019 4380 qui
1053 4311 1352 4380 iuiquiores
1385 4327 1568 4382 partes
1595 4318 1928 4389 aequioribus

341 4396 693 4462 submittatis,
724 4402 996 4470 expediet,
1027 4404 1244 4472 opinor,
1279 4406 1536 4475 principis
1587 4425 1772 4466 rerum
1831 4426 1924 4468 sa-

343 4486 562 4556 pientiae
597 4489 650 4543 in
687 4505 976 4548 commune
1013 4495 1252 4551 rationes
1285 4497 1581 4567 inquirere,
1608 4517 1758 4571 spem
1799 4519 1924 4560 cer-
1952 4490 1998 4548 Ῑ)

343 4576 606 4631 tissimam
654 4581 707 4633 in
753 4581 978 4646 justitiaa
1026 4593 1186 4654 atque
1234 4587 1406 4655 ipsius
1450 4592 1694 4648 veritatis
1739 4595 1921 4652 stabili

342 4667 542 4722 trutina
579 4670 926 4729 collocantes.
966 4674 1062 4729 Sin
1102 4679 1465 4734 contendendi
1507 4696 1672 4737 causa
1727 4685 1918 4742 dicen-

346 4759 509 4828 dique
547 4765 912 4821 ostentatione
948 4767 1280 4837 colloquium
1326 4773 1549 4843 utgetis,
1580 4773 1660 4829 sic
1704 4777 1921 4845 habete,

341 4845 580 4904 Ecclesia
619 4860 866 4908 nostrate
907 4856 1087 4923 censi,
1125 4858 1267 4914 haud
1311 4876 1371 4915 se
1417 4866 1809 4923 consuetudine
1850 4883 1913 4923 ea

338 4940 683 4996 venditant“.
719 4944 996 5014 Siquidem
1034 4958 1235 5005 nostra:
1269 4952 1626 5021 professionis
1660 4957 1737 5012 ait
1764 4960 1916 5028 quis-

336 5031 480 5097 piam
518 5032 595 5104 (5)
635 5050 652 5092 :
689 5036 780 5104 qui
815 5039 871 5092 in
902 5038 1270 5109 disputatione
1310 5046 1552 5101 stabilire
1587 5052 1913 5107 sententiam

335 5137 492 5179 suam
525 5137 758 5200 pugnat,
792 5131 1091 5203 quamlibet
1119 5151 1247 5192 vera
1281 5136 1446 5206 dicat,
1497 5139 1698 5197 diaboli
1732 5145 1921 5201 morbo

336 5211 568 5274 laborat.

403 5354 875 5455 .Dlnlnlcglllll‘QE;
907 5363 1076 5420 Exod.
1103 5381 1288 5431 xxxiv,
1311 5369 1400 5425 55.
1475 5370 1496 5402 ⁸
1522 5370 1540 5426 l
1569 5370 1696 5428 Cor.
1721 5390 1796 5442 xi,
1824 5377 1910 5433 lG.
1985 5380 2180 5436 'Joan.
2207 5399 2314 5450 xtv,
2341 5382 2394 5439 6.
2470 5384 2492 5417 ⁸
2540 5386 2708 5441 Exod.
2783 5403 2864 5455 ιιι,
2918 5387 3006 5442 14.
3079 5389 3101 5421 ⁸
3138 5385 3309 5443 Exod.

337 5423 380 5455 '°
414 5425 554 5486 Psal.
579 5447 706 5500 xvu,
730 5423 818 5488 l2.

2109 1915 2231 1972 Jun.
2261 1917 2528 1983 Quoniam
2560 1920 2788 1976 alterum
2817 1935 2901 1978 εει
2926 1936 3086 1992 caput
3112 1924 3274 1994 Legis
3296 1936 3348 1979 et
3373 1926 3618 1996 Prophe-

2043 2003 2490 2068 tarum,propera
2508 2002 2789 2057 veritatem
2813 2005 2951 2058 hanc
2967 2004 3038 2059 ob
3055 2003 3247 2060 oculos
3265 2005 3618 2062 constituere.

2038 2075 2174 2130 Nam
2205 2077 2250 2131 si
2277 2077 2383 2133 hoc
2406 2081 2835 2148 demonstrabis,
2858 2084 2912 2138 in
2933 2094 3165 2154 utroque
3192 2098 3314 2140 reos
3337 2100 3438 2138 nos
3458 2085 3620 2140 dedc-

2039 2171 2196 2222 mus;
2239 2170 2450 2214 tantum
2481 2162 2597 2216 haec
2623 2164 2875 2232 probatio
2907 2181 3015 2221 non
3051 2175 3266 2237 petatur
3301 2181 3368 2221 ex
3398 2167 3622 2232 vestris,

2044 2236 2138 2290 sed
2171 2252 2238 2290 ex
2266 2243 2472 2296 nostris
2507 2244 2808 2313 prephetis.

2113 2322 2337 2379 Cumsr.
2362 2324 2518 2392 Quod
2550 2327 2595 2380 si
2626 2343 2690 2382 ex
2724 2329 3055 2399 propheticis
3084 2331 3526 2400 praedictionibus
3561 2333 3621 2388 li-

2038 2404 2160 2457 dem
2197 2403 2418 2474 iaciam,
2442 2408 2636 2476 ecquid
2664 2424 2757 2464 vos
2781 2425 2997 2466 errasse
3025 2413 3372 2467 fatebitnini?

2109 2483 2232 2539 Jun.
2257 2485 2514 2540 Maxime.
2531 2487 2688 2544 Prius
2707 2500 2886 2544 tamen
2908 2497 3222 2560 scrupulum
3244 2509 3406 2545 unum
3429 2507 3493 2547 ex
3511 2495 3620 2549 auio

2041 2565 2146 2618 mis
2168 2566 2366 2620 nostris
2386 2565 2684 2640 (rogamus)
2702 2570 2882 2625 exime
2907 2589 2919 2625 :
2945 2571 3047 2636 Qui
3073 2588 3102 2625 a
3126 2572 3276 2628 vobis
3297 2573 3620 2631 Christianis

2044 2654 2155 2700 tres
2177 2645 2250 2698 dii
2275 2646 2612 2701 honoreutur
2631 2660 2686 2702 et
2708 2641 3043 2704 noscantur?
3060 2667 3181 2705 cum
3205 2651 3258 2705 id
3282 2651 3366 2704 lex
3387 2651 3619 2708 Mosaica

2042 2738 2148 2776 non
2174 2725 2470 2802 permittat;
2497 2726 2624 2793 quin
2649 2737 2700 2780 et
2730 2728 2935 2796 liquido
2957 2731 3194 2786 clamet:
3221 2749 3238 2781 ι
3257 2729 3366 2798 Ego
3383 2745 3502 2785 sum
3525 2736 3619 2802 qui

2040 2816 2163 2856 sum
2186 2801 2228 2857 ⁸.
2260 2821 2280 2854 ›
2311 2803 2389 2858 Ac
2413 2819 2626 2858 rursutn
2652 2821 2667 2859 :
2699 2824 2717 2856 ι
2746 2805 2863 2861 Non
2887 2810 3137 2865 adorabis
3160 2809 3326 2864 Deum
3351 2801 3618 2880 alienum;

2045 2897 2145 2955 ego
2174 2884 2319 2938 enim
2351 2899 2468 2938 sum
2501 2885 2762 2940 Dominus
2793 2889 2933 2943 Deus
2968 2898 3114 2955 tuus,
3151 2892 3354 2948 zelotes
3380 2893 3442 2948 ’?
3477 2913 3496 2946 ι

2679 2968 2908 3025 CAPUT
2946 2973 2986 3025 l.

2529 3037 2605 3095 De
2635 3039 2744 3094 Deo
2773 3055 2878 3093 uno
2905 3055 2950 3095 et
2985 3045 3144 3100 trino.

1960 3149 2004 3208 ο
2111 3137 2340 3195 Cumsr.
2374 3135 2488 3192 Hac
2513 3137 2786 3204 doctrina,
2816 3152 2848 3193 ο
2871 3135 3039 3193 Judaei
3072 3138 3170 3209 (6),
3204 3146 3372 3192 totum
3408 3139 3617 3194 theolo-

2035 3230 2136 3302 giae
2191 3245 2448 3284 arcanum
2503 3229 2824 3285 absolvitur.
2877 3228 2982 3284 Sed
3035 3230 3314 3285 enimvero
3361 3227 3618 3286 Ecclesiae

2034 3332 2234 3378 nostra
2285 3323 2560 3387 doctores,
2598 3332 2711 3376 tum
2762 3320 2963 3390 lingua,
3003 3331 3110 3374 tum
3159 3333 3340 3376 mente
3393 3323 3615 3377 horrere

2035 3423 2134 3464 nos
2165 3409 2381 3474 docent,
2415 3410 2460 3464 si
2497 3410 2713 3479 quando
2744 3408 2810 3463 de
2845 3407 2956 3464 Deo
2987 3409 3190 3479 aliquid
3223 3409 3372 3464 effari
3407 3413 3611 3466 audea-

2034 3515 2178 3556 mus.
2215 3499 2349 3555 Nam
2394 3501 2495 3556 etsi
2540 3511 2885 3580 cunctorum,
2923 3516 3042 3571 quae
3086 3503 3185 3557 sub
3228 3505 3364 3558 coelo
3403 3516 3608 3569 creata.

2034 3594 2479 3664 augustissimum
2515 3594 2680 3650 homo
2713 3603 2827 3660 est;
2872 3604 2927 3649 at
2962 3597 3190 3650 nimium
3231 3613 3392 3667 quam
3438 3599 3614 3665 impar

2032 3692 2116 3740 est
2142 3686 2336 3740 divinae
2364 3686 2468 3741 luci
2496 3685 2946 3756 contemplandas.
2977 3687 3194 3742 Scilicet
3219 3698 3431 3741 terrena
3458 3703 3609 3754 caro,

2033 3779 2084 3832 iu
2137 3779 2464 3849 humumque
2510 3778 2750 3844 devexa,
2785 3793 2907 3847 qua!
2961 3793 3060 3848 pro
3108 3779 3355 3833 materia:
3401 3780 3610 3846 studio,

2032 3871 2218 3925 mundi
2255 3885 2319 3925 se
2346 3869 2582 3938 negetiis
2617 3871 2837 3934 miscet,
2868 3880 2921 3924 et
2953 3870 3171 3924 assidue
3210 3871 3277 3925 iis
3305 3886 3427 3940 quae.
3456 3873 3616 3925 deor-

2031 3977 2150 4017 sum
2190 3969 2340 4026 sunt,
2367 3964 2675 4016 consuescit
2709 3976 2772 4015 ac
2811 3962 3134 4025 delectatur,
3164 3977 3306 4031 aegre
3350 3964 3402 4015 in
3444 3963 3613 4016 subli-

2031 4056 2199 4108 mium
2235 4069 2421 4108 curam
2457 4053 2721 4109 incumbit
2755 4072 2769 4108 :
2805 4061 2967 4122 atque
3001 4063 3060 4108 ut
3095 4055 3234 4108 inter
3270 4055 3521 4111 llebracos
3553 4064 3611 4110 et

2028 4146 2318 4218 Egyptios
2360 4146 2530 4202 nubes
2573 4155 2831 4218 tanquam
2877 4163 3063 4203 murus
3108 4147 3506 4214 intercedebat,
3538 4148 3609 4202 ita

2029 4238 2288 4294 nimirum
2333 4252 2596 4307 corporea
2641 4238 2756 4293 haec
2801 4239 2974 4311 caligo
3019 4240 3162 4294 inter
3198 4239 3364 4294 Deum
3409 4255 3472 4293 ac
3511 4254 3610 4294 nos

2031 4331 2204 4386 media
2236 4330 2513 4385 interstat.
2542 4329 2674 4384 Eam
2705 4331 2774 4386 ob
2807 4346 2942 4395 rem,
2974 4331 3187 4401 opinor,
3218 4332 3382 4387 etiam
3420 4331 3606 4397 David,

2029 4437 2169 4477 unus
2198 4436 2228 4476 e
2259 4421 2555 4492 majoribus
2585 4421 2810 4488 Christi,
2842 4421 3051 4476 homini
3087 4423 3370 4490 praecinuit
3399 4441 3413 4477 :
3451 4441 3470 4474 ι
3509 4423 3612 4478 Ρο-

2027 4512 2134 4565 suit
2182 4511 2435 4564 tenebras
2478 4509 2756 4565 latibulum
2804 4526 2960 4564 suum
2981 4510 3047 4564 ⁸ο,
3084 4527 3104 4561 ι
3158 4511 3444 4578 Stuporem
3487 4512 3612 4564 hinc

2029 4611 2272 4655 nostrum
2309 4600 2615 4669 declarans,
2648 4603 2717 4655 oh
2751 4615 2910 4669 quem
2953 4600 3110 4669 pauci
3146 4600 3258 4666 vix,
3289 4599 3372 4652 vel
3418 4616 3605 4666 parum

2027 4693 2309 4763 superiora
2353 4694 2679 4762 suspiciunt.
2717 4692 2786 4746 Et
2821 4693 3042 4762 quinam
3092 4691 3204 4745 illi?
3247 4691 3457 4756 Quibus
3500 4706 3606 4744 non

2026 4797 2253 4852 corpora
2279 4784 2644 4838 maceratione
2669 4792 2874 4836 tantum
2905 4781 3218 4851 jejunioth
3242 4789 3489 4850 purgata,
3513 4779 3607 4834 sed

2026 4875 2157 4944 ipsa:
2184 4875 2318 4928 adeo
2344 4884 2552 4929 mentes
2575 4873 2655 4929 sic
2679 4883 3003 4940 comparata:
3026 4881 3171 4938 sunt,
3193 4882 3250 4927 ut
3273 4887 3395 4926 cum
3425 4871 3606 4926 divina

2028 4983 2242 5036 semper
2258 4967 2535 5022 voluntate
2553 4967 2854 5037 conjunctae
2873 4966 2997 5020 sint.
3020 4965 3096 5020 lla
3118 4967 3262 5022 enim
3287 4981 3504 5030 censeo,
3524 4965 3609 5020 di-

2026 5060 2151 5114 vina
2171 5074 2263 5114 eos
2281 5059 2400 5113 luce
2417 5059 2554 5113 allici
2575 5059 2842 5126 vicissim,
2857 5060 2946 5128 qui
2966 5059 3018 5113 id
3038 5060 3183 5130 quod
3206 5062 3257 5114 iu
3278 5060 3410 5130 ipsis
3428 5067 3510 5112 est
3526 5058 3608 5112 di-

2027 5150 2212 5203 vinum
2240 5150 2528 5221 (rationem
2546 5151 2669 5206 dico
2694 5161 2858 5222 atque
2879 5152 3140 5222 mentem)
3161 5152 3252 5208 Dei
3277 5152 3457 5206 studio
3480 5165 3603 5218 pcr-

2030 5242 2281 5309 miscent,
2298 5241 2472 5312 elligie
2492 5245 2558 5299 ad
2586 5245 2961 5316 primigeniunt
2987 5247 3264 5317 exemplar
3287 5261 3344 5302 se
3366 5246 3600 5300 levante.

3399 5401 3489 5449 xx,
3542 5383 3596 5439 5.

511 5585 768 5662 ijazianz.
798 5601 943 5645 orat.
968 5590 1006 5645 2
1039 5591 1115 5646 De
1145 5594 1376 5662 theolog.

409 5655 490 5732 (6)
518 5657 761 5732 Pessima
795 5667 972 5732 tamen
1012 5663 1125 5718 haec
1150 5655 1479 5732 rmetho‘dus.
1510 5679 1630 5732 quae
1664 5682 1692 5720 a
1725 5668 1909 5724 Trini—

337 5729 446 5806 tatc
466 5727 704 5806 incipit;
737 5731 932 5806 quippe
967 5747 1087 5785 cum
1117 5731 1356 5789 Trinitas
1387 5727 1656 5790 difﬁcilius
1691 5739 1910 5806 probari

339 5793 506 5858 possit
538 5835 551 5861 ,
585 5793 636 5853 ct
665 5793 716 5852 in
751 5793 944 5856 Mcééia
974 5811 1219 5858 versatur
1245 5812 1387 5860 totus
1418 5793 1908 5867 controversiarum

2012 5603 2213 5676 cardo,
2251 5606 2394 5662 hunc
2437 5608 2669 5672 venisse,
2705 5603 2907 5662 Judzcis
2944 5619 3072 5662 ante
3119 5607 3298 5662 omnia
3346 5610 3586 5676 proban—

2015 5674 2166 5750 dum.
2197 5675 2324 5731 [mle
2353 5678 2419 5730 ad
2452 5689 2646 5733 czctera
2679 5679 3002 5750 (Ehristiaua:
3036 5678 3313 5750 religionis
3341 5674 3596 5750 dogmata

2017 5741 2228 5802 facilius
2262 5751 2661 5818 progredimur.
2691 5748 2851 5804 Basn.
