4044 6458
419 366 514 429 801

1540 367 1929 432 DIALOGUS
1965 371 2257 436 CONTRA
2300 377 2628 442 JUDJ‘IOS.

3596 380 3705 444 802

420 479 556 533 Nam
596 479 737 548 quod
784 479 952 534 Deum
995 479 1208 536 noverit
1247 479 1564 552 quisquam,
1599 491 1696 536 aut
1735 497 1933 547 nosse,
1971 497 2003 537 a
2029 477 2083 541 Α
2107 484 2274 540 maris
2307 503 2320 541 :
2358 485 2424 540 Et
2455 487 2801 557 praecedebat
2829 488 3098 560 sapientia
3135 487 3443 548 Salomonis
3478 493 3701 564 sapien-

417 587 690 642 qnoquam
736 572 1105 627 testimonium
1158 573 1376 638 tulerit,
1418 574 1682 630 hactenus
1730 575 1910 640 novit,
1950 583 2012 630 ut

418 665 527 719 alio
559 679 664 718 non
708 678 864 733 aque
900 664 1170 720 illustrato
1209 665 1442 721 lucidior
1471 676 1780 736 appareret,
1809 667 2010 737 quippe

417 756 577 812 alteri
629 766 888 825 praestare
938 756 1237 826 perfectum
1279 758 1536 826 quiddam
1584 758 1852 814 creditum
1900 766 2008 825 est,

419 862 530 902 non
583 848 795 918 rcipsa,
827 849 922 904 sed
968 849 1271 904 alie-narum
1323 851 1737 922 comparatione
1783 850 2006 908 virium.

418 937 713 995 Enimvero
739 939 887 996 Enos
921 959 940 993 ι
973 941 1190 996 Primus
1222 942 1300 1013 (7)
1332 943 1500 1012 C(Bpil
1527 943 1781 998 invocare
1811 958 2005 998 nomen

419 1031 633 1086 Domini
655 1032 737 1098 “;
773 1050 792 1083 ι
823 1033 967 1101 quod
997 1033 1116 1102 ejus
1145 1033 1384 1088 studium
1409 1033 1651 1104 aequales
1688 1052 1708 1086 ι
1744 1035 1834 1089 Dei
1867 1035 2009 1090 noti-

419 1121 548 1178 tiam
602 1141 622 1175 ι
673 1124 882 1178 dixere.
915 1123 980 1178 Et
1024 1124 1245 1178 merito.
1278 1125 1382 1191 Qui
1424 1126 1569 1180 enim
1615 1126 1808 1196 possis,
1840 1141 2003 1196 quem

414 1216 635 1285 ignoras
674 1219 727 1270 in
770 1226 894 1271 vota
937 1227 1023 1270 tua
1068 1218 1542 1283 vocare?-Enoch,
1575 1219 1664 1287 qui
1708 1219 2005 1274 translatus

409 1306 612 1371 fuerat,
647 1309 914 1362 incertum
942 1325 1008 1362 an
1041 1307 1208 1364 Deum
1225 1311 1545 1380 praescierit.
1573 1309 1705 1377 Noe,
1738 1311 2004 1382 acceptis-

407 1402 580 1455 simus
604 1399 737 1466 Deo,
761 1403 983 1471 sospitaa
1008 1403 1199 1471 peritia
1226 1419 1368 1458 arcae
1389 1404 1623 1460 donatur
1639 1405 1704 1458 “.
1723 1405 1999 1460 Abraham

409 1491 501 1546 ille
535 1508 765 1564 magnus
793 1509 864 1548 ex
895 1493 1002 1550 lide
1029 1493 1385 1563 juslilicatus,
1414 1498 1754 1568 peregrinam
1790 1497 2002 1568 jugulat

415 1583 674 1652 hostiam,
708 1586 760 1640 itt
802 1596 986 1659 typum
1023 1587 1116 1642 Dei
1156 1598 1377 1660 propter
1413 1603 1513 1645 nos
1551 1589 1908 1646 interficiendi
1931 1591 1994 1646 “.

406 1677 482 1731 At
525 1692 632 1733 non
685 1677 856 1734 Deum
910 1689 969 1734 ut
1020 1679 1189 1735 Deum
1236 1682 1550 1752 conspexit,
1591 1683 1687 1738 sed
1739 1693 1996 1754 tanquam

409 1769 686 1825 hominem
737 1772 913 1843 epulis
958 1774 1201 1844 accepit,
1253 1774 1616 1846 laudatusque
1663 1775 1768 1831 fuit
1851 1779 1996 1848 quod

2117 577 2248 630 tiam
2287 579 2528 634 omnittm
2569 577 2925 636 Orientalium
2963 589 3019 637 et
3051 581 3456 654 Egyptiorum,
3483 594 3540 640 et
3574 593 3696 640 erat

2113 669 2414 737 sapientior
2447 671 2661 727 cunctis
2703 671 3021 728 hominibus
3038 675 3118 742 '°;
3163 693 3184 727 ι
3224 691 3332 745 quo
3365 677 3530 732 altius
3563 692 3698 749 pro-

2112 759 2279 813 funda
2311 770 2579 831 penetrat,
2611 776 2678 818 eo
2709 763 2924 819 haesitat
2953 767 3150 836 magis.
3184 767 3455 837 ﬁnemque
3483 771 3699 839 sapien-

2093 851 2200 923 tiae
2234 852 2444 918 statuit,
2473 853 2662 908 conari
2695 854 2965 918 invenire,
2993 866 3254 924 quantum
3281 857 3552 930 effugerit.

2182 942 2371 1009 David,
2410 965 2430 997 ‹
2465 945 2548 999 vir
2572 946 2871 1002 secundum
2903 961 2997 1001 cor
3034 945 3128 1000 Dei
3153 949 3220 1015 ²¹,
3251 967 3270 1000 ι
3307 949 3575 1004 interdum
3601 952 3696 1021 ju-

2107 1034 2251 1090 dicia
2288 1039 2380 1091 Dei
2412 1055 2431 1088 ι
2463 1040 2718 1108 abyssum
2747 1039 2968 1093 multam
2995 1041 3070 1092 ἐι
3107 1041 3368 1095 nominat.
3401 1043 3544 1098 Alibi
3595 1046 3692 1110 ait,

2113 1127 2402 1183 «Mirabilis
2425 1129 2565 1183 facta
2595 1138 2681 1186 est
2701 1129 2932 1186 scientia
2964 1140 3054 1184 tua
3083 1146 3149 1185 ex
3175 1131 3552 1202 seipsa"(8).i
3579 1132 3695 1188 Mo-

2105 1234 2216 1285 ses,
2239 1229 2419 1274 vatum
2440 1221 2530 1276 ille
2551 1231 2757 1286 vertex,
2776 1222 2932 1292 quiet
2947 1221 3056 1278 Deo
3085 1222 3305 1287 charus,
3332 1239 3546 1294 prazque
3572 1241 3693 1280 om-

2105 1311 2264 1365 nibus
2325 1325 2423 1366 sua
2479 1319 2803 1382 tempestate
2850 1311 3108 1379 celebris,
3157 1321 3281 1382 post
3327 1312 3690 1382 quadraginta

2103 1403 2313 1457 dierum
2363 1403 2571 1472 piacula
2620 1418 2686 1458 ac
2735 1402 3135 1468 lustrationem,
3184 1403 3498 1473 caliginem,
3539 1406 3684 1460 toni-

2105 1503 2246 1558 trua,
2271 1502 2436 1562 atque
2459 1494 2639 1561 tubas,
2672 1495 2761 1549 vix
2799 1495 3097 1566 posteriora
3130 1497 3328 1552 intueri
3355 1495 3449 1552 Dei
3475 1499 3690 1567 potuit:

2100 1587 2215 1640 sive
2246 1600 2308 1640 ea
2341 1585 2652 1642 molitiones
2683 1597 2740 1642 et
2782 1587 2998 1658 opiﬁcia
3047 1589 3138 1644 Dei
3168 1604 3424 1656 censeas,
3468 1605 3563 1646 seu
3606 1591 3694 1646 in-

2100 1679 2473 1734 carnationem
2511 1678 2671 1735 Verbi
2696 1689 2863 1751 atque
2900 1679 3020 1735 Filii
3063 1680 3184 1750 ejus
3218 1683 3369 1738 dicas
3400 1722 3416 1748 ,
3447 1683 3517 1738 ob
3545 1698 3693 1736 mur-

2103 1770 2287 1824 talium
2319 1771 2551 1826 salutem
2573 1773 2867 1842 postremis
2890 1773 3221 1842 temporibus
3245 1774 3503 1830 inetl‘abili
3533 1776 3694 1830 modo

405 1877 531 1918 eum
561 1875 828 1934 quantum
867 1875 1188 1937 perceperat
1239 1868 1520 1924 coluisset.
1549 1867 1724 1925 Jacob
1791 1871 1993 1926 scalam
2028 1838 2072 1898 Β
2101 1865 2526 1932 procuranda“).
2580 1863 2847 1919 Cailel'um
2900 1880 3078 1935 neque
3116 1866 3193 1932 ὶιῖ,
3235 1880 3412 1936 neque
3463 1867 3548 1922 his
3596 1881 3696 1936 l'al‘

404 1963 462 2008 et
505 1956 866 2011 ascendentes
914 1971 1011 2027 per
1055 1972 1175 2013 eam
1227 1968 1282 2013 et
1325 1960 1722 2016 descendentes
1771 1962 1995 2031 angelos

406 2053 611 2115 tuetur,
648 2049 882 2118 lapidem
931 2058 1175 2105 erectum
1222 2051 1276 2106 in
1331 2051 1546 2107 titulum
1594 2053 1716 2109 oleo
1758 2054 1995 2124 perfudit

407 2142 673 2212 mystice,
705 2142 938 2198 fortasse
963 2143 1056 2213 qui
1092 2152 1275 2200 nostra
1304 2159 1469 2200 causa
1501 2154 1724 2200 unctum
1757 2147 1991 2215 lapidem

403 2244 651 2302 notaret;
684 2243 739 2288 et
763 2232 881 2289 loco
905 2235 1140 2304 cuipiam
1172 2251 1202 2290 a
1234 2234 1448 2291 Visione
1481 2235 1579 2292 Dei
1604 2253 1803 2294 nomen
1833 2240 1990 2307 indit,

404 2331 472 2382 ad
499 2327 756 2382 honorem
791 2327 964 2396 ipsius
990 2326 1127 2392 Visi,
1154 2344 1276 2384 cum
1307 2330 1416 2385 Deo
1446 2332 1594 2387 velut
1619 2348 1742 2387 cum
1772 2333 1992 2389 homine

405 2416 794 2472 colluctatur“
826 2417 1186 2489 (quaecunque
1234 2421 1454 2475 tandem
1500 2421 1595 2476 Dei
1642 2437 1763 2477 cum
1813 2422 1990 2478 horai-

404 2511 562 2566 nibus
597 2511 736 2566 lucta
779 2523 885 2566 est.
921 2515 1000 2566 An
1050 2512 1296 2568 humanae
1335 2512 1564 2570 forsitan
1607 2515 1824 2572 virtutis
1865 2534 1988 2572 cum

407 2603 591 2657 divina
645 2603 994 2674 coittentio?)
1051 2603 1208 2660 lucta;
1258 2606 1312 2659 in
1361 2621 1592 2676 corpore
1641 2620 1990 2665 monumenta

408 2692 534 2758 fert,
569 2709 688 2763 qua:
735 2694 1026 2763 genitalem
1071 2697 1266 2751 victam
1319 2707 1570 2762 naturam
1623 2699 1989 2770 designarent,

407 2785 645 2841 nominis
685 2787 1172 2842 commutationem
1222 2789 1439 2857 pietatis
1479 2791 1762 2860 praentium
1807 2793 1987 2863 capit,

404 2893 506 2948 pro
547 2877 748 2934 Jacoho
797 2879 964 2935 Israel
1009 2881 1440 2948 nuncupatus”,
1474 2889 1702 2951 augusta
1754 2897 1888 2938 sane
1934 2893 1990 2940 et

406 2971 603 3027 illustri
649 2972 1088 3027 nomenclatura.
1119 2971 1391 3028 Caeterum
1436 2973 1531 3029 Dei
1584 2983 1863 3042 naturam,
1894 2987 1992 3034 aut

405 3075 752 3133 conspectum
801 3063 1030 3133 cepisse,
1064 3077 1165 3120 nec
1208 3064 1323 3133 ipse
1363 3065 1477 3130 ille,
1513 3082 1614 3123 nec
1654 3083 1818 3139 supra
1860 3083 1987 3124 eum

403 3155 686 3226 quisquam
718 3154 988 3222 hodieque
1020 3168 1187 3209 ausus
1218 3164 1298 3209 est
1321 3153 1556 3223 jactare.

477 3245 644 3300 Eliam
682 3261 813 3299 aura
855 3247 1102 3316 quaedam
1145 3246 1306 3312 lenis,
1341 3257 1398 3302 et
1437 3248 1594 3320 ignea
1634 3250 1895 3322 quadriga
1933 3252 1987 3307 in

404 3336 598 3393 caelum
645 3336 924 3403 subducit,
959 3336 1225 3407 majorem
1272 3338 1496 3394 homine
1529 3341 1736 3409 justum
1778 3343 1987 3412 signiti-

404 3427 622 3482 Cans“.
667 3427 903 3492 Manue,
951 3427 1043 3497 qui
1094 3429 1405 3498 apparentia
1451 3431 1697 3486 obtutum
1744 3433 1836 3488 Dei
1883 3448 1988 3488 non

403 3516 609 3574 ferret:
647 3538 664 3572 ι
698 3518 846 3573 Dixit
871 3519 936 3574 ad
968 3535 1193 3574 uxorem
1227 3535 1386 3575 suam
1422 3539 1438 3576 :
1471 3521 1642 3577 Morte
1671 3525 1989 3591 moriemur,

402 3611 527 3678 quia
569 3610 800 3665 vidimus
847 3609 1134 3665 Dominum
1157 3611 1223 3666 ".
1267 3630 1287 3665 ι
1337 3611 1524 3682 Neque
1564 3616 1707 3669 enim
1752 3617 1988 3672 divinam

403 3703 577 3758 solum
626 3711 871 3757 naturam
916 3717 1109 3773 capere
1157 3705 1467 3761 humanitas
1511 3723 1616 3762 non
1664 3717 1860 3776 potest,
1893 3710 1988 3765 sed

402 3810 503 3850 nec
539 3795 898 3865 splendorem‘
935 3796 1133 3865 ipsum.
1168 3794 1334 3852 Isaias
1356 3798 1396 3829 ¹⁸
1425 3808 1480 3854 et
1521 3799 1836 3855 Ezechiel"
1867 3817 1987 3856 ma-

403 3904 627 3958 gnarum
665 3904 844 3942 rerum
881 3898 1215 3958 spectatores
1256 3905 1272 3944 :
1320 3889 1412 3946 ltle
1453 3892 1596 3947 enim
1646 3894 1883 3949 Sabaoth
1933 3896 1986 3949 in

404 3979 708 4050 majestatis
756 3981 949 4035 divina;
996 3981 1133 4036 solio
1181 3983 1345 4049 videt,
1382 3983 1710 4053 stipantibus
1755 4001 1901 4052 eum,
1934 3997 1990 4043 et

399 4073 834 4128 collaudantibus
867 4089 930 4129 ac
965 4075 1274 4144 tegentibus
1315 4073 1657 4147 Seraphinis,
1692 4081 1782 4150 qui
1825 4095 1986 4137 senas

399 4167 515 4221 alas
566 4167 864 4234 haberent;
923 4169 1014 4223 ubi
1065 4176 1122 4223 et
1181 4169 1295 4238 ipse
1352 4184 1522 4238 pruna
1585 4171 1872 4241 lustratus,
1920 4174 1989 4229 ad

402 4257 836 4325 propltetatttlum
879 4260 1137 4316 mittitur.
1169 4260 1266 4316 Hic
1300 4277 1428 4317 vero
1462 4274 1518 4318 et
1551 4263 1645 4318 Dei
1683 4267 1985 4321 vehiculum

403 4342 745 4406 Cherubinos
775 4351 1056 4419 describit,
1086 4361 1141 4406 et
1169 4362 1484 4422 superstans
1521 4355 1569 4410 ei
1611 4358 1829 4426 solium,
1861 4360 1990 4415 hoc-

401 4457 507 4512 quc
535 4443 869 4512 superiorem
905 4445 1154 4510 aethram,
1182 4455 1235 4499 et
1264 4446 1355 4515 qui
1391 4447 1442 4501 in
1475 4447 1592 4518 ipsa
1628 4459 1987 4520 repraesenta-

405 4542 572 4600 retur,
607 4544 716 4588 tnm
758 4544 812 4587 et
849 4550 1010 4588 voces
1045 4537 1331 4604 quasdam,
1368 4547 1422 4591 et
1457 4539 1717 4606 impetus,
1751 4556 1814 4596 ac
1859 4541 1983 4596 l'un-

403 4624 628 4678 ctiones.
674 4624 852 4694 Atque
907 4625 1011 4678 ista
1063 4627 1282 4691 omnia,
1319 4641 1412 4681 seu
1465 4627 1666 4684 fuerint
1718 4633 1986 4702 apparitio

401 4720 649 4786 quaedam
702 4720 926 4787 diurna,
974 4720 1326 4789 aspectabilis
1372 4725 1612 4786 sanctis,
1663 4737 1756 4779 seu
1806 4728 1983 4783 visum

405 4820 728 4864 nocturnum
776 4811 1000 4866 minime
1032 4810 1218 4876 fallax,
1255 4827 1352 4866 seu
1393 4812 1652 4884 eﬂigiatio
1691 4816 1743 4870 in
1782 4819 1984 4888 animo,

402 4914 523 4968 qua:
565 4898 748 4954 futura
799 4915 896 4955 ceu
949 4904 1236 4970 praesentia
1293 4914 1669 4974 repraesentat,
1705 4923 1801 4962 seu
1843 4909 1986 4966 aliud

403 5006 661 5048 arcanum
690 4993 987 5063 prophetiae
1018 5009 1209 5073 genus,
1239 4997 1384 5065 quod
1420 4997 1566 5052 solus
1595 5002 1979 5068 prophetarum

405 5082 546 5138 Deus
586 5084 758 5138 novit.
797 5083 1056 5139 Salomon
1104 5085 1287 5157 (verba
1335 5087 1676 5161 Scriptum),
1710 5092 1797 5147 cui
1840 5094 1988 5149 dedit

405 5171 549 5228 Deus
584 5193 604 5227 ι
641 5176 965 5244 sapientiam
997 5187 1053 5231 et
1082 5179 1429 5247 prudentiam
1465 5181 1687 5236 multam
1721 5184 1902 5254 nimis,
1933 5197 1990 5240 et

405 5263 748 5321 latitudinem
785 5267 989 5333 cordis,
1017 5269 1171 5337 quasi
1209 5283 1430 5325 arenam
1457 5285 1578 5341 quae
1609 5285 1693 5330 est
1721 5275 1776 5330 itt
1807 5275 1988 5332 littore

478 5437 522 5470 “
543 5438 677 5494 Gen.
705 5455 781 5504 tv,
800 5438 893 5495 26.

402 5523 466 5571 Il,
507 5509 591 5564 ll.
671 5509 912 5565 "Judic.
940 5527 1056 5571 xm.
1083 5513 1173 5568 22.
1253 5515 1296 5547 ι’
1316 5517 1566 5582 lsa.vr,l

404 5581 451 5612 ³²
477 5580 818 5654 ξἐιειιᾳξιν,
857 5581 907 5634 7.
983 5585 1027 5616 "
1055 5583 1201 5641 Psal.
1233 5601 1466 5654 xxxvm,
1523 5588 1578 5644 6.

404 5665 458 5717 L,
485 5651 539 5706 8.
616 5650 663 5683 ³⁸
691 5651 838 5707 Psal.
867 5665 988 5721 cm,
1029 5655 1083 5710 5.

972 5442 1020 5474 ¹²
1042 5440 1177 5499 Gen.
1202 5459 1362 5500 Vt-tx.
1441 5447 1487 5478 "
1511 5445 1649 5506 Gen.
1677 5464 1817 5512 xxtt,
1845 5449 1929 5504 l3.

477 5808 557 5892 (7)
596 5808 824 5892 §cili£9et
868 5819 1210 5892 posterorum
1259 5812 1485 5892 Adatni,
1520 5828 1642 5892 eum
1693 5815 1869 5876 Caiuii
1919 5818 1988 5874 al)

405 5881 564 5938 unius
594 5881 687 5938 Dei
720 5883 842 5954 Opt.
876 5882 1018 5939 Max.
1053 5884 1312 5955 religione
1341 5885 1726 5945 descivissent.

2015 3207 2062 3271 C

2009 5449 2053 5483 “
2074 5446 2216 5505 Gen.
2239 5461 2433 5509 xxvm,
2462 5443 2552 5504 12.
2577 5443 2666 5498 18.

671 5511 712 5542 ¹⁷
735 5509 912 5586 Judic.
940 5513 1173 5586 χιιι-22.
1253 5515 1296 5547 ι’
1316 5517 1421 5571 lsa.
1445 5533 1518 5582 vr,
1544 5519 1595 5582 l,
1619 5518 1674 5581 2,
1699 5520 1754 5576 6.
1805 5507 1855 5552 ἠ
1879 5520 2075 5575 Ezech.
2106 5535 2160 5586 x,
2185 5519 2211 5571 l
2247 5527 2302 5574 et
2326 5507 2479 5584 seqq.
2537 5515 2580 5546 ²⁰
2606 5514 2672 5568 ιιι
2704 5511 2839 5586 Reg.
2864 5510 3150 5586 tv‘,_‘2‘9-5_l.
3209 5510 3252 5541 ἰ
3282 5508 3385 5586 Aet
3433 5521 3564 5586 Si",
3581 5507 3676 5586 ἓξ.

1653 5589 1701 5622 ³⁸
1724 5590 1898 5648 Exod.
1933 5583 2255 5656 xxxtt-t,'25.
2331 5590 2377 5622 ”
2407 5583 2589 5642 l’Cor.
2627 5599 2749 5652 xm,
2781 5583 2837 5638 9.

2097 1955 2408 2025 quisquam,
2447 1957 2540 2011 Dei
2567 1957 2926 2012 substantiam
2970 1967 3026 2013 et
3065 1958 3356 2014 essentiam
3385 1959 3693 2028 apprehen-

2096 2050 2200 2114 dit,
2221 2060 2278 2104 ut
2300 2051 2562 2119 scriptum
2589 2061 2672 2105 est
2695 2051 2765 2118 “,
2798 2066 2971 2121 neque
2996 2051 3088 2107 Dei
3114 2060 3362 2105 naturam
3415 2054 3694 2120 perspexit

2097 2148 2190 2193 aut
2237 2141 2520 2207 exposuit;
2563 2138 2660 2194 sed
2690 2155 2879 2195 omnes
2927 2139 3126 2195 exinde
3178 2155 3352 2210 uSque
3401 2141 3526 2208 huc,
3565 2159 3585 2193 ι
3621 2157 3690 2196 ex

2095 2240 2248 2300 parte
2278 2241 2630 2301 cognoscunt,
2669 2242 2724 2286 et
2751 2247 2814 2286 ex
2858 2241 3010 2300 parte
3045 2233 3466 2302 prophetarit".
3501 2251 3520 2284 ι
3551 2231 3688 2288 0m-

2095 2338 2194 2377 nes
2225 2337 2376 2386 vero,
2412 2323 2658 2392 inquam,
2697 2323 2801 2378 illis
2823 2323 3015 2394 Spiritu
3051 2339 3231 2394 pares.
3261 2325 3338 2378 Ac
3363 2325 3489 2393 quid
3517 2324 3685 2379 Deum

2094 2417 2163 2470 ab
2192 2414 2376 2485 aliquo
2401 2415 2678 2470 hominum
2720 2416 2894 2471 visum
2928 2416 3143 2471 dicam?
3175 2417 3265 2486 qui
3303 2432 3401 2471 nec
3436 2419 3501 2470 de
3527 2418 3688 2472 rebus

2093 2508 2314 2577 quidem
2352 2508 2586 2562 conditis
2616 2508 2897 2577 explorate
2923 2517 3117 2577 queant
3151 2511 3435 2564 disserere.
3471 2508 3688 2565 Scilicet

2094 2601 2272 2670 tnagni
2357 2599 2576 2656 Davidis
2660 2600 2776 2656 haec
2838 2601 3107 2657 sententia
3156 2609 3284 2657 est:
3345 2619 3364 2654 ι
3417 2603 3683 2670 Quoniam

2093 2704 2222 2749 tunc
2249 2694 2440 2748 videbo
2463 2693 2632 2748 coelos
2658 2703 2801 2758 tuos,
2835 2709 2998 2764 opera
3024 2695 3314 2764 digitorum
3341 2705 3556 2748 tuorum
3576 2698 3679 2748 ὀ.»

2093 2785 2246 2841 Tunc
2273 2804 2288 2842 :
2314 2786 2574 2856 quando?
2599 2786 2736 2842 Cum
2768 2802 2836 2841 ex
2872 2787 2974 2842 hoc
3009 2787 3358 2842 tabernaculo
3375 2801 3682 2853 excessero,

2091 2889 2256 2948 atque
2289 2893 2536 2934 ancrassa
2589 2878 2892 2934 vitlositate
2951 2879 3261 2948 expeditus,
3320 2881 3683 2948 liquidissima

2091 2968 2214 3024 luce
2279 2968 2585 3024 illustratus
2643 2968 2819 3026 luero.
2879 2967 3041 3024 Viutles
3110 2971 3405 3036 ingenuum
3467 2969 3686 3024 vatem?

2090 3062 2269 3133 Atque
2319 3063 2434 3118 haec
2489 3062 2646 3116 inibi.
2699 3061 2818 3117 Alio
2873 3061 2993 3117 loco
3028 3079 3042 3116 :
3077 3080 3094 3112 ι
3137 3061 3368 3125 Incerta,
3404 3063 3601 3132 inquit,
3629 3072 3685 3118 et

2092 3155 2304 3210 occulta
2362 3154 2642 3224 sapientia:
2669 3163 2772 3208 tua:
2825 3153 3183 3209 ttiattifestasti
3225 3155 3446 3208 mihi".
3482 3174 3501 3207 ι
3544 3155 3679 3210 Nam

2097 3247 2340 3319 profecto
2373 3246 2466 3302 Dei
2500 3247 2776 3318 Opiﬁcium
2828 3261 2948 3301 esse
3001 3247 3192 3312 cmlos,
3227 3263 3349 3301 cum
3397 3257 3682 3317 perspecte

2094 3354 2242 3393 nunc
2287 3339 2563 3409 cognitum
2618 3339 2772 3400 vati;
2826 3347 2936 3392 tum
2977 3355 3104 3394 vero
3158 3340 3400 3395 exactius
3452 3342 3680 3409 tenebit,

2093 3447 2219 3488 cum
2256 3442 2308 3487 et
2344 3447 2533 3487 eorum
2566 3431 2676 3486 vim
2705 3445 2769 3485 ac
2802 3439 3074 3496 naturam,
3113 3431 3205 3485 sed
3251 3439 3307 3485 et
3336 3445 3577 3495 causam,
3610 3432 3681 3487 ob

2092 3541 2254 3594 quam
2288 3523 2355 3578 al)
2385 3524 2578 3594 opitice
2619 3523 2727 3578 Deo
2770 3524 3028 3590 instituti,
3063 3533 3318 3579 accurate
3358 3523 3674 3592 persliiciet.

2093 3619 2232 3673 Tum
2263 3617 2406 3672 enim
2442 3631 2550 3670 non
2583 3615 2737 3684 pellis
2771 3615 2942 3670 instar
2991 3626 3249 3672 extensos
3268 3617 3337 3682 ’³,
3375 3616 3466 3671 sed
3495 3633 3677 3672 veram

2092 3721 2306 3766 natura
2356 3709 2478 3780 ejus
2517 3710 2768 3764 notitiam
2812 3718 3201 3777 consequetur.
3253 3710 3406 3776 Quod
3463 3711 3507 3763 si
3546 3711 3678 3764 tanti

2095 3802 2199 3856 viri
2228 3803 2294 3856 de
2334 3802 2496 3855 rebus
2527 3801 2727 3856 creatis
2761 3801 3030 3854 tantillum
3062 3801 3317 3870 quiddam
3370 3802 3422 3856 in
3458 3803 3562 3856 hoc
3599 3812 3682 3857 ta-

2094 3893 2392 3946 bernaculo
2441 3893 2708 3962 agitantes
2751 3901 2879 3951 sunt
2935 3893 3194 3959 assecuti,
3233 3893 3361 3961 quid
3405 3893 3516 3962 jam
3574 3893 3679 3948 mei

2091 3982 2267 4040 instar
2303 3984 2592 4053 quispiam,
2625 3983 2815 4054 plenus
2850 3983 3114 4038 scelerum
3161 3984 3405 4049 maculis,
3444 3985 3682 4053 cogitare

2092 4088 2186 4132 aut
2217 4077 2371 4131 (ἐπεινί
2402 4077 2585 4131 ausit?

2165 4169 2350 4223 Dicam
2384 4177 2564 4222 tamen
2603 4167 2778 4234 vobis,
2809 4183 2930 4238 qua:
2961 4178 3113 4221 certo
3141 4175 3195 4220 et
3231 4167 3435 4235 absque
3460 4175 3682 4220 contro-

2092 4262 2266 4316 versia
2339 4260 2726 4330 prophetarum
2798 4274 2920 4314 esse
2981 4259 3274 4314 credimus.
3354 4259 3677 4328 Expeditatn

2090 4368 2253 4424 porro
2282 4352 2448 4407 faciat
2475 4352 2776 4406 orationem
2819 4365 2848 4403 a
2888 4349 3167 4420 prophetis
3216 4351 3506 4418 praedicata
3557 4349 3677 4403 Tri-

2093 4447 2253 4509 nitas,
2285 4457 2444 4498 verus
2499 4449 2661 4511 atque
2711 4442 2870 4496 unius
2925 4453 3128 4494 natura:
3179 4439 3249 4493 De
3268 4454 3348 4494 us.
3411 4439 3586 4494 Credo
3623 4440 3677 4493 in

2091 4536 2332 4600 Patrem,
2383 4549 2447 4588 ac
2499 4531 2723 4596 Filium,
2757 4541 2812 4586 et
2867 4529 3130 4601 Spiritum
3189 4541 3459 4596 sanctum,
3519 4532 3678 4587 unius

2092 4643 2321 4698 naturae,
2343 4639 2399 4685 et
2429 4627 2718 4682 indivisatn
2747 4625 3103 4693 Trinitatem;
3139 4643 3242 4680 non
3279 4637 3338 4681 ut
3371 4638 3480 4682 tres
3521 4627 3675 4693 deos,
3721 4658 3739 4670 ~

2091 4723 2186 4780 scd
2217 4737 2378 4776 unam
2404 4720 2658 4776 deitatem
2682 4719 2735 4772 in
2770 4719 2942 4774 tribus
2967 4718 3214 4788 personis
3233 4719 3633 4788 agnoscendam
3658 4735 3672 4772 :

2091 4818 2210 4871 sine
2244 4813 2536 4884 principio,
2573 4811 2691 4866 sine
2725 4812 2852 4876 line,
2881 4818 3151 4864 aeternum
3197 4809 3433 4874 Patrem,
3469 4820 3678 4864 natura:

2091 4909 2267 4964 omnis
2301 4905 2668 4975 aspectabilis,
2703 4915 2867 4973 atque
2906 4901 3256 4972 intelligentis
3289 4902 3671 4956 architectum.

2093 4999 2345 5064 Genitum
2375 5012 2440 5050 ex
2473 4994 2632 5049 Patre
2683 4992 2903 5057 Filium,
2935 4994 3089 5061 quasi
3138 4992 3320 5045 lumen
3355 4993 3418 5046 de
3451 4991 3676 5058 lumine,

2095 5091 2264 5146 Deunt
2303 5103 2486 5144 verum
2541 5102 2604 5141 ex
2636 5085 2748 5140 Deo
2802 5101 2950 5139 vero.
2997 5083 3250 5138 Genitum
3298 5098 3402 5137 non
3449 5083 3678 5151 factum,

2096 5181 2504 5245 immortalem,
2589 5175 3152 5242 consubstantialem,
3245 5189 3464 5244 semper
3554 5189 3677 5228 cum

2097 5277 2261 5332 Patre
2286 5273 2598 5343 degentem,
2631 5271 2810 5326 throni
2843 5283 2897 5324 et
2927 5283 3149 5340 operum
3180 5275 3510 5332 consortem,
3531 5280 3681 5321 cont-

2779 5442 2822 5475 ¹⁵
2847 5440 2984 5497 Gen.
3011 5454 3182 5500 xxxtt,
3203 5435 3294 5491 28.
3373 5435 3418 5467 "
3440 5433 3508 5488 IV
3539 5433 3672 5502 Reg.

2911 5583 2958 5614 ²⁶
2988 5578 3135 5636 Psal.
3172 5593 3289 5642 vm,
3319 5576 3376 5631 4.
3454 5576 3497 5607 ’⁷
3526 5576 3675 5634 Peal.

2283 5813 2359 5871 Ex
2406 5812 2666 5870 Nazianz.
2696 5817 2836 5868 orat.
2883 5807 3053 5866 altera
3087 5805 3154 5863 de
3190 5803 3354 5862 theol.
3390 5820 3517 5878 pag.
3559 5805 3674 5862 753

2135 5905 2151 5945 l
2214 5903 2270 5944 ιι.

2135 5903 2270 5945 ιυιιι.
