4044 6472
334 358 440 422 8:)3

1562 352 1991 417 ANDRONICI
2027 355 2371 420 COMNENI

3498 351 3609 418 8M

330 486 632 544 perennem
658 480 714 527 et
748 468 1040 526 inilnitum.
1086 466 1271 525 Credo
1312 466 1582 538 Spiritum
1632 476 1908 532 sanctum,
1946 475 1991 530 Α
2018 486 2139 541 qua:
2185 486 2347 542 supra
2385 469 2553 528 ctelos
2581 477 2727 536 sunt,
2758 468 3012 540 quamvis
3043 476 3235 526 natura
3278 468 3435 526 nobis
3464 484 3610 541 prae-

340 582 448 621 non
493 564 735 635 genitum
796 563 891 617 sed
941 561 1322 632 procedentem
1372 576 1440 617 ex
1473 558 1654 627 Patre,
1684 560 1921 615 consub-

337 656 668 721 stantialem,
706 663 1057 717 coaeternum,
1083 662 1137 707 et
1180 654 1506 709 immensum
1535 668 1549 718 ;
1579 666 1704 706 cum
1746 649 1918 706 Patre

351 760 405 804 et
435 747 573 803 Filio
604 763 711 803 una
740 747 1072 802 adorandum
1104 754 1159 800 et
1184 745 1621 801 collaudandum.

413 841 491 894 Ac
522 840 589 895 de
640 837 891 909 principii
945 846 1167 907 experte
1214 835 1345 902 Deo,
1387 843 1443 890 et
1485 834 1644 890 Patre
1675 834 1776 906 (9),
1814 847 1922 889 non

344 934 518 990 solum
551 949 666 997 vos,
710 943 869 1002 atque
902 947 1063 987 omne
1096 930 1378 986 hominum
1414 945 1586 1001 genus
1614 930 1665 983 in
1705 940 1924 983 senten-

340 1029 476 1081 tiam
501 1026 619 1092 ibit,
644 1027 736 1081 sed
770 1026 883 1094 ipsa
914 1025 1077 1078 etiam
1110 1032 1399 1087 natura,ac
1429 1032 1634 1077 naturae
1666 1021 1923 1091 magistra

340 1117 451 1172 lex.
478 1118 603 1183 Quo
627 1116 770 1171 enim
801 1117 962 1170 modo
996 1124 1091 1170 aut
1118 1115 1417 1170 exstitisset
1444 1113 1558 1168 haec
1591 1128 1769 1168 rerum
1807 1112 1919 1167 uni-

344 1208 733 1276 versitas,_aut
788 1214 1084 1266 constaret,
1130 1203 1232 1259 nisi
1276 1203 1458 1257 omnia
1497 1201 1639 1258 Deus
1681 1210 1737 1257 et
1794 1217 1923 1272 pro-

344 1301 623 1364 duxisset,
670 1308 727 1354 et
770 1298 1059 1353 tueretur?
1103 1295 1290 1366 Neque
1337 1296 1482 1351 enim
1528 1296 1619 1366 qui
1659 1296 1924 1349 citharam

345 1388 710 1457 pulcherrime
744 1388 1085 1452 instructam,
1116 1397 1172 1440 et
1204 1386 1551 1456 undiqnaque
1583 1385 1927 1456 aptissimam

344 1477 521 1531 cernit
549 1486 643 1531 aut
672 1476 1034 1532 citliartndum
1061 1476 1237 1540 audit,
1267 1475 1410 1530 aliud
1441 1475 1768 1545 cogitatione
1792 1488 1920 1528 ver-

345 1568 510 1635 sabit,
545 1583 706 1638 quam
736 1567 963 1621 citharae
995 1576 1296 1632 auctorem,
1338 1580 1401 1621 ac
1428 1566 1788 1621 cithartedum
1815 1581 1830 1630 ;
1859 1564 1927 1618 ad

342 1672 613 1728 eumque,
650 1656 761 1713 "etsi
809 1658 1046 1712 nondum
1096 1655 1271 1711 oculis
1322 1662 1713 1726 conspectum,
1749 1662 1929 1711 mente

344 1748 602 1805 avolaliit.

971 1857 1201 1915 CAPUT
1239 1857 1306 1914 ﬂ.

614 1969 922 2025 Animantia
958 1980 1247 2041 agnoscunt
1272 1974 1433 2026 etiam
1460 1971 1648 2026 Deum.

416 2104 523 2160 Sed
546 2106 672 2174 quid
698 2114 880 2162 autem
908 2106 1192 2172 mortales,
1214 2117 1268 2161 et
1295 2105 1610 2162 universum
1646 2105 1749 2161 hoc
1766 2120 1928 2162 omne

346 2196 645 2252 recenseo?
681 2197 897 2267 quando
926 2197 1055 2267 ipsa:
1087 2197 1252 2252 etiam
1291 2206 1578 2255 terrestres
1605 2197 1732 2253 ferae
1771 2198 1929 2267 opili-

345 2303 463 2343 cem
509 2297 832 2360 agnoscunt,
869 2296 925 2343 et
963 2288 1083 2358 ejus
1120 2296 1381 2359 perpetuo
1413 2288 1658 2359 indigent
1695 2288 1930 2344 admini-

347 2379 492 2448 culo,
524 2379 600 2434 ita
632 2381 777 2435 enim
810 2388 864 2436 et
919 2380 987 2436 de
1032 2379 1135 2436 boc
1181 2380 1372 2435 scribit
1420 2378 1587 2435 David
1617 2396 1635 2433 :
1690 2397 1709 2431 ι
1749 2379 1928 2434 Catuli

348 2475 561 2529 leonum
586 2473 883 2542 rugientes,
905 2481 963 2526 ut
987 2471 1202 2541 rapiant
1225 2481 1279 2527 et
1300 2480 1547 2541 quaerant
1572 2488 1601 2527 a
1624 2472 1732 2526 Deo
1753 2486 1929 2527 escam

349 2567 451 2621 sibi
469 2566 537 2619 ”.
566 2584 585 2616 ι
622 2563 688 2625 Et
729 2564 869 2619 idem
911 2564 1036 2619 alibi
1068 2580 1083 2619 :
1123 2582 1142 2616 ι
1179 2564 1280 2631 Qui
1330 2565 1420 2619 dat
1459 2564 1723 2635 jumentis
1755 2579 1931 2620 escam

354 2656 631 2723 ipsorum;
667 2663 720 2707 et
748 2654 911 2724 pullis
956 2668 1243 2709 corvorum
1279 2653 1655 2710 invocantibus
1690 2655 1929 2710 euni'°.i

352 2745 494 2811 Quid
540 2743 700 2813 igitttr
753 2744 819 2799 de
866 2743 976 2800 Deo
1019 2752 1073 2798 et
1122 2743 1283 2798 Patre
1336 2743 1453 2798 bmc
1499 2741 1811 2799 suﬁiciunt?
1851 2745 1933 2798 An

354 2836 573 2908 ingenio
604 2837 737 2893 estis
763 2836 927 2891 etiam
955 2836 1145 2892 bardis
1169 2836 1359 2893 bestiis
1393 2836 1648 2893 bardiore
1666 2836 1713 2917 ἲ,

961 2967 1192 3024 CAPUT
1230 2965 1319 3022 ΙΙΙ.

866 3079 1003 3135 Deus
1036 3078 1202 3134 Pater
1231 3080 1429 3151 genuit.

420 3194 544 3250 Jun.
597 3191 739 3249 Nihil
770 3193 859 3248 hic
886 3192 1230 3264 ambigitnus,
1280 3192 1374 3248 sed
1404 3192 1723 3264 genueritne
1769 3190 1933 3262 Deus,

355 3287 685 3342 dubitamus.

431 3379 659 3435 Canis'r.
711 3376 959 3443 Utinam,
1015 3375 1210 3443 Judaei,
1260 3376 1427 3448 hujus
1477 3378 1644 3434 vestri
1694 3380 1933 3452 scrupuli

357 3483 541 3533 causa,
574 3466 733 3522 hodie
779 3466 833 3520 in
864 3466 1008 3521 Vivis
1041 3476 1184 3523 esset
1215 3466 1446 3537 Moyses.
1483 3466 1582 3523 Vix
1622 3468 1791 3535 enim,
1812 3469 1934 3540 opi-

355 3574 479 3623 nor,
514 3558 597 3614 vel
630 3558 721 3614 ilie
751 3556 905 3613 vobis
933 3558 1206 3613 silentium
1239 3559 1565 3629 imponeret.

425 3650 550 3705 Jun.
587 3650 690 3706 Ubi
721 3666 851 3705 vero
882 3651 1002 3721 ejus
1032 3661 1241 3707 constat
1270 3653 1455 3710 Mosen
1482 3654 1834 3713 meminisse?

431 3741 648 3797 Cnmsr.
679 3739 1073 3796 Circumcidite
1102 3743 1283 3808 modo,
1317 3743 1559 3813 inquam,
1595 3759 1712 3811 cor,
1738 3744 1790 3801 id
1833 3752 1938 3814 est,

358 3833 712 3888 immodicum
746 3832 846 3887 hoc
877 3832 1229 3901 supercilium
1270 3850 1333 3890 ex
1384 3834 1580 3891 animis
1612 3836 1811 3892 vestris
1841 3837 1939 3893 de-

358 3924 579 3994 ponite;
615 3937 716 3978 nec
744 3922 926 3978 Mosen
952 3921 1127 3977 solum
1164 3924 1473 3989 invenietis,
1500 3926 1595 3983 sed
1627 3926 1759 3984 alios
1777 3930 1938 3985 etiam

358 4015 561 4069 multos
587 4015 903 4085 prophetas,
924 4031 1029 4070 non
1058 4023 1265 4070 tantum
1293 4017 1625 4085 meminisse,
1649 4019 1743 4075 sed
1764 4020 1938 4091 palam

358 4107 497 4161 adeo
543 4106 797 4161 clamare.
853 4105 1013 4171 Nam,
1066 4106 1119 4160 in
1167 4104 1262 4161 Dei
1307 4105 1546 4177 opiﬁcio,
1588 4109 1664 4164 ait
1720 4109 1939 4167 Moses:

364 4215 387 4250 ι
425 4195 714 4252 Faciamus
769 4197 1039 4252 hominem
1072 4198 1138 4251 ad
1182 4195 1470 4267 imaginem
1516 4208 1570 4255 et
1632 4201 1943 4259 similitudi-

364 4308 484 4346 nem
527 4292 896 4348 nostram“.i
954 4291 1018 4347 Et
1060 4302 1183 4362 post
1232 4307 1403 4362 pauca
1452 4308 1469 4350 :
1525 4311 1545 4347 ι
1583 4293 1724 4351 Ecce
1770 4297 1941 4353 Adam

356 4381 519 4456 .qnasi
549 4398 687 4437 unus
724 4398 788 4437 ex
816 4384 971 4438 nobis
998 4381 1174 4439 factus
1203 4397 1285 4441 est
1304 4385 1402 4440 ³⁸.»
1435 4385 1501 4441 Et
1547 4386 1600 4441 in
1641 4386 1941 4459 linguarum

352 4474 614 4536 .dissidio,
649 4474 727 4528 ait
756 4475 899 4530 Deus
931 4491 947 4529 :
982 4494 1000 4527 ι
1034 4473 1251 4543 Venite,
1284 4479 1693 4544 descendamus,
1720 4487 1774 4535 et
1810 4495 1943 4535 con-

362 4564 655 4619 fundamus
681 4565 753 4619 ibi
781 4564 1020 4635 linguam
1051 4579 1238 4621 eorum
1259 4569 1359 4622 ³³.»
1391 4566 1747 4636 Quaerendum
1779 4570 1946 4641 igitur

359 4663 474 4719 est,
509 4669 740 4723 quocum
781 4671 808 4708 a
838 4671 896 4711 se
924 4668 1107 4712 creato
1142 4658 1427 4714 consilium
1463 4660 1799 4717 conferebat.

438 4742 561 4799 Jun.
589 4744 723 4798 Cum
754 4748 961 4815 angelis
1013 4749 1320 4819 opinamur.

429 4834 659 4890 CHRIST.
691 4836 893 4892 Amens
917 4851 978 4890 ea
1011 4849 1065 4891 et
1098 4838 1253 4908 plane
1290 4840 1521 4895 absurda
1549 4852 1633 4896 est
1688 4843 1950 4913 Opinatio.

366 4926 502 4991 Quis
531 4926 675 4979 enim
727 4925 920 4995 ligulus
946 4942 1068 4982 cum
1119 4927 1268 4983 ﬁctili
1314 4945 1441 4985 vase
1470 4946 1773 4987 sermonem
1817 4948 1947 4989 con-

372 5015 519 5071 fert?
548 5017 681 5084 Quis
729 5018 896 5082 faber,
931 5034 1000 5073 ne
1039 5021 1258 5092 longum
1294 5022 1510 5086 faciam,
1555 5037 1676 5077 cum
1712 5024 1856 5079 ferro
1884 5027 1952 5082 dc

366 5126 439 5165 eo
482 5112 834 5181 procudendo
883 5120 937 5167 et
976 5114 1286 5182 apparando
1318 5114 1678 5184 colloquitur?
1728 5125 1780 5171 et
1824 5129 1952 5173 sunt

374 5215 555 5259 tamen
601 5206 777 5275 magis
802 5204 1120 5273 conjuncta,
1156 5215 1210 5260 et
1260 5216 1468 5261 natura:
1520 5216 1718 5262 nostra:
1745 5208 1945 5275 aﬂinia,

374 5308 497 5362 quae
521 5310 616 5350 nos
651 5293 1003 5361 fabricantur,
1034 5303 1222 5365 utpote
1251 5309 1318 5349 ex
1346 5297 1532 5350 eodem
1562 5296 1698 5361 luto,
1728 5297 1948 5353 iisdem-

377 5401 484 5456 que
505 5387 789 5469 eleinentis
818 5390 1139 5444 constituta.
1169 5388 1425 5446 Caelestis
1451 5398 1629 5443 autem
1659 5401 1872 5456 cuncta,
1892 5400 1949 5446 et

1971 4533 2026 4594 D

2022 574 2191 628 stent,
2211 564 2541 635 propiusque
2568 578 2600 619 a
2627 564 2735 619 Deo
2755 564 2968 628 absint;
3001 562 3217 632 longius
3235 572 3415 619 tamen
3434 565 3614 620 adhuc

2022 657 2190 710 etiam
2220 655 2335 726 ipsa
2368 656 2572 710 distant
2599 669 2630 709 a
2662 655 2795 721 Deo,
2827 654 3052 725 ejusque
3097 654 3335 725 perfecta
3361 668 3615 725 compre-

2024 747 2311 813 lteusione,
2342 760 2505 817 quam
2545 761 2742 817 corpus
2789 746 2894 802 hoc
2935 756 3182 801 nostrum
3222 746 3610 815 compositum,

2026 838 2257 905 humile,
2286 850 2448 909 atque
2486 840 2635 895 humi
2663 838 2933 910 deiectum
2962 853 2994 894 a
3026 836 3342 895 coelestibus
3370 837 3475 894 illis
3514 851 3615 893 su—

2028 941 2270 1001 peretur.
2323 933 2504 998 Quare
2559 932 2781 986 dubium
2829 946 2938 986 non
2983 937 3088 995 est,
3118 930 3250 1000 quin
3289 945 3414 985 cum
3458 930 3613 986 socio

2027 1022 2253 1091 opiﬁcii,
2286 1023 2423 1078 Filio
2439 1037 2631 1094 nempe
2669 1038 2790 1090 suo,
2823 1023 2964 1079 hunc
2984 1024 3064 1095 (ut
3096 1023 3167 1077 ita
3200 1020 3399 1092 dicam)
3425 1021 3615 1076 archi-

2033 1115 2360 1170 tectonicum
2416 1115 2486 1170 de
2507 1114 2783 1170 creatione
2812 1127 3122 1170 sermonem
3149 1112 3445 1169 contulerit
3469 1110 3615 1168 Deus

2027 1204 2213 1262 Pater.

2103 1320 2227 1378 Jun.
2255 1321 2420 1376 Deum
2439 1320 2863 1390 quidemverum
2917 1328 3290 1375 creaturarum
3323 1333 3458 1389 quas
3479 1332 3619 1374 con-

2033 1412 2170 1468 didit
2228 1427 2333 1483 ope
2367 1427 2430 1467 ac
2466 1413 2688 1467 consilio
2719 1428 2823 1467 non
2853 1412 3115 1483 indigere,
3140 1411 3330 1465 damus
3358 1420 3413 1466 et
3442 1410 3618 1465 conﬁ~

2035 1512 2234 1568 temur,
2275 1516 2369 1556 seu
2439 1501 2864 1570 intelligentem,
2903 1514 2999 1555 seu
3058 1499 3312 1555 sensilem
3357 1509 3612 1554 naturam

2035 1596 2206 1650 dicas.
2237 1593 2346 1649 Deo
2388 1609 2509 1650 esse
2551 1592 2770 1659 Filium,
2806 1592 3282 1662 generationemve
3311 1591 3388 1645 illi
3416 1600 3618 1647 Conve-

2037 1686 2175 1749 nire,
2238 1686 2413 1742 Moses
2459 1687 2525 1740 ad
2587 1700 2686 1741 nos
2738 1685 2880 1740 haud
2932 1683 3217 1754 prodidit;
3266 1683 3360 1739 sed
3393 1702 3407 1739 :
3444 1701 3464 1735 ι
3502 1681 3619 1753 Ego

2036 1792 2155 1831 sum
2178 1776 2442 1831 Dominus
2474 1775 2617 1830 Deus
2647 1785 2771 1828 tuus
2794 1774 2893 1828 “.i
2934 1774 3002 1829 Et
3030 1792 3042 1827 :
3075 1791 3094 1825 ι
3131 1771 3322 1827 Videte
3348 1769 3490 1840 quod
3514 1785 3620 1840 ego

2026 1866 2127 1922 sim
2155 1867 2327 1931 solus,
2354 1875 2408 1921 et
2440 1881 2545 1920 non
2585 1867 2655 1921 sit
2682 1866 2816 1921 alius
2844 1865 3015 1931 Deus,
3046 1873 3241 1935 praeter
3275 1876 3363 1919 me
3384 1861 3452 1916 ³⁸.
3477 1880 3496 1915 ι
3525 1860 3616 1929 Et,

2031 1955 2204 2026 «,Noli
2234 1958 2458 2013 adorare
2489 1957 2657 2012 Deum
2687 1957 2922 2013 alienum
2942 1956 3010 2012 ³⁸.
3032 1974 3057 2009 ι

2094 2068 2319 2125 (Ξιιιιιιςτ.
2354 2067 2495 2123 “Dixi
2557 2069 2731 2135 vobis,
2795 2067 3153 2136 Judaei,aeg're
3186 2066 3271 2122 vel
3300 2066 3483 2123 Mosen
3517 2076 3617 2122 vo-

2028 2160 2130 2225 bis,
2150 2160 2197 2215 si
2233 2160 2387 2214 vivus
2415 2167 2586 2225 esset,
2615 2160 2888 2215 silentium
2921 2156 3470 2228 impositurum.Nam
3488 2172 3615 2213 cum

2028 2250 2383 2307 exsecrabilis
2410 2252 2508 2318 sit,
2545 2251 2635 2319 qui
2667 2250 2855 2316 alium,
2888 2266 3049 2321 quam
3094 2249 3258 2306 Mosis
3287 2248 3452 2304 Deum
3482 2265 3622 2318 prte-

2031 2341 2214 2407 dicat;
2242 2348 2358 2394 tum
2412 2339 2627 2395 demum
2654 2339 2729 2403 id,
2761 2339 2904 2410 quod
2948 2338 3412 2405 sermocinamini,
3438 2337 3619 2394 locum

2033 2431 2260 2485 haberet
2283 2467 2299 2494 ,
2325 2428 2371 2485 si
2401 2429 2681 2485 dissimilis
2714 2440 2925 2485 natura:
2966 2427 3160 2484 Filium
3194 2430 3618 2501 promulgarem.

2031 2519 2185 2577 Nunc
2212 2536 2337 2578 cum
2371 2520 2611 2591 ejusdem
2641 2532 2845 2576 natura:
2875 2536 2996 2577 cum
3027 2520 3138 2576 Deo
3166 2533 3221 2577 et
3245 2521 3403 2578 Patre
3422 2520 3620 2576 Filium

2035 2611 2234 2676 dicam,
2285 2625 2407 2682 quae
2457 2610 2764 2667 dissensio?
2815 2612 2994 2681 ipsum
3040 2613 3189 2667 enim
3239 2611 3405 2669 Musis
3444 2613 3617 2667 Deum

2036 2703 2386 2769 conﬁtemur,
2414 2702 2631 2759 Patrem
2660 2704 2825 2773 geniti
2852 2702 3010 2772 Filii;
3043 2714 3097 2760 et
3131 2720 3348 2759 rursum
3374 2705 3614 2775 ejusdem

2037 2805 2242 2849 natura:
2263 2794 2454 2850 Filium
2492 2809 2613 2849 cum
2644 2790 2806 2850 Patre
2833 2796 3094 2866 genitam.
3130 2795 3290 2862 Nam,
3322 2797 3618 2853 ctsiMoses

2037 2883 2169 2937 dicit
2205 2899 2219 2936 :
2252 2899 2273 2934 ι
2304 2882 2560 2939 Dominus
2590 2882 2731 2940 Deus
2760 2893 2967 2951 noster,
3002 2884 3140 2941 Deus
3187 2901 3326 2942 unus
3370 2896 3455 2943 est
3483 2889 3553 2955 ³⁷,
3594 2907 3615 2941 ι

2039 2986 2145 3028 non
2172 2973 2521 3044 hypostases,
2553 2974 2648 3029 sed
2680 2983 2929 3030 naturam
2962 2976 3026 3031 iis
3052 2976 3235 3032 verbis
3269 2978 3621 3047 signiﬁcavit;

2040 3079 2203 3119 unam
2232 3066 2437 3121 etenim
2480 3066 2659 3123 Patris
2689 3075 2743 3121 et
2781 3066 2899 3122 Filii
2936 3080 3186 3123 naturam
3231 3071 3622 3127 consentimus.

1962 3184 2007 3244 ο
2108 3156 2233 3215 Jun.
2268 3158 2414 3213 Belle
2444 3157 2620 3214 Patris
2659 3160 2726 3214 de
2774 3157 2979 3215 fabrica
3027 3157 3350 3215 consultatio
3377 3175 3627 3232 compro-

2043 3252 2135 3305 bat
2179 3251 2338 3306 nobis
2380 3247 2501 3304 Filii
2546 3262 2670 3304 cum
2713 3264 2779 3305 eo
2820 3259 3028 3306 natura:
3055 3252 3486 3309 consensionem.
3517 3252 3626 3309 Sed

2040 3339 2255 3411 expedi,
2289 3352 2535 3402 oramus,
2571 3338 2928 3409 quamobrem
2958 3353 2989 3394 a
3021 3338 3170 3397 Mose
3197 3340 3527 3398 iuculentius
3556 3342 3627 3399 de

2041 3446 2109 3489 eo
2135 3447 2242 3487 non
2267 3432 2601 3501 accepimus.

2120 3543 2355 3598 Cumsr.
2410 3540 2583 3597 Nemo
2633 3541 2986 3599 scientiarum
3040 3543 3316 3616 perfectus
3368 3544 3629 3616 magister

2046 3647 2247 3704 pueros
2275 3633 2474 3689 docere
2508 3642 2836 3704 aggressus,
2865 3650 3077 3691 summa
3120 3649 3347 3706 quasque
3386 3637 3630 3707 discipli-

2046 3740 2241 3782 narum
2278 3728 2468 3798 primis
2515 3729 2839 3785 rudimentis
2896 3740 3059 3800 atque
3103 3732 3298 3799 studiis
3342 3734 3627 3803 proponit;

2046 3817 2141 3872 sed
2176 3815 2322 3872 facto
2357 3818 2425 3873 ab
2454 3817 2851 3877 elementorum
2880 3820 3126 3877 doctrina
3157 3823 3335 3885 initio.
3365 3823 3629 3895 paulatim

2047 3923 2141 3964 eos
2190 3909 2258 3963 ad
2305 3909 2689 3978 perfectionem
2738 3912 3011 3969 subducit.
3042 3913 3219 3984 Atque
3254 3915 3305 3970 id
3335 3931 3441 3971 non
3483 3930 3627 3985 pra:-

2053 3999 2297 4068 ceptoris
2328 4000 2486 4064 vitio,
2529 4003 2625 4057 sed
2662 4002 3046 4074 discipulorum
3103 4004 3374 4076 imperitia
3416 4006 3497 4075 lit,
3532 4007 3630 4076 qui

2048 4103 2175 4144 cum
2208 4091 2343 4148 adeo
2369 4092 2482 4148 sint
2519 4094 2703 4159 rudes,
2747 4096 2815 4151 ad
2860 4096 3064 4168 majora
3106 4099 3367 4169 capienda
3398 4101 3629 4172 gradum

2050 4178 2231 4239 facere
2264 4198 2371 4242 non
2405 4196 2657 4255 possunt.

2658 4323 2889 4383 CAPUT
2929 4327 3016 4383 IV.

2412 4452 2618 4525 Moyses
2653 4458 2891 4526 agnoscit
2938 4454 3275 4516 Trinitatem.

2122 4585 2203 4640 Ad
2245 4588 2495 4643 eumdem
2544 4590 2763 4645 modum
2806 4606 2903 4660 par
2944 4605 3050 4659 est,
3085 4602 3141 4648 et
3172 4593 3633 4663 sapientissimum

2052 4670 2235 4728 Mosen
2264 4676 2521 4733 habuisse
2554 4688 2897 4748 perspectam
2942 4679 3046 4736 SS.
3096 4680 3422 4739 Trinitatem
3467 4693 3636 4753 atque

2059 4762 2366 4836 Unitatem;
2396 4768 2491 4823 sed
2520 4768 2693 4837 vobis,
2723 4785 2857 4841 quos
2888 4780 2999 4827 tum
3022 4773 3092 4830 ob
3122 4776 3343 4830 deorum
3375 4774 3636 4846 frequen-

2057 4856 2211 4924 tiam,
2255 4865 2367 4913 tum
2414 4870 2636 4929 prepter
2689 4862 3010 4935 idolothyta,
3048 4875 3103 4921 et
3151 4882 3367 4934 carnes,
3404 4868 3639 4925 habebat

2060 4962 2284 5017 prorsus
2311 4950 2563 5018 rebelles,
2594 4953 2887 5022 perfectam
2920 4957 3234 5027 religionem
3268 4974 3371 5013 non
3401 4963 3634 5030 aperuit;

2056 5049 2232 5104 neque
2265 5050 2397 5092 vero
2428 5052 2653 5107 prorsus
2685 5042 2926 5109 reticuit,
2958 5046 3052 5100 sed
3084 5055 3197 5100 tum
3225 5048 3638 5116 qnomodocun-

2058 5138 2167 5192 que
2192 5124 2261 5178 ad
2306 5125 2400 5180 Dei
2450 5128 2701 5183 notitiam
2754 5131 2966 5203 erigere
3009 5143 3094 5190 est
3129 5145 3374 5192 conatus.
3404 5136 3640 5206 Majores

2056 5214 2257 5284 quippe
2302 5227 2513 5273 vestros
2564 5220 2617 5274 in
2663 5222 2864 5290 pietate
2907 5223 3139 5282 infantes
3186 5229 3375 5284 videns
3421 5229 3640 5285 divinus

2061 5303 2260 5370 Moses,
2287 5307 2435 5363 velut
2471 5312 2657 5367 nutrix
2702 5316 2929 5384 optima,
2960 5315 3028 5371 iis
3053 5324 3309 5387 tanquam
3336 5319 3418 5374 lac
3448 5320 3639 5390 quod-

2064 5396 2192 5449 dam
2253 5395 2346 5453 Dei
2391 5402 2597 5459 notitiae
2634 5406 2970 5476 propinavit;
3018 5408 3245 5481 solidam
3299 5426 3512 5468 omnem
3548 5413 3642 5468 do-

449 5564 930 5655 ἷῗ-ΡῗείιῙτ-ςᾼιριιὲι-
980 5565 1565 5655 ,ζοιΡξεξιοεξινιηῖο
1643 5568 1695 5655 ζζ
1724 5568 2054 5655 Sicanio.
2131 5576 2175 5609 ³·
2204 5576 2338 5636 Gen.
2375 5580 2581 5648 "1,22.
2658 5583 3051 5653 “Gen.xr,7.
3125 5585 3563 5655 "Exod.xx,2.

377 5634 580 5689 “Deut.
610 5652 762 5689 χχχιι
812 5638 901 5691 57.
979 5637 1024 5670 ³⁵
1062 5637 1235 5693 Exod.
1268 5653 1453 5703 xxxtv,
1492 5638 1573 5691 l4.
1651 5639 1695 5670 ³⁷
1724 5638 1878 5697 Deut.
1906 5634 1981 5709 vt,
2004 5642 2057 5698 4.

452 5791 529 5863 (9)
558 5793 634 5847 Ex
666 5792 922 5851 Nazianz.
954 5805 1094 5852 orat.
1133 5799 1324 5866 altera,
1361 5797 1428 5855 de
1458 5797 1710 5868 tbcolog.’
