4044 6428
344 352 452 415 505

1443 352 1720 415 DlALOG
1732 354 1830 417 US
1868 354 2170 418 CONTRA
2214 355 2548 421 JUDEOS.

3523 345 3630 414 8'36

346 485 363 515 ι
382 462 585 517 trinam
612 468 739 533 post
781 474 847 519 se
888 462 1109 520 vatibus
1148 462 1399 535 reliquit.
1426 465 1605 534 Atque
1630 463 1686 519 id
1726 478 1837 520 non
1881 464 1936 518 iu
1962 463 2016 525 Α
2113 461 2352 519 Rursum
2385 463 2583 531 Moses,
2612 463 2705 536 qui
2734 466 2802 521 ad
2831 463 3113 535 negotium
3141 460 3417 532 quoddam
3445 463 3630 533 populi

346 553 757 610 consultatione
782 563 1017 624 tantum,
1039 556 1135 612 sed
1163 557 1327 613 etiam
1352 558 1405 613 in
1435 558 1695 629 imagine,
1711 556 1943 627 aliisque

348 645 503 701 fecit.
552 644 690 701 Nam
739 644 909 701 Deum
967 648 1036 702 ad
1094 647 1383 719 imaginem
1437 664 1593 707 suam
1662 648 1941 707 hominem

353 738 579 794 ﬁnxisse
614 737 961 806 iudicavit";
994 746 1051 794 at
1080 754 1205 810 quae
1236 754 1302 796 ea
1325 738 1467 797 foret
1496 740 1700 812 imago,
1727 739 1945 795 audito-

352 832 505 886 ribus
548 832 899 901 querendum
946 832 1188 904 reliquit.
1223 832 1379 901 Quod
1427 835 1576 891 enim
1610 835 1727 905 (10)
1763 834 1945 890 studio

352 924 672 992 paraveris,
724 922 777 979 id
836 925 1011 980 tenaci
1055 940 1119 981 ac
1170 936 1432 997 perpetuo
1489 927 1826 982 monimento
1888 925 1945 981 in

350 1011 537 1069 animo
568 1012 924 1082 circumfers;
958 1015 1104 1087 quod
1134 1016 1348 1085 leviter,
1373 1017 1425 1074 id
1455 1016 1635 1083 facile,
1663 1024 1722 1072 ut
1748 1017 1947 1086 quassi-

357 1112 471 1160 tum
495 1115 639 1169 erat,
675 1104 869 1161 ellluit.
899 1106 1086 1178 Itaque
1132 1107 1311 1166 Moses
1343 1112 1696 1179 quaestionem
1722 1109 1789 1164 ad
1819 1122 1945 1174 vos,

353 1193 770 1252 dissolutionem
821 1197 890 1253 ad
934 1207 1088 1254 vates
1132 1200 1412 1271 reiecit".
1442 1200 1576 1255 Nam
1628 1201 1675 1257 si
1729 1201 1947 1271 cognito

355 1284 520 1339 etiam
550 1285 680 1351 Deo,
710 1286 780 1341 ab
821 1302 1000 1357 eoque
1031 1289 1261 1346 inﬁnitis
1289 1290 1533 1360 acceptis
1564 1292 1862 1357 beneﬁciis,
1891 1300 1947 1347 et
2012 1279 2018 1287 ’

358 1377 503 1434 Mose
532 1380 600 1433 ad
628 1378 798 1435 Deum
831 1380 1223 1453 aliquantisper
1247 1398 1277 1438 a
1302 1383 1458 1440 vobis
1475 1384 1742 1455 digresso,
1768 1394 1828 1439 ut
1851 1384 1943 1442 Dei

359 1466 695 1523 voluntatem
730 1469 783 1523 in
818 1469 1080 1526 divinitus
1108 1473 1349 1530 exaratis
1385 1474 1607 1545 scriptis
1638 1474 1944 1543 exhiberet,

356 1559 509 1615 alteri
582 1559 691 1617 deo
740 1563 971 1632 gratiam
1022 1565 1308 1633 retulistis,
1362 1575 1418 1623 et
1471 1568 1795 1624 immortalis
1855 1570 1943 1623 Dei

361 1669 380 1702 ι
415 1650 642 1721 gloriam
691 1654 945 1709 mutastis
998 1655 1054 1711 in
1107 1657 1520 1713 similitudinem
1571 1658 1723 1714 vituli
1765 1674 1950 1715 come-

358 1745 535 1800 dentis
597 1741 779 1799 fenum
801 1745 870 1812 ⁸⁰;
902 1765 922 1799 ι
960 1746 1013 1803 in
1061 1760 1319 1818 quantum
1354 1750 1580 1806 deorum
1615 1751 1946 1820 multiplica-

361 1847 537 1891 torum
584 1838 949 1909 praacipitium
1001 1842 1236 1909 majores
1270 1843 1437 1898 vestri
1486 1858 1593 1897 non
1629 1843 1941 1908 irruissent,

360 1928 406 1982 si
434 1944 462 1981 a
496 1927 645 1982 Mose
677 1928 845 1984 Deum
876 1932 1036 1987 trium
1070 1932 1431 2003 hypostaseon
1487 1934 1842 1991 didicissent?

428 2015 549 2073 Jun.
585 2016 706 2074 Non
730 2021 843 2087 jam
876 2021 944 2077 ad
972 2021 1242 2091 majorum
1267 2034 1586 2085 nostrorum
1603 2023 1837 2080 oliensas
1858 2024 1945 2079 in-

360 2108 683 2178 telligeudas
720 2111 998 2167 adsumus.
1043 2111 1148 2169 Sed
1178 2115 1371 2185 ecquid
1396 2155 1412 2179 ,
1441 2121 1499 2169 ut
1528 2114 1772 2180 dicebas,
1807 2113 1947 2170 Dcus

362 2201 416 2256 in
449 2202 622 2257 tribus
644 2202 894 2272 personis
916 2205 1434 2276 comprehenditur?
1460 2205 1647 2276 Itaque
1678 2205 1767 2261 hic
1790 2207 1946 2262 nobis

364 2292 649 2348 veritatem
705 2304 1097 2362 commoustra,
1132 2305 1187 2352 et
1237 2296 1416 2365 qualis
1470 2297 1730 2368 propheta
1774 2295 1945 2353 Deum

362 2386 601 2458 genitqu
635 2386 925 2458 signiﬁcet.

431 2480 658 2537 Cunisr.
682 2478 1100 2536 Constabilitum
1124 2479 1282 2537 vobis
1303 2490 1406 2549 est,
1435 2480 1628 2551 Judaei,
1673 2483 1945 2541 neminem

366 2584 601 2640 unquam
661 2582 972 2628 sanctorum
1033 2582 1257 2640 vatum,
1314 2572 1410 2629 Dei
1475 2575 1792 2646 hypostasin
1853 2582 1948 2631 aut

366 2665 654 2720 essentiam
680 2665 1066 2735 imaginatione
1091 2667 1586 2737 comprehendisse.
1611 2667 1776 2740 igitur
1796 2677 1947 2724 certo

369 2753 449 2808 sic
492 2753 710 2819 habete,
743 2770 848 2810 non
890 2755 1064 2811 solum
1112 2758 1219 2811 vim
1277 2771 1342 2813 ac
1388 2767 1656 2824 naturam,
1697 2758 1793 2813 sed
1848 2772 1948 2814 nec

372 2860 566 2901 nomen
585 2844 828 2917 proferre
848 2847 1056 2920 (tantos
1084 2849 1260 2920 vates)
1293 2864 1478 2921 posse,
1504 2850 1596 2905 Dei
1627 2851 1944 2916 essentiam,

373 2952 476 2992 non
521 2938 787 2994 actionem
821 2948 1028 3013 tantum
1057 2940 1373 3010 signiﬁcans
1408 2959 1423 2997 :
1458 2942 1540 2997 uti
1569 2943 1734 2998 etiam
1790 2942 1946 3011 illud,

376 3048 395 3081 ι
427 3028 613 3085 Manus
653 3039 756 3086 tua:
787 3030 1033 3089 fecerunt
1061 3048 1148 3089 me
1202 3045 1257 3090 et
1279 3033 1681 3105 plasmaverunt
1708 3047 1793 3088 me
1817 3034 1885 3100 ⁸¹ς
1921 3050 1941 3085 ι

375 3122 540 3177 David
568 3124 870 3195 usurpavit,
929 3141 1037 3182 non
1093 3127 1247 3196 quasi
1303 3142 1499 3182 manus
1533 3126 1759 3181 haberet
1804 3124 1948 3181 Deus
1977 3166 2023 3226 α

374 3218 479 3287 (est
507 3217 649 3275 enim
704 3216 914 3276 Numen
958 3219 1340 3291 incorporeum
1376 3229 1430 3275 et
1463 3219 1582 3275 sine
1603 3217 1818 3288 ﬁgura),
1855 3219 1950 3273 sed

376 3309 467 3363 Dei
502 3309 776 3381 opificium
834 3321 1050 3366 notans.
1089 3310 1155 3368 Et
1199 3327 1441 3367 rursus:
1484 3330 1502 3364 ι
1531 3310 1687 3368 Oculi
1736 3309 1951 3367 Domini

371 3403 752 3473 superjustos,
787 3411 842 3458 et
870 3418 1029 3459 aures
1052 3403 1169 3473 ejus
1194 3405 1247 3459 in
1279 3419 1470 3476 preces
1505 3420 1693 3461 eorum
1724 3422 1740 3472 ;
1773 3403 1955 3460 vultus

373 3502 552 3549 autem
578 3491 792 3549 Domini
827 3508 987 3564 super
1018 3494 1286 3552 facientes
1325 3495 1465 3551 mala
1486 3495 1554 3565 ⁸²;
1587 3513 1607 3548 ι
1649 3495 1758 3550 illis
1789 3496 1955 3549 bene-

376 3585 669 3659 ficentiam,
698 3585 785 3645 his
808 3586 1077 3645 vindicem
1108 3586 1205 3644 Dei
1235 3596 1559 3660 potestatem
1592 3587 1845 3642 innuens.
1876 3585 1956 3642 lta

374 3696 508 3736 sane
536 3691 590 3735 et
620 3680 675 3735 iu
709 3679 1022 3735 nominibus
1069 3678 1211 3751 (Dei)
1262 3694 1369 3734 non
1415 3679 1651 3733 divinam
1683 3684 1956 3744 naturam,

375 3774 470 3829 sed
490 3773 843 3840 functionem,
864 3773 1243 3843 occultamque
1260 3771 1518 3843 operandi
1550 3769 1849 3826 elllcaeiam
1887 3784 1958 3825 ex

370 3864 508 3932 ipsis
558 3863 870 3918 nominibus
915 3863 1226 3934 exprimere
1271 3863 1450 3916 sancti
1490 3869 1779 3915 conantur.
1812 3856 1957 3921 Nam

378 3953 467 4008 illa
500 3953 755 4009 Dominus
782 3954 1015 4021 Adonei,
1045 3963 1099 4009 et
1121 3952 1380 4018 Sabaoth,
1408 3952 1733 4022 omnipotens
1761 3957 1818 4007 et
1838 3948 1960 4006 Sal-

378 4060 549 4113 vator,
582 4049 879 4113 actionem,
906 4061 1013 4101 non
1038 4044 1433 4117 naturamsigni
1454 4043 1641 4103 ﬂcaut.

999 4137 1232 4195 CAPUT
1265 4136 1336 4195 Υ.

937 4229 1034 4285 Dei
1068 4231 1412 4301 signiﬁcatio.

447 4320 564 4376 Jam
604 4337 732 4377 vero
761 4321 890 4393 quid
938 4332 1252 4378 sanctorum
1283 4334 1449 4378 voces
1487 4329 1805 4388 consector,
1837 4332 1961 4374 cunt

377 4419 493 4488 ipse
521 4417 685 4470 etiam
721 4414 866 4470 Deus
913 4416 1102 4470 eadem
1137 4414 1323 4468 dicens
1356 4412 1710 4467 inveniatur?
1742 4410 1961 4467 Parenti

2043 562 2165 612 erat
2194 555 2427 625 legatus,
2463 571 2586 612 cum
2618 569 2890 629 quareret
2915 598 2930 623 ,
2966 559 3011 615 si
3052 573 3117 614 ex
3146 571 3206 612 se
3236 563 3479 625 peterent
3509 555 3634 624 quis

2044 661 2107 704 se
2154 646 2419 713 misisset,
2474 648 2606 719 quid
2652 654 3041 721 responderet,
3076 651 3180 706 hoc
3212 665 3242 705 a
3278 648 3389 705 Deo
3432 648 3629 704 audit:

2051 757 2069 793 ι
2099 736 2203 805 Qui
2235 739 2417 794 est“l
2456 758 2476 793 ι
2514 739 2646 808 Quae
2677 757 2779 797 vox
2836 757 2947 797 non
2980 753 3229 797 naturam
3257 749 3631 812 repraesentat,

2044 830 2139 886 sed
2188 839 2391 887 statum
2427 846 2492 888 ac
2538 836 3000 905 permansionem.
3036 835 3218 902 Quare
3250 836 3416 891 etiam
3453 845 3631 901 vates,

2046 935 2154 977 non
2208 937 2372 993 puras
2416 934 2572 992 putas
2624 924 2729 982 SS.
2776 925 3062 981 Trinitatis
3111 927 3498 996 spparitiones,
3532 927 3630 983 sed

2046 1026 2147 1083 pro
2176 1027 2277 1068 suo
2308 1013 2545 1084 quisque
2594 1024 2757 1086 captu
2787 1016 3259 1085 conscripserunt.
3291 1014 3524 1072 Necesse
3550 1024 3637 1072 est

2047 1103 2214 1174 igitur
2246 1102 2361 1176 (11)
2398 1104 2492 1160 Dei
2526 1106 2732 1161 notitiae
2754 1107 3030 1162 studiosos
3069 1107 3122 1161 in
3166 1121 3375 1162 sacram
3418 1122 3633 1164 omnem

2049 1192 2410 1265 Scriptorum,
2445 1195 2589 1252 velut
2644 1198 2924 1269 speculum
2961 1199 3259 1269 inspicere,
3298 1208 3355 1254 et
3379 1199 3541 1254 aliam
3570 1215 3637 1255 es

2048 1287 2156 1341 alio
2196 1290 2475 1343 notionem
2510 1290 2577 1343 ad
2602 1305 2765 1344 unum
2821 1290 3041 1360 aliquod
3093 1292 3340 1346 veritatis
3380 1300 3634 1362 tanquam

2050 1377 2402 1432 simulacrum
2460 1393 2774 1450 corrogare.
2809 1378 2868 1436 1d
2913 1382 3059 1435 enim
3115 1397 3213 1436 nos
3270 1380 3413 1437 Deus
3464 1392 3517 1437 et
3546 1398 3643 1453 per

2048 1467 2232 1523 Mosen
2264 1468 2469 1536 docuit,
2500 1471 2548 1525 ei
2583 1471 2760 1541 primo
2789 1487 3020 1527 ascensu
3053 1472 3264 1527 tabulas
3297 1488 3327 1526 a
3363 1488 3421 1528 se
3454 1489 3646 1529 exara-

2051 1567 2137 1616 tas
2171 1562 2390 1617 tradens
2418 1562 2485 1628 ⁸⁸,
2521 1564 2693 1618 altero
2723 1578 2833 1618 non
2876 1566 3027 1619 item.
3066 1563 3173 1620 Sed
3204 1565 3337 1635 quid
3364 1566 3413 1621 ei
3456 1565 3645 1636 jubet?

2056 1670 2076 1705 ι
2106 1652 2345 1709 Praecide
2369 1654 2465 1709 tibi
2498 1655 2632 1710 duas
2664 1655 2874 1710 tabulas
2896 1655 3141 1727 lapideas
3173 1657 3349 1712 instar
3368 1658 3640 1726 priorum,

2051 1756 2108 1800 et
2141 1746 2379 1801 scribam
2414 1761 2579 1816 super
2604 1761 2699 1802 eas
2730 1750 2917 1813 verba,
2956 1762 3077 1817 qua:
3114 1748 3420 1804 habuerunt
3449 1750 3644 1805 tabula:

2051 1851 2188 1905 quas
2241 1836 2453 1907 fregisti
2480 1837 2548 1892 ⁸⁸.
2585 1857 2603 1890 ι
2650 1838 2843 1894 Itidem
2890 1849 2945 1894 et
2996 1829 3274 1896 Israelitas
3305 1857 3370 1896 ex
3406 1841 3644 1914 Egypto

2052 1928 2310 1993 edocens,
2345 1928 2485 1984 Deus
2509 1929 2742 1999 ipsemet
2771 1945 2865 1985 eos
2893 1930 3267 2001 multipliciter
3288 1935 3490 1989 crassis
3514 1948 3644 2002 ρτορ

2052 2020 2214 2091 digiis
2270 2021 2547 2076 ductabat.
2576 2021 2716 2087 Quid
2764 2023 2911 2076 enim
2961 2023 3225 2087 crassius,
3279 2038 3441 2094 quam
3477 2034 3639 2081 noctu

2053 2111 2186 2182 igni,
2231 2110 2466 2166 interdiu
2505 2111 2649 2166 nube
2674 2111 2818 2165 viam
2870 2112 3112 2181 praeire?
3143 2113 3283 2179 Quid
3331 2114 3460 2169 item
3493 2130 3645 2172 cras-

2052 2202 2191 2268 sius,
2226 2217 2388 2272 quam
2446 2217 2595 2258 mare
2645 2203 2924 2269 dirimere,
2949 2212 3001 2257 et
3032 2220 3223 2274 rupem
3256 2204 3404 2261 velut
3430 2204 3642 2264 fontem

2053 2298 2284 2353 ubertim
2333 2312 2473 2367 aqua
2532 2299 2925 2353 svaturieotem
2986 2299 3333 2354 monstrare?
3363 2300 3469 2357 Sed
3517 2317 3641 2357 cum

2053 2391 2231 2445 adhuc
2257 2390 2576 2446 caecutirent
2606 2388 2838 2456 maiores
2874 2390 3068 2455 vestri,
3099 2399 3155 2445 et
3181 2391 3408 2446 auribus
3444 2392 3641 2448 obsur-

2053 2483 2358 2547 desccrent,
2389 2493 2500 2536 tum
2528 2496 2661 2537 vero
2694 2481 2991 2537 involucris
3022 2496 3115 2552 per
3142 2492 3294 2539 vates
3324 2484 3518 2554 placita
3543 2501 3641 2540 sua

2053 2574 2380 2630 denuntiare
2418 2574 2596 2641 Deus;
2628 2581 2686 2628 ut
2716 2573 3081 2649 intelligentes
3111 2590 3216 2644 qua
3254 2590 3348 2632 vos
3375 2577 3641 2647 dignitate

2052 2663 2392 2733 dejeceritis,
2449 2664 2787 2720 lahoriosiori
2863 2666 3095 2735 quadam
3148 2667 3270 2731 vis,
3319 2683 3645 2739 recuperare

2053 2757 2335 2826 antiquam
2368 2756 2712 2812 nobilitatem
2752 2758 3067 2814 studeretis.
3109 2759 3285 2829 Atque
3320 2761 3459 2814 idem
3496 2770 3553 2816 et
3585 2762 3640 2815 in

2053 2848 2380 2919 primigenio
2452 2857 2681 2918 parente
2736 2848 3283 2904 animadvertendum
3344 2850 3510 2904 venit.
3546 2850 3647 2905 Hic

2056 2955 2292 3010 namque
2331 2939 2656 3012 priusquam
2687 2940 2902 3010 iussum
2943 2940 3225 3007 violasset,
3262 2956 3369 2997 non
3403 2943 3643 2998 omnium

2054 3033 2216 3088 modo
2238 3032 2577 3087 terrestrium
2606 3041 2923 3087 naturarum
2947 3031 3105 3087 aDeo
3132 3034 3290 3088 datus
3316 3044 3399 3089 est
3420 3036 3643 3099 rex,sed

2055 3123 2219 3179 etiam
2249 3134 2422 3186 vates,
2456 3123 2665 3177 cunctis
2704 3130 2760 3177 et
2786 3122 3106 3178 volucribus
3134 3132 3189 3177 et
3212 3122 3644 3180 hestiisnomina

2057 3219 2363 3284 imponens.
2390 3215 2461 3268 At
2484 3224 2612 3286 post
2633 3215 2866 3284 lapsum,
2895 3214 3100 3285 posteri
3132 3230 3244 3270 non
3276 3216 3449 3270 solum
3477 3232 3645 3287 regno

2054 3308 2399 3372 exciderunt,
2438 3308 2533 3362 sed
2578 3306 2744 3361 etiam
2772 3305 2932 3374 vulgo
2961 3322 3048 3361 res
3077 3314 3292 3363 creatas
3323 3308 3453 3362 deos
3494 3309 3643 3362 arbi-

2057 3401 2183 3456 trati
2211 3408 2361 3466 sunt,
2385 3408 2446 3454 ut
2488 3399 2565 3454 ait
2602 3397 2856 3455 Salomon
2892 3416 2905 3453 :
2947 3416 2966 3450 ‹
3002 3397 3130 3454 Vani
3161 3408 3339 3454 autem
3365 3410 3492 3455 sunt
3526 3414 3646 3455 om-

2058 3508 2155 3549 nes
2186 3492 2457 3556 homines,
2491 3490 2545 3545 in
2589 3489 2789 3561 quibus
2815 3503 2922 3545 non
2955 3490 3398 3547 subest‘scientia
3429 3490 3563 3559 Dei;
3591 3501 3649 3547 et

2057 3586 2126 3641 de
2158 3585 2242 3639 his
2271 3598 2391 3654 quae
2409 3583 2662 3639 videntur
2692 3580 2856 3648 bona,
2886 3596 2993 3636 non
3028 3591 3320 3652 potuerunt
3342 3582 3647 3654 intelligere

2058 3692 2208 3741 cum,
2238 3676 2332 3745 qui
2373 3682 2497 3743 est;
2547 3686 2726 3743 neque
2772 3672 3034 3742 aperibus
3082 3674 3448 3743 attendentes,
3480 3688 3649 3744 agno-

2058 3778 2258 3825 verunt
2291 3767 2417 3839 quis
2441 3773 2587 3823 esset
2615 3764 2812 3821 artifex
2841 3780 2857 3820 :
2895 3765 2990 3820 sed
3046 3774 3140 3819 aut
3187 3765 3387 3837 ignem,
3421 3775 3512 3821 aut
3538 3766 3649 3836 spi-

2059 3861 2248 3927 ritum,
2279 3867 2371 3914 aut
2395 3860 2623 3915 citatum
2650 3871 2859 3922 aerem,
2894 3864 2988 3911 aut
3014 3871 3205 3928 gyrum
3231 3856 3533 3922 stellarum,
3552 3864 3649 3912 aut

2061 3951 2284 4008 nimiam
2311 3964 2534 4021 aquam,
2561 3958 2657 4003 aut
2685 3947 2855 4003 solent
2881 3956 2935 4002 et
2962 3947 3144 4001 lunam
3183 3986 3200 4013 ,
3229 3955 3471 4002 rectores
3497 3948 3649 4002 orbis

2060 4053 2332 4099 terrarum
2363 4043 2495 4097 deos
2556 4048 2901 4111 putaverunt.
2934 4040 3177 4106 Quorum
3206 4038 3250 4094 si
3285 4039 3466 4111 specie
3502 4040 3649 4095 dele-

2058 4136 2197 4194 ctati
2232 4137 2363 4190 deos
2386 4138 2744 4204 putaverunt,
2775 4130 2973 4196 sciant,
2996 4138 3201 4199 quanto
3234 4128 3321 4183 his
3344 4128 3652 4184 dominator

2058 4242 2250 4286 eorum
2279 4225 2580 4296 speciosior
2631 4232 2735 4279 est.
2762 4219 2975 4292 Speciei
3019 4219 3164 4275 enim
3215 4228 3503 4292 generator
3531 4219 3651 4276 haec

2063 4318 2248 4377 omnia
2302 4316 2605 4373 constituit.
2636 4314 2745 4369 Aut
2778 4314 2824 4371 si
2865 4313 3124 4368 virtutem
3167 4321 3225 4366 et
3253 4326 3419 4382 opera
3456 4325 3647 4367 eorum

2068 4411 2252 4467 mirati
2298 4417 2460 4479 sunt,
2493 4406 2797 4477 intelligant
2842 4404 2910 4460 ab
2942 4403 3071 4469 illis,
3104 4404 3360 4473 quoniam
3398 4403 3491 4474 qui
3532 4404 3647 4458 haec

376 4524 610 4579 namque
642 4518 824 4563 vestro
842 4503 1221 4560 Abrahamoin
1240 4502 1623 4573 Mesopotamia
1640 4512 1964 4572 conspectus
1995 4513 2040 4570 υ
2071 4500 2199 4558 fecit
2252 4498 2445 4553 fortior
2479 4504 2563 4553 est
2603 4495 2711 4551 illis
2737 4512 2752 4550 :
2782 4510 2810 4547 a
2851 4492 3221 4560 magnitudine
3253 4490 3400 4546 enim
3442 4491 3648 4561 speciei

375 4602 589 4672 inquit:
619 4620 639 4653 r
674 4601 786 4670 Ego
820 4615 937 4655 sum
988 4598 1132 4653 Deus
1161 4607 1284 4653 tuus
1308 4596 1443 4664 (ω’)
1485 4615 1499 4652 :
1532 4597 1746 4651 ambula
1776 4610 1960 4651 coram

379 4709 485 4756 nte,
520 4703 574 4747 et
602 4703 721 4747 esto
752 4691 1023 4762 perfectus
1053 4690 1121 4745 ⁸³.
1154 4707 1176 4742 ι
1210 4687 1545 4745 Vocabulum
1580 4697 1761 4743 autem
1802 4686 1959 4753 Θεός,

380 4785 431 4838 id
457 4793 543 4838 est
582 4783 742 4846 Deus,
772 4796 878 4837 non
909 4790 1181 4846 naturam,
1209 4780 1304 4837 sed
1345 4780 1464 4851 ejus
1503 4778 1837 4834 functionem
1865 4782 1966 4833 dea

378 4886 591 4937 notare,
637 4877 816 4945 palam
868 4884 953 4929 est
1003 4873 1306 4929 omnibus:
1350 4872 1639 4927 deducitur
1690 4870 1888 4940 quippe
1927 4885 1959 4924 a

380 4970 508 5035 θέω,
537 4971 641 5024 hoc
688 4978 797 5032 est,
824 4984 1003 5031 curro,
1036 4976 1131 5021 aut
1154 4980 1184 5020 a
1219 4963 1319 5032 θῶ,
1366 4964 1509 5034 quod
1558 4970 1665 5031 est,
1689 4962 1878 5016 molior
1906 4970 1961 5017 et

383 5061 703 5115 architector
734 5076 750 5115 :
782 5067 869 5114 est
898 5058 1044 5113 enim
1076 5057 1319 5112 omnium
1352 5054 1682 5109 architectus
1714 5064 1770 5106 et
1798 5051 1962 5108 moli-

386 5155 549 5207 tiouis
573 5152 813 5207 universi
861 5160 1073 5206 auctor.
1118 5146 1480 5203 Architectari
1516 5154 1696 5199 autem
1726 5143 1961 5199 functio-

388 5260 528 5309 nem,
565 5258 670 5297 non
706 5251 953 5296 naturam
983 5239 1286 5310 designare,
1319 5234 1447 5289 nulli
1474 5234 1695 5289 dubium
1728 5244 1828 5289 est.

454 5476 500 5509 "
526 5477 663 5532 Gen.
708 5493 746 5544 ι,
771 5476 864 5531 27.

384 5546 427 5582 ⁸³
457 5547 589 5603 Gen.
635 5564 771 5613 xvu,
807 5548 859 5602 i.

966 5475 1011 5509 ”
1046 5474 1220 5529 Exod.
1257 5486 1434 5534 xxxtt,
1471 5468 1525 5527 6.

458 5777 569 5844 (10)
594 5772 850 5828 Naziauz.
892 5770 966 5827 De
999 5765 1390 5829 moderatione,
1423 5770 1478 5819 et
1524 5769 1669 5818 orat.
1700 5759 1868 5817 altera
1896 5759 1964 5815 de

390 5848 551 5902 tltcol.

966 5475 1011 5509 ”
1046 5474 1220 5529 Exod.
1257 5486 1434 5534 xxxtt,
1471 5468 1525 5527 6.
1635 5468 1681 5501 ⁸⁸
1708 5465 1851 5521 Psal.
1909 5477 1953 5519 ct

935 5546 982 5578 ⁸⁸
1008 5547 1181 5600 Exod.
1226 5559 1311 5607 tu,
1353 5541 1443 5596 14.
1521 5539 1569 5571 ⁸⁵
1602 5537 1773 5593 Exod.
1814 5550 1953 5591 χιιι

2055 5463 2123 5520 t9.
2225 5463 2271 5494 “
2305 5463 2450 5516 Psal.
2482 5472 2671 5527 cxvttt,
2710 5463 2799 5515 73.
2908 5463 2956 5489 "
3000 5463 3145 5510 Psal.
3204 5468 3406 5521 xxxm,

2055 5535 2088 5590 ι.
2168 5532 2219 5565 ⁸⁸
2246 5532 2420 5588 Exod.
2448 5546 2639 5594 xxxrv,
2668 5529 2724 5587 l.
2796 5529 2842 5562 ⁸⁷
2873 5528 3005 5597 Sap.
3034 5538 3157 5591 χιιι,
3195 5524 3222 5580 1
3252 5538 3409 5595 seqq.

2068 4602 2123 4648 et
2157 4600 2420 4647 creaturae
2471 4585 2918 4656 cognoscihiliter
2949 4583 3150 4653 poterit
3196 4580 3425 4636 Creator
3449 4582 3648 4636 horum

2069 4683 2239 4738 videri
2264 4680 2369 4737 ⁸⁷.»
2414 4678 2625 4745 Videte,
2654 4690 2713 4731 ut
2759 4683 2883 4746 post
2935 4684 3216 4745 peccatum
3249 4671 3394 4728 Deus
3423 4686 3529 4727 non
3557 4687 3651 4728 co-

2068 4790 2186 4831 ram
2218 4790 2341 4829 cum
2372 4771 2708 4836 hominibus,
2737 4777 2798 4824 ut
2822 4783 2944 4823 cum
2970 4768 3202 4831 Adanto,
3235 4765 3538 4820 collocutus
3555 4765 3647 4831 sit,

2068 4867 2163 4923 sed
2200 4881 2295 4921 eos
2322 4880 2388 4919 ex
2440 4877 2664 4933 operum
2703 4857 3114 4931 pulchritudine
3159 4858 3224 4911 ad
3266 4857 3349 4912 sui
3397 4857 3649 4910 notitiam

2065 4960 2199 5031 erigi
2229 4957 2557 5030 permiserit.
2588 4954 2745 5022 Quod
2781 4954 2827 5008 si
2859 4966 2955 5007 eos
2979 4949 3175 5004 merito
3204 4964 3363 5003 vanos
3393 4946 3650 5004 Salomon

2068 5050 2382 5123 appellavit,
2411 5057 2613 5120 quanto
2639 5046 2809 5116 magis
2841 5044 3088 5099 vaniores
3122 5056 3218 5095 vos
3249 5039 3578 5110 appellaret,
3600 5039 3650 5094 si

2069 5143 2235 5198 hodie
2284 5149 2616 5212 superesset.
2670 5137 2802 5192 Nam
2859 5136 2936 5190 illi
2990 5134 3220 5189 fortasse
3273 5132 3493 5197 habent,
3540 5144 3651 5201 quo

2072 5232 2230 5287 venia
2264 5231 2410 5300 digni
2441 5231 2572 5285 sint.
2603 5228 2745 5295 Quid
2778 5227 2888 5281 ita?
2916 5222 3060 5295 quod
3088 5220 3186 5276 Dei
3208 5219 3454 5276 notitiam
3482 5223 3652 5276 vesti-

2225 5460 2271 5494 “
2305 5458 2450 5516 Psal.
2482 5472 2671 5527 cxvttt,
2710 5458 2799 5515 73.
2908 5456 2956 5489 “
3000 5452 3145 5510 Psal.
3202 5468 3406 5527 _xxxm,
3454 5452 3545 5519 l6,
3582 5452 3649 5507 l7

2143 5754 2386 5828 (l0f)il_ta
2404 5753 2627 5828 habent
2648 5750 2809 5828 l_._XX,
2845 5747 3266 5828 pro.-_l)orttittus
3293 5745 3647 5825 omnipotens.

2147 5820 2194 5898 (ί
2213 5820 2544 5897 1)’Νίιιίειιιῑ.
2575 5825 2631 5880 ἱιι
2654 5820 2901 5880 Natalem
2926 5820 3054 5889 227,
3080 5820 3171 5875 26.
