4044 6430
373 345 476 408 807

1593 343 1692 404 AN
1703 338 1906 404 ΟΒοΝ
1919 335 2021 398 [Cl
2073 336 2420 399 COMNENI

3531 333 3639 398 808

373 473 583 534 gantes,
609 460 675 515 ad
697 459 1088 533 ignorationem
1113 458 1378 520 compulsi
1407 466 1554 514 sunt.
1570 457 1704 526 Vos,
1735 458 1788 512 in
1811 463 1957 512 tanta
1986 455 2034 513 Α
2065 460 2244 516 etans,
2273 461 2438 522 atque
2487 448 2676 506 ordine
2723 463 3081 521 componens,
3117 446 3441 506 et’molienti
3490 441 3638 502 Patri

376 563 560 610 vatum
591 568 790 611 corona
844 562 901 609 et
922 553 1248 623 scriptorum
1281 553 1646 615 multitudine,
1682 550 1817 604 adeo
1845 560 1952 602 non

375 647 677 718 vestigatis,
711 655 773 700 ut
810 646 974 702 etiam
1006 661 1127 716 quae
1153 646 1354 716 scripta
1383 657 1510 700 sunt
1546 642 1880 698 adulterctis.

441 738 565 797 Jun.
592 740 693 795 Per
716 738 899 794 Mosen
923 739 938 794 !
977 739 1065 809 qui
1091 753 1240 794 mare
1270 738 1512 795 Rubrum
1540 737 1727 792 dextra
1750 731 1953 798 divisit,

375 847 505 887 vera
557 831 738 885 omnia
791 844 1003 884 narras.
1047 828 1411 894 Quamobrem
1443 827 1572 882 dum
1617 827 1705 881 hic
1731 824 1871 894 apud
1904 834 1956 876 te

377 925 662 986 adsumus,
703 921 1046 989 Scripturam
1097 919 1430 976 evolvamus.
1482 918 1584 984 Tu,
1635 918 1779 988 quod
1830 923 1956 968 ante

375 1015 712 1080 dicebamus,
748 1013 906 1068 nobis
934 1023 1330 1078 commonstra,
1359 1011 1481 1083 quis
1529 1019 1837 1066 nostrorum
1863 1021 1958 1060 va-

375 1117 488 1163 tum
525 1107 927 1177 generationem
986 1107 1102 1171 Dei,
1137 1104 1444 1175 genitumve
1491 1101 1661 1157 Deum
1710 1104 1954 1168 usurpet.

375 1199 432 1253 ld
463 1199 607 1252 ettim
655 1196 828 1265 magis
869 1195 1078 1251 animos
1121 1203 1340 1251 nostros
1386 1195 1441 1251 in
1486 1201 1765 1264 stuporem
1792 1198 1956 1259 atque

375 1289 772 1344 dubitationem
807 1288 970 1357 rapit.

993 1421 1223 1479 CAPUT
1263 1420 1354 1478 VI.

379 1539 462 1594 Ea:
488 1539 755 1609 prophetis
801 1539 1096 1593 ostenditur
1127 1537 1397 1593 Christum
1431 1554 1463 1590 α
1490 1535 1654 1591 Patre
1693 1534 1948 1605 genitum.

443 1651 670 1708 CHRIST.
700 1649 894 1704 Audite
923 1663 1088 1719 porro
1139 1647 1448 1705 Salomonis
1479 1648 1664 1703 verba.
1695 1645 1854 1712 Quod
1905 1645 1951 1700 si

373 1744 500 1814 quid
534 1742 732 1797 melius
777 1741 951 1808 scitis,
983 1743 1171 1796 docete
1211 1756 1362 1797 sane.
1392 1741 1574 1811 Neque
1626 1739 1772 1794 enim
1803 1751 1954 1792 vere-

372 1835 580 1891 cundor
633 1841 848 1904 propter
868 1832 1034 1888 Deum
1082 1831 1353 1886 hominem
1385 1829 1568 1886 Jesum
1597 1844 1775 1885 meum
1837 1829 1953 1886 dis-

373 1926 537 1996 cipuli
595 1939 878 1995 personam
911 1924 1136 1978 induere
1165 1941 1180 1978 :
1215 1941 1235 1975 ι
1273 1919 1531 1978 Dominus
1560 1923 1802 1994 possedit
1837 1921 1950 1993 (12)

375 2031 466 2072 me
501 2017 554 2071 in
603 2015 759 2071 initio
797 2015 1013 2086 viarum
1048 2029 1294 2083 suarum,
1324 2023 1613 2082 antequam
1657 2015 1952 2084 quidquam

372 2109 576 2166 faceret
609 2123 638 2164 a
672 2108 966 2180 principio.
1011 2105 1093 2162 Ab
1117 2117 1323 2163 aeterno
1351 2107 1598 2162 ordinata
1630 2121 1774 2174 sum,
1802 2114 1858 2159 et
1886 2120 1956 2160 cx

369 2202 634 2272 antiquis,
692 2211 985 2270 antequam
1039 2206 1185 2252 terra
1249 2197 1424 2253 ﬁeret.
1483 2197 1732 2252 Nondum
1793 2203 1954 2252 erant

371 2296 577 2367 abyssi,
609 2303 663 2350 et
689 2309 789 2365 ego
830 2296 941 2364 jam
971 2301 1235 2362 concepta
1284 2305 1434 2348 eram
1465 2309 1479 2346 :
1511 2291 1742 2346 necdum
1775 2289 1956 2345 fontes

371 2401 637 2456 aquarum
691 2391 1030 2451 eruperant:
1067 2383 1300 2438 necdum
1349 2390 1560 2437 montes
1610 2380 1764 2450 gravi
1816 2381 1958 2436 mole

371 2480 766 2540 constiterant;
800 2486 926 2528 ante
955 2486 1146 2528 omnes
1167 2472 1331 2528 colles
1359 2487 1458 2542 ego
1487 2471 1948 2542 parturiebar‘su

371 2564 471 2620 Hic
504 2582 523 2616 ε
553 2563 760 2619 Creavit
790 2580 809 2614 ι
845 2562 1007 2630 (quod
1034 2562 1252 2631 ponitur
1281 2575 1310 2614 a
1337 2559 1500 2630 LXX)
1533 2575 1641 2615 non
1671 2560 1948 2626 moliendi,

370 2655 466 2711 sed
491 2652 744 2724 gignendi
779 2652 886 2705 vim
907 2650 1546 2719 habere,intelligendum
1570 2659 1675 2708 est.
1702 2651 1958 2706 Solemne

371 2756 455 2804 est
476 2746 622 2802 enim
637 2760 804 2802 sacrae
832 2744 1323 2815 Scriptura,vicina
1346 2759 1444 2813 pro
1467 2746 1657 2803 vicinis
1674 2761 1956 2817 usurpare,

371 2849 433 2894 ut
454 2853 576 2894 cum
624 2839 690 2892 de
719 2837 866 2893 Mose
892 2837 1023 2892 ait:
1077 2855 1098 2890 t
1153 2836 1408 2892 Adultum
1457 2853 1681 2908 puerum
1738 2838 1961 2893 tradidit

373 2933 502 2986 tilia:
587 2927 906 2996 Pharaonis,
951 2943 1112 2998 quem
1168 2927 1257 2983 illa
1308 2926 1436 2984 fecit
1475 2929 1580 2985 sibi
1608 2929 1771 2984 lilium
1833 2930 1900 2985 ‘9.
1933 2949 1954 2984 ι

371 3021 535 3091 Atqui
584 3036 692 3076 non
736 3021 886 3086 fecit,
925 3021 1020 3075 sed
1076 3021 1407 3092 nuncupavit
1442 3021 1546 3078 sibi
1600 3020 1788 3076 tilium.
1827 3021 1958 3078 ltetn

370 3114 591 3170 David:
635 3131 655 3166 ‹
697 3111 848 3168 Facti
892 3127 1076 3168 sumus
1125 3115 1178 3168 in
1210 3113 1558 3184 opprobrium
1599 3113 1792 3170 vicinis
1846 3130 1945 3170 no-
1971 3127 2016 3188 α

377 3219 424 3262 Si
437 3206 510 3258 ris
535 3204 638 3268 ⁸⁰,»
672 3217 791 3272 pro,
821 3201 1065 3258 Fuimus.
1089 3201 1208 3258 1am
1236 3218 1364 3259 vero
1384 3211 1508 3258 ante
1530 3203 1729 3259 coelum
1760 3213 1814 3260 et
1836 3213 1950 3260 ter-

372 3308 510 3355 rim,
543 3292 717 3348 Moses
765 3291 964 3347 nullam
1015 3291 1175 3352 aliam
1222 3308 1334 3348 rem
1379 3302 1616 3349 creatam
1647 3293 1947 3361 exstitisse,

370 3385 664 3442 revelavit:
699 3403 718 3437 ‹
751 3383 1041 3453 Principio,
1067 3385 1336 3455 inquiens,
1358 3385 1563 3441 creavit
1587 3385 1730 3444 Dens
1751 3386 1950 3442 caelum

372 3486 430 3531 et
464 3487 664 3531 terram
689 3477 790 3532 ι’.»
831 3474 986 3542 Quod
1014 3477 1062 3532 si
1094 3475 1222 3546 quid
1251 3478 1527 3548 antiquius
1553 3477 1870 3543 exstitisset,
1887 3478 1942 3534 id

375 3565 544 3623 dubio
581 3568 767 3637 procul
823 3569 974 3638 prius
1013 3576 1343 3624 tractaturus
1377 3569 1594 3626 fuisset.
1638 3569 1753 3626 Etsi
1802 3576 1952 3638 sunt,

375 3659 467 3728 qui
517 3657 873 3728 intelligentes
908 3657 1242 3714 substantias
1271 3659 1424 3727 prius
1472 3657 1722 3716 conditas
1759 3659 1952 3716 existi-

375 3759 545 3814 ment,
585 3748 748 3804 veiuti
782 3748 952 3803 altera
991 3750 1239 3819 quredam
1276 3749 1501 3818 lumina,
1538 3758 1594 3806 et
1638 3750 1751 3808 Deo
1780 3753 1954 3823 magis

373 3839 717 3908 coniunctas.
750 3839 820 3893 At
853 3847 1018 3892 terret
1048 3853 1134 3894 me
1165 3839 1257 3894 Dei
1292 3838 1361 3894 ad
1382 3837 1482 3895 Job
1507 3853 1706 3908 sermo,
1729 3841 1951 3896 dicens:

378 3945 400 3981 s
434 3928 568 3982 Cum
593 3933 738 3983 astra
765 3928 1158 3996 conderentur,
1180 3928 1475 3984 laudabant
1499 3943 1587 3985 me
1610 3944 1801 4002 magna
1821 3944 1955 3987 voce

371 4031 563 4073 omnes
592 4016 764 4087 angeli
796 4018 900 4072 mei
920 4019 1020 4071 ⁵³.»
1044 4023 1201 4072 Astra
1233 4021 1376 4073 enim
1411 4019 1633 4076 omnino
1654 4021 1742 4076 die
1762 4031 1955 4090 quarto

372 4109 663 4165 constituta
692 4120 839 4166 sunt.
868 4109 1034 4180 Igitur
1063 4110 1109 4166 si
1141 4112 1205 4166 de
1233 4120 1507 4167 astrorum
1531 4113 1810 4170 creatione
1830 4129 1954 4170 eum

375 4198 554 4268 angeli
604 4198 1006 4265 collaudabant,
1046 4199 1218 4254 multo
1261 4202 1435 4271 magis
1477 4201 1544 4256 de
1591 4202 1754 4267 coelo,
1784 4211 1952 4271 terra,

375 4304 514 4359 aqua
539 4297 592 4343 et
624 4289 763 4346 luce.
790 4291 894 4345 Sed
951 4290 1090 4346 hanc
1136 4291 1380 4346 insanam
1426 4293 1717 4350 multorum
1765 4295 1955 4351 existi-

376 4381 672 4436 mationem
709 4382 993 4451 perSpicue
1038 4381 1294 4452 frangens
1320 4383 1596 4451 Salomon,
1642 4385 1801 4456 paulo
1833 4396 1956 4457 post

2057 544 2354 599 molitionis
2382 541 2645 598 consors?

2125 650 2248 708 Jun.
2276 652 2384 708 Cur
2410 665 2586 708 autem
2612 652 2656 708 si
2687 654 2752 708 de
2776 652 2914 708 Filio
2948 666 3044 708 nos
3074 651 3334 707 docturus
3363 655 3503 715 erat,
3527 665 3636 704 non

2055 741 2212 806 dixit,
2239 741 2483 812 Aptator,
2506 740 2600 797 sed
2639 760 2658 794 ο
2689 741 2966 810 Aptatrix?
2995 759 3014 793 ›
3038 742 3110 796 ita
3136 755 3202 795 ex
3226 738 3366 793 LXX
3392 739 3645 795 versione

2058 834 2346 890 dicendum
2397 849 2494 904 pro
2523 835 2613 890 illo
2642 852 2657 890 :
2699 851 2718 887 ι
2741 834 2878 890 Cum
2909 849 2976 890 eo
3002 848 3149 889 eram
3177 841 3372 888 cuncta
3421 846 3644 904 compo-

2056 939 2209 980 nens.
2269 944 2289 979 ι

2125 1037 2349 1094 CHRIST.
2384 1036 2503 1093 Jam
2554 1038 2688 1094 dixi.
2754 1035 2922 1093 Vates
2974 1037 3040 1092 de
3078 1036 3206 1103 Deo,
3241 1050 3346 1090 non
3378 1042 3640 1104 quantum

2055 1141 2159 1196 est,
2193 1132 2471 1194 dixerunt,
2503 1130 2595 1184 sed
2642 1138 2904 1198 quantum
2947 1126 3234 1198 cogitando
3281 1138 3643 1195 assequeren-

2055 1231 2168 1287 tur,
2203 1224 2563 1295 scripserunt.
2594 1222 2714 1290 Quo
2747 1223 2890 1278 enim
2922 1222 3082 1276 modo
3127 1217 3640 1289 comprehendatur,

2062 1315 2208 1386 quod
2263 1315 2652 1385 comprehendi
2706 1329 2815 1370 non
2867 1311 3085 1382 potest?
3125 1309 3260 1364 Nam
3291 1325 3415 1365 cum
3445 1321 3643 1362 arenas

2055 1411 2242 1476 maris,
2271 1418 2324 1464 et
2370 1409 2543 1464 stillas
2571 1407 2787 1478 pluviae,
2824 1406 3210 1473 stellarumque
3240 1401 3641 1456 multitudinem

2056 1509 2290 1572 nequeat
2311 1501 2435 1571 quis
2457 1514 2766 1564 numerare,
2789 1497 2990 1553 scilicet
3012 1495 3177 1550 Deum
3201 1493 3450 1564 principii
3477 1501 3642 1562 atque

2057 1595 2180 1648 finis
2203 1603 2478 1662 expertem
2527 1587 2992 1662 comprehendet?
3027 1587 3210 1656 Itaque
3238 1586 3375 1641 alius
3413 1583 3509 1638 Dei
3545 1599 3638 1640 sa-

2055 1682 2313 1752 pientiam
2358 1679 2553 1735 Filium
2591 1681 2846 1746 vocavit;
2877 1678 3015 1733 alius
3045 1685 3302 1739 mentem,
3337 1674 3476 1731 alius
3507 1674 3642 1730 lucis

1981 1791 2030 1850 Β
2059 1773 2442 1842 simulacrum;
2497 1773 2635 1828 alius
2674 1787 2988 1842 expressam
3041 1770 3330 1840 quamdam
3368 1767 3638 1833 formam;

2057 1867 2196 1923 alius
2224 1867 2404 1932 vires;
2441 1865 2580 1921 alius
2605 1863 2798 1919 Filium
2824 1881 2840 1931 ;
2867 1878 3058 1919 omnes
3087 1877 3251 1916 unum
3287 1871 3340 1917 et
3364 1860 3636 1915 eumdem.

2056 1959 2150 2015 Sin
2174 1968 2353 2014 autem
2386 1973 2542 2014 secus
2570 1957 2955 2027 prophetarum
2978 1970 3138 2012 voces
3167 1953 3431 2022 accipitis,
3449 1966 3643 2006 vereor

2055 2067 2125 2108 ne
2151 2051 2486 2121 splendidam
2517 2049 2620 2104 SS.
2650 2048 2933 2105 Trinitatis
2976 2048 3151 2102 lucem
3203 2044 3553 2115 refugientes,
3583 2043 3640 2096 in

2057 2143 2383 2214 profundum
2417 2141 2650 2212 plurium
2677 2143 2898 2196 deorum
2921 2155 3017 2196 vos
3052 2138 3422 2210 praecipitetis.

2128 2233 2295 2304 Igitur
2320 2233 2496 2287 denuo
2535 2231 2718 2286 audite
2749 2229 3096 2285 Salomonem
3127 2229 3304 2298 palam
3327 2225 3641 2282 vociferan-

2059 2332 2166 2379 tem
2200 2341 2215 2380 :
2249 2342 2268 2375 ε
2314 2322 2580 2379 Omnibus
2610 2321 2897 2376 mobilibus
2935 2320 3184 2376 mobilior
3211 2329 3291 2374 est
3321 2317 3585 2388 sapientia
3620 2335 3638 2384 ;

2058 2414 2276 2484 attingit
2326 2423 2506 2468 autem
2559 2411 2757 2480 ubique
2814 2421 3034 2481 propter
3096 2425 3248 2466 suam
3297 2407 3638 2464 munditiam.

2061 2501 2246 2573 Vapor
2270 2512 2355 2560 est
2391 2503 2538 2558 enim
2565 2503 2785 2559 virtutis
2819 2501 2936 2569 Dei,
2980 2512 3035 2556 et
3088 2501 3359 2556 emanatio
3391 2501 3639 2570 quaedam

2061 2605 2143 2653 est
2172 2596 2433 2652 claritatis
2461 2594 2852 2664 omnipotentis
2874 2594 2964 2649 Dei
3001 2593 3213 2650 sincera
3241 2609 3255 2647 :
3279 2603 3332 2648 et
3362 2593 3481 2648 ideo
3505 2591 3640 2646 nihil

2059 2689 2400 2758 inquinatum
2431 2687 2486 2742 in
2515 2701 2636 2743 eam
2672 2683 2925 2740 incurrit.
2965 2683 3184 2741 Candor
3216 2692 3300 2738 est
3327 2682 3469 2738 enim
3500 2680 3641 2738 lucis

2063 2789 2298 2841 aeternae,
2348 2785 2404 2834 et
2447 2777 2725 2848 speculum
2753 2776 2870 2830 sine
2920 2772 3130 2829 macula
3167 2771 3263 2827 Dei
3321 2771 3638 2840 maiestatis,

2058 2877 2114 2926 et
2141 2869 2316 2938 imago
2343 2867 2599 2924 bonitatis
2623 2866 2766 2922 lllius
2783 2866 2852 2920 ⁸⁸.
2886 2883 2906 2916 ι
2943 2863 3049 2919 Sed
3073 2862 3312 2927 omissis,
3346 2876 3465 2930 quae
3494 2861 3637 2931 apud

2063 2959 2372 3030 Sapientem
2407 2967 2553 3023 sunt,
2583 2956 2872 3027 imaginem
2927 2955 3096 3012 solam
3125 2970 3442 3026 persequar.
3475 2953 3636 3020 Sunt,

2063 3055 2286 3126 putatis,
2311 3056 2384 3109 in'
2404 3054 2543 3110 coelo
2573 3053 2808 3124 pictores
2835 3067 2898 3108 ac
2930 3052 3182 3109 colores?

2064 3199 2088 3212 η,
2121 3145 2245 3205 Jun.
2290 3147 2532 3202 Minime.

2121 3263 2344 3320 CHRIST.
2369 3263 2434 3318 Et
2453 3271 2666 3333 quaeest
2689 3277 2850 3333 porro
2876 3262 2992 3318 haec
3021 3261 3112 3317 Dei
3135 3260 3392 3317 bonitatis
3420 3259 3640 3329 imago?

1957 3374 1980 3392 ·
2056 3371 2160 3413 nec
2188 3357 2362 3412 solum
2384 3357 2560 3428 imago
2591 3357 2930 3428 simpliciter,
2961 3357 3056 3410 sed
3086 3371 3180 3426 per
3201 3355 3380 3409 omnia
3409 3351 3642 3409 similis?

2051 3447 2159 3502 Aut
2205 3462 2336 3517 ergo
2384 3448 2672 3519 imaginem
2731 3447 3038 3510 concedite,
3100 3455 3196 3500 aut
3231 3460 3443 3501 mecum
3476 3443 3640 3502 unius

2051 3551 2260 3596 naturae
2280 3548 2334 3594 et
2364 3540 2678 3596 substantiae
2700 3555 2822 3595 cum
2854 3538 3013 3594 Patre
3034 3537 3226 3593 Filium
3255 3537 3520 3592 fatemini.

2122 3629 2245 3686 Jun.
2303 3629 2559 3686 Fatemur
2595 3648 2611 3698 ;
2671 3631 2787 3696 sed,
2828 3630 3044 3698 amabo,
3077 3629 3219 3687 idem
3258 3631 3414 3685 nobis
3434 3643 3502 3685 ex
3531 3627 3641 3684 alio

2057 3722 2324 3796 propheta
2351 3721 2616 3778 edissere.

2123 3836 2352 3893 CHRIST.
2411 3835 2563 3890 Isaiae
2587 3836 2747 3889 verba
2779 3839 2906 3889 sunt
2943 3849 2958 3888 :
3003 3849 3024 3885 ς
3085 3831 3350 3887 Parvulas
3375 3841 3537 3886 natus
3555 3839 3641 3887 est

2058 3929 2236 3995 nobis,
2277 3937 2333 3982 et
2389 3925 2534 3981 ﬁlius
2585 3926 2743 3980 datus
2766 3934 2850 3980 est
2875 3924 3051 3989 nobis,
3073 3932 3130 3978 et
3176 3923 3348 3978 factus
3381 3930 3467 3978 est
3490 3922 3640 3992 prin-

2057 4020 2274 4090 cipatus
2327 4032 2487 4088 super
2514 4016 2798 4070 humerum
2857 4015 3088 4084 ejus;et
3135 4014 3414 4069 vocabitur
3443 4028 3638 4068 nomen

2056 4112 2177 4182 ejus
2226 4109 2407 4180 magni
2432 4106 2646 4164 consilii
2679 4106 2936 4177 Angelus,
2975 4107 3335 4170 admirabilis,
3373 4106 3634 4160 consilia-
3719 4149 3722 4152 .

2057 4205 2170 4259 rius
2203 4203 2268 4258 “.
2326 4220 2346 4256 ι
2384 4199 2590 4256 Videtis
2626 4199 2800 4254 Patris
2827 4198 3232 4255 consiliarium?
3279 4195 3489 4254 Videtis
3520 4211 3638 4250 ma-

2057 4295 2144 4368 gni
2191 4292 2402 4350 consilii
2451 4292 2753 4363 Angelum?
2789 4291 2884 4347 Est
2941 4292 3082 4347 enim
3107 4290 3274 4346 Filius
3295 4289 3549 4360 ἄγγελος,
3579 4297 3638 4343 ut

2057 4387 2148 4458 qui
2201 4402 2230 4440 a
2267 4385 2426 4441 Patre
2471 4384 2655 4440 arcani
2715 4385 2783 4440 ab
2811 4385 2959 4439 omni
2983 4384 3290 4439 aeternitate
3314 4383 3512 4439 occulti
3543 4383 3639 4437 ab-

375 4472 528 4528 addit
558 4489 573 4527 :
611 4491 630 4524 ‹
663 4473 805 4528 Ante
831 4488 1019 4528 omnes
1051 4475 1219 4530 colles
1264 4476 1437 4546 gignit
1473 4477 1642 4545 me",
1676 4493 1740 4533 ac
1767 4479 1953 4548 paula-
1991 4471 2038 4530 D
2066 4479 2178 4534 dita
2218 4477 2288 4532 ad
2323 4477 2573 4533 homines
2625 4475 2906 4545 pertulerit
2964 4491 3030 4531 ac
3060 4475 3442 4545 promulgarit.
3497 4475 3640 4530 Con-

377 4563 474 4618 tim
531 4576 650 4632 quae
699 4561 962 4618 scriberet

373 4655 574 4709 aethera
603 4654 850 4709 ﬁrmabat
881 4669 1097 4710 sursum
1128 4667 1182 4711 et
1210 4656 1437 4714 librabat
1469 4661 1644 4717 fontes
1673 4677 1958 4732 aquarum;

376 4743 592 4811 quando
620 4743 992 4798 circumdabat
1019 4745 1152 4798 mari
1191 4748 1476 4802 terminum
1506 4763 1684 4815 suum,
1712 4759 1766 4805 et
1792 4750 1961 4818 legem

375 4829 613 4899 ponebat
668 4831 847 4900 aquis,
893 4846 959 4886 ne
995 4834 1294 4887 transirent
1353 4833 1490 4890 lines
1531 4850 1698 4904 suos;
1741 4839 1957 4905 quando

377 4921 713 4991 appendebat
748 4921 1095 4978 fundamenta
1132 4934 1310 4989 terrae,
1342 4941 1466 4981 cum
1497 4942 1561 4982 eo
1588 4943 1736 4982 eram
1761 4938 1954 4983 cuncta

378 5025 705 5080 componens
720 5011 786 5066 “.
827 5031 848 5066 ›
887 5013 1094 5082 Videte,
1119 5025 1176 5070 ut
1202 5017 1404 5072 sensim
1426 5018 1630 5073 socium
1661 5019 1806 5074 Patri
1840 5021 1958 5088 opi-

379 5101 532 5157 ﬁcem
563 5103 756 5159 Filium
799 5105 1055 5161 declaret.
1087 5107 1228 5173 Quid
1274 5109 1417 5163 enim
1446 5110 1592 5164 aliud
1617 5120 1719 5176 est,
1757 5128 1777 5162 ι
1816 5109 1953 5166 Cum

376 5209 443 5262 eo
471 5209 619 5249 eram
675 5206 870 5252 cuncta
903 5211 1256 5270 componens,
1319 5219 1339 5254 ι
1376 5216 1536 5271 quam
1581 5216 1684 5256 una
1717 5202 1954 5259 archite-

451 5370 496 5403 “
536 5372 844 5446 Ρῖργᾲνιιι,
873 5374 947 5428 ‘22
1002 5385 1053 5432 et
1083 5391 1236 5446 seqq.

379 5440 412 5494 7
438 5455 465 5496 s
486 5458 550 5499 τ’.
577 5442 735 5498 LXX.

380 5526 418 5576 ι,
447 5513 538 5569 26.
617 5515 662 5546 ”
693 5514 828 5570 Gen.
856 5529 937 5582 tu,
966 5517 1059 5571 22.

1339 5377 1386 5410 δ’
1412 5377 1576 5432 Exod.
1610 5393 1674 5444 tl,
1707 5379 1761 5443 9,
1794 5380 1884 5435 10.

1185 5517 1230 5548 ³⁹
1253 5516 1387 5572 Gen.
1419 5533 1492 5584 ιι,
1521 5519 1574 5573 7.

1989 5379 2039 5414 ⁸⁸
2069 5379 2210 5435 Psal.
2271 5395 2500 5447 Lxxvm,
2530 5380 2585 5434 4.

825 5447 868 5477 ⁵⁸
898 5447 1055 5523 Prov.
1091 5446 1310 5523 vm_,__2§
1362 5463 1474 5504 sec.
1504 5447 1668 5523 axx.
1727 5449 1775 5483 ”
1802 5450 1934 5507 ibid.
1958 5466 2153 5518 xxvut,
2183 5450 2274 5506 50.
2329 5451 2376 5483 ⁵⁵
2404 5446 2534 5523 Sap.
2566 5467 2662 5519 vn,
2691 5453 2762 5507 24
2791 5465 2942 5523 seqq.
2986 5451 3038 5484 ³⁸
3069 5451 3172 5506 lsa.
3196 5465 3271 5516 ιχ,
3301 5452 3355 5506 6.
3419 5449 3463 5480 ⁸⁷
3493 5447 3634 5504 Gen.

1042 4563 1316 4622 illustrans
1363 4568 1624 4637 subjicit:
1679 4588 1698 4622 ι
1736 4569 1966 4636 Quando
2063 4568 2303 4624 siliarius
2356 4575 2459 4630 est,
2516 4567 2609 4634 qui
2667 4581 2697 4619 a
2745 4565 2906 4620 Patre
2949 4566 3229 4620 audierit:
3269 4583 3289 4616 ‹
3351 4563 3640 4620 Faciamus

2064 4659 2338 4714 hominem
2357 4659 2422 4712 ad
2447 4657 2736 4725 imaginem
2762 4665 2818 4710 et
2836 4657 3242 4710 similitudinem
3260 4664 3494 4708 nostram
3518 4655 3586 4708 δ’.
3612 4673 3631 4705 ι

2064 4749 2130 4804 Et
2172 4764 2384 4804 rursum
2419 4765 2434 4803 :
2471 4767 2489 4800 ι
2533 4747 2671 4802 Ecce
2741 4746 2912 4798 Adam
2955 4746 3109 4815 quasi
3169 4760 3316 4826 unus.
3359 4759 3424 4800 ex
3479 4745 3638 4799 nobis

2060 4839 2236 4893 factus
2264 4849 2366 4893 est.
2401 4838 2554 4892 Nunc
2585 4851 2715 4906 ergo
2747 4852 2813 4890 ne
2844 4836 2980 4890 forte
3012 4835 3191 4888 mittat
3221 4849 3436 4888 manum
3454 4850 3634 4899 suam,

2058 4941 2114 4983 et
2168 4937 2343 4983 sumat
2371 4928 2532 4982 etiam
2567 4926 2633 4979 de
2665 4925 2808 4993 ligno
2857 4924 3004 4989 vitae,
3033 4930 3087 4976 et
3119 4922 3384 4986 comedat,
3415 4930 3470 4977 et
3495 4921 3638 4976 vivat

2057 5023 2110 5076 in
2141 5031 2400 5077 aeternum
2426 5021 2495 5085 ⁸⁸,
2519 5038 2537 5072 ι
2561 5034 2682 5074 eum
2707 5019 2956 5090 paradiso
2981 5018 3280 5086 exigamus.
3298 5016 3364 5070 Et
3395 5015 3592 5070 iterum
3620 5030 3634 5065 :

2069 5132 2088 5165 ι
2123 5112 2338 5179 Venite,
2369 5112 2781 5177 descendamus,
2809 5120 2864 5167 et
2886 5112 3280 5168 confundamus
3301 5109 3371 5166 ibi
3396 5109 3634 5180 linguam

2056 5219 2246 5258 eorum
2269 5205 2336 5260 '°.
2379 5221 2400 5256 ι

2698 5381 2740 5413 ⁸¹
2770 5379 2907 5436 Gen.
2937 5396 2977 5444 ι,
3007 5380 3058 5434 1.
3191 5381 3237 5413 ⁸²
3269 5377 3370 5434 Job
3405 5391 3634 5441 xxxvm,

629 5727 791 5797 LXX,
846 5729 1053 5798 ἔκτισε,
1097 5732 1314 5800 creavit,
1354 5746 1452 5802 pro
1475 5733 1763 5807 ἐκτήσατο.
1821 5730 1952 5789 Vide

2091 5733 2241 5790 Hier.
2275 5733 2384 5802 hic,
2422 5741 2478 5790 et
2527 5732 2580 5788 iu
2619 5747 2672 5788 c.
2726 5746 2816 5787 xvr
2862 5730 2995 5800 lsa.,
3034 5737 3164 5798 etc.,
3240 5741 3293 5785 et
3348 5736 3502 5783 notas
3567 5722 3638 5782 ad

388 5794 549 5850 LXX.
