4044 6412
300 328 408 394 8οἸ

289 556 394 595 non
445 541 739 611 Angelum,
809 540 924 605 ipse
979 539 1199 592 dubium
1243 537 1536 592 dissolvit:
1571 553 1675 591 non
1731 537 1873 590 enim

299 633 432 686 dixit
466 651 478 687 :
508 631 625 685 Erit
675 633 722 685 ei
774 645 966 684 nomen
999 629 1254 700 Angelus,
1320 629 1413 684 sed
1463 647 1482 680 ι
1517 629 1815 690 vocabitur,
1852 647 1870 679 ι

293 723 344 776 id
368 732 470 785 est,
523 723 611 790 qui
660 722 798 775 Deus
849 730 954 786 est,
993 722 1058 787 is,
1095 726 1234 790 quod
1269 721 1378 788 jam
1433 721 1558 773 olim
1591 719 1874 774 consilium

287 816 456 881 cepit,
495 814 732 882 Angelus
792 813 1096 867 vocabitur.
1145 813 1284 879 Quin
1335 827 1400 866 ne
1449 813 1571 880 quis
1632 813 1686 865 id
1733 813 1797 866 de
1827 811 1874 864 vi

302 905 531 973 quadam
586 904 902 970 incorporea
967 904 1166 955 dictum
1215 903 1459 971 fingeret,
1493 902 1661 955 Dcunt
1705 902 1876 954 nomi-

300 998 410 1054 nat,
466 990 829 1060 paulatimque
880 992 1026 1060 quod
1078 993 1369 1044 obseurum
1423 999 1541 1043 erat
1600 989 1653 1042 in
1703 989 1875 1043 lucem

294 1081 595 1149 proterens,
655 1081 771 1135 ait:
811 1098 828 1131 ι
895 1080 1094 1146 Fortis,
1151 1080 1370 1148 Potens,
1397 1079 1656 1150 Princeps
1705 1080 1874 1150 pacis,

299 1171 458 1226 Pater
488 1170 650 1226 futuri
683 1173 865 1228 szcculi
895 1173 960 1227 ⁸⁸.
1007 1191 1025 1224 ι

902 1306 1130 1362 CAPUT
1164 1305 1272 1361 VII.

657 1421 737 1475 Ex
772 1421 999 1475 Psalmis
1027 1421 1163 1474 idem
1207 1421 1518 1475 ostenditur.

370 1535 588 1590 Davidis
619 1549 830 1604 quoque
890 1536 1002 1588 haec
1031 1534 1298 1589 sententia
1323 1543 1443 1589 est:
1481 1552 1498 1586 ι
1540 1535 1680 1589 Ante
1709 1534 1874 1590 solem

295 1638 577 1698 permanet
601 1642 795 1682 nomen
825 1625 940 1695 ejus
969 1627 1034 1683 “.
1075 1645 1094 1678 ι

367 1721 490 1776 Jun.
522 1721 767 1790 Iniqmun
820 1721 978 1774 nobis
1034 1719 1245 1775 videtur
1273 1735 1391 1774 eam
1433 1719 1758 1776 sententiam
1789 1734 1876 1774 re-

295 1815 426 1870 ferri
467 1816 531 1867 ad
565 1814 861 1869 Christum.
907 1813 1146 1868 Dicimus
1179 1813 1378 1883 quippe
1422 1813 1876 1882 septuagesimum

294 1908 529 1976 primum
588 1906 849 1975 psalmum
906 1904 973 1958 de
1019 1919 1116 1958 suo
1162 1904 1270 1958 filio
1306 1903 1558 1958 Davidetn
1590 1905 1875 1958 cecinisse.

296 2001 476 2066 Quare
535 1999 724 2054 omitte
779 1999 896 2068 [hoc
956 1997 1266 2052 testimonio
1312 1996 1464 2052 abuti
1519 2004 1573 2053 et
1608 1996 1676 2052 ad
1716 1996 1878 2052 alium

302 2090 474 2145 transi
504 2091 846 2157 prophetam.

369 2184 592 2236 Cnaasr.
648 2180 814 2235 Deum
867 2180 1261 2236 immortaleml
1303 2179 1494 2236 Verum
1542 2181 1697 2237 Vatis
1721 2190 1883 2252 atque

296 2275 460 2345 Regis
523 2275 710 2335 Deum,
765 2283 970 2338 testor;
1014 2274 1176 2338 absit,
1221 2283 1279 2328 ut
1310 2289 1396 2328 me
1417 2274 1484 2329 ad
1511 2275 1670 2328 aliam
1702 2275 1870 2343 (Περυ-

302 2368 556 2419 tationem
610 2364 910 2431 conferam,
957 2365 1060 2419 nisi
1124 2365 1334 2433 psalmo
1381 2366 1528 2420 omni
1579 2367 1879 2436 pervoluto,

299 2458 585 2512 sentcntiae
633 2457 751 2526 ejus
793 2457 1260 2512 confirmationem
1305 2457 1662 2513 certissimam
1695 2457 1879 2512 dabo!

302 2549 472 2604 Nobis
492 2549 708 2618 quidem
732 2549 952 2602 dubium
1005 2563 1110 2602 non
1157 2558 1260 2614 est,
1294 2552 1423 2619 quin
1466 2548 1580 2603 haec
1608 2566 1622 2602 :
1655 2566 1674 2600 ι
1707 2548 1882 2612 Deus,

297 2640 559 2709 judicium
618 2649 768 2692 tuum
837 2638 971 2707 Regi
1017 2637 1105 2703 da,
1155 2647 1210 2694 et
1259 2637 1526 2707 justitiam
1582 2646 1727 2691 tuam
1777 2637 1886 2691 filio

304 2733 465 2802 Regis
497 2748 509 2784 :
536 2730 781 2801 judicare
835 2730 1086 2799 populum
1147 2739 1296 2784 tuum
1339 2731 1392 2784 in
1421 2730 1630 2798 iustitia
1668 2738 1722 2785 et
1753 2744 1885 2799 pau-

309 2838 464 2893 peres
528 2834 646 2878 tuos
696 2823 749 2876 in
793 2822 1020 2891 judicio.
1077 2822 1387 2891 Suscipiant
1451 2833 1660 2878 montes
1700 2837 1885 2892 pacem

307 2915 522 2984 populo,
557 2919 640 2968 σοι
702 2913 866 2968 colles
921 2912 1213 2981 justitiam.
1283 2911 1557 2968 Judicabit
1625 2927 1888 2982 pauperes

309 3007 514 3076 populi,
569 3013 622 3060 et
688 3005 870 3060 salvos
901 3003 1060 3059 faciet
1090 3003 1228 3059 filios
1271 3019 1589 3074 pauperum,
1626 3013 1681 3060 et
1705 3005 1885 3059 humi-

1364 328 1747 390 DIALOGUS
1787 327 2086 389 CONTRA
2139 328 2468 391 JUDt’EOS.

356 449 652 511 Caeterum,
718 446 886 502 Deum
940 461 1065 502 esse
1119 459 1241 502 eum
1313 445 1692 500 Consiliarium
1742 444 1876 514 (15),
1913 453 1950 502 Λ
1983 446 2122 499 sicut
2177 445 2445 501 stillicidia
2507 445 2764 502 stillantia
2812 461 2973 517 super
3027 455 3226 502 terram
3251 447 3341 502 ⁸⁸.

3443 331 3550 394 810

3405 467 3424 499 ι
3467 451 3558 503 Ille

1982 549 2089 586 non
2151 537 2324 588 solum
2380 552 2446 590 ex
2499 537 2784 601 adulterio,
2844 540 2938 592 sed
2995 539 3157 593 etiam
3213 555 3307 609 per
3355 539 3556 594 credent

1981 634 2267 694 susceptus
2327 637 2429 681 est.
2461 626 2610 692 Quod
2644 629 2783 682 Deus
2819 627 3079 697 ﬂagitium
3106 644 3205 698 per
3232 628 3440 684 Nathan
3475 645 3559 682 ar-

1980 715 2114 784 guit,
2154 731 2218 771 ac
2269 717 2443 785 palam
2506 717 2651 772 fecit.
2695 715 2879 785 Neque
2943 717 3191 787 equidem
3224 720 3337 773 lucc
3371 718 3558 772 animo

1983 805 2273 860 iusultandi
2307 806 2664 860 Dei-hominis
2710 806 3025 873 majoribus,
3066 807 3158 861 sed
3203 805 3558 875 reprimenda:

1979 899 2336 953 contumaciae
2406 908 2600 953 vestra:
2685 913 2867 963 causa,
2924 913 2953 952 a
3015 912 3102 951 me
3181 898 3555 966 proferuntur.

1987 1009 2005 1041 ι
2059 989 2278 1045 Orietur
2331 991 2380 1044 in
2441 991 2628 1045 diebtts
2687 989 2805 1060 ejus
2850 988 3085 1058 justitia,
3118 998 3171 1044 et
3227 989 3557 1046 abundantia

1978 1083 2148 1153 pacis,
2185 1081 2358 1136 donec
2382 1082 2659 1136 auferatur
2694 1082 2816 1135 luna
2849 1081 2917 1135 ⁸⁸.
2959 1098 2979 1132 ιι
3015 1080 3106 1134 Ille
3129 1096 3232 1133 non
3267 1083 3442 1145 modo,
3499 1093 3561 1135 ut

1981 1175 2253 1228 hominem
2309 1189 2404 1241 par
2457 1183 2560 1240 est,
2608 1173 2845 1241 dilapsus
2872 1179 2986 1238 est;
3037 1172 3130 1225 sed
3180 1186 3244 1226 eo
3305 1182 3562 1240 regnante

1979 1265 2150 1320 czedes
2184 1280 2286 1320 non
2345 1278 2552 1334 paucae,
2588 1272 2642 1318 et
2665 1262 3024 1332 captivitates,
3062 1262 3251 1330 quales
3278 1277 3557 1332 nunquam

1979 1365 2134 1422 ante,
2201 1366 2504 1410 consecutae.
2560 1363 2706 1410 sunt.
2753 1372 2771 1405 ι
2825 1351 2889 1407 Ει
2943 1351 3311 1407 dominabitur
3349 1353 3554 1407 amari

1979 1461 2149 1514 usque
2207 1447 2272 1500 ad
2328 1461 2511 1512 mare;
2544 1456 2598 1501 et
2651 1462 2680 1500 a
2712 1445 2933 1500 flumine
2985 1443 3259 1515 Euphrate
3295 1459 3463 1514 usque
3494 1447 3564 1498 ad

1981 1537 2242 1592 terminos
2291 1539 2438 1594 orbis
2498 1548 2786 1593 terrarum.
2837 1535 3031 1591 Coram
3111 1535 3202 1592 illo
3285 1536 3568 1606 procident

1981 1626 2264 1697 ΑΞιΙιίοῃεε
2295 1630 2359 1681 ⁸⁷.
2395 1647 2412 1680 ι
2465 1627 2558 1684 Ille
2585 1630 2752 1684 solius
2779 1627 2986 1697 paterni
3015 1628 3166 1697 regni
3199 1639 3414 1696 sceptra
3444 1643 3564 1682 meo

1980 1719 2200 1769 deratus
2245 1725 2359 1781 est;
2417 1717 2467 1768 id
2529 1717 2670 1785 quod
2739 1719 2919 1772 sciunt
2970 1732 3181 1783 omnes,
3223 1717 3315 1786 qui
3345 1715 3563 1771 Jttdaiei

1983 1809 2192 1878 imperii
2260 1810 2644 1862 meminerunt.
2707 1827 2726 1860 ι
2794 1809 2859 1862 Et
2909 1809 3111 1864 inimici
3177 1809 3297 1879 ejus
3360 1819 3563 1864 terram

1982 1900 2184 1970 Iingent
2208 1902 2274 1954 εδ.
2312 1919 2330 1952 ι
2369 1901 2516 1956 Illius
2568 1904 2749 1957 hostes
2772 1902 2906 1956 adeo
2953 1902 3227 1971 pulverem
3255 1917 3360 1957 non
3393 1903 3566 1959 liuxe-

1984 2002 2128 2056 runt,
2165 2002 2221 2045 ut
2249 1994 2408 2046 etiam
2434 1993 2742 2059 .leroboam,
2763 1993 2878 2061 ejus
2909 2008 3121 2054 servus.
3149 2009 3372 2065 regnum
3402 1997 3468 2047 ab
3500 2010 3565 2049 eo

1983 2091 2253 2148 avertens,
2279 2084 2404 2137 illud
2433 2083 2535 2138 sibi
2563 2085 2840 2154 usurparit
2869 2093 2921 2138 et
2973 2087 3274 2156 occuparit.
3331 2104 3350 2136 «
3393 2084 3565 2154 Reges

1983 2173 2207 2228 Tharsis
2239 2184 2291 2228 et
2321 2174 2506 2230 insula:
2547 2189 2769 2229 munera
2800 2173 3066 2230 oll'erent:
3127 2190 3283 2245 reges
3321 2175 3560 2230 Arabum

1988 2273 2042 2320 ct
2067 2265 2207 2319 Saba
2243 2265 2385 2319 dona
2417 2265 2690 2320 adducent
2726 2266 2790 2320 ‘9.
2837 2284 2855 2318 ι
2894 2266 3000 2319 Aut
3035 2281 3210 2336 reges,
3272 2265 3317 2319 si
3366 2266 3562 2334 placet,

1989 2352 2078 2421 qui
2109 2353 2236 2414 sint,
2267 2353 2430 2418 edite,
2448 2364 2504 2408 et
2526 2354 2664 2407 dona
2686 2353 2978 2423 profertote
3023 2354 3353 2426 (quanquam
3401 2355 3562 2409 etiam

1988 2447 2079 2500 diu
2135 2446 2471 2515 multumque
2526 2449 2755 2517 agendo,
2822 2459 3003 2503 actum
3031 2449 3264 2518 agetis);
3296 2458 3389 2502 aut
3421 2448 3565 2516 quod

1988 2537 2234 2606 sequitur
2279 2557 2292 2592 :
2332 2555 2350 2588 ‹
2392 2537 2457 2593 Ει
2509 2541 2810 2603 adorabunt
2859 2555 2980 2596 eum
3045 2557 3236 2596 onmes
3280 2557 3433 2612 reges
3464 2553 3572 2597 ter-

1987 2645 2062 2684 ra:
2094 2631 2161 2693 ⁷ο,
2191 2647 2209 2682 ι
2243 2639 2604 2686 commentmn
2637 2646 2823 2686 amens
2851 2643 3037 2703 arguet
3064 2652 3078 2689 :
3103 2652 3122 2686 σ
3162 2633 3362 2696 Omns-5
3379 2651 3569 2711 gentes

1988 2720 2225 2775 servient
2261 2720 2310 2774 ei
2350 2721 2418 2775 τί.
2460 2737 2479 2771 ι
2518 2719 2592 2773 1111
2639 2721 2774 2784 adeo
2816 2738 2920 2780 non
2962 2727 3284 2794 servierunt,
3333 2739 3390 2784 ut
3419 2741 3567 2799 βοει-

1989 2825 2151 2879 quam
2185 2813 2347 2866 vetita
2383 2813 2597 2885 legibus
2629 2817 2680 2869 in
2714 2815 2878 2871 Deum
2915 2819 3154 2886 admisit,
3205 2820 3394 2892 acjdiis
3441 2821 3568 2875 fana

1989 2908 2271 2974 excitavit,
2307 2911 2455 2964 Adad
2491 2909 2778 2977 Idumaeas,
2809 2922 2864 2968 et
2897 2913 3083 2969 Rakon
3132 2913 3374 2971 Damasci
3407 2930 3572 2984 regu-

1991 2999 2074 3054 lus
2101 3000 2172 3054 ab
2211 3015 2276 3055 co
2296 3000 2592 3056 defecerint
2616 3018 2630 3056 :
2664 3009 2989 3074 tantumque
3009 3003 3161 3059 abest
3190 3011 3249 3058 ut
3276 3019 3398 3056 eum
3435 3021 3570 3074 genu

308 3099 457 3152 Iiahit
479 3098 921 3151 calumniatorem
954 3095 999 3127 °’
1033 3112 1050 3162 ;
1091 3115 1110 3148 ι
1161 3097 1296 3162 hac,
1332 3097 1573 3165 inquam,
1607 3097 1791 3151 omnia
1821 3095 1885 3149 ad
1916 3118 1962 3181 ο
1995 3099 2074 3146 tes
2130 3091 2417 3156 coluerint,
2472 3100 2532 3146 ut
2595 3094 2661 3146 de
2695 3106 2919 3163 paterno
2951 3109 3049 3149 suo
3084 3109 3248 3164 regno
3279 3095 3456 3148 adhuc
3481 3110 3574 3150 su-

309 3191 580 3246 Cht-istom
645 3190 774 3259 quin
834 3198 1098 3258 spectent,
1158 3189 1312 3243 nobis
1364 3189 1588 3244 dubium
1635 3199 1884 3253 nonest;

309 3299 425 3350 quae
486 3298 579 3335 vos
644 3282 985 3351 detorquetis
1040 3290 1094 3335 et
1153 3281 1485 3351 pervertitis,
1516 3281 1614 3334 rati
1639 3281 1703 3336 de
1731 3280 1887 3335 Salo-

310 3392 466 3431 mone
504 3375 643 3442 dici;
705 3390 824 3439 nec,
852 3374 978 3428 dum
1005 3375 1289 3428 veritatem
1320 3375 1536 3438 lzeditis,
1567 3388 1664 3428 vos
1695 3373 1888 3428 Iredere

307 3468 645 3521 arbitramini
674 3483 689 3532 ;
723 3477 804 3520 est
843 3468 1010 3531 enim,
1049 3468 1296 3536 quisquis
1329 3465 1562 3529 laeditur,
1592 3465 1658 3518 ad
1695 3464 1884 3519 defen-

306 3561 508 3611 sionem
573 3569 872 3626 promptus.
921 3558 1099 3626 Atque
1128 3573 1226 3626 ego
1269 3558 1422 3611 vobis
1453 3557 1585 3610 nihil
1623 3557 1889 3626 superbis

310 3646 671 3712 respondebo,
731 3645 822 3698 sed
877 3645 991 3714 ipse
1046 3645 1236 3713 psalmi
1277 3655 1466 3699 auctor
1513 3646 1889 3714 David,cujus

311 3736 500 3786 sctnini
543 3735 841 3802 premissus
894 3734 1161 3800 Christus,
1229 3738 1341 3806 lyra
1412 3737 1646 3807 Spiritus
1680 3740 1888 3802 sancti,

307 3826 457 3878 vobis
515 3842 576 3879 os
613 3826 912 3890 obturans,
963 3826 1044 3880 sic
1073 3841 1236 3896 porro
1289 3827 1554 3896 psalmum
1605 3838 1892 3897 pertexens

307 3919 495 3971 scribit
529 3936 543 3971 :
583 3936 600 3968 ‹
640 3917 704 3970 Ει
759 3920 1099 3985 permanebit
1150 3934 1272 3974 cum
1306 3919 1430 3974 Sole
1463 3920 1530 3972 ⁸⁸.
1564 3940 1582 3971 ι
1626 3921 1763 3974 Νιιιιι
1790 3919 1890 3974 Sa-

306 4016 488 4063 lomon
545 4013 706 4080 igitur
731 4009 919 4064 taudiu
973 4010 1221 4075 duravit,
1255 4013 1487 4080 quandiu
1513 4010 1641 4065 Sol?
1673 4020 1729 4066 et
1757 4027 1892 4080 quo-

311 4101 512 4155 modo?
559 4103 652 4170 qui
722 4117 821 4156 nec
873 4110 1079 4170 patrem
1132 4103 1291 4157 annis
1317 4102 1468 4172 regni
1505 4104 1801 4172 superavit.
1824 4103 1892 4156 Et

312 4193 530 4247 Davidis
577 4195 682 4245 alio
713 4193 920 4261 psalmo
976 4194 1091 4247 haec
1120 4202 1244 4248 sunt
1272 4194 1433 4248 verba
1471 4211 1484 4248 :
1520 4211 1537 4244 ι
1570 4194 1695 4247 Dies
1725 4209 1892 4248 anuo-

318 4299 433 4336 rum
472 4293 785 4336 nostrorum
821 4283 875 4338 in
929 4283 1056 4351 ipsis
1078 4285 1414 4354 septuaginta
1443 4284 1599 4350 anni;
1631 4285 1676 4338 si
1710 4293 1889 4338 autem

307 4373 360 4428 in
425 4375 795 4442 potentatibus
843 4377 1119 4443 octoginta
1173 4375 1322 4440 anni,
1353 4384 1408 4430 et
1455 4376 1682 4444 amplius
1704 4390 1888 4430 eorum

1991 3188 2199 3250 perstes
2243 3197 2272 3235 a
2327 3182 2434 3238 Deo
2490 3185 2741 3248 audierit,
2783 3194 2993 3256 ruptum
3046 3186 3423 3255 revulsumque
3453 3188 3572 3255 ejus

1990 3289 2233 3342 regnum,
2296 3290 2475 3341 servo,
2526 3291 2631 3330 non
2693 3277 2802 3332 ﬁlio
2843 3276 3155 3330 donandum
3205 3278 3272 3330 τί.
3336 3277 3411 3331 De
3464 3293 3571 3346 qun

1992 3366 2158 3436 igitur
2177 3367 2487 3435 psalmodus
2513 3369 2778 3438 psalmum
2803 3369 3014 3424 edidit?
3067 3385 3184 3440 quas
3233 3369 3376 3424 enim
3423 3369 3570 3424 dixi-

1993 3475 2114 3513 ntus
2159 3459 2503 3514 Salomonem
2534 3462 2688 3530 plane
2725 3461 3010 3531 repellunt.

2060 3551 2185 3608 Jun.
2214 3551 2366 3618 Quod
2397 3553 2450 3606 in
2481 3552 2822 3607 Salomonem
2861 3554 3060 3622 scripta
3110 3568 3212 3609 non
3241 3553 3370 3616 sint,
3404 3553 3571 3621 probe

1988 3642 2099 3711 jam
2125 3653 2181 3697 et
2214 3643 2491 3711 explorate
2529 3655 2771 3700 tenemus
2803 3661 2818 3711 ;
2881 3645 2933 3699 in
2966 3660 3124 3714 quem
3167 3646 3351 3709 alium,
3392 3647 3574 3700 nesci-

1995 3750 2133 3788 lllllS.

2061 3824 2289 3878 Cuntsr.
2349 3824 2596 3895 Utrique,
2635 3828 2680 3882 si
2718 3829 2948 3896 videtur,
2983 3830 3238 3886 Davidem
3286 3846 3573 3903 perconte-

1993 3931 2137 3972 mur.

2009 4029 2015 4036 -
2065 4006 2190 4064 Jun.
2244 4009 2520 4073 Davidcm,
2583 4020 2658 4064 tot
2723 4026 2891 4066 annos
2921 4012 3034 4080 jam
3095 4023 3362 4069 mortuum
3406 4016 3570 4071 hodie

1998 4100 2360 4168 respondere?

2066 4190 2290 4245 Cumsr.
2333 4191 2698 4261 Respondebit
2728 4209 2881 4258 sane,
2937 4195 3069 4250 mihi
3115 4199 3338 4265 credite,
3376 4200 3420 4254 si
3451 4211 3572 4253 stu-

1994 4283 2144 4339 diose
2175 4301 2505 4354 quaeramus.
2554 4288 2699 4343 Cedo
2746 4288 2934 4354 David,
2967 4292 3087 4359 quis
3117 4291 3206 4345 hic
3237 4302 3339 4356 est,
3371 4294 3437 4347 de
3465 4311 3573 4361 quo

1994 4375 2175 4430 dixisti
2200 4393 2213 4430 :
2241 4395 2258 4427 ι
2288 4375 2704 4445 Etpermanebit
2725 4396 2842 4434 cum
2863 4381 2976 4436 sole.
2991 4391 3044 4436 et
3085 4393 3211 4439 ante
3249 4385 3429 4438 lunam
3455 4387 3522 4442 "'.
3552 4407 3570 4436 ο

305 4464 458 4518 labor
483 4473 534 4518 et
567 4465 717 4519 dolor
742 4463 809 4519 “.
845 4483 863 4515 ι
897 4464 1074 4531 Quare
1106 4475 1285 4536 potest
1308 4467 1472 4520 etiam
1505 4469 1687 4535 plures
1723 4483 1893 4523 annos
1919 4457 1970 4515 D
2002 4465 2062 4517 Et
2092 4465 2219 4518 illttd
2260 4483 2273 4518 :
2309 4483 2327 4516 ι
2368 4467 2508 4520 Ante
2567 4467 2732 4522 solem
2759 4483 3036 4538 permanet
3068 4487 3268 4526 nomen
3292 4473 3410 4542 ejus
3444 4475 3510 4539 ⁷³,
3551 4495 3570 4525 ι

308 4557 437 4608 vivi.
475 4553 698 4620 Videtis,
726 4567 781 4609 ut
814 4556 980 4610 David
1015 4558 1181 4610 liliqu
1223 4560 1290 4612 ab
1332 4559 1434 4612 hoc
1464 4567 1650 4614 nostro
1682 4560 1891 4628 psalmo

309 4645 628 4699 removeat?
693 4645 826 4698 Nam
861 4646 904 4700 si
962 4645 1268 4701 Salomonis
1332 4647 1437 4700 vita
1476 4647 1542 4700 ad
1623 4649 1895 4716 octoginta

312 4751 484 4790 annos
533 4753 638 4791 non
696 4736 942 4806 pervenit
1000 4738 1139 4806 (H),
1175 4739 1266 4807 qui
1308 4739 1546 4805 tandem,
1577 4748 1631 4792 et
1658 4739 1892 4808 quandiu

309 4824 413 4889 sol,
439 4835 492 4880 ct
519 4843 627 4896 prae
652 4822 773 4880 luna
802 4827 1068 4881 durabit?
1101 4828 1290 4899 Neque
1304 4844 1434 4884 vero
1457 4829 1508 4883 id
1537 4831 1712 4884 obiter
1731 4832 1892 4896 dixit,

309 4920 404 4974 sed
437 4921 643 4976 addidit
671 4938 684 4975 :
708 4939 727 4972 ι
755 4921 810 4975 In
843 4922 1250 4992 generationem
1283 4932 1339 4977 et
1386 4924 1832 4994 generationem;
1867 4942 1886 4974 ›

308 5010 556 5068 Salomon
615 5023 792 5068 autem
816 5014 1008 5069 mediis
1063 5015 1396 5084 temporibus
1431 5016 1498 5070 ab
1520 5016 1652 5071 Orbe
1679 5018 1896 5071 condito

308 5110 465 5156 natus
521 5111 646 5157 est:
692 5122 711 5155 ι
759 5103 1063 5159 Descendet
1116 5104 1255 5158 sicut
1309 5105 1486 5173 pluvia
1523 5104 1576 5158 in
1618 5105 1810 5169 vellus,
1839 5115 1894 5159 et

392 5331 438 5363 ⁸⁸
481 5330 586 5385 Isa.
619 5332 770 5396 ",6.
846 5333 888 5365 ⁶¹
922 5330 1062 5384 Psal.
1093 5346 1242 5392 ιλιι,
1273 5333 1356 5385 17.

311 5417 437 5455 uxr
472 5404 523 5456 6.
558 5403 601 5432 ⁶⁶
634 5404 764 5456 ihid.
794 5402 844 5465 7,
877 5405 932 5455 8.
993 5402 1035 5438 ⁸⁷
1070 5402 1200 5454 ihid.
1230 5403 1282 5457 8.

309 5471 357 5501 ⁷³
391 5473 525 5526 I‘SaI.
571 5487 718 5534 ωιχι,
755 5475 806 5526 5.
887 5474 936 5504 ⁷⁵
1009 5471 1260 5526 ibid.17~.

1360 5401 1402 5432 ⁸⁸
1432 5403 1562 5456 ibitl.
1593 5405 1645 5455 9.
1721 5405 1764 5435 ⁵³

1338 5473 1382 5503 ⁷³
1414 5473 1545 5526 ibid.
1589 5474 1670 5526 l8.

386 5695 493 5760 (15)
516 5693 768 5749 Nazianz.
831 5697 882 5748 iu
909 5693 1149 5749 Natalem
1175 5705 1228 5748 et
1248 5695 1303 5750 S.
1349 5695 1575 5750 Pascha.

383 5766 490 5835 U4)
523 5768 632 5819 ltno
680 5765 946 5834 .loseplttts
973 5783 1073 5818 non
1103 5772 1528 5833 octogenarium,
1579 5768 1670 5822 sed
1705 5783 1875 5819 nona-

698 5863 968 5924 PATROL.
997 5864 1092 5923 GR
1155 5863 1470 5924 CXXXIII.

1441 5333 1498 5405 up
1549 5331 1688 5386 [δεδι.
1721 5347 1869 5392 LXXI.
1919 5334 1940 5388 1
1997 5350 2146 5405 εοτιίι-

1995 4568 2300 4624 czcteraque
2325 4572 2447 4626 qua:
2484 4572 2547 4611 eo
2582 4559 2786 4627 psalmo
2815 4561 3102 4616 cecinisti?
3136 4563 3268 4629 Quis
3315 4564 3576 4619 Dominus

1995 4645 2360 4701 lsraelitarum
2393 4648 2534 4702 Deus
2584 4649 2992 4716 prazdicandus?
3024 4671 3042 4703 ‹
3080 4651 3399 4707 Benedictus
3427 4656 3574 4708 cuint

1998 4737 2259 4792 Dominus
2303 4738 2444 4792 Deus
2478 4737 2642 4794 Israel
2691 4758 2703 4793 :
2746 4748 2799 4793 et
2841 4742 3182 4796 benedictum
3235 4758 3428 4798 nomen
3461 4759 3578 4797 ma-

1993 4829 2206 4898 jestatis
2267 4830 2380 4898 ejus
2408 4831 2460 4885 in
2504 4827 2792 4896 aeternum,
2827 4841 2879 4888 et
2945 4834 3237 4902 replebitur
3296 4835 3577 4903 majestate

2000 4922 2118 4990 ejus
2148 4923 2326 4975 omnis
2363 4932 2531 4985 terra,
2567 4923 2682 4988 fiat,
2715 4923 2809 4977 [iat
2839 4925 2906 4979 τ’.
2962 4943 2980 4976 ›

2070 5013 2208 5078 Quid
2271 5015 2470 5083 igitur?
2511 5013 2636 5070 Haec
2705 5016 2996 5083 sufﬁciunt,
3045 5033 3111 5072 an
3141 5027 3194 5074 et
3233 5019 3379 5088 plura
3411 5017 3574 5071 adde-

2002 5106 2172 5159 mus?
2223 5107 2418 5162 Audite
2469 5107 2733 5163 dicentem
2793 5109 2985 5165 Isaiam
3017 5126 3032 5164 :
3063 5131 3082 5164 ι
3148 5112 3279 5178 Quis
3329 5126 3394 5164 ex
3425 5108 3575 5162 vobis

2231 5336 2274 5366 ⁸³
2329 5335 2460 5389 ibid.
2491 5335 2545 5390 5.
2635 5334 2680 5366 “
2711 5337 2849 5392 Psal.
2891 5351 3089 5391 LXXXIX
3121 5377 3136 5400 ,
3184 5335 3272 5390 10.
3347 5331 3392 5364 ⁸⁸
3428 5331 3571 5388 Psal-

1826 5405 1954 5459 ibid.
2008 5409 2072 5460 10
2112 5404 2190 5437 “⁷⁰
2248 5405 2381 5459 ibid.
2434 5407 2520 5461 11.
2590 5407 2631 5438 '“
2685 5407 2812 5461 ibid.
2891 5409 2934 5439 ⁷³
2988 5408 3026 5460 II
3064 5406 3193 5477 R-g.
3223 5421 3283 5471 tt,
3331 5404 3381 5456 I.
3415 5418 3572 5472 seqq.

1999 5696 2276 5763 genarium
2357 5706 2626 5750 mortuum
2680 5693 3024 5749 Salomonem
3091 5695 3326 5749 ostendit
3378 5693 3415 5748 1.
3477 5705 3573 5750 vm

1993 5771 2170 5835 Attliq.
2203 5783 2252 5819 C.
2285 5766 2337 5820 5.

3101 5859 3176 5921 26
