4044 6418
439 315 538 382 Sil

1651 303 2079 367 ANDRONICI
2123 303 2473 366 COMNENI

3619 311 3734 371 Si?

442 429 646 482 timens
701 421 1012 486 Dominum,
1065 418 1246 474 audiet
1277 427 1461 470 vocem
1488 413 1633 468 servi
1665 413 1746 468 sui
1782 413 1875 466 7“il
1905 432 1922 464 ι
1958 412 2022 466 Et
2054 427 2093 483 Α
2127 414 2382 482 prehendi
2419 427 2576 482 posse
2611 413 2872 482 prresciit,
2936 415 3146 486 smgula
3182 416 3390 472 detexit
3422 434 3436 472 :
3463 434 3584 489 quzc
3616 439 3729 475 ttutt

444 519 725 590 Sapientia
764 536 776 572 :
821 537 839 570 ι
877 516 1010 570 Cum
1049 528 1223 567 meum
1257 509 1449 563 Filium
1471 523 1579 561 non
1605 507 1896 568 attdierint,
1932 521 2033 573 ego

441 623 656 681 quoque
710 623 804 662 eos
835 622 940 660 non
973 605 1279 666 exaudiam,
1316 600 1449 684 dicit
1497 599 1755 652 Dominus
1781 597 2035 666 omnipo-

444 716 558 756 tens
594 703 662 756 ⁷⁷.
701 719 719 750 t
751 700 818 754 Et
877 698 1037 763 0~ee,
1067 713 1128 750 ex
1180 709 1410 762 persona
1444 693 1535 747 Dei
1573 710 1587 746 :
1627 710 1644 743 ι
1690 691 1769 746 Ex
1800 690 2034 761 ὥρῃ)ῑο

447 793 630 848 vocavi
667 793 830 844 filium
870 805 1046 843 meum
1081 790 1198 859 ηε.»
1227 795 1291 841 tit
1324 785 1511 848 David,
1541 803 1559 836 ι
1600 785 1744 837 Dixit
1775 781 2035 836 DOmiuus

441 887 674 941 Domino
704 899 824 937 meo
845 884 912 936 ⁷⁸.
949 900 968 933 t
1009 882 1081 936 De
1115 884 1216 935 hoc
1245 881 1409 948 igitur
1439 877 1567 946 quid
1603 875 1874 931 censetis?
1902 873 2034 940 Quis

445 978 582 1031 alius
619 975 878 1029 Dominus
907 973 1134 1027 Domino
1165 971 1334 1026 dixit?
1362 981 1453 1024 aut
1484 971 1569 1024 cui
1607 969 1759 1022 alteri
1787 966 2034 1028 Domino,

442 1087 606 1142 quam
634 1068 890 1122 Dominus
937 1068 1077 1122 Deus
1105 1067 1284 1130 Pater,
1344 1065 1592 1129 Domino,
1651 1063 1704 1116 id
1737 1073 1840 1126 est,
1881 1061 2033 1130 ejus-

443 1167 565 1217 dem
621 1171 830 1214 natura:
877 1159 990 1214 Deo
1013 1169 1067 1214 et
1101 1159 1282 1213 Filio?
1314 1158 1480 1211 Nemo
1531 1155 1674 1212 enim
1728 1153 1864 1208 alius
1929 1153 2037 1207 Deo

447 1265 502 1309 et
527 1255 671 1309 Patri
701 1255 892 1308 dexter
917 1253 1139 1317 assidet,
1175 1267 1338 1323 quain
1368 1251 1606 1321 ejusdem
1642 1259 1847 1302 natura:
1898 1245 2039 1300 Deus

449 1356 504 1399 et
528 1344 719 1399 Filius.
746 1342 900 1410 Quod
937 1345 1276 1398 verissimum
1302 1357 1440 1406 esse,
1473 1341 1702 1410 accipite
1727 1354 1789 1393 ex
1817 1337 2037 1403 Davide,

444 1437 524 1491 sic
589 1435 754 1506 paulo
791 1446 912 1504 post
958 1437 1233 1490 scribente
1270 1451 1284 1488 :
1315 1452 1334 1486 ι
1363 1434 1440 1488 Ex
1475 1443 1633 1488 utero
1669 1442 1794 1486 ante
1820 1429 2038 1484 Lucife-

448 1544 569 1581 rum
595 1530 756 1597 genui
789 1539 840 1580 to
861 1529 928 1582 ⁸ο.
963 1546 981 1579 ι
1013 1526 1122 1582 Cur
1143 1528 1285 1580 enim
1311 1542 1419 1580 non
1447 1545 1467 1577 ί
1507 1540 1573 1578 ex
1605 1533 1757 1579 utero
1785 1542 1805 1576 ι
1841 1525 2034 1586 solum,

448 1629 541 1673 aut
579 1638 596 1670 ι
625 1630 750 1673 ante
782 1618 1088 1673 Luciferum
1124 1637 1142 1670 ι
1180 1618 1359 1672 dixit?
1391 1617 1458 1673 Ut
1495 1617 1657 1670 unius
1694 1625 1898 1668 natura:
1918 1628 2037 1666 cum

447 1715 608 1771 Patre
652 1715 844 1770 Filium
898 1715 1231 1770 ostenderet.
1284 1713 1420 1768 Nam
1461 1714 1602 1784 quod
1641 1730 1660 1762 ι
1715 1724 1780 1765 ex
1818 1717 1972 1763 utero
2010 1725 2030 1758 ι

2138 517 2381 574 possent,
2438 520 2499 558 ca
2549 505 2808 584 subjectis
2855 507 2956 561 sub
3009 523 3225 561 sensum
3284 511 3548 579 exemplis
3603 513 3735 581 qui-

2133 598 2361 652 busdam
2411 597 2672 652 ostendit.
2731 599 2908 668 Atque
2975 599 3104 654 huic
3171 611 3371 656 nostra:
3442 606 3732 660 sententia:

2137 689 2502 743 testimonium
2536 690 2664 742 dicit
2711 688 2966 745 Salomon
3000 709 3014 746 :
3053 710 3072 742 σ
3104 690 3260 759 Quod
3308 693 3352 746 si
3389 693 3641 749 virtutem
3674 707 3735 750 et

2134 795 2297 848 Opera
2320 791 2698 836 creaturarum
2747 782 2924 836 mirati
2958 793 3103 848 sunt,
3135 798 3192 838 ιιι
3215 784 3350 839 deos
3393 788 3733 853 putaverint,

2139 870 2444 939 intelligant
2495 871 2564 926 ab
2598 873 2722 936 illis,
2746 875 3000 943 quoniam
3059 877 3148 945 qui
3200 878 3314 929 haec
3358 875 3507 942 fecit,
3537 877 3735 931 fortior

2136 974 2217 1019 est
2265 965 2370 1020 illis
2440 965 2508 1020 ⁸⁸.
2554 985 2572 1017 ι
2621 964 2807 1034 Itaque
2857 966 2902 1021 si
2959 978 3012 1020 et
3072 983 3164 1020 vos
3213 984 3276 1022 ex
3308 969 3375 1022 iis
3397 985 3515 1035 quze
3545 979 3730 1022 creata

2138 1067 2288 1122 sunt,
2319 1068 2480 1126 atque
2533 1057 2614 1112 his
2651 1059 2754 1112 sub
2780 1073 2997 1112 sensum
3049 1057 3307 1126 sttl-jectis
3343 1061 3503 1113 rebus
3535 1077 3734 1113 mann-

2140 1150 2308 1212 dliCli,
2357 1149 2447 1202 Dei
2507 1150 2912 1218 generationem
2973 1152 3179 1218 absque
3244 1141 3602 1218 perpessione
3631 1151 3732 1205 ad-

2143 1241 2382 1304 mittitis,
2437 1241 2703 1311 planeqtte
2759 1242 3129 1304 confitemini;
3199 1257 3361 1310 quant
3428 1243 3561 1296 bella
3614 1245 3734 1298 tunc

2139 1341 2320 1385 vestra
2384 1343 2466 1385 est
2492 1332 2803 1386 confessio?
2855 1333 2948 1385 Siti
2977 1333 3155 1386 adhuc
3212 1334 3742 1402 antiqutnnohtine-

2144 1424 2234 1488 tis,
2305 1423 2447 1494 phy!
2511 1423 2708 1478 fcedam
2781 1435 3018 1478 vestram
3077 1428 3464 1494 arrogantiam,
3529 1442 3632 1496 qua
3658 1442 3734 1482 cx

2142 1514 2262 1568 aliis
2292 1515 2343 1568 itt
2373 1515 2508 1570 alias
2531 1516 2857 1583 quaestiones
2880 1531 2942 1570 ac
2973 1517 3320 1572 defensiones
3344 1518 3734 1572 revolventur!

2145 1607 2299 1663 Unde
2325 1613 2549 1678 putatis,
2583 1611 2671 1664 lux
2695 1612 2956 1682 gignitur,
2986 1625 3106 1680 qua:
3159 1627 3376 1667 omnem
3409 1615 3489 1668 cis
3523 1615 3736 1669 caelum

2143 1700 2331 1754 orbem
2361 1701 2640 1770 pervadit?

447 1809 544 1871 ait,
595 1807 732 1861 niltil
761 1806 928 1872 aliud,
988 1820 1150 1876 quant
1206 1815 1399 1860 natura
1455 1802 1769 1870 viribusmtc
1824 1813 2034 1869 parent,
2068 1773 2112 1833 Β
2210 1809 2433 1866 199,15;
2469 1811 2606 1867 301e,

444 1910 607 1970 atque
647 1908 934 1968 cngnatum
988 1900 1164 1966 palam
1207 1897 1406 1951 innuit.
1458 1894 1558 1961 Qui
1587 1908 1820 1962 namque
1862 1891 2037 1962 possit

443 1973 588 2045 aliud
643 2005 707 2043 ex
757 1999 912 2043 utero
960 1989 1129 2058 gigni,
1174 2003 1336 2057 quam
1380 1985 1618 2056 gignenti
1664 1993 1952 2054 cognatum
1982 1991 2039 2039 et

442 2081 834 2137 censentiens?
889 2080 1043 2146 Quod
1104 2097 1123 2132 ι
1179 2087 1307 2135 ante
1349 2077 1681 2143 Luciferum,
1737 2094 1756 2128 ι
1815 2090 2037 2144 compe-

442 2187 688 2240 rennem,
754 2180 1035 2242 expertem
1059 2186 1210 2241 aeque
1257 2169 1530 2241 principii,
1563 2178 1617 2224 et
1636 2169 1734 2224 αξνὶ
1762 2175 2034 2222 auctorem

450 2263 647 2319 Filium
685 2264 956 2335 designat.

509 2354 632 2412 Jun.
666 2355 834 2411 Deunt
861 2357 1260 2412 immortalem!
1296 2357 1369 2410 ita
1405 2369 1506 2411 nos
1543 2353 1797 2418 obruisti,
1839 2361 2039 2423 ntqnae

444 2449 654 2512 dixisti,
707 2448 866 2503 facile
952 2451 1088 2503 satis
1135 2449 1267 2513 sint,
1322 2462 1421 2502 nec
1480 2446 1563 2500 vel
1610 2446 1894 2500 minimum
1937 2445 2033 2510 sit,

447 2541 589 2606 quod
632 2549 820 2592 contra
893 2538 1158 2595 dicamus.
1212 2537 1318 2592 Sed
1364 2535 1567 2607 religio
1615 2545 1700 2590 est
1751 2535 1930 2600 nobis,
1956 2534 2038 2590 vel

445 2634 686 2700 cogitare
711 2631 880 2685 Dettnt
911 2629 1173 2701 genitum.
1203 2629 1438 2700 Gignere
1459 2628 1604 2684 enim
1633 2627 2036 2698 perpessionem

446 2733 632 2784 notat;
680 2723 845 2776 Deunt
907 2737 1038 2776 vero
1091 2737 1280 2777 omnes
1316 2737 1424 2776 uno
1481 2735 1577 2777 ore
1604 2728 1760 2776 vates
1818 2719 2039 2788 impati-

445 2817 610 2870 bilem
653 2825 710 2870 et
740 2817 1109 2884 incorruptum
1149 2815 1465 2883 praedicant.

517 2930 747 2986 Cunts'r.
801 2929 919 2986 Jam
980 2944 1076 2986 vos
1106 2929 1416 2999 Scripturas
1441 2929 1579 3000 jussi
1641 2928 2039 2996 scrutari;nec

446 3023 591 3093 quod
630 3022 681 3075 itt
715 3021 894 3075 littera
919 3027 1004 3076 est
1055 3035 1296 3076 crassum
1353 3030 1516 3090 atque
1552 3019 1767 3090 pingue,
1803 3020 2035 3087 intueri;

2210 1907 2440 1962 CIIRIS'I‘.
2516 1907 2582 1961 Et
2624 1907 2881 1978 aliquane
2938 1909 3079 1964 inter
3123 1911 3289 1966 solem
3331 1923 3492 1982 atque
3549 1913 3735 1970 lucem

2137 2000 2414 2068 perpessio
2467 1999 2709 2068 interest,
2739 2014 2859 2054 cum
2889 2012 2919 2052 a
2950 2005 3061 2055 sote
3089 2000 3172 2055 lux
3197 2005 3450 2059 emanat?

2207 2089 2329 2145 Jun.
2369 2089 2610 2148 Minime.

2207 2183 2436 2240 Catus-1.
2472 2184 2612 2250 Quid
2642 2201 2770 2241 vero
2831 2189 3036 2256 radius,
3069 2191 3210 2245 ttnde
3244 2190 3488 2258 creditis,
3513 2191 3735 2246 oritur?

2209 2275 2332 2330 Jun.
2368 2275 2407 2330 E
2445 2277 2559 2331 sole
2588 2279 2770 2334 itidem
2799 2296 2895 2350 per
2926 2282 3125 2338 lucent.

2207 2367 2434 2424 CHRIST.
2470 2369 2623 2424 [ladii
2661 2385 2824 2439 porro
2849 2374 2916 2428 ab
2946 2373 3060 2429 sole
3083 2373 3410 2432 etlluentiam
3433 2376 3570 2432 citra
3605 2392 3733 2445 per-

2137 2458 2440 2528 pessionem
2473 2460 2586 2516 fieri
2609 2463 2980 2520 confitemini?

2211 2549 2332 2606 Jun.
2370 2552 2512 2608 Sane
2547 2555 2618 2608 ita
2653 2570 2765 2611 rent
2795 2559 2994 2613 habere
3012 2560 3357 2616 confitemur.

2216 2642 2444 2701 Cnats'r.
2507 2647 2774 2711 Quoniam
2831 2652 2910 2704 sic
2966 2651 3166 2708 habere
3219 2653 3567 2722 confitemini,
3624 2658 3730 2710 ad-

2139 2736 2298 2791 datur
2319 2749 2374 2792 et
2401 2737 2629 2792 alterum
2657 2742 2968 2811 exemplum
3015 2744 3138 2798 hoc.
3170 2744 3321 2800 Metrs
3344 2747 3727 2816 cogitationi-nt

2139 2829 2328 2898 gignit,
2385 2845 2489 2899 qua
2535 2832 2717 2900 genita
2770 2849 2866 2902 per
2923 2835 3267 2890 articulatam
3331 2853 3516 2892 vocem
3562 2854 3731 2893 sensa

2138 2921 2312 2988 palam
2369 2920 2517 2975 facit.
2557 2921 2652 2975 Est
2680 2933 2860 2978 autem
2893 2925 3212 2995 itnpatibilis
3253 2936 3308 2982 et
3338 2943 3512 2993 mens,
3547 2938 3602 2984 et
3637 2945 3734 2983 co-

2139 3010 2347 3080 gitatio,
2396 3023 2451 3067 et
2471 3029 2605 3078 vox;
2631 3018 2980 3084 quantumvis
3027 3029 3179 3074 actus
3205 3035 3298 3074 aer
3321 3037 3419 3077 vox
3451 3022 3682 3077 efficitur
3714 3041 3732 3078 :

446 3116 542 3169 sed
573 3113 733 3168 dubia
764 3121 949 3166 vatum
982 3118 1038 3168 et
1087 3112 1321 3168 obscura
1377 3113 1519 3167 dicta
1582 3122 1837 3181 tanquam
1872 3127 2033 3166 manu

2146 3117 2244 3156 vox
2295 3103 2466 3158 animi
2501 3107 2637 3159 scita
2695 3107 2746 3161 itt
2787 3107 2962 3164 lucem
2990 3110 3217 3179 profert.
3256 3113 3431 3182 Atque
3469 3115 3521 3170 id
3553 3117 3736 3170 veris-

445 3219 666 3276 capere,
724 3204 1018 3273 omniaque
1063 3203 1130 3258 ad
1155 3202 1320 3257 Deum
1372 3203 1599 3258 referre.
1625 3203 1814 3273 Itaque
1848 3203 2029 3273 legite,

447 3304 508 3351 ut
555 3295 866 3364 intelligatis
904 3311 917 3349 :
951 3295 1096 3365 quod
1152 3295 1196 3350 si
1256 3294 1558 3366 intelligere
1602 3309 1709 3349 non
1753 3294 1934 3363 vultis,
1967 3310 2035 3350 ne

448 3388 612 3457 legite
639 3389 896 3458 quidem;
932 3402 1021 3452 ne,
1046 3401 1167 3456 qua!
1194 3385 2033 3456 legitisabsurdeintelligentes,

443 3480 802 3533 damnemini.
852 3480 925 3533 De
963 3478 1064 3534 hoc
1125 3477 1268 3533 enim
1300 3479 1561 3547 propheta
1596 3478 1888 3548 praedixit;
1932 3494 2036 3534 ne-

446 3585 552 3640 que
601 3570 745 3623 enim
782 3570 836 3624 id
861 3584 962 3640 ego
1019 3569 1164 3635 dico,
1228 3568 1462 3638 aliquem
1521 3584 1756 3638 unquam
1817 3578 2034 3624 sancto-

457 3677 580 3718 rum
636 3671 816 3716 vatum
883 3664 949 3716 ad
1000 3663 1196 3717 divinae
1251 3673 1453 3717 naturae
1493 3662 2034 3732 comprehensionem

447 3762 785 3821 penetrasse.
847 3752 914 3806 Et
965 3753 1220 3823 quisnam
1272 3754 1436 3824 igitur
1486 3755 1577 3809 Dei
1625 3763 1880 3808 aeternam
1943 3769 2040 3824 ge-

448 3847 785 3901 nerationem
830 3844 1011 3915 affari,
1057 3847 1392 3916 dicendoque
1435 3847 1692 3916 consequi
1759 3846 1917 3912 ausit,
1948 3854 2039 3900 aut

445 3938 666 4010 possit?
691 3937 826 3993 Nam
866 3939 956 3994 ubi
999 3953 1098 3994 nec
1120 3947 1352 4008 tempus,
1378 3953 1481 3992 nec
1502 3953 1678 3992 aevum
1717 3939 2034 4003 intervenit,

438 4037 557 4088 'tton
589 4040 862 4102 spectator
894 4030 1093 4096 adfuit,
1149 4046 1254 4086 non
1291 4043 1490 4101 praesto
1520 4044 1602 4087 est
1623 4033 1913 4101 interpres,
1945 4031 2036 4102 qui

443 4134 619 4195 potest
643 4126 844 4181 veritas
871 4125 923 4178 in
948 4133 1227 4192 aspectum
1269 4124 1554 4197 lucemque
1581 4124 1811 4196 proferri
1837 4125 1861 4180 i‘

1020 4262 1252 4319 CAPUT
1305 4263 1444 4319 VIII.

447 4394 727 4451 Generatio
811 4395 990 4450 divina
1054 4406 1221 4450 mente
1311 4395 1675 4466 comprehendi
1729 4395 1932 4465 nequit,
1988 4403 2037 4448 et

1033 4468 1294 4536 quomodo
1322 4468 1441 4534 ﬁat.

475 4561 618 4636 .Sin
677 4582 752 4636 illi
811 4581 1118 4636 Salomonis
1174 4582 1434 4651 parebitis
1498 4581 1801 4635 monitou
1854 4581 2034 4635 Ama-

449 4675 730 4744 gnituditte
785 4674 988 4744 speciei
1034 4684 1088 4728 et
1135 4683 1399 4728 creaturae
1461 4674 1905 4742 cognoscibiliter
1939 4690 2035 4744 po-

453 4769 579 4821 terit
633 4776 848 4821 creator
902 4767 1094 4819 horum
1151 4764 1320 4818 videri
1372 4765 1458 4831 ⁸¹.;
1517 4783 1536 4815 ι
1600 4765 1757 4820 facile
1804 4776 1859 4819 ct
1896 4769 2033 4820 hanc

452 4875 721 4912 summam
779 4856 1145 4910 diﬂicultatettt
1203 4871 1268 4910 ex
1296 4856 1454 4909 rebus
1488 4856 1741 4920 conditis,
1779 4867 1827 4909 et
1864 4861 2033 4926 probe

454 4950 841 5020 assequemini.
882 4949 1013 5002 Nam
1068 4949 1111 5002 si
1143 4947 1196 5001 itt
1247 4950 1348 5002 hac
1388 4949 1605 5002 condita
1641 4955 1694 5000 ct
1733 4949 1915 5001 sensili
1947 4964 2036 5001 na-

454 5051 574 5095 tura
602 5054 779 5094 ortum
812 5041 946 5094 citra
971 5040 1368 5109 perpessionem
1409 5038 1620 5100 damus,
1655 5037 1818 5090 multo
1868 5040 2035 5106 magis

451 5134 702 5188 conditor
730 5132 897 5186 Filius
921 5133 1125 5200 absque
1150 5129 1312 5199 ﬂuxu
1349 5145 1412 5186 ac
1439 5130 1787 5199 perpessione
1816 5145 1844 5183 a
1876 5130 2036 5184 Patre

454 5225 670 5294 genitus
732 5231 853 5288 est;
905 5223 1356 5292 quemadmmlum
1411 5236 1441 5275 a
1492 5231 1671 5275 mente
1709 5235 1912 5287 sermo,
1943 5230 2034 5273 aut

452 5335 481 5369 a
527 5317 641 5370 sole
673 5316 874 5369 lumen.
937 5313 1224 5368 IIomittnm
1259 5323 1470 5366 amator
1509 5311 1646 5366 Dens
1677 5321 1729 5366 et
1758 5310 2035 5376 Dominus,

452 5424 571 5475 qua:
628 5409 856 5462 terrenis
905 5407 1108 5461 nostris
1161 5415 1324 5476 atque
1353 5405 1582 5459 infirmis
1631 5405 1860 5474 ingeniis
1887 5419 2039 5459 com-

522 5634 567 5662 7“
591 5632 689 5686 Isa.
717 5651 768 5696 ι..
806 5633 889 5686 10.

457 5704 478 5735 ⁸
505 5706 630 5771 Sap.
668 5721 783 5767 stu,
809 5706 860 5756 ὃ.
939 5705 984 5735 ⁸²
1037 5705 1168 5758 ibid.
1218 5703 1272 5758 4.
1377 5705 1422 5733 ⁸⁵
1461 5703 1603 5758 l’sal.
1640 5718 1748 5764 ut,
1783 5719 1819 5757 ι.

966 5635 1010 5665 ⁷⁷
1048 5632 1205 5686 Prov.
1265 5648 1302 5686 ι.
1347 5631 1434 5688 28.
1465 5632 1633 5686 Aliter
1665 5631 1890 5686 habetur
1918 5633 1968 5684 in
2005 5631 2270 5698 Vttlg.etc.

2136 3195 2334 3251 simum
2391 3210 2538 3262 esse,
2587 3198 2874 3269 explorate
2909 3202 3172 3272 judicium
3223 3205 3387 3260 facite
3445 3221 3509 3262 ex
3543 3218 3734 3274 muto;

2139 3289 2228 3346 hic
2289 3306 2528 3362 namque
2554 3302 2612 3349 et
2672 3306 2905 3352 utentem
2935 3305 2989 3353 et
3023 3300 3427 3369 cogitationem,
3453 3310 3506 3356 et
3538 3318 3733 3357 vocem

2142 3382 2342 3450 habet;
2400 3383 2496 3438 sed
2549 3399 2670 3440 cunt
2697 3401 2790 3455 per
2811 3389 3155 3444 articulatam
3194 3407 3298 3444 non
3334 3393 3737 3463 possit(neqne

2141 3477 2286 3528 enim
2307 3476 2480 3531 .ltabet
2513 3479 2762 3533 audiendi
2797 3496 3016 3536 sensum
3047 3483 3444 3555 impatibilent),
3466 3485 3738 3541 industrie

2145 3567 2456 3624 imitatione
2479 3572 2712 3639 quadam
2741 3583 2903 3643 atque
2935 3586 3088 3644 gestu
3123 3576 3255 3631 scita
3292 3579 3493 3646 prodit.

2206 3655 2331 3712 Jun.
2367 3658 2562 3715 Grates
2589 3661 2698 3716 Deo
2727 3663 2850 3730 Opi.
2886 3664 3026 3720 Max.
3068 3667 3208 3722 niltil
3228 3667 3337 3736 jam
3379 3671 3739 3740 ambigimus,

2143 3763 2324 3817 neque
2377 3750 2444 3806 de
2473 3750 2602 3817 Deo,
2660 3763 2713 3808 et
2743 3754 2923 3821 Patre,
2955 3773 3130 3828 neque
3165 3762 3231 3816 de
3253 3761 3492 3833 ejusdem
3523 3773 3740 3820 natura:

2156 3842 2317 3910 Filio,
2376 3845 2488 3900 lucc
2523 3849 2666 3901 enim
2715 3848 2848 3903 belle
2880 3853 3145 3923 planeque
3192 3855 3594 3912 demonstrasti.
3625 3858 3743 3912 Ita-

2141 3950 2248 4004 que
2296 3946 2352 3990 et
2413 3937 2480 3992 tle
2545 3937 2747 4008 Spirittt
2809 3953 3003 3998 sancto
3065 3945 3292 4011 dissere,
3328 3949 3510 4016 sodes,
3534 3952 3742 4019 etquis

2141 4029 2402 4098 propheta
2463 4045 2586 4086 eum
2631 4035 2954 4106 increatum,
3013 4053 3178 4112 atque
3227 4041 3468 4113 ejusdem
3523 4055 3742 4102 natura

2144 4120 2368 4178 indicet.

2757 4219 2986 4277 CAPUT
3026 4221 3121 4278 IX.

2215 4307 2293 4361 De
2330 4307 2533 4374 Spiritu
2568 4321 2751 4367 sancto
2796 4313 3026 4381 ejusdem
3057 4331 3175 4369 cum
3213 4317 3374 4373 Patre
3429 4326 3657 4376 natura’.

2214 4397 2438 4454 Cumsr.
2468 4400 2579 4455 Etsi
2615 4414 2743 4458 ante
2768 4419 2958 4459 omnes
3014 4407 3064 4458 id
3093 4415 3144 4460 et
3181 4409 3454 4476 perspexit
3489 4417 3544 4464 et
3576 4411 3735 4466 scivit

2065 4467 2109 4522 θ
2136 4487 2347 4556 Moses;
2407 4492 2494 4546 hic
2553 4501 2728 4549 tamen
2787 4495 2853 4548 ad
2890 4497 3350 4552 confirmationem
3390 4498 3580 4554 ultimo
3616 4500 3734 4556 loco

2140 4593 2425 4649 servetur;
2489 4593 2547 4638 ttt
2600 4587 3060 4655 quemadmodum
3118 4599 3299 4643 vatum
3339 4590 3593 4660 princeps
3624 4605 3728 4656 est,

2139 4673 2212 4725 ita
2250 4674 2675 4742 disputationem
2707 4676 2940 4730 claudat.
2976 4677 3146 4742 Isaiae,
3192 4679 3241 4732 itt
3268 4693 3496 4748 persona
3526 4679 3730 4735 Christi

2138 4764 2252 4817 hate
2277 4773 2403 4818 sunt
2427 4768 2588 4822 verba
2626 4784 2640 4821 :
2685 4785 2704 4819 ‹
2748 4766 2984 4837 Spiritus
3049 4769 3260 4824 Domini
3318 4787 3481 4841 super
3510 4788 3632 4828 me:
3663 4773 3728 4826 ad

2142 4857 2574 4911 anttuntiandutn
2638 4861 2940 4914 mansuetis
2999 4860 3149 4916 misit
3210 4877 3316 4926 me,
3377 4872 3436 4917 ut
3486 4866 3730 4918 mederer

2138 4952 2387 5006 contritis
2410 4954 2595 5018 corde,
2615 4961 2669 5007 et
2691 4955 3039 5024 prattlicat'ent
3061 4955 3289 5024 captivis
3318 4957 3726 5026 indulgentiam,

2139 5048 2195 5093 et
2223 5039 2422 5094 clausis
2458 5043 2794 5111 apertionem
2831 5042 2902 5097 ⁸⁸.
2940 5061 2959 5094 ι
3001 5043 3066 5098 Ει
3102 5041 3203 5098 Joh
3226 5045 3403 5100 dicit:
3442 5064 3460 5098 t
3497 5047 3730 5118 Spiritus

2139 5129 2352 5185 Domini
2405 5132 2530 5187 fecit
2557 5149 2662 5200 nte,
2715 5143 2770 5190 et
2797 5137 3126 5204 spiraculum
3157 5139 3546 5205 omnipotentis
3599 5139 3729 5192 vivi-

2144 5221 2327 5274 ficavit
2385 5238 2471 5275 nte
2500 5223 2570 5276 ⁸⁸.
2611 5242 2630 5275 t
2668 5223 2875 5293 Ecquid
2901 5238 3080 5279 autent
3129 5228 3277 5280 vobis
3309 5228 3374 5281 de
3397 5230 3496 5282 hoc
3528 5227 3722 5298 Spiritu

2143 5311 2393 5365 videtur?
2449 5313 2744 5380 Cujusnaut
2776 5317 3008 5384 Spiritus
3051 5319 3134 5371 vis
3167 5317 3417 5385 inopibus
3443 5318 3561 5373 heia
3589 5334 3723 5370 nun-

2148 5403 2266 5470 tiat,
2329 5415 2506 5459 mente
2536 5406 2720 5462 fractis
2751 5407 3021 5472 medetur,
3071 5422 3101 5460 a
3139 5407 3350 5461 diabolo
3393 5409 3723 5478 mancipatus

2367 5632 2569 5688 "Osee
2622 5631 2765 5697 tt,I.
2865 5633 2909 5663 τ’
2974 5631 3260 5699 Ps.tl.c:x,
3305 5648 3341 5687 t.
3437 5633 3481 5664 ⁸ο
3549 5631 3719 5688 ιιι].5.

1920 5704 1964 5734 ⁸⁵
1986 5703 2085 5758 Job
2111 5719 2303 5767 χχχιιι,
2340 5711 2392 5758 4.
