4044 6402
350 320 461 381 8:3

1454 315 1843 379 DIALOGUS
1878 317 2181 378 CONTRA
2222 316 2553 391 JUDIEOS.

3525 324 3633 386 81L

352 439 407 491 in
449 436 728 507 antiquam
784 436 1098 493 felicitatem
1151 435 1419 505 restituit;
1464 438 1617 492 circis
1650 478 1665 497 .
1726 437 1780 491 id
1834 446 1913 490 est

2054 468 2172 508 rum
2199 454 2518 511 futurarum.
2563 456 2696 512 Nam
2725 456 2996 515 adoranda
3018 457 3127 516 SS.
3169 456 3435 514 Trinitate
3482 462 3636 521 omni

354 526 554 596 quibus
622 543 775 582 mens
827 527 1071 593 caligat,
1141 528 1306 583 animi
1379 529 1565 585 oculos
1621 529 1939 593 illustrans,

353 619 523 675 Deum
559 618 736 689 quoad
764 621 878 688 ejus
910 619 1024 675 ﬁeri
1073 629 1271 691 potest,
1313 621 1666 689 Spectaudunt
1699 620 1942 690 praebet?

353 711 489 778 Quae
520 712 600 765 vis
628 710 928 778 spiritualis
966 726 1158 766 omnes
1205 710 1466 777 caelorum
1493 709 1679 780 capias
1720 719 1940 764 consta-

354 804 553 869 bilivit,
596 812 654 857 ut
713 804 789 857 ait
817 803 986 858 David
1022 820 1036 858 :
1074 822 1092 857 ι
1136 802 1314 858 Verbo
1355 802 1706 858 Dominicmli
1740 802 1937 856 firmati

350 906 503 959 sunt,
535 906 590 950 et
617 895 821 964 Spiritu
849 896 962 951 oris
991 896 1108 967 ejus
1150 897 1327 952 omnis
1368 896 1538 951 virtus
1560 911 1748 952 eorum
1778 895 1871 949 "?
1912 915 1931 949 υ

352 989 483 1055 Quis
517 989 606 1042 ille
654 998 739 1044 est
774 988 1033 1060 Spiritus,
1088 992 1180 1063 qui
1218 990 1309 1046 Dei
1352 990 1595 1044 notitiam
1650 989 1939 1045 docetho-

348 1081 547 1144 mines,
573 1089 735 1151 atque
765 1079 832 1136 ad
852 1080 1241 1151 perfectionem
1274 1080 1693 1137 adminiculatur
1713 1081 1736 1137 ἲ
1756 1080 1936 1153 Agite,

347 1168 531 1223 dicite.

416 1255 545 1314 Jun.
593 1258 671 1315 Ne
737 1274 855 1327 nos,
903 1261 1262 1326 obtestamur,
1334 1261 1692 1317 vaticinarum
1741 1278 1934 1319 vocum

349 1351 850 1421 interpretationem
917 1368 1120 1424 posce;
1172 1356 1270 1410 sed
1328 1363 1441 1411 tute
1501 1357 1681 1426 potius
1721 1359 1788 1413 ad
1837 1373 1936 1415 nos

346 1445 581 1515 explica.
627 1445 763 1502 Nam
818 1447 863 1502 si
909 1462 939 1502 a
983 1448 1182 1503 nostris
1239 1459 1419 1504 vatum
1464 1448 1608 1505 dit-ta
1649 1459 1804 1506 certo
1841 1466 1938 1506 ex-

347 1547 696 1606 ponerentur,
753 1540 1082 1610 quaestiones
1109 1539 1267 1612 plane
1301 1554 1400 1597 nec
1434 1540 1665 1613 ingrcssi
1714 1543 1934 1614 quidem

346 1645 618 1687 CSSNDIIS.

415 1722 641 1778 ιῖιιιιιετ.
694 1719 810 1777 Jocl
852 1723 1113 1792 scriptum
1170 1724 1430 1796 reliquit:
1474 1745 1493 1780 ι
1529 1725 1595 1781 Et
1649 1727 1757 1785 erit
1811 1737 1936 1800 post

344 1813 459 1867 haec
495 1832 508 1867 :
547 1812 822 1869 ell‘undam
897 1813 1161 1885 Spiritum
1236 1833 1415 1872 meum
1487 1833 1651 1890 super
1713 1837 1930 1879 onmem

338 1921 560 1960 carnem
599 1923 614 1960 :
647 1917 697 1961 et
728 1908 1126 1977 prophetabunt
1151 1908 1243 1963 filii
1279 1909 1462 1977 vestri,
1482 1921 1535 1966 et
1562 1912 1687 1968 lilia:
1703 1925 1931 1975 vestrae:

340 2011 500 2052 senes
562 1999 729 2053 vestri
767 2001 976 2053 somnia
1007 2002 1376 2067 somniabunt,
1402 2014 1456 2058 et
1485 1990 1716 2072 juvenes
1744 2011 1930 2077 vestri,

338 2087 577 2145 visiones
630 2091 912 2147 videbunt.
968 2089 1075 2148 Sed
1122 2105 1176 2148 et
1238 2109 1404 2165 super
1442 2110 1630 2153 servos
1681 2114 1834 2155 meos
1878 2113 1933 2157 et

341 2182 566 2236 ancillas
616 2184 668 2237 iu
731 2184 924 2241 diebus
973 2185 1080 2242 illis
1108 2186 1379 2243 edendam
1430 2186 1691 2260 Spiritum
1728 2208 1929 2252 meum.

337 2269 407 2327 Et
433 2274 571 2328 dabo
607 2275 846 2344 prodigia
880 2276 934 2332 in
962 2277 1101 2334 cmlo
1159 2294 1399 2348 sursum,
1434 2291 1489 2336 et
1516 2282 1668 2353 signa
1697 2285 1752 2339 in
1786 2296 1929 2341 terra

339 2365 615 2433 deorsum,
668 2371 1010 2439 sanguinem,
1034 2380 1089 2424 et
1135 2371 1334 2444 ignem,
1370 2383 1424 2426 et
1451 2388 1705 2444 vaporem
1747 2376 1878 2432 furni
1910 2396 1925 2434 :

338 2455 422 2510 sol
467 2470 819 2516 convertetur
867 2463 922 2515 in
956 2463 1230 2530 tenebras,
1255 2475 1309 2521 et
1338 2465 1464 2521 luna
1497 2468 1552 2523 in
1582 2471 1926 2540 sanguinem,

338 2558 629 2619 antequam
682 2553 865 2608 veniat
919 2553 1039 2610 dies
1082 2555 1296 2612 Domini
1355 2575 1585 2630 magnus
1620 2570 1675 2616 et
1699 2564 1927 2621 manife-

336 2651 470 2697 Slus.
510 2641 574 2697 Et
609 2646 747 2712 erit;
778 2646 959 2703 onmis
990 2651 1304 2720 quicunque
1339 2650 1676 2710 invocaverit
1729 2674 1924 2716 nomen

338 2732 571 2800 Domini,
630 2736 813 2791 salvus
841 2739 945 2793 erit
972 2739 1042 2795 δ’.
1087 2758 1105 2791 ι
1151 2739 1220 2798 Et
1272 2743 1444 2801 Isaias
1485 2762 1500 2801 :
1540 2763 1560 2798 ι
1590 2746 1693 2818 Ipsi
1727 2752 1793 2805 ad
1825 2752 1927 2808 ira-

338 2827 587 2881 cundiam
647 2840 1101 2899 provocavcrunt,
1151 2844 1208 2890 et
1286 2835 1596 2895 aﬂlixerunt
1665 2839 1925 2910 Spiritum

336 2927 604 2986 sauctmu,
648 2930 704 2976 et
753 2938 1053 2983 conversus
1077 2937 1161 2983 est
1193 2929 1274 2984 eis
1302 2929 1355 2984 in
1386 2930 1668 2990 inimicum
1688 2934 1758 2993 ⁸⁸.
1801 2955 1821 2990 ι
1863 2938 1927 2994 Ει

336 3005 633 3066 Zacharias
707 3028 772 3068 ex
811 3030 1042 3085 persona
1103 3018 1306 3077 Christi
1343 3022 1633 3097 :lncrepet
1666 3026 1926 3087 Dominus

2052 544 2328 600 hominum
2357 548 2708 616 geneiisalus
2738 552 3017 619 quaeritur.
3042 551 3185 608 Elias
3224 565 3367 622 aqua
3414 551 3632 607 tertium

2049 635 2103 691 iu
2144 650 2347 694 Struem
2372 638 2561 705 causa,
2597 641 2774 710 ignem
2817 645 2958 700 coelo
2987 635 3291 709 devocavit,
3324 652 3377 699 et
3401 644 3633 702 hostiam

2046 731 2380 801 consumpsit
2405 732 2475 787 ⁸⁸.
2506 731 2693 789 Daniel
2722 744 2804 788 ter
2833 735 3068 805 quotidie
3122 736 3312 790 domus
3353 751 3465 791 sure
3493 735 3635 792 fori.

2045 821 2147 875 bus
2171 823 2371 889 apertis
2404 834 2798 893 comprecatus,
2828 826 3097 894 postulata
3125 829 3332 899 accepit
3353 830 3421 882 ι’.
3457 829 3635 897 Atque

2046 913 2164 968 iure
2192 927 2343 978 vero,
2367 930 2712 986 nequaquam
2771 927 2972 974 temere
2998 930 3175 986 erant,
3212 922 3307 977 sed
3337 936 3458 992 qum
3480 931 3631 992 gesta

2046 1017 2250 1063 sanctze
2273 1009 2555 1065 Trinitatis
2579 1026 2838 1066 arcanum
2864 1020 3137 1070 notarent.

2118 1099 2481 1157 Nihilominus
2529 1102 2573 1158 si
2640 1103 2913 1160 crassiora
2965 1103 3243 1172 vaticinia,
3272 1114 3459 1175 utpote
3480 1123 3630 1164 cras-

2045 1192 2240 1259 siores,
2289 1194 2586 1264 requiritis,
2626 1194 2769 1267 agite
2793 1210 2946 1261 sane,
3012 1206 3068 1251 et
3129 1198 3401 1253 crassiora
3439 1208 3634 1257 tracte-

2047 1299 2193 1340 mus.
2252 1285 2439 1357 [taque
2486 1286 2607 1344 Jobi
2639 1287 2757 1343 haec
2799 1299 2928 1344 sunt
2980 1290 3190 1347 verba:
3233 1309 3251 1344 ι
3289 1291 3435 1347 Vivit
3468 1294 3635 1362 Deus,

2038 1368 2136 1451 qui
2160 1378 2381 1435 abstulit
2411 1379 2679 1449 judicium
2703 1396 2919 1450 meum;
2940 1378 3008 1439 et
3032 1381 3395 1455 Omnipotens
3446 1387 3536 1456 qui
3568 1390 3636 1443 ad

2045 1470 2465 1527 amaritudinem
2492 1472 2719 1528 adduxit
2748 1473 2985 1528 animam
3038 1490 3212 1530 meam
3251 1476 3422 1546 :quia
3465 1476 3639 1532 donec

2042 1573 2293 1635 superest
2323 1564 2540 1622 habitus
2569 1566 2621 1621 in
2653 1581 2760 1634 me,
2793 1575 2847 1621 et
2872 1566 3109 1639 Spiritus
3142 1567 3240 1624 Dei
3270 1570 3312 1633 ³,
3352 1588 3370 1621 ι
3409 1571 3501 1638 qui
3554 1569 3637 1624 fe-

2044 1659 2119 1713 cit
2180 1673 2289 1713 me.
2324 1657 2597 1713 Abraham
2647 1674 2848 1730 parens
2879 1668 3058 1715 vester
3097 1668 3205 1716 tres
3231 1660 3449 1731 angelos
3506 1677 3639 1730 epu-

2045 1750 2113 1806 lis
2155 1751 2387 1821 accepit,
2436 1750 2635 1820 quibus
2683 1750 2898 1809 Domini
2938 1767 3026 1821 ,cx
3047 1768 3203 1823 atquo
3235 1767 3431 1809 nomen
3468 1770 3635 1809 unmu

2038 1841 2249 1905 tribuit,
2290 1842 2516 1897 dicens:
2552 1859 2574 1893 ι
2621 1840 2867 1908 Domine,
2905 1842 2950 1897 si
2984 1842 3163 1898 inveni
3188 1844 3416 1913 gratiam
3450 1858 3638 1899 coram

2041 1940 2114 1997 te,
2150 1950 2170 1984 ι
2190 1941 2253 1987 et
2278 1947 2397 2003 qua:
2432 1943 2736 2003 sequuntur
2771 1934 2816 1990 ὀ
2845 1933 3011 1987 Deum
3041 1948 3171 1988 vero
3199 1934 3341 2004 quod
3386 1935 3637 1990 Abraha-

2038 2036 2160 2075 mus
2201 2022 2499 2094 exceperit,
2557 2032 2612 2078 et
2660 2038 2769 2078 non
2822 2021 3068 2094 angelos,
3134 2023 3356 2079 evidens
3410 2035 3495 2080 est
3529 2041 3633 2079 non

2035 2118 2209 2171 solum
2260 2131 2327 2171 ex
2371 2117 2513 2172 risus
2563 2116 2714 2172 Sara:
2762 2117 3175 2187 praesensione;
3223 2117 3316 2173 sed
3348 2118 3463 2187 ipse
3496 2122 3632 2175 adeo

2037 2210 2178 2268 Deus
2208 2210 2255 2267 ei
2288 2219 2409 2282 post
2450 2210 2635 2280 epulas
2661 2211 2967 2274 conﬁrmat,
3011 2226 3071 2266 se
3111 2210 3227 2280 ejus
3243 2226 3364 2265 esse
3411 2211 3577 2265 Deum
3613 2228 3631 2275 ε

2039 2322 2060 2357 ι
2104 2303 2401 2359 Revertens
2453 2303 2666 2358 veniam
2694 2304 2762 2357 ad
2814 2313 2866 2358 te
2894 2314 3139 2374 tempore
3173 2304 3299 2370 isto,
3333 2309 3387 2356 et
3411 2303 3635 2359 habebit

2038 2398 2205 2453 tilium
2275 2395 2412 2453 Sara
2443 2413 2578 2452 uxor
2636 2410 2724 2452 tua
2768 2396 2809 2455 ³.
2842 2415 2861 2448 ι
2902 2395 2967 2449 Et
2989 2397 3240 2452 eductum
3271 2398 3416 2452 foras
3445 2398 3523 2452 sic
3550 2408 3633 2452 est.

2031 2491 2349 2546 allocutus:
2389 2508 2408 2542 ι
2455 2490 2684 2562 Suspice
2728 2490 2950 2554 cretum,
2993 2497 3047 2546 et
3084 2505 3309 2546 numera
3340 2490 3550 2555 stellas,
3586 2494 3634 2546 si

2030 2593 2204 2656 potes.
2256 2584 2322 2638 Et
2351 2585 2492 2641 dixit
2555 2587 2602 2641 ei
2637 2602 2649 2638 :
2690 2584 2782 2641 Sic
2817 2585 2923 2640 erit
2945 2598 3129 2639 semen
3184 2592 3357 2637 tuum.
3388 2582 3636 2638 Credidit

2041 2679 2316 2734 Abraham
2383 2677 2516 2744 Deo,
2569 2684 2625 2732 et
2683 2670 2990 2750 reputatum
3028 2684 3111 2732 est
3140 2675 3216 2731 illi
3250 2675 3630 2743 adjustitiam.

2030 2771 2285 2842 Dixitque
2308 2771 2376 2827 ad
2429 2787 2593 2827 eum:
2660 2770 2776 2844 Ego
2828 2769 3109 2837 Dominus,
3163 2772 3255 2842 qui
3281 2771 3441 2827 eduxi
3482 2782 3532 2827 te
3568 2774 3673 2856 de.

2032 2862 2113 2920 Ur
2168 2864 2552 2922 Cbaldaorum
2612 2863 2654 2920 ⁸.
2714 2882 2736 2917 ο
2798 2863 2875 2919 Εη
2905 2864 3058 2921 vobis
3106 2861 3208 2920 SS.
3283 2861 3630 2921 Trinitatem.

2029 2955 2297 3025 Primum,
2360 2956 2554 3026 inquit,
2613 2974 2633 3009 ι
2701 2954 2815 3026 Ego
2878 2971 2999 3012 sum
3031 2954 3174 3010 Deus
3197 2964 3320 3011 tuus
3355 2974 3371 3012 :
3405 2974 3427 3008 ι
3476 2964 3532 3011 et
3562 2971 3631 3014 ex

2034 3048 2173 3105 Sara
2223 3048 2364 3103 dabo
2397 3046 2494 3103 tibi
2525 3046 2716 3114 illium,
2752 3048 2836 3102 cui
2870 3048 3255 3104 benedicturus
3286 3063 3431 3106 smn.
3469 3066 3487 3101 ι
3524 3049 3632 3103 Re-

336 3099 391 3154 iu
420 3110 489 3167 te,
526 3103 694 3158 Satan
715 3107 952 3210 fed-in
983 3111 1176 3181 spiritu
1204 3127 1325 3210 meo
1346 3114 1416 3183 ",
1454 3134 1479 3210 ξ
1511 3127 1617 3174 etc.
1669 3120 1926 3193 Idemque
1952 3149 1997 3207 ο
2032 3150 2252 3197 verrens
2295 3142 2506 3197 veniam
2528 3140 2595 3195 ad
2624 3148 2675 3194 te
2696 3099 2943 3210 iempm‘e
2966 3141 3093 3205 isto,
3112 3150 3172 3195 et
3205 3140 3427 3197 habebit
3456 3142 3629 3199 lilium

336 3209 524 3252 rursus
557 3216 569 3251 :
608 3215 621 3252 :
657 3217 677 3251 ι
715 3198 995 3258 Eﬂ'undam
1020 3220 1183 3277 super
1204 3206 1426 3264 domum
1451 3208 1642 3281 David,
1675 3222 1729 3268 et
1761 3230 1926 3286 SttpC-l'

341 3287 667 3345 habitatores
681 3291 1004 3361 Jerusalem,
1018 3298 1268 3368 spiritum
1289 3302 1477 3372 gratias
1490 3313 1545 3359 et
1570 3312 1787 3374 precum
1803 3307 1874 3364 ὀ.
1901 3326 1920 3361 ι

336 3376 401 3431 Et
429 3380 593 3436 David
632 3400 647 3437 :
680 3404 699 3438 ι
739 3383 968 3443 Emittes
995 3388 1256 3459 Spiritum
1283 3401 1431 3447 tuum
1464 3402 1521 3451 et
1572 3400 1922 3467 creabantur,

334 3477 389 3524 et
409 3474 688 3529 renovabit
716 3476 908 3532 faciem
935 3489 1092 3534 terra:
1116 3481 1182 3536 η.
1216 3499 1237 3535 ι
1264 3483 1331 3538 Ει
1362 3484 1557 3541 iterum
1590 3504 1604 3542 :
1635 3507 1654 3540 ‹
1693 3491 1927 3561 Spiritus

333 3566 456 3616 tuus
511 3564 689 3621 bonus
745 3570 974 3625 deducet
1011 3588 1096 3627 me
1129 3573 1184 3628 in
1218 3582 1416 3631 terram
1450 3589 1653 3635 rectam
1691 3584 1759 3639 θ’.
1801 3602 1820 3636 ι
1862 3585 1925 3642 Et

330 3658 383 3714 in
436 3659 732 3721 Numeris:
796 3684 816 3718 ι
848 3666 1090 3727 lrruente
1142 3673 1195 3728 in
1222 3689 1282 3730 se
1334 3673 1539 3748 Spiritu
1561 3677 1677 3746 Dei,
1705 3682 1780 3737 ait
1823 3684 1927 3739 Ba-

327 3750 476 3806 laam
506 3754 575 3809 ”.
613 3774 635 3809 ι

961 3883 1192 3941 CAPUT
1236 3885 1305 3942 Χ.

432 3967 830 4029 Similitudines
854 3988 1096 4032 sanctam
1131 3978 1445 4036 Trinitatem
1480 3984 1800 4041 exhibentes.

404 4056 584 4129 Atque
637 4064 717 4121 sic
765 4082 927 4135 porro
953 4072 1179 4139 pariter,
1215 4072 1259 4127 si
1289 4074 1487 4144 placet,
1535 4089 1718 4134 vatum
1761 4098 1923 4139 voces

330 4156 592 4218 attexam,
642 4158 803 4214 unius
835 4170 1042 4218 natura:
1094 4161 1378 4221 Trinitatis
1407 4170 1514 4223 vim
1545 4170 1918 4244 designantes.

333 4242 476 4298 Sane
537 4255 592 4302 et
643 4249 1010 4308 Israelitarum
1066 4270 1134 4311 ex
1202 4257 1441 4330 Egypto
1497 4242 1770 4334 exitus”,
1825 4270 1918 4337 qui

319 4334 487 4389 tridui
520 4338 620 4395 iter
648 4348 948 4412 progressi,
983 4348 1091 4402 Deo
1120 4352 1334 4420 Operari
1363 4364 1650 4423 peterent,
1706 4372 1798 4425 ea,
1832 4334 1919 4414 in—

322 4441 508 4493 quam,
568 4448 655 4489 res
702 4434 1027 4492 Trinitatem
1080 4441 1306 4498 iuuuere
1370 4445 1505 4502 mihi
1561 4449 1794 4505 videtur.
1849 4450 1916 4507 Et

2028 3231 2160 3288 Sara
2190 3248 2327 3289 uxor
2359 3246 2468 3289 tua.
2522 3251 2543 3286 ο

2101 3326 2305 3382 Deinde
2361 3340 2428 3380 eo
2476 3324 2624 3381 foras
2647 3326 2866 3391 educto,
2909 3330 3105 3381 etcum
3130 3324 3406 3381 stellarum
3434 3341 3627 3382 nume.

2033 3434 2151 3474 rum
2209 3420 2464 3489 consequi
2528 3434 2637 3474 non
2676 3427 2884 3490 posset,
2904 3433 3192 3475 numerosa
3235 3421 3552 3490 posteritate
3573 3424 3627 3480 ei

2029 3513 2300 3578 condicta,
2359 3512 2505 3567 addit
2540 3530 2554 3567 :
2599 3530 2618 3564 ι
2652 3511 2904 3568 Credidit
2947 3513 3221 3567 Abraham
3255 3511 3365 3568 Deo
3390 3514 3434 3568 ⁸.
3473 3532 3493 3565 ι
3544 3518 3628 3571 Ac

2030 3606 2188 3660 tertio
2218 3622 2232 3658 :
2263 3623 2281 3655 ί
2344 3603 2452 3675 Ego
2490 3605 2767 3669 Dominus,
2792 3604 2886 3674 qui
2957 3605 3120 3660 eduxi
3156 3613 3209 3658 te
3252 3605 3318 3661 de
3349 3604 3425 3661 Ur
3459 3605 3625 3661 Chal-

2028 3699 2268 3752 daeorum
2320 3696 2364 3762 °,
2419 3715 2439 3749 ι
2497 3707 2556 3751 ιιι
2590 3709 2687 3765 per
2739 3697 2966 3751 triadetn
3024 3697 3188 3761 hanc,
3250 3700 3515 3770 triplicem
3570 3700 3623 3753 iu

2034 3791 2317 3847 divinitate
2347 3804 2632 3860 personam
2663 3789 3014 3845 docerentini.
3062 3788 3249 3847 Videte
3272 3808 3486 3847 rursum
3516 3804 3625 3848 tres

2026 3896 2288 3953 personas
2339 3881 2393 3935 in
2451 3898 2557 3937 una
2610 3891 2824 3948 natura,
2848 3883 2995 3938 velut
3032 3898 3217 3950 unam,
3266 3884 3619 3941 disserentes.

2022 3973 2238 4029 Etenim
2286 3973 2649 4039 Abrahamus,
2680 3988 2804 4028 cum
2863 3984 3106 4030 sanctam
3157 3974 3478 4032 Trinitatem
3527 3993 3623 4033 co-

2026 4065 2331 4129 mitaretur,
2386 4063 2441 4118 id
2494 4065 2564 4119 ab
2621 4079 2684 4118 ea
2762 4064 2965 4119 dictum
3022 4065 3277 4136 accepit:
3320 4085 3339 4120 ε
3401 4070 3622 4126 Clamor

2025 4155 2387 4210 Sodomorum
2440 4164 2497 4211 et
2557 4155 2875 4211 Gomorrhae
2924 4158 3313 4228 multiplicatus
3397 4171 3506 4223 est.
3565 4174 3622 4218 ct

2026 4256 2308 4319 peccatum
2337 4263 2522 4303 eorum
2550 4259 2902 4319 aggravatqu
2935 4259 3020 4304 est
3044 4250 3226 4306 nimis.
3285 4249 3617 4309 Desceudam

2023 4354 2078 4396 et
2119 4342 2331 4406 videbo,
2363 4351 2541 4397 utrum
2568 4342 2862 4397 clamorem
2916 4341 3007 4412 qui
3038 4343 3179 4405 vertit
3225 4344 3294 4398 ad
3319 4360 3428 4410 mc,
3454 4361 3620 4417 opere

2023 4435 2417 4503 compleverint
2451 4450 2468 4499 ;
2526 4449 2593 4489 an
2628 4450 2733 4489 non
2788 4445 2872 4489 est
2919 4437 2993 4490 ita
3020 4476 3035 4501 ,
3087 4446 3148 4491 ut
3177 4438 3343 4493 sciam
3377 4440 3420 4493 ⁷.
3455 4459 3474 4491 ι
3496 4438 3618 4496 Jam

325 4528 438 4574 tres
502 4523 686 4592 virga,
768 4542 907 4597 quas
962 4532 1269 4601 patriarcha
1317 4533 1488 4593 Jacob
1527 4523 1606 4605 at"
1671 4542 1912 4599 detracta
1946 4512 1990 4567 Β
2019 4538 2076 4583 et
2131 4527 2262 4584 Mosi
2317 4528 2640 4598 imperantis
2688 4526 2785 4593 Dei
2814 4528 2931 4591 haec
2982 4535 3254 4587 sententia
3284 4543 3368 4589 est
3401 4551 3416 4591 :
3451 4554 3470 4588 ι
3506 4533 3619 4606 Ego

327 4621 481 4678 parte
539 4617 762 4675 corticis
808 4619 860 4674 in
891 4636 1090 4693 aquam
1131 4626 1477 4696 conﬁciebat,
1509 4631 1703 4689 ovibus
1726 4633 1912 4692 Laban

325 4701 665 4771 adaquaudis
728 4714 1248 4780 :quemadmodum
1328 4728 1384 4773 et
1436 4735 1581 4777 nunc
1664 4723 1917 4784 Salvator

324 4805 511 4851 noster
557 4796 741 4867 Iesus,
776 4818 907 4859 oves
968 4808 1178 4864 ratione
1203 4810 1477 4879 praeditas,
1510 4813 1562 4868 id
1593 4827 1700 4882 est,
1732 4818 1913 4875 homi.

322 4904 421 4984 nes
464 4906 623 4948 sacro
670 4896 994 4966 baptismate
1048 4902 1371 4972 illustratus,
1428 4911 1690 4979 servavit,
1721 4923 1780 4967 ut
1820 4930 1916 4984 per

323 4979 660 5040 Ezechielem
715 4987 859 5046 Deus
906 4993 985 5047 ait
1020 5009 1035 5047 :
1069 5011 1090 5046 ι
1140 4993 1281 5052 Ecce
1329 5013 1430 5069 ego
1478 5001 1593 5071 ipse
1633 4979 1907 5074 requiram

320 5083 454 5127 oves
505 5092 678 5144 meas,
708 5091 762 5134 et
791 5082 1024 5137 visitabo
1052 5100 1180 5153 eas;
1215 5097 1270 5143 et
1292 5091 1468 5146 scient
1489 5093 1617 5162 quia
1667 5109 1769 5165 ego
1798 5095 1906 5152 Do-

324 5165 500 5221 minus
530 5167 676 5225 Deus
708 5186 896 5228 eorum
929 5176 999 5230 9".
1038 5196 1056 5229 ι
1089 5179 1230 5245 Quin
1258 5192 1312 5236 et
1339 5182 1591 5240 Ninivita
1608 5186 1769 5242 trium
1793 5189 1911 5242 die-

315 5275 435 5313 rum
458 5274 620 5333 atque
642 5265 878 5320 noctium
915 5267 1122 5336 jejunio
1139 5272 1367 5328 salutem
1387 5278 1665 5332 consecuti
1693 5289 1820 5335 sunt
1836 5280 1906 5337 ³⁷.

314 5351 448 5418 Quae
498 5368 585 5410 res
616 5371 722 5412 non
753 5355 957 5414 frustra
1007 5370 1149 5427 erat,
1176 5365 1270 5419 sed
1310 5365 1513 5437 eliigies
1544 5371 1789 5438 quaadam
1818 5387 1907 5427 re-

2024 4638 2147 4677 sum
2226 4622 2371 4677 Deus
2450 4621 2746 4687 Abraham,
2831 4632 2889 4678 et
2940 4622 3085 4679 Deus
3160 4623 3336 4692 Isaac,
3380 4637 3435 4684 et
3474 4626 3618 4687 Deus

2018 4716 2186 4773 Jacob
2248 4715 2295 4771 ⁸.
2357 4735 2377 4768 ι
2437 4714 2550 4772 Nec
2606 4716 2922 4787 dixit:Ego
2969 4732 3090 4774 sum
3133 4720 3276 4776 Deus
3317 4724 3616 4786 Abraham.

2018 4810 2190 4874 Isaac,
2222 4808 2423 4865 Iacob:
2458 4810 2550 4865 sed
2574 4809 2725 4866 addit
2761 4829 2780 4862 ι
2809 4821 2864 4864 et
2888 4828 2909 4862 ›
2941 4813 3209 4881 copulam,
3240 4827 3307 4868 ne
3340 4822 3395 4869 et
3422 4813 3615 4877 Filius.

2020 4908 2075 4953 et
2129 4896 2362 4966 Spiritus
2410 4906 2632 4954 sanctus
2681 4898 3007 4970 indesignati
3051 4914 3278 4970 essent;
3327 4905 3421 4960 sed
3470 4907 3615 4965 velut

2015 4990 2212 5059 copula
2271 4990 2666 5056 Abrahamum,
2726 4991 2995 5058 Isaacutn,
3051 4992 3335 5065 Jacobuut,
3381 5007 3489 5073 tres
3516 5001 3621 5065 hos

2018 5086 2190 5140 mines
2218 5084 2476 5151 ostendit,
2530 5085 2602 5141 ita
2627 5095 2683 5141 et
2728 5086 2956 5145 Deitatis
2982 5090 3171 5158 triplex
3198 5094 3472 5161 usurpatio
3506 5104 3613 5151 tres

2019 5193 2283 5249 personas
2324 5179 2590 5234 declarat.
2642 5199 2663 5233 ι
2721 5179 2836 5252 Ego
2876 5198 2998 5237 sum
3053 5182 3199 5240 Deus
3252 5185 3548 5256 Abraham,
3585 5210 3606 5240 ι

2021 5272 2124 5328 hoc
2172 5280 2277 5337 est,
2304 5269 2487 5334 Pater,
2524 5290 2544 5324 ‹
2577 5280 2631 5327 et
2683 5270 2825 5327 Deus
2843 5273 3020 5338 Isaac,
3059 5293 3079 5326 ι
3115 5275 3166 5329 id
3202 5284 3308 5343 est,
3339 5276 3511 5332 Filius
3544 5296 3610 5333 et

2014 5387 2081 5428 eo
2142 5368 2376 5441 genitus,
2416 5384 2435 5418 ι
2477 5376 2533 5423 et
2566 5364 2708 5422 Deus
2743 5364 2911 5424 Iacob
2957 5384 2978 5419 ι
3027 5367 3240 5424 scilicet
3286 5377 3368 5425 ter
3389 5381 3611 5427 sanctus

386 5515 433 5548 ⁸⁸
458 5516 601 5600 [:sAal.
637 5521 884 5600 Exaudi.
945 5521 990 5553 ⁸⁷
1017 5518 1230 5600 Joel._r_,
1264 5523 1336 5600 28
1359 5542 1516 5600 seqq.
1583 5530 1630 5562 ⁸⁸
1657 5529 1758 5585 Isa.
1794 5546 1925 5587 thtt

2033 5533 2064 5584 l.
2129 5530 2174 5562 ⁹⁹
2209 5528 2378 5584 Zacb.
2422 5547 2483 5595 tt,
2534 5531 2680 5595 QN,
2712 5531 2766 5586 6.
2819 5532 2865 5566 ⁹⁰
2899 5532 3065 5588 Zaclt.
3120 5549 3219 5594 xu.
3256 5533 3341 5588 10.
3395 5532 3609 5591 "Psal.

312 5600 431 5650 cru,
476 5588 563 5644 50.

352 5601 431 5650 tu,
476 5588 563 5644 50.
636 5594 682 5626 ”
729 5586 873 5649 Psal.
928 5608 1095 5657 σιω,
1156 5586 1244 5650 10.
1294 5597 1339 5629 ⁸³
1389 5586 1813 5665 Νἷιίη.χιιν,2.

352 5670 371 5709 Ι.
421 5658 512 5711 50.
604 5664 650 5695 ⁸⁷
694 5662 829 5711 Jnna
886 5681 970 5711 Ill-
1001 5663 1057 5711 ἦ.
1174 5666 1219 5698 ⁸⁸
1246 5665 1311 5711 111
1360 5668 1472 5711 non
1551 5688 1681 5711 τνιιι
1752 5672 1813 5711 ελ

311 5676 371 5709 (τι
422 5676 512 5715 3U.

604 5664 650 5695 ’⁷
694 5662 830 5719 Jona
886 5681 971 5729 tu,
1001 5663 1057 5719 δ.

309 5734 366 5781 4..
408 5729 457 5802 '_
479 5729 614 5789 Gen.
674 5750 830 5802 xvut,
871 5736 925 5791 5.
1016 5740 1038 5772 ³
1066 5733 1199 5795 ibid.
1232 5741 1314 5795 1ορ

1403 5741 1424 5772 ⁸
1472 5740 1609 5799 Gen.
1676 5759 1767 5809 av,
1846 5744 1898 5799 5.

304 5812 392 5865 tu,
427 5799 480 5853 6.

1904 5602 1952 5633 ”
1980 5601 2151 5656 Exod.
2196 5616 2278 5664 Ill,
2316 5600 2405 5657 18.
2460 5603 2505 5635 ’⁸
2534 5601 2669 5657 Gen.
2702 5620 2829 5658 xxx.
2863 5605 2952 5659 57.
3007 5606 3053 5638 ⁸⁸
3088 5603 3284 5658 Ezecb.
3326 5622 3514 5671 χχχιιι,
3542 5609 3606 5663 ,11

1174 5666 1311 5698 98111
1360 5668 1472 5698 D..-
1551 5688 1681 5698 .......
1752 5672 1814 5698 ξι
1876 5681 1922 5698 ..ι
1982 5673 2012 5698 I2

1246 5665 1311 5720 ΙΙΙ
1359 5668 1491 5740 Reg.
1551 5688 1705 5738 xvm,
1752 5672 1821 5728 54
1874 5681 1928 5728 et
1982 5672 2072 5727 58.
2185 5672 2233 5703 "
2295 5671 2529 5731 Dan.VI.
2572 5674 2658 5729 10.
2736 5676 2750 5705 ¹
2788 5672 2911 5728 Job.
2954 5692 3128 5734 xxx-tr.
3193 5676 3259 5739 2,
3300 5677 3371 5743 5;
3419 5665 3612 5742 usui,

1246 5741 1314 5795 ιο.
1403 5741 1424 5772 ⁸
1472 5740 1609 5799 Gen.
1676 5759 1767 5809 av,
1846 5744 1898 5799 5.
1983 5742 2167 5800 l'ibid.
2196 5740 2249 5797 6.
2302 5742 2477 5802 “ibid,
2537 5745 2591 5799 7.
2669 5743 2850 5799 'Geu.
2904 5746 3180 5813 “111,20,
3230 5749 3323 5803 2i.
3369 5748 3392 5781 ⁸
3439 5748 3615 5809 Exod.

2185 5672 2233 5743 ’ξ
2295 5671 2529 5743 Dum".
2572 5674 2658 5729 10.
2736 5676 2750 5705 ¹
2788 5672 2911 5728 Job.
2954 5692 3128 5734 xxx-tr.
3193 5676 3259 5739 2,
3300 5677 3371 5743 5;
3419 5694 3612 5742 tum,
