4044 6396
471 266 578 332 8l5

1670 257 2106 322 ANDRONlCl
2140 259 2487 322 COMNE—Ni

3634 265 3741 328 816

466 381 711 436 vivificus
744 378 1000 451 Spiritus,
1034 392 1095 434 cx
1127 381 1289 430 Patre
1331 385 1558 428 manans
1589 370 1726 442 (ll),
1758 379 1811 423 et
1843 369 1893 422 in
1921 366 2059 421 Filio
2089 369 2132 424 Α
2162 367 2497 437 vindicavit;
2552 370 2785 427 maxime
2847 385 3074 443 quorum
3103 388 3135 430 c
3175 375 3345 446 stirpe
3376 375 3649 432 hominem
3674 381 3753 433 fa-

469 473 880 543 conquiescens.
922 470 1182 526 leestes
1208 475 1386 521 autem
1417 465 1584 533 copiae
1623 460 2054 518 Clternbinorum

470 564 1006 634 Seraphinorumqne
1069 559 1346 614 irremissa
1411 571 1565 620 voce,
1612 553 1869 623 prodente
1898 549 2055 614 Isaia,

466 659 756 710 clamant:
799 673 817 706 ι
891 654 1143 714 Sanctus,
1185 657 1424 713 sanctus,
1496 655 1734 710 sanctus,
1799 641 2058 696 Dominus

473 747 614 800 Deus
661 744 1028 808 Cthl'tillHllll,
1069 761 1088 794 ι
1131 753 1210 796 ter
1251 740 1631 809 ingeminanth
1671 753 1689 786 ι
1733 733 1988 796 Sanctu-,
2033 749 2052 782 ι

467 852 581 892 tres
635 853 936 907 personas,
979 835 1147 890 semel
1207 853 1225 886 v
1297 835 1554 888 Dominus
1599 828 1958 889 exercituum,
2030 842 2050 876 ι

464 947 625 983 unam
694 930 958 983 Deitatem
1007 937 1279 982 notantes.
1316 926 1411 980 Est
1462 924 1604 980 enim
1635 936 1760 976 vere
1791 918 2059 973 unusno-

467 1027 669 1088 ntinus,
719 1033 772 1078 et
816 1039 920 1078 ttna
987 1021 1169 1076 Deitas
1219 1020 1419 1084 Patris,
1470 1028 1526 1073 et
1571 1015 1794 1082 Filii,et
1821 1013 2056 1082 Spiritus

469 1119 666 1172 Sancti.

533 1209 658 1264 Jun.
691 1211 794 1264 Per
824 1207 989 1264 Deum
1017 1223 1196 1263 rerum
1231 1209 1469 1261 omnimn
1503 1203 1885 1267 architeCtum,
1915 1213 2056 1254 vera:

465 1307 547 1358 ba.-
584 1318 762 1356 vatum
815 1316 983 1356 voces
1010 1311 1156 1365 Stlttl,
1211 1315 1382 1369 eoque
1429 1298 1533 1352 line
1562 1297 1628 1351 ab
1680 1297 1743 1350 iis
1792 1294 2053 1363 prodita);

466 1409 648 1464 patres
683 1411 807 1451 vero
848 1395 1038 1461 nostri,
1088 1394 1288 1449 frustra
1319 1395 1370 1447 in
1424 1394 1563 1447 nuda
1593 1390 1842 1457 occupati
1874 1389 2054 1443 littera

469 1501 748 1544 erratum.

536 1586 760 1634 (Iuntsr.
790 1581 932 1634 Ades
965 1594 1090 1634 vero
1123 1577 1316 1644 Muses,
1347 1576 1489 1631 refer
1518 1577 1584 1630 de
1615 1573 1818 1644 Spiritu
1842 1580 2051 1636 sancto,

466 1678 594 1745 quid
628 1676 679 1727 in
709 1671 959 1727 Numeris
979 1682 1154 1727 tecum
1189 1673 1396 1726 locutus
1413 1670 1483 1724 sit
1505 1668 1645 1722 Deus
1674 1687 1688 1722 :
1721 1685 1738 1718 ‹
1769 1665 2047 1734 Congrcga

468 1768 598 1820 mihi
652 1765 991 1835 septuaginta
1058 1764 1202 1818 viros
1228 1763 1294 1817 de
1329 1762 1551 1816 senibus
1605 1759 1792 1822 Israel,
1823 1773 1958 1826 quos
1993 1767 2048 1810 tu

465 1863 631 1926 nosti,
661 1861 802 1932 quod
835 1875 992 1914 senes
1029 1858 1207 1928 pOpnli
1239 1857 1347 1912 sint
1377 1871 1440 1910 ac
1479 1854 1720 1923 magistri
1753 1871 1766 1907 :
1801 1863 1854 1906 et
1885 1855 2052 1906 duces

462 1968 556 2008 eos
599 1955 664 2006 ad
727 1952 923 2006 ostium
980 1948 1312 2004 tabernaculi
1363 1947 1607 2011 fmderis,
1668 1945 1945 2014 faciesque
1977 1945 2049 1998 ibi

461 2057 609 2100 stare
663 2054 860 2109 tecmn,
893 2052 950 2096 ut
977 2042 1304 2096 descendam
1342 2049 1398 2095 et
1426 2041 1616 2110 loquar
1651 2039 1745 2092 tibi
1780 2049 1873 2104 ;et
1902 2037 2052 2091 aufe-

463 2154 579 2192 ram
617 2138 680 2191 de
729 2137 934 2205 Spiritu
961 2144 1072 2198 tuo,
1125 2133 1447 2204 tradamque
1497 2133 1598 2199 eis,
1632 2142 1691 2186 ut
1743 2139 2054 2186 sustentent

459 2237 639 2283 tecum
693 2243 835 2282 onus
888 2227 1089 2296 populi,
1139 2237 1192 2281 et
1259 2242 1363 2280 non
1423 2234 1476 2278 tn
1503 2226 1652 2280 solus
1697 2226 1960 2294 graveris.
1990 2223 2052 2276 Et

462 2317 811 2387 congregavit
879 2316 1053 2371 Moses
1123 2316 1464 2384 septuaginta
1511 2315 1656 2370 viros
1703 2317 1769 2368 de
1832 2315 2050 2368 senibus

459 2410 654 2474 lsracl,
675 2423 810 2476 quos
840 2417 985 2463 stare
1013 2406 1140 2461 fecit
1175 2407 1320 2461 circa
1349 2406 1780 2461 tabernaculum.
1811 2405 2049 2459 Descen-

461 2503 645 2569 ditque
678 2500 940 2553 Dominus
972 2514 1066 2568 per
1094 2499 1309 2563 nubem,
1344 2509 1398 2553 et
1429 2499 1642 2553 locutus
1673 2509 1754 2552 est
1780 2499 1847 2551 ad
1900 2515 2047 2563 cum,

464 2592 720 2646 auferens
765 2590 832 2644 de
893 2589 1096 2660 Spiritu
1157 2589 1249 2658 qui
1289 2598 1407 2642 erat
1434 2588 1486 2642 in
1518 2587 1687 2654 Mose,
1729 2598 1783 2642 et
1813 2589 1948 2641 dans
1972 2604 2053 2641 se-

462 2685 741 2754 ptuaginta
797 2683 948 2739 vitis.
972 2682 1214 2751 Cumque
1249 2680 1604 2750 requievisset
1651 2680 1707 2734 in
1737 2679 1817 2734 eis
1877 2681 2050 2750 Spiri-

466 2785 574 2837 tus,
607 2775 1086 2842 prophetavcruut,
1111 2786 1211 2826 nec
1236 2773 1375 2827 ultra
1406 2780 1780 2826 cessaverunt.
1810 2769 2050 2825 Reman-

471 2876 655 2921 serant
707 2876 885 2919 autem
945 2864 998 2918 in
1070 2864 1269 2919 castris
1317 2863 1424 2918 duo
1471 2863 1592 2928 viri,
1648 2878 1875 2933 quorum
1910 2879 2048 2920 unus

460 2960 762 3013 vocabatur
820 2956 1009 3024 Eldad,
1065 2965 1120 3011 et
1177 2955 1312 3011 alter
1363 2955 1571 3022 Medati,
1604 2972 1921 3027 superquos
1960 2972 2045 3011 re-

461 3053 667 3123 quievit
731 3051 1001 3120 Spiritus;
1061 3066 1185 3104 nam
1220 3060 1270 3104 et
1316 3050 1413 3119 ipsi
1441 3051 1693 3119 descripti
1722 3050 1957 3115 fuerant,
1992 3062 2043 3105 et
2073 3089 2116 3148 α

463 3160 572 3198 non
630 3145 872 3197 cherant
912 3145 979 3196 ad
1039 3142 1466 3196 tabernaculum.
1492 3141 1733 3212 Cumque
1757 3144 2046 3212 prOpltcla-

464 3245 585 3290 rent
633 3236 684 3290 in
749 3237 968 3301 caStris,
1017 3236 1253 3290 cucurrit
1309 3252 1441 3304 puer
1487 3245 1538 3289 et
1586 3237 1852 3290 nuntiavit
1892 3235 2044 3304 illusi,

461 3329 647 3381 dicens
682 3326 889 3380 :Eldad
964 3335 1020 3380 et.
1073 3327 1258 3380 Medati
1337 3328 1658 3397 prophetarit
1710 3327 1763 3381 in
1831 3330 2045 3383 castris.

461 3419 654 3473 S.atittt
679 3416 842 3472 Josue
870 3415 1169 3482 ﬁlittsNttn,
1202 3420 1450 3472 minister
1500 3419 1654 3485 Mosi,
1695 3429 1749 3473 et
1783 3422 1986 3477 electus
2019 3439 2048 3478 e

460 3509 726 3576 pluribus,
782 3510 854 3560 ait
887 3524 899 3560 :
929 3505 1150 3561 Domine
1203 3510 1296 3573 mi,
1343 3507 1542 3575 Moses,
1591 3509 1814 3578 prohibe
1835 3525 1946 3564 eos.
1978 3511 2049 3564 At

468 3603 560 3654 ille
587 3616 603 3653 :
645 3599 804 3666 Quid,
833 3601 1028 3669 inquit,
1063 3600 1334 3654 :emularis
1362 3616 1460 3671 pro
1514 3603 1639 3656 me?
1670 3605 1790 3671 quis
1823 3605 2044 3670 tribuat,

461 3701 522 3745 ιιι
568 3692 745 3744 omnis
803 3692 1031 3758 p0pu|ns
1075 3695 1364 3760 prophetet
1394 3730 1404 3753 ,
1436 3701 1490 3745 et
1521 3694 1611 3747 det
1661 3693 1741 3748 eis
1787 3694 2046 3752 Dominus

461 3781 723 3848 Spiritum
758 3795 912 3835 smnn
934 3780 977 3811 '°
1012 3779 1034 3832 ?
1063 3797 1084 3830 ι
1114 3779 1317 3834 Pudeat
1361 3795 1473 3843 eos,
1499 3782 1588 3849 qui
1613 3779 1872 3851 Spiritum
1907 3785 2049 3836 hunc

461 3872 687 3927 alterius
762 3881 987 3936 naturae,
1039 3884 1198 3941 quam
1232 3871 1516 3924 Duminutn
1561 3883 1808 3926 censent.
1835 3870 1967 3926 Nam
2000 3875 2042 3928 si

457 3965 510 4019 id
554 3965 604 4016 in
666 3963 992 4027 hominibus,
1027 3977 1092 4016 ne
1145 3963 1317 4016 dicant
1346 3962 1412 4016 de
1435 3961 1662 4032 singulis
1695 3962 2042 4029 animabbus,

458 4054 789 4124 impossibile
844 4064 949 4119 est,
971 4053 1142 4108 multo
1176 4055 1345 4125 magis
1377 4055 1430 4108 in
1467 4054 1595 4109 Deo.
1623 4052 1761 4121 Quid
1791 4056 2045 4126 agimus?

461 4144 725 4198 creditis?
787 4141 996 4198 Utinam
1043 4145 1323 4199 oculorum
1380 4147 1575 4200 mentis
1600 4156 1794 4200 vestra:
1824 4146 2044 4217 lippitu-

457 4238 636 4291 dinem
683 4240 938 4292 elueretis
991 4254 1127 4308 aqua
1186 4240 1454 4307 veritatis,
1503 4241 1901 4311 unigenamque
1949 4242 2040 4297 Dei

455 4325 652 4382 Filium
716 4328 975 4382 videretis
1023 4330 1215 4383 salutis
1268 4332 1517 4386 humana:
1565 4347 1725 4386 causa
1773 4335 1910 4388 coelo
1943 4335 2039 4386 tle-

456 4435 725 4488 gret-sum,
751 4420 814 4472 de
835 4418 1036 4488 Spiritu
1069 4433 1259 4475 sancto
1283 4437 1347 4476 ex
1398 4422 1564 4475 Maris
1593 4421 1812 4493 Virgine
1862 4426 2040 4478 inCar-

459 4521 668 4572 natunt,
701 4519 754 4561 ct
783 4511 1053 4563 hominem
1082 4510 1306 4578 factum,
1341 4526 1404 4565 ac
1427 4527 1521 4581 pro
1545 4514 1696 4567 nobis
1720 4520 1817 4567 sub
1843 4513 2036 4570 l’onlio

463 4602 634 4654 l’tlato
665 4601 984 4654 erucilixutn
1008 4640 1021 4666 ,
1046 4616 1288 4671 passum,
1340 4613 1396 4657 et
1448 4606 1740 4672 sepultum,
1774 4610 2038 4675 tertiaque

457 4695 564 4757 die,
617 4699 911 4745 secundum
952 4692 1284 4759 Scripturas,
1343 4694 1683 4761 suscitatum,
1739 4697 1790 4750 in
1830 4699 2034 4750 .cmlum

455 4799 754 4847 reversum,
784 4781 928 4835 Patri
983 4783 1233 4836 dextrum
1261 4785 1613 4850 assidentem,
1645 4796 1700 4840 et
1752 4789 2035 4856 magnifice

451 4879 578 4932 olim
608 4876 916 4946 judicandis
944 4873 1083 4930 vivis
1136 4886 1298 4944 atque
1320 4879 1546 4932 mortuis
1579 4881 1896 4946 rediturum,
1930 4881 2035 4934 im-

454 4972 602 5036 perio
621 4985 891 5038 nunquam
925 4968 1179 5023 finiemlo.

518 5063 641 5119 Jun.
698 5064 764 5116 At
803 5063 847 5116 si
899 5061 1063 5116 Musis
1093 5062 1258 5116 Detnn
1313 5062 1530 5118 interra
1570 5064 1934 5130 incarnatum,
1972 5077 2028 5122 ct

449 5155 722 5208 hominem
786 5153 985 5208 factum
1019 5154 1084 5206 de
1139 5152 1356 5208 Davidis
1385 5160 1667 5226 progenie,
1712 5169 1874 5228 atque
1915 5159 2035 5214 Vir-

447 5251 570 5315 gine
602 5250 933 5316 praedicatis,
956 5263 1062 5316 quo
1098 5258 1256 5317 pacto
1304 5265 1421 5314 nos,
1452 5249 1687 5314 Judaeos,
1719 5267 1813 5305 seu
1857 5253 2032 5324 Syna-

447 5357 637 5408 gngatn
695 5341 901 5408 rejccit,
961 5357 1123 5410 quam
1177 5357 1274 5412 per
1313 5341 1498 5399 Mosen
1535 5346 1893 5413 atquelegcm
1923 5348 2028 5402 sibi

514 5486 535 5516 °
564 5485 669 5538 lsa.
702 5501 778 5550 vr,
832 5485 888 5539 5.
949 5487 991 5519 ¹⁰
1013 5484 1174 5540 Num.
1205 5503 1278 5554 xr,
1306 5488 1456 5544 6-39.

1537 5489 1576 5520 “
1615 5489 1749 5548 Gen.
1790 5510 1862 5563 tv,
1897 5498 1950 5552 4.

448 5555 534 5626 li.
632 5560 674 5586 ”'
717 5558 903 5609 Matth.
940 5575 1029 5627 xv,
1061 5559 1152 5611 ⁸24.

2030 5499 2070 5532 “
2106 5501 2281 5572 chg.
2319 5517 2436 5566 vni,
2476 5501 2565 5556 '50.

2164 468 2308 513 ctum
2341 475 2543 530 corpus
2572 478 2726 517 suum
2775 465 3135 534 assumpsisse
3162 467 3501 537 perhibetis?
3535 467 3672 524 Nam
3703 472 3750 526 si

2161 555 2430 608 servando
2483 555 2762 610 hominum
2810 558 2993 626 generi
3053 558 3218 614 homo
3248 558 3418 614 factus
3440 570 3546 626 est,
3581 561 3753 618 multo

2162 647 2332 716 magis
2391 664 2510 712 nos,
2537 667 2699 720 quam
2763 651 2900 706 alios
2935 655 3147 708 admitti
3180 656 3488 725 oportebat,
3516 673 3747 727 quorum

2164 738 2230 792 ab
2285 748 2446 808 gente
2498 739 2589 793 Dei
2643 742 2833 795 notitia
2865 759 2958 808 per
2989 755 3269 814 parentem
3297 755 3542 801 nostrum
3572 748 3748 802 Abra-

2162 828 2381 882 hamum
2437 830 2729 899 prodierit;
2761 847 2825 886 ac
2861 841 2969 886 tum
3000 833 3231 888 fortasse
3263 843 3480 889 exteros
3508 849 3749 904 quoque,

2160 921 2205 975 si
2239 921 2473 987 volebat,
2514 938 2610 991 pro
2641 925 2982 978 humanitate
3012 940 3109 979 sua
3147 926 3436 981 asciscere.
3473 924 3584 981 Hoc
3603 928 3748 979 enim

2159 1029 2257 1067 nos
2285 1014 2364 1067 vel
2407 1017 2459 1069 in
2495 1017 2684 1084 primis
2713 1018 2938 1084 inducit,
2973 1035 3040 1072 ne
3079 1020 3223 1075 hunc
3261 1033 3381 1075 esse
3413 1018 3562 1074 illum
3585 1019 3754 1075 Musis

2157 1109 2327 1162 Deum
2361 1109 2647 1163 fateamur.

2159 1263 2168 1271 ,
2226 1199 2450 1257 Curusr.
2491 1203 2787 1257 Sciendum
2825 1218 2952 1260 vero
2983 1215 3103 1270 est,
3153 1206 3246 1261 Dei
3299 1207 3438 1262 dona
3479 1221 3602 1264 esse
3641 1208 3752 1263 imo

2157 1295 2482 1362 mutabilia;
2518 1313 2638 1350 nam
2672 1313 2794 1352 cum
2830 1299 3063 1370 simplex
3097 1301 3188 1366 sit,
3228 1302 3496 1372 simplicia
3526 1318 3751 1374 quoque

2157 1405 2254 1443 sua
2301 1389 2570 1443 beneficia
2609 1389 2794 1446 locare
2827 1391 2988 1447 solet.
3028 1393 3207 1462 Atque
3253 1395 3307 1449 id
3359 1409 3548 1449 verum
3600 1409 3751 1458 esse,

2158 1496 2225 1536 ex
2251 1481 2667 1538 insensibilibus
2699 1485 2857 1539 rebus
2889 1485 3264 1554 conjecturam
3302 1487 3504 1552 facere,
3539 1498 3593 1542 et
3620 1503 3753 1555 per-

2159 1576 2371 1645 spicere
2420 1585 2526 1630 est.
2580 1575 2713 1630 Nam
2747 1587 2801 1631 et
2829 1577 2970 1632 coelo
3017 1593 3313 1648 perennem
3361 1581 3748 1651 mobilitatem,

2157 1672 2210 1719 et
2243 1664 2342 1720 soli
2376 1665 2743 1735 splendorem,
2788 1684 2852 1723 ac
2886 1669 3046 1736 lunae,
3084 1685 3151 1726 ne
3179 1671 3389 1742 singula
3424 1689 3750 1744 persequar,

2160 1768 2216 1812 et
2257 1758 2370 1813 sole
2403 1759 2586 1812 lumen
2623 1760 2766 1814 haud
2821 1777 2952 1817 sane
3002 1762 3295 1829 obnoxius,
3345 1764 3575 1834 largitus
3623 1777 3747 1835 est;

2160 1863 2330 1918 eaque
2369 1859 2446 1904 tot
2485 1849 2600 1918 jam
2647 1861 2835 1906 aetates
2882 1855 3102 1908 immuta
3140 1854 3363 1910 durant.
3414 1855 3751 1927 Primigenio

2160 1953 2344 1995 autem
2397 1944 2609 2011 parenti
2663 1944 2892 2014 ejusque
2942 1948 3182 2016 posteris
3241 1963 3474 2012 munus,
3527 1949 3749 2004 arbitrii

2157 2030 2470 2087 libertatem
2505 2036 2674 2090 dedit.
2713 2036 2887 2105 llnjus
2931 2038 3107 2107 gratia
3143 2039 3330 2094 Abelis
3359 2040 3517 2094 donis
3555 2041 3748 2111 propi-

2161 2121 2291 2187 tius,
2340 2123 2473 2178 Cain
2510 2125 2776 2194 despexit,
2825 2142 2924 2196 pro
2975 2129 3259 2198 utriusque
3293 2131 3600 2200 ingenio“.
3644 2136 3748 2188 At-

2157 2229 2264 2283 que
2297 2231 2361 2268 ex
2393 2230 2459 2270 eo
2489 2215 2776 2284 hactenus,
2809 2235 2877 2274 ne
2908 2220 3221 2276 satietatem
3256 2221 3490 2279 dicendo
3515 2226 3746 2281 atferam

2160 2307 2416 2371 (Satietas
2449 2310 2593 2364 enim
2637 2313 2905 2367 orationis
2963 2313 3184 2370 inimica
3232 2326 3318 2372 est
3369 2317 3658 2388 auribus),
3710 2333 3744 2375 θ

2161 2397 2330 2454 malus
2366 2402 2528 2465 male,
2563 2410 2616 2455 et
2645 2403 2815 2458 bonos
2853 2405 3085 2476 benigne
3120 2407 3338 2478 accipit,
3377 2417 3433 2464 ut
3477 2411 3746 2481 cujusque

2158 2491 2402 2547 actiones
2433 2502 2488 2546 et
2521 2493 2660 2548 facta
2694 2507 2998 2553 merentur.
3033 2499 3088 2554 Id
3118 2501 3262 2570 quod
3292 2516 3390 2570 per
3413 2501 3590 2557 virum
3619 2503 3740 2572 Dei,

2159 2584 2250 2653 qui
2287 2583 2402 2639 lleli
2437 2585 2669 2640 filiorum
2709 2587 2920 2642 scelera
2971 2589 3365 2659 exprobrabat,
3424 2591 3510 2647 bis
3556 2597 3740 2649 verbis

2161 2685 2436 2734 testatur:
2475 2696 2494 2730 ‹
2536 2678 2854 2750 Quicunque
2904 2681 3293 2752 glorificaverit
3351 2699 3474 2751 me,
3527 2686 3736 2756 glorili-

2157 2768 2290 2821 cabo
2319 2783 2440 2823 eum
2473 2786 2485 2822 :
2517 2771 2606 2839 qui
2637 2781 2815 2825 autem
2851 2783 3211 2829 contemnunt
3233 2789 3341 2842 me,
3379 2785 3539 2832 erunt
3581 2775 3736 2846 igno-

2155 2859 2293 2917 biles
2322 2861 2388 2915 ".
2427 2881 2446 2915 ι

2755 2954 2989 3013 CAPUT
3030 2957 3123 3017 XI.

2597 3047 2674 3102 De
2707 3049 2891 3105 divina
2933 3051 3299 3114 Providentia.

2223 3133 2364 3202 Quid
2406 3135 2612 3205 igitur?
2646 3152 2938 3194 commune
2985 3142 3088 3197 hoc
3133 3143 3493 3200 humanitatis
3535 3147 3740 3202 donum

2153 3239 2374 3300 propter
2398 3245 2495 3285 vos
2526 3227 2744 3287 Iudaeos
2777 3231 3068 3288 tollemlum
3103 3246 3244 3302 erat,
3284 3254 3382 3292 nec
3409 3241 3567 3294 bouis
3598 3256 3740 3310 prae-

2152 3323 2258 3374 mia
2299 3321 2611 3389 tribuenda,
2648 3339 2750 3379 nec
2795 3325 2952 3379 tnalis
2984 3328 3252 3398 supplicia
3297 3329 3629 3401 irroganda?

2220 3407 2340 3462 Jun.
2379 3409 2619 3466 Minime.

2223 3498 2448 3554 Cuntsr.
2489 3500 2642 3567 Quod
2674 3500 2718 3556 si
2754 3503 2804 3556 id
2844 3505 2980 3558 adeo
3016 3506 3314 3561 absurdum
3354 3513 3611 3578 censetis,
3649 3512 3743 3566 vel

2149 3607 2282 3645 sane
2303 3592 2585 3659 judicatis,
2617 3609 2739 3664 quae
2769 3596 2872 3650 alia
2900 3597 3083 3665 opifici
3119 3599 3230 3654 Deo
3253 3603 3560 3656 adhibenda
3588 3614 3742 3670 erat,

2150 3699 2251 3737 nec
2283 3685 2524 3740 adhibita
2560 3696 2645 3740 est
2688 3689 3047 3758 procuratio?
3094 3692 3176 3745 An
3227 3707 3333 3746 non
3380 3695 3521 3764 apud
3557 3696 3742 3750 Abra-

2151 3776 2370 3830 hamum
2405 3778 2640 3846 epulari,
2679 3783 2770 3849 qui
2813 3782 3018 3837 nullius
3051 3793 3258 3852 egeret,
3294 3787 3743 3843 sustinuit?An-

2151 3885 2258 3922 non
2296 3869 2550 3938 deinceps
2581 3871 2872 3942 perlsaac,
2904 3883 2957 3930 et
2987 3873 3179 3941 Jacob,
3213 3893 3276 3932 ac
3311 3879 3594 3935 duodecim
3633 3899 3743 3952 pa-

2151 3961 2440 4026 triarchas,
2491 3965 2750 4032 unigeniti
2800 3966 2921 4022 Filii
2964 3969 3393 4027 incarnationem
3443 3976 3590 4030 varie
3633 3977 3743 4030 de-

2149 4052 2322 4117 texit;
2373 4052 2449 4104 uti
2492 4061 2604 4107 tum
2658 4055 2710 4108 in
2761 4053 2958 4113 Genesi
3007 4069 3060 4114 et
3111 4058 3321 4129 Exodo,
3370 4072 3626 4136 tanquam
3673 4067 3742 4124 in

2147 4144 2482 4214 aenigmate,
2539 4146 2741 4202 clamat
2793 4148 3013 4206 Muses?
3071 4152 3208 4207 Tum
3261 4166 3442 4212 autem
3490 4158 3579 4228 qui
3633 4175 3744 4217 vos

2146 4239 2449 4293 crassiores
2485 4240 2672 4305 sciret,
2721 4243 3024 4299 crassiores
3072 4247 3238 4300 etiam
3288 4249 3590 4306 solutiones
3637 4269 3745 4321 per

2147 4344 2299 4386 vates
2363 4331 2631 4388 adhibuit.
2700 4333 2844 4400 Quid
2915 4337 3058 4392 enim
3109 4339 3194 4394 his
3247 4339 3500 4398 Jeremire
3552 4347 3745 4404 verbis

2146 4427 2350 4480 clarius
2375 4426 2397 4479 ?
2437 4444 2457 4478 ε
2493 4425 2592 4482 Hic
2616 4437 2702 4483 est
2733 4429 2877 4484 Dens
2905 4443 3116 4498 noster,
3146 4442 3202 4487 et
3230 4449 3336 4489 non
3369 4438 3746 4494 aastimabitur

2144 4517 2282 4571 alius
2333 4502 2597 4574 adversus
2642 4535 2789 4576 enm.
2840 4520 2940 4577 llic
2992 4525 3275 4580 adinvenit
3326 4543 3540 4584 omnem
3589 4532 3742 4587 viain

2145 4612 2469 4678 tlisciplitttn,
2522 4623 2578 4667 et
2628 4614 2854 4668 tradidit
2897 4614 3046 4670 illam
3084 4615 3256 4674 Jaeob
3301 4635 3470 4689 puero
3502 4637 3622 4687 suo,
3676 4636 3745 4678 et

2144 4702 2308 4758 Israel
2337 4705 2538 4758 dilecto
2581 4721 2700 4760 suo.
2743 4705 2868 4760 Post
2901 4707 3014 4764 haec
3050 4709 3102 4762 in
3138 4711 3302 4764 terris
3339 4711 3487 4766 visus
3529 4723 3630 4777 est,
3674 4725 3744 4769 et

2143 4811 2264 4848 cum
2301 4796 2610 4850 ilOiIlillibllS
2641 4809 3004 4855 conversatus
3034 4811 3116 4857 est
3147 4801 3215 4856 “.
3253 4821 3272 4854 ι
3309 4801 3414 4856 Aut
3447 4803 3552 4859 illis
3578 4803 3742 4862 lsai.e

2141 4888 2271 4955 quid
2298 4886 2516 4955 aptius?
2546 4905 2563 4938 ‹
2594 4886 2736 4941 Ecce
2758 4889 2921 4960 Virgo
2943 4893 3236 4962 concipiet,
3266 4901 3320 4947 et
3342 4893 3516 4960 pariet
3535 4894 3738 4963 tilium,

2139 4991 2194 5032 et
2239 4980 2522 5032 vocabitur
2573 4996 2770 5033 nomen
2831 4983 2951 5050 ejus
3020 4985 3341 5039 Emmanuel
3377 4987 3452 5048 ¹¹⁶;
3494 5005 3512 5038 ι
3567 4991 3747 5056 quasi

2142 5078 2292 5131 dicas
2327 5074 2665 5132 :Nobiscunt
2705 5078 2868 5146 Deus,
2920 5093 2971 5136 et
3005 5099 3128 5153 quae
3183 5085 3386 5157 reliqua
3437 5096 3565 5142 sunt
3609 5087 3734 5142 cla-

2145 5169 2290 5223 riora
2325 5183 2506 5224 vatum
2541 5175 2832 5240 praeconia.
2879 5174 3105 5231 Dentum
3164 5179 3284 5248 ipse
3323 5196 3539 5250 quoque
3571 5195 3734 5237 ortus

2144 5262 2406 5317 Servatur
2435 5280 2450 5317 :
2491 5283 2510 5316 ε
2543 5265 2661 5319 Νοη
2696 5281 2814 5320 sum
2854 5268 3078 5333 missus,
3119 5271 3313 5341 inquit,
3365 5275 3467 5328 nisi
3501 5277 3566 5326 ad
3601 5289 3724 5339 pcr~

2141 5358 2282 5412 ditas
2321 5373 2452 5414 oves
2480 5359 2674 5414 domus
2705 5360 2868 5416 lsrael
2897 5362 2960 5415 η.
2996 5380 3016 5414 ι
3057 5363 3312 5421 Proditus
3351 5383 3500 5432 vero,
3536 5378 3591 5421 et
3640 5383 3736 5423 se-

2645 5503 2688 5533 ¹³
2730 5502 2934 5559 Barttch
3004 5521 3086 5574 Ill,
3119 5506 3211 5574 57,
3253 5508 3343 5565 58.
3423 5509 3589 5566 “lsa.
3625 5528 3730 5581 vn,

525 5698 638 5766 (14)
703 5699 774 5751 De
807 5703 1159 5766 pret-essiune
1217 5701 1650 5772 Spiritussancti
1687 5705 1922 5775 loquitur
1951 5721 2140 5765 auctor
2163 5709 2285 5774 istc,
2317 5719 2372 5764 ut
2403 5710 2645 5766 Grtecus.
