4044 6396
311 438 421 505 81Ἱ

1406 432 1796 493 DIALOGU‘S
1835 429 2138 491 CONTRA
2175 432 2511 494 JUDAZOS.

3477 419 3584 487 818

317 557 527 628 pultus,
577 561 741 622 atque
786 549 1084 606 suscitatus
1112 589 1126 615 ,
1183 557 1296 605 tum
1342 549 1623 616 discipulis
1660 548 1902 620 gentium
1933 549 1980 604 A
2009 557 2158 613 sunt,
2183 558 2343 617 atque
2367 563 2395 601 a
2419 546 2678 602 felicitate
2701 545 2884 602 alieni.
2907 544 3109 600 llorum
3135 542 3287 597 Isaae
3309 537 3582 604 duplicem

315 662 570 718 quoque!
593 644 955 701 eruditionem
999 643 1317 708 mandavit,
1373 644 1603 699 dicens:
1644 662 1662 694 ι
1707 643 1904 698 Euntes

319 742 517 793 docete
546 751 736 791 omnes
775 744 1002 807 gentes,
1052 735 1392 804 baptizantes
1442 750 1537 792 eos
1581 735 1634 788 in
1685 736 1904 789 nomine

318 828 504 883 Patris
538 837 594 883 et
649 826 774 883 Filii
824 835 879 881 et
931 826 1168 896 Spiritus
1205 828 1380 882 Sancti
1410 829 1477 882 “.
1517 846 1534 879 ι
1580 826 1636 881 Id
1678 827 1822 897 quod
1851 837 1906 882 et

324 921 641 978 Salomonis
678 921 947 990 sapientia
999 921 1293 989 praedixit:
1330 938 1349 972 τι
1386 920 1523 986 Quia
1571 920 1759 976 vocavi
1785 961 1799 983 ,
1850 927 1906 974 et

323 1013 635 1068 renuistis:
687 1013 1018 1083 despexistis
1057 1028 1216 1068 omne
1261 1013 1544 1067 consilium
1584 1028 1804 1078 meum,
1852 1022 1906 1068 et

327 1106 736 1174 increpationes
768 1121 917 1161 meas
950 1107 1304 1176 neglexistis;
1356 1121 1454 1176 ego
1485 1121 1701 1176 quoque
1735 1107 1786 1160 in
1821 1107 1907 1160 in-

329 1199 493 1253 teritu
522 1208 709 1254 vestro
747 1200 958 1265 ridebo,
989 1210 1044 1254 et
1075 1200 1450 1266 subsannaho,
1487 1213 1609 1252 cum
1643 1198 1802 1252 vobis
1831 1199 1904 1264 id,

327 1291 475 1360 quod
533 1290 828 1353 timebatis,
866 1290 1147 1344 advenerit
1172 1291 1236 1344 ".
1269 1309 1289 1341 ι
1339 1289 1525 1360 Itaque
1572 1289 1720 1344 varie
1767 1289 1908 1344 Deus

326 1381 491 1435 saluti
529 1391 726 1436 vestrae
776 1381 1131 1450 procurandae
1169 1381 1412 1444 studuit;
1446 1395 1620 1451 eoque
1664 1381 1906 1443 nomine,

327 1473 473 1543 quod
509 1473 820 1539 renneritis,
850 1484 1041 1542 gentes
1065 1488 1166 1530 vos
1192 1472 1562 1540 damnabunt;
1587 1472 1731 1542 quod
1757 1472 1906 1540 ipsae,

327 1563 640 1618 Iudaeorum
670 1562 1019 1630 adjumentis,
1060 1578 1183 1633 quae
1225 1564 1366 1619 Deus
1402 1565 1530 1619 olim
1565 1581 1662 1636 per
1699 1566 1907 1630 Mosen,

330 1671 438 1725 qua
476 1654 535 1709 in
569 1655 794 1718 Genesi,
829 1671 932 1724 qua
969 1656 1020 1708 in
1049 1656 1254 1721 Exodo,
1294 1665 1353 1711 ut
1383 1656 1646 1723 diximus,
1677 1658 1910 1712 obscure

331 1748 636 1817 proposuit,
676 1761 738 1800 ac
771 1757 885 1817 post
916 1748 1079 1801 etiam
1113 1748 1532 1804 dilucidioribus
1563 1759 1748 1805 vatum
1781 1766 1910 1807 ora-

329 1838 471 1893 culis
531 1841 796 1907 acceptis,
848 1839 1076 1908 jnstitiae
1129 1840 1310 1896 lumen
1359 1842 1906 1907 adiniseruntzvos,

329 1944 562 1999 quorum
599 1945 764 1984 causa
797 1931 913 1985 hzec
945 1932 1124 1985 omnia
1157 1933 1470 2004 conscripta
1501 1943 1648 1997 sunt,
1681 1934 1909 2002 quihus-

331 2036 440 2090 que
471 2031 624 2076 vates
655 2037 814 2078 suum
847 2023 1166 2094 sanguinem
1192 2023 1470 2092 fuderunt,
1509 2040 1626 2091 vos,
1661 2027 1906 2096 inquam,

333 2114 542 2181 rejecto
587 2115 721 2179 sole,
761 2115 1014 2171 tenebras
1046 2131 1143 2184 pro
1187 2118 1411 2185 perenni
1461 2117 1581 2173 luce
1622 2118 1906 2188 elegistis;

332 2207 533 2275 quibus
583 2217 761 2260 tamen
813 2207 1187 2264 illuminandis
1242 2209 1360 2278 ipse
1419 2224 1634 2280 quoque
1693 2212 1908 2265 demum

331 2297 650 2366 unigenitus
687 2299 779 2353 Dei
821 2299 989 2354 Filius
1031 2310 1086 2356 et
1129 2300 1221 2356 lux
1268 2309 1487 2358 aeternae
1523 2303 1699 2368 lucis,
1752 2319 1908 2358 suum

330 2403 552 2458 quoque
598 2391 918 2461 sanguinem
967 2391 1127 2447 fudit.

402 2478 524 2534 .lt'n.
557 2479 614 2534 Si
649 2495 778 2536 vere
818 2481 973 2537 nobis
1001 2485 1282 2551 ostendes,
1330 2485 1538 2553 Mosen,
1569 2497 1678 2542 tum
1712 2488 1762 2542 in
1803 2488 1910 2543 Ge-

333 2574 476 2638 nesi,
508 2581 620 2625 tum
651 2574 705 2626 in
736 2574 925 2629 Exodo
956 2575 1024 2630 de
1052 2575 1137 2632 his
1167 2576 1433 2644 locutum,
1471 2588 1526 2634 et
1565 2589 1742 2636 tecum
1789 2595 1910 2636 seu.

335 2666 553 2726 tieinus,
591 2675 644 2719 et
679 2667 986 2723 credemus.

407 2754 632 2809 Cumsr.
660 2756 714 2809 Si
747 2758 1057 2812 crassiores
1091 2760 1479 2828 prophetarum
1505 2761 1912 2830 praedictiones,

336 2858 523 2916 aperte
553 2846 646 2901 Dei
677 2847 876 2903 Filium
911 2851 1297 2918 praedicantes,
1335 2853 1500 2906 vestri
1537 2853 1774 2923 majores
1806 2871 1910 2908 non

339 2940 662 3006 audierunt;
717 2940 968 3004 scilicet,
1020 2941 1259 2997 Mosaica
1313 2945 1471 3000 vobis
1527 2947 1752 3014 scripta,
1793 2962 1913 3016 quae

341 3046 446 3084 non
501 3031 721 3100 palam,
779 3033 872 3088 sed
924 3032 1155 3090 obscure
1202 3035 1387 3092 omnia
1432 3038 1708 3107 produnt,
1759 3039 1913 3094 vobis

339 3124 534 3182 hcieut
570 3125 754 3180 tidem.

937 3260 1165 3318 CAPUT
1206 3262 1324 3318 XII.

404 3374 516 3430 Cur
552 3375 688 3430 Deus
726 3392 924 3430 arcana
958 3377 1083 3446 ﬁdei
1117 3376 1352 3432 homines
1388 3379 1544 3434 initio
1572 3380 1840 3436 celaverit.

409 3490 528 3547 Jun.
571 3489 636 3545 Et
661 3505 759 3545 cur
784 3501 966 3546 autem
1001 3507 1104 3545 non
1138 3491 1353 3561 planius
1387 3495 1635 3563 aperuit?

412 3579 632 3635 Cnmsr.
675 3579 808 3634 Erat
843 3591 958 3635 tum
1008 3582 1490 3652 intempestivum,
1542 3593 1600 3638 ut
1648 3586 1918 3655 dicebam,

341 3671 392 3725 id
426 3673 676 3740 prodere.
714 3671 849 3726 Nam
881 3673 926 3728 si
961 3674 1028 3729 de
1056 3673 1388 3744 Cherubinis
1439 3662 1602 3747 atque
1657 3678 1918 3748 Seraphi-

341 3763 455 3825 nis,
503 3774 668 3832 atque
699 3763 848 3818 omni
897 3765 1110 3821 coelesti
1164 3767 1423 3821 satellitio
1470 3771 1732 3838 propheta
1784 3771 1920 3826 nihil

343 3856 603 3924 prodidit,
635 3869 772 3926 quas
807 3869 892 3910 res
937 3858 1078 3926 apud
1113 3873 1172 3913 se
1217 3860 1503 3930 explorate
1543 3863 1794 3933 cognitas
1823 3865 1922 3918 ha-

342 3949 515 4013 beret,
546 3947 644 4002 sed
693 3963 758 4002 ex
796 3949 1247 4016 aspectabilibus,
1300 3951 1402 4006 sub
1431 3966 1759 4024 sensumque
1795 3957 1924 4011 sub-

336 4038 500 4108 jectis
535 4041 745 4110 erigere
778 4055 879 4096 nos
907 4041 1145 4111 primum
1180 4043 1246 4097 ad
1290 4043 1386 4099 Dei
1432 4045 1681 4100 notitiam
1714 4047 1916 4113 voluit;

342 4141 548 4198 quanto
600 4132 774 4202 magis
827 4135 896 4188 de
958 4135 1218 4202 perenni,
1284 4143 1339 4189 et
1397 4137 1658 4206 temporis
1703 4149 1923 4208 experte

343 4222 634 4291 Trinitate,
670 4235 764 4280 aut
796 4224 920 4280 Filii
956 4227 1512 4298 incarnatione‘lqua:
1541 4240 1596 4285 et
1628 4238 1713 4286 tot.
1740 4240 1919 4286 vatum

344 4313 560 4370 iudiciis
610 4317 916 4386 patefacta,
968 4327 1017 4374 et
1061 4334 1227 4388 porro
1269 4322 1510 4376 exhibita
1545 4337 1610 4377 ac
1654 4322 1918 4392 perfecta,

346 4404 612 4461 hactenus
651 4421 683 4461 a
727 4407 882 4461 vobis
920 4418 1167 4476 negatur.
1227 4409 1330 4464 Sed
1370 4411 1624 4464 nimirum
1662 4427 1921 4480 quazcun-

342 4511 472 4564 que,
525 4507 586 4552 ut
639 4499 877 4562 aiebam,
913 4497 1204 4554 obscurius
1253 4500 1410 4564 dixit,
1461 4501 1670 4557 duabus
1722 4503 1806 4557 his
1855 4505 1921 4560 de

343 4587 526 4641 causis
584 4588 758 4643 fecit:
801 4597 914 4643 tum
973 4598 1032 4642 ut
1097 4589 1276 4643 divina
1333 4605 1391 4645 se
1454 4592 1645 4646 notitia
1700 4593 1918 4664 plenum

344 4681 699 4748 ostenderet;
759 4690 873 4736 tum
935 4691 996 4736 ut
1053 4683 1143 4751 qui
1201 4695 1325 4752 post
1378 4699 1436 4738 se
1487 4685 1680 4740 eodem
1724 4689 1920 4757 spiritu

347 4782 531 4825 essent
576 4771 780 4838 affecti,
821 4786 887 4826 ex
919 4773 1222 4844 wnigmatis
1254 4779 1320 4828 ad
1367 4776 1614 4830 divinum
1667 4778 1920 4846 splendo-

349 4878 462 4914 rem
494 4863 852 4933 erigerentur.
905 4863 1093 4933 Itaque
1145 4864 1538 4921 intructuosum
1592 4867 1667 4921 sit
1715 4883 1778 4923 ea
1827 4885 1923 4928 vos

255 5003 260 5007 .
347 4952 564 5007 docere.

419 5045 538 5102 Jun.
572 5046 685 5102 Imo
713 5063 842 5103 vero
876 5063 1148 5118 rogamus,
1182 5051 1386 5103 dissere
1433 5050 1588 5105 nobis
1637 5067 1700 5106 ea
1728 5092 1743 5117 ,
1797 5069 1919 5123 qua:

351 5151 478 5195 sunt
505 5157 572 5194 ex
603 5140 756 5195 Mose
786 5142 1094 5211 desumpta.
1135 5139 1269 5195 Nam
1317 5153 1371 5196 et
1412 5143 1708 5212 principem
1752 5160 1780 5198 a
1817 5147 1922 5200 Deo

347 5244 526 5286 vatem
557 5231 745 5286 Mosen
775 5233 1110 5300 accepimus,
1145 5240 1201 5284 et
1233 5231 1278 5286 is
1313 5247 1379 5286 ex
1415 5231 1651 5302 Egypto
1704 5234 1927 5290 eductos

350 5325 406 5376 in
440 5324 528 5377 Dei
562 5325 810 5378 notitiam
845 5324 1082 5378 induxit.

422 5415 646 5470 Cunisx.
681 5413 850 5484 Igitur
882 5431 910 5468 a
947 5416 1126 5485 primo
1171 5415 1263 5468 Dei
1314 5422 1533 5469 amante
1580 5415 1818 5484 homine,
1870 5417 1920 5472 id

352 5517 454 5570 εει,
491 5507 823 5573 Abrahamo,
857 5507 1159 5561 Ordiamur.
1196 5505 1256 5559 Ei
1297 5508 1403 5560 duo
1432 5516 1586 5561 erant
1619 5509 1753 5574 nati,
1781 5523 1924 5563 unus

353 5613 419 5652 ex
453 5600 671 5667 ancilla,
698 5600 840 5654 alter
868 5613 934 5654 ex
964 5598 1158 5653 libera.
1190 5596 1324 5652 Nam
1353 5601 1534 5654 caueri
1563 5599 1682 5654 sine
1710 5600 1928 5655 nomine

425 5801 468 5834 ¹⁶
509 5801 699 5856 Matth.
735 5816 926 5866 xxvm,
960 5801 1042 5856 19.

354 5888 484 5933 xm.
517 5876 570 5927 9.
649 5873 691 5904 ²¹
734 5875 863 5928 ibid.
908 5873 989 5928 1‘2.

1124 5803 1166 5835 ⁸⁷
1209 5802 1366 5856 Prov.
1399 5819 1438 5866 ι,
1468 5802 1560 5862 ‘2I.
1591 5802 1682 5857 25.

1069 5873 1114 5905 ³³
1155 5875 1286 5929 ibid.
1329 5877 1412 5928 I9.

1779 5804 1822 5835 "
1861 5803 2003 5860 Osee
2051 5819 2087 5867 i,
2133 5800 2187 5854 9..

1489 5877 1535 5906 "
1574 5874 1708 5929 Gen.
1750 5890 1858 5935 xvr,
1906 5876 1957 5931 «ι.

2007 641 2175 711 gessit
2227 641 2456 711 ﬁguram
2493 654 2508 692 :
2544 652 2707 692 unam
2761 636 2954 691 ordine
3009 632 3304 697 nascendi;
3352 627 3584 682 electum

2007 748 2072 788 ex
2119 732 2370 804 gentibus
2394 731 2646 801 populum
2669 769 2684 794 ,
2737 728 2959 782 Christo
2997 727 3339 780 adhmsurum
3375 720 3583 774 refere-

2008 825 2137 890 bat;
2169 825 2328 879 modo
2358 831 2540 878 autem
2569 823 2846 886 nascendi,
2877 829 2931 874 et
2959 816 3351 880 immolatione,
3373 810 3578 867 Christi

2009 916 2223 972 Domini
2265 917 2607 971 nativitatem
2641 922 2696 968 et
2745 923 2972 967 mortem
3029 909 3334 979 ﬁgurabat;
3393 902 3586 959 Ismael

2009 1019 2198 1064 contra
2230 1019 2416 1080 typum
2451 1007 2723 1077 expressit
2773 1005 3014 1060 Judaicae
3055 1000 3231 1071 gentis
3265 1016 3280 1054 :
3313 1008 3478 1066 atque
3529 993 3585 1049 id

2009 1118 2198 1156 verum
2235 1117 2378 1164 esse,
2411 1101 2537 1155 audi
2568 1099 2734 1154 Deum
2766 1096 2907 1152 Osce
2941 1094 3286 1150 mandantem
3317 1109 3332 1144 :
3368 1108 3386 1140 ι
3421 1087 3593 1141 Sume

2011 1193 2108 1247 tibi
2142 1207 2366 1246 uxorem
2406 1190 2858 1250 fornicationum,
2896 1197 2951 1242 et
2982 1185 3067 1240 l‘ae
3109 1184 3204 1238 tibi
3246 1181 3386 1235 ﬁlios
3413 1177 3587 1233 forni-

2009 1282 2289 1336 cationum
2326 1299 2340 1336 :
2383 1281 2509 1348 quia
2565 1279 2841 1335 foruicans
2871 1274 3233 1332 fornicabitur
3260 1269 3587 1325 universitas

2007 1372 2316 1428 Iudaeorum
2345 1387 2374 1426 a
2404 1371 2632 1426 Domino
2659 1371 2724 1434 ⁸⁸,
2753 1369 3109 1440 quamobrem
3144 1380 3248 1419 non
3279 1379 3416 1416 uxor
3442 1368 3586 1422 mea,

2009 1473 2064 1520 et
2094 1479 2193 1532 ego
2225 1479 2330 1518 non
2360 1463 2445 1518 vir
2472 1463 2589 1534 ejus
2617 1462 2683 1516 ιθ.
2719 1481 2736 1515 ι
2769 1460 2977 1528 Quibus
3005 1457 3185 1512 verbis
3217 1452 3585 1510 sacerdotium

2011 1570 2228 1626 quoque
2281 1555 2658 1624 abrogandum
2703 1551 2985 1606 innuebat.
3028 1547 3162 1603 Cum
3213 1547 3357 1601 enim
3409 1558 3588 1598 were-

2012 1650 2201 1704 tricata
2234 1657 2382 1703 esset
2416 1645 2786 1718 (Synagoga),
2819 1641 3048 1697 multata
3083 1649 3166 1694 est
3207 1652 3374 1706 regno
3405 1644 3460 1689 et
3493 1648 3586 1688 sa-

2012 1738 2256 1794 cerdotio
2285 1745 2408 1809 post
2431 1735 2640 1792 Christi
2666 1736 2980 1808 adventum,
3015 1731 3107 1802 qui
3144 1729 3395 1800 princeps
3423 1740 3587 1781 verus

2013 1842 2099 1888 est
2127 1839 2291 1902 atque
2318 1839 2523 1886 rector.

2593 1919 2824 1975 CAPUT
2863 1917 3003 1974 XIII.

2318 2036 2566 2091 Iudaica:
2601 2035 2770 2104 gentis
2811 2049 2844 2086 a
2889 2033 2992 2085 Deo
3029 2029 3274 2099 defectio.

2087 2157 2250 2225 Igitur
2282 2153 2325 2210 si
2360 2168 2464 2208 non
2487 2161 2572 2208 est
2592 2152 2659 2206 iis
2681 2146 3063 2207 sacerdotium,
3083 2151 3147 2196 ut
3165 2149 3310 2197 certe
3342 2155 3446 2194 non
3478 2148 3584 2202 est,

2012 2251 2235 2306 evidens
2254 2255 2338 2302 est
2369 2261 2462 2300 eos
2493 2239 3004 2307 meretricariQNam
3034 2250 3262 2301 quorum
3295 2232 3593 2301 illegitimae

2013 2349 2140 2396 sunt
2172 2337 2394 2408 nuptiae,
2426 2336 2462 2390 ii
2500 2333 2820 2389 adulterium
2843 2329 3209 2386 committunt.
3229 2324 3382 2391 Quod
3410 2325 3452 2378 si
3475 2323 3586 2392 jam

2013 2445 2203 2487 omnes
2252 2429 2615 2489 fornicamur,
2665 2433 2828 2492 atque
2854 2436 2920 2476 ex
2970 2417 3238 2475 adulterio
3266 2424 3586 2479 nascuntur,

2014 2539 2202 2580 omnes
2234 2522 2407 2592 spurii
2439 2527 2585 2575 sunt.
2641 2535 2662 2570 ε
2704 2518 2776 2570 De
2811 2524 2994 2571 scorto
3043 2523 3222 2566 autem
3282 2518 3462 2573 natus,
3513 2509 3592 2560 ait

2015 2617 2178 2672 Musis
2209 2617 2317 2680 lex,
2353 2629 2462 2669 non
2500 2609 2838 2683 ingredietur
2873 2607 3174 2663 Ecclesiam
3226 2603 3440 2659 Domini
3466 2603 3532 2655 '°.
3567 2619 3585 2653 ι

2088 2708 2281 2777 Opera:
2313 2705 2545 2778 pretium
2587 2709 2672 2758 est
2721 2710 2903 2755 autem
2954 2711 3218 2768 quaerere,
3268 2704 3366 2749 cu‘r
3411 2709 3442 2747 a
3482 2694 3594 2746 Deo

2019 2803 2194 2859 foedus
2221 2795 2658 2855 circumcisionis
2686 2803 2902 2864 pactum
2937 2792 3007 2846 sit
3040 2790 3094 2844 in
3126 2789 3376 2850 lsmaele,
3407 2796 3460 2842 et
3487 2802 3590 2840 non

2016 2897 2070 2952 in
2099 2893 2293 2949 Isaae?
2325 2891 2436 2959 Ego
2473 2887 2682 2944 aﬂirmo
2710 2901 2930 2942 causam
2968 2885 3158 2949 fuisse,
3187 2882 3329 2953 quod
3357 2881 3595 2937 circum-

2016 2986 2152 3041 cisio
2181 2993 2302 3038 erat
2329 2983 2572 3038 desitura
2604 2997 2620 3034 :
2653 2987 2820 3048 atque
2865 2977 2918 3033 id
2967 2991 3155 3031 verum
3205 2989 3347 3040 esse,
3395 2988 3458 3027 ex
3505 2973 3592 3027 bis

2019 3080 2112 3134 Dei
2160 3077 2229 3132 ad
2275 3076 2645 3130 Abrahamum
2699 3071 2885 3126 verbis
2948 3075 3171 3137 apparet
3213 3084 3227 3120 :
3279 3085 3298 3118 ς
3335 3066 3414 3119 Tu
3462 3080 3592 3134 ergo

2016 3168 2293 3226 custodies
2326 3173 2546 3235 pactum
2590 3177 2768 3216 meum
2803 3169 2857 3214 et
2882 3173 3066 3212 semen
3098 3167 3246 3210 tuum
3284 3163 3406 3224 post
3453 3165 3502 3208 te
3536 3153 3590 3207 in

2019 3257 2462 3333 generationibus
2486 3251 2600 3309 suis
2624 3254 2694 3312 ἰ.
2726 3272 2744 3305 ι
2773 3249 2841 3306 Et
2865 3251 3099 3304 iterum:
3135 3265 3153 3299 ι
3184 3247 3355 3302 Omne
3380 3259 3593 3299 mascu-

2021 3353 2187 3406 linum
2221 3350 2275 3405 in
2321 3345 2762 3420 generationibus
2804 3340 2998 3397 vestris
3040 3337 3584 3394 circumcidetur'm

2018 3443 2094 3500 De
2138 3444 2291 3498 Isaac
2339 3451 2520 3494 autem
2581 3452 2688 3492 non
2740 3436 2815 3490 ita
2872 3433 3012 3488 Deus
3079 3430 3402 3500 paciscitur;
3452 3429 3589 3484 sed:

2024 3555 2042 3589 ι
2083 3534 2420 3591 Constituam
2478 3540 2694 3600 pactum
2730 3542 2908 3582 meum
2944 3526 3018 3579 illi
3067 3526 3122 3580 in
3174 3523 3352 3579 fmdus
3399 3522 3597 3590 sempi-

2019 3639 2235 3683 ternum
2263 3625 2335 3679 ³⁸.
2366 3643 2386 3677 ι
2423 3622 2743 3680 Observato,
2779 3629 2834 3672 ut
2861 3611 3098 3680 Ismaeli,
3124 3615 3218 3685 qui
3253 3615 3594 3685 Synagogam

2022 3721 2224 3775 referre
2277 3725 2528 3786 putatur,
2579 3713 2778 3783 quippe
2825 3710 3200 3780 primigenius,
3252 3708 3603 3761 ﬁrmaturum

2021 3825 2080 3866 se
2138 3809 2312 3864 foedus
2363 3809 2624 3862 duratura
2681 3805 2799 3874 ejus
2851 3802 3168 3874 posteritate
3214 3799 3600 3869 repromittat;

2023 3919 2148 3958 cum
2181 3901 2334 3956 Isaae
2373 3914 2522 3964 vero,
2563 3897 2652 3967 qui
2685 3910 2883 3950 novum
2926 3892 3186 3962 populum
3217 3896 3602 3959 repraesentat,

2021 3995 2412 4063 sempiternum
2460 3991 2582 4045 iniit
2627 3988 2824 4043 lmdus.
2867 4003 2886 4037 ι
2917 3983 3126 4038 Ancilla
3172 3979 3493 4059 concepisse
3539 3991 3600 4032 se

2025 4088 2214 4141 videns
2249 4123 2264 4148 ,
2330 4080 2575 4150 despexit
2610 4079 2884 4134 dominam
2925 4091 3078 4131 suam
3124 4073 3206 4139 ’τις
3247 4093 3264 4124 ι
3310 4071 3598 4141 Synagoga

2023 4178 2254 4240 scilicet,
2287 4182 2510 4242 accepta
2541 4172 2678 4238 lege,
2730 4184 2793 4223 ac
2824 4170 2989 4239 bysso
3014 4179 3380 4237 purpuraque,
3408 4177 3597 4232 regno,

2024 4275 2271 4341 inquam,
2311 4282 2376 4321 ac
2411 4264 2571 4321 simul
2613 4263 2927 4332 pontiﬁcatu
2975 4269 3189 4324 ornata,
3227 4259 3412 4313 heram
3464 4271 3600 4311 con-

2027 4360 2247 4428 tempsit
2304 4372 2502 4422 suam,
2559 4369 2776 4410 manum
2831 4360 3020 4407 contra
3065 4352 3158 4405 Dei
3209 4349 3611 4417 omnipotentis.

2025 4457 2366 4526 majestatem
2409 4459 2465 4505 et
2513 4451 2758 4504 dextram
2806 4445 3055 4509 sustulit;
3113 4443 3341 4513 ejusque
3395 4440 3600 4493 vultum

1953 4566 1996 4621 ι)
2025 4548 2245 4603 omnino
2296 4542 2534 4612 effugere
2579 4540 2898 4602 conabatur,
2929 4537 3058 4593 dum
3113 4553 3132 4586 ι
3167 4535 3417 4589 occidere
3471 4547 3601 4603 pro-

2030 4636 2238 4706 phetas,
2271 4642 2328 4688 et
2360 4630 2602 4700 lapidare
2631 4629 2696 4683 ad
2737 4643 2794 4682 se
2831 4627 3026 4680 missos
3059 4625 3467 4680 moliebatur".
3503 4641 3528 4674 ι.

2619 4741 2844 4799 CAPUT
2884 4739 3022 4795 XIV.

2289 4860 2632 4930 Comparalio
2670 4855 2963 4927 Synagoga:
2997 4865 3042 4908 et
3084 4857 3339 4926 gentium.

2100 4956 2411 5022 Praepotcns
2459 4963 2638 5005 autem
2693 4949 2836 5001 Deus
2886 4946 3093 5006 exsiliis
3131 4947 3228 5016 (nt
3273 4962 3392 5016 quae
3428 4947 3615 5015 primo.

2030 5062 2224 5121 sponte
2257 5046 2502 5117 fugisset)
2536 5044 2876 5115 Synagogam
2907 5041 3049 5096 male
3083 5041 3342 5106 multatis,
3382 5043 3601 5094 tandem

2033 5144 2179 5198 velut
2215 5141 2467 5196 ancillam
2519 5141 2706 5191 durius
2745 5135 3006 5196 habitam,
3042 5134 3308 5204 propitius
3344 5147 3439 5201 per
3476 5147 3602 5202 pro-

2030 5235 2222 5304 phetas
2252 5230 2414 5300 jussit
2444 5229 2509 5282 ad
2547 5231 2730 5284 heram
2765 5241 2946 5288 suam,
2971 5225 3148 5289 idest,
3173 5221 3604 5292 Hierosolymam

2034 5323 2334 5386 reverti",
2383 5332 2437 5375 ct
2471 5319 2588 5390 ejus
2641 5333 2698 5373 se
2745 5317 2924 5370 manui
2963 5315 3317 5377 submittere;
3374 5314 3604 5367 adorare

2032 5417 2278 5470 \ideliret
2322 5413 2372 5465 in
2416 5409 2691 5464 Bethleem
2726 5417 2931 5471 natum,
2967 5412 3022 5460 et
3051 5404 3392 5458 Servatorem
3435 5403 3601 5457 Deum

2033 5508 2308 5562 Christum
2340 5502 2603 5557 contiteri.
2643 5499 2888 5570 Cumque
2923 5511 3136 5551 reversa
3179 5497 3459 5566 Synagoga
3491 5510 3601 5549 non

2037 5597 2195 5652 modo
2232 5611 2334 5649 non
2363 5592 2735 5657 conﬁteretur,
2772 5588 2864 5644 sed
2897 5588 3060 5643 etiam
3093 5589 3264 5652 Isaac,
3291 5602 3384 5642 seu
3413 5603 3608 5650 recens

2267 5801 2309 5833 ¹⁹
2349 5798 2485 5853 Osce
2520 5814 2577 5853 ιι.
2612 5797 2666 5851 2.
2766 5797 2812 5828 ὀ
2855 5793 3009 5847 Dent.
3046 5808 3198 5854 nm,
3243 5791 3297 5844 2.
3378 5791 3417 5823 ¹¹
3462 5787 3599 5844 Gen.

2055 5864 2106 5926 4.
2183 5872 2228 5902 ¹¹¹
2267 5870 2458 5924 Matth.
2502 5884 2656 5926 xxtn.
2707 5869 2796 5922 57.
2836 5867 2880 5898 ³⁸
2920 5865 3056 5920 Gen.
3101 5877 3214 5927 xvi,
3257 5864 3314 5918 9.
