4044 6414
380 411 487 479 819

1595 409 1694 468 AN
1707 400 2023 468 DRONICI
2067 401 2272 466 COMN
2279 407 2380 468 EN
2390 409 2414 466 ι

3559 406 3666 471 820

381 541 570 586 uatum
625 530 902 585 Christum
965 529 1252 595 ill'uderet,
1315 543 1438 582 eum
1494 532 1620 596 post
1679 519 1969 590 chlamyde
1997 515 2043 570 Δ
2073 527 2521 587 comperenuem,
2561 537 2626 578 ac
2656 531 2786 578 natu
2821 523 3108 593 atqualcm,
3164 523 3407 592 mihique
3445 523 3656 578 charis-

381 624 660 686 amiciret,
697 635 753 677 ct
810 633 1122 679 contextam
1181 638 1213 677 e
1263 621 1439 692 spinis
1493 633 1748 675 coronam
1802 613 1968 684 capiti

380 717 722 787 imponeret;
763 728 875 772 tum
909 733 1039 772 vero
1071 717 1281 771 audivit
1325 714 1608 770 Christum
1639 711 1707 766 ad
1749 710 1968 764 Patrem

378 827 537 865 suum
571 813 896 866 clamantem
932 829 946 865 :
985 831 1004 864 ι
1042 812 1189 881 Ejice
1221 809 1499 874 ancillam,
1547 807 1598 860 id
1665 815 1750 861 est
1790 804 1970 874 Syna-

379 920 596 974 gogam,
634 906 700 959 de
729 906 892 959 domo
918 921 1059 971 mea,
1091 918 1158 958 nc
1185 904 1316 958 mihi
1343 904 1467 958 thus
1495 899 1745 964 adoleat;
1787 911 1964 965 neque

380 999 530 1052 ιειιὶιιι
558 999 773 1053 ancilla:
808 998 953 1052 ﬁlius
984 1000 1089 1052 erit
1118 997 1292 1052 haeres
1321 1012 1446 1052 cum
1482 994 1591 1049 ﬁlio
1618 994 1808 1048 libera:
1829 993 1912 1057 '7;
1946 1009 1966 1044 ι

379 1110 508 1148 nam
567 1109 724 1162 aeque
769 1093 942 1150 Judaei
989 1104 1154 1163 atque
1201 1102 1395 1164 gentes
1447 1101 1695 1163 paratum
1747 1104 1971 1160 regnum

381 1189 783 1258 possidebunt;
820 1203 1053 1258 quorum
1095 1187 1171 1241 illi
1200 1186 1502 1250 Christum,
1548 1198 1644 1238 ceu
1697 1181 1974 1235 facinoro-

382 1297 502 1336 sum
540 1281 594 1336 in
625 1297 841 1336 crucem
875 1290 1139 1351 egerunt;
1181 1289 1372 1350 gentes
1422 1292 1550 1332 vero
1599 1291 1722 1330 cum
1767 1273 1974 1328 facino-

382 1375 526 1432 rosis
557 1375 882 1432 cruciﬁxum
914 1376 1277 1444 conSpicatze,
1311 1373 1482 1428 Deum
1517 1370 1782 1427 confessa:
1821 1375 1971 1424 sunt.

978 1509 1210 1568 CAPUT
1262 1507 1381 1565 XV.

551 1626 686 1683 Filii
725 1638 777 1684 et
815 1645 898 1683 res
940 1627 1233 1682 Abrahami
1268 1642 1387 1681 cum
1424 1626 1533 1680 Deo
1566 1624 1799 1680 collatis.

456 1745 634 1814 Atque
666 1756 729 1799 ea
780 1743 998 1812 quidem
1050 1741 1106 1794 in
1161 1749 1289 1812 typo
1339 1738 1686 1809 Synagogae,
1745 1737 1798 1793 id
1854 1747 1974 1800 est,

2075 613 2294 679 simum,
2331 630 2562 685 corpore
2592 627 2812 686 propter
2847 615 3127 671 hOminum
3160 616 3394 671 salutem
3430 614 3659 670 mactari

2073 705 2263 760 volens
2298 706 2498 776 patior.
2550 707 2684 763 Illud
2738 724 2870 764 vero
2918 709 3140 779 dignum
3195 708 3496 776 quaestione
3534 718 3662 764 est.

2074 811 2174 853 cur
2208 797 2522 856 Abrahamo
2552 817 2695 872 saepe
2721 803 2914 859 hostiis
2944 812 3193 871 operata,
3228 801 3408 856 locum
3442 801 3490 856 ei
3520 801 3664 855 Deus

2075 906 2184 945 non
2245 893 2518 960 ostendit;
2585 895 2639 948 in
2697 893 2871 948 lsaaci
2936 893 3312 949 immolatione
3359 893 3660 963 praecepit:

2081 1002 2102 1037 ί
2143 984 2293 1040 Vade
2325 989 2376 1041 in
2411 996 2612 1042 terram
2653 987 2904 1051 visionis,
2957 1003 3121 1058 super
3153 1003 3320 1042 unum
3370 987 3662 1047 montium,

2076 1100 2239 1154 quem
2276 1096 2656 1141 monstravero
2690 1087 2785 1142 tibi
2811 1088 2879 1142 ³⁸.
2912 1106 2929 1139 ι
2968 1086 3125 1142 Illum
3175 1085 3395 1154 ipsum,
3441 1084 3663 1154 opinor,

2077 1179 2255 1234 locum
2287 1181 2338 1235 ei
2378 1180 2641 1235 Dominus
2671 1179 2935 1248 ostendit,
2980 1182 3031 1235 in
3075 1194 3182 1249 quo
3215 1194 3370 1233 meus
3402 1177 3668 1233 Dominus

2075 1274 2482 1344 cruciﬁgendus
2511 1284 2651 1330 erat.
2696 1272 2832 1328 Nam
2869 1273 3221 1329 Palaestiuum
3266 1271 3446 1330 solum
3497 1284 3669 1342 prope

2079 1365 2576 1438 Hierosolymorum
2617 1368 2752 1425 ﬁnes
2783 1369 3018 1439 adjacet.

2667 1506 2896 1563 CAPUT
2934 1504 3076 1562 XVI.

2118 1622 2228 1678 Cur
2263 1624 2316 1678 in
2347 1635 2522 1678 monte
2549 1621 2857 1690 sacriﬁcare
2888 1619 3154 1674 Abraham
3188 1617 3360 1687 ﬁlium
3385 1615 3624 1686 iubetur.

2151 1737 2310 1792 Mane
2343 1752 2575 1809 surgens
2605 1735 2969 1800 Abrahamus,
3019 1734 3232 1789 asinum
3282 1731 3502 1787 sternit.
3535 1731 3664 1784 Asi-

383 1835 612 1892 Ismaele
642 1844 771 1891 sunt
806 1842 1025 1906 peracta
1055 1834 1140 1901 ²⁸;
1175 1833 1294 1889 haec
1324 1842 1506 1887 autem
1532 1834 1585 1887 in
1617 1831 1769 1888 Isaac
1790 1872 1806 1897 ,
1849 1830 1970 1886 novi
2001 1851 2050 1912 Β
2084 1846 2210 1885 ιιυιιι
2246 1829 2464 1899 quidem
2505 1829 2875 1891 Abrahamus,
2916 1814 3097 1881 .Iudas
3130 1836 3315 1880 autem
3347 1822 3663 1878 Iudaeorum

387 1931 569 2001 populi
624 1930 817 2002 ﬁgura,
878 1929 1114 1999 primum
1167 1928 1296 1997 quia
1343 1941 1408 1982 ex
1461 1925 1637 1982 sterili
1690 1924 1871 1992 eﬁeta,
1920 1933 1975 1978 ct

386 2027 679 2096 grandaeva
708 2033 892 2080 natus.
924 2022 1060 2078 Nam
1087 2022 1214 2093 quia
1239 2037 1306 2078 ex
1344 2019 1561 2092 Virgine
1589 2020 1734 2075 nasci
1767 2019 1974 2073 homini

384 2134 492 2175 non
550 2131 637 2174 est
671 2121 1008 2184 concessum:
1055 2117 1238 2189 (quod
1287 2117 1434 2172 Deus
1473 2112 1820 2186 privilegium
1869 2112 1973 2168 sibi

383 2224 444 2268 ut
487 2213 681 2283 ingens
724 2211 1003 2282 quiddam,
1053 2220 1108 2266 et
1157 2223 1485 2265 arcanorum
1536 2217 1701 2278 atque
1735 2207 1976 2262 admira-

383 2305 574 2361 bilium
600 2307 838 2360 maxime
867 2301 1191 2359 admirabile
1214 2311 1270 2358 et
1294 2315 1555 2357 arcanum
1588 2299 1974 2370 consecravit),

384 2401 676 2462 oportebat
732 2400 970 2468 aliquem
1031 2407 1214 2468 typum
1281 2408 1448 2466 atque
1498 2394 1748 2450 umbram
1812 2393 1975 2463 hujus

388 2496 643 2549 veritatis
675 2511 740 2549 ex
771 2493 932 2549 effeta
965 2492 1119 2546 nasci
1153 2491 1491 2546 Abrahamo.
1532 2489 1673 2555 Quin
1720 2497 1776 2543 ct
1808 2487 1973 2542 verba

385 2588 552 2643 etiam
581 2587 781 2642 similia
819 2597 969 2652 sunt,
1019 2600 1142 2657 qua:
1181 2585 1256 2640 de.
1275 2582 1482 2640 Christi
1514 2581 1800 2636 nativitate
1830 2580 1979 2636 dice-

382 2677 608 2747 bantur,
649 2688 704 2734 et
737 2693 861 2749 quas
897 2678 964 2732 de
994 2677 1148 2732 Isaac
1199 2675 1602 2747 praecedebant.
1643 2673 1814 2744 Igitur
1865 2672 1977 2728 illic

384 2773 528 2828 Deus
557 2790 570 2826 :
612 2791 632 2824 ς
661 2771 842 2839 Quare
875 2770 997 2826 risit
1030 2769 1164 2826 Sara
1194 2771 1217 2826 ?
1251 2770 1494 2841 nunquid
1529 2767 1641 2824 Deo
1678 2767 1974 2839 quidquam

384 2873 473 2920 est
505 2863 724 2920 diﬁieilo
751 2863 838 2918 "'1
869 2882 888 2916 ι
934 2862 1035 2918 Hic
1067 2862 1293 2918 Gabriel
1326 2861 1534 2932 Virgini
1569 2876 1584 2914 :
1622 2879 1640 2913 ι
1679 2859 1813 2927 Quia
1868 2873 1975 2913 non

380 2958 491 3014 erit
557 2957 892 3027 impossibile
947 2957 1090 3026 apud
1145 2954 1313 3011 Deum
1367 2970 1529 3010 omne
1592 2954 1817 3009 verbum
1844 2952 1907 3004 ⁸ο.
1948 2971 1969 3005 ι

382 3051 543 3108 Illic:
580 3070 596 3104 ι
635 3050 944 3106 Revertens
979 3049 1196 3104 veniam
1234 3049 1302 3103 ad
1358 3056 1409 3103 te
1465 3056 1710 3116 tempore
1745 3046 1880 3111 isto;
1921 3055 1978 3100 et

383 3142 606 3199 habebit
632 3143 798 3196 ﬁlium
837 3141 1002 3207 Sara,
1035 3154 1173 3195 uxor
1204 3148 1295 3194 tua
1325 3138 1392 3193 ".
1431 3157 1451 3192 ι
1495 3137 1594 3194 IIic
1623 3156 1636 3192 :
1679 3156 1698 3191 ε
1733 3136 1972 3206 Spiritus

386 3247 611 3293 sanctus
636 3233 988 3306 superveniet
1009 3233 1066 3289 in
1095 3243 1182 3299 te;
1209 3241 1266 3289 et
1287 3233 1464 3288 virtus
1487 3231 1755 3288 Altissimi
1780 3231 1975 3287 obum-

387 3332 570 3388 hrabit
603 3332 698 3386 tibi
727 3329 795 3385 ³¹.
831 3347 852 3382 ι
893 3327 1092 3385 Notata
1138 3340 1294 3390 sane,
1357 3335 1416 3381 ut
1461 3332 1585 3395 post
1629 3323 1972 3395 digressum,

388 3435 704 3494 sanctasque
751 3421 1042 3477 Trinitatis
1091 3419 1412 3488 hospitium,
1467 3417 1638 3473 Isaaci
1681 3426 1976 3487 conceptus

384 3519 458 3573 sit
503 3523 856 3572 consecutus.
904 3515 1024 3581 Quo
1072 3514 1242 3578 edito,
1286 3527 1393 3567 non
1442 3511 1556 3581 jam
1612 3510 1888 3565 Abraham
1945 3523 1974 3564 a

392 3611 505 3664 Deo
537 3608 769 3672 audivit,
823 3605 968 3674 quod
1017 3605 1082 3659 de
1127 3602 1360 3659 Ismaele
1406 3601 1736 3657 ﬁrmandum
1788 3616 1974 3657 secum

388 3704 572 3758 fmdus
628 3703 888 3757 duratura
935 3698 1052 3768 ejus
1101 3699 1458 3770 posteritate;
1515 3699 1607 3754 sed
1659 3708 1866 3768 patrem
1917 3712 1978 3753 se

391 3800 687 3850 multarum
724 3793 968 3863 gentium
1000 3789 1252 3846 eil‘ectum
1293 3791 1382 3856 iri,
1415 3790 1618 3860 ingenti
1651 3789 1853 3846 sobolis
1889 3791 1977 3845 in-

390 3894 949 3951 cremento-auctum,
995 3885 1170 3941 foedus
1207 3895 1385 3939 autem
1425 3900 1546 3941 cum
1590 3883 1777 3940 Isaaco
1817 3894 1978 3940 teter-

393 3995 526 4036 nnm
561 3977 950 4050 paciscendum
977 3975 1045 4032 ³⁸.
1089 3995 1106 4028 ι
1151 3976 1359 4031 Videtis
1395 3974 1697 4047 Synagogae
1742 3977 1977 4048 abroga-

389 4076 616 4136 tionem,
644 4088 709 4128 ac
742 4071 866 4126 novi
893 4069 1074 4141 p0puli
1110 4069 1555 4136 perpetuitatem.
1598 4067 1703 4124 Sed
1756 4069 1866 4136 jam
1907 4069 1977 4124 ad

389 4165 689 4221 Ahrahami
721 4178 941 4234 quoque
967 4161 1396 4217 immolationem
1429 4159 1616 4216 oculos
1647 4159 1974 4224 referamus,

387 4268 445 4314 et
477 4260 717 4314 lsaacum
750 4257 1032 4310 videamus
1073 4252 1342 4310 Dominici
1379 4253 1633 4324 supplicii
1666 4253 1976 4324 exemplum

391 4361 694 4422 gerentem.
743 4348 881 4402 Nam
934 4358 992 4402 ut
1043 4344 1392 4402 Abrahamns
1439 4347 1534 4402 Dei
1577 4347 1759 4402 studio
1790 4355 1975 4401 uatum

388 4442 743 4506 condonavit,
779 4441 851 4496 ita
883 4449 937 4493 et
967 4438 1111 4494 Deus
1138 4453 1238 4509 pro
1267 4452 1479 4493 summa
1512 4453 1610 4492 sua
1637 4436 1978 4492 humanitate

2075 1921 2367 1991 collegium
2420 1920 2660 1976 concivit
2706 1938 2721 1975 :
2773 1917 3146 1987 adhibitisque
3197 1914 3406 1970 duobus
3457 1913 3664 1981 pueris,
3722 1951 3735 1963 .

2076 2017 2290 2073 duobus
2323 2031 2418 2072 seu
2451 2015 2686 2086 populis,
2719 2030 2816 2070 seu
2851 2013 3093 2082 regibus,
3127 2009 3304 2065 Pilato
3353 2018 3408 2065 et
3454 2007 3671 2063 Herode

2076 2111 2298 2182 (pueros
2333 2109 2481 2165 enim
2516 2123 2687 2164 sacrze
2728 2106 2954 2162 Litterae
2991 2104 3280 2174 imperitos
3326 2117 3524 2159 vocare
3576 2115 3669 2157 so-

2075 2205 2209 2274 lent)
2249 2213 2303 2259 et
2332 2203 2525 2258 Isaaco
2557 2202 2691 2267 ﬁlio,
2735 2198 3034 2271 profectus,
3089 2198 3254 2252 tertio
3306 2206 3428 2266 post
3476 2195 3562 2250 die
3597 2194 3667 2249 ad

2075 2297 2280 2362 locum,
2313 2313 2474 2367 quem
2505 2296 2554 2351 ei
2587 2296 2805 2351 dixerat
2839 2295 3000 2360 Deus,
3039 2291 3306 2363 pervenit.
3353 2289 3490 2344 Nam
3537 2289 3664 2359 quia

2077 2404 2184 2444 non
2233 2401 2351 2443 erat
2401 2388 2708 2443 moriturus
2759 2384 2915 2441 Isaac
2970 2385 3168 2439 itinere
3219 2380 3492 2445 faciendo,
3545 2387 3667 2449 post

2077 2483 2319 2539 triduum
2354 2481 2814 2537 resurrectionem
2859 2477 3216 2549 significavit.
3261 2473 3508 2530 Sublatis
3535 2487 3668 2527 ocu-

2077 2578 2182 2642 lis,
2232 2575 2510 2631 Abraham
2571 2575 2748 2629 locum
2813 2570 3004 2642 procul
3061 2567 3536 2632 animadverteris;
3611 2572 3670 2618 ct

2078 2686 2230 2726 meus
2277 2669 2439 2726 Jesus
2485 2667 2816 2737 supplicium
2867 2679 3023 2719 suum
3069 2664 3138 2717 ab
3166 2660 3314 2716 omni
3362 2659 3669 2715 aiteruitate

2076 2764 2389 2829 dedicavit;
2426 2760 2646 2818 famulis
2672 2759 2848 2830 jubet,
2888 2767 2950 2812 ut
2991 2757 3066 2811 ibi
3097 2770 3219 2810 cum
3257 2755 3413 2808 asino
3444 2759 3669 2820 prmsto-

2077 2857 2282 2920 lentur,
2321 2854 2448 2909 dum
2487 2853 2602 2922 ipse
2632 2861 2687 2908 et
2715 2867 2852 2922 puer
2883 2850 2978 2905 illo
3010 2855 3162 2903 eant.
3218 2845 3408 2900 Itidem
3453 2853 3508 2898 et
3552 2842 3668 2898 suis

2077 2947 2364 3019 discipulis
2412 2960 2568 3000 meus
2621 2944 2877 2999 Salvator
2927 2950 3092 3012 atque
3138 2938 3282 2994 Deus
3314 2938 3435 2993 ait:
3470 2955 3490 2989 ι
3528 2936 3669 2990 Ecce

2077 3043 2229 3098 venit
2279 3043 2440 3106 hora,
2493 3048 2546 3093 et
2571 3037 2680 3106 jam
2735 3036 2910 3100 venit,
2951 3044 3010 3089 ut
3051 3031 3440 3104 dispergamini
3494 3045 3668 3084 unus-

2079 3135 2315 3203 quisque
2365 3132 2420 3186 in
2465 3130 2722 3200 propria;
2759 3138 2815 3181 et
2863 3141 2954 3181 me
3004 3125 3179 3180 solum
3215 3121 3581 3191 relinquatis:
3613 3129 3670 3174 et

2079 3242 2186 3281 non
2240 3240 2362 3282 sum
2416 3223 2584 3285 solus,
2619 3220 2743 3289 quia
2795 3217 2961 3274 Pater
3011 3230 3226 3272 mecum
3272 3223 3352 3270 est
3382 3213 3448 3267 ³⁷.
3492 3231 3511 3265 ι
3547 3211 3656 3266 Sed

2081 3332 2340 3392 tanquam
2396 3313 2666 3386 propheta
2697 3353 2712 3374 .
2763 3312 2875 3366 illic
2928 3309 3254 3365 Abraham:
3307 3324 3325 3357 ι
3368 3304 3664 3372 Postquam

2079 3410 2514 3475 adoraverimus,
2561 3413 2905 3462 revertemur
2937 3401 3004 3457 ad
3036 3416 3132 3455 vos
3159 3399 3226 3453 ".
3264 3417 3283 3450 ι
3320 3395 3419 3452 ι-Ιίο
3455 3397 3670 3450 animo—

2081 3522 2204 3561 I‘UIII
2241 3509 2612 3575 perspector:
2651 3515 2670 3549 ι
2706 3495 3004 3564 Postquam
3049 3503 3430 3555 I‘BSUI‘I‘CXCI'O,
3467 3501 3672 3558 praece-

2081 3600 2203 3656 dam
2239 3610 2336 3651 vos
2366 3595 2421 3650 in
2451 3591 2732 3649 Galila'am
2759 3589 2827 3645 ³⁸.
2861 3606 2879 3639 ι
2928 3588 3108 3654 Atque
3159 3585 3232 3639 ita
3273 3583 3488 3652 quidem
3539 3580 3671 3634 Scr-

2080 3700 2262 3746 vator.
2299 3686 2574 3741 Abraham
2604 3696 2735 3736 vero
2761 3676 3159 3734 sacriﬁcalihns
3182 3674 3344 3743 lignis
3374 3671 3522 3726 Isaac
3558 3671 3670 3724 ﬁlio

2081 3801 2183 3840 suo
2212 3779 2484 3851 impositis
2512 3795 2528 3844 ;
2564 3786 2681 3832 erat
2707 3774 2852 3828 enim
2879 3770 3054 3826 dulcis
3081 3765 3238 3823 .Iesus
3264 3781 3421 3822 suam
3448 3779 3668 3818 crucem

2080 3884 2438 3947 portaturus;
2475 3871 2592 3942 ipse
2632 3869 2809 3937 ignem
2865 3863 3078 3919 ferebat
3129 3876 3334 3926 manu;
3382 3857 3668 3926 conjuncta

2080 3968 2225 4024 enim
2254 3961 2582 4021 humanitati
2613 3959 2873 4016 divinitas
2914 3956 3064 4020 ibat;
3103 3954 3344 4024 gladium
3385 3967 3517 4006 vero
3549 3964 3670 4019 por-

2083 4064 2292 4118 tabat:
2348 4076 2368 4110 ι
2413 4056 2551 4124 Quia
2611 4069 2757 4108 unus
2815 4051 3048 4106 militum
3115 4049 3305 4102 lancea
3363 4046 3508 4100 latus
3551 4043 3671 4113 ejus

2082 4149 2394 4224 aperuit”.
2434 4165 2453 4200 ι
2492 4146 2559 4200 Ει
2607 4144 2907 4216 pergebant
2941 4141 3052 4195 duo
3099 4135 3301 4199 simul;
3345 4135 3518 4189 amba:
3568 4147 3664 4186 ua-

2083 4257 2218 4302 turae
2267 4245 2321 4300 in
2383 4256 2489 4296 una
2541 4237 2747 4295 Christi
2792 4248 3069 4305 persona;
3123 4228 3481 4297 manebatque
3530 4225 3669 4280 divi-

2081 4340 2227 4394 nitas
2275 4332 2528 4406 corporis
2581 4328 2852 4393 eﬁ’ectris,
2910 4327 3134 4380 immota
3167 4320 3408 4391 penitus,
3450 4325 3506 4372 et
3555 4316 3669 4370 sine

2081 4433 2278 4488 alfectu
2300 4449 2315 4497 ;
2339 4424 2795 4498 quemadmodum
2821 4430 2876 4476 et
2899 4417 3199 4482 Abraham,
3230 4413 3403 4469 Isaaci
3433 4421 3670 4482 parens;

387 4544 556 4604 atque
589 4530 968 4588 benevolentia
1020 4544 1146 4598 pro-
1178 4527 1334 4582 nobis
1368 4525 1752 4583 charissimam
1778 4526 1976 4580 Filium
2015 4550 2060 4607 ι)
2089 4525 2246 4583 Isaac
2293 4536 2424 4578 vero
2479 4517 2691 4589 parenti
2748 4513 3072 4582 suggerebat
3119 4525 3133 4562 :
3171 4525 3190 4558 ι
3242 4505 3385 4560 Ecce
3435 4501 3576 4572 ignis
3623 4509 3679 4555 ct

389 4626 459 4680 ad
517 4640 710 4680 necem
774 4623 994 4679 obtulit.
1054 4621 1172 4676 Illic
1223 4621 1540 4676 Abrahamo
1588 4620 1744 4690 jubet
1794 4618 1980 4674 Deus:

397 4737 416 4769 ε
453 4716 608 4770 Tolle
641 4715 814 4770 ﬁlium
851 4723 1005 4769 tuum
1045 4712 1407 4784 unigenitum,
1440 4726 1602 4780 quem
1634 4710 1814 4780 diligis
1845 4709 1980 4781 (15),

392 4811 546 4866 Isaac
572 4809 638 4866 ".
674 4829 694 4863 ι
732 4809 920 4879 Neque
980 4809 1124 4863 enim
1159 4815 1364 4861 temere
1399 4799 1547 4859 illum
1582 4805 1845 4859 amabas:
1886 4803 1981 4858 sed

393 4905 486 4973 qui
520 4916 709 4958 amore
742 4901 939 4969 dignus
971 4908 1110 4964 erat,
1149 4896 1249 4952 abs
1301 4905 1353 4950 te
1406 4910 1625 4966 quoque
1672 4895 1980 4949 amabatur.

393 4998 495 5053 llic
522 4995 775 5068 opiﬁcem
811 5006 988 5047 meum
1025 4990 1331 5050 Christum,
1366 4989 1484 5057 ipse
1513 4987 1776 5054 assumpti
1814 4985 1979 5050 Deus,

394 5101 561 5159 atque
597 5087 740 5142 idem
775 5083 1072 5140 secundum
1115 5081 1453 5136 divinitatem
1483 5079 1601 5147 ejus
1631 5079 1818 5141 Pater,
1851 5093 1982 5132 cou-

396 5186 631 5234 testatur
658 5175 1050 5231 charissimum
1085 5187 1242 5227 suum
1271 5160 1394 5227 esse
1428 5168 1624 5223 Filium
1655 5187 1669 5224 :
1710 5188 1728 5221 ι
1772 5169 1869 5224 llic
1899 5180 1985 5224 est

398 5269 568 5325 Filius
605 5282 762 5322 meus
794 5265 1057 5331 dilectus,
1107 5263 1160 5318 in
1194 5277 1301 5331 que
1344 5262 1474 5317 mihi
1523 5262 1826 5332 complacui
1854 5263 1920 5318 ³⁸.
1959 5279 1978 5313 ι

396 5361 515 5418 Νοιι
549 5360 806 5425 delector,
863 5359 1061 5428 inquit,
1112 5355 1236 5411 Filii
1277 5371 1432 5421 nece,
1486 5355 1582 5410 sed
1631 5356 1987 5426 quantumvis

468 5541 514 5572 ²⁷
555 5539 690 5594 Gen.
729 5553 840 5601 χιι,
882 5535 972 5589 ἳο.
1052 5535 1096 5567 ³⁸
1135 5533 1270 5589 Gen.
1298 5547 1426 5588 xvm
1461 5571 1476 5595 ,
1521 5533 1609 5586 II.

398 5620 450 5670 ι,
495 5611 588 5666 55.
694 5608 738 5641 ³³
777 5610 914 5662 Gen.
960 5623 1092 5670 xvn,
1135 5605 1169 5659 5
1219 5620 1371 5674 seqq.

402 5683 448 5713 ³⁸
488 5681 620 5735 Gen.
672 5695 823 5744 χχιι,
873 5678 928 5732 5.
997 5679 1041 5710 ³9
1083 5671 1466 5741 Matth-XLVI,
1515 5675 1620 5740 5'2;
1665 5673 1828 5727 Marc.
1865 5688 1976 5736 xiv,
2040 5671 2130 5725 2".

399 5762 562 5817 XXV),
599 5751 689 5805 59.

1683 5534 1728 5564 ’9
1769 5531 1901 5586 Gcr'n.
1944 5546 2092 5584 xviii.
2133 5529 2218 5582 IS.
2298 5526 2343 5558 ‘°
2385 5524 2521 5579 Lut‘.
2557 5537 2595 5574 I.
2632 5517 2722 5571 ’57.

1471 5581 1692 5657 “bG-cn.
1738 5581 1970 5662 Χξιιξηδῖ
2018 5581 2285 5654 iis«Vlrat'h.
2328 5612 2407 5659 ιιι,
2454 5594 2540 5646 17.
2590 5588 2991 5662 “Genusum,
3023 5581 3078 5633 2.

2093 4620 2270 4688 ligna:
2321 4614 2410 4670 ubi
2459 4621 2544 4668 est
2592 4609 2814 4665 victima
2867 4598 3286 4660 holocausti"?
3321 4615 3340 4649 ι
3391 4596 3672 4654 Servator,

2091 4683 2278 4768 itidem
2329 4704 2599 4778 passionis
2643 4712 2932 4770 tempore:
2970 4715 2988 4748 ι
3025 4694 3186 4748 Pater
3222 4691 3318 4752 mi,
3370 4687 3579 4755 inquit,
3629 4683 3673 4737 si

2089 4775 2352 4876 possibile
2401 4809 2520 4862 est,
2573 4801 2822 4850 transeat
2867 4805 2896 4842 a
2938 4802 3022 4842 me
3071 4783 3214 4839 calix
3261 4781 3404 4844 iste;
3441 4775 3670 4845 Spiritus

2088 4867 2308 4966 quidem
2337 4897 2620 4963 promptus
2649 4893 2732 4940 est
2752 4924 2767 4948 ,
2818 4894 2949 4935 caro
2980 4885 3160 4931 autem
3197 4869 3415 4927 inﬁrma
3439 4867 3506 4921 δ’.
3541 4883 3560 4917 ι

2659 5013 2888 5075 CAPUT
2942 5009 3106 5066 XVII.

2193 5144 2351 5199 Isaae
2380 5135 2736 5195 immolandas
2772 5127 2973 5187 Christi
3011 5121 3259 5191 cruci/ixi
3289 5129 3443 5190 typus
3482 5127 3580 5172 est.

2166 5255 2448 5328 Progressi
2475 5261 2654 5306 autem
2684 5246 2880 5310 ambo;
2917 5243 2970 5297 id
2999 5247 3106 5304 est,
3138 5239 3281 5292 Deus
3311 5235 3471 5289 homo
3496 5229 3674 5298 Iesus,

2097 5356 2151 5410 in
2186 5325 2362 5407 locum
2391 5335 3016 5419 pervcneruntkscilicct
3057 5329 3345 5400 Golgotha.
3379 5327 3556 5395 Atque
3607 5325 3674 5378 ibi

3099 5524 3254 5565 xvttt.
3300 5507 3385 5561 10.
3464 5505 3508 5536 ⁸⁸
3549 5501 3674 5557 Luc.

3161 5580 3204 5609 ³⁷
3247 5575 3404 5631 Joau.
3439 5590 3552 5640 xw,
3587 5575 3681 5629 5‘2.

3407 5647 3451 5678 ¹⁸²
3486 5644 3681 5702 Matth.

2799 5515 2842 5546 ⁸³
2883 5513 3018 5567 Gen.

2211 5648 2452 5723 ‘l’rJoa'u.
2500 5677 2612 5726 xix,
2653 5658 2742 5714 54.
2820 5655 2862 5688 ⁸³
2908 5653 3042 5708 Gen.
3090 5665 3228 5714 xm,
3279 5648 3330 5704 7.

476 5894 589 5964 (lii)
638 5889 781 5946 LXX
825 5889 1137 5962 ἠγάπησας,
1176 5891 1240 5943 ad
1285 5886 1426 5956 quod
1474 5885 1658 5942 forsan
1704 5881 1888 5940 alludit
1926 5881 1980 5937 iu
2020 5894 2175 5947 seqq.
