4044 6412
375 392 482 458 8:21

1457 384 1737 448 DIALOG
1750 383 1847 444 US
1890 377 2196 440 CONTRA
2231 382 2573 446 JUD/EOS.

3539 367 3655 432 8:22

380 514 659 570 Abraham
706 511 983 567 exstruxit
1037 524 1188 565 aram
1214 524 1228 574 ;
1288 509 1368 564 uti
1400 516 1456 564 et
1484 508 1576 564 hie
1602 508 1925 563 lilltostrotoa
1951 538 1966 561 ν
1994 493 2044 553 Α
2075 511 2440 573 perspectum,
2476 500 2938 572 quemadmodum
2971 513 3037 553 ex
3069 511 3164 553 sua
3201 496 3334 551 olim
3365 493 3534 564 stirpe
3561 508 3659 564 per

382 603 674 659 tribunalis
717 602 875 659 locus
918 602 1100 671 lapide
1130 611 1493 672 prmstruetus
1524 601 1742 664 fuerat;
1788 600 1969 668 impo-

381 698 617 767 sitisque
649 696 842 766 lignis;
873 697 953 750 sie
1001 694 1148 750 enim
1200 704 1256 749 et
1306 694 1359 748 iu
1413 672 1669 750 CaTvaria'
1699 709 1834 749 crux
1886 700 1969 747 est

383 790 600 858 defixa;
650 789 802 845 Isaae
855 787 1028 843 lilium
1082 777 1245 843 auum
1294 786 1697 857 constringens,
1755 785 1809 840 id
1860 794 1968 849 est,

386 883 642 938 Christus
694 882 760 937 ad
815 883 1102 953 tegendam
1154 880 1501 936 divinitatem
1555 893 1789 947 corpore
1835 876 1974 933 ami-

386 986 546 1039 ctus;
582 974 742 1043 lignis
767 974 820 1028 in
841 989 935 1029 ara
962 975 1310 1046 superponit;
1353 988 1421 1029 eo
1451 971 1598 1043 quod
1634 971 1687 1025 in
1720 970 1883 1041 ligno,
1937 985 1987 1027 α

391 1067 761 1122 miraculum!
806 1066 1163 1137 suspenditur
1200 1066 1310 1133 ille,
1344 1064 1438 1138 qui
1457 1065 1725 1120 Adamum
1766 1063 1974 1132 lapsum

392 1175 492 1228 per
537 1160 740 1227 lignum
777 1169 896 1216 erat
940 1161 1327 1226 restituturus,
1359 1170 1415 1216 et
1440 1161 1531 1230 qui
1562 1159 1615 1214 in
1644 1173 1768 1213 arca
1800 1157 1976 1226 lignea

394 1249 508 1306 Noe
538 1259 745 1306 tutatus
777 1251 981 1307 fuerat.
1020 1250 1226 1307 Deinde
1266 1250 1411 1307 ferro
1442 1265 1664 1306 manum
1702 1249 1974 1312 admovet,

398 1345 466 1399 ad
500 1343 671 1399 lilium
708 1358 869 1399 suum
922 1342 1313 1399 immolandum
1350 1360 1365 1398 :
1397 1357 1524 1397 nam
1581 1342 1669 1398 his
1721 1342 1979 1397 omnibus

394 1435 685 1506 patrandi:
716 1436 992 1491 Abraham
1034 1430 1451 1505 inaspectabilis
1479 1432 1658 1489 Patris
1688 1435 1756 1487 de
1787 1433 1980 1499 unige-

395 1530 514 1583 nito
565 1527 706 1584 Filio
760 1528 1038 1584 decretum
1091 1537 1256 1597 atque
1304 1526 1643 1583 voluntatem
1694 1525 1975 1581 ostendit:

301 1644 313 1653 -
401 1637 425 1670 ι
466 1617 530 1673 Ει
554 1632 685 1673 ecce
711 1616 938 1686 angelus
971 1616 1182 1672 Domini
1216 1616 1282 1672 de
1310 1616 1452 1673 coelo
1478 1616 1736 1672 clamavit
1757 1615 1978 1681 dicens;

398 1710 698 1773 Abraham,
751 1710 1050 1764 Abraham.
1107 1706 1210 1774 Qui
1259 1709 1539 1779 respondit
1572 1724 1586 1763 :
1618 1708 1824 1764 Adsum
1849 1707 1916 1761 “.
1956 1723 1976 1758 ι

402 1796 503 1855 Hic
548 1800 769 1871 angelus
813 1817 845 1856 e
893 1801 1034 1856 coelo
1064 1817 1185 1857 cum
1216 1801 1494 1857 Abraham
1543 1800 1980 1870 sermocinatur;

400 1895 463 1948 in
514 1895 795 1951 Dominiro
828 1895 1139 1966 ,supplicio,
1201 1897 1383 1966 magni
1431 1898 1649 1954 consilii
1705 1898 1983 1969 Angelus,

409 1985 572 2040 Deum
623 1995 681 2041 et
726 1984 944 2041 Patrem
1004 1987 1319 2044 inclamavit
1356 2005 1370 2043 :
1404 2008 1423 2042 ι
1459 1988 1573 2053 Eli,
1609 1988 1733 2058 Eli,
1784 1990 1988 2047 lamma

405 2079 737 2136 sabaetaui?
772 2081 875 2136 hoc
902 2088 1024 2148 est;
1062 2080 1202 2137 Deus
1249 2096 1434 2147 meus,
1487 2083 1630 2140 Deus
1680 2098 1833 2140 meus
1857 2123 1874 2150 ,
1914 2091 1989 2139 ‘ut

407 2174 536 2241 quid
570 2174 910 2244 dereliquistl
939 2174 1136 2231 me“?
1166 2194 1186 2229 ι
1219 2175 1286 2232 Ει
1313 2174 1557 2248 Angelus
1574 2180 1642 2233 ad
1668 2175 1945 2233 Abraham
1970 2196 1987 2234 :

413 2285 433 2316 ι
470 2265 586 2322 Νοιι
615 2267 882 2324 extendas
910 2284 1134 2324 manum
1166 2277 1315 2325 tuam
1347 2285 1514 2339 super
1536 2286 1787 2341 puerum,
1815 2286 1992 2341 neque

410 2358 579 2416 facias
628 2360 706 2416 illi
756 2362 1088 2432 quidquam;
1143 2378 1291 2420 nunc
1329 2365 1580 2435 cognovi,
1632 2367 1776 2436 quod
1830 2367 1993 2424 times

411 2455 578 2510 Deum
602 2455 669 2511 ⁸⁵.
706 2476 729 2509 s
764 2456 855 2511 Ait
883 2471 1058 2513 vero:
1093 2477 1112 2509 ι
1152 2456 1308 2514 Nunc
1356 2460 1622 2530 cognovi,
1652 2478 1673 2513 ι
1726 2475 1825 2530 pro
1862 2460 1990 2528 illo,

419 2547 810 2605 demonstrasti
864 2548 981 2618 jam
1029 2550 1209 2607 mihi:
1248 2566 1355 2607 non
1404 2553 1550 2609 enim
1596 2553 1822 2624 ignarus
1874 2562 1995 2610 erat

415 2640 718 2700 Dmninus:
764 2661 785 2697 ι
818 2644 889 2700 Et
925 2660 1031 2700 non
1082 2647 1373 2717 pepercisti
1415 2648 1695 2718 unigenito
1746 2650 1859 2706 filio
1902 2659 1996 2707 tuo

414 2745 634 2806 propter
665 2751 772 2792 me.
807 2756 828 2790 ι
863 2736 1034 2809 Igitur
1057 2737 1337 2795 Abraham
1368 2741 1661 2797 mactando
1694 2741 1809 2798 ﬁlio
1838 2757 1994 2799 suam

412 2843 543 2895 erga
579 2826 748 2883 Deum
782 2828 1192 2886 observantiam
1231 2835 1473 2888 ostendit
1502 2850 1518 2890 :
1551 2834 1640 2890 ille
1668 2849 1800 2891 vero
1840 2835 1999 2892 Anti-

413 2933 557 2987 quus
587 2917 874 2973 dierum“
908 2919 1051 2974 Deus
1095 2935 1226 2992 erga
1275 2922 1526 2980 homines
1556 2939 1797 2982 amorem
1838 2940 1997 2984 suum

417 3012 670 3081 probavit
699 3012 1036 3070 immolando
1060 3013 1348 3086 unigenito
1375 3013 1540 3074 Filia.

976 3150 1211 3208 CAPUT
1245 3151 1439 3209 XVIII.

489 3267 640 3323 Aries
666 3283 787 3323 cum
818 3266 1069 3324 cornibus
1105 3268 1244 3323 inter
1274 3285 1456 3341 vepres
1491 3269 1620 3340 quid
1649 3270 1931 3340 signiﬁcet.

492 3383 625 3437 Tum
681 3382 1029 3439 Abrahamus
1075 3383 1276 3438 erectis
1323 3381 1497 3438 oculis
1544 3397 1686 3453 pone
1725 3384 2009 3451 conspexit

421 3477 669 3531 arietem.
721 3476 879 3530 Aries
928 3476 1018 3531 hic
1052 3475 1202 3529 verbi
1249 3483 1591 3544 assumptum
1644 3474 2007 3545 intelligatur.

425 3568 558 3624 Nam
589 3568 658 3624 de
685 3583 752 3623 eo
779 3567 863 3623 sic
895 3568 1073 3637 prodit
1102 3567 1276 3623 Isaias
1307 3584 1322 3621 :
1357 3585 1378 3619 ι
1413 3566 1567 3622 Sicut
1609 3568 1727 3623 ovis
1764 3568 1832 3622 ad
1863 3569 2011 3624 oeci-

426 3662 633 3718 sionem
685 3664 914 3716 ducetur
938 3660 1007 3715 δ’.
1047 3677 1069 3714 ι
1125 3658 1432 3716 Hmrentem
1481 3661 1761 3727 cornibus,
1810 3661 1862 3716 id
1904 3668 2011 3728 est,

423 3754 570 3809 cruci
623 3752 865 3818 aliisum,
923 3753 975 3807 in
1029 3751 1228 3807 frutice
1320 3751 1519 3818 Sabec,
1568 3753 1710 3822 quod
1790 3762 1876 3809 est
1926 3768 2015 3807 re-

437 3848 680 3904 missio:
730 3846 873 3915 apud
925 3844 1183 3901 Hebraeos
1239 3847 1385 3900 enim
1439 3842 1616 3901 Sabec
1657 3846 2013 3901 remissionem

428 3944 577 3988 notat
612 3952 629 3989 :
662 3936 1067 4008 aggressusque’
1090 3932 1397 4001 Abraham,
1441 3933 1492 3989 id
1540 3944 1648 4001 est,
1682 3936 2018 4006 ‘unigeuitus

432 4026 524 4080 Dei
556 4025 747 4092 Filius,
783 4026 1239 4096 comprehensum
1271 4025 1520 4091 arietem,
1570 4027 1622 4081 id
1666 4037 1770 4092 est,
1802 4043 2016 4084 assum-

431 4131 583 4189 ptnm
640 4134 841 4188 corpus
885 4119 942 4174 in
1002 4119 1381 4175 holocaustum
1429 4120 1666 4188 obtulit;
1717 4121 2016 4191 supplicio;

430 4223 583 4284 puta,
619 4211 843 4283 objecit,
870 4227 968 4283 pro
998 4212 1131 4277 lilio,
1156 4211 1367 4267 Adamo
1398 4211 1611 4268 scilicet
1640 4213 1814 4284 lapso.
1844 4215 2020 4285 Atque

436 4306 539 4360 ista
574 4320 703 4361 vera
745 4320 886 4371 esse,
909 4305 1098 4360 audite
1121 4319 1244 4359 cum
1278 4305 1589 4359 Ahrahamo
1618 4304 2019 4376 colloquentem

439 4398 603 4453 Deum
635 4417 649 4451 :
688 4416 708 4449 ι
749 4396 856 4451 Per
918 4396 1299 4466 memetipsum
1321 4395 1526 4465 juravi,
1559 4396 1690 4451 dicit
1719 4396 2019 4454 Dominus:

435 4491 567 4560 quia
604 4490 786 4545 fecisti
829 4490 972 4545 hanc
1010 4503 1146 4553 rem,
1194 4495 1250 4544 et
1286 4503 1393 4544 non
1439 4488 1732 4559 pepercisti
1780 4488 1891 4544 lilio
1933 4502 2023 4544 tuo

438 4587 723 4658 unigenito
762 4597 984 4655 propter
1029 4600 1154 4639 tne:
1192 4583 1510 4639 benedicam
1563 4585 1681 4646 tibi.
1732 4593 1788 4640 et
1836 4585 2023 4639 multi-

437 4681 652 4750 plicabo
700 4693 888 4734 semen
942 4688 1094 4734 tuum
1117 4678 1186 4733 ".
1225 4696 1245 4731 ι
1289 4677 1357 4732 Et
1386 4688 1508 4749 post
1538 4692 1707 4748 pauca
1744 4695 1759 4732 :
1794 4697 1813 4730 ι
1850 4677 2024 4734 Bene-

435 4774 695 4829 dicentur
726 4773 782 4827 in
817 4772 1029 4829 semine
1078 4781 1173 4827 tuo
1222 4786 1415 4827 omnes
1464 4780 1654 4841 gentes
1707 4772 1959 4828 terrae".
2000 4791 2020 4824 ι

440 4865 685 4931 Quorum
716 4864 1008 4920 verborum
1047 4863 1164 4919 hare
1202 4874 1289 4918 est
1319 4862 1589 4917 sententia
1631 4885 1644 4917 :
1679 4862 1762 4917 Ex
1805 4864 1880 4917 ttti
1931 4862 2027 4919 lilii

444 4957 782 5024 posteritate,
819 4954 1035 5009 scilicet
1078 4951 1251 5018 Isaac,
1293 4952 1387 5021 qui
1421 4951 1523 5006 mei
1561 4950 1683 5006 Filii
1719 4962 1803 5008 est
1844 4961 2025 5024 typus,

442 5059 599 5099 tuens
641 5057 838 5099 natura
893 5044 1027 5099 mihi
1078 5044 1406 5114 coniunctus
1437 5042 1609 5099 Filius
1637 5044 1898 5114 prodibit,
1930 5060 2029 5115 per

438 5150 601 5204 quem
631 5151 824 5192 omnes
858 5138 1008 5195 orbis
1046 5146 1314 5193 terrarum
1352 5145 1543 5207 gentes
1589 5136 2025 5208 sospitabuutur.

443 5228 818 5285 Abrahamum
883 5244 1018 5285 vero
1069 5232 1395 5288 (scenomiae
1450 5246 1714 5289 arcanum
1770 5232 2032 5290 habuisse

518 5462 563 5494 ⁸³
599 5461 736 5536 Gen.
774 5478 910 5536 snt.
955 5463 1064 5536 ll._
1090 5461 1167 5536 A“
1206 5460 1392 5536 Matth.
1432 5476 1602 5528 xxvu,
1633 5461 1722 5536 ιβ.
1799 5461 1846 5536 ff
1886 5460 1999 5536 Gen

2103 5476 2198 5525 χιι,
2399 5455 2446 5536 tt
2486 5453 2619 5536 Pan.
2661 5464 2760 5509 vtt,
2805 5446 2855 5502 9,
2897 5441 2978 5536 ﬂ"
3031 5432 3418 5536 .Insatzn'btllzvk
3477 5433 3511 5536 ἐ

1887 5497 1999 5515 ιη..

1801 5532 1846 5564 ⁵⁸
1887 5532 1998 5585 Gt'n

2402 5525 2447 5556 ¹¹
2666 5497 2857 5582 siin],
2897 5513 2952 5566 ﬁ.
3031 5510 3077 5543 ⁵³
3115 5508 3251 5564 Gen.
3295 5517 3443 5566 xm,
3477 5497 3543 5552 9.1
3589 5509 3712 5566 sqq.

1045 5604 1092 5637 ⁸⁵
1135 5602 1154 5657 l
1197 5601 1329 5674 Reg.
1370 5619 1428 5669 ιι,
1469 5604 1560 5671 ‘55,
1602 5603 1693 5660 56.
1768 5603 1817 5634 ⁸⁸
1856 5601 2003 5657 Psal.
2044 5616 2278 5665 Lxxxnt,
2325 5598 2409 5651 ll.

448 5547 587 5591 xxrt.
629 5533 716 5587 l6.
790 5532 838 5565 δ’
877 5532 1008 5588 ibid.
1046 5533 1131 5587 18.
1208 5532 1255 5563 δ’
1288 5532 1426 5587 Gen.
1470 5548 1615 5591 xxiv.
1658 5533 1712 5589 4.

447 5601 497 5637 ⁸⁵
531 5603 668 5659 Gen.
713 5619 838 5673 xxv,
875 5605 968 5661 25.

2078 593 2230 648 lsaac
2261 604 2317 649 et
2359 592 2531 648 .laeob
2568 590 2665 647 Dei
2719 590 2891 646 Filius
2927 587 3300 645 incarnaudus
3338 595 3504 654 esset,
3537 587 3658 640 evi-

2078 688 2212 742 dens
2242 695 2327 741 est
2358 699 2425 740 ex
2453 699 2519 739 eo
2561 682 2702 752 quod
2732 683 2816 736 sui
2854 682 3072 752 generis
3105 694 3303 735 uxores
3338 680 3655 733 asciveriut.

2077 776 2215 833 Nam
2274 777 2388 846 ipse
2445 784 2665 844 accepta
2722 788 2818 826 sua
2858 773 3261 843 consanguinea
3286 770 3355 838 '°,
3411 770 3660 826 lsaacum

2079 885 2297 942 quoque
2331 869 2581 939 accipere
2616 867 2869 937 permisit
2892 868 2961 930 ",
2994 866 3218 937 parique
3248 864 3409 920 modo
3441 865 3662 917 lsaacus

2078 966 2344 1024 Iacobum
2370 965 2444 1031 υς
2492 963 2587 1019 sed
2626 962 2936 1018 Rebeccam
2974 960 3143 1015 u.isso
3190 972 3350 1015 servo
3376 957 3659 1027 coniugem

2082 1058 2343 1129 petiit";
2379 1058 2451 1113 ita
2480 1057 2628 1113 enim
2663 1064 2720 1110 et
2759 1053 2903 1111 Deus
2935 1068 3031 1123 per
3081 1051 3267 1107 Mosen
3322 1050 3663 1121 Synagogam

2082 1151 2431 1207 instauravit.
2470 1147 2756 1213 Iacobum,
2789 1145 2883 1217 qui
2925 1144 3130 1201 Christi
3167 1142 3475 1211 exemplum
3520 1140 3666 1195 fere-

2085 1244 2180 1300 bat
2201 1284 2217 1310 ,
2251 1244 2317 1298 ad
2351 1258 2482 1299 suos
2512 1239 2746 1310 gentiles
2778 1239 2932 1294 Isaac
2961 1237 3215 1308 privatim
3251 1235 3498 1297 dimisit,
3531 1236 3668 1286 duas

2084 1338 2214 1393 inde
2273 1352 2473 1393 uxores
2522 1335 2735 1392 duriter
2785 1341 2839 1387 et
2867 1331 3141 1387 laboriose
3174 1338 3231 1383 ut
3280 1327 3383 1383 sibi
3421 1326 3666 1381 duceret.

2084 1435 2275 1491 Itidem
2296 1441 2352 1489 et
2380 1430 2549 1486 Pater
2576 1429 2645 1485 ab
2672 1427 2821 1483 omni
2847 1425 3155 1482 aeternitate
3196 1422 3487 1492 unigenam
3512 1433 3670 1473 suum

2088 1525 2283 1582 Filium
2306 1524 2375 1579 ad
2400 1529 2710 1578 creaturam
2736 1531 2914 1583 suam,
2942 1516 2995 1570 id
3025 1526 3111 1570 est
3135 1514 3407 1576 homines,
3441 1508 3671 1568 dimisit.

2090 1632 2148 1676 ut
2185 1618 2313 1675 inde
2341 1630 2563 1673 carnem
2601 1625 2912 1676 assumens,
2948 1624 3046 1679 per
3072 1605 3432 1677 supplicium,
3468 1613 3524 1657 et
3566 1600 3675 1654 Do-

2090 1711 2290 1767 minica
2327 1706 2594 1763 miracula
2640 1704 2778 1760 duas
2821 1700 3094 1757 Ecclesias
3123 1698 3269 1753 velut
3314 1705 3540 1764 nuptum
3579 1707 3676 1748 ae-

2091 1806 2314 1874 ciperet.

2672 1889 2905 1949 CAPUT
2945 1887 3091 1945 XIX.

2445 1986 2793 2056 Comparatio
2829 1983 3019 2039 Jacobi
3058 1989 3109 2035 et
3153 1979 3318 2034 Esau.
3566 2031 3570 2035 ,

2162 2082 2318 2153 Quod
2350 2083 2425 2137 ita
2457 2096 2517 2136 se
2548 2079 2776 2144 habere,
2806 2075 2995 2130 audite
3028 2071 3120 2126 Dei
3154 2070 3222 2125 ad
3256 2067 3557 2124 llebeccatu
3594 2079 3683 2118 re-

2091 2192 2350 2250 sponsum
2381 2192 2397 2232 :
2437 2193 2457 2228 ι
2497 2174 2626 2229 Duae
2654 2179 2843 2242 gentes
2896 2177 3024 2223 sunt
3057 2166 3108 2220 in
3146 2172 3302 2219 utero
3332 2170 3424 2215 tuo
3464 2166 3519 2213 et
3557 2158 3664 2209 duo

2094 2249 2275 2342 populi
2317 2283 2384 2324 ex
2422 2275 2616 2323 ventre
2649 2275 2748 2321 tuo
2782 2260 3118 2325 dividentur,
3158 2276 3177 2310 ι
3215 2253 3424 2309 scilicet
3465 2249 3685 2306 Iudaeo-

2094 2379 2215 2419 rum
2243 2375 2410 2426 unus,
2438 2359 2580 2414 alter
2610 2364 2964 2421 exterorum;
2997 2369 3017 2405 ι
3055 2349 3393 2421 populusque
3425 2343 3684 2414 populum

2093 2454 2395 2529 superabit,
2422 2463 2478 2509 et
2501 2452 2677 2525 major
2699 2448 2908 2508 serviet
2935 2444 3138 2501 minori
3166 2444 3238 2497 ιδ.
3274 2459 3294 2494 ι
3325 2439 3432 2507 Qui
3468 2450 3529 2493 se
3553 2443 3688 2490 natu

2096 2554 2363 2624 majorem
2394 2550 2606 2620 iactat,
2655 2545 2817 2604 alteri
2860 2552 2985 2615 post
3034 2537 3449 2602 natoserviet;
3499 2531 3553 2587 id
3581 2536 3686 2594 est,

2096 2644 2324 2703 Iudaica
2361 2657 2495 2716 gens
2526 2632 2787 2696 Ecclesia
2813 2651 2878 2692 ex
2905 2634 3162 2706 gentibus
3189 2628 3437 2686 collectas
3462 2624 3687 2680 serviet.

2099 2742 2279 2813 Atque
2311 2739 2364 2796 id
2398 2747 2451 2794 et
2485 2734 2580 2793 Dei
2601 2733 2831 2806 angelus
2853 2727 2968 2804 (16)
2994 2728 3084 2784 his
3112 2725 3183 2782 ad
3214 2723 3327 2779 Heli
3373 2718 3690 2813 pontificem

2099 2806 2287 2892 verbis
2316 2830 2606 2886 confirmat
2635 2843 2652 2882 :
2682 2825 2762 2880 Te
2794 2833 3051 2892 tuamque
3086 2816 3321 2889 patriam
3351 2814 3573 2870 domum
3609 2806 3692 2863 sic

2100 2924 2419 2984 exscindam
2446 2936 2462 2975 :
2487 2938 2506 2972 ι
2533 2918 2605 2974 Ει
2628 2913 2908 2973 suscitabo
2932 2909 3064 2967 mihi
3086 2908 3425 2964 sacerdotem
3454 2900 3690 2965 fidelem,

2103 3019 2196 3090 qui
2247 3016 2402 3086 juxta
2442 3027 2540 3067 cor
2578 3016 2758 3064 meum
2811 3014 2867 3061 et
2921 3004 3160 3059 animam
3217 3011 3393 3054 meam
3448 2994 3689 3090 faciens

2105 3084 2262 3168 S—ane
2287 3107 2379 3178 qui
2409 3103 2593 3162 omnia
2632 3114 2699 3156 ex
2732 3097 2951 3169 ingenio
2987 3095 3281 3179 animoque
3315 3088 3411 3144 Dei
3450 3086 3600 3150 facit,
3646 3084 3696 3139 is

2029 3202 2075 3264 (Ξ
2107 3222 2175 3263 ex
2226 3205 2338 3260 Deo
2380 3209 2485 3265 est,
2541 3207 2596 3253 et
2640 3197 2843 3252 iterum
2896 3178 3139 3260 Angelus
3168 3203 3183 3242 :
3215 3204 3233 3238 ι
3273 3184 3344 3239 Ει
3393 3178 3697 3235 ambulabit

2110 3313 2296 3357 coram
2332 3293 2557 3349 Christo
2590 3303 2710 3344 meo
2745 3283 2962 3343 cunctis
2990 3281 3204 3346 diebus,
3242 3296 3260 3330 ι
3305 3275 3358 3330 id
3395 3282 3498 3338 est,
3524 3285 3699 3340 usque

2111 3393 2177 3447 ad
2219 3383 2771 3445 consummationem,
2807 3387 2972 3446 atque
3002 3373 3189 3429 itidem
3218 3388 3232 3426 :
3268 3388 3286 3421 ι
3316 3367 3585 3423 Futurum
3613 3370 3698 3417 est

2113 3494 2294 3540 autem
2321 3522 2336 3548 ,
2382 3488 2440 3533 ut
2485 3477 2800 3548 quicunque
2848 3464 3174 3526 remanserit
3207 3464 3260 3518 in
3306 3461 3468 3515 domo
3505 3467 3595 3512 tua
3619 3495 3636 3522 ,
3668 3470 3691 3504 ι

2112 3572 2564 3633 internecionem,
2618 3572 2714 3621 aut
2763 3561 3134 3632 captivitatem
3177 3548 3520 3624 effugiendo;
3555 3565 3576 3600 ι
3603 3557 3700 3599 ve-

2114 3669 2229 3723 niat
2258 3672 2318 3721 ut
2345 3673 2533 3718 oretur
2561 3673 2660 3730 pro
2697 3671 2796 3722 eo,
2829 3663 2884 3710 et
2930 3650 3126 3707 oll'erat
3175 3657 3460 3702 nummum
3500 3652 3700 3706 argen-

2059 3790 2064 3800 ι
2117 3771 2287 3823 teum,
2319 3755 2574 3823 dicatque
2605 3772 2619 3808 :
2654 3748 2878 3805 Dimitte
2905 3760 2990 3800 me
3018 3743 3254 3798 obsecro
3289 3736 3353 3790 ad
3381 3747 3548 3789 unam
3577 3745 3702 3798 par-

2117 3865 2226 3911 tem
2256 3847 2671 3910 sacerdotalem,
2690 3840 3049 3899 uteomedam
3084 3831 3389 3890 buccellam
3418 3827 3574 3898 panis
3594 3825 3697 3876 ".r

2117 3945 2271 4014 Quod
2304 3941 2483 4011 angeli
2514 3940 2582 3994 ad
2622 3935 2966 3992 sacerdotem
3013 3928 3242 3997 aenigma
3277 3918 3556 4014 ejusmodi
3577 3926 3701 4014 est:

2117 4007 2586 4107 Iwnopempludaeas
2618 4028 2737 4085 εόιο
2769 4025 3082 4087 multatum,
3108 4025 3395 4075 venturum
3426 4016 3492 4065 ad
3518 4007 3705 4064 Eccle-

2119 4131 2256 4186 siam
2281 4143 2347 4183 ex
2380 4125 2632 4196 gentibus
2661 4116 3036 4178 constitutam,
3069 4120 3353 4164 nummum
3382 4108 3705 4174 argenteum

2120 4223 2350 4292 petitum
2372 4194 2468 4273 :iet
2494 4216 2613 4269 viro
2643 4208 2869 4267 illustris
2894 4222 2959 4261 ac
2980 4200 3250 4275 pontificii
3280 4194 3498 4269 generis
3522 4194 3670 4292 dicet
3686 4206 3703 4244 :

2121 4282 2241 4370 I‘ion
2270 4311 2450 4367 ambio
2490 4306 2622 4361 mihi
2658 4298 3047 4361 snsertlotitrm,
3088 4306 3269 4362 neque
3302 4302 3527 4359 regnum
3556 4282 3707 4340 desi-

2125 4406 2283 4472 dero,
2320 4399 2416 4458 sed
2442 4407 2500 4453 ttt
2527 4398 2582 4452 in
2611 4391 2828 4463 aliquod
2853 4385 3216 4445 sacerdotium
3243 4370 3483 4451 rejiciar,
3514 4386 3571 4431 et
3598 4388 3711 4430 non

2130 4508 2188 4552 ιιι
2216 4468 2551 4554 ministretn,
2581 4485 2727 4542 velut
2751 4481 2924 4554 prius,
2970 4477 3069 4535 sed
3103 4485 3162 4530 ut
3189 4485 3384 4545 panem
3413 4468 3709 4524 minimum

2129 4594 2327 4647 lucrer.
2368 4584 2628 4651 Idemque
2658 4574 2824 4634 David
2853 4570 3185 4643 praesagiens
3210 4566 3286 4620 ait
3312 4581 3328 4618 :
3363 4579 3388 4615 ι
3418 4560 3565 4630 Elegi
3597 4556 3697 4611 ab-

2125 4685 2303 4755 jectus
2332 4677 2536 4735 essein
2571 4673 2734 4728 domo
2765 4667 2857 4723 Dei
2891 4664 3019 4727 mei,
3053 4660 3224 4730 magis
3254 4670 3420 4728 quam
3461 4651 3715 4707 habitare

2131 4751 2184 4834 in
2219 4766 2583 4830 tabernaculis
2616 4771 2964 4834 peccatorum
2986 4756 3055 4811 ⁸⁸.
3097 4773 3117 4807 ι
3155 4752 3245 4808 Dei
3292 4752 3513 4805 domum
3556 4751 3715 4834 vates

2132 4865 2428 4923 Ecclesiatu
2448 4876 2510 4914 ex
2541 4831 2795 4925 gentibus
2823 4860 3015 4914 notat;
3043 4843 3331 4913 impiorum
3359 4831 3711 4894 tabernacula

2129 4960 2439 5015 .ludzcorum
2477 4952 2619 5005 fana.
2655 4946 2793 5002 Vere
2814 4942 2968 4997 enim
3007 4937 3254 4994 Judaeum
3294 4944 3490 4987 nomen
3521 4927 3576 4981 in
3613 4939 3712 5015 ert-

2132 5012 2245 5104 tera
2282 5041 2518 5099 Ecclesia
2566 5037 2834 5107 abjectmu
2887 5039 2944 5086 et
2991 5028 3215 5088 infame,
3257 5021 3486 5085 nudum,
3532 5012 3712 5107 exsul,

2134 5156 2299 5212 regno
2329 5137 2475 5193 omni
2519 5142 2573 5190 et
2625 5105 2933 5186 sacerdotio
2977 5132 3223 5177 exutum.
3270 5115 3450 5212 Atque
3489 5110 3606 5166 haec
3633 5105 3715 5162 sic
3764 5161 3770 5165 ι

2132 5201 2359 5295 habere,
2389 5242 2454 5283 ex
2491 5225 2558 5280 iis
2596 5235 2716 5292 qua:
2745 5225 2866 5287 post
2899 5213 3167 5273 dicentur,
3200 5201 3494 5262 constabit.

3488 5426 3533 5460 ⁸⁸
3574 5423 3712 5479 Gen.

523 5794 636 5863 (16)
670 5792 728 5847 lu
760 5792 1023 5856 Hebraeo,
1080 5798 1138 5844 ut
1187 5788 1325 5846 etin
1364 5787 1574 5858 Graeco,
1626 5793 1695 5846 ad
1735 5788 1960 5847 verbum
2011 5793 2117 5854 est,
2173 5785 2250 5839 ι-ἱι·
2281 5783 2396 5851 Dei,
2443 5780 2493 5838 id
2524 5786 2608 5838 est
2641 5776 2856 5833 divinus
2899 5778 3082 5834 vates,
3125 5757 3396 5836 quomodo
3443 5751 3603 5810 νοτιῖῑ
3646 5757 3703 5806 οι

451 5864 755 5924 Chaldaeus.
