4044 6450
315 401 425 465 823

313 715 524 760 natura:
552 717 771 774 quoque
800 703 1072 758 excidium
1122 701 1204 756 fas
1244 709 1330 756 est
1364 699 1603 769 grassari
1634 715 1648 752 :
1682 714 1702 750 ι
1732 696 1894 752 Post-

310 811 474 865 quam
511 804 728 865 tempus
780 793 1024 863 pariendi
1074 794 1370 847 advenerat
1402 798 1562 861 (nam
1614 790 1898 857 superiora

315 885 512 939 iterum
551 883 884 952 tractemus)
923 884 1013 952 qui
1064 882 1214 952 prior
1262 894 1522 951 egressus
1567 887 1686 943 est,
1744 876 1896 931 rufus

313 987 452 1040 erat,
485 986 541 1031 et
575 985 718 1031 totus
747 975 801 1029 in
842 990 1049 1029 morem
1099 973 1257 1043 pellis
1301 973 1549 1042 hispidus
1573 988 1593 1024 :
1616 977 1897 1024 vocatum.

312 1083 417 1136 que
438 1078 522 1124 est
546 1055 741 1122 nomen
776 1065 895 1134 ejus
914 1067 1056 1120 Esau
1080 1065 1148 1120 ⁸⁷.
1187 1083 1205 1116 ι
1238 1063 1442 1118 Irarum
1469 1074 1522 1119 et
1547 1059 1898 1116 immanitatis

312 1160 506 1229 plenus
562 1159 703 1215 Esau
755 1160 934 1213 vultus
981 1168 1063 1213 est
1106 1170 1120 1212 :
1175 1157 1308 1213 tales
1347 1156 1490 1210 enim
1543 1164 1597 1210 et
1644 1152 1901 1208 Israelita:

321 1268 451 1310 sunt
482 1272 496 1310 :
528 1256 711 1325 itaque
742 1262 797 1309 et
827 1254 908 1310 sui
938 1253 1156 1324 generis
1204 1262 1353 1307 vates
1399 1250 1809 1310 interfecerunt.
1846 1257 1901 1302 et

315 1349 536 1402 demum
622 1348 673 1401 in
721 1347 899 1415 ipsum
959 1345 1122 1399 etiam
1185 1342 1464 1398 Christum
1535 1341 1897 1396 admiserunt.

319 1458 342 1487 ι
378 1436 634 1491 Pretinus
666 1436 802 1491 alter
832 1435 1138 1505 egrediens,
1191 1433 1429 1504 plantam
1460 1432 1649 1487 fratris
1684 1432 1901 1486 tenebat

316 1544 505 1592 manu,
539 1537 594 1583 et
618 1528 820 1584 idcirco
846 1526 1135 1598 appellavit
1160 1541 1283 1581 eum
1305 1524 1474 1581 Iacob
1499 1524 1567 1592 ⁵⁸,
1603 1543 1623 1577 ι
1659 1540 1721 1579 ea
1751 1538 1809 1578 re
1828 1523 1905 1597 si-

319 1623 673 1690 gnificans,et
693 1638 754 1680 se
775 1638 839 1678 eo
863 1622 1255 1692 potiturum,et
1274 1637 1489 1676 servum
1512 1636 1579 1676 ac
1596 1620 1903 1674 ministrum

320 1714 668 1781 habiturum;
705 1730 828 1768 nam
865 1713 1045 1769 calces
1076 1712 1280 1769 laboris
1307 1714 1636 1783 prmcipuum
1673 1720 1820 1775 sunt,
1851 1720 1905 1765 et

320 1807 609 1861 ministerii
641 1806 878 1877 judices.
923 1806 1057 1889 Erat
1102 1817 1283 1861 autem
1321 1803 1490 1860 Jacob
1524 1805 1706 1863 laevis:
1757 1806 1898 1874 quod
1935 1845 1978 1903 Β

317 1898 570 1953 humana:
615 1898 1052 1953 mansuetudinis
1107 1901 1324 1965 signum
1367 1904 1489 1962 est;
1541 1895 1773 1964 talisque
1818 1907 1903 1951 est

320 1990 424 2044 nde
455 2004 646 2045 recens
683 1990 984 2045 instructus
1022 1988 1275 2059 populus,
1312 1989 1485 2052 mitis,
1525 2003 1588 2042 ac
1628 1987 1751 2041 sine
1796 1988 1898 2043 ira.

318 2080 587 2136 Venustas
637 2080 810 2149 enim}
841 2081 1090 2150 corporis
1139 2090 1518 2150 argumentum
1567 2078 1732 2134 habet
1781 2078 1898 2147 pul-

315 2170 645 2227 rillillldillis
667 2171 916 2238 internte,
937 2179 992 2227 et
1021 2186 1142 2242 qua-
1164 2180 1347 2226 mente
1366 2178 1640 2225 teneatur.
1665 2170 1904 2238 Eratque

318 2264 459 2317 I'Isau
495 2263 726 2319 venandi
754 2263 959 2332 peritus
986 2282 999 2318 :
1026 2278 1151 2317 nam
1181 2262 1440 2319 Israelita:
1467 2256 1663 2318 cruore
1692 2271 1746 2317 et
1776 2262 1904 2317 bru-

319 2355 522 2410 ticidiis
552 2356 823 2426 gaudent;
851 2355 1018 2412 Jacob
1049 2356 1266 2426 quietus
1298 2356 1495 2412 :edium
1523 2355 1799 2410 habitator
1819 2354 1901 2409 ηε

318 2448 457 2503 tales
482 2458 610 2504 sunt
635 2448 801 2503 etiam
834 2449 889 2503 in
921 2449 1028 2504 fide
1060 2448 1210 2514 novi,
1259 2462 1464 2513 comes,
1498 2456 1755 2517 expertes
1786 2447 1903 2513 irae,

318 2550 377 2595 ιιι
406 2541 575 2596 solam
605 2542 861 2610 pietatem
892 2539 1036 2595 docti
1067 2553 1273 2594 amare.
1316 2539 1425 2595 Sed
1452 2537 1604 2596 Isaac
1649 2538 1909 2610 diligebat

319 2632 536 2701 quidem
574 2632 739 2696 Esau,
785 2645 892 2685 non
929 2638 990 2684 ut
1027 2630 1204 2684 virum
1242 2630 1470 2695 bonum,
1522 2640 1577 2685 ει
1614 2630 1910 2686 voluntatis

322 2725 417 2780 Dei
463 2724 774 2789 conscium,
808 2723 904 2778 sed
949 2722 1185 2777 venandi
1230 2723 1557 2778 studiosum.
1619 2722 1785 2792 quue
1835 2724 1907 2777 ita

319 2832 443 2874 esse
477 2826 534 2871 ut
555 2816 1204 2886 intelligeretur,causam
1233 2829 1452 2884 quoque
1494 2830 1665 2870 sacrae
1686 2798 1911 2870 Litterae

319 2911 626 2981 adjiciunt,
672 2928 692 2962 ι
727 2924 793 2964 eo
817 2909 962 2977 quod
998 2910 1065 2963 de
1109 2909 1493 2964 venationibus
1537 2908 1677 2963 illius
1717 2922 1910 2963 vesce-

320 3015 476 3058 retur
511 3021 533 3059 :
577 3011 633 3058 et
678 3002 924 3058 Rebecca
976 3001 1239 3072 diligebat
1295 2998 1465 3057 Iacob
1493 3001 1562 3055 ⁶⁰.
1600 3019 1619 3052 ι
1674 3000 1779 3057 Ubi
1828 3008 1913 3055 est

318 3094 466 3151 enim
502 3111 615 3150 non
643 3094 879 3150 mendax
913 3093 1269 3164 promissum,
1311 3104 1365 3148 et
1400 3108 1562 3147 verus
1598 3108 1751 3148 amor
1779 3106 1911 3148 con-

320 3188 592 3258 sequitur.
626 3187 767 3243 Esau
802 3202 931 3242 vero
972 3203 1079 3243 non
1115 3197 1175 3242 ut
1211 3187 1385 3241 virum
1433 3188 1633 3242 bonum
1669 3201 1698 3241 a
1751 3195 1910 3255 patre
1937 3182 1980 3241 (Σ
2016 3202 2263 3258 assidens

322 3288 599 3345 amatum,
635 3278 768 3334 nulli
817 3279 1044 3334 dubium
1074 3288 1198 3346 est;
1237 3280 1328 3348 qui
1375 3282 1533 3350 panis
1562 3278 1819 3350 pauxillo,
1852 3288 1909 3334 et

319 3371 575 3428 confecto
606 3386 671 3426 ex
714 3373 863 3427 lente
905 3372 1106 3439 edulio,
1155 3372 1333 3429 aetatis
1363 3372 1779 3444 praerogativam
1810 3376 1909 3427 ad-

322 3466 548 3521 dixerit.
569 3464 754 3536 Atque
784 3465 861 3519 ita
901 3480 1033 3520 sane
1063 3474 1118 3520 et
1150 3466 1436 3536 Synagoga
1462 3475 1683 3535 propter
1711 3464 1907 3519 exilem

323 3558 591 3629 regnandi
622 3558 958 3630 voluptatem
989 3559 1283 3626 adoptione
1311 3558 1547 3625 excidit;
1570 3557 1773 3613 Iacobo
1796 3574 1912 3612 ma-

322 3653 425 3707 tris
464 3667 674 3723 opera,
734 3651 940 3721 ingenii
1003 3650 1308 3718 facilitate,
1372 3652 1542 3722 patris
1596 3651 1910 3708 felicitatem

323 3740 542 3814 a.lepto.
574 3744 655 3799 Ac
696 3743 1158 3813 quemadmodum
1212 3744 1457 3799 Rebecca
1494 3742 1783 3809 Iacobum,
1836 3744 1911 3798 ita

323 3844 380 3890 et
410 3834 514 3889 mei
551 3833 753 3890 Christi
800 3834 1087 3890 incruenta
1135 3834 1354 3890 victima
1402 3850 1604 3890 novum
1653 3834 1911 3906 populum

326 3926 442 3981 Deo
472 3933 526 3997 et
555 3924 709 3981 Patri
743 3926 1061 3981 conciliavit
1106 3935 1162 3982 et
1211 3927 1470 3997 placavit.
1516 3925 1620 3982 Sed
1658 3927 1913 3997 quoniam

324 4019 567 4090 reiectus
619 4035 648 4075 a
705 4019 816 4076 Deo
865 4031 951 4075 est
992 4020 1158 4085 Esau,
1203 4029 1258 4076 et
1310 4036 1409 4076 nos
1451 4021 1590 4076 adeo
1643 4022 1915 4076 hactenus

322 4114 394 4168 de
438 4122 506 4169 eo
552 4113 932 4178 sermocinati,
980 4114 1245 4184 deinceps
1288 4129 1409 4183 quae
1439 4114 1504 4169 ad
1533 4113 1701 4170 Jacob
1739 4113 1914 4170 solum

324 4215 576 4272 spectant
602 4219 1025 4274 prosequamur.
1063 4205 1177 4261 Etsi
1210 4204 1337 4260 illud
1386 4206 1539 4276 prius
1582 4221 1761 4276 operae
1789 4222 1916 4275 pre-

330 4300 463 4352 tium
500 4308 584 4354 est
615 4299 909 4368 dispicere,
960 4314 1059 4353 cur
1098 4298 1241 4354 Esau
1290 4300 1502 4371 paterni
1550 4301 1677 4357 boni
1717 4302 1916 4358 ominis

327 4404 518 4453 causa,
560 4389 779 4453 ingenti
818 4390 969 4446 obito
1009 4391 1218 4456 labore,
1252 4390 1523 4447 diﬂicilem
1572 4406 1631 4448 se
1669 4393 1915 4462 praebens

325 4490 479 4548 pater
525 4479 765 4550 graviter
806 4479 1104 4549 eiulantem
1158 4480 1517 4535 benedixerit.
1577 4479 1695 4536 Hoc
1748 4481 1907 4544 facto,

324 4572 543 4638 opinor,
577 4570 726 4627 Isaac
757 4572 1213 4627 scelestissimam
1240 4572 1581 4645 Synagogarn
1608 4574 1784 4640 docet,
1810 4577 1910 4630 nisi

325 4665 397 4717 ad
435 4664 599 4719 Deum
636 4662 913 4719 hominem
950 4661 1162 4728 Iesum,
1206 4678 1368 4735 quem
1417 4666 1468 4720 in
1517 4681 1735 4721 crucem
1781 4669 1911 4737 egit,

328 4769 570 4821 reversa,
619 4769 743 4809 eum
799 4757 1226 4825 regenerationis
1270 4755 1513 4822 lavacro,
1569 4757 1796 4826 perinde
1850 4775 1914 4814 ac

330 4845 473 4899 Esau
516 4854 726 4916 patrem
774 4845 1052 4916 lacrymis,
1087 4845 1367 4917 propitiel,
1417 4847 1641 4903 caeleste
1668 4848 1909 4917 [regnum

332 4939 595 5010 consequi
650 4954 760 4994 non
817 4953 999 5009 posse.
1050 4940 1158 4995 Sed
1210 4956 1429 4995 rursum
1479 4941 1549 4995 ad
1595 4941 1911 4995 vaticinium

329 5047 641 5089 sermonem
692 5031 1020 5087 referamus.
1055 5051 1074 5085 ι
1111 5031 1280 5103 Igitur
1329 5047 1583 5102 egressus
1629 5031 1799 5088 Iacob
1847 5034 1915 5088 de

327 5125 598 5182 Bersabee
616 5125 875 5196 pergebat
901 5123 1103 5179 Ilaran.
1119 5127 1364 5195 Cumque
1385 5124 1617 5179 venisset
1639 5124 1706 5178 ad
1726 5139 1913 5193 quem-

331 5218 455 5271 dam
513 5217 717 5283 locum,
750 5227 805 5272 et
845 5216 1006 5272 vellet
1052 5217 1105 5271 in
1151 5231 1216 5272 eo
1262 5220 1605 5286 requiescere
1636 5227 1752 5288 post
1785 5218 1915 5273 solis

329 5309 642 5364 occubitum
666 5310 734 5363 ⁸⁸.
770 5328 788 5362 ι
823 5308 1034 5364 Iacobo
1078 5308 1231 5375 solis,
1286 5309 1378 5378 qui
1428 5319 1609 5365 mente
1641 5319 1912 5379 teneatur,

333 5402 504 5472 signis
550 5403 813 5459 divinitus
857 5402 1183 5464 erudiendo,
1236 5401 1492 5456 sensiletn
1532 5402 1695 5457 condi
1743 5403 1912 5458 solem

335 5494 640 5562 oportebat,
672 5504 733 5550 ut
761 5509 923 5564 quam
954 5495 1234 5549 subiturus
1264 5509 1482 5565 quoque
1508 5503 1629 5550 erat
1659 5497 1713 5551 in
1743 5497 1916 5553 domi-

338 5587 459 5643 rico
492 5587 759 5657 supplicio
787 5587 1076 5657 caliginem
1110 5587 1449 5656 praesagiret.

405 5730 453 5799 ⁸7
494 5728 632 5783 Ουηο
676 5744 805 5794 HV.
847 5730 940 5785 25.
1019 5731 1066 5762 ⁸⁸
1104 5729 1242 5786 Gen.
1287 5747 1338 5792 ν,
1386 5730 1475 5784 26.
1554 5734 1599 5766 ⁸⁸
1640 5732 1769 5791 ibid.
1812 5736 1902 5791 27.
1980 5738 2025 5771 ⁸ο
2070 5736 2207 5792 Gen.
2250 5751 2373 5799 xxv,
2413 5733 2504 5786 ‘28.

346 5796 569 5876 gt_;_e..._
598 5800 955 5876 “mpii.”
993 5799 1041 5876 ξ
1078 5802 1208 5876 ibid.
1243 5802 1362 5876 ra
1405 5801 1452 5833 ευ
1481 5804 1611 5861 ibid.
1651 5806 1736 5862 ιδ.
1814 5808 1858 5843 ο·
1886 5806 2041 5866 Joan.
2089 5824 2125 5876 ι,
2167 5807 2257 5863 δι.

338 5870 383 5904 ⁵⁸
419 5869 612 5925 Matth.
651 5885 704 5939 x,
746 5868 837 5927 ‘28.
916 5872 959 5903 ⁷ο
998 5870 1141 5928 Psal.
1177 5887 1303 5940 xxx,
1340 5874 1393 5929 9.

1501 396 1935 460 ANDRONICI
1976 395 2331 456 COMNENI

384 524 462 576 Ac
494 520 690 591 prioris
715 520 934 590 quidem
966 519 1146 588 pepuli
1182 518 1353 588 figura
1382 527 1467 572 est
1493 515 1666 583 Esau;
1699 525 1883 583 poste—
1911 508 1965 570 A

313 615 476 670 rioris
503 614 692 669 Iacob.
726 612 911 683 Neque
945 612 1224 666 enimvero
1247 618 1469 681 pr0pter
1491 607 1798 675 exemplum
1825 605 1891 659 ad
1988 628 1993 633 ·

3455 397 3574 472 ,824

2591 513 2820 570 CAPUT
2862 513 2979 569 XX.

2276 651 2467 708 Jacobi
2505 667 2585 708 res
2636 669 2757 708 cum
2812 652 3019 708 Christo
3065 652 3292 708 caltam.

2075 810 2099 843 ιν
2136 788 2282 845 Tulit
2313 791 2380 845 de
2412 790 2684 860 lapidibus
2714 791 2805 858 qui
2849 789 3124 856 iacebant,
3163 799 3218 844 et
3263 804 3580 859 supponens

1998 885 2161 951 capiti
2212 900 2310 940 suo
2353 886 2421 942 σθ.
2471 904 2499 937 »λ
2540 883 2794 954 Lapidem
2837 882 3005 939 Iacob
3031 884 3284 952 sumpsit,
3316 882 3579 952 quoniam

2001 983 2308 1029 exterarum
2353 974 2597 1043 gentium
2642 972 2868 1041 populus
2898 986 2994 1040 per
3022 980 3309 1039 augustum
3343 962 3491 1023 illum
3524 976 3583 1024 et

2007 1085 2026 1120 ι
2065 1065 2377 1134 angularem
2416 1065 2670 1134 lapidem,
2707 1084 2729 1117 ι
2765 1065 2816 1120 id
2847 1074 2950 1130 est,
2979 1064 3282 1128 Christum,
3311 1063 3384 1116 ad
3414 1063 3583 1117 Deum

2001 1156 2351 1213 conflttxurus
2378 1166 2514 1211 erat.
2540 1156 2708 1228 Igitur
2736 1156 2827 1211 hic
2852 1169 3067 1226 quoque
3094 1163 3320 1225 auguste
3346 1154 3586 1223 lapidem

2004 1250 2070 1304 ad
2121 1259 2284 1318 caput
2319 1250 2568 1306 adhibuit
2619 1268 2639 1302 ι
2685 1249 2950 1304 Dormivit
2979 1249 3034 1303 in
3065 1248 3256 1303 eodem
3295 1247 3420 1302 loco
3447 1247 3516 1300 ⁸⁸.
3560 1264 3583 1297 ι

2005 1343 2141 1398 Nam
2172 1343 2273 1398 etsi
2300 1356 2527 1413 corpore
2551 1341 2856 1397 dormiebat
2885 1339 3078 1402 Iacob;
3104 1349 3161 1394 at
3190 1339 3403 1394 lsraelis
3427 1354 3587 1393 mens

2005 1436 2398 1493 sollicitabatur
2430 1449 2445 1488 :
2482 1453 2502 1488 ι
2537 1434 2788 1505 Viditque
2837 1436 2890 1489 in
2940 1435 3150 1490 somnis
3194 1433 3397 1489 scalam
3433 1443 3590 1488 stan-

2006 1540 2113 1584 tem
2159 1544 2323 1597 super
2357 1543 2579 1590 terram.
2626 1539 2682 1584 et
2729 1543 2989 1584 cacumen
3040 1527 3187 1584 illius
3215 1535 3439 1599 tangens
3475 1539 3591 1582 cm-

2005 1624 2117 1677 lum
2152 1622 2217 1677 ⁸⁸.
2260 1641 2287 1674 »η

2607 1733 2836 1789 CAPUT
2874 1732 2992 1789 XX.

2149 1877 2311 1934 Scala
2344 1874 2512 1931 Iacob
2544 1885 2695 2001 typus
2845 1875 3105 2000 Virlgim's,
3149 1884 3197 1929 et
3242 1875 3446 1945 reliqua

2639 1965 2733 2001 aco
2772 1964 2789 2001 t
2832 1964 2917 2001 aes
2946 1964 3000 2000 a.

2639 1964 2789 2003 acoot
2830 1964 3000 2017 gesta.

2081 2090 2295 2147 Scalam
2338 2089 2426 2145 hic
2459 2088 2594 2143 mihi
2638 2086 2915 2158 Virginem
2967 2086 3230 2157 intellige,
3281 2101 3378 2156 per
3424 2099 3596 2155 quam

2008 2183 2059 2237 in
2110 2182 2309 2239 cmlum
2357 2197 2389 2238 e
2434 2192 2575 2238 terra
2627 2181 2971 2251 surrigimur.
3029 2199 3049 2233 ι
3086 2180 3322 2250 Angelos
3373 2192 3599 2249 quoque

2007 2274 2102 2329 Dei
2132 2275 2491 2330 ascendentes
2520 2284 2575 2330 et
2601 2274 2991 2330 descendentes
3023 2288 3119 2343 per
3147 2286 3291 2337 eam,
3323 2281 3376 2325 et
3412 2269 3599 2324 Domi-

2009 2382 2138 2421 num
2170 2366 2413 2421 innixum
2444 2366 2609 2422 scalae
2636 2367 2705 2422 ⁶⁸.
2747 2385 2766 2419 ι
2798 2364 3042 2421 Primum
3071 2365 3136 2419 ad
3164 2380 3283 2420 eam
3314 2360 3598 2419 descendit

2008 2459 2248 2525 Gabriel,
2281 2458 2575 2513 Dominum
2617 2460 2967 2514 nuntiaturus
3018 2457 3207 2511 eodem
3261 2455 3601 2511 faustissimo

2010 2552 2213 2607 nuntio
2239 2561 2561 2617 conceptum
2593 2550 2700 2612 iri,
2736 2565 2804 2606 ex
2847 2561 3020 2619 eaque
3045 2547 3267 2616 jamjam
3297 2547 3463 2601 Deum
3500 2547 3605 2599 hoc

2011 2644 2212 2698 minem
2265 2643 2628 2713 prodilurum.
2662 2641 2863 2695 Deinde
2896 2648 2952 2695 et
2996 2639 3251 2704 ministri,
3292 2653 3357 2693 ac
3402 2638 3600 2693 salutis

2013 2744 2211 2792 nostra:
2243 2734 2519 2791 custodes.
2553 2734 2812 2789 Servatur
2839 2733 2983 2788 enim
3017 2746 3172 2787 meus
3216 2730 3269 2786 in
3305 2728 3603 2799 Evangelio

2014 2828 2304 2884 confirmat
2342 2842 2357 2881 :
2391 2846 2410 2881 ι
2451 2826 2718 2882 Videbitis
2756 2826 2951 2881 coelum
2992 2834 3258 2892 apertum,
3294 2830 3349 2878 et
3382 2822 3608 2894 angelos

2013 2923 2108 2978 Dei
2147 2922 2503 2977 ascendentes
2528 2928 2580 2974 et
2610 2916 2999 2973 descendentes
3046 2930 3212 2986 supra
3262 2914 3459 2970 Filium
3496 2914 3604 2969 ho-

2014 3016 2177 3071 minis
2216 3015 2282 3071 “.
2328 3033 2347 3067 ι
2397 3014 2765 3068 Ascendentes
2814 3012 2881 3065 ad
2932 3024 3090 3075 eum,
3141 3009 3233 3078 qui
3288 3007 3430 3062 Deus
3474 3021 3602 3063 eum

2015 3116 2182 3170 esset,
2210 3108 2372 3162 homo
2399 3106 2559 3160 etiam
2595 3104 2795 3170 factus,
2828 3100 3204 3171 inaspectabili
3237 3099 3383 3155 Patri
3411 3098 3607 3153 dexter

2305 3219 2319 3255 :
2366 3199 2756 3255 descendentes
2805 3197 2871 3251 ad
2923 3195 3190 3262 homines,
3245 3192 3607 3265 procuranda!

2011 3311 2200 3352 eorum
2230 3292 2420 3349 salutis
2447 3307 2632 3348 causa.
2660 3290 2719 3347 Id
2752 3290 2898 3345 enirn
2925 3296 2979 3345 et
3006 3287 3227 3354 Paulus,
3258 3287 3363 3341 mei
3393 3284 3601 3341 Christi

2009 3402 2093 3452 os,
2131 3394 2361 3443 testatus
2388 3393 2492 3448 est,
2522 3384 2677 3454 cujus
2705 3382 2772 3440 de
2814 3382 3022 3451 angelis
3062 3381 3180 3437 haec
3222 3387 3347 3435 sunt
3379 3378 3542 3434 verba
3576 3395 3596 3433 :

2017 3497 2037 3531 ι
2099 3478 2289 3534 Nonne
2335 3492 2526 3531 omnes
2582 3484 2707 3531 sunt
2756 3473 3206 3531 administratorii
3259 3472 3481 3539 spiritus
3539 3471 3600 3526 in

2011 3569 2370 3624 ministerium
2402 3567 2549 3621 missi
2580 3576 2801 3636 propter
2828 3581 2922 3621 eos
2958 3565 3050 3635 qui
3086 3564 3455 3619 haereditatem
3493 3577 3594 3618 ca-

2011 3661 2163 3732 pient
2190 3659 2381 3715 salutis
2410 3659 2491 3711 στι
2526 3676 2547 3712 ι
2586 3658 2693 3714 Sed
2725 3657 2789 3712 ad
2826 3657 3140 3713 vaticinium
3178 3667 3539 3711 revertamur.

2089 3748 2270 3821 Atque
2303 3749 2394 3804 ille
2423 3766 2545 3805 eum
2577 3749 2656 3805 sic
2680 3759 2764 3804 est
2800 3749 3067 3805 allocutus
3096 3766 3111 3801 :
3147 3768 3166 3800 ι
3200 3748 3314 3815 Ego
3346 3763 3465 3803 sum
3497 3745 3605 3801 Do-

2016 3845 2198 3900 minus
2233 3843 2374 3899 Deus
2402 3841 2675 3897 Abraham
2709 3841 2876 3910 patris
2903 3841 3001 3903 tui,
3036 3853 3092 3896 et
3120 3841 3260 3896 Deus
3295 3841 3448 3896 Isaac
3470 3837 3536 3894 ⁸⁸.
3574 3857 3601 3892 ι

2016 3937 2151 4007 Ego.
2187 3936 2356 4004 Quis?
2389 3935 2563 3991 Scalm
2596 3934 2909 3989 imminens.
2943 3916 3264 3997 Nemetae,
3300 3926 3506 3987 scilicet
3537 3930 3607 3983 ah

2017 4030 2158 4087 Esau
2203 4029 2371 4084 fratre
2398 4037 2517 4083 tuo.
2550 4014 2741 4082 Itidem
2773 4036 2828 4082 et
2863 4024 3124 4081 Servator
3153 4041 3283 4080 suos
3309 4024 3610 4093 discipulos

2021 4124 2272 4180 monebat
2303 4141 2318 4179 :
2348 4142 2369 4174 ι
2398 4121 2578 4177 Nolite
2609 4121 2801 4176 timere
2831 4135 2948 4187 eos,
2977 4123 3066 4189 qui
3095 4119 3351 4174 occidunt
3381 4130 3603 4184 corpus,

2018 4220 2253 4274 animam
2287 4226 2470 4272 autem
2504 4229 2609 4271 nou
2642 4221 2867 4284 possunt
2897 4211 3151 4267 occidere
3185 4211 3252 4265 ".
3293 4228 3312 4262 ι
3347 4206 3499 4274 Quod
3537 4219 3609 4263 eo

2016 4311 2350 4379 pertinebat,
2374 4317 2433 4362 ιιι
2458 4316 2724 4362 terrorem
2751 4304 2817 4360 iis
2839 4304 3130 4369 eximeret,
3156 4302 3245 4371 qui
3279 4300 3332 4354 in
3364 4294 3423 4355 se
3454 4312 3603 4367 spem

2019 4403 2312 4470 haberent;
2360 4399 2634 4471 quomodo
2676 4409 2731 4453 et
2777 4397 2975 4452 beatus
3012 4394 3178 4449 David
3228 4392 3438 4471 felicem
3490 4389 3608 4444 cla-

2020 4503 2131 4548 mat
2170 4494 2241 4559 ",
2291 4493 2471 4562 quiin
2515 4506 2581 4547 eo
2628 4504 2778 4558 spem
2827 4488 3001 4558 ponit.
3057 4504 3077 4537 ι
3113 4482 3358 4545 Terram,
3393 4482 3446 4535 in
3498 4493 3605 4549 qua

2023 4583 2230 4640 dormis
2284 4583 2378 4637 tibi
2423 4581 2586 4646 dabo,
2620 4587 2676 4633 et
2705 4577 2896 4633 semini
2951 4583 3068 4629 tuo.
3117 4591 3135 4624 ι
3176 4572 3304 4638 Ejus
3354 4571 3604 4638 stirpem,

2023 4692 2128 4730 non
2176 4674 2348 4729 solum
2400 4688 2465 4727 ex
2516 4686 2582 4727 eo
2631 4679 2943 4739 prognatos,
2980 4668 3075 4719 sed
3125 4673 3340 4717 exteros
3389 4676 3607 4730 quoque

2025 4769 2165 4824 Deus
2202 4765 2457 4837 appellat.
2493 4762 2628 4816 Nam
2678 4771 2737 4814 ut
2766 4760 2929 4822 Esau,
2961 4757 3052 4825 qui
3090 4756 3231 4810 filius
3266 4755 3415 4808 Isaae
3463 4761 3603 4814 erat,

2022 4861 2075 4916 in
2128 4861 2429 4931 Synagogaa
2482 4852 2738 4907 felicitate
2797 4862 3082 4902 numerum
3140 4844 3344 4899 nullum
3400 4842 3604 4908 tenuit,

2022 4954 2163 5022 quod
2198 4950 2415 5005 virtutis
2441 4955 2499 5000 et
2541 4946 2634 5000 Dei
2674 4943 2878 4997 netitiae
2910 4941 3011 4995 iter
3047 4955 3149 4995 non
3198 4940 3499 5004 insisteret;
3533 4939 3603 4993 ita

2023 5045 2110 5109 qui
2144 5057 2239 5112 per
2273 5041 2361 5094 Dei
2395 5036 2643 5092 notitiam
2683 5044 2737 5088 ct
2763 5033 3041 5096 virtutem,
3080 5031 3292 5087 etiamsi
3325 5047 3389 5086 ex
3428 5031 3607 5102 genti-

2025 5136 2125 5190 bus
2152 5133 2285 5198 sint,
2310 5130 2528 5186 Christo
2573 5142 2632 5183 se
2679 5124 2999 5194 adiungunt,
3035 5124 3127 5179 lilii
3158 5123 3376 5179 Israelis
3420 5133 3603 5178 erunt.

2024 5224 2302 5294 Siquidem
2328 5219 2543 5276 lsraelis
2563 5218 2769 5273 notatio
2792 5226 2896 5280 est,
2922 5235 2942 5269 ι
2969 5231 3121 5272 mens
3137 5215 3309 5271 Deum
3334 5215 3547 5271 videns.
3577 5231 3596 5266 ι

2025 5319 2211 5385 Itaque
2241 5315 2331 5385 qui
2380 5323 2616 5369 mentem
2652 5310 2857 5366 habent
2896 5317 3202 5380 purgatam,
3248 5309 3315 5363 ad
3363 5307 3602 5363 divinum

2026 5412 2367 5484 splendorem
2422 5407 2854 5478 suscipiendum,
2902 5404 3102 5459 merito
3152 5402 3369 5457 lsraelis
3418 5402 3508 5456 ﬁlii
3549 5409 3606 5454 et

2026 5514 2174 5569 sunt,
2206 5511 2259 5556 et
2292 5500 2660 5556 nominantur.
2700 5497 2876 5566 Atque
2926 5496 3065 5549 hanc
3104 5504 3341 5550 nostram
3382 5504 3604 5549 senten-

2025 5600 2154 5652 tiam
2188 5594 2389 5664 reliqua
2430 5606 2599 5648 sacrae
2630 5590 2922 5660 Scriptura:
2966 5588 3124 5643 facile
3154 5586 3549 5642 conlirmabunt
3582 5602 3599 5642 :

2595 5732 2637 5765 "
2680 5730 2818 5786 Gcn.
2865 5745 3056 5792 χχι-ιιι,
3104 5727 3188 5789 10.
3235 5729 3320 5783 Il.
3399 5728 3442 5759 "
3472 5726 3600 5779 ibid.

2368 5805 2413 5839 ⁸⁷
2446 5802 2609 5860 Hebr.
2662 5817 2734 5867 ll,
2800 5800 2879 5854 li.
2983 5801 3029 5833 ⁸⁸
3069 5797 3205 5856 Gen.
3248 5814 3459 5865 xxviii,
3512 5797 3599 5853 15.
