4044 6402
346 380 449 449 825

1406 399 1793 463 DIALOGUS
1828 398 2133 462 CONTRA
2174 399 2551 469 JUD.‘EOS..

3487 398 3600 467 826

354 517 372 549 ι
412 498 634 567 Eritque
667 514 851 557 semen
897 513 1044 560 tuum
1084 510 1239 577 quasi
1287 510 1459 577 pulvis
1495 521 1680 579 terrm;
1734 512 1924 566 dilata-
1954 520 2002 577 Α
2036 522 2347 565 exterarum
2396 522 2634 580 gentium
2664 512 2937 582 populum.
2992 511 3068 570 Ita
3119 516 3260 571 enim
3299 530 3394 573 eos
3445 534 3600 575 meus

349 591 489 643 lteris
511 592 575 643 ad
599 590 942 649 Occidentem
972 609 1024 651 et
1053 599 1345 666 Orientem,
1375 612 1429 655 et
1455 604 1909 673 Septentrionem,

348 692 399 734 et
428 681 701 738 Meridiem
734 684 801 739 “.
837 708 854 740 ι
887 689 1075 745 Videte
1109 704 1165 745 ut
1196 702 1487 760 quaternas
1522 696 1701 750 mundi
1732 708 1913 763 partes

348 788 513 826 sacrm
556 776 772 832 Litterae
813 781 1279 850 complectantur?
1311 800 1434 839 cum
1477 784 1657 840 Iudaea
1688 798 1909 854 quotum

348 863 579 931 aliquod,
611 876 664 919 et
694 868 977 922 minimum
1020 881 1177 926 terra:
1224 882 1560 944 segmentum
1595 876 1685 930 sit.
1730 876 1911 942 Itaque

348 954 395 1006 id
433 960 603 1024 magis
644 958 914 1014 illustrans
945 973 1114 1027 vates,
1147 965 1294 1019 addit
1326 983 1337 1019 :
1374 985 1392 1018 ι
1428 967 1824 1021 Benedieentur
1855 970 1906 1022 in

348 1057 413 1110 te,
447 1060 501 1104 et
551 1053 605 1105 in
642 1055 845 1108 semine
873 1064 986 1120 tuo,
1021 1068 1229 1112 cuncta:
1266 1060 1432 1113 tribus
1484 1069 1642 1114 terra}
1670 1062 1739 1115 "’.
1782 1082 1800 1114 ι
1851 1062 1907 1115 Id

343 1151 441 1205 est,
476 1143 542 1196 ab
591 1154 783 1199 exorto
830 1148 955 1202 .Iesu
997 1150 1213 1203 Cbristo
1261 1149 1385 1204 Deo.
1426 1152 1517 1205 Sin
1567 1152 1617 1206 id
1665 1165 1907 1207 evertere

342 1236 632 1301 conamini,
664 1239 804 1291 nulla
837 1242 976 1295 inter
1000 1256 1092 1294 vos
1122 1252 1172 1294 et
1204 1251 1387 1309 gentes
1422 1243 1648 1299 felicitas
1675 1254 1728 1298 et
1756 1260 1906 1298 com-

341 1328 520 1380 munio
570 1330 705 1393 erit,
757 1334 850 1385 sed
898 1331 1181 1387 discidium
1231 1342 1393 1402 atque
1443 1336 1730 1390 dissensio.
1768 1333 1903 1390 Nam

339 1416 596 1473 hactenus
628 1421 769 1489 apud
820 1438 1007 1478 omnes
1051 1436 1239 1492 gentes
1281 1427 1601 1495 contempti,
1649 1438 1702 1481 et
1746 1427 1903 1484 invisi

339 1510 488 1566 estis.
516 1531 535 1564 ι
571 1512 634 1566 Et
663 1528 758 1568 cro
791 1526 977 1569 custos
1001 1525 1145 1581 tuus,
1180 1533 1501 1588 quocunque
1533 1520 1851 1587 perrexeris.
1880 1540 1898 1572 ι

338 1599 510 1665 Quare
553 1614 734 1660 certus
784 1607 921 1661 hanc
967 1609 1034 1662 ab
1064 1618 1267 1663 aeterno
1305 1611 1661 1664 oeconomiam
1704 1611 1757 1665 in
1814 1622 1901 1665 tua

334 1693 501 1761 stirpe
539 1695 932 1763 complendum,
981 1698 1085 1752 iter
1128 1715 1288 1753 omne
1339 1710 1487 1754 tuum
1536 1715 1759 1755 securus
1807 1704 1902 1757 tle-

334 1797 510 1837 curre.
542 1804 560 1836 ‹
591 1785 655 1837 Ει
685 1787 936 1843 reducam
971 1796 1023 1843 te
1057 1790 1111 1844 in
1148 1802 1345 1845 terram
1376 1792 1533 1857 lianc,
1576 1810 1594 1842 ι
1634 1793 1683 1845 id
1714 1802 1816 1858 est,
1849 1794 1898 1846 in

2014 597 2262 652 Christus
2316 601 2551 669 appellat
2598 619 2666 655 :t
2704 603 2816 672 Ego
2858 618 2975 657 sum
3029 615 3215 673 pastor
3268 607 3478 668 bonus,
3535 618 3590 661 et

2015 703 2280 757 cognosco
2305 706 2433 747 oves
2465 710 2634 759 meas,
2668 704 2723 749 et
2764 704 3092 765 cognOscunt
3126 713 3213 752 me
3248 714 3401 754 mete.
3439 699 3595 755 Sicut

2015 778 2157 831 novit
2186 796 2272 834 me
2304 782 2484 847 Pater,
2523 794 2575 838 ct
2600 800 2699 855 ego
2726 802 2961 853 agnosco
2996 788 3244 854 Patrem;
3278 799 3331 843 et
3356 792 3591 846 animam

2014 885 2184 924 meam
2218 888 2359 942 pono
2386 890 2482 943 pro
2509 877 2702 930 ovibus
2734 879 2867 932 meis
2895 880 2966 934 7°.
3004 898 3021 930 ι
3061 880 3252 935 Notate
3282 882 3589 952 diligenter.

2011 956 2145 1013 Nam
2192 976 2257 1015 ex
2305 977 2371 1016 eo
2421 977 2583 1033 puteo
2636 966 3083 1036 adaquabantur,
3136 973 3587 1037 quemadmodum

2008 1053 2256 1109 Christus
2289 1056 2339 1109 in
2376 1055 2665 1127 Evangelio
2696 1060 2769 1110 ait
2802 1076 2815 1112 :
2848 1076 2867 1109 ι
2906 1058 2961 1113 Si
2992 1060 3111 1128 quis
3149 1061 3281 1123 sitit,
3312 1062 3487 1115 veniat
3521 1064 3588 1115 ad

2011 1161 2116 1205 tne.
2153 1156 2206 1201 et
2238 1148 2384 1202 bibat
2412 1149 2480 1202 ⁸ο.
2525 1168 2544 1201 ι
2584 1148 2725 1206 Oves
2759 1151 2867 1205 illic
2896 1151 3090 1217 bruta),
3142 1152 3230 1205 ltic
3272 1153 3587 1209 rationales.

2016 1255 2034 1289 ι
2078 1237 2142 1291 Ει
2191 1252 2251 1291 οε
2298 1238 2412 1307 ejus
2444 1242 2636 1309 grandi
2674 1242 2849 1312 lapide
2884 1243 3261 1298 claudebatur.
3300 1264 3317 1297 ι
3356 1245 3402 1298 Is
3450 1247 3588 1316 lapis

2009 1331 2342 1383 monumenti
2412 1329 2717 1387 Servatoris
2777 1333 2979 1388 Christi
3045 1350 3238 1389 saxum
3315 1337 3583 1407 designat.

2008 1416 2208 1474 Eodem
2236 1436 2422 1476 omnes
2454 1440 2639 1494 greges
2663 1427 2950 1494 cogebant,
2986 1428 3197 1483 scilicet
3222 1430 3499 1499 prophetae
3529 1439 3583 1486 et

2006 1513 2269 1580 apostoli;
2302 1514 2626 1583 avolutoque
2673 1532 2804 1572 saxo
2834 1534 2962 1572 oves
2998 1520 3362 1589 adaquabant,
3394 1522 3445 1575 id
3478 1533 3584 1585 est,

2004 1604 2337 1672 explicandis
2387 1608 2559 1660 sacris
2596 1607 2818 1662 Litteris
2863 1610 3116 1678 populum
3157 1612 3366 1666 crelesti
3406 1623 3589 1669 musto

2006 1696 2278 1765 rigabant.
2316 1688 2662 1767 Rursumque
2693 1714 2881 1752 saxum
2932 1700 2997 1753 ad
3035 1716 3097 1756 os
3144 1704 3289 1771 putei
3333 1704 3589 1759 advolve-

2006 1788 2153 1841 baut.
2180 1790 2382 1842 Saxum
2422 1795 2521 1844 hoc
2550 1791 2718 1858 putei,
2750 1794 2891 1861 quod
2923 1809 3110 1847 saxum
3141 1805 3220 1849 est
3255 1798 3583 1850 monumenti

333 1876 601 1942 antiquam
626 1878 817 1933 Adami
844 1881 1175 1937 nobilitatem
1210 1885 1509 1938 restituam.
1542 1903 1561 1936 ‹
1591 1884 1697 1939 Nec
1723 1885 1901 1939 dimit-
1935 1880 1974 1931 Β
2008 1880 2330 1934 inmortalis
2354 1882 2499 1943 vitae.
2531 1885 2838 1952 congregati
2868 1884 2971 1953 duo
3000 1886 3284 1955 pontiﬁces
3318 1889 3504 1941 Annas
3531 1898 3586 1940 et

334 1976 441 2020 tam
490 1970 592 2022 nisi
640 1972 983 2039 complevere
1013 1976 1287 2039 universa,
1317 1992 1436 2044 qua:
1471 1977 1577 2030 dixi
1614 1978 1680 2032 ⁷³.
1724 1998 1741 2030 ι
1787 1978 1901 2032 Non

332 2059 561 2121 deﬁciet.
588 2061 783 2131 inquit,
804 2073 948 2118 tuam
984 2067 1204 2135 stirpem
1229 2066 1475 2131 felicitas,
1497 2069 1623 2136 quin
1651 2082 1711 2122 ex
1745 2085 1827 2132 ea,
1854 2069 1904 2123 id

330 2165 377 2202 et
393 2160 433 2210 t,
448 2167 509 2206 ex
529 2153 766 2223 Virgine,
786 2158 1025 2227 corporis
1043 2158 1197 2227 quasi
1229 2160 1518 2213 miscellam
1539 2175 1901 2227 assumpsere.

400 2240 550 2305 Quod
590 2244 634 2297 si
685 2247 806 2314 quis
836 2247 887 2300 id
933 2248 1171 2315 pressius
1211 2249 1509 2318 intelligere
1556 2251 1691 2316 vult,
1737 2250 1903 2307 Jacob

331 2330 506 2400 Ipsum
544 2346 907 2402 percontetur.
942 2336 1105 2401 Cedo,
1140 2338 1294 2392 beate
1340 2337 1527 2403 Israel,
1564 2356 1811 2408 quamam
1841 2358 1899 2397 ea

330 2434 477 2486 Sunt,
515 2440 630 2492 quae
677 2429 937 2498 benignus
983 2430 1218 2486 Sabaoth
1254 2432 1511 2486 Dominus
1544 2431 1810 2487 facturum
1844 2451 1902 2489 se

328 2517 635 2581 promittit?
670 2535 688 2568 ι
726 2518 841 2572 Non
877 2520 1149 2574 auferetur
1196 2531 1469 2591 sceptrum
1519 2524 1586 2577 de
1634 2522 1802 2587 Juda,
1849 2534 1904 2579 et

327 2609 433 2661 dux
463 2609 526 2662 de
559 2609 760 2664 femore
784 2610 923 2679 ejus,
950 2614 1119 2667 donec
1147 2615 1327 2667 veniat
1356 2614 1446 2681 qui
1478 2616 1772 2668 mittendus
1796 2594 1899 2679 est:

328 2709 374 2751 et
411 2700 523 2768 ipse
544 2702 648 2755 erit
675 2704 1012 2772 exspectatio
1036 2706 1273 2773 gentium
1306 2706 1370 2759 ⁷⁸.
1412 2725 1429 2758 ι
1462 2706 1756 2761 Audivistis
1783 2721 1904 2775 pro-

329 2792 500 2858 pbetze
524 2808 707 2847 vocem
735 2795 936 2851 nostris
962 2798 1139 2852 verbis
1168 2806 1527 2855 consentanea
1558 2798 1900 2869 loquentem?

326 2879 454 2933 Illud
500 2882 642 2935 enim
691 2884 834 2952 quod
870 2886 1218 2940 constitutum
1254 2897 1362 2953 est,
1406 2899 1723 2956 conceptum
1775 2901 1900 2944 ante

327 2972 519 3026 smcula
570 2987 829 3029 arcanum
882 2976 1175 3045 significat.
1230 2996 1248 3029 ι
1306 2978 1548 3048 Cumque
1592 2980 1899 3050 evigilassct

325 3065 490 3121 Jacob
521 3068 588 3122 de
617 3082 830 3133 somno,
869 3086 887 3119 ι
920 3069 971 3123 id
999 3082 1100 3137 εει,
1135 3070 1413 3125 scientiam
1446 3088 1656 3127 omnem
1688 3088 1894 3139 eorum,

326 3174 444 3225 quae
493 3160 633 3215 Deus
681 3161 942 3225 dixisset,
994 3163 1259 3218 memoria
1311 3165 1667 3234 complexus:
1711 3185 1729 3218 ι
1766 3168 1890 3220 Ait:

2006 1968 2238 2038 Caipbas
2280 1987 2401 2025 cum
2440 1975 2705 2037 castodia,
2754 1975 2818 2027 ad
2848 1990 2907 2028 os
2960 1978 3294 2031 monumenti
3330 1979 3586 2032 advolve-

2007 2070 2148 2116 ruut.
2190 2063 2256 2116 Et
2289 2061 2454 2118 Jacob
2502 2065 2639 2119 duos
2683 2078 2925 2135 pastores
2973 2068 3259 2124 allocutus.
3304 2070 3413 2125 Illic
3449 2086 3580 2125 sane

2003 2153 2169 2208 Jacob
2225 2157 2357 2208 duos
2409 2166 2674 2224 pastores,
2734 2159 2821 2211 hic
2892 2158 3138 2213 Salvator
3189 2170 3370 2214 noster
3418 2170 3583 2229 atque

2004 2244 2165 2308 Deus,
2195 2246 2339 2299 velut
2365 2247 2499 2300 alter
2527 2245 2719 2314 Jacob,
2750 2250 2884 2304 duos
2917 2251 3218 2319 pontifices.
3252 2251 3355 2317 En,
3387 2253 3580 2321 inquit,

2006 2334 2108 2387 diei
2138 2334 2360 2388 multum
2390 2336 2563 2390 adlme
2586 2348 2703 2403 est;
2734 2338 2950 2407 longum
2980 2342 3275 2410 ptenitendi
3309 2344 3578 2410 spatium;

2006 2443 2104 2481 nec
2139 2437 2347 2497 tempus
2393 2438 2476 2482 est
2526 2430 2748 2499 cogendi
2800 2432 3026 2499 pecoris,
3078 2444 3290 2501 tempus
3333 2435 3461 2489 illud
3496 2450 3583 2490 se-

2003 2520 2165 2574 Cttntli
2211 2520 2313 2574 mei
2357 2522 2639 2586 adventus,
2668 2538 2775 2591 quo
2818 2538 2946 2577 oves
2980 2524 3048 2578 ab
3094 2525 3262 2579 hmdis
3311 2540 3581 2593 separent.

2002 2610 2286 2679 Adaquate
2318 2626 2465 2675 oves,
2512 2610 2604 2665 Dei
2646 2613 2890 2666 notitiam
2927 2630 3022 2682 per
3057 2626 3210 2669 actus
3254 2616 3583 2684 pmuitentiee

2004 2699 2211 2762 docete,
2244 2709 2296 2753 et
2329 2709 2537 2769 pastum
2573 2700 2677 2767 ite;
2716 2702 2815 2755 hoc
2846 2710 2949 2767 est,
2990 2703 3042 2755 in
3084 2712 3283 2756 aeterna
3333 2703 3581 2757 taberna.

2000 2790 2121 2843 cula
2156 2789 2459 2845 concedite.
2508 2790 2588 2843 Ad
2636 2807 2794 2860 quem
2846 2791 2942 2857 illi,
2978 2792 3093 2846 Non
3137 2808 3444 2863 possumus,
3492 2794 3575 2846 itt-

2000 2884 2210 2951 quiunt.
2239 2883 2378 2937 Idem
2405 2898 2720 2951 responsum
2753 2894 2805 2939 et
2854 2885 3137 2954 pontifices
3168 2886 3346 2939 ovium
3378 2884 3583 2952 pastori

1999 2978 2286 3032 dederunt.
2320 2974 2439 3030 Non
2469 2992 2778 3047 possumus,
2831 2978 2921 3046 qui
2968 2978 3134 3031 Deum
3187 2978 3581 3044 interfecimus,

1999 3071 2064 3124 ad
2102 3069 2305 3139 frugem
2335 3077 2389 3122 et
2419 3069 2798 3137 pcenitentiam
2831 3070 3045 3133 redire;
3084 3071 3184 3122 nisi
3233 3071 3435 3123 coactis
3466 3085 3581 3122 om-

2003 3162 2158 3216 nibus
2199 3160 2470 3231 gregibus,
2499 3161 2737 3229 gentium
2778 3160 3009 3226 scilicet,
3037 3170 3351 3213 amoveatur
3388 3174 3577 3213 saxum

326 3248 461 3305 Vere
508 3253 765 3308 Dominus
819 3264 900 3307 est
950 3254 1004 3308 in
1056 3255 1174 3309 loco
1227 3257 1365 3320 isto,
1418 3267 1473 3311 et
1532 3272 1632 3324 ego
1680 3260 1892 3313 nescie-
1922 3256 1964 3313 C
1999 3253 2066 3305 ab
2089 3266 2182 3304 ore
2209 3251 2373 3319 putei,
2402 3265 2568 3303 sacra:
2596 3248 2889 3320 Scripturm
2919 3259 3175 3317 tanquam
3209 3259 3577 3316 tegumentum

326 3344 442 3398 bam
474 3346 540 3399 ’⁵.
590 3365 607 3397 ι
647 3344 710 3399 Ει
758 3345 1164 3416 intelligentiam
1208 3348 1538 3405 subobscure
1587 3350 1794 3414 innuit,
1840 3358 1894 3404 et

324 3437 808 3505 comprehendendi
850 3438 1223 3508 impotentiam
1268 3440 1501 3507 fatetur;
1538 3458 1889 3512 pavensque:

330 3546 348 3578 ι
400 3527 568 3593 Quam
623 3529 880 3583 terribills
928 3538 1046 3591 est,
1102 3531 1308 3600 inquit,
1373 3531 1527 3586 locus
1589 3534 1691 3589 iste
1738 3536 1815 3590 "l
1868 3555 1887 3588 ›

324 3618 457 3673 Vere
490 3630 545 3674 tu
579 3621 822 3690 quidem,
844 3622 1155 3677 beatissime
1197 3623 1376 3678 Israel.
1411 3624 1579 3680 Valde
1610 3626 1751 3680 enim
1786 3636 1895 3682 ter-

325 3712 490 3765 ribilis
539 3722 621 3767 est
668 3711 761 3767 Dei
809 3714 876 3768 ad
924 3715 1179 3769 mortales
1224 3715 1540 3771 descensus.
1609 3735 1626 3768 t
1662 3717 1778 3771 Non
1812 3728 1895 3773 est

326 3802 408 3855 hic
437 3801 605 3865 aliud,
625 3820 643 3852 ι
670 3800 873 3856 scilicet
902 3817 931 3858 e
964 3802 1129 3868 scala,
1152 3803 1330 3870 id’est,
1357 3818 1421 3858 ex
1455 3802 1672 3875 Virgine
1699 3805 1891 3874 Maria,

324 3904 689 3964 corporatum,
726 3912 745 3947 ι
784 3895 885 3949 nisi
915 3896 1107 3949 domus
1130 3895 1244 3958 Dei,
1285 3915 1303 3948 ι
1337 3912 1454 3965 qum
1477 3908 1583 3963 est,
1618 3900 1895 3966 insepara-

325 3984 359 4038 b
384 3986 445 4040 l‘s
467 3985 611 4046 uuio,
643 4004 661 4036 ι
695 3995 747 4038 et
773 3986 885 4040 lucc
909 3995 1057 4056 porta
1084 3986 1202 4041 caeli
1228 3986 1298 4041 ⁷⁷.
1325 4006 1343 4039 ι
1372 3988 1515 4051 Ilzee,
1534 3989 1701 4051 scala,
1735 3987 1896 4057 Virgo

326 4077 482 4132 simul
530 4088 585 4132 et
637 4078 887 4146 Deipara,
929 4078 1050 4132 coeli
1106 4086 1262 4147 porta
1309 4087 1413 4133 est.
1463 4079 1597 4132 Nam
1633 4095 1728 4148 per
1775 4096 1895 4134 eam

327 4169 610 4224 descendet
633 4184 730 4223 ceu
756 4170 806 4222 in
830 4168 1000 4223 vellus
1024 4169 1223 4238 pluvia,
1251 4171 1560 4240 unigenitus
1586 4170 1676 4225 Dei
1702 4172 1893 4229 Filius.

329 4261 451 4315 ilzec
495 4261 584 4330 qui
620 4262 847 4326 viderat,
900 4270 1061 4330 atque
1114 4262 1392 4330 explorate
1438 4264 1674 4325 tenebat,
1726 4264 1897 4318 nostis

326 4353 769 4418 quemadmodum
801 4367 958 4406 mane
982 4368 1210 4422 surgens
1239 4351 1427 4420 Jacob,
1463 4364 1516 4408 et
1562 4354 1790 4424 lapidem
1819 4356 1892 4419 ei,

326 4458 479 4513 quem
506 4450 881 4512 conspexerat,
909 4444 1206 4508 inunxerit,
1238 4454 1290 4499 et
1316 4453 1499 4499 votum
1529 4447 1852 4515 nuncuparit
1878 4464 1893 4502 :

327 4534 369 4587 si
398 4535 498 4589 hoc
520 4551 673 4590 suum
702 4537 803 4590 iter
826 4536 1083 4590 Dominus
1108 4535 1266 4589 scalae
1296 4536 1513 4592 innixus
1543 4538 1893 4603 fortunasset,

1998 3355 2028 3394 a
2060 3341 2175 3411 lege
2200 3342 2478 3395 amolitum
2509 3340 2607 3405 sit;
2633 3350 2686 3394 et
2720 3342 2790 3394 ita
2821 3341 3152 3409 adaquemus
3178 3355 3388 3408 greges.
3413 3340 3570 3408 Nam,

1994 3444 2214 3489 auctore
2245 3433 2380 3487 Isaia
2412 3451 2423 3486 :
2464 3452 2482 3485 ι
2522 3434 2655 3488 Cum
2694 3434 2965 3501 plenitudo
3006 3432 3242 3502 gentium
3268 3434 3567 3498 intraverit,

1996 3534 2121 3579 tunc
2152 3525 2327 3579 omnis
2361 3525 2522 3581 Israel
2553 3525 2850 3580 salvabitur
2882 3525 2953 3579 εί.
2991 3543 3009 3576 ι

2064 3616 2252 3671 Adhuc
2282 3631 2345 3671 eo
2381 3630 2500 3670 cum
2532 3616 2638 3670 illis
2667 3616 3026 3685 colloquente,
3051 3615 3104 3670 id
3132 3623 3233 3682 est,
3267 3614 3577 3670 Iudaeorum

1999 3708 2337 3779 Synagogam
2391 3709 2732 3761 commodqu
2784 3709 3080 3777 castigante
3110 3724 3125 3763 :
3160 3725 3177 3758 ι
3214 3708 3279 3762 Et
3309 3722 3437 3762 ecce
3476 3708 3579 3761 lia-

1995 3800 2112 3854 cltel
2148 3800 2400 3853 veniebat
2447 3816 2570 3854 cum
2616 3800 2807 3855 ovibus
2853 3801 3023 3868 patris
3069 3800 3149 3854 sui
3184 3800 3262 3865 ⁸²;
3307 3820 3325 3853 ι
3371 3800 3579 3855 scilicet

1996 3893 2235 3961 gentium
2267 3893 2531 3947 Ecclesia.
2564 3891 2664 3948 llic
2709 3894 3053 3962 conspicatus
3086 3892 3275 3960 Jacob,
3307 3895 3577 3962 Christus,

1996 3985 2236 4051 gentium
2300 3986 2627 4051 Ecclesiam,
2692 3986 2874 4040 Laban
2930 4002 3041 4041 sure
3100 3988 3285 4042 matris
3335 3990 3576 4056 germani

1996 4075 2185 4141 ﬁliam,
2232 4077 2285 4130 id
2319 4088 2420 4141 est,
2452 4092 2518 4131 ex
2548 4078 2844 4148 SynagOgte
2876 4092 3133 4147 germano
3160 4081 3404 4132 aseitam.
3439 4076 3574 4133 Nam

1999 4167 2051 4220 in
2102 4184 2294 4221 novam
2328 4166 2621 4222 Ecelesiam
2672 4178 2994 4236 cooptantur
3037 4170 3235 4238 partim
3282 4185 3344 4223 ex
3380 4184 3579 4238 genere

1998 4258 2167 4321 Esau,
2194 4258 2283 4312 alii
2313 4275 2379 4314 ex
2410 4259 2624 4323 Ismael,
2653 4260 2845 4329 partim
2879 4261 2986 4313 nati
3016 4276 3081 4314 ex
3109 4259 3343 4325 Nachor,
3373 4260 3570 4329 partim

1996 4365 2062 4404 ex
2114 4350 2233 4416 Lot,
2283 4351 2519 4420 itemque
2569 4367 2632 4406 ex
2686 4351 2809 4405 ﬁliis
2844 4352 3089 4417 Ceturte;
3134 4353 3224 4420 qui
3278 4354 3579 4422 Synagogze

1998 4447 2241 4511 germani
2270 4452 2417 4505 sunt,
2453 4444 2651 4513 quippe
2694 4458 2882 4498 omnes
2916 4444 3188 4498 Abraham
3225 4446 3394 4513 stirpe
3422 4446 3574 4500 editi.

2000 4534 2067 4588 Et
2113 4549 2365 4603 egressus
2397 4532 2586 4598 Jacob,
2636 4534 2687 4588 id
2734 4540 2836 4598 est,
2883 4532 3140 4587 Dominus
3192 4544 3377 4589 noster
3420 4533 3577 4590 Jesus

323 4642 442 4682 eum
484 4628 586 4683 sibi
619 4630 783 4682 Ileum
828 4626 979 4693 fore;
1011 4636 1065 4680 et
1101 4628 1201 4682 hoc
1237 4640 1450 4694 saxum,
1486 4629 1627 4697 quod
1663 4630 1890 4698 figurant
1926 4615 1967 4669 Ῐ)
1996 4626 2243 4681 Christus
2274 4641 2339 4680 ex
2371 4627 2598 4681 mortuis
2640 4626 2927 4690 excitatus,
2961 4627 3176 4681 avoluto
3209 4642 3344 4681 saxo
3374 4628 3441 4681 ab
3481 4644 3575 4680 ore

324 4720 624 4774 centineret
672 4719 934 4787 impolluti
995 4719 1113 4786 ejus
1163 4721 1427 4789 corporis,
1494 4721 1584 4774 Dei
1650 4722 1888 4776 domum.

323 4810 457 4877 Quin
504 4823 558 4868 et
606 4813 845 4868 decimas
892 4813 942 4867 ei
986 4815 1237 4867 daturum
1270 4832 1282 4867 :
1313 4830 1416 4883 qua
1464 4829 1521 4867 re
1552 4814 1895 4885 Synagogam

324 4903 640 4968 instruebat,
690 4918 809 4973 quae
860 4904 1098 4958 omnium
1155 4906 1297 4960 domi
1356 4915 1603 4959 natorum
1655 4907 1893 4962 decimas

322 4995 613 5063 penderet;
646 5004 699 5048 et
727 4995 1059 5064 spiritualem
1092 5010 1155 5048 ac
1183 5011 1380 5050 novum
1409 4997 1658 5066 populum
1687 4998 1893 5067 signifi-

321 5080 494 5145 cabat,
531 5080 626 5149 qui
681 5082 841 5136 totius
891 5083 1068 5136 {etatis
1111 5098 1224 5137 sua:
1270 5094 1432 5152 atque
1480 5087 1602 5139 vitae
1655 5087 1892 5141 decimas

320 5181 680 5225 consecraret.
713 5170 897 5241 Itaque
928 5188 956 5224 a
989 5172 1093 5226 Deo
1125 5174 1330 5228 itineris
1358 5188 1601 5244 compos,
1636 5186 1795 5244 atque
1824 5176 1889 5229 ad

321 5259 498 5315 Laban
550 5261 837 5317 incolumis
887 5265 1202 5332 perductus.
1254 5284 1272 5316 ι
1328 5266 1473 5320 Vidit
1523 5265 1667 5337 (nam
1726 5266 1890 5321 Mosis

318 5352 512 5409 iterum
545 5355 708 5410 verba
737 5356 1049 5424 tractemus)
1083 5368 1294 5424 puteum
1330 5357 1378 5409 in
1408 5372 1555 5425 agro,
1585 5376 1602 5409 ι
1627 5358 1676 5411 id
1709 5367 1810 5419 e5t,
1838 5358 1887 5410 t'n

318 5458 542 5512 corpore
570 5447 772 5501 l'ontem
806 5446 1125 5501 immortalis
1152 5447 1291 5501 vitm.
1319 5467 1336 5498 ι
1380 5447 1516 5499 Duos
1546 5463 1889 5519 quoquegre-

319 5552 410 5605 ges
438 5540 615 5591 ovium
654 5539 979 5592 aet-ubantes
1004 5538 1156 5607 juxta
1186 5554 1306 5593 eum
1334 5540 1400 5603 ⁷⁸,
1444 5556 1462 5589 ι
1498 5536 1801 5594 Iudaeorum
1832 5550 1887 5594 et

1058 5674 1103 5705 ⁷³
1139 5674 1267 5727 ibid.

857 5744 901 5775 ⁷³
927 5742 1081 5801 Joau.
1112 5761 1165 5813 ι,
1198 5745 1285 5812 IL,
1319 5746 1401 5800 l5.

388 5670 429 5701 ⁷¹
457 5671 590 5725 Gen.
626 5688 858 5733 xxxvttt,
900 5672 981 5726 14.

316 5741 358 5768 ’³
384 5740 515 5794 Cen.
551 5758 698 5797 xxix.
726 5743 780 5794 2.

316 5810 361 5841 ⁸³
385 5809 541 5865 Joan.
586 5827 660 5879 tv,
700 5812 782 5866 Il.

1344 5676 1389 5707 ⁷³
1424 5674 1549 5730 ibid.
1583 5677 1666 5729 15.
1729 5677 1772 5708 ⁷⁸
1808 5676 1940 5732 Gen.
1973 5694 2117 5743 xm,
2160 5680 2240 5734 I0.

1478 5746 1523 5778 ⁸ο
1552 5744 1710 5802 Joan.
1750 5763 1842 5813 \‘ll,
1875 5747 1963 5801 57.

1996 4717 2162 4785 putei,
2198 4718 2246 4769 id
2282 4725 2386 4784 est,
2419 4731 2449 4770 a
2494 4716 2697 4770 foribus
2743 4718 3102 4781 monumenti,
3135 4732 3199 4772 ac
3226 4719 3368 4786 quod
3403 4727 3485 4773 est
3520 4720 3572 4772 in

1993 4807 2111 4875 lege
2150 4807 2365 4876 pingue,
2402 4816 2458 4862 et
2509 4808 2817 4861 intricatum
2871 4810 3146 4873 amolitus,
3197 4824 3308 4863 suae
3358 4813 3572 4871 matris,

1996 4899 2312 4969 Synagogze,
2338 4910 2393 4953 ut
2424 4898 2535 4967 jam
2562 4901 2822 4964 diximus,
2847 4902 3089 4970 germani
3110 4916 3239 4955 oves
3262 4903 3572 4970 adaquavit,

1994 4991 2424 5045 immortalitatis
2454 4991 2684 5061 vittaque
2716 4990 2950 5059 ﬂuento;
2976 5003 3032 5045 ut
3060 4994 3111 5046 in
3139 4993 3433 5063 Evangelio
3458 4994 3570 5049 ait:

2008 5100 2026 5133 ι
2066 5083 2165 5149 Qui
2198 5084 2392 5137 biberit
2419 5100 2483 5138 ex
2513 5098 2674 5151 aqua.
2704 5098 2868 5152 quam
2890 5098 2991 5152 ego
3018 5084 3158 5137 dabo
3188 5084 3257 5149 ei,
3291 5099 3394 5136 non
3428 5084 3579 5138 sitiet

2001 5172 2053 5227 in
2100 5183 2361 5227 :eternunt
2396 5191 2409 5227 :
2447 5173 2543 5229 sed
2576 5189 2739 5243 aqua,
2772 5190 2929 5243 quam
2963 5189 3063 5244 ego
3105 5174 3244 5227 dabo
3274 5173 3345 5238 ei,
3383 5173 3470 5226 ﬁet
3522 5174 3574 5227 in

1999 5278 2066 5317 eo
2100 5262 2217 5319 fons
2250 5280 2403 5334 aqua:
2432 5265 2678 5334 salientis
2710 5265 2761 5319 in
2788 5266 2950 5318 vitam
2974 5274 3229 5318 arternam
3259 5263 3324 5314 ⁸³.
3360 5281 3377 5313 ι
3400 5262 3577 5332 Atque

1998 5356 2113 5410 inec
2146 5356 2365 5426 quidem
2406 5372 2560 5411 meus
2591 5372 2742 5410 amor
2782 5355 2957 5410 Jesus.
2998 5353 3163 5408 Jacob
3210 5370 3337 5407 vero
3374 5352 3580 5407 [lache-

1998 5448 2102 5501 lem
2150 5448 2495 5503 deosculatus
2542 5458 2658 5511 cst;
2711 5447 2891 5501 itidem
2933 5454 2987 5499 et
3038 5461 3229 5499 novam
3278 5445 3574 5499 Ecclesiam

1996 5539 2087 5594 Dei
2122 5540 2445 5610 Uuigenitus
2477 5539 2787 5607 complexus
2832 5545 2934 5590 est.

2962 5674 3008 5705 ’⁷⁸
3037 5673 3141 5726 ibid
3196 5672 3280 5726 l7.
3357 5673 3402 5703 ⁷⁷
3437 5670 3568 5727 ibid.

3080 5744 3131 5776 ⁸³
3178 5744 3314 5799 Gen.
3378 5759 3453 5809 rx,
3514 5744 3573 5798 9.

2319 5680 2365 5711 ⁷⁸
2395 5678 2528 5733 Gen.
2563 5693 2756 5740 ικγιιι,
2799 5674 2884 5729 16.

2062 5751 2103 5782 ⁸⁸
2138 5750 2236 5806 lsa.
2269 5766 2380 5813 th,
2419 5750 2524 5814 20;
2580 5746 2736 5802 Rom.
2786 5762 2861 5811 xt,
2912 5744 3005 5798 25.
