4044 6406
465 359 571 423 837

1031 474 1264 533 CAPUT
1307 476 1474 535 XXII.

679 586 809 641 Dure
852 586 1042 641 Jacobi
1090 605 1305 650 uxores.
1339 588 1469 655 quid
1513 591 1834 661 signiﬁcent.

540 701 648 757 Sed
698 720 767 758 ne
814 704 1159 760 recensendis
1207 705 1438 775 singulis
1483 706 1724 775 prolixus
1754 709 1961 774 videar,
1997 719 2053 765 et

464 813 581 853 rem
611 799 677 853 ad
706 797 908 851 exitum
950 799 1243 865 perducam
1273 818 1286 854 :
1316 797 1484 853 Jacoh
1526 801 1609 855 bis
1648 812 1853 870 septem
1887 820 2051 859 auuo-

465 905 585 942 rztm
634 890 862 945 servitio
911 892 1046 945 duas
1079 890 1339 959 coniuges
1375 893 1549 955 duxit,
1598 895 1835 964 priorem
1873 895 2047 962 Liam,

463 981 690 1035 alteram
725 980 1054 1049 Rachelem;
1104 1001 1331 1053 quarum
1384 985 1471 1040 illa
1522 986 1885 1058 Synagogam.
1934 988 2049 1044 hzec

461 1072 664 1127 Christi
712 1073 1008 1129 Ecclesiam
1039 1079 1480 1145 repra-sentahat.
1515 1078 1805 1136 Sciendum
1836 1095 1922 1139 est
1948 1099 2050 1137 au—

463 1173 594 1227 tem,
625 1165 863 1232 priorem
916 1169 1096 1222 studio
1141 1178 1195 1224 et
1243 1184 1427 1226 amore
1462 1173 1778 1239 posterioris
1815 1190 1843 1228 a
1877 1174 2051 1233 Jacob

463 1269 742 1325 acceptam
781 1259 968 1316 fuisse.
1001 1260 1134 1316 Nam
1161 1262 1360 1318 Rachel
1394 1281 1515 1320 cum
1550 1266 1787 1324 formosa
1821 1283 1986 1335 esset,
2017 1288 2045 1326 a

460 1347 630 1405 Jacob
681 1354 986 1419 amabatur,
1042 1363 1100 1409 ut
1149 1371 1177 1410 ει
1221 1357 1443 1411 Christo
1489 1361 1727 1426 gentium
1779 1362 2042 1419 Ecclesia.

461 1441 627 1510 quue
657 1458 844 1500 verum
888 1463 1032 1510 esse,
1064 1449 1193 1517 ipsa:
1224 1465 1396 1506 sacrae
1425 1451 1644 1508 Litterre
1675 1455 2044 1511 testimonium

461 1536 697 1593 dicunt:
730 1557 750 1590 ι
787 1537 884 1593 Lia
916 1555 1046 1595 vero
1094 1540 1256 1610 lippis
1300 1550 1421 1598 erat
1462 1544 1658 1607 oculis,
1716 1564 1735 1597 ι
1785 1559 1939 1616 aeque
1982 1561 2048 1602 ac

463 1628 746 1701 Synagoga
778 1632 1044 1702 impotens
1074 1634 1140 1687 ad
1188 1638 1542 1703 spectandum
1576 1638 1820 1693 divinum
1867 1640 2050 1708 splen-

461 1725 650 1777 dorem
685 1740 700 1777 :
731 1741 752 1776 ι
804 1722 1006 1780 Rachel
1056 1726 1252 1781 decora
1306 1727 1466 1793 facie,
1516 1740 1571 1785 et
1617 1742 1841 1786 venusto
1888 1747 2047 1803 aspe-

459 1825 550 1869 ctu
600 1814 669 1869 “.
728 1833 746 1866 ι
787 1814 855 1871 Ut
901 1816 1144 1884 gentium
1195 1817 1473 1884 Ecclesia,
1525 1819 1617 1876 Dei
1668 1822 1944 1893 agnitione
1990 1833 2045 1879 et
2082 1844 2131 1901 Β

458 1906 663 1959 virtute
714 1906 1063 1974 locupletata.
1116 1907 1183 1962 Et
1234 1926 1450 1965 rursum
1494 1929 1510 1966 :
1557 1929 1575 1964 ι
1626 1913 1865 1968 Servivit
1912 1929 2044 1983 ergo

458 1994 628 2050 Jacob
660 2011 757 2065 pro
800 1995 1002 2054 Rachel
1052 2009 1258 2069 septem
1305 2002 1484 2065 anuis,
1515 2014 1568 2058 et
1593 2003 1919 2060 videbantur
1966 2006 2044 2062 illi

461 2086 617 2154 pauci
663 2087 784 2142 dies
828 2104 939 2158 pra:
973 2093 1175 2146 amoris
1216 2092 1587 2162 magnitudine
1616 2093 1684 2150 ⁸⁸.
1726 2113 1744 2146 ι
1786 2094 1852 2150 Ει
1885 2096 2046 2166 paulo

456 2189 582 2249 post
614 2196 629 2234 :
667 2198 686 2232 ι
729 2182 981 2235 Amorem
1017 2183 1300 2251 sequentis
1328 2184 1492 2253 priori
1529 2186 1767 2252 praetulit
1795 2187 1862 2243 “.
1902 2207 1920 2242 ι
1967 2186 2046 2245 lla

456 2283 508 2326 et
538 2270 791 2327 Christus
822 2275 1065 2343 gentium
1113 2273 1417 2331 Ecclesiam
1458 2276 1576 2346 plus
1613 2293 1775 2347 quam
1810 2277 2048 2351 Syuago-

459 2376 582 2431 gam
610 2363 832 2418 amavit.
867 2362 998 2417 Nam
1028 2374 1085 2418 et
1118 2366 1256 2421 hanc
1278 2367 1380 2421 sibi
1408 2365 1792 2437 desponderat,
1822 2372 1917 2426 sed
1951 2386 2047 2439 per

456 2463 799 2521 sequestrum
834 2455 1044 2519 Mosen,
1084 2458 1539 2526 quemadmodum
1586 2467 1639 2511 et
1686 2456 1853 2515 Jacoh
1895 2461 2043 2516 Liam

458 2555 649 2597 amore
675 2541 959 2608 Rachelis;
990 2559 1112 2598 cum
1140 2546 1383 2616 gentium
1419 2547 1659 2603 Ecclesia
1688 2550 1959 2615 Christus,
1987 2561 2048 2608 ut

456 2631 627 2689 Jacoh
661 2650 782 2688 cum
827 2633 1091 2717 Rachele,
1126 2652 1186 2693 os
1207 2636 1388 2705 jnuxit
1422 2657 1436 2695 :
1470 2643 1923 2712 quemadmodum
1953 2660 2048 2715 per

460 2736 640 2782 vatem
678 2726 819 2782 Deus
853 2730 906 2783 in
937 2731 1077 2786 hanc
1116 2734 1457 2787 sententiam
1489 2735 1746 2806 aperuit:
1781 2757 1801 2790 ι
1838 2738 1901 2793 Et
1938 2754 2046 2795 non

458 2819 681 2874 docebit
716 2820 857 2894 ultra
888 2822 972 2876 vir
1005 2823 1313 2891 proximum
1364 2838 1546 2902 suum,
1582 2837 1637 2882 et
1685 2828 1770 2883 vir
1818 2829 2045 2887 fratrem

460 2921 618 2961 suum
666 2908 851 2965 dicens
893 2927 907 2965 :
960 2910 1240 2983 Cognosce
1289 2915 1604 2981 Dominum;
1658 2934 1849 2977 omnes
1899 2924 2045 2980 enim

458 3012 792 3067 cognoscent
840 3018 924 3058 me
970 3019 999 3057 a
1052 3005 1273 3060 minimo
1309 3023 1498 3064 eorum
1544 3027 1716 3082 usque
1761 3017 1827 3069 ad
1869 3016 2046 3072 maxi-

458 3108 606 3148 mum
636 3094 705 3148 ⁸⁷.
742 3113 760 3145 ι
794 3094 971 3164 Atque
1013 3096 1127 3152 haec
1164 3099 1216 3153 in
1257 3103 1546 3170 przesemia
1582 3106 1647 3160 de
1686 3104 1855 3162 Jaeoh
1894 3109 2042 3165 solii-

455 3184 604 3239 eiant
631 3202 646 3240 :
681 3201 803 3240 nam
832 3188 899 3242 de
924 3204 990 3244 eo
1022 3200 1074 3244 et
1106 3190 1156 3244 in
1193 3190 1459 3248 descensu
1486 3195 1537 3248 in
1564 3194 1883 3267 :Egypmm,
1912 3211 1962 3255 et
1990 3202 2042 3258 iu
2073 3192 2116 3251 C

454 3278 740 3333 Pharaone
769 3280 1048 3338 adorando
1078 3286 1406 3339 intentionem
1437 3285 1721 3345 faciemus.

528 3370 697 3440 Igitur
726 3372 779 3425 in
818 3373 1008 3454 primis
1043 3373 1440 3431 observandum
1487 3387 1591 3444 est,
1642 3379 1918 3448 lsraelem,
1967 3384 2048 3454 gi-

457 3458 685 3526 gnendis
729 3452 1011 3515 duodecim
1051 3461 1403 3531 Patriarchis,
1451 3468 1752 3528 instituisse
1802 3452 2049 3545 Syuagp-

451 3565 573 3615 gam
609 3564 672 3604 ex
706 3549 816 3606 Lias
850 3553 992 3607 natis
1023 3572 1037 3607 :
1071 3569 1169 3625 per
1201 3559 1538 3615 concubinas
1574 3575 1725 3625 vero,
1755 3543 2045 3622 extraneas

455 3641 714 3695 mulieres
763 3643 1130 3710 significasse,
1181 3661 1320 3715 quas
1367 3651 1553 3719 generi
1617 3668 1717 3708 suo
1762 3656 2045 3713 accenseri

454 3745 648 3799 passus
676 3732 779 3798 sit;
814 3748 910 3797 per
942 3733 1178 3791 Rachele
1207 3748 1377 3805 satos,
1412 3740 1615 3798 Christi
1663 3756 1715 3799 et
1750 3749 2046 3816 proditoris

366 3890 373 3896 _
448 3818 602 3875 Iudae
633 3822 880 3892 exempla
915 3833 1171 3894 notasse;
1199 3828 1250 3880 in
1273 3825 1513 3899 Josepho
1542 3830 1769 3902 Christi,
1803 3837 1858 3893 in
1900 3838 2043 3895 Ben-

444 3909 617 3985 jamiu
648 3914 801 3971 Judze
831 3917 1148 3987 proditoris.

1007 4029 1244 4089 CAPUT
1283 4033 1477 4091 XXIII.

664 4146 741 4203 De
772 4146 1003 4218 Jorepho
1047 4148 1308 4220 allegoria
1355 4150 1563 4209 Christo
1606 4156 1827 4212 tributa.
1884 4204 1901 4209 -

519 4236 703 4306 Quare
729 4242 834 4296 hoc
855 4243 1070 4311 quidem
1093 4243 1233 4308 loco,
1260 4244 1484 4299 ouiissis
1505 4246 1716 4312 decem,
1751 4250 1817 4305 de
1837 4250 2038 4323 Joseph

445 4341 502 4386 et
535 4330 816 4398 Beniamin
862 4334 1028 4387 verba
1073 4333 1360 4391 faciamus.
1400 4334 1508 4392 Sed
1548 4355 1725 4410 neque
1758 4341 1861 4398 hoc
1902 4360 2041 4412 prae-

449 4423 858 4476 termittendum
906 4433 991 4479 est
1034 4424 1217 4488 nobis,
1252 4442 1350 4479 cur
1396 4442 1428 4481 a
1477 4442 1703 4497 parente
1749 4435 2036 4504 aufugiens

1663 357 2096 421 ANDRONICI
2131 358 2477 422 COMNENI

2081 477 2128 535 A
2231 474 2500 532 Cancrum
2523 480 2724 551 Joscph
2748 483 2888 551 apud
2915 483 3112 536 fratres
3130 482 3335 537 invidia
3364 481 3650 538 laborabat
3669 481 3737 545 3’,

3631 367 3736 431 89.8

2156 576 2214 621 ut
2254 577 2308 624 et
2339 571 2480 638 apud
2509 569 2723 626 Jmlmos
2772 582 2891 642 post
2923 570 3174 628 Christus
3207 589 3223 629 :
3255 573 3334 627 sic
3364 574 3508 628 enim
3549 575 3739 630 scribit

2154 656 2209 714 in
2262 660 2551 732 Evangelio
2598 661 2829 717 dilectus
2881 662 2968 716 ille
3015 661 3251 718 Joannes
3296 680 3311 719 :
3351 682 3369 717 ι
3421 662 3480 717 lu
3523 667 3737 734 propria

2153 753 2323 818 venit,
2354 762 2409 809 et
2441 754 2524 808 sui
2566 770 2690 810 eum
2739 770 2844 809 non
2882 766 3206 826 receperunt
3239 757 3309 812 '°.
3350 776 3370 809 ι
3411 757 3487 812 Illi
3524 768 3741 828 propter

2153 843 2355 900 factam
2385 846 2433 900 ei
2465 863 2493 899 a
2524 856 2680 917 patre
2709 847 3093 902 versicolorem
3128 849 3387 915 tunicam,
3419 859 3475 904 et
3505 852 3735 913 summa,

2150 930 2392 992 oderant'
2410 937 2632 994 fratrem
2656 955 2672 1006 ;
2697 937 2865 994 Judaei
2894 939 3171 995 Christum
3205 950 3422 1011 prepter
3445 941 3730 1009 quiamdam

2151 1030 2442 1085 mentalem
2476 1031 2629 1102 quasi
2677 1046 2994 1102 purpuram,
3025 1048 3149 1103 quae
3195 1034 3244 1089 ei
3277 1033 3515 1089 ccelestis
3556 1032 3736 1088 Patris

2152 1121 2482 1192 benignitate
2508 1124 2617 1191 jam
2648 1139 2716 1178 ex
2763 1124 3015 1194 virgineo
3054 1136 3268 1193 ventre,
3312 1125 3547 1180 tinctura
3593 1125 3739 1180 velut

2150 1209 2406 1266 discolori
2453 1222 2710 1268 contexta
2758 1211 2955 1277 fuerat,
2984 1228 3048 1269 ac
3078 1216 3293 1269 demum
3326 1225 3550 1286 propter
3578 1215 3734 1269 lucu-

2149 1302 2295 1358 lenta
2346 1304 2510 1358 etiam
2564 1305 2847 1370 miracula,
2903 1306 3389 1375 persequebantur.
3450 1306 3527 1361 Illi
3580 1306 3735 1360 fratri

2150 1393 2453 1450 invidentes
2499 1412 2793 1465 quaerere:
2840 1416 2860 1450 ι
2913 1398 3162 1469 Nunquid
3218 1414 3313 1454 rex
3364 1412 3546 1455 noster
3592 1401 3737 1456 eris?

2149 1495 2247 1543 aut
2293 1486 2645 1554 subjiciemur
2682 1489 2873 1544 ditioni
2932 1499 3039 1547 tute
3098 1492 3182 1546 "‘1
3212 1511 3237 1545 θ
3299 1491 3468 1548 ,1ηαωί
3505 1508 3636 1548 vero
3680 1494 3736 1548 in

2150 1582 2358 1651 porticu
2411 1582 2720 1640 Salomonis
2775 1588 3255 1644 circumdederunt
3306 1587 3737 1654 Emmanuelem,

2149 1683 2203 1729 et
2234 1673 2486 1728 dicebant
2528 1675 2577 1729 ei
2607 1692 2621 1731 :
2663 1694 2683 1727 ι
2715 1675 3008 1746 Quousque
3029 1679 3268 1733 animam
3291 1678 3743 1733 nostram-tollis?

2155 1764 2210 1821 Si
2241 1773 2295 1819 tu
2321 1780 2382 1822 es
2408 1764 2683 1833 Christus,
2712 1768 2801 1825 dic
2837 1770 2993 1826 nobis
3020 1770 3196 1840 palam
3230 1772 3299 1826 ⁹².
3337 1791 3356 1824 ι
3395 1770 3476 1826 Illi
3509 1772 3741 1828 missum

2150 1857 2216 1913 ad
2252 1872 2313 1915 se
2360 1860 2429 1913 ab
2464 1867 2689 1925 parente
2736 1858 2960 1917 fratrem
2996 1848 3331 1932 conspicati,
3376 1863 3519 1918 inter
3556 1879 3616 1919 se
3652 1863 3743 1931 ja-

2150 1960 2300 2006 ctare
2331 1967 2349 2006 :
2384 1969 2404 2003 ‹
2441 1949 2582 2006 Ecce
2627 1950 2934 2009 smnniator
2964 1956 3140 2021 venit;
3185 1956 3369 2011 venite
3417 1956 3739 2011 occidamus

2147 2057 2296 2107 etin),
2322 2053 2378 2098 et
2417 2043 2696 2099 mittamus
2727 2045 2778 2100 in
2804 2046 3096 2102 cisternam
3123 2057 3360 2102 veterem
3388 2047 3457 2101 ”.
3495 2065 3514 2099 ι
3565 2046 3742 2104 Judal

2147 2135 2397 2205 opiﬁcem
2427 2153 2581 2193 suum
2612 2134 2683 2191 ab
2719 2136 3096 2209 iuaspectabili
3142 2139 3304 2195 Patre
3348 2140 3571 2195 missum
3617 2155 3746 2195 cer-

2151 2236 2364 2291 nentes,
2408 2229 2632 2287 dicere:
2666 2249 2687 2285 ι
2728 2231 2824 2286 liie
2855 2241 2937 2287 est
2966 2232 3163 2296 haeres,
3202 2233 3381 2289 venite
3421 2231 3742 2287 occidamus

2148 2333 2295 2386 eum,
2331 2330 2385 2376 et
2418 2320 2737 2377 habebimus
2765 2311 3135 2379 hereditatem
3163 2323 3283 2393 ejus
3312 2324 3380 2380 “.
3420 2343 3439 2376 ι
3480 2324 3558 2379 llli
3593 2324 3744 2393 apud

2149 2420 2358 2479 patrem
2390 2410 2781 2477 defensionem.
2813 2414 2866 2470 bi
2897 2416 3039 2484 apud
3071 2415 3301 2470 Pilatum
3332 2416 3581 2470 meditari
3615 2435 3629 2470 :
3662 2415 3746 2470 illi

2149 2502 2219 2557 ab
2249 2502 2470 2559 immani
2502 2502 2617 2560 fera
2641 2505 2958 2561 devoratum
2987 2506 3348 2573 conﬁrmare;
3383 2507 3436 2562 hi
3467 2524 3482 2561 :
3518 2525 3538 2559 ι
3583 2506 3748 2564 llunc

2133 2590 2457 2650 ‘lnvenimus
2487 2596 2892 2652 subvertentetn
2923 2607 3138 2667 gentem
3169 2607 3436 2664 nostram,
3470 2607 3524 2654 et
3553 2597 3749 2668 prohi—

2148 2680 2365 2737 bentem
2411 2682 2611 2751 tributa
2647 2683 2779 2739 dare
2807 2684 3035 2752 Caesari,
3086 2696 3142 2743 et
3192 2688 3455 2744 dicentem
3491 2703 3550 2745 se
3574 2688 3747 2744 Chri-

2147 2782 2292 2828 stum
2342 2789 2523 2843 regem
2568 2787 2688 2831 esse
2714 2776 2785 2830 ".
2829 2794 2849 2828 ι
2888 2776 3000 2833 lllic
3029 2775 3219 2832 Ruben
3254 2778 3460 2833 hortari
3494 2799 3508 2835 :
3546 2799 3566 2834 ι
3616 2779 3742 2838 Νοιι

2150 2865 2488 2922 iuterﬁciatis
2508 2869 2744 2925 animam
2768 2871 2911 2941 ejus,
2941 2886 3040 2928 nec
3061 2872 3350 2931 eﬂ'undatis
3377 2874 3699 2942 sanguinem
3722 2917 3739 2940 ,

2146 2958 2240 3014 sed
2274 2959 2517 3026 projicite
2538 2974 2662 3015 eum
2696 2961 2748 3015 iu
2782 2961 3072 3018 cisternam
3108 2962 3251 3019 hanc
3279 2964 3357 3031 ⁹⁶;
3398 2983 3418 3018 ι
3446 2965 3654 3021 scilicet
3678 2978 3746 3021 ut

2149 3066 2272 3106 eum
2309 3052 2555 3106 manibus
2587 3068 2776 3107 eorum
2807 3054 3065 3125 eriperet.
3101 3055 3199 3112 Hic
3235 3055 3460 3124 Pilatus,
3489 3067 3545 3112 ut
3572 3057 3746 3114 Chri-

2152 3155 2293 3199 smm
2322 3160 2352 3200 e
2374 3142 2684 3200 Iudaeorum
2714 3147 2961 3203 manibus
2987 3148 3244 3217 eriperet,
3277 3164 3478 3220 negare
3504 3166 3520 3204 :
3551 3168 3570 3202 ι
3609 3148 3744 3204 Nul-

2155 3235 2257 3288 lam
2288 3250 2516 3291 causam
2559 3238 2752 3293 mortis
2800 3238 3022 3294 invenio
3055 3240 3110 3295 in
3142 3255 3209 3296 eo
3238 3255 3254 3295 :
3284 3242 3573 3314 corripiam
3607 3257 3747 3313 ergo

2149 3326 2299 3382 illum
2332 3338 2389 3384 et
2434 3330 2702 3385 dimittam
2733 3331 2803 3386 ".
2843 3350 2863 3386 ι
2902 3332 3014 3387 lllic
3051 3333 3257 3389 Rubeui
3288 3334 3491 3391 fratres
3522 3335 3744 3390 obtem-

2147 3436 2369 3489 perare;
2409 3423 2499 3479 hic
2540 3423 2737 3490 Judaei,
2770 3433 2829 3479 ut
2862 3427 3107 3481 omnium
3155 3427 3545 3495 cruentissimi,
3576 3427 3743 3484 Pilati

2146 3515 2310 3568 verba
2345 3514 2602 3570 refutare.
2632 3515 2740 3572 Sed
2784 3517 2894 3573 illic
2927 3518 3114 3575 Ruben
3155 3531 3376 3589 propter
3400 3520 3740 3587 orationem,

2146 3601 2402 3660 fraternae
2452 3607 2776 3676 proditionis
2821 3608 2964 3664 haud
2998 3623 3132 3665 sane
3175 3609 3368 3665 insons
3404 3620 3520 3677 est;
3556 3626 3745 3679 neque

2148 3694 2235 3750 hic
2266 3695 2471 3753 Pilatus
2503 3713 2535 3754 a
2567 3698 2857 3755 Dominicae
2882 3701 3046 3757 caedis
3074 3702 3305 3761 crimine
3338 3703 3496 3760 liber.

2224 3786 2419 3844 Verum
2450 3804 2518 3845 ne
2549 3791 2761 3847 dicendi
2808 3792 3074 3849 brevitate
3121 3796 3299 3851 minus
3328 3798 3613 3866 perspicue
3640 3795 3740 3852 Jo-

2145 3881 2300 3951 sephi
2349 3893 2728 3951 argumentum
2767 3900 3092 3955 proponam,
3135 3888 3369 3958 ipsumet
3416 3891 3742 3961 prophetica

2148 3971 2313 4025 verba
2351 3973 2402 4026 in
2441 3973 2679 4030 medium
2731 3977 2994 4046 producta
3045 3979 3286 4037 inaudita
3318 3999 3332 4036 :
3378 3999 3397 4033 ι
3432 3980 3742 4038 Confestim

2144 4062 2330 4132 igitur,
2359 4073 2416 4120 ut
2446 4067 2693 4135 pervenit
2718 4068 2785 4125 ad
2824 4069 3026 4126 fratres
3054 4086 3204 4138 suos,
3234 4073 3577 4129 nudaverunt
3607 4088 3742 4130 eum

2130 4158 2325 4217 .tunica
2353 4159 2423 4215 “.
2459 4178 2478 4212 ι
2512 4159 2591 4215 Illi
2624 4161 2900 4232 dereptam
2934 4164 3172 4220 tunicam
3208 4166 3347 4236 patri
3383 4176 3633 4231 servant;
3676 4163 3740 4221 hi

2141 4249 2415 4307 detractas
2444 4252 2663 4309 Christo
2688 4266 2868 4311 vestes
2899 4256 3229 4324 partiuntur.
3264 4256 3331 4312 Et
3370 4259 3734 4329 accipientes,

2148 4361 2167 4394 ι
2209 4340 2470 4398 Miserum
2504 4344 2561 4400 in
2593 4345 2888 4401 cisternam
2916 4348 2999 4414 ”;
3033 4366 3053 4399 ι
3093 4348 3171 4403 illi
3210 4358 3488 4418 arreptum
3520 4350 3573 4404 in
3601 4363 3739 4418 spe-

2140 4449 2266 4489 cum
2311 4435 2637 4502 deturbant,
2690 4437 2743 4491 hi
2799 4438 3168 4493 exanimatum
3223 4440 3275 4493 in
3322 4451 3737 4499 monumentum

451 4515 678 4576 Rachel,
707 4514 825 4583 ejus
855 4515 993 4569 idola
1026 4517 1354 4586 surripuerit
1375 4519 1444 4576 ⁸³.
1463 4521 1625 4579 Certe
1655 4539 1766 4580 non
1806 4538 1863 4582 ut
1893 4527 2032 4582 clam
2065 4544 2111 4601 ο
2140 4527 2441 4595 deponunt.
2470 4527 2538 4582 Et
2567 4528 2806 4583 cisterna
2832 4537 2952 4584 erat
2977 4543 3171 4595 vacua,
3199 4545 3319 4601 qum
3357 4546 3463 4587 non
3497 4531 3735 4588 habebat

447 4602 695 4668 haberet,
718 4606 813 4658 sed
848 4614 906 4659 ut
927 4605 1188 4665 aboleret.
1213 4609 1294 4662 An
1331 4610 1541 4667 scilicet
1569 4629 1693 4685 qute
1716 4615 1919 4673 Christi
1943 4618 2043 4675 Ec-

446 4696 626 4752 clesiae
664 4698 970 4766 exeiuplum
1001 4702 1327 4764 contineret.
1364 4717 1593 4775 paterno
1619 4726 1840 4782 quoque
1868 4715 2039 4772 simn-

448 4789 718 4844 lacrorum
771 4792 917 4847 cultu
964 4795 1204 4859 dimisso.
1258 4799 1549 4856 simulacra
1587 4803 1755 4860 exitio
1784 4821 1846 4862 se
1877 4808 2039 4865 datu-

447 4892 564 4931 ram
608 4880 821 4934 inuuit?
868 4881 1001 4936 Nam
1043 4894 1155 4938 uta
1187 4886 1355 4943 Jacoh
1385 4891 1649 4961 vestigata
1684 4896 1823 4952 haud
1862 4901 2039 4955 tenuit

443 4968 680 5036 Rachel;
720 4971 794 5026 ita
825 4981 881 5026 et
915 4973 1086 5030 altero
1116 4975 1306 5042 Iacob,
1343 4978 1628 5038 Salvatore
1658 4999 1782 5040 meo
1814 4986 2036 5044 Christo

440 5074 659 5127 exorto,
691 5066 933 5134 gentium
967 5066 1228 5136 Ecclesia,
1262 5081 1544 5140 paternam
1577 5091 1733 5131 suam
1778 5077 2034 5149 impieta-

447 5163 554 5208 tem
588 5156 893 5225 ignominia:
923 5168 977 5214 et
1010 5162 1225 5217 excidio
1256 5164 1426 5221 dedit.
1460 5166 1536 5221 Ac
1570 5170 2033 5237 quemadmodum

446 5244 569 5300 illos
603 5262 669 5302 ex
702 5250 953 5318 gentibus
982 5252 1237 5310 Christus
1285 5270 1392 5310 non
1436 5257 1674 5313 admittit
1708 5276 1830 5315 cum
1861 5263 2033 5320 simu-

447 5334 630 5400 lacris,
660 5337 733 5391 ita
767 5354 867 5395 nec
897 5340 1236 5413 Syuagogam
1264 5360 1386 5399 cum
1416 5344 1660 5404 .ludaicis
1685 5352 1944 5418 victimis,
1971 5370 2037 5411 ac

442 5430 884 5489 circumcisione.
941 5435 1118 5505 Atque
1154 5437 1271 5491 haec
1304 5438 1523 5507 quidem
1558 5442 1637 5497 sic
1668 5443 1889 5500 habent.

517 5588 565 5619 “
615 5587 754 5644 Gen.
818 5604 969 5652 ut},
1002 5591 1086 5646 l7.
1162 5592 1210 5625 ⁸⁸
1241 5593 1370 5648 ibid.
1398 5594 1489 5650 20.
1565 5595 1611 5626 "
1645 5597 1774 5653 ibid.
1803 5597 1893 5653 50.

1999 5598 2047 5633 ⁸⁷
2091 5598 2288 5657 larem.
2324 5619 2471 5669 xsst,
2497 5604 2586 5659 5i.

2145 4632 2368 4685 aquam.
2401 4619 2870 4685 Quemadmodum
2900 4619 3011 4676 illic
3040 4636 3238 4690 specus
3273 4638 3471 4703 aquam
3494 4639 3598 4678 non
3634 4624 3736 4678 ha-

2147 4709 2343 4773 luebat,
2393 4710 2465 4763 ita
2527 4725 2701 4780 neque
2748 4710 2838 4766 hic
2886 4724 3295 4767 monumentum
3352 4713 3541 4768 mortis
3597 4715 3736 4774 vim.

2148 4818 2167 4850 ι
2213 4797 2275 4852 Et
2302 4800 2557 4855 sedentes
2589 4811 2648 4855 ut
2678 4801 3023 4857 eomederent
3053 4817 3243 4872 panem
3277 4804 3335 4868 ¹;
3373 4821 3391 4855 ι
3431 4802 3525 4868 illi,
3565 4820 3630 4857 eo
3673 4804 3734 4860 in

2142 4905 2365 4958 specum
2394 4892 2633 4956 detruso,
2658 4893 2848 4947 sedent
2874 4892 2940 4947 ad
2966 4892 3146 4948 cibum
3175 4894 3496 4963 capiendum
3518 4914 3532 4960 ;
3554 4894 3733 4951 Juda‘i

2142 4990 2264 5054 post
2297 4981 2635 5038 Dominicam
2668 4970 2869 5040 eandem
2904 4984 3109 5042 Pascha
3162 4988 3388 5043 faciunt.
3442 4988 3534 5042 Sic
3579 4988 3729 5043 enim

2141 5076 2302 5131 habet
2354 5074 2696 5145 Evangelista
2742 5093 2757 5132 :
2805 5094 2823 5130 ι
2864 5075 2929 5131 Ει
2975 5078 3075 5148 ipsi
3127 5095 3233 5134 non
3294 5079 3621 5133 introierunt
3670 5079 3726 5133 in

2141 5166 2481 5237 praetorium,
2530 5177 2589 5222 ut
2638 5184 2745 5224 non
2777 5171 3302 5239 contaminarentur,
3339 5173 3433 5227 sed
3481 5181 3538 5224 ut
3573 5188 3724 5224 man-

2138 5260 2403 5314 ducarent
2450 5259 2659 5316 Pascha
2704 5263 2745 5317 ².
2796 5281 2815 5315 ι
2855 5261 3049 5319 Notate
3096 5264 3381 5333 diligenter
3429 5262 3727 5333 Scriptum
3770 5290 3780 5297 ~

2144 5365 2401 5408 tuentem.
2432 5353 2672 5411 Sublatis
2703 5356 2875 5412 oculis
2925 5357 3388 5412 animadvertunt.
3435 5356 3567 5410 Nam
3604 5365 3730 5422 post

2140 5454 2412 5514 sumptum
2438 5461 2467 5499 a
2503 5443 2636 5500 Juda
2670 5445 3003 5501 Dominicum
3034 5462 3228 5516 panem
3268 5447 3491 5500 intravit
3518 5445 3570 5499 in
3599 5458 3725 5501 cum

2688 5603 2735 5637 ⁸⁸
2761 5604 2888 5660 ibid.
2919 5606 3010 5659 5‘2.
3113 5605 3159 5639 ⁸⁹
3210 5605 3344 5661 Cen.
3427 5621 3633 5669 xum,
3666 5606 3723 5662 4.

445 5658 492 5691 ὀ
522 5658 677 5712 .Ioan.
723 5674 763 5741 ιδ
792 5659 898 5741 ll;
940 5662 999 5741 ξι
1031 5663 1168 5718 Gcn.
1206 5679 1413 5728 nm",
1446 5667 1536 5741 8._
1576 5667 1622 5700 "
1654 5666 1807 5741 Junii.
1858 5686 1912 5737 κ,
1939 5670 2031 5725 24.

2136 5673 2151 5703 ³
2178 5672 2311 5729 Gen.
2351 5658 2555 5740 xxxvii,
2591 5675 2678 5739 19,
2721 5674 2812 5729 20.
2844 5658 2939 5708 Si"
2968 5675 3155 5730 Matth.
3196 5658 3452 5741 $1,758."
3504 5658 3550 5713 δε
3580 5658 3718 5731 Luc.

448 5744 496 5777 c.
534 5743 688 5785 mn.
723 5728 776 5783 ‘2.
854 5732 900 5763 “
934 5730 1071 5788 Gen.
1129 5749 1273 5789 xxxv

1382 5752 1442 5802 ll,
1473 5736 1561 5792 ‘22.

448 5797 470 5827 ¹
495 5795 652 5851 Joau.
685 5814 836 5866 xuii,
867 5801 957 5855 "2-5.

1668 5738 1711 5773 ⁸⁷
1744 5737 1876 5797 Luc.
1911 5757 2069 5811 χχιιι,
2095 5742 2188 5798 22.
2263 5744 2308 5778 ⁸⁸
2348 5743 2486 5802 Cen.
2528 5737 2733 5804 smn.
2782 5747 2875 5802 25.
2951 5748 2996 5781 ’⁸
3046 5748 3175 5804 ibid.
3208 5747 3296 5802 9.4.

3379 5749 3391 5780 '
3427 5748 3558 5804 ibid.
3622 5747 3719 5803 25.
