4044 6450
363 436 463 499 831

1531 427 1949 492 ANDRONICI
1992 379 2338 491 CORiNENI

3520 414 3634 478 832

359 550 578 610 scebat;
612 546 700 600 hic
729 559 882 600 meus
913 543 1162 600 Salvator
1189 552 1351 610 atque
1390 541 1552 605 Deus,
1579 541 1824 608 abruptis
1861 539 1945 591 in-
1973 580 1982 598 ε

2090 542 2512 608 ιίεθτίοονύὶιιιιι;
2575 557 2593 590 ι
2647 551 2763 591 mea
2799 547 2902 601 ope
2949 532 3002 587 in
3055 530 3250 586 fratres
3300 528 3634 598 benignitate

365 639 603 691 ferorum
631 638 884 701 vinculis,
943 637 1258 704 calcaloque
1292 633 1516 688 custode
1551 632 1788 693 diabolo,
1823 645 1948 684 san-

363 740 573 783 ctorum
602 728 813 783 animas
841 728 1113 782 liberavit.

450 863 469 894 ι
512 843 604 896 llis
635 843 708 896 ita
729 842 915 910 gestis,
939 841 1140 896 accidit
1165 851 1220 894 ut
1246 849 1537 910 peccarent
1558 841 1664 894 duo
1688 838 1948 901 eunuchi,

365 935 629 1003 pinrerua
670 935 811 1001 regis
844 931 1086 1002 Egypti,
1121 943 1174 985 et
1208 932 1398 1000 pistor,
1440 932 1660 986 domino
1690 947 1788 985 suo
1823 932 1891 995 ³⁸,
1929 949 1948 982 ι

370 1026 422 1077 id
458 1036 560 1088 est,
600 1033 908 1077 exterarum
950 1023 1192 1091 gentium
1241 1032 1296 1076 et
1342 1020 1647 1075 Judmormn
1704 1021 1952 1090 populus.

373 1119 512 1172 3am
549 1117 694 1184 prior
719 1126 831 1169 erat
857 1116 1120 1184 gentium.
1148 1114 1260 1183 qui,
1299 1123 1357 1166 ut
1383 1112 1664 1166 idololatra
1698 1111 1895 1174 factus,
1927 1127 1954 1164 a

374 1208 484 1262 Deo
522 1206 741 1268 defecit,
785 1217 914 1258 tunc
945 1202 1228 1258 Judaicutn
1266 1204 1514 1273 populum
1549 1218 1645 1272 per
1683 1202 1955 1256 Abraham

375 1297 709 1352 sacriﬁcium
747 1295 1001 1350 instituit.
1043 1313 1062 1346 ι
1099 1295 1468 1363 Videruntque
1497 1295 1658 1348 ambo
1688 1294 1958 1349 somnium

376 1400 538 1444 nocte
585 1404 688 1442 una
736 1388 805 1452 ’⁷,
862 1407 881 1440 ι
935 1389 986 1442 id
1028 1398 1134 1452 est,
1181 1388 1276 1444 Dei
1305 1399 1534 1443 mortem
1567 1391 1960 1457 recogitarnnt.

377 1481 485 1534 Sed
514 1480 624 1534 illic
649 1495 679 1533 a
709 1477 943 1547 Josepho
974 1479 1254 1535 dissolutio
1283 1493 1386 1546 est,
1431 1483 1518 1537 hic
1556 1496 1583 1535 a
1615 1480 1746 1534 Deo.
1783 1480 1965 1544 Quare

380 1572 575 1627 merito
605 1569 911 1640 Josepbus:
955 1591 974 1624 ι
1014 1571 1288 1642 Nunquid]
1318 1589 1424 1628 non
1454 1573 1546 1627 Dei
1593 1583 1677 1626 est
1705 1572 1968 1642 interpre-

381 1664 513 1718 tatio
551 1663 638 1718 ἐἳ
684 1683 702 1715 ι
737 1661 936 1717 Verum
979 1674 1197 1732 prasstat
1228 1680 1288 1717 ea
1336 1665 1568 1726 sonmia,
1599 1679 1716 1732 qua:
1749 1665 1966 1732 quidem

382 1755 627 1825 exempla
684 1758 886 1810 habent
944 1770 1123 1809 rerum
1175 1754 1528 1821 futurarum,
1587 1755 1753 1810 verbo
1815 1763 1970 1810 tenus

383 1863 692 1904 recensere.
725 1847 860 1901 Tum
892 1847 1126 1918 .losepho
1160 1867 1180 1900 ι
1224 1849 1494 1903 somnium
1533 1864 1691 1902 suum
1729 1848 1969 1901 narravit

389 1939 539 2009 prior
586 1940 908 2008 praepositus
961 1939 1370 2008 pincernarum,
1433 1939 1690 1993 ascilicet
1733 1937 1972 2007 gentium

386 2030 613 2101 ﬁguram
661 2029 839 2085 ferens
883 2047 898 2088 :
943 2049 961 2082 ι
997 2028 1260 2085 Videbam
1293 2045 1476 2084 coram
1515 2045 1600 2084 me
1653 2030 1817 2085 vitem
1848 2030 1918 2084 π.
1951 2045 1970 2081 ι

387 2123 565 2178 Vitem
604 2123 693 2178 hic
732 2123 969 2194 intellige
1013 2123 1224 2178 dulcem
1257 2121 1474 2189 Jesum;
1521 2124 1601 2178 sic
1637 2123 1781 2176 enim
1817 2121 1892 2176 ait
1921 2122 1976 2176 in

391 2212 688 2282 Evangelio
717 2230 733 2268 :
769 2230 789 2265 ι
820 2212 931 2282 Ego
969 2227 1086 2266 smn
1115 2213 1258 2278 vitis,
1289 2220 1342 2267 et
1369 2211 1532 2266 Pater
1558 2226 1709 2266 meus
1741 2211 1976 2281 agricola

386 2314 493 2359 est.
522 2304 750 2358 Omnem
784 2303 1057 2372 palmitem
1091 2303 1144 2357 in
1178 2317 1262 2356 me
1295 2318 1398 2356 non
1431 2305 1689 2357 ferentem
1716 2299 1975 2367 fructum,

388 2398 542 2452 tollet
589 2413 710 2452 eum
748 2407 844 2451 :et
892 2410 1132 2461 omnem,
1187 2396 1276 2464 qui
1329 2393 1437 2449 fert
1486 2395 1752 2462 fructum,
1785 2410 1981 2464 purga-

390 2489 471 2542 bit
514 2504 662 2554 eum,
705 2497 766 2541 ut
802 2489 1036 2543 fructum
1085 2488 1204 2556 plus
1244 2487 1434 2542 afferat
1465 2489 1531 2542 ³ο.
1574 2507 1592 2539 ι
1627 2489 1830 2543 Contra
1870 2502 1976 2551 me,

390 2579 444 2636 id
496 2588 599 2644 est,
656 2579 954 2642 contraria,
1009 2587 1065 2631 et
1122 2578 1174 2631 in
1225 2577 1507 2632 Cbristmn
1564 2578 1728 2646 impie
1775 2577 1982 2632 affectat

390 2679 773 2741 erantgeutes.
806 2690 824 2722 ι
848 2670 912 2723 Ει
941 2670 994 2723 in
1019 2669 1128 2724 vite
1163 2677 1319 2723 erant
1353 2679 1464 2723 tres
1500 2670 1822 2738 propagines
1848 2669 1917 2735 ",
1955 2687 1974 2720 ι

392 2778 566 2831 eaque
591 2764 938 2832 germinans;
979 2777 1101 2815 nam
1150 2770 1270 2829 post
1302 2761 1536 2815 triduum
1569 2760 1768 2815 Christi
1795 2775 1981 2815 resur-

396 2855 572 2909 rectio
595 2854 838 2909 etnicuit.
880 2854 1090 2908 Florem
1139 2853 1411 2916 eliciebat,
1452 2853 1726 2923 apostolos
1757 2863 1810 2909 et
1841 2867 1984 2909 mar-

398 2955 568 3016 tyres,
621 2946 763 2999 mule
799 2960 1022 3000 uvarum
1071 2945 1272 2999 racemi
1327 2946 1789 3010 maturescebant,
1840 2963 1982 2999 mar-

395 3045 573 3106 tyrum
625 3036 888 3106 sanguine
937 3037 1232 3092 rubebant.
1324 3054 1344 3088 ι
1411 3035 1756 3107 Caliccmque
1843 3039 1984 3093 Pha-

398 3130 583 3184 raonis
620 3130 675 3183 in
707 3144 867 3184 manu
893 3145 1010 3184 mea
1040 3148 1053 3184 :
1087 3128 1181 3184 tuli
1215 3144 1346 3201 ergo
1377 3146 1531 3197 uvas,
1565 3139 1619 3185 et
1651 3133 1892 3201 expressi
1930 3132 1981 3185 in

2058 637 2243 698 utitor,
2299 635 2349 688 id
2398 641 2501 696 est,
2550 629 2887 685 sanationum
2935 625 3178 696 prodigia
3221 632 3453 691 patrato.
3497 639 3514 671 ι
3563 621 3635 676 Ut

2057 741 2316 798 suggeras
2345 722 2615 780 Pharaoni
2648 726 2714 776 0‘.
2750 741 2768 772 ι
2800 719 2992 773 Notate
3027 717 3308 784 diligenter
3343 713 3641 780 Scriptura:

2059 830 2318 876 mentem.
2367 819 2460 873 llla
2507 817 2618 889 (l7)
2648 816 2712 870 ad
2746 813 3105 881 dignitatem;
3150 808 3268 862 lucc
3296 807 3364 861 ad
3399 805 3644 878 martyrii

2063 911 2405 966 tolerantiam
2437 910 2731 978 pertinent.
2762 907 2897 964 Nam
2941 905 3081 976 quod
3115 904 3208 969 ait,
3236 902 3502 972 ejusmodi
3536 911 3640 955 est.

2065 1000 2340 1057 Deductus
2367 1003 2431 1054 ad
2463 1000 2737 1070 principes
2765 1008 2821 1053 et
2869 1012 3042 1068 reges,
3090 1010 3331 1050 meorum
3377 993 3642 1047 dictorum

2066 1093 2376 1147 recordator
2425 1110 2438 1144 :
2478 1111 2496 1144 ι
2544 1091 2736 1146 Ponite
2774 1090 2828 1144 in
2865 1089 3121 1144 cordibus
3154 1085 3347 1140 vestris
3378 1099 3481 1138 non
3512 1098 3647 1151 piae-

2069 1185 2350 1246 meditari,
2400 1183 2852 1252 quemadmodum
2902 1178 3292 1249 respomteatis.
3347 1176 3457 1245 Ego
3504 1175 3648 1229 enim

2069 1275 2208 1330 dabo
2240 1273 2396 1328 vobis
2427 1287 2488 1326 os
2529 1280 2583 1326 et
2628 1271 2970 1341 sapientiam,
3003 1269 3089 1324 cui
3135 1283 3238 1322 non
3291 1274 3542 1336 poterunt
3569 1279 3656 1317 re-

2071 1367 2291 1428 sistere,
2316 1373 2369 1418 et
2393 1363 2768 1418 contradicere
2788 1377 2978 1417 omnes
3007 1359 3304 1415 adversarii
3335 1357 3498 1411 vestri
3534 1357 3598 1408 ³⁸.
3629 1375 3646 1406 ι

2073 1453 2350 1508 Haetenus
2396 1452 2675 1508 Servator.
2715 1471 2734 1506 ι
2788 1451 2857 1508 Ut
2901 1452 3098 1508 educat
3147 1465 3233 1505 me
3278 1449 3346 1504 de
3389 1449 3492 1503 isto
3533 1461 3659 1501 car-

2073 1559 2196 1600 cere
2219 1545 2284 1599 ³⁶.
2325 1562 2344 1596 ι

2621 1633 2852 1690 CAPUT
2900 1632 3110 1689 XXVII.

2543 1751 2838 1808 Culumuiw
2872 1751 2947 1805 vis
2983 1760 3203 1821 quanta.

2150 1845 2266 1902 lllie
2297 1844 2565 1915 Iosephus
2592 1861 2622 1899 a
2660 1852 3109 1914 pl‘aagttstatorum
3144 1839 3405 1912 magistro
3431 1846 3662 1894 conten-

2079 1941 2182 2005 dit,
2217 1950 2272 1993 ut
2305 1953 2363 1992 se
2393 1953 2460 1993 ex
2495 1953 2715 1992 carcere
2755 1938 2948 1990 educat
2981 1950 2995 1988 :
3033 1933 3120 1987 hic
3164 1932 3406 1986 clemens
3441 1928 3602 1984 Jesus
3631 1944 3662 1984 ει

2082 2032 2285 2104 populo
2307 2046 2337 2086 e
2362 2029 2616 2100 gentibus
2643 2037 2876 2094 asserto,
2908 2036 2967 2081 ut
2989 2041 3048 2081 se
3069 2041 3096 2078 a
3121 2025 3433 2080 Judaorum
3462 2025 3666 2078 calum-

2080 2126 2185 2181 niis
2234 2123 2523 2178 viudicet:
2574 2136 2703 2176 vere
2751 2122 2895 2174 enim
2959 2119 3164 2189 grande
3211 2118 3432 2172 sceleris
3481 2115 3669 2186 prasi-

2081 2215 2224 2269 dium
2259 2213 2371 2285 (18)
2411 2212 2707 2268 calumnia.
2738 2209 2872 2265 Nam
2904 2212 2950 2265 si
2977 2211 3059 2264 vel
3092 2210 3156 2263 ad
3183 2209 3459 2264 Christum
3487 2223 3666 2262 meum

2082 2306 2318 2375 grassari
2355 2313 2436 2360 est
2467 2319 2622 2368 ausa,
2653 2303 2778 2373 quis
2806 2317 2940 2358 vero
2967 2318 3088 2357 eam
3133 2301 3290 2356 facile
3319 2299 3668 2354 contemnat?

2081 2399 2262 2467 Atque
2308 2396 2359 2450 id
2413 2411 2602 2450 verum
2643 2409 2787 2458 esse,
2843 2394 3134 2464 sequentia
3181 2393 3362 2445 audite
3409 2409 3423 2444 :
3467 2411 3484 2442 ‹
3529 2389 3665 2456 Quia

2085 2489 2228 2544 furto
2271 2487 2516 2544 sublatus
2556 2502 2674 2542 smn
2721 2487 2786 2542 de
2837 2496 2980 2541 terra
3015 2483 3366 2539 Hebraeorum
3399 2485 3463 2536 ³⁷.
3502 2501 3518 2534 ι
3558 2481 3670 2536 lloc

2084 2589 2188 2645 est,
2220 2580 2398 2634 Pilato
2439 2595 2468 2632 a
2497 2578 2699 2633 Judaeis
2730 2577 2998 2632 calumnia
3027 2577 3293 2646 proditus.
3323 2573 3395 2627 Ea
3429 2590 3549 2644 quae
3577 2575 3670 2637 sit,

2085 2674 2321 2742 explicat
2349 2671 2680 2742 evangelista
2716 2689 2729 2726 :
2757 2688 2777 2721 ι
2810 2669 2906 2724 llic
2929 2670 3068 2723 dixit
3097 2686 3112 2722 :
3138 2668 3362 2722 Possum
3393 2669 3676 2722 destruere

2091 2763 2348 2832 templum
2379 2761 2496 2824 Dei,
2529 2770 2584 2816 et
2616 2769 2737 2830 post
2766 2760 3004 2814 triduum
3038 2757 3371 2812 remdiﬁcare
3399 2757 3528 2812 illud
3552 2756 3618 2811 ³⁸.
3649 2776 3668 2809 ι

2088 2855 2275 2925 Itaque
2338 2853 2625 2908 calumniae
2688 2851 3074 2921 impudentiam
3131 2851 3424 2915 videntes,
3487 2866 3676 2905 eorum

2087 2948 2312 3004 sceleris
2345 2946 2742 3002 excellentiam
2797 2942 3091 2997 miramini.
3145 2941 3331 3011 Neque
3386 2943 3472 2997 hic
3522 2943 3680 3012 quid-

2086 3057 2245 3111 quam
2289 3038 2415 3102 feci,
2464 3039 2589 3092 mali
2641 3037 2871 3101 scilicet,
2909 3035 3259 3105 quamobrem
3299 3051 3381 3086 me
3433 3035 3485 3087 in
3539 3037 3678 3090 hanc

2088 3150 2306 3202 specum
2367 3131 2767 3186 detruderent:
2813 3129 2922 3184 illic
2962 3127 3254 3197 Josepbuui
3307 3129 3360 3181 in
3417 3142 3680 3196 Specutn;

400 3221 626 3276 calicem
661 3239 819 3292 quem
857 3223 1140 3288 tenebam,
1187 3233 1241 3276 et
1297 3223 1491 3277 tradidi
1545 3224 1795 3294 poculum
1841 3223 1954 3279 Pha
2012 3224 2058 3288 Ω
2094 3227 2184 3282 hic
2215 3224 2399 3279 Jesmn
2427 3224 2479 3278 in
2514 3233 2947 3277 monumentum.

401 3315 552 3368 raoni
581 3315 647 3370 ³¹.
678 3313 790 3369 lloc
816 3316 1157 3370 incruentum
1192 3331 1341 3369 novae
1373 3316 1629 3371 Ecclesia:
1651 3319 1982 3372 sacriticimn

402 3414 577 3460 notat.
651 3425 670 3458 ‹
709 3405 1009 3474 Respondit
1047 3405 1247 3475 Josepb
1283 3425 1297 3461 :
1336 3406 1457 3461 llaec
1493 3417 1576 3461 est
1615 3409 1989 3479 interpretatio

400 3498 596 3550 somnii
635 3513 650 3548 :
685 3482 831 3551 Tres.
862 3498 1203 3567 propagines,
1263 3508 1374 3552 tres
1429 3501 1605 3555 adhuc
1651 3499 1768 3554 dies
1817 3510 1987 3555 sunt:

404 3597 529 3655 post
573 3603 710 3655 quos
757 3589 1132 3642 recordabitur
1185 3588 1396 3642 Pharao
1440 3590 1731 3644 ministerii
1781 3591 1878 3654 tui,
1938 3598 1992 3644 et

409 3679 662 3732 restituet
693 3687 743 3730 te
771 3680 822 3730 in
850 3680 1070 3747 gradum
1108 3679 1394 3748 pristinum
1440 3698 1454 3732 :
1486 3681 1747 3749 dabisque
1780 3682 1830 3736 ei
1865 3681 1993 3736 cali-

407 3784 525 3823 cem
570 3768 725 3836 juxta
776 3766 1008 3822 cilicium
1057 3779 1229 3832 tuum,
1276 3771 1414 3824 sicut
1460 3779 1587 3824 ante
1633 3770 1811 3826 facere
1858 3787 1994 3826 cou-

411 3876 670 3916 sueveras
702 3859 771 3914 ⁸³.
829 3879 849 3912 ι
905 3861 983 3913 Ac
1034 3859 1257 3929 Josepbi
1298 3862 1514 3930 quidem
1562 3864 1628 3916 ad
1678 3864 1992 3927 piucernam

411 3955 527 4010 lucc
555 3963 681 4008 sunt
733 3952 921 4007 verba.
954 3953 1102 4008 Meus
1147 3963 1326 4006 autem
1370 3953 1628 4008 Servatur
1662 3965 1823 4022 atque
1856 3956 1997 4010 Deus

409 4046 660 4116 gentibus
681 4045 894 4113 recipit,
920 4059 1040 4100 sese
1063 4045 1186 4099 hinc
1208 4044 1274 4100 ad
1295 4046 1528 4100 triduum
1551 4063 1580 4101 a
1601 4053 2000 4104 resurrectione

414 4137 694 4206 discipulis
737 4138 851 4192 suis
887 4147 942 4192 et
985 4137 1246 4206 apostolis
1291 4139 1692 4203 mandaturum,
1723 4140 1814 4209 qui
1845 4155 2000 4196 acce-

411 4239 534 4298 ptas
562 4230 772 4300 tingant
803 4231 854 4284 in
901 4232 1119 4285 nomine
1160 4229 1338 4286 Patris
1388 4242 1439 4285 et
1471 4229 1617 4296 Filii,
1671 4245 1724 4286 et
1760 4232 1997 4301 Spiritus

414 4321 585 4374 sancti
618 4338 632 4375 :
671 4336 835 4390 seque
879 4321 1128 4376 daturum
1174 4338 1398 4393 regnum
1433 4334 1594 4392 atque
1633 4325 1997 4378 sacerdmium

417 4412 630 4476 iisdem,
663 4411 817 4478 cujus
848 4413 1165 4467 mconomiaa
1209 4415 1526 4483 mysterium
1563 4415 1788 4470 obitur-.e
1817 4427 2001 4470 essent

419 4503 472 4556 in
499 4515 639 4567 pane
669 4508 724 4554 et
753 4503 902 4565 vino,
937 4504 1078 4571 quod
1114 4503 1531 4568 Melchisedech,
1565 4507 1654 4575 qui
1688 4523 1716 4560 e
1747 4508 1996 4575 gentibus

2167 3319 2280 3385 Sed.
2311 3317 2423 3388 jam
2471 3327 2684 3385 tempus
2716 3326 2818 3383 est,
2849 3325 2904 3370 et
2947 3315 3214 3384 pistorum
3259 3311 3500 3383 magistri
3531 3324 3682 3364 som-

2092 3413 2274 3476 nium,
2317 3409 2410 3480 qui
2461 3407 2773 3464 Iudaeorum
2830 3408 3011 3477 populi
3063 3407 3372 3476 exemplum
3424 3405 3681 3472 habetur,

2093 3515 2404 3558 recensere.
2434 3499 2606 3571 Igitur
2642 3500 2904 3570 pistorum
2941 3499 3199 3568 magister
3233 3514 3247 3550 :
3284 3515 3303 3549 ι
3351 3498 3414 3551 Et
3442 3511 3541 3566 ego
3573 3495 3684 3549 vidi

2093 3595 2392 3649 somnium:
2420 3595 2572 3661 Quod
2597 3595 2697 3648 tria
2728 3594 2965 3649 canistra
2990 3589 3196 3645 farinae.
3221 3608 3239 3641 ι
3272 3588 3395 3643 Tria
3424 3589 3684 3653 canistra,

2098 3694 2210 3740 tres
2239 3685 2382 3753 quali
2415 3693 2564 3749 sunt,
2596 3701 2717 3752 qua:
2747 3684 2845 3736 tria
2877 3682 3061 3752 gravia
3089 3681 3458 3735 lsraelitarmn
3488 3678 3688 3746 ﬂagitia

2098 3783 2425 3840 censentur;
2459 3775 2723 3829 idolorum
2750 3773 2948 3837 cultus,
2974 3783 3158 3826 vatum
3183 3774 3379 3837 czcdes,
3409 3781 3460 3825 et
3483 3771 3689 3826 Christi

2097 3867 2321 3921 occisio.
2362 3884 2381 3917 ι
2436 3863 2704 3920 Haberent
2757 3880 2922 3934 super
2971 3875 3134 3934 caput
3173 3879 3376 3927 meum,
3420 3882 3438 3916 ι
3490 3862 3541 3916 id
3583 3871 3689 3928 cst,

2098 3973 2340 4030 gererem
2374 3971 2561 4011 eorum
2597 3955 2864 4011 facinora.
2902 3975 2920 4008 ι
2957 3956 3024 4010 Et
3057 3956 3236 4010 inuno
3262 3955 3522 4021 canistro,
3547 3955 3694 4023 quod

2100 4058 2217 4105 erat
2240 4049 2530 4111 excelsius,
2579 4065 2597 4098 ι
2629 4047 2834 4102 scilicet
2864 4063 3117 4116 supremo
3147 4047 3372 4116 ﬂagitio,
3406 4065 3425 4098 ι
3469 4055 3695 4116 portare

2102 4157 2186 4194 tne
2235 4153 2424 4194 omnes
2467 4138 2640 4202 cibos,
2688 4138 2780 4207 qui
2844 4138 2980 4192 ﬁunt
3023 4147 3142 4192 arte
3189 4137 3439 4206 pistoria.
3494 4154 3512 4188 ι
3567 4134 3696 4190 llaec

2099 4243 2299 4288 coetum
2338 4233 2390 4285 in
2436 4245 2530 4286 eos
2566 4247 2630 4284 ex
2690 4229 2820 4284 varii
2869 4229 3088 4300 generis
3133 4228 3443 4283 hominibus
3493 4239 3695 4296 cogen-

2103 4328 2228 4380 dum
2263 4325 2399 4394 (19),
2433 4339 2531 4380 ceu
2569 4323 2634 4376 ad
2669 4338 2810 4393 opus
2842 4322 3042 4394 regalis
3076 4323 3353 4392 potentiue,
3386 4321 3695 4391 designant.

2107 4436 2125 4470 ι
2161 4417 2409 4487 Avesque
2449 4415 2736 4470 comedere
2775 4429 2843 4467 ex
2886 4429 2952 4470 eo
3022 4413 3088 4467 ”.
3127 4432 3146 4464 ι
3183 4413 3372 4467 Excisa
3421 4412 3566 4466 enim
3613 4419 3699 4465 est

2105 4519 2324 4578 propter
2390 4507 2594 4562 crimen
2653 4503 2919 4560 interfecti
3003 4503 3204 4558 Christi
3275 4513 3330 4556 et
3383 4501 3696 4557 Judacorutn

415 4605 586 4658 esset,
627 4609 722 4662 per
752 4594 974 4663 ﬁguram
1014 4596 1324 4648 Abrahamo
1359 4599 1798 4664 repraesentavit;
1831 4614 2002 4668 eaque
2031 4567 2078 4625 θ
2105 4615 2298 4671 graves
2328 4598 2563 4655 otl'ensas
2603 4597 3002 4666 Hierosolyma.
3043 4615 3062 4648 ι
3104 4594 3404 4663 Respondit
3447 4594 3645 4662 Joscpb
3678 4612 3695 4650 :

420 4685 544 4739 ideo
571 4699 628 4738 se
659 4684 926 4737 facturum
958 4685 1155 4753 populo
1199 4701 1267 4738 ex
1297 4689 1545 4755 gentibus
1587 4703 1851 4743 converso
1883 4705 2006 4758 Spo-

421 4775 631 4846 poudit,
684 4778 826 4845 quod
882 4777 926 4832 is
970 4778 1245 4832 Cbristmn
1304 4781 1552 4833 sontibus
1586 4782 2004 4835 adnumeratum

423 4869 796 4934 conspicatus,
831 4867 998 4921 Deum
1036 4877 1212 4922 tamen
1250 4870 1529 4924 confessus
1558 4871 1766 4925 fuisset.
1795 4889 1813 4922 ι
1857 4872 2006 4926 Tan-

425 4969 542 5014 tum
573 4969 840 5014 memento
866 4961 992 5026 mei,
1020 4975 1140 5012 cum
1179 4961 1272 5014 tibi
1299 4962 1434 5016 bene
1463 4961 1645 5018 fuerit.
1675 4982 1693 5014 ι
1720 4964 1827 5017 lloc
1860 4983 1888 5018 a
1923 4981 2008 5020 me

426 5059 652 5121 accepto
702 5050 988 5118 beneﬁcio,
1040 5053 1332 5120 sepulturae
1385 5063 1546 5124 atque
1594 5059 2006 5112 resurrectionis

425 5143 742 5198 memoriam
787 5142 1128 5198 indelebilem
1176 5145 1392 5200 habeto.
1434 5164 1452 5197 ι
1505 5146 1566 5201 Et
1595 5146 1760 5201 facias
1795 5163 2002 5204 mecum

495 5329 541 5360 "
579 5327 712 5382 Ceu.
757 5343 858 5389 XL,
905 5328 951 5382 1.

426 5399 474 5432 ³²
518 5399 646 5452 ibid.

428 5485 575 5533 χχιι
617 5467 705 5522 61.

1050 5329 1095 5360 ⁸⁷
1131 5327 1265 5384 Gen.
1310 5346 1396 5393 xc,
1440 5330 1493 5385 5.

723 5399 766 5430 ³³
809 5399 938 5455 ibid.
985 5401 1068 5463 Η,
1097 5400 1181 5453 12.
1256 5401 1300 5432 ³⁸
1342 5403 1471 5455 Iltitl.
1503 5402 1584 5457 H.

783 5469 828 5501 ³³
871 5471 1005 5527 Gen.
1050 5487 1145 5532 XL,
1191 5470 1277 5536 16,
1324 5474 1405 5526 17.

1597 5333 1642 5362 ’⁸
1689 5330 1817 5385 ibid.
1859 5332 1912 5390 8.

506 5653 616 5721 (t7)
661 5653 882 5708 Petebat
926 5655 1067 5707 enim
1111 5653 1403 5722 Joscpltus.
1455 5667 1505 5706 nt
1563 5672 1622 5710 se
1675 5657 1812 5724 apml
1869 5655 2009 5706 Pha-

435 5737 656 5776 raonem
683 5725 734 5775 in
771 5727 939 5792 gratia
980 5733 1225 5793 poneret,
1259 5742 1285 5778 a
1326 5741 1433 5795 quo
1457 5728 1652 5780 deinde
1684 5730 1748 5780 ad
1777 5727 2011 5795 dignita-

436 5802 544 5845 tem
577 5797 916 5846 eveheretur.

511 5862 623 5930 (t8)
659 5859 969 5932 Ὀχύρωμα,
991 5865 1130 5934 quod
1151 5881 1343 5920 nomen
1379 5877 1672 5933 usurpatur
1700 5878 1750 5922 et
1773 5881 1868 5930 pro
1891 5881 2012 5924 car-

2005 5334 2050 5366 ‘9
2093 5333 2222 5388 ibid.
2261 5332 2313 5397 9,
2356 5331 2444 5386 10.

1661 5403 1704 5434 ³⁵
1748 5402 1879 5457 Luc.
1923 5420 2038 5470 xxv,
2084 5407 2166 5471 14,
2209 5405 2296 5459 15.
2357 5405 2401 5435 ³⁸
2441 5402 2578 5457 Gen.
2622 5403 2817 5464 “.14.

2103 4693 2229 4746 llaec
2253 4705 2336 4745 est
2371 4689 2752 4759 interpretatio
2794 4688 3016 4742 somnii.
3053 4705 3072 4738 ι
3102 4687 3181 4739 En
3219 4686 3513 4750 somnium,
3546 4687 3698 4752 ejus-

2103 4799 2209 4851 que
2257 4782 2761 4849 iuterpretationem
2811 4795 2824 4832 :
2876 4795 2894 4828 ι
2928 4778 3055 4831 Tria
3089 4776 3328 4830 canistra
3378 4785 3487 4828 tres
3518 4775 3699 4830 adlmc

2104 4876 2222 4929 dies
2251 4885 2394 4928 sunt.
2433 4891 2454 4925 ι
2494 4871 2708 4926 Abhinc
2743 4877 2854 4923 tres
2883 4870 3022 4934 dies,
3055 4869 3264 4922 scilicet
3289 4884 3316 4922 a
3348 4866 3476 4923 Jesu
3512 4882 3698 4922 resur-

2111 4967 2388 5028 rectione;
2421 4982 2440 5016 ι
2481 4971 2602 5032 post
2633 4977 2769 5030 quos
2798 4960 3006 5016 auferet
3036 4961 3248 5015 Pharao
3274 4972 3432 5028 caput
3459 4971 3637 5018 tuum.
3669 4979 3689 5012 ι

2113 5057 2227 5111 lllic
2250 5057 2460 5110 Pharao
2484 5055 2747 5125 piStormn
2781 5056 3101 5122 magistrum
3125 5073 3137 5120 ;
3166 5053 3251 5108 bic
3282 5056 3458 5123 capite
3480 5053 3697 5108 Judmos

2120 5158 2334 5205 truncat
2384 5146 2659 5212 Christus,
2713 5147 2804 5216 qui
2845 5145 3097 5216 princeps
3147 5157 3309 5218 atque
3361 5156 3540 5201 rector
3581 5153 3696 5211 est;

2521 5333 2566 5364 ³⁸
2609 5331 2767 5386 Joan.
2814 5345 2901 5389 xv,
2943 5331 3003 5392 1,
3042 5330 3098 5385 9..

2892 5401 2936 5433 ³⁷
2978 5401 3111 5456 Gen.
3156 5419 3243 5469 xc,
3290 5402 3376 5456 15.
3419 5402 3463 5433 ³⁸
3505 5400 3694 5454 Matth.

2108 5669 2252 5727 cere,
2285 5655 2335 5707 in
2376 5671 2534 5724 quem
2567 5655 2843 5723 coniectus
2866 5667 2947 5712 est
2972 5655 3266 5727 Iosephus,
3305 5655 3443 5710 unde
3477 5654 3590 5709 haec
3619 5653 3700 5708 al-

2109 5726 2250 5778 lusit)
2279 5729 2473 5792 petita.

2181 5796 2295 5865 (11))
2339 5794 2552 5847 Manum
2579 5803 2643 5867 _rt
2671 5799 2968 5854 exercitum
3016 5813 3044 5853 ει,
3079 5795 3410 5867 Vespasiano
3442 5795 3700 5852 llieroso-

2111 5864 2269 5930 lymis
2291 5865 2708 5921 admovendum.

3198 5332 3239 5362 ³¹
3283 5331 3418 5385 Cen.
3463 5346 3562 5391 XL,
3609 5330 3695 5385 10.
3784 5321 3792 5330 ’
