4044 6436
346 322 456 386 833

1511 326 1592 387 DI
1607 324 1900 387 ALOGUS
1932 325 2236 387 CONTRA
2275 329 2595 394 JUDIEOS.

3496 331 3606 397 ΒΜ

345 447 367 482 I
390 444 453 484 ac
476 428 769 498 suspendet
796 430 922 486 tein
943 444 1129 494 cruce,
1157 449 1178 485 ι
1209 431 1380 503 proh!
1415 433 1665 503 stirpitus
1696 435 1917 499 delebit,
1944 442 1991 499 Α
2021 437 2185 494 tionis
2211 437 2403 501 frenis,
2431 451 2595 511 atque
2628 442 2695 496 ad
2726 441 2844 513 eius
2872 449 3071 499 metam
3109 457 3386 500 sacrarum
3431 446 3607 503 Litte-

345 540 366 574 ι
396 533 449 577 et
468 520 788 578 lacerabunt
812 523 1059 580 volucres
1090 539 1281 579 carnes
1305 535 1423 581 tuas
1454 526 1522 580 ‘°.
1563 546 1580 577 ›
1613 526 1673 580 lu
1707 526 1920 580 Israeli-

337 622 517 665 tarum
567 611 906 680 captivitate,
953 623 1011 669 ut
1060 624 1184 668 ante
1226 614 1485 670 diximus.
1548 616 1735 686 anue
1793 632 1921 672 vera

341 717 487 768 esse,
520 701 702 757 audite
731 700 1008 758 Chrismm
1038 705 1178 759 inter
1204 706 1350 775 ipsos
1382 708 1656 761 cruciatu.»
1677 709 1916 763 mulieri-

339 795 443 850 bus
491 795 1000 865 llierosolymitanis
1042 796 1349 866 loquentem
1394 815 1410 853 :
1448 817 1467 851 ι
1520 797 1669 854 Filiae
1704 799 1924 855 Jerusa-

341 886 470 955 lem,
519 887 686 943 nolite
731 887 863 941 ﬂere
908 904 1071 959 super
1120 906 1228 956 me,
1275 893 1370 947 sed
1422 908 1587 962 super
1639 909 1734 950 vos
1779 895 1924 961 ipsas

340 978 491 1044 ﬂete,
528 987 581 1031 et
611 993 776 1048 super
810 979 952 1036 ﬁlios
975 990 1191 1037 vestros
1222 987 1519 1052 :quoniam
1551 1001 1678 1040 ecce
1708 987 1925 1040 venit-ut

343 1071 477 1136 dies,
514 1071 565 1123 iu
609 1070 810 1140 quibus
843 1072 1026 1127 dieent
1060 1091 1075 1128 :
1111 1072 1289 1129 Beata:
1327 1075 1562 1141 steriles,
1598 1087 1651 1131 et
1679 1091 1919 1144 ventres,

341 1162 434 1231 q‘ui
465 1177 571 1216 non
599 1174 934 1232 genuerunt,
967 1176 1021 1219 et
1050 1165 1217 1221 ubera
1252 1183 1371 1236 quae
1408 1184 1511 1222 non
1545 1168 1875 1224 iactaverunt
1907 1187 1922 1225 :

342 1255 468 1324 quia
501 1255 546 1309 si
592 1255 646 1309 in
677 1256 836 1311 viridi
891 1256 1036 1328 ligno
1078 1259 1193 1314 haec
1238 1259 1465 1325 faciunt,
1504 1261 1559 1316 itt
1603 1263 1756 1317 arido
1795 1263 1924 1331 quid

344 1348 435 1401 ﬁet
461 1346 545 1401 “‘i
578 1365 598 1398 ι
633 1347 691 1403 Si
732 1349 1002 1405 insontem
1037 1365 1142 1416 me,
1174 1351 1372 1423 inquit,
1403 1354 1634 1409 Romani
1674 1356 1794 1410 neci
1828 1357 1925 1411 de-

341 1439 558 1504 derunt,
593 1440 723 1508 quid
768 1456 877 1494 non
932 1440 1131 1497 facient
1175 1458 1271 1513 per
1302 1459 1462 1500 omne
1507 1461 1679 1515 genus
1729 1446 1918 1517 ﬂagitii

344 1529 643 1585 volutatis?
685 1549 704 1582 ι
739 1531 945 1586 Exinde
969 1533 1084 1588 dies
1116 1535 1306 1589 tertius
1330 1537 1609 1593 natalitius
1627 1538 1925 1595 Pharaonis

341 1631 505 1676 crat:
556 1623 648 1691 qui
696 1620 907 1678 faciens
951 1625 1159 1694 grande
1207 1627 1516 1682 convivium
1562 1631 1746 1697 pueris
1785 1634 1923 1697 suis,

340 1714 660 1768 recordatus
688 1724 771 1769 est
802 1716 944 1771 inter
988 1719 1177 1785 epulas
1225 1720 1469 1790 magistri
1518 1722 1922 1791 pincernarutn,

2023 543 2205 583 rarum
2243 541 2500 600 tauquam
2542 534 2820 588 curriculo
2861 536 3105 600 reducto,
3144 549 3244 605 pro
3271 536 3414 591 virili
3449 540 3609 592 auri-

2023 620 2165 691 gari.
2195 620 2364 690 Igitur
2385 621 2590 675 circum
2623 620 2804 676 Mosen
2841 638 2905 678 ac
2938 622 3253 695 Egyptutn,
3281 634 3334 679 et
3364 624 3610 679 Pharao-

2025 725 2171 774 nem,
2199 711 2425 780 ejusque
2451 713 2616 766 duces
2650 729 2870 767 currum
2915 714 3153 780 ducturi,
3189 730 3287 785 age
3313 715 3366 770 in
3407 703 3604 786 primis

2025 802 2291 870 cujusque
2350 803 2803 871 signiﬁcationem
2859 803 3102 860 edamus.
3168 807 3456 863 Enimvero
3523 811 3606 865 sic

2028 892 2337 948 habendum
2363 903 2468 958 est,
2504 892 2688 949 Mosen
2726 896 2827 950 mei
2851 895 3049 951 Christi
3084 913 3148 953 ac
3178 899 3480 955 Servatoris
3510 900 3603 955 Dei

2028 982 2258 1054 ﬁguram
2288 986 2711 1054 exemplumque
2753 984 2920 1051 ferre,
2967 985 3258 1057 IEgyptum
3290 987 3436 1053 Orci,
3464 989 3607 1043 Pha-

2028 1090 2250 1130 raonem
2277 1076 2498 1143 diaboli,
2521 1076 2614 1146 qui
2645 1085 2822 1131 mente
2852 1076 3178 1131 informatus
3205 1078 3359 1146 quasi
3388 1080 3607 1146 quidam

2026 1164 2236 1219 Pharao
2261 1174 2364 1229 est,
2400 1180 2508 1220 non
2554 1166 2807 1235 equidem
2846 1167 3143 1222 secundum
3184 1167 3388 1236 regiam
3434 1169 3613 1236 digni-

2029 1264 2229 1320 tatem,
2297 1256 2391 1310 sed
2449 1256 2700 1312 elationis
2757 1256 3201 1320 frustrationem,
3267 1259 3433 1313 duces
3488 1258 3610 1325 ejus

2027 1346 2246 1417 angelos
2306 1354 2361 1401 et
2417 1362 2636 1416 operas.
2698 1345 2818 1402 Jatn
2875 1349 3073 1419 ﬁguras
3123 1350 3321 1403 videte.
3377 1346 3510 1403 Nam
3548 1357 3614 1403 ut

2028 1438 2206 1495 Moses
2250 1453 2281 1493 a
2336 1438 2624 1494 Pharaone
2673 1439 2913 1509 profugit
2974 1439 3043 1508 ",
3101 1442 3185 1496 sic
3239 1440 3486 1496 Christus
3544 1454 3613 1496 ex

2027 1529 2266 1601 IEgypto
2328 1531 2382 1584 in
2440 1529 2689 1594 Judaeam.
2739 1532 3029 1598 concessit,
3094 1532 3234 1588 Osee
3289 1534 3432 1588 vatis
3468 1534 3614 1588 dicto

2029 1623 2498 1692 comprobaudozt
2525 1622 2602 1677 Ex
2620 1622 2857 1696 Egypto
2883 1626 3067 1680 vocavi
3102 1624 3270 1680 ﬁlium
3294 1641 3471 1680 meum
3496 1625 3560 1680 “.
3589 1644 3610 1679 ι

2034 1716 2127 1771 Ille
2178 1715 2245 1769 ad
2309 1715 2630 1771 Madianitas
2674 1717 2974 1785 ingressus,
3028 1717 3327 1773 secundum
3389 1726 3612 1787 puteum

346 1818 399 1859 et
432 1807 691 1875 pistorum
714 1809 996 1879 principis.
1023 1809 1385 1881 Restituitque
1407 1812 1641 1868 alterum
1669 1817 1719 1869 iu
1746 1790 1925 1871 locum
1959 1790 2002 1846 Β
2032 1811 2278 1865 collsedil
2319 1809 2405 1863 ⁸⁷2
2454 1807 2613 1864 Jt‘SllS
2660 1824 2727 1864 ex
2780 1810 2974 1865 ilinefe
3020 1810 3276 1881 fatigatus
3317 1811 3614 1865 secundum

339 1911 520 1963 suum,
554 1905 611 1950 ιιι
638 1898 939 1967 porrigeret
970 1900 1017 1973 ei
1051 1902 1302 1970 poculum
1331 1920 1345 1957 :
1376 1903 1607 1958 alterum
1643 1908 1932 1976 suspendit

338 1989 397 2045 in
431 1990 669 2058 patibulo
703 1991 772 2045 “.
808 2009 830 2043 ι
857 1993 1033 2064 Atque
1064 1993 1179 2050 haec
1208 1996 1424 2063 quidem
1463 2013 1554 2052 rex
1594 1997 1807 2053 Pharao
1830 2016 1922 2053 na-

343 2080 435 2135 tali
462 2081 566 2137 sibi
594 2082 682 2137 die
713 2081 856 2138 inter
893 2099 1022 2141 suos
1053 2084 1374 2158 designavit.
1400 2089 1471 2143 At
1495 2089 1613 2145 Rex
1647 2106 1834 2164 regum
1861 2109 1927 2148 ex

341 2170 572 2227 mortuis
606 2173 796 2239 redux,
846 2174 991 2230 inter
1028 2188 1248 2235 sanctos
1286 2196 1389 2234 una
1418 2182 1730 2250 suscitatos,
1782 2200 1922 2255 prm-

340 2273 620 2334 gusturum
658 2266 927 2336 magistri,
966 2268 1017 2322 id
1052 2279 1155 2337 est,
1190 2272 1314 2326 novi
1347 2274 1555 2342 populi,
1594 2275 1923 2330 mentionem

342 2358 506 2424 let-it;
541 2358 752 2413 scilicet
774 2374 838 2413 ex
862 2359 1006 2430 quali
1034 2362 1327 2433 impietatis
1350 2366 1650 2436 praecipitio
1671 2368 1736 2421 ad
1765 2368 1928 2437 quale

347 2449 439 2504 Dei
497 2451 702 2505 notitiae
745 2451 1020 2520 fastigium
1063 2455 1428 2523 pervasisset;
1470 2471 1796 2525 rursumque
1834 2456 1929 2510 .lu-

343 2539 510 2608 daici,
569 2556 634 2597 ex
694 2542 843 2613 quali
893 2543 1214 2613 adoptionis
1268 2544 1487 2615 fastigio
1552 2547 1607 2602 in
1663 2549 1825 2618 quale
1868 2564 1929 2606 se

342 2629 540 2686 Christi
570 2633 731 2688 credis
760 2633 1078 2689 barathrum
1116 2632 1482 2693 deturbasset.
1527 2636 1738 2703 Quibus
1768 2639 1930 2696 rebus

345 2732 401 2777 et
427 2738 623 2777 novum
652 2708 929 2794 populum,
958 2735 1015 2779 ut
1040 2727 1151 2796 jam
1192 2728 1329 2794 dixi,
1365 2730 1580 2784 ornavit
1620 2740 1783 2801 atque
1806 2747 1928 2787 ser-

347 2815 516 2882 vavit,
557 2823 610 2870 et
638 2815 921 2872 Judaicum
956 2818 1267 2889 ignominiae
1305 2830 1358 2877 et
1399 2824 1611 2879 excidio
1644 2825 1761 2879 dari
1807 2840 1929 2895 per-

347 2906 518 2962 misit.
537 2906 631 2963 Siu
662 2909 804 2964 dicat
826 2909 1121 2980 quispiam,
1145 2921 1434 2983 utrumque
1459 2915 1620 2970 simul
1644 2923 1700 2971 et
1725 2916 1929 2985 pariter

347 3013 456 3053 non
484 3000 774 3071 contigisse
801 3017 815 3056 :
845 3011 997 3069 esto;
1026 3010 1083 3057 at
1107 3018 1176 3058 ex
1226 3019 1292 3059 eo
1318 3005 1404 3060 die
1429 3015 1713 3077 utrumque
1733 3008 1927 3063 scitum

348 3103 705 3163 sanctumque
735 3104 841 3148 est.

883 3186 1112 3244 CAPUT
1149 3187 1393 3246 XXVIII.

636 3278 806 3335 Mosi:
851 3281 1074 3336 historia
1114 3285 1329 3354 mystice
1360 3285 1644 3352 explirata.

424 3368 527 3425 Sed
562 3371 677 3426 haec
705 3373 770 3426 de
797 3370 1033 3441 Josepho
1063 3373 1355 3439 sufﬁciant,
1383 3387 1438 3428 et
1465 3374 1576 3442 jam
1604 3389 1769 3444 porro
1802 3387 1926 3443 pro-

349 3460 636 3529 phetarum
671 3475 939 3528 centrum,
975 3464 1262 3528 deiscium,
1313 3477 1478 3534 atque
1511 3482 1541 3521 a
1579 3465 1690 3543 Deo
1735 3468 1931 3522 scitum

347 3561 403 3605 et
435 3554 707 3621 cognitum
757 3553 945 3608 Mosen
991 3557 1392 3624 aggrediamur.
1436 3557 1753 3626 Quanquam
1803 3559 1933 3615 illud

348 3657 565 3712 quoque
607 3645 962 3713 ignorantium
1009 3662 1115 3699 non
1158 3656 1264 3711 est,
1295 3646 1514 3717 Josephi
1551 3651 1604 3703 in
1643 3649 1963 3721 .Egyptum‘

348 3734 635 3789 adveniunt
682 3739 973 3792 secundam
1023 3741 1363 3808 prmsentiatn
1413 3752 1626 3797 notare.
1673 3740 1809 3798 Nam
1878 3752 1934 3797 ιιι

351 3829 444 3883 ille
480 3828 735 3884 fratribus
764 3844 822 3885 se
853 3832 1109 3900 prodidit,
1157 3834 1228 3888 ita
1270 3844 1326 3889 et
1360 3832 1531 3890 Judaei
1575 3840 1789 3892 tandem
1834 3837 1936 3892 ali-

350 3922 565 3989 quando
594 3921 872 3978 Christum
922 3933 1253 3995 agnoscent;
1282 3934 1342 3980 ut
1380 3927 1483 3982 fert
1523 3930 1627 3983 hoc
1658 3929 1938 3986 Zachariae

352 4012 628 4091 prophetae
671 4012 895 4069 eﬂ'atum
947 4033 960 4070 :
1000 4035 1020 4068 ι
1076 4016 1142 4071 Ει
1175 4018 1440 4088 aspicient
1472 4021 1539 4075 ad
1594 4038 1715 4088 me,
1776 4039 1936 4093 quem

354 4103 701 4156 eonliserunt
724 4102 794 4159 ".
831 4121 852 4156 ι
884 4105 940 4159 Et
978 4108 1435 4176 quemadmodqu
1462 4109 1585 4167 illos
1616 4113 1939 4181 poenitentia

354 4191 569 4260 ductos,
603 4209 670 4249 ex
698 4192 1008 4252 Chanana‘a
1047 4199 1113 4252 ad
1148 4213 1207 4253 se
1249 4194 1628 4268 adventantes,
1673 4201 1941 4275 Iosephus

358 4299 478 4338 enm
511 4288 657 4342 omni
691 4288 897 4343 familia
926 4289 1093 4357 aluit;
1122 4290 1204 4346 sic
1238 4301 1510 4361 quotquot
1540 4302 1653 4350 toto
1676 4295 1781 4353 hoc
1811 4299 1942 4353 orbe

357 4373 571 4432 Judaici
612 4379 851 4434 nominis
887 4393 1038 4447 sunt,
1076 4383 1120 4438 si
1149 4383 1477 4453 pmnitentes
1510 4384 1786 4441 Christum
1817 4403 1943 4443 vere

2035 1900 2235 1956 fontem
2289 1901 2355 1957 ⁸⁸.
2418 1901 2536 1957 Illic
2589 1900 2829 1970 pontifex
2891 1901 3178 1956 Madianita
3220 1908 3425 1971 septem
3478 1900 3618 1957 ﬁlias

2032 1994 2286 2058 habt-bat,
2315 2010 2436 2064 qua!
2469 1996 2586 2062 ejus
2628 2010 2759 2049 oves
2808 2003 3099 2063 pascerent
3137 1994 3218 2060 ‘9;
3260 1993 3348 2048 hic
3376 1993 3618 2063 septenis

2032 2082 2268 2156 Spiritus
2319 2086 2498 2153 donis,
2531 2084 2644 2141 Deo
2670 2096 2725 2139 et
2750 2085 2900 2140 Patri
2937 2085 3178 2155 gentium
3229 2084 3492 2149 Ecclesia,
3548 2098 3614 2140 ex

2032 2180 2170 2234 varii
2200 2179 2418 2250 generis
2442 2187 2608 2249 atque
2638 2178 2833 2248 linguze
2864 2178 3180 2233 mortalibus
3205 2187 3418 2238 coacta,
3444 2179 3620 2246 pasci-

2029 2279 2139 2334 tur,
2174 2271 2412 2325 demissa
2464 2269 2808 2326 hereditaria
2860 2270 3162 2338 impietate.
3205 2269 3324 2323 Illic
3362 2268 3622 2336 Raguelis

2030 2363 2155 2419 ﬁliae
2199 2363 2255 2418 in
2297 2362 2486 2418 Mosen
2519 2362 2794 2427 incidunt;
2831 2362 2917 2416 hic
2953 2362 3006 2415 in
3041 2362 3318 2416 Christum
3350 2375 3415 2415 ex
3448 2361 3623 2428 genti-

2027 2456 2129 2512 bus
2177 2465 2338 2523 natae,
2398 2469 2627 2525 quarum
2662 2456 2832 2524 prima
2883 2452 3060 2509 adfuit
3103 2469 3136 2508 e
3200 2452 3470 2508 Samaria.
3510 2451 3623 2508 lllic

2027 2549 2308 2604 venientes
2372 2557 2625 2619 pastores
2679 2561 2775 2610 eas
2822 2547 3124 2615 pellebant;
3189 2545 3278 2601 hic
3327 2546 3626 2618 Synagngre

2027 2640 2336 2711 pontiﬁces,
2371 2648 2426 2695 et
2454 2649 2701 2710 pastores
2727 2648 2944 2695 exteras
2986 2637 3470 2708 persequebantur.
3501 2636 3618 2691 illic

2030 2747 2260 2803 surgens
2291 2730 2493 2798 Moses,
2530 2729 2829 2801 proﬂigatis
2860 2729 3196 2799 pastoribus,
3229 2740 3285 2783 et
3316 2743 3512 2798 aquam
3542 2728 3625 2782 eis

2029 2824 2237 2891 hausit,
2271 2834 2324 2879 et
2360 2838 2526 2894 pecus
2554 2822 2848 2893 adaquavit
2873 2822 2943 2878 '°.
2977 2820 3077 2876 llic
3102 2821 3351 2876 Christus
3380 2835 3444 2874 ex
3482 2835 3628 2874 mor-

2029 2916 2139 2971 tuis
2166 2930 2476 2984 resurgens,
2512 2914 2772 2971 seelestos
2817 2923 2873 2970 et
2899 2913 3066 2969 falsos
3094 2920 3343 2980 pastores
3382 2910 3617 2981 fugavit,

2026 3008 2239 3077 sibique
2294 3007 2453 3062 ﬁdem
2495 3006 2778 3071 habentes,
2827 3021 2967 3074 aqua
3017 3006 3160 3070 viva,
3202 3004 3254 3058 id
3299 3012 3405 3085 est,
3437 3003 3626 3057 divino

1955 3130 2003 3193 ο
2032 3115 2132 3155 suo
2165 3099 2486 3169 ctelestique
2506 3099 2779 3166 praeconio
2810 3095 3043 3167 rigavit;
3075 3095 3282 3149 addens
3308 3112 3323 3150 :
3357 3113 3374 3146 ι
3407 3093 3462 3149 Si
3497 3094 3624 3162 quis

2032 3192 2168 3254 sitit,
2203 3191 2388 3245 veniat
2416 3190 2482 3245 ad
2512 3205 2622 3254 me,
2653 3189 2889 3243 etbibat
2916 3189 2982 3241 εί.
3017 3206 3038 3240 ι
3073 3186 3182 3242 Ilia:
3217 3187 3470 3258 ltaguelis
3499 3185 3625 3241 ﬁlim

2031 3285 2098 3338 ad
2132 3293 2338 3353 patrem
2373 3298 2534 3338 suum
2563 3297 2847 3351 regressae,
2880 3281 3045 3335 Mosis
3074 3280 3310 3335 studium
3341 3293 3625 3334 commen-

2032 3375 2166 3430 dant
2227 3375 2312 3442 ⁸²;
2369 3373 2714 3428 Samaritana
2777 3373 2845 3428 ad
2906 3372 3148 3427 Natalem
3212 3385 3453 3436 reversa,
3516 3368 3625 3424 mei

2036 3466 2344 3522 Servaloris
2395 3464 2806 3534 amplitudinem
2844 3464 3146 3533 βιῶ-ἥιρει..
3182 3462 3381 3532 [laguel
3428 3462 3628 3532 quaerit

2037 3574 2100 3615 ex
2125 3558 2357 3623 ﬁliabus,
2383 3557 2470 3614 ubi
2498 3558 2563 3612 sit
2582 3557 2605 3611 ?
2627 3567 2978 3612 accerserent
2998 3554 3413 3624 hominem,th
3445 3553 3627 3608 cibum

2037 3659 2276 3720 caperet.
2320 3649 2422 3706 Hic
2454 3651 2695 3706 caelestis
2739 3649 2938 3721 panis:
2985 3667 3005 3701 ι
3041 3649 3150 3718 Ego
3189 3648 3391 3713 cibum,
3428 3647 3629 3716 inquit,

2039 3743 2247 3809 habeo,
2309 3743 2665 3808 manducare,
2711 3757 2869 3810 quem
2923 3756 3020 3795 vos
3076 3740 3299 3795 nescitis
3339 3739 3404 3794 ⁸³.
3456 3738 3633 3794 Moses

2038 3834 2111 3889 ibi
2142 3834 2282 3903 apud
2309 3834 2582 3890 hominem
2626 3833 2792 3903 degit,
2823 3832 2983 3902 eique
3022 3830 3109 3886 ille
3138 3830 3434 3901 Sephoram
3462 3829 3630 3883 ﬁliam

2039 3924 2215 3980 elocat
2245 3924 2337 3980 ’δε
2401 3940 2553 3979 meus
2603 3922 2865 3979 Servatur
2913 3923 2967 3976 in
3016 3920 3264 3976 Samaria
3317 3919 3630 3984 cunsidcus,

2045 4029 2102 4071 et
2143 4031 2265 4071 eam
2312 4016 2660 4082 collustrans,
2707 4015 2901 4070 bellam
2943 4014 3185 4082 gentium
3219 4010 3512 4066 Ecclesiam
3539 4013 3638 4064 de-

2041 4117 2313 4178 sponsat:
2374 4121 2501 4163 nam
2556 4105 2806 4176 Sephora
2852 4104 3058 4160 Judaais
3108 4103 3326 4166 bellam,
3376 4116 3471 4156 seu
3521 4099 3637 4155 col-

2041 4201 2415 4256 lustrationem
2457 4208 2633 4255 notat.
2681 4195 2800 4253 Jam
2824 4212 2956 4252 vero
2990 4198 3129 4252 duos
3152 4193 3316 4250 Mosis
3358 4193 3496 4249 ﬁlios
3530 4192 3633 4248 oh-

2044 4304 2279 4360 set-vate,
2313 4293 2404 4362 qui
2440 4292 2507 4348 ad
2531 4294 2637 4346 duo
2667 4291 2872 4347 lcedera
2907 4292 3222 4354 trahuntur,
3262 4303 3497 4359 quorum
3543 4286 3633 4342 lex

2046 4383 2292 4440 Gersami
2326 4385 2545 4440 nomine
2573 4391 2884 4450 censeatur,
2915 4382 3006 4453 qui
3055 4381 3277 4451 quidem
3309 4380 3635 4452 peregrinus

361 4467 457 4522 Dei
515 4467 714 4525 Filium
769 4473 1164 4541 conﬁteantur,
1228 4489 1324 4531 eos
1384 4476 1594 4532 caelesti
1629 4488 1683 4532 et
1717 4479 1940 4535 immor-
1967 4466 2023 4527 D
2050 4478 2262 4544 fuerat;
2290 4477 2527 4532 nondum
2550 4475 2696 4531 enim
2721 4477 2773 4530 in
2795 4474 3118 4545 promissam
3140 4483 3340 4529 terram
3376 4471 3637 4528 Israelita:

363 4562 454 4615 tali
484 4577 622 4632 pane
656 4564 787 4633 alet,
823 4574 882 4619 ut
915 4567 968 4621 in
995 4567 1288 4638 Evangelia
1314 4577 1583 4625 testatur:
1626 4588 1646 4623 ι
1685 4571 1795 4641 Ego
1821 4586 1941 4627 sum

2048 4566 2390 4632 invaserant;
2429 4563 2657 4619 Gersam
2710 4572 2891 4619 autem
2931 4562 3134 4619 Judaeis
3173 4564 3317 4618 idem
3359 4571 3464 4625 est,
3491 4560 3636 4630 quod

361 4656 518 4723 panis
560 4657 738 4722 vivus,
781 4657 873 4729 qui
918 4660 985 4713 de
1017 4659 1156 4714 coelo
1184 4661 1465 4716 descendi.
1500 4662 1605 4729 Qui
1650 4663 1947 4722 manduca;
2045 4659 2375 4730 peregrinus.
2419 4657 2590 4714 Porro
2636 4657 2849 4714 Eliezer
2887 4658 3010 4714 novi
3044 4656 3268 4713 foederis
3289 4655 3491 4713 Christi
3534 4655 3642 4709 Du-

362 4763 540 4802 ntcam
589 4763 837 4813 carnem,
890 4760 943 4806 et
985 4751 1129 4806 bibit
1180 4768 1360 4809 meum
1398 4755 1745 4826 sanguinem,
1786 4758 1948 4813 habet
2049 4752 2181 4807 milli
2220 4753 2388 4820 “gnra
2423 4760 2546 4818 est;
2594 4751 2796 4821 quippe
2836 4751 2942 4806 hoc
2969 4749 3176 4806 “Edere
3230 4749 3467 4806 ineundo
3493 4746 3642 4802 Deus

362 4842 526 4893 vitam
575 4852 834 4897 aeternam
857 4882 873 4908 ,
910 4862 929 4896 ι
966 4854 1023 4898 et
1055 4846 1109 4900 in
1136 4845 1401 4916 judicium
1446 4864 1553 4904 non
1591 4850 1772 4905 veniet
1808 4848 1947 4919 (20),

364 4935 460 4987 sed
498 4953 515 4985 ι
556 4950 655 5004 ego
702 4937 1042 4991 resuscitabo
1085 4954 1210 4993 eum
1258 4940 1313 4994 in
1364 4942 1663 4997 novissimo
1698 4944 1786 4998 die
1823 4942 1889 4995 ιδ.
1924 4961 1944 4996 ι

366 5025 791 5081 Suscitatiouetn
829 5030 916 5083 hic
939 5046 1045 5085 non
1066 5030 1211 5086 illam
1241 5045 1604 5103 mortuorum,
1627 5050 1731 5105 qua
1761 5051 1955 5091 omnes

368 5119 663 5174 suscitandi
691 5128 839 5182 sunt,
875 5122 969 5175 sed
1026 5121 1333 5178 decessoris
1362 5125 1579 5192 Adatni,
1614 5127 1953 5196 signiﬁcans.

441 5208 546 5265 Sed
587 5222 802 5281 tempus
822 5209 935 5281 jam
969 5225 1076 5280 est,
1108 5218 1283 5285 captis
1326 5216 1582 5275 MOSaiCte
1623 5220 1955 5291 interpreta-

444 5394 489 5428 “
529 5396 697 5450 Exod.
743 5413 810 5458 ιι.
853 5397 943 5452 15.

370 5468 419 5499 ⁸³
457 5465 587 5521 Gen.
633 5483 720 5529 ιιι..
780 5472 871 5522 Η.
968 5468 1015 5501 ⁸⁸
1054 5467 1192 5521 Osee
1234 5482 1320 5531 xt,
1361 5468 1413 5522 i.

445 5718 558 5785 (20)
598 5718 725 5772 "me
762 5736 864 5773 non
898 5730 1024 5775 sunt
1056 5720 1108 5774 in
1144 5720 1393 5787 Vulgata.

2050 4846 2210 4900 terris
2240 4842 2558 4915 Opitulatus,
2591 4857 2688 4899 eas
2710 4859 2740 4898 a
2768 4841 2958 4899 fraude
2991 4842 3107 4915 (2|)
3141 4842 3459 4898 vindicavit.
3502 4839 3638 4894 Nam

2056 4937 2267 4992 Eliezer
2295 4933 2496 4991 ludatis
2519 4935 2744 5006 perinde
2771 4944 2856 4990 est
2888 4950 2952 4992 ac
2983 4937 3027 4989 si
3051 4935 3202 4991 dicas
3226 4934 3541 5005 opitulator.

2126 5031 2235 5086 Sed
2270 5036 2492 5100 prastat
2519 5027 2691 5084 Exodi
2711 5042 2928 5098 quoque
2951 5027 3271 5083 vaticinium
3297 5026 3460 5081 verbo
3482 5034 3643 5082 tenus

2050 5138 2361 5181 recensere.
2409 5141 2429 5176 ι
2480 5119 2610 5177 Post
2671 5119 2900 5174 multum
2939 5135 3067 5176 vero
3109 5119 3389 5190 temporis.
3426 5137 3445 5170 ι
3484 5119 3640 5185 Quod

2057 5212 2490 5286 temporislongi
2529 5208 2769 5281 spatium
2802 5209 3062 5279 propheta
3098 5208 3406 5281 signiﬁcat?
3449 5207 3642 5265 Delieti

1036 5395 1088 5469 ‘f_
1120 5394 1254 5451 Luc.
1297 5411 1451 5469 xxnt,
1489 5396 1711 5469 28,39.
1785 5398 1830 5429 "
1868 5396 1931 5452 Gt

2046 5410 2138 5469 xu,
2178 5395 2269 5469 ξι).
2346 5393 2394 5425 ⁸³
2433 5391 2631 5469 Za‘cb.‘
2666 5412 2740 5469 ιιι
2765 5435 2780 5458 ,
2846 5393 2934 5469 10.
3008 5391 3250 5469 ‘fAJoan.
3291 5407 3374 5469 vr,
3416 5392 3507 5469 5i,
3549 5393 3643 5469 se,

1512 5468 1556 5501 “
1598 5467 1769 5522 Exod.
1812 5484 1883 5532 ιι,
1927 5488 1931 5498 λ

2094 5467 2140 5499 ⁸⁸
2175 5466 2332 5520 Joan.
2374 5481 2447 5529 ιν,
2490 5464 2543 5519 6.
2618 5464 2664 5499 δ’
2706 5468 2877 5521 Exod.
2920 5480 2979 5528 ιι,
3020 5464 3107 5530 16,
3149 5464 3236 5520 18.
3312 5464 3358 5497 ⁸ο
3400 5467 3530 5519 tbid.
3573 5466 3643 5523 i9

370 5552 525 5606 seqq.
597 5539 642 5569 "
678 5537 979 5612 Junnavn,
1019 5538 1109 5594 57.
1185 5536 1231 5571 ³⁸
1274 5538 1442 5594 Exod.
1486 5553 1544 5602 tt,
1588 5540 1674 5594 l9.
1748 5539 1795 5570 ⁸³
1830 5538 1924 5594 Joa

2033 5554 2108 5603 tv,
2147 5539 2236 5594 5:3.

2314 5537 2361 5568 "
2402 5536 2573 5591 Exod.
2617 5552 2676 5605 It,
2717 5536 2807 5591 21.

447 5792 557 5860 (at;
601 5794 821 5847 Sclllccl
857 5794 1084 5856 diaboli,
1111 5795 1383 5860 quomodo
1408 5794 1568 5849 etiam
1599 5790 1849 5858 suspicor
1879 5790 2184 5857 legendum.
