4044 6404
426 330 540 394 835

1603 319 2038 384 ANDRONICI
2081 319 2431 383 COMNENI

3581 322 3689 387 8‘6

427 440 696 496 mortalis.
737 457 756 492 ι
803 437 1230 506 lngemiscentes
1272 436 1364 492 Iilii
1408 436 1600 502 Israel,
1630 456 1648 490 ι
1679 437 1730 490 id
1761 447 1862 501 est,
1888 451 2015 490 san-
2042 437 2089 496 Α
2120 439 2399 506 apparavi.
2438 458 2455 490 ι
2490 437 2554 493 Et
2584 439 2693 493 ait:
2747 438 2856 509 Ego
2894 455 3013 494 sum
3047 439 3188 496 Dens
3219 443 3390 511 patris
3415 445 3511 510 tui,
3546 444 3690 502 Deus

427 543 642 585 ctorum
664 544 872 595 manes,
903 529 1042 599 apud
1077 528 1282 583 inferos
1308 528 1529 598 captivi,
1555 545 1573 579 ι
1600 539 1820 598 propter
1849 543 2013 596 opera

427 621 710 676 vociferati
741 632 900 684 sunt;
929 621 1282 689 ascenditque
1312 619 1518 673 clamor
1535 635 1721 672 eorum
1749 620 1815 672 ad
1845 619 2011 673 Deunt

431 715 500 769 ab
535 716 794 784 operibus
821 715 888 765 ⁸³.
926 733 944 766 ι
975 714 1095 767 Alio
1143 713 1396 767 dicente:
1431 731 1447 763 ι
1488 712 1633 765 Educ
1673 711 1738 765 de
1769 712 2012 766 cnstod:a

425 805 662 858 animam
701 819 875 858 meam
917 805 1002 871 5°;
1041 822 1058 856 ι
1096 803 1201 858 alio
1235 821 1249 857 :
1299 821 1316 854 ι
1360 802 1520 867 Deus,
1553 802 1780 856 ostende
1821 800 2011 854 faciem

425 908 602 961 tuam,
653 910 706 952 et
753 897 887 951 salvi
935 899 1142 951 erimus
1180 897 1264 964 ⁸⁷;
1320 913 1338 947 ι
1376 896 1525 949 alio:
1575 913 1592 944 ι
1625 893 1696 947 De
1737 892 2014 963 profundis

432 989 661 1042 clamavi
726 989 792 1041 ad
854 997 926 1054 te,
984 987 1244 1052 Domine,
1285 985 1532 1050 Domine,
1569 985 1762 1038 exaudi
1824 998 2009 1036 vocem

435 1096 608 1131 meam
639 1077 722 1139 '3;
780 1078 885 1130 alio
918 1093 934 1129 :
988 1094 1006 1125 ι
1056 1075 1214 1130 Fiant
1253 1089 1413 1130 aures
1445 1083 1546 1128 tua:
1591 1073 1931 1127 intendentes
1958 1074 2009 1126 in

431 1182 618 1221 vocent
677 1167 1076 1236 deprecationis
1126 1180 1258 1219 mea:
1307 1163 1375 1219 ⁵⁹.
1441 1183 1461 1216 ο
1511 1165 1716 1217 Horum
1769 1163 2008 1216 omnium

420 1260 786 1330 querimonia:
813 1259 878 1312 ad
908 1252 1075 1311 Deum
1117 1267 1503 1327 pervenerunt.
1542 1272 1558 1306 t
1592 1255 1670 1308 Ac
1697 1255 2010 1308 recordatus

423 1361 511 1408 est
547 1351 792 1415 hederis,
829 1353 970 1420 quod
1011 1351 1212 1420 pepigit
1247 1366 1369 1404 cum
1411 1349 1709 1409 Abraham,
1746 1347 1922 1412 Isaac,
1959 1355 2011 1400 et

423 1441 598 1497 Jacob
630 1444 697 1495 ⁸ο.
722 1462 740 1494 ι
773 1443 883 1497 Illic
917 1459 1038 1499 cum
1067 1443 1402 1508 Abrahamu,
1425 1441 1511 1497 hic
1541 1459 1660 1498 cum
1689 1441 2011 1510 primigenio

426 1537 736 1591 Atlaino.1
799 1537 864 1591 Et
915 1537 1156 1604 respexit
1217 1536 1478 1590 Dominus
1539 1534 1678 1590 filios
1722 1533 1911 1596 Israel,
1957 1543 2012 1587 et

431 1629 684 1695 cognovit
712 1642 806 1681 eos
836 1629 917 1694 “;
964 1647 982 1680 ι
1031 1628 1082 1681 id
1117 1638 1220 1692 est,
1251 1639 1436 1684 nostra
1479 1636 1730 1692 tanquam
1770 1625 2007 1680 ntiscella

392 1778 395 1784 ,
428 1719 701 1774 induenda
734 1721 892 1774 homo
920 1718 1094 1774 factus
1141 1729 1244 1781 est,
1274 1719 1450 1774 simile
1489 1719 1652 1772 simi'i
1683 1727 2009 1788 expurgatu-

2116 531 2414 594 Abraham,
2448 531 2586 583 Deus
2623 530 2792 595 Isaac,
2827 543 2880 586 et
2912 532 3054 587 Deus
3092 533 3281 588 Jacob.
3318 554 3335 585 ι
3374 535 3526 600 Quod
3557 538 3685 593 dicit

2115 620 2377 688 ejusmodi
2405 633 2530 680 est;
2571 623 2679 693 Ego
2728 623 2866 677 Deus
2910 627 3206 690 Abraham,
3235 626 3376 682 Dens
3415 629 3582 694 Isaae,
3630 641 3685 686 et

2119 713 2258 766 Dens
2307 711 2494 772 Jaeoh.
2549 715 2676 767 olim
2729 716 2782 768 in
2837 717 3073 784 Virginis
3133 729 3308 783 utero,
3358 721 3684 786 benignitate

2113 803 2300 856 teterni
2329 805 2428 858 ntei
2453 803 2652 869 Patris,
2677 817 2729 860 et
2761 815 2843 861 ter
2870 810 3042 862 sancti
3072 809 3306 878 Spiritus
3326 828 3427 882 ope
3466 814 3682 884 degant.

2119 912 2137 944 ι
2171 895 2466 949 Abscondit
2495 897 2668 952 Moses
2698 900 2887 954 faciem
2918 918 3068 955 suam
3107 920 3118 954 :
3147 918 3248 956 nou
3286 907 3427 958 enim
3458 907 3688 962 audebat

2113 987 2359 1054 aspicere
2382 995 2570 1042 contra
2605 991 2768 1044 Deum
2791 992 2858 1046 ⁸⁷.
2897 1011 2915 1043 ι
2950 991 3121 1046 Divini
3154 993 3309 1048 Verbi
3342 997 3407 1050 ad
3443 999 3688 1055 homines

2114 1079 2427 1149 degressum
2469 1092 2522 1136 et
2549 1084 2976 1139 incarnationem
3009 1088 3278 1156 stupebat,
3311 1099 3364 1144 et
3390 1093 3690 1146 admiraba-

2117 1179 2222 1224 tur.
2289 1189 2306 1221 ι
2347 1169 2444 1225 Cui
2482 1173 2556 1226 ait
2598 1175 2856 1230 Dominus
2896 1175 3061 1230 :Vidi
3115 1177 3455 1234 aillictionem
3503 1187 3686 1252 populi

2113 1259 2215 1310 tnei
2260 1259 2311 1312 in
2356 1258 2614 1331 Egypto,
2649 1273 2704 1317 et
2747 1264 3042 1319 clamorem
3091 1267 3208 1335 ejus
3239 1272 3417 1324 audivi
3468 1287 3690 1343 propter

2112 1349 2368 1404 duritiam
2418 1369 2604 1407 eorum
2653 1356 2745 1425 qui
2785 1371 3022 1426 praesunt
3056 1360 3310 1428 operibus
3360 1363 3424 1419 ⁸⁸.
3478 1383 3497 1416 ›
3550 1367 3688 1433 Vidi,

2113 1441 2311 1510 inquit,
2344 1456 2566 1499 vexatos
2607 1450 2747 1515 apud
2780 1449 2982 1505 inferos
3032 1460 3348 1509 sanctorum
3384 1472 3589 1523 manes,
3623 1463 3692 1517 ab

2111 1533 2344 1598 infestis,
2379 1553 2478 1593 nec
2515 1541 2808 1609 quidquam
2860 1544 2925 1597 ad
2979 1545 3118 1599 mala
3164 1563 3325 1613 Opera
3378 1555 3690 1620 urgentibus

2112 1623 2378 1694 improbis
2430 1631 2767 1685 daemonibus
2813 1632 2972 1702 (quos
3021 1645 3074 1689 et
3105 1639 3285 1704 opt-ris
3315 1653 3595 1697 exactores
3625 1662 3691 1699 eo

2112 1718 2329 1772 nomine
2382 1720 2673 1790 appellat);
2721 1725 2923 1778 etenim
2955 1740 3163 1792 revera,
3207 1745 3328 1783 cum
3372 1746 3400 1784 a
3448 1733 3552 1788 Deo
3593 1753 3690 1806 per

426 1828 544 1867 rus.
583 1829 601 1862 ι
640 1811 814 1866 Moses
846 1822 1024 1864 autem
1063 1807 1319 1880 pascebat
1341 1827 1471 1866 oves
1497 1809 1689 1865 Jethro
1719 1812 1893 1864 soceri
1925 1809 2006 1864 sui
2039 1802 2081 1856 Β
2112 1808 2470 1877 ignorantiam
2507 1811 2743 1878 abimus,
2766 1823 2893 1868 tunc
2924 1815 2976 1868 in
3005 1821 3208 1884 peccati
3243 1823 3354 1875 luto
3385 1802 3690 1893 versamur,

429 1904 734 1958 sacerdotis
759 1903 1012 1970 Madian;
1066 1921 1085 1954 ι
1124 1903 1231 1957 illic
1269 1903 1449 1958 Moses
1495 1903 1681 1958 brutas
1714 1903 1891 1956 soceri
1925 1903 2006 1956 sui

424 1994 750 2057 sacerdotis,
812 1993 900 2049 hic
949 1994 1224 2058 Christus,
1284 1993 1422 2050 alter
1484 1993 1685 2060 Moses,
1717 1993 2009 2048 rationales

431 2084 620 2137 aeterni
675 2081 854 2139 Patris
908 2098 1038 2140 oves
1072 2087 1346 2154 pascebat.
1394 2102 1414 2136 ι
1461 2083 1706 2153 Cumque
1751 2086 2012 2138 minasset

429 2190 644 2244 gregem
677 2174 743 2228 ad
773 2175 1030 2230 interiora
1060 2176 1279 2244 deserti,
1321 2176 1473 2230 venit
1515 2177 1583 2230 ad
1633 2186 1868 2230 montem
1916 2175 2008 2229 Dei

437 2267 614 2321 lloreb
638 2268 719 2336 ⁶²;
752 2287 771 2320 i
800 2284 921 2322 nam
949 2269 1228 2325 rationalis
1269 2270 1484 2338 pecoris
1513 2279 1700 2340 pastor
1734 2284 1796 2324 ac
1835 2270 2009 2331 Dens,

425 2378 492 2414 ex
521 2362 816 2430 impietatis
841 2363 1138 2416 solitudine
1177 2375 1308 2416 oves
1334 2362 1618 2426 abductas,
1651 2361 1717 2415 ad
1749 2371 2009 2422 montem,

427 2450 519 2519 qtti
554 2461 637 2504 est
675 2450 767 2504 Dei
823 2451 1038 2516 notitia,
1067 2460 1122 2506 et
1164 2451 1233 2506 ad
1279 2451 1555 2506 caelestem
1597 2465 1662 2506 ac
1693 2462 2009 2521 perpetuam

435 2543 866 2614 Hierosolymam
896 2543 1178 2612 compulit.
1216 2561 1237 2597 ι
1279 2544 1650 2614 Apparuitque
1693 2542 1744 2596 ei
1791 2543 2012 2614 angelus

436 2634 649 2689 Domini
681 2636 732 2687 in
764 2633 978 2688 ﬂamma
1025 2635 1168 2705 ignis
1212 2637 1279 2690 de
1309 2635 1486 2691 medio
1511 2635 1630 2690 rubi
1665 2652 1679 2689 :
1717 2643 1770 2688 et
1796 2637 2015 2690 videbat

430 2725 574 2794 quod
621 2729 786 2781 rubus
820 2729 1059 2793 arderet,
1104 2736 1161 2783 et
1210 2741 1315 2782 non
1363 2727 1780 2782 combureretur
1806 2727 1884 2793 υς
1913 2727 2014 2780 hoc

431 2817 719 2872 indivisam
773 2830 938 2888 atque
1004 2820 1442 2890 impermutatam
1481 2818 1639 2874 Verbi
1679 2819 1844 2874 divini
1888 2835 2011 2873 cum

431 2910 665 2963 humana
714 2921 906 2964 natura
959 2911 1212 2966 unionem
1263 2925 1332 2966 ex
1379 2911 1649 2967 charitate
1699 2923 2009 2982 susceptam

427 3002 700 3070 designat.
723 2998 858 3056 Nam
896 3003 1043 3057 velut
1073 3008 1264 3059 rnbttm
1295 3003 1435 3073 ignis
1469 3003 1748 3072 amplexus
1781 3013 1895 3067 est;
1938 3004 2012 3056 ita

427 3105 482 3148 et
515 3093 657 3148 Deus
679 3092 914 3148 Verbum
950 3095 1208 3166 subiectae
1237 3098 1334 3152 sub
1371 3104 1653 3168 peccatum
1682 3095 1872 3150 Adami
1917 3094 2010 3149 de-
2037 3131 2082 3190 ϐ

427 3185 555 3240 licto
600 3195 804 3241 natura:
846 3187 1162 3242 societatem
1214 3188 1357 3254 iniit,
1388 3201 1584 3257 expers
1633 3187 1866 3256 peccati,
1901 3199 2009 3257 quo

427 3292 529 3331 nos
591 3293 808 3348 quoque
869 3289 1097 3348 peccato
1165 3279 1403 3335 invictos
1463 3289 1810 3350 compararet
1871 3280 2010 3334 alter

427 3370 693 3436 Adamus,
720 3379 775 3424 et
825 3371 1180 3426 recreationis
1210 3380 1409 3426 nostra:
1443 3371 1715 3441 princeps,
1757 3384 1909 3442 aeque
1946 3385 2009 3425 ac

429 3461 582 3528 prior
626 3462 940 3515 ereationis.
978 3479 998 3513 ι
1043 3460 1187 3515 Dixit
1225 3476 1356 3529 ergo
1409 3460 1587 3516 Moses
1637 3479 1652 3516 :
1698 3459 1904 3516 Vadam
1956 3469 2012 3516 et

428 3551 626 3606 videbo
660 3553 925 3607 visionem
959 3553 1103 3608 hanc
1131 3569 1406 3624 magnam,
1441 3569 1611 3623 quare
1641 3568 1746 3609 non
1785 3556 2011 3610 combuo

429 3655 584 3698 ratur
629 3643 794 3698 rubus
843 3643 909 3696 “.
959 3662 979 3696 ι
1035 3643 1204 3699 Recte
1242 3645 1521 3713 obstupuit
1568 3645 1760 3711 Moses,
1802 3647 1894 3716 qui
1958 3647 2007 3701 id

427 3745 640 3789 tantum
669 3745 939 3791 ostentum
972 3751 1094 3791 esse
1120 3735 1347 3808 ﬁguram
1387 3738 1631 3792 eventuri
1663 3739 1843 3792 arcani
1885 3753 2010 3808 pro-

429 3830 684 3898 spiceret,
732 3827 936 3898 liquido
986 3829 1394 3891 demonstrans.
1447 3829 1681 3883 divinam
1718 3827 1874 3884 Verbi
1917 3845 2009 3883 na-

430 3931 604 3974 turam
647 3935 768 3974 cum
817 3922 1170 3977 humanitatis
1220 3921 1409 3986 modo,
1463 3921 1509 3975 si
1561 3921 1780 3991 quidem
1824 3922 2005 3989 vellet,

425 4013 783 4082 copulandam
821 4029 837 4069 :
872 4024 996 4068 nam
1035 4014 1085 4070 ei
1124 4016 1342 4085 quidem
1389 4027 1584 4072 cuncta
1647 4015 1880 4072 faciendi
1925 4025 2011 4071 est

427 4107 693 4172 potentia,

502 4216 521 4249 ι
557 4201 801 4254 Cernetis
823 4207 1002 4253 autem
1035 4197 1318 4265 Dominus,
1356 4198 1497 4268 quod
1539 4209 1791 4270 pergeret
1832 4201 1898 4255 ad
1931 4203 2011 4254 vi-

429 4291 692 4357 dendum,
720 4292 934 4345 vocavit
967 4306 1088 4346 eum
1117 4292 1183 4347 de
1216 4292 1391 4347 medio
1423 4292 1568 4358 rubi,
1599 4303 1651 4347 et
1675 4293 1770 4348 ait.
1835 4311 1854 4344 ι
1897 4293 2010 4349 Illic

432 4385 695 4438 Dominus
719 4383 894 4452 angeli
924 4386 1103 4454 specie
1139 4385 1290 4439 visus
1337 4383 1520 4440 Mosen
1551 4385 1891 4452 inclamavit;
1921 4385 2009 4439 hic

2111 1899 2569 1970 exactoribusqne
2603 1903 2824 1958 obnoxii
2863 1921 3070 1962 smnus.
3102 1911 3170 1962 At
3226 1911 3318 1964 Dei
3350 1914 3595 1968 notitiam
3630 1918 3692 1970 li-

2111 1987 2338 2042 bertatis
2372 1990 2542 2058 gratia
2584 1993 2959 2060 consequitur.
3017 2014 3035 2047 ι
3078 1997 3141 2051 Et
3180 1999 3428 2054 descendi
3470 2015 3525 2055 ut
3556 2004 3696 2059 libe—

2114 2096 2227 2134 rem
2253 2096 2376 2136 entu
2408 2084 2474 2138 de
2507 2087 2755 2141 manibus
2784 2087 3181 2160 Egyptiorum.
3220 2112 3240 2145 ι
3275 2095 3539 2156 Conscius
3567 2104 3691 2157 vani

2114 2173 2390 2249 hominum
2425 2179 2590 2231 studii
2631 2193 2758 2246 erga
2812 2181 3088 2236 immolata
3137 2185 3314 2252 idolis,
3371 2191 3620 2247 descendi
3661 2211 3692 2247 a

2115 2263 2279 2321 Patre
2310 2284 2655 2338 nequaquam
2691 2283 2996 2341 separatus,
3033 2277 3098 2330 ad
3130 2263 3463 2347 eripiendum
3493 2284 3698 2338 dmino-

2116 2359 2274 2412 nibus
2297 2360 2482 2440 orbem
2507 2371 2801 2417 terrarum.
2841 2383 2860 2417 ι
2898 2365 2958 2419 ΕΙ
2987 2369 3212 2422 educam
3246 2371 3311 2424 de
3343 2381 3483 2426 terra
3518 2375 3629 2440 illa;
3671 2395 3690 2429 ι

2113 2454 2466 2507 contumacia:
2491 2465 2543 2508 et
2573 2457 2938 2522 mortalitatis,
2962 2479 2979 2511 ι
3005 2459 3055 2514 in
3078 2470 3276 2516 terram
3307 2465 3522 2530 bonam,
3546 2487 3562 2518 ι
3585 2471 3698 2524 sci-

2113 2541 2240 2596 licet
2269 2544 2713 2614 immortalitatis,
2743 2561 2793 2604 et
2833 2551 2922 2605 Dei
2955 2555 3180 2620 notitiai,
3215 2575 3234 2609 ι
3265 2573 3381 2627 qua:
3403 2559 3520 2614 linit
3550 2561 3696 2620 lacte

2113 2645 2168 2689 et
2194 2636 2352 2691 melle
2377 2637 2445 2692 ".
2487 2655 2506 2689 ι
2543 2637 2617 2692 Ex
2651 2655 2712 2693 ea
2747 2650 2889 2696 terra
2923 2643 3005 2699 lac
3037 2655 3091 2700 et
3115 2647 3257 2711 mel:
3299 2664 3363 2704 ex
3413 2651 3697 2710 Dominico

2113 2741 2339 2796 corpore
2367 2744 2505 2800 aqua
2531 2742 2586 2786 et
2608 2734 2827 2805 sanguis
2853 2737 3180 2794 scaturiunt.
3221 2740 3276 2795 id
3304 2743 3446 2798 enim
3478 2756 3530 2800 et
3555 2747 3699 2814 ignis

2115 2833 2238 2872 cum
2269 2821 2405 2876 rubo
2444 2826 2634 2892 copula
2670 2826 2951 2894 designat;
2986 2843 3082 2898 per
3107 2831 3355 2888 ardorem
3387 2838 3604 2905 patibile
3642 2853 3700 2896 et

2117 2911 2342 2967 mortale
2372 2928 2591 2985 corpus,
2649 2932 2746 2987 per
2779 2919 3205 2978 incolumitatem
3235 2941 3298 2981 ex
3323 2934 3535 2993 ardore,
3571 2931 3702 2987 Dei-

2117 3010 2303 3070 tatem,
2340 3020 2460 3074 qua:
2500 3008 2717 3072 invicta,
2763 3011 2979 3065 iishaud
3007 3013 3217 3084 longum
3252 3021 3340 3072 vin
3368 3024 3513 3076 'euda
3529 3037 3698 3088 esset.

2189 3113 2208 3146 ι
2252 3095 2472 3152 Clamor
2503 3114 2632 3168 ergo
2679 3102 2910 3156 ﬁliorum
2954 3103 3115 3160 Israel
3161 3111 3305 3162 vertit
3340 3111 3407 3165 ad
3441 3130 3524 3168 me
3555 3116 3622 3168 "°.
3674 3139 3692 3171 ι

2113 3185 2226 3243 Illic
2251 3175 2470 3259 accepta
2500 3191 2866 3247 Israelitarum
2903 3196 3306 3265 imploratione,
3339 3204 3423 3256 hic
3451 3209 3698 3262 omnium

2111 3299 2176 3338 ex
2209 3285 2419 3340 Adamo
2449 3297 2728 3351 natorum,
2759 3303 3150 3362 perspectaque
3179 3295 3451 3363 violentia,
3492 3317 3593 3369 qua
3627 3309 3700 3361 ab

2109 3376 2382 3449 [Egyptiis
2439 3392 2734 3448 urgentur;
2788 3398 2890 3438 nou
2949 3385 3126 3440 solum
3185 3401 3326 3456 post,
3384 3395 3478 3447 scd
3527 3395 3700 3453 etiam

2112 3481 2242 3524 ante
2282 3470 2723 3538 implorationem
2781 3474 3016 3544 (animos
3051 3479 3192 3532 enim
3224 3491 3459 3550 scrutor)
3493 3486 3702 3540 daemo-

2111 3575 2236 3614 nnm
2268 3561 2581 3617 violentiam
2620 3564 2764 3620 novi.
2802 3583 2820 3617 ι
2864 3567 2967 3622 Sed
3014 3571 3161 3635 veni,
3208 3580 3263 3626 et
3297 3575 3502 3629 tnittam
3543 3589 3593 3632 te
3626 3583 3700 3635 ad

2109 3649 2472 3706 Pharaonem.
2520 3669 2540 3704 ι
2581 3653 2696 3707 Hoc
2743 3654 2922 3710 Patris
2966 3659 3355 3729 benignitatem
3405 3680 3698 3728 monstrat.

2115 3761 2134 3795 ι
2169 3741 2745 3820 Uteducas'pqpulnm
2781 3763 2984 3812 meum,
3037 3750 3175 3805 ﬁlios
3203 3751 3368 3808 Israel
3411 3757 3476 3811 "‘.
3526 3777 3544 3809 ι
3583 3758 3703 3816 Illic

2110 3834 2426 3903 lsraelitas;
2487 3839 2574 3892 hic
2621 3854 2838 3893 onmem
2893 3841 3169 3898 hominum
3220 3857 3421 3901 emtum
3458 3865 3522 3904 ex
3567 3852 3700 3918 Orci

2109 3925 2362 3981 vinculis.
2425 3926 2556 3982 Nam
2604 3929 2779 3985 Orcus
2831 3931 3056 3990 insonte
3107 3951 3171 3992 ae
3216 3938 3429 3995 viviﬁco
3469 3955 3703 4011 corpore

2109 4030 2346 4092 gustato,
2371 4022 2531 4078 etiam
2561 4026 2864 4095 quosjuste
2905 4030 3151 4097 captivos
3186 4032 3436 4100 habebat,
3466 4036 3697 4094 dimisit.

2115 4129 2134 4163 ι
2195 4113 2444 4183 Dixitque
2499 4115 2679 4172 Moses
2738 4118 2802 4171 ad
2859 4118 3080 4176 Deum:
3121 4123 3254 4189 Quis
3288 4141 3408 4180 sum
3456 4145 3576 4195 ego,
3635 4142 3701 4187 ut

2107 4206 2302 4258 vadam
2340 4209 2406 4260 ad
2452 4207 2810 4277 Pharaonem,
2867 4221 2921 4267 et
2955 4215 3186 4270 educam
3239 4218 3380 4276 filios
3421 4219 3581 4276 Israel
3627 4227 3699 4280 de

2109 4296 2343 4368 {Egyplo
2395 4300 2479 4353 7'?
2544 4319 2563 4352 ι
2598 4299 2710 4356 IIoe
2763 4304 2908 4358 velut
2961 4319 3029 4360 ex
3074 4323 3300 4375 persona
3349 4314 3589 4382 corporis
3626 4316 3696 4368 ad

2110 4392 2453 4447 divinitatem
2501 4410 2622 4448 cum
2678 4410 2742 4450 eo
2783 4398 3087 4467 copulatam
3137 4402 3394 4470 propheta
3429 4405 3585 4458 dixit.
3628 4405 3698 4460 Et

425 4473 678 4528 Gabriele
708 4473 985 4546 Virginem
1028 4477 1284 4540 allocuta,
1327 4477 1380 4531 in
1414 4493 1532 4532 eam
1567 4479 1706 4534 Dens
1741 4480 2013 4546 immigra-
2042 4487 2087 4542 Ι)
2119 4484 2245 4539 ille:
2279 4503 2299 4538 ι
2333 4487 2396 4539 At
2425 4497 2598 4539 tecum
2626 4504 2729 4556 ego
2764 4489 3118 4554 descendam,
3156 4507 3480 4562 rursumque
3507 4510 3699 4549 ascen.

430 4566 529 4618 vit.
569 4583 587 4616 ι
626 4565 824 4632 Μοειιε,
864 4567 1036 4622 Moses
1075 4569 1154 4634 ";
1182 4587 1200 4620 ι
1245 4585 1438 4622 nomen
1480 4571 1793 4638 ingeminat,
1831 4581 1888 4625 ut.
1924 4581 2005 4626 aI-

435 4659 655 4722 tontius,
688 4674 809 4726 qua:
854 4661 1188 4725 dicerentur,
1238 4661 1470 4716 audiret.
1501 4662 1637 4727 Quid
1682 4664 1799 4717 est?
1833 4665 2004 4734 inquit

429 4749 534 4802 ille.
580 4767 598 4799 ι
652 4750 726 4803 .\'e
771 4753 1076 4820 apprOpies,
1125 4753 1300 4820 inquit
1343 4753 1623 4818 Dominus,
1661 4753 1810 4807 huc:
1854 4754 2004 4808 solve

428 4839 855 4892 calceamenttnn
887 4842 954 4893 de
981 4841 1208 4909 pedibus
1235 4841 1358 4897 tuis.
1399 4860 1417 4892 ι
1451 4829 1620 4898 Nemo
1657 4843 1884 4912 impuris
1912 4857 2004 4913 pe-

427 4932 585 4983 dibus
614 4933 680 4984 ad
720 4933 1112 4987 decurrendum
1142 4937 1289 5002 pacis
1313 4934 1658 5006 Evangelium
1686 4939 2000 5001 cootendat,

428 5034 521 5077 aut
551 5025 750 5078 calceis
778 5025 1014 5091 indutus,
1042 5029 1432 5097 etsanguihus,
1461 5031 1702 5098 inquam,
1734 5029 1963 5099 pellibus
1987 5046 2003 5096 ;

431 5132 525 5183 per
552 5131 689 5184 quas
724 5117 1027 5186 concitatae,
1063 5130 1224 5186 atque
1255 5121 1483 5184 vitiosa,
1521 5132 1572 5175 et
1598 5121 1773 5184 Reduc,
1810 5123 2004 5176 mortis

426 5220 695 5273 auctores,
751 5210 1110 5282 cogitationes
1145 5224 1426 5280 notantur,
1470 5213 1706 5282 Virginis
1743 5229 2002 5267 arcanum

426 5298 733 5371 investiget.
781 5320 799 5353 ι
846 5301 1022 5358 Locus
1053 5306 1199 5358 enim
1245 5306 1295 5358 in
1325 5321 1434 5372 quo
1465 5319 1600 5370 Stas,
1639 5316 1779 5358 terra
1813 5315 2004 5359 sancta

421 5404 508 5446 est
536 5393 600 5446 ⁸⁸.
645 5413 662 5446 ι
700 5395 830 5448 Nam
865 5408 1248 5465 praesiieratum
1286 5415 1462 5452 meum
1505 5401 1708 5468 regium
1749 5401 2003 5467 palatium

493 5556 542 5585 ⁸³
583 5553 750 5609 Exod.
793 5573 852 5620 II,
891 5558 980 5612 9.5.
1045 5560 1092 5590 “
1127 5560 1266 5616 Psal.
1304 5576 1444 5625 cm,
1488 5562 1540 5616 8.

424 5635 487 5694 II,
523 5625 612 5677 Ἡ.
691 5627 731 5655 ⁶¹
779 5632 906 5680 ibttt.
986 5630 1029 5658 ⁸³³
1062 5631 1245 5684 .Ewtl.
1289 5647 1369 5694 ltI,
1412 5634 1461 5685 1.

428 5691 483 5746 7.
557 5698 600 5726 τ’
642 5697 768 5750 ibid.
810 5696 862 5751 8.
939 5699 982 5729 7°
1025 5699 1156 5756 ibid.
1198 5703 1251 5755 9.

1539 5633 1582 5664 ⁸³
1623 5635 1748 5687 ibid.
1792 5636 1845 5687 2.

1327 5701 1371 5732 ⁷¹
1413 5704 1543 5758 ibid.
1590 5704 1674 5758 10.-

1627 5563 1670 5594 "
1715 5563 1853 5621 Psal.
1890 5579 2076 5630 Lutx,
2117 5566 2170 5619 4.
2234 5568 2279 5598 ⁸³
2323 5567 2462 5621 Psal.
2507 5585 2636 5634 vni,
2679 5571 2769 5626 ΞΟ.

1627 5635 1748 5687 ibid.
1792 5636 1845 5687 2.
1926 5637 1969 5665 ⁸⁸
2015 5639 2140 5691 ibid.
2186 5638 2236 5692 5.
2315 5637 2359 5668 ⁸³
2402 5639 2527 5691 ibid.
2569 5641 2621 5692 4.
2698 5642 2742 5671 ⁸⁵

1749 5705 1796 5736 ⁷³
1851 5706 1978 5760 ibid.
2029 5707 2112 5761 II.

2111 4577 2232 4631 dant
2257 4577 2325 4631 ⁷³.
2372 4596 2391 4628 ι
2422 4578 2534 4632 Hoc
2554 4579 2790 4635 vicissim
2819 4583 3020 4636 dictum
3049 4598 3076 4636 a
3113 4583 3219 4638 Deo
3250 4588 3316 4640 ad
3347 4601 3546 4656 corpus
3567 4603 3693 4643 Clllll

2107 4671 2392 4725 divinitate
2439 4673 2748 4738 copulatum
2811 4676 3061 4744 accipite.
3093 4673 3226 4730 Nam
3273 4685 3325 4730 et
3361 4677 3426 4731 ad
3489 4677 3696 4734 inferos

2110 4761 2253 4816 Deus
2302 4778 2424 4816 cum
2474 4763 2654 4816 anima
2689 4765 2988 4830 descendit,
3029 4777 3082 4822 et
3121 4768 3262 4837 quod
3308 4769 3445 4822 Deus
3481 4783 3699 4824 assum-

2109 4863 2314 4925 pserat,
2363 4871 2484 4910 cum
2518 4871 2582 4910 eo
2618 4873 2720 4911 non
2772 4858 2944 4913 solum
2973 4875 3040 4914 ex
3081 4859 3220 4914 Orco
3253 4861 3302 4914 in
3335 4870 3554 4927 terram,
3595 4865 3693 4918 sed

2112 4963 2179 5002 ex
2225 4959 2367 5003 terra
2419 4963 2633 5018 quoque
2693 4951 2744 5005 in
2801 4953 3022 5017 coelum,
3067 4953 3321 5008 omnibus
3373 4955 3692 5009 cmlestibus

2111 5040 2281 5109 copiis
2316 5040 2571 5108 stipatum
2599 5044 2865 5096 ascendit.
2895 5045 2972 5096 Ac
3001 5059 3067 5098 ne
3097 5045 3480 5113 disputationis
3503 5050 3692 5102 suavi-

2110 5140 2276 5185 tatem
2307 5134 2594 5187 verbornm
2636 5134 2955 5190 assiduitate
2990 5135 3255 5204 ingratam
3293 5151 3689 5206 comparemus,

2112 5240 2230 5294 age,
2268 5226 2548 5279 historiam
2575 5240 2790 5279 omnem
2812 5226 2981 5283 Mosis
3001 5229 3338 5296 compendio,
3360 5238 3414 5283 et
3439 5240 3688 5298 tanquam

2111 5317 2282 5385 digito
2313 5327 2581 5370 notemus.

2188 5408 2357 5476 Igitur
2404 5409 2580 5464 Moses
2627 5410 2680 5465 in
2717 5409 3010 5481 Aigypntm
3054 5410 3343 5478 degressus
3377 5421 3486 5474 est;
3517 5408 3691 5464 dulcis

3437 5569 3479 5601 "°
3518 5568 3686 5621 Exod.

3471 5642 3514 5671 ⁵⁸
3557 5639 3684 5693 ibid.

2830 5572 2911 5618 ιδ’
2953 5571 3094 5623 Psal.
3136 5581 3259 5625 cxx.
3308 5570 3356 5623 I.

2315 5637 2359 5668 ⁸³
2402 5639 2527 5691 ibid.
2569 5641 2621 5694 4.
2698 5642 2742 5671 ⁸⁵
2785 5642 2912 5696 ibid.
2957 5640 3011 5694 5.
3081 5639 3120 5671 ⁸⁷
3166 5642 3294 5694 ibid.
3337 5640 3389 5694 6.

2190 5709 2235 5740 ⁷³
2276 5707 2408 5763 ibid.
2450 5709 2536 5764 I2.
