  <div class='ocr_page' id='page_1' title='image "/cluster/home/n/w/nwhite01/storage/ocr_20150623/133/coo.31924054870385/426.png"; bbox 0 0 4044 6400; ppageno 0'>
   <div class='ocr_carea' id='block_1_1' title="bbox 314 310 419 373">
    <p class='ocr_par' dir='ltr' id='par_1_1' title="bbox 314 310 419 373">
     <span class='ocr_line' id='line_1_1' title="bbox 314 310 419 373; baseline 0.01 -1"><span class='ocrx_word' id='word_1_1' title='bbox 314 310 419 373; x_wconf 84' lang='grc'><strong>837</strong></span> 
     </span>
    </p>
   </div>
   <div class='ocr_carea' id='block_1_2' title="bbox 1438 307 2540 374">
    <p class='ocr_par' dir='ltr' id='par_1_2' title="bbox 1438 307 2540 374">
     <span class='ocr_line' id='line_1_2' title="bbox 1438 307 2540 374; baseline 0 -2"><span class='ocrx_word' id='word_1_2' title='bbox 1438 308 1824 374; x_wconf 81' lang='lat' dir='ltr'><strong>DIALOGUS</strong></span> <span class='ocrx_word' id='word_1_3' title='bbox 1858 307 2163 368; x_wconf 71' lang='lat' dir='ltr'><strong>CONTRA</strong></span> <span class='ocrx_word' id='word_1_4' title='bbox 2207 309 2540 372; x_wconf 84' lang='lat' dir='ltr'><strong>JUD/EOS.</strong></span> 
     </span>
    </p>
   </div>
   <div class='ocr_carea' id='block_1_3' title="bbox 3485 317 3590 381">
    <p class='ocr_par' dir='ltr' id='par_1_3' title="bbox 3485 317 3590 381">
     <span class='ocr_line' id='line_1_3' title="bbox 3485 317 3590 381; baseline 0.019 -2"><span class='ocrx_word' id='word_1_5' title='bbox 3485 317 3590 381; x_wconf 71' lang='lat'><strong>838</strong></span> 
     </span>
    </p>
   </div>
   <div class='ocr_carea' id='block_1_4' title="bbox 317 422 3590 494">
    <p class='ocr_par' dir='ltr' id='par_1_4' title="bbox 317 422 3590 494">
     <span class='ocr_line' id='line_1_4' title="bbox 317 422 3590 494; baseline 0.003 -12"><span class='ocrx_word' id='word_1_6' title='bbox 317 427 475 482; x_wconf 74' lang='lat' dir='ltr'><strong>.Icsns</strong></span> <span class='ocrx_word' id='word_1_7' title='bbox 521 426 588 481; x_wconf 89' lang='lat' dir='ltr'><strong>ad</strong></span> <span class='ocrx_word' id='word_1_8' title='bbox 646 427 871 484; x_wconf 76' lang='lat' dir='ltr'><strong>inferos.</strong></span> <span class='ocrx_word' id='word_1_9' title='bbox 930 426 1022 482; x_wconf 85' lang='lat' dir='ltr'><strong>Ille</strong></span> <span class='ocrx_word' id='word_1_10' title='bbox 1075 426 1130 483; x_wconf 89' lang='lat' dir='ltr'><strong>in</strong></span> <span class='ocrx_word' id='word_1_11' title='bbox 1166 426 1506 482; x_wconf 77' lang='lat' dir='ltr'><strong>Pharaonem</strong></span> <span class='ocrx_word' id='word_1_12' title='bbox 1565 422 2355 492; x_wconf 67' lang='lat' dir='ltr'><strong>insurrexit;Acogitttiones</strong></span> <span class='ocrx_word' id='word_1_13' title='bbox 2410 431 2698 494; x_wconf 81' lang='lat' dir='ltr'><strong>inhzerent,</strong></span> <span class='ocrx_word' id='word_1_14' title='bbox 2754 433 2805 485; x_wconf 91' lang='lat' dir='ltr'><strong>in</strong></span> <span class='ocrx_word' id='word_1_15' title='bbox 2860 432 2923 488; x_wconf 90' lang='lat' dir='ltr'><strong>iis</strong></span> <span class='ocrx_word' id='word_1_16' title='bbox 2959 432 3125 487; x_wconf 91' lang='lat' dir='ltr'><strong>etiam</strong></span> <span class='ocrx_word' id='word_1_17' title='bbox 3176 447 3366 488; x_wconf 92' lang='lat' dir='ltr'><strong>earum</strong></span> <span class='ocrx_word' id='word_1_18' title='bbox 3429 435 3590 493; x_wconf 69' lang='lat' dir='ltr'><strong>fictor</strong></span> 
     </span>
    </p>
   </div>
   <div class='ocr_carea' id='block_1_5' title="bbox 318 517 1907 587">
    <p class='ocr_par' dir='ltr' id='par_1_5' title="bbox 318 517 1907 587">
     <span class='ocr_line' id='line_1_5' title="bbox 318 517 1907 587; baseline 0.001 -16"><span class='ocrx_word' id='word_1_19' title='bbox 318 519 563 573; x_wconf 78' lang='lat' dir='ltr'><strong>divinum</strong></span> <span class='ocrx_word' id='word_1_20' title='bbox 624 518 936 574; x_wconf 86' lang='lat' dir='ltr'><strong>Servaloris</strong></span> <span class='ocrx_word' id='word_1_21' title='bbox 994 519 1095 573; x_wconf 88' lang='lat' dir='ltr'><strong>mei</strong></span> <span class='ocrx_word' id='word_1_22' title='bbox 1153 534 1350 587; x_wconf 84' lang='lat' dir='ltr'><strong>corpus</strong></span> <span class='ocrx_word' id='word_1_23' title='bbox 1404 519 1607 574; x_wconf 78' lang='lat' dir='ltr'><strong>inferos</strong></span> <span class='ocrx_word' id='word_1_24' title='bbox 1659 517 1907 586; x_wconf 90' lang='lat' dir='ltr'><strong>diripuit.</strong></span> 
     </span>
    </p>
   </div>
   <div class='ocr_carea' id='block_1_6' title="bbox 318 610 1908 680">
    <p class='ocr_par' dir='ltr' id='par_1_6' title="bbox 318 610 1908 680">
     <span class='ocr_line' id='line_1_6' title="bbox 318 610 1908 680; baseline -0.001 -13"><span class='ocrx_word' id='word_1_25' title='bbox 318 612 589 667; x_wconf 70' lang='lat' dir='ltr'><strong>Cmterttnt</strong></span> <span class='ocrx_word' id='word_1_26' title='bbox 631 612 773 680; x_wconf 90' lang='lat' dir='ltr'><strong>quod</strong></span> <span class='ocrx_word' id='word_1_27' title='bbox 839 611 1015 667; x_wconf 86' lang='lat' dir='ltr'><strong>Moses</strong></span> <span class='ocrx_word' id='word_1_28' title='bbox 1071 627 1195 666; x_wconf 91' lang='lat' dir='ltr'><strong>cum</strong></span> <span class='ocrx_word' id='word_1_29' title='bbox 1242 614 1458 667; x_wconf 88' lang='lat' dir='ltr'><strong>Aarone</strong></span> <span class='ocrx_word' id='word_1_30' title='bbox 1503 627 1607 668; x_wconf 91' lang='lat' dir='ltr'><strong>suo</strong></span> <span class='ocrx_word' id='word_1_31' title='bbox 1638 612 1805 666; x_wconf 86' lang='lat' dir='ltr'><strong>l‘ratre</strong></span> <span class='ocrx_word' id='word_1_32' title='bbox 1840 610 1908 665; x_wconf 88' lang='lat' dir='ltr'><strong>ad</strong></span> 
     </span>
    </p>
   </div>
   <div class='ocr_carea' id='block_1_7' title="bbox 318 703 1906 772">
    <p class='ocr_par' dir='ltr' id='par_1_7' title="bbox 318 703 1906 772">
     <span class='ocr_line' id='line_1_7' title="bbox 318 703 1906 772; baseline -0.002 -15"><span class='ocrx_word' id='word_1_33' title='bbox 318 705 663 757; x_wconf 73' lang='lat' dir='ltr'><strong>Pharaonem</strong></span> <span class='ocrx_word' id='word_1_34' title='bbox 710 703 864 765; x_wconf 87' lang='lat' dir='ltr'><strong>abiit,</strong></span> <span class='ocrx_word' id='word_1_35' title='bbox 906 703 1281 757; x_wconf 67' lang='lat' dir='ltr'><strong>hazrelicorum</strong></span> <span class='ocrx_word' id='word_1_36' title='bbox 1323 704 1652 772; x_wconf 82' lang='lat' dir='ltr'><strong>impietatem</strong></span> <span class='ocrx_word' id='word_1_37' title='bbox 1690 703 1906 768; x_wconf 88' lang='lat' dir='ltr'><strong>evertit,</strong></span> 
     </span>
    </p>
   </div>
   <div class='ocr_carea' id='block_1_8' title="bbox 321 794 1911 864">
    <p class='ocr_par' dir='ltr' id='par_1_8' title="bbox 321 794 1911 864">
     <span class='ocr_line' id='line_1_8' title="bbox 321 794 1911 864; baseline 0.001 -16"><span class='ocrx_word' id='word_1_38' title='bbox 321 796 709 849; x_wconf 80' lang='lat' dir='ltr'><strong>aliirmantium</strong></span> <span class='ocrx_word' id='word_1_39' title='bbox 760 794 899 863; x_wconf 71' lang='lat'><strong>(22),</strong></span> <span class='ocrx_word' id='word_1_40' title='bbox 946 798 999 847; x_wconf 93' lang='lat' dir='ltr'><strong>in</strong></span> <span class='ocrx_word' id='word_1_41' title='bbox 1041 794 1240 849; x_wconf 83' lang='lat' dir='ltr'><strong>Christi</strong></span> <span class='ocrx_word' id='word_1_42' title='bbox 1284 798 1389 849; x_wconf 88' lang='lat' dir='ltr'><strong>mei</strong></span> <span class='ocrx_word' id='word_1_43' title='bbox 1426 808 1675 864; x_wconf 86' lang='lat' dir='ltr'><strong>corpore,</strong></span> <span class='ocrx_word' id='word_1_44' title='bbox 1715 796 1911 849; x_wconf 75' lang='lat' dir='ltr'><strong>anima:</strong></span> 
     </span>
    </p>
   </div>
   <div class='ocr_carea' id='block_1_9' title="bbox 320 883 1909 955">
    <p class='ocr_par' dir='ltr' id='par_1_9' title="bbox 320 883 1909 955">
     <span class='ocr_line' id='line_1_9' title="bbox 320 883 1909 955; baseline 0.002 -18"><span class='ocrx_word' id='word_1_45' title='bbox 320 886 495 938; x_wconf 84' lang='lat' dir='ltr'><strong>vicem</strong></span> <span class='ocrx_word' id='word_1_46' title='bbox 528 883 776 938; x_wconf 77' lang='lat' dir='ltr'><strong>sufﬁcere</strong></span> <span class='ocrx_word' id='word_1_47' title='bbox 814 885 1193 951; x_wconf 76' lang='lat' dir='ltr'><strong>divinitatem;</strong></span> <span class='ocrx_word' id='word_1_48' title='bbox 1228 896 1389 955; x_wconf 88' lang='lat' dir='ltr'><strong>atque</strong></span> <span class='ocrx_word' id='word_1_49' title='bbox 1426 886 1495 940; x_wconf 81' lang='lat' dir='ltr'><strong>ita</strong></span> <span class='ocrx_word' id='word_1_50' title='bbox 1540 886 1677 940; x_wconf 88' lang='lat' dir='ltr'><strong>male</strong></span> <span class='ocrx_word' id='word_1_51' title='bbox 1707 888 1909 940; x_wconf 81' lang='lat' dir='ltr'><strong>docen-</strong></span> 
     </span>
    </p>
   </div>
   <div class='ocr_carea' id='block_1_10' title="bbox 325 974 1911 1043">
    <p class='ocr_par' dir='ltr' id='par_1_10' title="bbox 325 974 1911 1043">
     <span class='ocr_line' id='line_1_10' title="bbox 325 974 1911 1043; baseline 0.003 -16"><span class='ocrx_word' id='word_1_52' title='bbox 325 976 480 1034; x_wconf 88' lang='lat' dir='ltr'><strong>timn.</strong></span> <span class='ocrx_word' id='word_1_53' title='bbox 518 990 622 1027; x_wconf 91' lang='lat' dir='ltr'><strong>non</strong></span> <span class='ocrx_word' id='word_1_54' title='bbox 666 974 834 1028; x_wconf 77' lang='lat' dir='ltr'><strong>fuisse</strong></span> <span class='ocrx_word' id='word_1_55' title='bbox 875 975 1172 1043; x_wconf 80' lang='lat' dir='ltr'><strong>perfectum</strong></span> <span class='ocrx_word' id='word_1_56' title='bbox 1213 976 1511 1032; x_wconf 92' lang='lat' dir='ltr'><strong>hominem.</strong></span> <span class='ocrx_word' id='word_1_57' title='bbox 1543 977 1674 1030; x_wconf 86' lang='lat' dir='ltr'><strong>Nam</strong></span> <span class='ocrx_word' id='word_1_58' title='bbox 1711 987 1770 1032; x_wconf 92' lang='lat' dir='ltr'><strong>ut</strong></span> <span class='ocrx_word' id='word_1_59' title='bbox 1802 978 1911 1032; x_wconf 88' lang='lat' dir='ltr'><strong>illic</strong></span> 
     </span>
    </p>
   </div>
   <div class='ocr_carea' id='block_1_11' title="bbox 322 1064 1913 1134">
    <p class='ocr_par' dir='ltr' id='par_1_11' title="bbox 322 1064 1913 1134">
     <span class='ocr_line' id='line_1_11' title="bbox 322 1064 1913 1134; baseline 0.004 -17"><span class='ocrx_word' id='word_1_60' title='bbox 322 1082 419 1134; x_wconf 86' lang='lat' dir='ltr'><strong>per</strong></span> <span class='ocrx_word' id='word_1_61' title='bbox 452 1064 634 1117; x_wconf 85' lang='lat' dir='ltr'><strong>Mosen</strong></span> <span class='ocrx_word' id='word_1_62' title='bbox 685 1074 737 1118; x_wconf 89' lang='lat' dir='ltr'><strong>et</strong></span> <span class='ocrx_word' id='word_1_63' title='bbox 768 1066 1037 1120; x_wconf 82' lang='lat' dir='ltr'><strong>Aaronem</strong></span> <span class='ocrx_word' id='word_1_64' title='bbox 1077 1084 1197 1121; x_wconf 87' lang='lat' dir='ltr'><strong>cum</strong></span> <span class='ocrx_word' id='word_1_65' title='bbox 1244 1068 1533 1123; x_wconf 89' lang='lat' dir='ltr'><strong>Pharaone</strong></span> <span class='ocrx_word' id='word_1_66' title='bbox 1566 1070 1783 1125; x_wconf 86' lang='lat' dir='ltr'><strong>locutus</strong></span> <span class='ocrx_word' id='word_1_67' title='bbox 1829 1081 1913 1124; x_wconf 89' lang='lat' dir='ltr'><strong>est</strong></span> 
     </span>
    </p>
   </div>
   <div class='ocr_carea' id='block_1_12' title="bbox 323 1155 1913 1225">
    <p class='ocr_par' dir='ltr' id='par_1_12' title="bbox 323 1155 1913 1225">
     <span class='ocr_line' id='line_1_12' title="bbox 323 1155 1913 1225; baseline 0.003 -16"><span class='ocrx_word' id='word_1_68' title='bbox 323 1155 495 1221; x_wconf 70' lang='lat' dir='ltr'><strong>Deus;</strong></span> <span class='ocrx_word' id='word_1_69' title='bbox 530 1158 602 1208; x_wconf 92' lang='lat' dir='ltr'><strong>ita</strong></span> <span class='ocrx_word' id='word_1_70' title='bbox 630 1164 683 1210; x_wconf 89' lang='lat' dir='ltr'><strong>et</strong></span> <span class='ocrx_word' id='word_1_71' title='bbox 729 1155 990 1211; x_wconf 88' lang='lat' dir='ltr'><strong>Servator</strong></span> <span class='ocrx_word' id='word_1_72' title='bbox 1030 1173 1181 1213; x_wconf 90' lang='lat' dir='ltr'><strong>mens</strong></span> <span class='ocrx_word' id='word_1_73' title='bbox 1226 1168 1387 1225; x_wconf 89' lang='lat' dir='ltr'><strong>atque</strong></span> <span class='ocrx_word' id='word_1_74' title='bbox 1422 1159 1582 1222; x_wconf 86' lang='lat' dir='ltr'><strong>Deus,</strong></span> <span class='ocrx_word' id='word_1_75' title='bbox 1610 1161 1789 1215; x_wconf 87' lang='lat' dir='ltr'><strong>anima</strong></span> <span class='ocrx_word' id='word_1_76' title='bbox 1827 1163 1913 1214; x_wconf 81' lang='lat' dir='ltr'><strong>in-</strong></span> 
     </span>
    </p>
   </div>
   <div class='ocr_carea' id='block_1_13' title="bbox 324 1247 1913 1316">
    <p class='ocr_par' dir='ltr' id='par_1_13' title="bbox 324 1247 1913 1316">
     <span class='ocr_line' id='line_1_13' title="bbox 324 1247 1913 1316; baseline 0.003 -17"><span class='ocrx_word' id='word_1_77' title='bbox 324 1247 615 1315; x_wconf 75' lang='lat' dir='ltr'><strong>telligente,</strong></span> <span class='ocrx_word' id='word_1_78' title='bbox 668 1247 812 1301; x_wconf 91' lang='lat' dir='ltr'><strong>velut</strong></span> <span class='ocrx_word' id='word_1_79' title='bbox 858 1258 1163 1316; x_wconf 88' lang='lat' dir='ltr'><strong>sequestra,</strong></span> <span class='ocrx_word' id='word_1_80' title='bbox 1212 1249 1354 1303; x_wconf 90' lang='lat' dir='ltr'><strong>inter</strong></span> <span class='ocrx_word' id='word_1_81' title='bbox 1404 1250 1659 1305; x_wconf 82' lang='lat' dir='ltr'><strong>deitatem</strong></span> <span class='ocrx_word' id='word_1_82' title='bbox 1704 1261 1757 1305; x_wconf 91' lang='lat' dir='ltr'><strong>et</strong></span> <span class='ocrx_word' id='word_1_83' title='bbox 1791 1266 1913 1305; x_wconf 83' lang='lat' dir='ltr'><strong>cor-</strong></span> 
     </span>
    </p>
   </div>
   <div class='ocr_carea' id='block_1_14' title="bbox 323 1336 1915 1405">
    <p class='ocr_par' dir='ltr' id='par_1_14' title="bbox 323 1336 1915 1405">
     <span class='ocr_line' id='line_1_14' title="bbox 323 1336 1915 1405; baseline 0.001 -18"><span class='ocrx_word' id='word_1_84' title='bbox 323 1338 471 1405; x_wconf 84' lang='lat' dir='ltr'><strong>poris</strong></span> <span class='ocrx_word' id='word_1_85' title='bbox 529 1336 838 1390; x_wconf 83' lang='lat' dir='ltr'><strong>crassitiem</strong></span> <span class='ocrx_word' id='word_1_86' title='bbox 884 1338 1230 1405; x_wconf 86' lang='lat' dir='ltr'><strong>interposita,</strong></span> <span class='ocrx_word' id='word_1_87' title='bbox 1282 1339 1375 1393; x_wconf 88' lang='lat' dir='ltr'><strong>Dei</strong></span> <span class='ocrx_word' id='word_1_88' title='bbox 1415 1346 1471 1392; x_wconf 85' lang='lat' dir='ltr'><strong>et</strong></span> <span class='ocrx_word' id='word_1_89' title='bbox 1512 1340 1787 1393; x_wconf 89' lang='lat' dir='ltr'><strong>hominum</strong></span> <span class='ocrx_word' id='word_1_90' title='bbox 1829 1354 1915 1394; x_wconf 84' lang='lat' dir='ltr'><strong>sc-</strong></span> 
     </span>
    </p>
   </div>
   <div class='ocr_carea' id='block_1_15' title="bbox 324 1427 1909 1497">
    <p class='ocr_par' dir='ltr' id='par_1_15' title="bbox 324 1427 1909 1497">
     <span class='ocr_line' id='line_1_15' title="bbox 324 1427 1909 1497; baseline 0.005 -17"><span class='ocrx_word' id='word_1_91' title='bbox 324 1440 539 1497; x_wconf 90' lang='lat' dir='ltr'><strong>quester</strong></span> <span class='ocrx_word' id='word_1_92' title='bbox 579 1427 755 1482; x_wconf 77' lang='lat' dir='ltr'><strong>factus</strong></span> <span class='ocrx_word' id='word_1_93' title='bbox 800 1439 903 1488; x_wconf 85' lang='lat' dir='ltr'><strong>est.</strong></span> <span class='ocrx_word' id='word_1_94' title='bbox 954 1430 1066 1484; x_wconf 96' lang='lat' dir='ltr'><strong>IlIic</strong></span> <span class='ocrx_word' id='word_1_95' title='bbox 1111 1430 1286 1485; x_wconf 87' lang='lat' dir='ltr'><strong>Moses</strong></span> <span class='ocrx_word' id='word_1_96' title='bbox 1320 1440 1377 1486; x_wconf 92' lang='lat' dir='ltr'><strong>et</strong></span> <span class='ocrx_word' id='word_1_97' title='bbox 1419 1432 1601 1487; x_wconf 79' lang='lat' dir='ltr'><strong>Aaron</strong></span> <span class='ocrx_word' id='word_1_98' title='bbox 1643 1432 1909 1489; x_wconf 80' lang='lat' dir='ltr'><strong>Pharaoni</strong></span> 
     </span>
    </p>
   </div>
   <div class='ocr_carea' id='block_1_16' title="bbox 325 1520 1907 1590">
    <p class='ocr_par' dir='ltr' id='par_1_16' title="bbox 325 1520 1907 1590">
     <span class='ocr_line' id='line_1_16' title="bbox 325 1520 1907 1590; baseline 0.001 -15"><span class='ocrx_word' id='word_1_99' title='bbox 325 1535 448 1575; x_wconf 87' lang='lat' dir='ltr'><strong>sese</strong></span> <span class='ocrx_word' id='word_1_100' title='bbox 493 1536 520 1572; x_wconf 91' lang='lat' dir='ltr'><strong>a</strong></span> <span class='ocrx_word' id='word_1_101' title='bbox 569 1520 797 1573; x_wconf 89' lang='lat' dir='ltr'><strong>Domino</strong></span> <span class='ocrx_word' id='word_1_102' title='bbox 834 1520 1182 1576; x_wconf 61' lang='lat' dir='ltr'><strong>Hebraeorum</strong></span> <span class='ocrx_word' id='word_1_103' title='bbox 1233 1522 1341 1577; x_wconf 91' lang='lat' dir='ltr'><strong>Deo</strong></span> <span class='ocrx_word' id='word_1_104' title='bbox 1396 1524 1595 1578; x_wconf 85' lang='lat' dir='ltr'><strong>missos</strong></span> <span class='ocrx_word' id='word_1_105' title='bbox 1641 1526 1907 1590; x_wconf 75' lang='lat' dir='ltr'><strong>dicentes,</strong></span> 
     </span>
    </p>
   </div>
   <div class='ocr_carea' id='block_1_17' title="bbox 325 1611 1910 1679">
    <p class='ocr_par' dir='ltr' id='par_1_17' title="bbox 325 1611 1910 1679">
     <span class='ocr_line' id='line_1_17' title="bbox 325 1611 1910 1679; baseline 0.001 -15"><span class='ocrx_word' id='word_1_106' title='bbox 325 1611 456 1664; x_wconf 90' lang='lat' dir='ltr'><strong>illud</strong></span> <span class='ocrx_word' id='word_1_107' title='bbox 480 1612 547 1662; x_wconf 91' lang='lat' dir='ltr'><strong>ab</strong></span> <span class='ocrx_word' id='word_1_108' title='bbox 568 1627 633 1660; x_wconf 81' lang='lat' dir='ltr'><strong>co</strong></span> <span class='ocrx_word' id='word_1_109' title='bbox 667 1612 894 1665; x_wconf 86' lang='lat' dir='ltr'><strong>audiunt</strong></span> <span class='ocrx_word' id='word_1_110' title='bbox 927 1628 940 1665; x_wconf 90' lang='lat'><strong>:</strong></span> <span class='ocrx_word' id='word_1_111' title='bbox 972 1630 990 1663; x_wconf 82' lang='grc' dir='ltr'><strong>ι</strong></span> <span class='ocrx_word' id='word_1_112' title='bbox 1025 1614 1160 1679; x_wconf 84' lang='lat' dir='ltr'><strong>Quis</strong></span> <span class='ocrx_word' id='word_1_113' title='bbox 1182 1624 1266 1666; x_wconf 79' lang='lat' dir='ltr'><strong>est</strong></span> <span class='ocrx_word' id='word_1_114' title='bbox 1293 1614 1572 1678; x_wconf 87' lang='lat' dir='ltr'><strong>Dominus,</strong></span> <span class='ocrx_word' id='word_1_115' title='bbox 1608 1625 1664 1667; x_wconf 85' lang='grc' dir='ltr'><strong>ιιι</strong></span> <span class='ocrx_word' id='word_1_116' title='bbox 1696 1619 1910 1669; x_wconf 84' lang='lat' dir='ltr'><strong>audiam</strong></span> 
     </span>
    </p>
   </div>
   <div class='ocr_carea' id='block_1_18' title="bbox 323 1702 1912 1776">
    <p class='ocr_par' dir='ltr' id='par_1_18' title="bbox 323 1702 1912 1776">
     <span class='ocr_line' id='line_1_18' title="bbox 323 1702 1912 1776; baseline 0.004 -19"><span class='ocrx_word' id='word_1_117' title='bbox 323 1718 484 1758; x_wconf 80' lang='lat' dir='ltr'><strong>voces</strong></span> <span class='ocrx_word' id='word_1_118' title='bbox 509 1702 626 1769; x_wconf 80' lang='lat' dir='ltr'><strong>ejus</strong></span> <span class='ocrx_word' id='word_1_119' title='bbox 656 1703 736 1756; x_wconf 66' lang='grc' dir='ltr'><strong>⁷θῖ</strong></span> <span class='ocrx_word' id='word_1_120' title='bbox 771 1721 789 1754; x_wconf 79' lang='grc' dir='ltr'><strong>ι</strong></span> <span class='ocrx_word' id='word_1_121' title='bbox 826 1704 1014 1757; x_wconf 88' lang='lat' dir='ltr'><strong>Itidem</strong></span> <span class='ocrx_word' id='word_1_122' title='bbox 1048 1714 1102 1758; x_wconf 87' lang='lat' dir='ltr'><strong>ct</strong></span> <span class='ocrx_word' id='word_1_123' title='bbox 1128 1706 1180 1758; x_wconf 89' lang='lat' dir='ltr'><strong>in</strong></span> <span class='ocrx_word' id='word_1_124' title='bbox 1214 1704 1374 1769; x_wconf 88' lang='lat' dir='ltr'><strong>Orco,</strong></span> <span class='ocrx_word' id='word_1_125' title='bbox 1408 1707 1715 1762; x_wconf 64' lang='lat' dir='ltr'><strong>caelestibus</strong></span> <span class='ocrx_word' id='word_1_126' title='bbox 1743 1710 1912 1776; x_wconf 88' lang='lat' dir='ltr'><strong>c0piis</strong></span> 
     </span>
    </p>
   </div>
   <div class='ocr_carea' id='block_1_19' title="bbox 324 1792 1909 1868">
    <p class='ocr_par' dir='ltr' id='par_1_19' title="bbox 324 1792 1909 1868">
     <span class='ocr_line' id='line_1_19' title="bbox 324 1792 1909 1868; baseline 0.004 -22"><span class='ocrx_word' id='word_1_127' title='bbox 324 1792 690 1849; x_wconf 88' lang='lat' dir='ltr'><strong>clamantilms</strong></span> <span class='ocrx_word' id='word_1_128' title='bbox 720 1812 735 1846; x_wconf 76' lang='grc' dir='ltr'><strong>ι</strong></span> <span class='ocrx_word' id='word_1_129' title='bbox 774 1812 793 1845; x_wconf 83' lang='grc' dir='ltr'><strong>ι</strong></span> <span class='ocrx_word' id='word_1_130' title='bbox 849 1794 1091 1850; x_wconf 87' lang='lat' dir='ltr'><strong>Attollite</strong></span> <span class='ocrx_word' id='word_1_131' title='bbox 1114 1806 1318 1864; x_wconf 88' lang='lat' dir='ltr'><strong>portas,</strong></span> <span class='ocrx_word' id='word_1_132' title='bbox 1356 1797 1649 1868; x_wconf 79' lang='lat' dir='ltr'><strong>principes,</strong></span> <span class='ocrx_word' id='word_1_133' title='bbox 1684 1810 1909 1865; x_wconf 82' lang='lat' dir='ltr'><strong>vestras,</strong></span> 
     </span>
    </p>
   </div>
   <div class='ocr_carea' id='block_1_20' title="bbox 323 1885 1914 1962">
    <p class='ocr_par' dir='ltr' id='par_1_20' title="bbox 323 1885 1914 1962">
     <span class='ocr_line' id='line_1_20' title="bbox 323 1885 1914 1962; baseline 0.006 -24"><span class='ocrx_word' id='word_1_134' title='bbox 323 1894 378 1938; x_wconf 89' lang='lat' dir='ltr'><strong>et</strong></span> <span class='ocrx_word' id='word_1_135' title='bbox 415 1885 724 1950; x_wconf 76' lang='lat' dir='ltr'><strong>clevamiui,</strong></span> <span class='ocrx_word' id='word_1_136' title='bbox 758 1896 926 1954; x_wconf 78' lang='lat' dir='ltr'><strong>portae</strong></span> <span class='ocrx_word' id='word_1_137' title='bbox 955 1888 1263 1952; x_wconf 68' lang='lat' dir='ltr'><strong>aeternales,</strong></span> <span class='ocrx_word' id='word_1_138' title='bbox 1292 1900 1346 1943; x_wconf 89' lang='lat' dir='ltr'><strong>et</strong></span> <span class='ocrx_word' id='word_1_139' title='bbox 1376 1890 1619 1944; x_wconf 81' lang='lat' dir='ltr'><strong>introibit</strong></span> <span class='ocrx_word' id='word_1_140' title='bbox 1647 1892 1759 1946; x_wconf 72' lang='lat' dir='ltr'><strong>[lex</strong></span> <span class='ocrx_word' id='word_1_141' title='bbox 1798 1894 1914 1962; x_wconf 80' lang='lat' dir='ltr'><strong>glo-</strong></span> 
     </span>
    </p>
   </div>
   <div class='ocr_carea' id='block_1_21' title="bbox 324 1975 1914 2049">
    <p class='ocr_par' dir='ltr' id='par_1_21' title="bbox 324 1975 1914 2049">
     <span class='ocr_line' id='line_1_21' title="bbox 324 1975 1914 2049; baseline 0.006 -20"><span class='ocrx_word' id='word_1_142' title='bbox 324 1975 459 2039; x_wconf 55' lang='lat' dir='ltr'><strong>rias;</strong></span> <span class='ocrx_word' id='word_1_143' title='bbox 508 1996 528 2029; x_wconf 74' lang='grc' dir='ltr'><strong>ι</strong></span> <span class='ocrx_word' id='word_1_144' title='bbox 584 1978 944 2043; x_wconf 79' lang='lat' dir='ltr'><strong>intelligibilis</strong></span> <span class='ocrx_word' id='word_1_145' title='bbox 980 1978 1188 2033; x_wconf 90' lang='lat' dir='ltr'><strong>Pharao</strong></span> <span class='ocrx_word' id='word_1_146' title='bbox 1224 1981 1556 2048; x_wconf 87' lang='lat' dir='ltr'><strong>respondet:</strong></span> <span class='ocrx_word' id='word_1_147' title='bbox 1593 2001 1611 2035; x_wconf 85' lang='grc' dir='ltr'><strong>ι</strong></span> <span class='ocrx_word' id='word_1_148' title='bbox 1648 1982 1783 2049; x_wconf 82' lang='lat' dir='ltr'><strong>Quis</strong></span> <span class='ocrx_word' id='word_1_149' title='bbox 1830 1994 1914 2039; x_wconf 84' lang='lat' dir='ltr'><strong>est</strong></span> 
     </span>
    </p>
   </div>
   <div class='ocr_carea' id='block_1_22' title="bbox 325 2065 1910 2152">
    <p class='ocr_par' dir='ltr' id='par_1_22' title="bbox 325 2065 1910 2152">
     <span class='ocr_line' id='line_1_22' title="bbox 325 2065 1910 2152; baseline 0.007 -30"><span class='ocrx_word' id='word_1_150' title='bbox 325 2065 429 2123; x_wconf 89' lang='lat' dir='ltr'><strong>iste</strong></span> <span class='ocrx_word' id='word_1_151' title='bbox 454 2085 546 2124; x_wconf 79' lang='lat' dir='ltr'><strong>rex</strong></span> <span class='ocrx_word' id='word_1_152' title='bbox 572 2072 757 2140; x_wconf 74' lang='lat' dir='ltr'><strong>gloria:</strong></span> <span class='ocrx_word' id='word_1_153' title='bbox 781 2073 867 2126; x_wconf 77' lang='lat'><strong>7&#39;?</strong></span> <span class='ocrx_word' id='word_1_154' title='bbox 894 2091 912 2123; x_wconf 77' lang='grc' dir='ltr'><strong>ι</strong></span> <span class='ocrx_word' id='word_1_155' title='bbox 947 2074 1122 2142; x_wconf 79' lang='lat' dir='ltr'><strong>Atque</strong></span> <span class='ocrx_word' id='word_1_156' title='bbox 1147 2073 1231 2127; x_wconf 91' lang='lat' dir='ltr'><strong>hic</strong></span> <span class='ocrx_word' id='word_1_157' title='bbox 1258 2075 1332 2144; x_wconf 93' lang='lat' dir='ltr'><strong>(in</strong></span> <span class='ocrx_word' id='word_1_158' title='bbox 1355 2074 1570 2131; x_wconf 84' lang='lat' dir='ltr'><strong>Christo</strong></span> <span class='ocrx_word' id='word_1_159' title='bbox 1596 2087 1651 2131; x_wconf 93' lang='lat' dir='ltr'><strong>et</strong></span> <span class='ocrx_word' id='word_1_160' title='bbox 1675 2078 1910 2152; x_wconf 71' lang='lat' dir='ltr'><strong>diabolo)</strong></span> 
     </span>
    </p>
   </div>
   <div class='ocr_carea' id='block_1_23' title="bbox 324 2162 1913 2238">
    <p class='ocr_par' dir='ltr' id='par_1_23' title="bbox 324 2162 1913 2238">
     <span class='ocr_line' id='line_1_23' title="bbox 324 2162 1913 2238; baseline 0.006 -23"><span class='ocrx_word' id='word_1_161' title='bbox 324 2162 584 2231; x_wconf 82' lang='lat' dir='ltr'><strong>quiddam</strong></span> <span class='ocrx_word' id='word_1_162' title='bbox 626 2164 881 2232; x_wconf 84' lang='lat' dir='ltr'><strong>amplius,</strong></span> <span class='ocrx_word' id='word_1_163' title='bbox 916 2178 1078 2234; x_wconf 90' lang='lat' dir='ltr'><strong>quam</strong></span> <span class='ocrx_word' id='word_1_164' title='bbox 1118 2167 1171 2219; x_wconf 94' lang='lat' dir='ltr'><strong>in</strong></span> <span class='ocrx_word' id='word_1_165' title='bbox 1222 2166 1372 2221; x_wconf 88' lang='lat' dir='ltr'><strong>Mose</strong></span> <span class='ocrx_word' id='word_1_166' title='bbox 1413 2179 1577 2238; x_wconf 87' lang='lat' dir='ltr'><strong>atque</strong></span> <span class='ocrx_word' id='word_1_167' title='bbox 1626 2167 1913 2226; x_wconf 83' lang='lat' dir='ltr'><strong>Pharaone</strong></span> 
     </span>
    </p>
   </div>
   <div class='ocr_carea' id='block_1_24' title="bbox 325 2256 1913 2334">
    <p class='ocr_par' dir='ltr' id='par_1_24' title="bbox 325 2256 1913 2334">
     <span class='ocr_line' id='line_1_24' title="bbox 325 2256 1913 2334; baseline 0.008 -24"><span class='ocrx_word' id='word_1_168' title='bbox 325 2256 677 2325; x_wconf 78' lang='lat' dir='ltr'><strong>cogitandum</strong></span> <span class='ocrx_word' id='word_1_169' title='bbox 721 2265 827 2311; x_wconf 89' lang='lat' dir='ltr'><strong>est.</strong></span> <span class='ocrx_word' id='word_1_170' title='bbox 880 2256 994 2313; x_wconf 88' lang='lat' dir='ltr'><strong>Illic</strong></span> <span class='ocrx_word' id='word_1_171' title='bbox 1045 2262 1192 2316; x_wconf 91' lang='lat' dir='ltr'><strong>enim</strong></span> <span class='ocrx_word' id='word_1_172' title='bbox 1241 2262 1416 2318; x_wconf 81' lang='lat' dir='ltr'><strong>Moses</strong></span> <span class='ocrx_word' id='word_1_173' title='bbox 1470 2265 1635 2319; x_wconf 85' lang='lat' dir='ltr'><strong>semel</strong></span> <span class='ocrx_word' id='word_1_174' title='bbox 1687 2269 1913 2334; x_wconf 84' lang='lat' dir='ltr'><strong>patratis</strong></span> 
     </span>
    </p>
   </div>
   <div class='ocr_carea' id='block_1_25' title="bbox 327 2345 1910 2413">
    <p class='ocr_par' dir='ltr' id='par_1_25' title="bbox 327 2345 1910 2413">
     <span class='ocr_line' id='line_1_25' title="bbox 327 2345 1910 2413; baseline 0.007 -13"><span class='ocrx_word' id='word_1_175' title='bbox 327 2345 518 2400; x_wconf 87' lang='lat' dir='ltr'><strong>decem</strong></span> <span class='ocrx_word' id='word_1_176' title='bbox 576 2348 900 2413; x_wconf 86' lang='lat' dir='ltr'><strong>miraculis,</strong></span> <span class='ocrx_word' id='word_1_177' title='bbox 959 2352 1127 2405; x_wconf 89' lang='lat' dir='ltr'><strong>semel</strong></span> <span class='ocrx_word' id='word_1_178' title='bbox 1191 2354 1502 2407; x_wconf 81' lang='lat' dir='ltr'><strong>sensibilem</strong></span> <span class='ocrx_word' id='word_1_179' title='bbox 1574 2353 1910 2411; x_wconf 81' lang='lat' dir='ltr'><strong>Pharaonem</strong></span> 
     </span>
    </p>
   </div>
   <div class='ocr_carea' id='block_1_26' title="bbox 326 2438 1909 2516">
    <p class='ocr_par' dir='ltr' id='par_1_26' title="bbox 326 2438 1909 2516">
     <span class='ocr_line' id='line_1_26' title="bbox 326 2438 1909 2516; baseline 0.008 -25"><span class='ocrx_word' id='word_1_180' title='bbox 326 2438 488 2505; x_wconf 76' lang='lat' dir='ltr'><strong>aquis</strong></span> <span class='ocrx_word' id='word_1_181' title='bbox 552 2441 773 2507; x_wconf 83' lang='lat' dir='ltr'><strong>obruit;</strong></span> <span class='ocrx_word' id='word_1_182' title='bbox 810 2452 861 2495; x_wconf 89' lang='lat' dir='ltr'><strong>at</strong></span> <span class='ocrx_word' id='word_1_183' title='bbox 907 2459 1058 2497; x_wconf 90' lang='lat' dir='ltr'><strong>tneus</strong></span> <span class='ocrx_word' id='word_1_184' title='bbox 1103 2445 1364 2497; x_wconf 85' lang='lat' dir='ltr'><strong>Servator</strong></span> <span class='ocrx_word' id='word_1_185' title='bbox 1411 2458 1573 2516; x_wconf 89' lang='lat' dir='ltr'><strong>atque</strong></span> <span class='ocrx_word' id='word_1_186' title='bbox 1624 2447 1764 2503; x_wconf 84' lang='lat' dir='ltr'><strong>Deus</strong></span> <span class='ocrx_word' id='word_1_187' title='bbox 1802 2465 1909 2504; x_wconf 86' lang='lat' dir='ltr'><strong>non</strong></span> 
     </span>
    </p>
   </div>
   <div class='ocr_carea' id='block_1_27' title="bbox 326 2533 1909 2613">
    <p class='ocr_par' dir='ltr' id='par_1_27' title="bbox 326 2533 1909 2613">
     <span class='ocr_line' id='line_1_27' title="bbox 326 2533 1909 2613; baseline 0.008 -26"><span class='ocrx_word' id='word_1_188' title='bbox 326 2534 443 2603; x_wconf 86' lang='lat' dir='ltr'><strong>ipse</strong></span> <span class='ocrx_word' id='word_1_189' title='bbox 495 2533 673 2589; x_wconf 84' lang='lat' dir='ltr'><strong>solum</strong></span> <span class='ocrx_word' id='word_1_190' title='bbox 728 2536 795 2589; x_wconf 87' lang='lat' dir='ltr'><strong>de</strong></span> <span class='ocrx_word' id='word_1_191' title='bbox 845 2537 1175 2605; x_wconf 79' lang='lat' dir='ltr'><strong>intelligibili</strong></span> <span class='ocrx_word' id='word_1_192' title='bbox 1236 2537 1520 2593; x_wconf 86' lang='lat' dir='ltr'><strong>Pharaone</strong></span> <span class='ocrx_word' id='word_1_193' title='bbox 1576 2541 1909 2613; x_wconf 88' lang='lat' dir='ltr'><strong>triumphum</strong></span> 
     </span>
    </p>
   </div>
   <div class='ocr_carea' id='block_1_28' title="bbox 326 2627 1911 2705">
    <p class='ocr_par' dir='ltr' id='par_1_28' title="bbox 326 2627 1911 2705">
     <span class='ocr_line' id='line_1_28' title="bbox 326 2627 1911 2705; baseline 0.007 -25"><span class='ocrx_word' id='word_1_194' title='bbox 326 2627 476 2693; x_wconf 73' lang='lat' dir='ltr'><strong>egit;</strong></span> <span class='ocrx_word' id='word_1_195' title='bbox 514 2628 608 2681; x_wconf 88' lang='lat' dir='ltr'><strong>sed</strong></span> <span class='ocrx_word' id='word_1_196' title='bbox 638 2628 803 2683; x_wconf 92' lang='lat' dir='ltr'><strong>etiam</strong></span> <span class='ocrx_word' id='word_1_197' title='bbox 839 2628 892 2683; x_wconf 93' lang='lat' dir='ltr'><strong>in</strong></span> <span class='ocrx_word' id='word_1_198' title='bbox 927 2645 985 2685; x_wconf 90' lang='lat' dir='ltr'><strong>se</strong></span> <span class='ocrx_word' id='word_1_199' title='bbox 1026 2632 1374 2687; x_wconf 86' lang='lat' dir='ltr'><strong>credentibus</strong></span> <span class='ocrx_word' id='word_1_200' title='bbox 1400 2642 1590 2688; x_wconf 83' lang='lat' dir='ltr'><strong>c0ntra</strong></span> <span class='ocrx_word' id='word_1_201' title='bbox 1624 2649 1745 2690; x_wconf 90' lang='lat' dir='ltr'><strong>eum</strong></span> <span class='ocrx_word' id='word_1_202' title='bbox 1778 2650 1911 2705; x_wconf 86' lang='lat' dir='ltr'><strong>quo-</strong></span> 
     </span>
    </p>
   </div>
   <div class='ocr_carea' id='block_1_29' title="bbox 330 2719 1912 2799">
    <p class='ocr_par' dir='ltr' id='par_1_29' title="bbox 330 2719 1912 2799">
     <span class='ocr_line' id='line_1_29' title="bbox 330 2719 1912 2799; baseline 0.008 -28"><span class='ocrx_word' id='word_1_203' title='bbox 330 2719 460 2773; x_wconf 87' lang='lat' dir='ltr'><strong>tidie</strong></span> <span class='ocrx_word' id='word_1_204' title='bbox 508 2721 653 2775; x_wconf 91' lang='lat' dir='ltr'><strong>vires</strong></span> <span class='ocrx_word' id='word_1_205' title='bbox 698 2722 947 2789; x_wconf 74' lang='lat' dir='ltr'><strong>largitur,</strong></span> <span class='ocrx_word' id='word_1_206' title='bbox 987 2722 1039 2778; x_wconf 93' lang='lat' dir='ltr'><strong>id</strong></span> <span class='ocrx_word' id='word_1_207' title='bbox 1085 2726 1227 2795; x_wconf 88' lang='lat' dir='ltr'><strong>quod</strong></span> <span class='ocrx_word' id='word_1_208' title='bbox 1277 2729 1572 2781; x_wconf 88' lang='lat' dir='ltr'><strong>notandum</strong></span> <span class='ocrx_word' id='word_1_209' title='bbox 1624 2728 1912 2799; x_wconf 76' lang='lat' dir='ltr'><strong>diligenter</strong></span> 
     </span>
    </p>
   </div>
   <div class='ocr_carea' id='block_1_30' title="bbox 326 2810 1909 2874">
    <p class='ocr_par' dir='ltr' id='par_1_30' title="bbox 326 2810 1909 2874">
     <span class='ocr_line' id='line_1_30' title="bbox 326 2810 1909 2874; baseline 0.006 -10"><span class='ocrx_word' id='word_1_210' title='bbox 326 2820 431 2865; x_wconf 89' lang='lat' dir='ltr'><strong>est.</strong></span> <span class='ocrx_word' id='word_1_211' title='bbox 466 2810 603 2865; x_wconf 86' lang='lat' dir='ltr'><strong>Nam</strong></span> <span class='ocrx_word' id='word_1_212' title='bbox 636 2822 694 2866; x_wconf 91' lang='lat' dir='ltr'><strong>ut</strong></span> <span class='ocrx_word' id='word_1_213' title='bbox 739 2813 848 2866; x_wconf 86' lang='lat' dir='ltr'><strong>illic</strong></span> <span class='ocrx_word' id='word_1_214' title='bbox 894 2814 1040 2869; x_wconf 91' lang='lat' dir='ltr'><strong>Mose</strong></span> <span class='ocrx_word' id='word_1_215' title='bbox 1071 2826 1125 2869; x_wconf 89' lang='lat' dir='ltr'><strong>et</strong></span> <span class='ocrx_word' id='word_1_216' title='bbox 1154 2818 1367 2872; x_wconf 78' lang='lat' dir='ltr'><strong>Aarone</strong></span> <span class='ocrx_word' id='word_1_217' title='bbox 1398 2816 1664 2874; x_wconf 86' lang='lat' dir='ltr'><strong>Pharaoni</strong></span> <span class='ocrx_word' id='word_1_218' title='bbox 1700 2820 1909 2874; x_wconf 89' lang='lat' dir='ltr'><strong>instan-</strong></span> 
     </span>
    </p>
   </div>
   <div class='ocr_carea' id='block_1_31' title="bbox 327 2904 1910 2976">
    <p class='ocr_par' dir='ltr' id='par_1_31' title="bbox 327 2904 1910 2976">
     <span class='ocr_line' id='line_1_31' title="bbox 327 2904 1910 2976; baseline 0.007 -20"><span class='ocrx_word' id='word_1_219' title='bbox 327 2904 491 2969; x_wconf 84' lang='lat' dir='ltr'><strong>tibus,</strong></span> <span class='ocrx_word' id='word_1_220' title='bbox 543 2905 840 2961; x_wconf 87' lang='lat' dir='ltr'><strong>dimitteret</strong></span> <span class='ocrx_word' id='word_1_221' title='bbox 881 2907 1137 2976; x_wconf 86' lang='lat' dir='ltr'><strong>populum</strong></span> <span class='ocrx_word' id='word_1_222' title='bbox 1193 2909 1355 2962; x_wconf 90' lang='lat' dir='ltr'><strong>tridui</strong></span> <span class='ocrx_word' id='word_1_223' title='bbox 1404 2910 1526 2975; x_wconf 90' lang='lat' dir='ltr'><strong>iter,</strong></span> <span class='ocrx_word' id='word_1_224' title='bbox 1576 2910 1801 2965; x_wconf 88' lang='lat' dir='ltr'><strong>colendo</strong></span> <span class='ocrx_word' id='word_1_225' title='bbox 1839 2910 1910 2967; x_wconf 88' lang='lat' dir='ltr'><strong>ab</strong></span> 
     </span>
    </p>
   </div>
   <div class='ocr_carea' id='block_1_32' title="bbox 326 2995 1910 3070">
    <p class='ocr_par' dir='ltr' id='par_1_32' title="bbox 326 2995 1910 3070">
     <span class='ocr_line' id='line_1_32' title="bbox 326 2995 1910 3070; baseline 0.006 -22"><span class='ocrx_word' id='word_1_226' title='bbox 326 2995 397 3048; x_wconf 79' lang='lat' dir='ltr'><strong>iis</strong></span> <span class='ocrx_word' id='word_1_227' title='bbox 434 2996 681 3062; x_wconf 88' lang='lat' dir='ltr'><strong>Domino,</strong></span> <span class='ocrx_word' id='word_1_228' title='bbox 708 3014 896 3052; x_wconf 89' lang='lat' dir='ltr'><strong>eorum</strong></span> <span class='ocrx_word' id='word_1_229' title='bbox 932 2998 1078 3066; x_wconf 91' lang='lat' dir='ltr'><strong>Deo;</strong></span> <span class='ocrx_word' id='word_1_230' title='bbox 1129 3000 1219 3055; x_wconf 91' lang='lat' dir='ltr'><strong>ille</strong></span> <span class='ocrx_word' id='word_1_231' title='bbox 1251 3014 1431 3070; x_wconf 87' lang='lat' dir='ltr'><strong>neque</strong></span> <span class='ocrx_word' id='word_1_232' title='bbox 1471 3017 1566 3057; x_wconf 89' lang='lat' dir='ltr'><strong>eos</strong></span> <span class='ocrx_word' id='word_1_233' title='bbox 1602 3004 1824 3069; x_wconf 87' lang='lat' dir='ltr'><strong>dimisit,</strong></span> <span class='ocrx_word' id='word_1_234' title='bbox 1856 3013 1910 3058; x_wconf 91' lang='lat' dir='ltr'><strong>et</strong></span> 
     </span>
    </p>
   </div>
   <div class='ocr_carea' id='block_1_33' title="bbox 2012 524 3591 592">
    <p class='ocr_par' dir='ltr' id='par_1_33' title="bbox 2012 524 3591 592">
     <span class='ocr_line' id='line_1_33' title="bbox 2012 524 3591 592; baseline 0.007 -21"><span class='ocrx_word' id='word_1_235' title='bbox 2012 529 2312 586; x_wconf 89' lang='lat' dir='ltr'><strong>permanet,</strong></span> <span class='ocrx_word' id='word_1_236' title='bbox 2348 535 2567 576; x_wconf 88' lang='lat' dir='ltr'><strong>auctore</strong></span> <span class='ocrx_word' id='word_1_237' title='bbox 2600 524 2798 580; x_wconf 83' lang='lat' dir='ltr'><strong>Davide</strong></span> <span class='ocrx_word' id='word_1_238' title='bbox 2835 543 2847 580; x_wconf 89' lang='lat'><strong>:</strong></span> <span class='ocrx_word' id='word_1_239' title='bbox 2897 544 2917 577; x_wconf 82' lang='grc' dir='ltr'><strong>ι</strong></span> <span class='ocrx_word' id='word_1_240' title='bbox 2975 526 3326 592; x_wconf 88' lang='lat' dir='ltr'><strong>Putruerunt,</strong></span> <span class='ocrx_word' id='word_1_241' title='bbox 3376 537 3429 581; x_wconf 91' lang='lat' dir='ltr'><strong>et</strong></span> <span class='ocrx_word' id='word_1_242' title='bbox 3471 545 3591 582; x_wconf 69' lang='lat' dir='ltr'><strong>cvr-</strong></span> 
     </span>
    </p>
   </div>
   <div class='ocr_carea' id='block_1_34' title="bbox 2012 612 3586 691">
    <p class='ocr_par' dir='ltr' id='par_1_34' title="bbox 2012 612 3586 691">
     <span class='ocr_line' id='line_1_34' title="bbox 2012 612 3586 691; baseline 0.01 -30"><span class='ocrx_word' id='word_1_243' title='bbox 2012 618 2184 677; x_wconf 74' lang='lat' dir='ltr'><strong>ruptte</strong></span> <span class='ocrx_word' id='word_1_244' title='bbox 2241 619 2367 664; x_wconf 90' lang='lat' dir='ltr'><strong>sunt</strong></span> <span class='ocrx_word' id='word_1_245' title='bbox 2427 612 2711 668; x_wconf 75' lang='lat' dir='ltr'><strong>cicatrices</strong></span> <span class='ocrx_word' id='word_1_246' title='bbox 2759 632 2912 683; x_wconf 77' lang='lat' dir='ltr'><strong>mete,</strong></span> <span class='ocrx_word' id='word_1_247' title='bbox 2978 633 3005 671; x_wconf 74' lang='grc' dir='ltr'><strong>ιι</strong></span> <span class='ocrx_word' id='word_1_248' title='bbox 3071 618 3210 673; x_wconf 82' lang='lat' dir='ltr'><strong>faeie</strong></span> <span class='ocrx_word' id='word_1_249' title='bbox 3263 620 3586 691; x_wconf 70' lang='lat' dir='ltr'><strong>insipientia!</strong></span> 
     </span>
    </p>
   </div>
   <div class='ocr_carea' id='block_1_35' title="bbox 2013 699 3587 777">
    <p class='ocr_par' dir='ltr' id='par_1_35' title="bbox 2013 699 3587 777">
     <span class='ocr_line' id='line_1_35' title="bbox 2013 699 3587 777; baseline 0.01 -25"><span class='ocrx_word' id='word_1_250' title='bbox 2013 714 2145 754; x_wconf 68' lang='lat' dir='ltr'><strong>mea:</strong></span> <span class='ocrx_word' id='word_1_251' title='bbox 2189 699 2257 756; x_wconf 81' lang='lat'><strong>&quot;.</strong></span> <span class='ocrx_word' id='word_1_252' title='bbox 2316 721 2335 756; x_wconf 80' lang='grc' dir='ltr'><strong>ι</strong></span> <span class='ocrx_word' id='word_1_253' title='bbox 2374 702 2469 759; x_wconf 89' lang='lat' dir='ltr'><strong>Sin</strong></span> <span class='ocrx_word' id='word_1_254' title='bbox 2518 706 2582 759; x_wconf 87' lang='lat' dir='ltr'><strong>ad</strong></span> <span class='ocrx_word' id='word_1_255' title='bbox 2630 708 2866 762; x_wconf 86' lang='lat' dir='ltr'><strong>divinam</strong></span> <span class='ocrx_word' id='word_1_256' title='bbox 2921 712 3148 777; x_wconf 78' lang='lat' dir='ltr'><strong>gratiam</strong></span> <span class='ocrx_word' id='word_1_257' title='bbox 3197 728 3350 766; x_wconf 88' lang='lat' dir='ltr'><strong>mens</strong></span> <span class='ocrx_word' id='word_1_258' title='bbox 3399 717 3587 767; x_wconf 80' lang='lat' dir='ltr'><strong>cadent</strong></span> 
     </span>
    </p>
   </div>
   <div class='ocr_carea' id='block_1_36' title="bbox 2013 795 3585 872">
    <p class='ocr_par' dir='ltr' id='par_1_36' title="bbox 2013 795 3585 872">
     <span class='ocr_line' id='line_1_36' title="bbox 2013 795 3585 872; baseline 0.011 -31"><span class='ocrx_word' id='word_1_259' title='bbox 2013 806 2209 860; x_wconf 86' lang='lat' dir='ltr'><strong>pravas</strong></span> <span class='ocrx_word' id='word_1_260' title='bbox 2232 795 2592 864; x_wconf 78' lang='lat' dir='ltr'><strong>cogitationes</strong></span> <span class='ocrx_word' id='word_1_261' title='bbox 2624 798 2691 850; x_wconf 80' lang='lat' dir='ltr'><strong>ah</strong></span> <span class='ocrx_word' id='word_1_262' title='bbox 2719 815 2774 850; x_wconf 82' lang='lat' dir='ltr'><strong>se</strong></span> <span class='ocrx_word' id='word_1_263' title='bbox 2798 800 3042 867; x_wconf 56' lang='lat' dir='ltr'><strong>repellat,</strong></span> <span class='ocrx_word' id='word_1_264' title='bbox 3079 803 3144 855; x_wconf 90' lang='lat' dir='ltr'><strong>ad</strong></span> <span class='ocrx_word' id='word_1_265' title='bbox 3193 804 3585 872; x_wconf 82' lang='lat' dir='ltr'><strong>intelligibilent</strong></span> 
     </span>
    </p>
   </div>
   <div class='ocr_carea' id='block_1_37' title="bbox 2020 883 3588 955">
    <p class='ocr_par' dir='ltr' id='par_1_37' title="bbox 2020 883 3588 955">
     <span class='ocr_line' id='line_1_37' title="bbox 2020 883 3588 955; baseline 0.008 -19"><span class='ocrx_word' id='word_1_266' title='bbox 2020 883 2358 939; x_wconf 89' lang='lat' dir='ltr'><strong>Pharaonem</strong></span> <span class='ocrx_word' id='word_1_267' title='bbox 2398 885 2560 940; x_wconf 73' lang='lat' dir='ltr'><strong>Imtor</strong></span> <span class='ocrx_word' id='word_1_268' title='bbox 2607 890 2830 955; x_wconf 64' lang='lat' dir='ltr'><strong>pestifer</strong></span> <span class='ocrx_word' id='word_1_269' title='bbox 2873 890 3153 955; x_wconf 81' lang='lat' dir='ltr'><strong>redundat,</strong></span> <span class='ocrx_word' id='word_1_270' title='bbox 3194 901 3331 947; x_wconf 85' lang='lat' dir='ltr'><strong>teste</strong></span> <span class='ocrx_word' id='word_1_271' title='bbox 3377 910 3588 948; x_wconf 85' lang='lat' dir='ltr'><strong>rursum</strong></span> 
     </span>
    </p>
   </div>
   <div class='ocr_carea' id='block_1_38' title="bbox 2013 976 3589 1045">
    <p class='ocr_par' dir='ltr' id='par_1_38' title="bbox 2013 976 3589 1045">
     <span class='ocr_line' id='line_1_38' title="bbox 2013 976 3589 1045; baseline 0.007 -16"><span class='ocrx_word' id='word_1_272' title='bbox 2013 976 2200 1031; x_wconf 88' lang='lat' dir='ltr'><strong>eodem</strong></span> <span class='ocrx_word' id='word_1_273' title='bbox 2259 976 2583 1045; x_wconf 90' lang='lat' dir='ltr'><strong>Deiparente</strong></span> <span class='ocrx_word' id='word_1_274' title='bbox 2631 997 2645 1034; x_wconf 91' lang='lat'><strong>:</strong></span> <span class='ocrx_word' id='word_1_275' title='bbox 2708 999 2725 1031; x_wconf 84' lang='grc' dir='ltr'><strong>ι</strong></span> <span class='ocrx_word' id='word_1_276' title='bbox 2772 979 2826 1031; x_wconf 91' lang='lat' dir='ltr'><strong>In</strong></span> <span class='ocrx_word' id='word_1_277' title='bbox 2883 983 3145 1034; x_wconf 88' lang='lat' dir='ltr'><strong>matutino</strong></span> <span class='ocrx_word' id='word_1_278' title='bbox 3202 984 3589 1040; x_wconf 81' lang='lat' dir='ltr'><strong>interﬁcieham</strong></span> 
     </span>
    </p>
   </div>
   <div class='ocr_carea' id='block_1_39' title="bbox 2013 1072 3591 1141">
    <p class='ocr_par' dir='ltr' id='par_1_39' title="bbox 2013 1072 3591 1141">
     <span class='ocr_line' id='line_1_39' title="bbox 2013 1072 3591 1141; baseline 0.01 -23"><span class='ocrx_word' id='word_1_279' title='bbox 2013 1084 2201 1123; x_wconf 90' lang='lat' dir='ltr'><strong>omnes</strong></span> <span class='ocrx_word' id='word_1_280' title='bbox 2232 1083 2546 1140; x_wconf 76' lang='lat' dir='ltr'><strong>peccatores</strong></span> <span class='ocrx_word' id='word_1_281' title='bbox 2581 1082 2737 1125; x_wconf 80' lang='lat' dir='ltr'><strong>terrte</strong></span> <span class='ocrx_word' id='word_1_282' title='bbox 2773 1072 2841 1126; x_wconf 74' lang='grc'><strong>⁸⁸.</strong></span> <span class='ocrx_word' id='word_1_283' title='bbox 2888 1091 2905 1124; x_wconf 82' lang='grc' dir='ltr'><strong>ι</strong></span> <span class='ocrx_word' id='word_1_284' title='bbox 2949 1072 3050 1129; x_wconf 89' lang='lat' dir='ltr'><strong>Ubi</strong></span> <span class='ocrx_word' id='word_1_285' title='bbox 3085 1076 3400 1129; x_wconf 76' lang='lat' dir='ltr'><strong>matutinum</strong></span> <span class='ocrx_word' id='word_1_286' title='bbox 3437 1078 3591 1141; x_wconf 85' lang='lat' dir='ltr'><strong>dicit,</strong></span> 
     </span>
    </p>
   </div>
   <div class='ocr_carea' id='block_1_40' title="bbox 2015 1162 3594 1237">
    <p class='ocr_par' dir='ltr' id='par_1_40' title="bbox 2015 1162 3594 1237">
     <span class='ocr_line' id='line_1_40' title="bbox 2015 1162 3594 1237; baseline 0.007 -24"><span class='ocrx_word' id='word_1_287' title='bbox 2015 1162 2143 1215; x_wconf 87' lang='lat' dir='ltr'><strong>solis</strong></span> <span class='ocrx_word' id='word_1_288' title='bbox 2174 1163 2537 1232; x_wconf 81' lang='lat' dir='ltr'><strong>splendorem,</strong></span> <span class='ocrx_word' id='word_1_289' title='bbox 2570 1168 2658 1234; x_wconf 85' lang='lat' dir='ltr'><strong>qui</strong></span> <span class='ocrx_word' id='word_1_290' title='bbox 2692 1177 2928 1221; x_wconf 86' lang='lat' dir='ltr'><strong>mentem</strong></span> <span class='ocrx_word' id='word_1_291' title='bbox 2970 1168 3237 1233; x_wconf 87' lang='lat' dir='ltr'><strong>illustret;</strong></span> <span class='ocrx_word' id='word_1_292' title='bbox 3281 1181 3594 1237; x_wconf 82' lang='lat' dir='ltr'><strong>peccatores</strong></span> 
     </span>
    </p>
   </div>
   <div class='ocr_carea' id='block_1_41' title="bbox 2016 1256 3590 1329">
    <p class='ocr_par' dir='ltr' id='par_1_41' title="bbox 2016 1256 3590 1329">
     <span class='ocr_line' id='line_1_41' title="bbox 2016 1256 3590 1329; baseline 0.006 -22"><span class='ocrx_word' id='word_1_293' title='bbox 2016 1265 2193 1307; x_wconf 83' lang='lat' dir='ltr'><strong>autem</strong></span> <span class='ocrx_word' id='word_1_294' title='bbox 2244 1265 2425 1316; x_wconf 74' lang='lat' dir='ltr'><strong>terrm.</strong></span> <span class='ocrx_word' id='word_1_295' title='bbox 2474 1256 2772 1320; x_wconf 74' lang='lat' dir='ltr'><strong>dtemones,</strong></span> <span class='ocrx_word' id='word_1_296' title='bbox 2822 1273 3120 1329; x_wconf 87' lang='lat' dir='ltr'><strong>eorumque</strong></span> <span class='ocrx_word' id='word_1_297' title='bbox 3176 1262 3590 1329; x_wconf 76' lang='lat' dir='ltr'><strong>antesignanum</strong></span> 
     </span>
    </p>
   </div>
   <div class='ocr_carea' id='block_1_42' title="bbox 2016 1345 3590 1420">
    <p class='ocr_par' dir='ltr' id='par_1_42' title="bbox 2016 1345 3590 1420">
     <span class='ocr_line' id='line_1_42' title="bbox 2016 1345 3590 1420; baseline 0.006 -22"><span class='ocrx_word' id='word_1_298' title='bbox 2016 1345 2380 1399; x_wconf 79' lang='lat' dir='ltr'><strong>Pharaonem.</strong></span> <span class='ocrx_word' id='word_1_299' title='bbox 2431 1345 2536 1401; x_wconf 89' lang='lat' dir='ltr'><strong>Sed</strong></span> <span class='ocrx_word' id='word_1_300' title='bbox 2590 1350 2854 1404; x_wconf 87' lang='lat' dir='ltr'><strong>mendacii</strong></span> <span class='ocrx_word' id='word_1_301' title='bbox 2905 1360 3082 1404; x_wconf 86' lang='lat' dir='ltr'><strong>satore</strong></span> <span class='ocrx_word' id='word_1_302' title='bbox 3131 1353 3301 1420; x_wconf 80' lang='lat' dir='ltr'><strong>magis</strong></span> <span class='ocrx_word' id='word_1_303' title='bbox 3332 1354 3493 1406; x_wconf 91' lang='lat' dir='ltr'><strong>etiam</strong></span> <span class='ocrx_word' id='word_1_304' title='bbox 3524 1357 3590 1407; x_wconf 90' lang='lat' dir='ltr'><strong>ad</strong></span> 
     </span>
    </p>
   </div>
   <div class='ocr_carea' id='block_1_43' title="bbox 2017 1436 3593 1501">
    <p class='ocr_par' dir='ltr' id='par_1_43' title="bbox 2017 1436 3593 1501">
     <span class='ocr_line' id='line_1_43' title="bbox 2017 1436 3593 1501; baseline 0.005 -12"><span class='ocrx_word' id='word_1_305' title='bbox 2017 1436 2155 1489; x_wconf 89' lang='lat' dir='ltr'><strong>hanc</strong></span> <span class='ocrx_word' id='word_1_306' title='bbox 2202 1436 2409 1490; x_wconf 78' lang='lat' dir='ltr'><strong>cladem</strong></span> <span class='ocrx_word' id='word_1_307' title='bbox 2460 1436 2698 1501; x_wconf 87' lang='lat' dir='ltr'><strong>irritato,</strong></span> <span class='ocrx_word' id='word_1_308' title='bbox 2736 1439 3086 1494; x_wconf 89' lang='lat' dir='ltr'><strong>Christianus</strong></span> <span class='ocrx_word' id='word_1_309' title='bbox 3130 1441 3182 1494; x_wconf 92' lang='lat' dir='ltr'><strong>in</strong></span> <span class='ocrx_word' id='word_1_310' title='bbox 3215 1456 3339 1495; x_wconf 89' lang='lat' dir='ltr'><strong>eum</strong></span> <span class='ocrx_word' id='word_1_311' title='bbox 3374 1444 3593 1497; x_wconf 88' lang='lat' dir='ltr'><strong>tertium</strong></span> 
     </span>
    </p>
   </div>
   <div class='ocr_carea' id='block_1_44' title="bbox 2014 1526 3596 1599">
    <p class='ocr_par' dir='ltr' id='par_1_44' title="bbox 2014 1526 3596 1599">
     <span class='ocr_line' id='line_1_44' title="bbox 2014 1526 3596 1599; baseline 0.005 -20"><span class='ocrx_word' id='word_1_312' title='bbox 2014 1526 2233 1579; x_wconf 84' lang='lat' dir='ltr'><strong>adhibet</strong></span> <span class='ocrx_word' id='word_1_313' title='bbox 2283 1535 2651 1594; x_wconf 89' lang='lat' dir='ltr'><strong>tormentum;</strong></span> <span class='ocrx_word' id='word_1_314' title='bbox 2702 1546 2824 1583; x_wconf 89' lang='lat' dir='ltr'><strong>nam</strong></span> <span class='ocrx_word' id='word_1_315' title='bbox 2874 1540 2931 1583; x_wconf 84' lang='lat' dir='ltr'><strong>ut</strong></span> <span class='ocrx_word' id='word_1_316' title='bbox 2973 1531 3082 1586; x_wconf 92' lang='lat' dir='ltr'><strong>illic</strong></span> <span class='ocrx_word' id='word_1_317' title='bbox 3124 1546 3152 1585; x_wconf 89' lang='lat' dir='ltr'><strong>a</strong></span> <span class='ocrx_word' id='word_1_318' title='bbox 3200 1531 3346 1587; x_wconf 84' lang='lat' dir='ltr'><strong>Mose</strong></span> <span class='ocrx_word' id='word_1_319' title='bbox 3377 1533 3596 1599; x_wconf 85' lang='lat' dir='ltr'><strong>vapulat</strong></span> 
     </span>
    </p>
   </div>
   <div class='ocr_carea' id='block_1_45' title="bbox 2013 1620 3597 1693">
    <p class='ocr_par' dir='ltr' id='par_1_45' title="bbox 2013 1620 3597 1693">
     <span class='ocr_line' id='line_1_45' title="bbox 2013 1620 3597 1693; baseline 0.005 -19"><span class='ocrx_word' id='word_1_320' title='bbox 2013 1620 2297 1689; x_wconf 75' lang='lat' dir='ltr'><strong>pediculis,</strong></span> <span class='ocrx_word' id='word_1_321' title='bbox 2334 1621 2403 1675; x_wconf 91' lang='lat' dir='ltr'><strong>ita</strong></span> <span class='ocrx_word' id='word_1_322' title='bbox 2440 1622 2527 1675; x_wconf 93' lang='lat' dir='ltr'><strong>hic</strong></span> <span class='ocrx_word' id='word_1_323' title='bbox 2581 1638 2608 1674; x_wconf 94' lang='lat' dir='ltr'><strong>a</strong></span> <span class='ocrx_word' id='word_1_324' title='bbox 2667 1621 2754 1688; x_wconf 87' lang='lat' dir='ltr'><strong>pio</strong></span> <span class='ocrx_word' id='word_1_325' title='bbox 2784 1622 2999 1692; x_wconf 82' lang='lat' dir='ltr'><strong>vapulat</strong></span> <span class='ocrx_word' id='word_1_326' title='bbox 3037 1624 3290 1693; x_wconf 86' lang='lat' dir='ltr'><strong>precibus</strong></span> <span class='ocrx_word' id='word_1_327' title='bbox 3336 1625 3597 1682; x_wconf 85' lang='lat' dir='ltr'><strong>scelestus</strong></span> 
     </span>
    </p>
   </div>
   <div class='ocr_carea' id='block_1_46' title="bbox 2016 1712 3596 1784">
    <p class='ocr_par' dir='ltr' id='par_1_46' title="bbox 2016 1712 3596 1784">
     <span class='ocr_line' id='line_1_46' title="bbox 2016 1712 3596 1784; baseline 0.004 -18"><span class='ocrx_word' id='word_1_328' title='bbox 2016 1713 2105 1769; x_wconf 90' lang='lat' dir='ltr'><strong>ille</strong></span> <span class='ocrx_word' id='word_1_329' title='bbox 2132 1723 2188 1768; x_wconf 89' lang='lat' dir='ltr'><strong>et</strong></span> <span class='ocrx_word' id='word_1_330' title='bbox 2229 1713 2600 1768; x_wconf 79' lang='lat' dir='ltr'><strong>exsecrandus</strong></span> <span class='ocrx_word' id='word_1_331' title='bbox 2634 1712 2867 1777; x_wconf 87' lang='lat' dir='ltr'><strong>Pharao,</strong></span> <span class='ocrx_word' id='word_1_332' title='bbox 2902 1723 2956 1769; x_wconf 89' lang='lat' dir='ltr'><strong>et</strong></span> <span class='ocrx_word' id='word_1_333' title='bbox 2982 1716 3434 1784; x_wconf 85' lang='lat' dir='ltr'><strong>quemadmodum</strong></span> <span class='ocrx_word' id='word_1_334' title='bbox 3487 1718 3596 1773; x_wconf 90' lang='lat' dir='ltr'><strong>illic</strong></span> 
     </span>
    </p>
   </div>
   <div class='ocr_carea' id='block_1_47' title="bbox 2018 1806 3596 1880">
    <p class='ocr_par' dir='ltr' id='par_1_47' title="bbox 2018 1806 3596 1880">
     <span class='ocr_line' id='line_1_47' title="bbox 2018 1806 3596 1880; baseline 0.003 -20"><span class='ocrx_word' id='word_1_335' title='bbox 2018 1816 2161 1861; x_wconf 88' lang='lat' dir='ltr'><strong>terra</strong></span> <span class='ocrx_word' id='word_1_336' title='bbox 2191 1818 2244 1861; x_wconf 90' lang='lat' dir='ltr'><strong>et</strong></span> <span class='ocrx_word' id='word_1_337' title='bbox 2266 1820 2360 1861; x_wconf 85' lang='lat' dir='ltr'><strong>aer</strong></span> <span class='ocrx_word' id='word_1_338' title='bbox 2385 1806 2649 1875; x_wconf 89' lang='lat' dir='ltr'><strong>pediculis</strong></span> <span class='ocrx_word' id='word_1_339' title='bbox 2674 1807 2895 1873; x_wconf 83' lang='lat' dir='ltr'><strong>referta,</strong></span> <span class='ocrx_word' id='word_1_340' title='bbox 2928 1824 3178 1877; x_wconf 82' lang='lat' dir='ltr'><strong>magnam</strong></span> <span class='ocrx_word' id='word_1_341' title='bbox 3201 1807 3415 1880; x_wconf 62' lang='lat' dir='ltr'><strong>Egypti</strong></span> <span class='ocrx_word' id='word_1_342' title='bbox 3443 1810 3596 1864; x_wconf 85' lang='lat' dir='ltr'><strong>duci-</strong></span> 
     </span>
    </p>
   </div>
   <div class='ocr_carea' id='block_1_48' title="bbox 2013 1897 3593 1969">
    <p class='ocr_par' dir='ltr' id='par_1_48' title="bbox 2013 1897 3593 1969">
     <span class='ocr_line' id='line_1_48' title="bbox 2013 1897 3593 1969; baseline 0 -16"><span class='ocrx_word' id='word_1_343' title='bbox 2013 1897 2112 1954; x_wconf 85' lang='lat' dir='ltr'><strong>bus</strong></span> <span class='ocrx_word' id='word_1_344' title='bbox 2160 1899 2373 1954; x_wconf 85' lang='lat' dir='ltr'><strong>cladem</strong></span> <span class='ocrx_word' id='word_1_345' title='bbox 2417 1898 2710 1953; x_wconf 89' lang='lat' dir='ltr'><strong>attulerunt</strong></span> <span class='ocrx_word' id='word_1_346' title='bbox 2750 1899 2830 1968; x_wconf 82' lang='grc'><strong>⁸¹;</strong></span> <span class='ocrx_word' id='word_1_347' title='bbox 2879 1900 2950 1954; x_wconf 91' lang='lat' dir='ltr'><strong>ita</strong></span> <span class='ocrx_word' id='word_1_348' title='bbox 2986 1915 3106 1953; x_wconf 89' lang='lat' dir='ltr'><strong>cum</strong></span> <span class='ocrx_word' id='word_1_349' title='bbox 3155 1903 3332 1954; x_wconf 85' lang='lat' dir='ltr'><strong>omnia</strong></span> <span class='ocrx_word' id='word_1_350' title='bbox 3382 1902 3593 1969; x_wconf 89' lang='lat' dir='ltr'><strong>piorum</strong></span> 
     </span>
    </p>
   </div>
   <div class='ocr_carea' id='block_1_49' title="bbox 2016 1992 3596 2061">
    <p class='ocr_par' dir='ltr' id='par_1_49' title="bbox 2016 1992 3596 2061">
     <span class='ocr_line' id='line_1_49' title="bbox 2016 1992 3596 2061; baseline -0.001 -13"><span class='ocrx_word' id='word_1_351' title='bbox 2016 1993 2293 2048; x_wconf 90' lang='lat' dir='ltr'><strong>hominum</strong></span> <span class='ocrx_word' id='word_1_352' title='bbox 2327 1993 2578 2059; x_wconf 89' lang='lat' dir='ltr'><strong>precilms</strong></span> <span class='ocrx_word' id='word_1_353' title='bbox 2614 1992 2913 2061; x_wconf 81' lang='lat' dir='ltr'><strong>replentur,</strong></span> <span class='ocrx_word' id='word_1_354' title='bbox 2938 1995 3005 2045; x_wconf 90' lang='lat' dir='ltr'><strong>ab</strong></span> <span class='ocrx_word' id='word_1_355' title='bbox 3053 1993 3133 2046; x_wconf 88' lang='lat' dir='ltr'><strong>his</strong></span> <span class='ocrx_word' id='word_1_356' title='bbox 3179 2000 3261 2046; x_wconf 90' lang='lat' dir='ltr'><strong>ter</strong></span> <span class='ocrx_word' id='word_1_357' title='bbox 3300 1993 3596 2047; x_wconf 59' lang='lat' dir='ltr'><strong>sceleratus</strong></span> 
     </span>
    </p>
   </div>
   <div class='ocr_carea' id='block_1_50' title="bbox 2016 2082 3593 2153">
    <p class='ocr_par' dir='ltr' id='par_1_50' title="bbox 2016 2082 3593 2153">
     <span class='ocr_line' id='line_1_50' title="bbox 2016 2082 3593 2153; baseline 0.001 -14"><span class='ocrx_word' id='word_1_358' title='bbox 2016 2086 2104 2139; x_wconf 89' lang='lat' dir='ltr'><strong>ille</strong></span> <span class='ocrx_word' id='word_1_359' title='bbox 2142 2100 2265 2141; x_wconf 91' lang='lat' dir='ltr'><strong>cum</strong></span> <span class='ocrx_word' id='word_1_360' title='bbox 2313 2084 2610 2139; x_wconf 79' lang='lat' dir='ltr'><strong>inferorum</strong></span> <span class='ocrx_word' id='word_1_361' title='bbox 2665 2082 2934 2148; x_wconf 89' lang='lat' dir='ltr'><strong>ducibus,</strong></span> <span class='ocrx_word' id='word_1_362' title='bbox 2996 2083 3208 2137; x_wconf 89' lang='lat' dir='ltr'><strong>medius</strong></span> <span class='ocrx_word' id='word_1_363' title='bbox 3254 2085 3493 2153; x_wconf 81' lang='lat' dir='ltr'><strong>cingitur</strong></span> <span class='ocrx_word' id='word_1_364' title='bbox 3542 2095 3593 2140; x_wconf 88' lang='lat' dir='ltr'><strong>et</strong></span> 
     </span>
    </p>
   </div>
   <div class='ocr_carea' id='block_1_51' title="bbox 2015 2173 3592 2246">
    <p class='ocr_par' dir='ltr' id='par_1_51' title="bbox 2015 2173 3592 2246">
     <span class='ocr_line' id='line_1_51' title="bbox 2015 2173 3592 2246; baseline -0.001 -15"><span class='ocrx_word' id='word_1_365' title='bbox 2015 2185 2318 2244; x_wconf 88' lang='lat' dir='ltr'><strong>torquetur.</strong></span> <span class='ocrx_word' id='word_1_366' title='bbox 2371 2174 2645 2245; x_wconf 90' lang='lat' dir='ltr'><strong>Siquidem</strong></span> <span class='ocrx_word' id='word_1_367' title='bbox 2703 2189 2825 2229; x_wconf 90' lang='lat' dir='ltr'><strong>cum</strong></span> <span class='ocrx_word' id='word_1_368' title='bbox 2879 2173 2989 2228; x_wconf 89' lang='lat' dir='ltr'><strong>sint</strong></span> <span class='ocrx_word' id='word_1_369' title='bbox 3041 2174 3121 2227; x_wconf 73' lang='lat' dir='ltr'><strong>hae</strong></span> <span class='ocrx_word' id='word_1_370' title='bbox 3174 2189 3358 2244; x_wconf 84' lang='lat' dir='ltr'><strong>preces</strong></span> <span class='ocrx_word' id='word_1_371' title='bbox 3402 2176 3592 2246; x_wconf 55' lang='lat' dir='ltr'><strong>agiles,</strong></span> 
     </span>
    </p>
   </div>
   <div class='ocr_carea' id='block_1_52' title="bbox 2013 2266 3203 2338">
    <p class='ocr_par' dir='ltr' id='par_1_52' title="bbox 2013 2266 3203 2338">
     <span class='ocr_line' id='line_1_52' title="bbox 2013 2266 3203 2338; baseline 0.001 -19"><span class='ocrx_word' id='word_1_372' title='bbox 2013 2267 2336 2338; x_wconf 85' lang='lat' dir='ltr'><strong>quihusdam</strong></span> <span class='ocrx_word' id='word_1_373' title='bbox 2374 2267 2527 2336; x_wconf 91' lang='lat' dir='ltr'><strong>quasi</strong></span> <span class='ocrx_word' id='word_1_374' title='bbox 2557 2266 2657 2321; x_wconf 85' lang='lat' dir='ltr'><strong>alis</strong></span> <span class='ocrx_word' id='word_1_375' title='bbox 2679 2267 2859 2321; x_wconf 88' lang='lat' dir='ltr'><strong>omnia</strong></span> <span class='ocrx_word' id='word_1_376' title='bbox 2896 2276 3203 2336; x_wconf 89' lang='lat' dir='ltr'><strong>pererrant.</strong></span> 
     </span>
    </p>
   </div>
   <div class='ocr_carea' id='block_1_53' title="bbox 2084 2357 3585 2428">
    <p class='ocr_par' dir='ltr' id='par_1_53' title="bbox 2084 2357 3585 2428">
     <span class='ocr_line' id='line_1_53' title="bbox 2084 2357 3585 2428; baseline -0.003 -13"><span class='ocrx_word' id='word_1_377' title='bbox 2084 2361 2164 2415; x_wconf 86' lang='lat' dir='ltr'><strong>Ac</strong></span> <span class='ocrx_word' id='word_1_378' title='bbox 2211 2374 2277 2415; x_wconf 87' lang='lat' dir='ltr'><strong>ne</strong></span> <span class='ocrx_word' id='word_1_379' title='bbox 2308 2359 2391 2413; x_wconf 88' lang='lat' dir='ltr'><strong>ltis</strong></span> <span class='ocrx_word' id='word_1_380' title='bbox 2424 2359 2638 2428; x_wconf 90' lang='lat' dir='ltr'><strong>quidem</strong></span> <span class='ocrx_word' id='word_1_381' title='bbox 2678 2358 2902 2423; x_wconf 92' lang='lat' dir='ltr'><strong>mollito,</strong></span> <span class='ocrx_word' id='word_1_382' title='bbox 2930 2357 2984 2411; x_wconf 88' lang='lat' dir='ltr'><strong>in</strong></span> <span class='ocrx_word' id='word_1_383' title='bbox 3031 2372 3153 2411; x_wconf 90' lang='lat' dir='ltr'><strong>eum</strong></span> <span class='ocrx_word' id='word_1_384' title='bbox 3183 2358 3302 2427; x_wconf 89' lang='lat' dir='ltr'><strong>pius</strong></span> <span class='ocrx_word' id='word_1_385' title='bbox 3332 2367 3585 2427; x_wconf 85' lang='lat' dir='ltr'><strong>tanquam</strong></span> 
     </span>
    </p>
   </div>
   <div class='ocr_carea' id='block_1_54' title="bbox 2011 2447 3593 2527">
    <p class='ocr_par' dir='ltr' id='par_1_54' title="bbox 2011 2447 3593 2527">
     <span class='ocr_line' id='line_1_54' title="bbox 2011 2447 3593 2527; baseline -0.002 -17"><span class='ocrx_word' id='word_1_386' title='bbox 2011 2453 2365 2527; x_wconf 13' lang='lat' dir='ltr'><strong>cynomyiam‘</strong></span> <span class='ocrx_word' id='word_1_387' title='bbox 2391 2458 2564 2506; x_wconf 86' lang='lat' dir='ltr'><strong>armat</strong></span> <span class='ocrx_word' id='word_1_388' title='bbox 2626 2450 2717 2504; x_wconf 89' lang='lat' dir='ltr'><strong>Dei</strong></span> <span class='ocrx_word' id='word_1_389' title='bbox 2747 2449 3089 2504; x_wconf 82' lang='lat' dir='ltr'><strong>charitatem.</strong></span> <span class='ocrx_word' id='word_1_390' title='bbox 3142 2447 3342 2503; x_wconf 85' lang='lat' dir='ltr'><strong>Verum</strong></span> <span class='ocrx_word' id='word_1_391' title='bbox 3373 2460 3593 2519; x_wconf 67' lang='lat' dir='ltr'><strong>praestat</strong></span> 
     </span>
    </p>
   </div>
   <div class='ocr_carea' id='block_1_55' title="bbox 2011 2539 3593 2612">
    <p class='ocr_par' dir='ltr' id='par_1_55' title="bbox 2011 2539 3593 2612">
     <span class='ocr_line' id='line_1_55' title="bbox 2011 2539 3593 2612; baseline -0.011 -11"><span class='ocrx_word' id='word_1_392' title='bbox 2011 2543 2320 2601; x_wconf 87' lang='lat' dir='ltr'><strong>sensibilem</strong></span> <span class='ocrx_word' id='word_1_393' title='bbox 2351 2541 2502 2612; x_wconf 90' lang='lat' dir='ltr'><strong>prius</strong></span> <span class='ocrx_word' id='word_1_394' title='bbox 2531 2539 2739 2595; x_wconf 86' lang='lat' dir='ltr'><strong>cladem</strong></span> <span class='ocrx_word' id='word_1_395' title='bbox 2774 2539 3023 2609; x_wconf 80' lang='lat' dir='ltr'><strong>exsequi,</strong></span> <span class='ocrx_word' id='word_1_396' title='bbox 3058 2548 3113 2592; x_wconf 92' lang='lat' dir='ltr'><strong>ut</strong></span> <span class='ocrx_word' id='word_1_397' title='bbox 3143 2554 3205 2593; x_wconf 81' lang='lat' dir='ltr'><strong>ex</strong></span> <span class='ocrx_word' id='word_1_398' title='bbox 3239 2539 3469 2610; x_wconf 77' lang='lat' dir='ltr'><strong>imagine</strong></span> <span class='ocrx_word' id='word_1_399' title='bbox 3497 2558 3593 2594; x_wconf 65' lang='grc' dir='ltr'><strong>νυ-</strong></span> 
     </span>
    </p>
   </div>
   <div class='ocr_carea' id='block_1_56' title="bbox 2012 2632 3595 2705">
    <p class='ocr_par' dir='ltr' id='par_1_56' title="bbox 2012 2632 3595 2705">
     <span class='ocr_line' id='line_1_56' title="bbox 2012 2632 3595 2705; baseline -0.005 -10"><span class='ocrx_word' id='word_1_400' title='bbox 2012 2640 2229 2695; x_wconf 85' lang='lat' dir='ltr'><strong>ritatem</strong></span> <span class='ocrx_word' id='word_1_401' title='bbox 2259 2635 2577 2705; x_wconf 82' lang='lat' dir='ltr'><strong>explicatam</strong></span> <span class='ocrx_word' id='word_1_402' title='bbox 2610 2644 2913 2689; x_wconf 79' lang='lat' dir='ltr'><strong>Statuamus</strong></span> <span class='ocrx_word' id='word_1_403' title='bbox 2934 2633 2999 2686; x_wconf 73' lang='grc' dir='ltr'><strong>θ’.</strong></span> <span class='ocrx_word' id='word_1_404' title='bbox 3041 2632 3107 2687; x_wconf 88' lang='lat' dir='ltr'><strong>Ut</strong></span> <span class='ocrx_word' id='word_1_405' title='bbox 3159 2635 3438 2705; x_wconf 79' lang='lat' dir='ltr'><strong>cynomyia</strong></span> <span class='ocrx_word' id='word_1_406' title='bbox 3489 2635 3595 2687; x_wconf 68' lang='lat' dir='ltr'><strong>ali-</strong></span> 
     </span>
    </p>
   </div>
   <div class='ocr_carea' id='block_1_57' title="bbox 2012 2724 3593 2794">
    <p class='ocr_par' dir='ltr' id='par_1_57' title="bbox 2012 2724 3593 2794">
     <span class='ocr_line' id='line_1_57' title="bbox 2012 2724 3593 2794; baseline -0.003 -12"><span class='ocrx_word' id='word_1_407' title='bbox 2012 2738 2123 2785; x_wconf 88' lang='lat' dir='ltr'><strong>tum</strong></span> <span class='ocrx_word' id='word_1_408' title='bbox 2160 2729 2391 2784; x_wconf 75' lang='lat' dir='ltr'><strong>minima</strong></span> <span class='ocrx_word' id='word_1_409' title='bbox 2434 2737 2540 2792; x_wconf 77' lang='lat' dir='ltr'><strong>eat,</strong></span> <span class='ocrx_word' id='word_1_410' title='bbox 2571 2726 2665 2780; x_wconf 91' lang='lat' dir='ltr'><strong>sed</strong></span> <span class='ocrx_word' id='word_1_411' title='bbox 2702 2741 2821 2794; x_wconf 73' lang='lat' dir='ltr'><strong>qttte</strong></span> <span class='ocrx_word' id='word_1_412' title='bbox 2840 2724 2960 2778; x_wconf 90' lang='lat' dir='ltr'><strong>cani</strong></span> <span class='ocrx_word' id='word_1_413' title='bbox 3000 2724 3351 2779; x_wconf 84' lang='lat' dir='ltr'><strong>intolerabile</strong></span> <span class='ocrx_word' id='word_1_414' title='bbox 3382 2726 3593 2794; x_wconf 85' lang='lat' dir='ltr'><strong>pondus</strong></span> 
     </span>
    </p>
   </div>
   <div class='ocr_carea' id='block_1_58' title="bbox 2010 2816 3593 2887">
    <p class='ocr_par' dir='ltr' id='par_1_58' title="bbox 2010 2816 3593 2887">
     <span class='ocr_line' id='line_1_58' title="bbox 2010 2816 3593 2887; baseline -0.004 -12"><span class='ocrx_word' id='word_1_415' title='bbox 2010 2820 2237 2885; x_wconf 81' lang='lat' dir='ltr'><strong>atl&#39;crat;</strong></span> <span class='ocrx_word' id='word_1_416' title='bbox 2277 2834 2397 2872; x_wconf 89' lang='lat' dir='ltr'><strong>nam</strong></span> <span class='ocrx_word' id='word_1_417' title='bbox 2427 2819 2615 2887; x_wconf 89' lang='lat' dir='ltr'><strong>illapsa</strong></span> <span class='ocrx_word' id='word_1_418' title='bbox 2645 2817 2802 2885; x_wconf 89' lang='lat' dir='ltr'><strong>plane</strong></span> <span class='ocrx_word' id='word_1_419' title='bbox 2834 2816 3131 2885; x_wconf 72' lang='lat' dir='ltr'><strong>inquit-tum</strong></span> <span class='ocrx_word' id='word_1_420' title='bbox 3163 2816 3362 2870; x_wconf 89' lang='lat' dir='ltr'><strong>animal</strong></span> <span class='ocrx_word' id='word_1_421' title='bbox 3394 2817 3593 2883; x_wconf 86' lang='lat' dir='ltr'><strong>reddit,</strong></span> 
     </span>
    </p>
   </div>
   <div class='ocr_carea' id='block_1_59' title="bbox 2011 2908 3593 2978">
    <p class='ocr_par' dir='ltr' id='par_1_59' title="bbox 2011 2908 3593 2978">
     <span class='ocr_line' id='line_1_59' title="bbox 2011 2908 3593 2978; baseline -0.004 -10"><span class='ocrx_word' id='word_1_422' title='bbox 2011 2927 2111 2968; x_wconf 90' lang='lat' dir='ltr'><strong>nec</strong></span> <span class='ocrx_word' id='word_1_423' title='bbox 2145 2911 2412 2967; x_wconf 89' lang='lat' dir='ltr'><strong>volentem</strong></span> <span class='ocrx_word' id='word_1_424' title='bbox 2446 2924 2667 2963; x_wconf 89' lang='lat' dir='ltr'><strong>currere</strong></span> <span class='ocrx_word' id='word_1_425' title='bbox 2694 2908 2855 2978; x_wconf 76' lang='lat' dir='ltr'><strong>cogit,</strong></span> <span class='ocrx_word' id='word_1_426' title='bbox 2896 2922 2958 2961; x_wconf 91' lang='lat' dir='ltr'><strong>ac</strong></span> <span class='ocrx_word' id='word_1_427' title='bbox 2988 2908 3131 2961; x_wconf 91' lang='lat' dir='ltr'><strong>serio</strong></span> <span class='ocrx_word' id='word_1_428' title='bbox 3166 2909 3462 2962; x_wconf 87' lang='lat' dir='ltr'><strong>mandenda</strong></span> <span class='ocrx_word' id='word_1_429' title='bbox 3494 2923 3593 2963; x_wconf 86' lang='lat' dir='ltr'><strong>sua</strong></span> 
     </span>
    </p>
   </div>
   <div class='ocr_carea' id='block_1_60' title="bbox 2014 2999 3591 3077">
    <p class='ocr_par' dir='ltr' id='par_1_60' title="bbox 2014 2999 3591 3077">
     <span class='ocr_line' id='line_1_60' title="bbox 2014 2999 3591 3077; baseline -0.005 -17"><span class='ocrx_word' id='word_1_430' title='bbox 2014 3006 2184 3077; x_wconf 87' lang='lat' dir='ltr'><strong>ipsius</strong></span> <span class='ocrx_word' id='word_1_431' title='bbox 2216 3005 2386 3061; x_wconf 85' lang='lat' dir='ltr'><strong>cauda</strong></span> <span class='ocrx_word' id='word_1_432' title='bbox 2419 3017 2477 3057; x_wconf 89' lang='lat' dir='ltr'><strong>se</strong></span> <span class='ocrx_word' id='word_1_433' title='bbox 2521 3002 2814 3064; x_wconf 80' lang='lat' dir='ltr'><strong>inﬂectere,</strong></span> <span class='ocrx_word' id='word_1_434' title='bbox 2850 2999 3121 3054; x_wconf 91' lang='lat' dir='ltr'><strong>interdum</strong></span> <span class='ocrx_word' id='word_1_435' title='bbox 3171 3013 3301 3052; x_wconf 85' lang='lat' dir='ltr'><strong>vero</strong></span> <span class='ocrx_word' id='word_1_436' title='bbox 3342 3000 3506 3053; x_wconf 90' lang='lat' dir='ltr'><strong>etiam</strong></span> <span class='ocrx_word' id='word_1_437' title='bbox 3538 3000 3591 3052; x_wconf 92' lang='lat' dir='ltr'><strong>in</strong></span> 
     </span>
    </p>
   </div>
   <div class='ocr_carea' id='block_1_61' title="bbox 326 3083 3593 3164">
    <p class='ocr_par' dir='ltr' id='par_1_61' title="bbox 326 3083 3593 3164">
     <span class='ocr_line' id='line_1_61' title="bbox 326 3083 3593 3164; baseline 0.001 -26"><span class='ocrx_word' id='word_1_438' title='bbox 326 3083 513 3153; x_wconf 81' lang='lat' dir='ltr'><strong>paleas</strong></span> <span class='ocrx_word' id='word_1_439' title='bbox 540 3101 756 3154; x_wconf 88' lang='lat' dir='ltr'><strong>quoque</strong></span> <span class='ocrx_word' id='word_1_440' title='bbox 788 3088 1061 3143; x_wconf 82' lang='lat' dir='ltr'><strong>subtraxit</strong></span> <span class='ocrx_word' id='word_1_441' title='bbox 1092 3089 1158 3144; x_wconf 86' lang='grc'><strong>⁷⁸.</strong></span> <span class='ocrx_word' id='word_1_442' title='bbox 1212 3088 1303 3145; x_wconf 89' lang='lat' dir='ltr'><strong>Sic</strong></span> <span class='ocrx_word' id='word_1_443' title='bbox 1326 3107 1448 3146; x_wconf 90' lang='lat' dir='ltr'><strong>cum</strong></span> <span class='ocrx_word' id='word_1_444' title='bbox 1484 3092 1664 3160; x_wconf 89' lang='lat' dir='ltr'><strong>homo,</strong></span> <span class='ocrx_word' id='word_1_445' title='bbox 1693 3094 1784 3164; x_wconf 92' lang='lat' dir='ltr'><strong>qui</strong></span> <span class='ocrx_word' id='word_1_446' title='bbox 1823 3104 1906 3149; x_wconf 90' lang='lat' dir='ltr'><strong>est</strong></span> <span class='ocrx_word' id='word_1_447' title='bbox 1933 3098 1979 3159; x_wconf 69' lang='grc' dir='ltr'>α</span> <span class='ocrx_word' id='word_1_448' title='bbox 2016 3108 2214 3152; x_wconf 87' lang='lat' dir='ltr'><strong>terram</strong></span> <span class='ocrx_word' id='word_1_449' title='bbox 2264 3096 2548 3150; x_wconf 87' lang='lat' dir='ltr'><strong>decidnum</strong></span> <span class='ocrx_word' id='word_1_450' title='bbox 2577 3092 2805 3163; x_wconf 79' lang='lat' dir='ltr'><strong>gramini</strong></span> <span class='ocrx_word' id='word_1_451' title='bbox 2854 3092 3072 3145; x_wconf 89' lang='lat' dir='ltr'><strong>assidue</strong></span> <span class='ocrx_word' id='word_1_452' title='bbox 3099 3087 3372 3154; x_wconf 81' lang='lat' dir='ltr'><strong>atl‘ricare,</strong></span> <span class='ocrx_word' id='word_1_453' title='bbox 3394 3106 3593 3143; x_wconf 69' lang='lat' dir='ltr'><strong>musca:</strong></span> 
     </span>
    </p>
   </div>
   <div class='ocr_carea' id='block_1_62' title="bbox 327 3179 1909 3258">
    <p class='ocr_par' dir='ltr' id='par_1_62' title="bbox 327 3179 1909 3258">
     <span class='ocr_line' id='line_1_62' title="bbox 327 3179 1909 3258; baseline 0.007 -29"><span class='ocrx_word' id='word_1_454' title='bbox 327 3179 687 3232; x_wconf 88' lang='lat' dir='ltr'><strong>constitutum</strong></span> <span class='ocrx_word' id='word_1_455' title='bbox 728 3180 1003 3248; x_wconf 84' lang='lat' dir='ltr'><strong>quoddam</strong></span> <span class='ocrx_word' id='word_1_456' title='bbox 1047 3196 1113 3237; x_wconf 82' lang='lat' dir='ltr'><strong>ex</strong></span> <span class='ocrx_word' id='word_1_457' title='bbox 1154 3184 1334 3237; x_wconf 90' lang='lat' dir='ltr'><strong>animo</strong></span> <span class='ocrx_word' id='word_1_458' title='bbox 1364 3193 1419 3239; x_wconf 90' lang='lat' dir='ltr'><strong>et</strong></span> <span class='ocrx_word' id='word_1_459' title='bbox 1446 3201 1672 3257; x_wconf 89' lang='lat' dir='ltr'><strong>corpore</strong></span> <span class='ocrx_word' id='word_1_460' title='bbox 1705 3196 1909 3258; x_wconf 80' lang='lat' dir='ltr'><strong>tempe-</strong></span> 
     </span>
    </p>
   </div>
   <div class='ocr_carea' id='block_1_63' title="bbox 332 3271 1914 3344">
    <p class='ocr_par' dir='ltr' id='par_1_63' title="bbox 332 3271 1914 3344">
     <span class='ocr_line' id='line_1_63' title="bbox 332 3271 1914 3344; baseline 0.007 -22"><span class='ocrx_word' id='word_1_461' title='bbox 332 3280 669 3336; x_wconf 87' lang='lat' dir='ltr'><strong>ramentum,</strong></span> <span class='ocrx_word' id='word_1_462' title='bbox 727 3271 1050 3342; x_wconf 79' lang='lat' dir='ltr'><strong>intelligibili</strong></span> <span class='ocrx_word' id='word_1_463' title='bbox 1098 3271 1368 3329; x_wconf 83' lang='lat' dir='ltr'><strong>Pharaoni</strong></span> <span class='ocrx_word' id='word_1_464' title='bbox 1418 3277 1677 3344; x_wconf 89' lang='lat' dir='ltr'><strong>instabat,</strong></span> <span class='ocrx_word' id='word_1_465' title='bbox 1712 3280 1914 3333; x_wconf 82' lang='lat' dir='ltr'><strong>sineret</strong></span> 
     </span>
    </p>
   </div>
   <div class='ocr_carea' id='block_1_64' title="bbox 326 3365 1909 3439">
    <p class='ocr_par' dir='ltr' id='par_1_64' title="bbox 326 3365 1909 3439">
     <span class='ocr_line' id='line_1_64' title="bbox 326 3365 1909 3439; baseline 0.003 -20"><span class='ocrx_word' id='word_1_466' title='bbox 326 3380 386 3419; x_wconf 86' lang='lat' dir='ltr'><strong>se</strong></span> <span class='ocrx_word' id='word_1_467' title='bbox 417 3365 671 3418; x_wconf 89' lang='lat' dir='ltr'><strong>concordi</strong></span> <span class='ocrx_word' id='word_1_468' title='bbox 697 3365 877 3418; x_wconf 87' lang='lat' dir='ltr'><strong>studio</strong></span> <span class='ocrx_word' id='word_1_469' title='bbox 905 3366 1042 3418; x_wconf 89' lang='lat' dir='ltr'><strong>citra</strong></span> <span class='ocrx_word' id='word_1_470' title='bbox 1071 3365 1339 3421; x_wconf 83' lang='lat' dir='ltr'><strong>otl‘ensatn</strong></span> <span class='ocrx_word' id='word_1_471' title='bbox 1371 3375 1426 3422; x_wconf 89' lang='lat' dir='ltr'><strong>et</strong></span> <span class='ocrx_word' id='word_1_472' title='bbox 1456 3371 1672 3435; x_wconf 87' lang='lat' dir='ltr'><strong>putidas</strong></span> <span class='ocrx_word' id='word_1_473' title='bbox 1700 3371 1909 3439; x_wconf 79' lang='lat' dir='ltr'><strong>cogita-</strong></span> 
     </span>
    </p>
   </div>
   <div class='ocr_carea' id='block_1_65' title="bbox 330 3456 1913 3525">
    <p class='ocr_par' dir='ltr' id='par_1_65' title="bbox 330 3456 1913 3525">
     <span class='ocr_line' id='line_1_65' title="bbox 330 3456 1913 3525; baseline 0.005 -15"><span class='ocrx_word' id='word_1_474' title='bbox 330 3458 505 3511; x_wconf 90' lang='lat' dir='ltr'><strong>tiones</strong></span> <span class='ocrx_word' id='word_1_475' title='bbox 560 3456 660 3510; x_wconf 79' lang='lat' dir='ltr'><strong>SS.</strong></span> <span class='ocrx_word' id='word_1_476' title='bbox 715 3456 979 3511; x_wconf 87' lang='lat' dir='ltr'><strong>Deitatem</strong></span> <span class='ocrx_word' id='word_1_477' title='bbox 1032 3459 1315 3525; x_wconf 88' lang='lat' dir='ltr'><strong>venerari;</strong></span> <span class='ocrx_word' id='word_1_478' title='bbox 1368 3459 1784 3517; x_wconf 85' lang='lat' dir='ltr'><strong>scelestissimus</strong></span> <span class='ocrx_word' id='word_1_479' title='bbox 1825 3463 1913 3518; x_wconf 90' lang='lat' dir='ltr'><strong>illc</strong></span> 
     </span>
    </p>
   </div>
   <div class='ocr_carea' id='block_1_66' title="bbox 326 3551 1910 3620">
    <p class='ocr_par' dir='ltr' id='par_1_66' title="bbox 326 3551 1910 3620">
     <span class='ocr_line' id='line_1_66' title="bbox 326 3551 1910 3620; baseline 0.004 -17"><span class='ocrx_word' id='word_1_480' title='bbox 326 3553 464 3603; x_wconf 89' lang='lat' dir='ltr'><strong>adeo</strong></span> <span class='ocrx_word' id='word_1_481' title='bbox 528 3566 631 3601; x_wconf 92' lang='lat' dir='ltr'><strong>non</strong></span> <span class='ocrx_word' id='word_1_482' title='bbox 693 3559 777 3601; x_wconf 71' lang='lat' dir='ltr'><strong>est</strong></span> <span class='ocrx_word' id='word_1_483' title='bbox 838 3563 1028 3618; x_wconf 81' lang='lat' dir='ltr'><strong>passus</strong></span> <span class='ocrx_word' id='word_1_484' title='bbox 1083 3551 1355 3604; x_wconf 91' lang='lat' dir='ltr'><strong>hominem</strong></span> <span class='ocrx_word' id='word_1_485' title='bbox 1405 3552 1470 3606; x_wconf 91' lang='lat' dir='ltr'><strong>ad</strong></span> <span class='ocrx_word' id='word_1_486' title='bbox 1525 3554 1910 3620; x_wconf 75' lang='lat' dir='ltr'><strong>perfectionem</strong></span> 
     </span>
    </p>
   </div>
   <div class='ocr_carea' id='block_1_67' title="bbox 324 3640 1911 3711">
    <p class='ocr_par' dir='ltr' id='par_1_67' title="bbox 324 3640 1911 3711">
     <span class='ocr_line' id='line_1_67' title="bbox 324 3640 1911 3711; baseline 0.001 -15"><span class='ocrx_word' id='word_1_487' title='bbox 324 3643 579 3705; x_wconf 81' lang='lat' dir='ltr'><strong>evadere,</strong></span> <span class='ocrx_word' id='word_1_488' title='bbox 614 3651 669 3695; x_wconf 90' lang='lat' dir='ltr'><strong>ut</strong></span> <span class='ocrx_word' id='word_1_489' title='bbox 708 3642 790 3694; x_wconf 89' lang='lat' dir='ltr'><strong>vel</strong></span> <span class='ocrx_word' id='word_1_490' title='bbox 823 3642 1012 3711; x_wconf 75' lang='lat' dir='ltr'><strong>exigua</strong></span> <span class='ocrx_word' id='word_1_491' title='bbox 1044 3640 1206 3694; x_wconf 90' lang='lat' dir='ltr'><strong>etiam</strong></span> <span class='ocrx_word' id='word_1_492' title='bbox 1238 3643 1437 3695; x_wconf 86' lang='lat' dir='ltr'><strong>virtute</strong></span> <span class='ocrx_word' id='word_1_493' title='bbox 1476 3642 1751 3710; x_wconf 76' lang='lat' dir='ltr'><strong>aﬂ&#39;ectum,</strong></span> <span class='ocrx_word' id='word_1_494' title='bbox 1791 3656 1911 3698; x_wconf 89' lang='lat' dir='ltr'><strong>tan-</strong></span> 
     </span>
    </p>
   </div>
   <div class='ocr_carea' id='block_1_68' title="bbox 328 3733 1913 3803">
    <p class='ocr_par' dir='ltr' id='par_1_68' title="bbox 328 3733 1913 3803">
     <span class='ocr_line' id='line_1_68' title="bbox 328 3733 1913 3803; baseline 0.003 -19"><span class='ocrx_word' id='word_1_495' title='bbox 328 3751 491 3803; x_wconf 89' lang='lat' dir='ltr'><strong>quam</strong></span> <span class='ocrx_word' id='word_1_496' title='bbox 549 3733 722 3801; x_wconf 86' lang='lat' dir='ltr'><strong>palea,</strong></span> <span class='ocrx_word' id='word_1_497' title='bbox 776 3734 1128 3801; x_wconf 72' lang='lat' dir='ltr'><strong>despoliaret.</strong></span> <span class='ocrx_word' id='word_1_498' title='bbox 1178 3735 1365 3801; x_wconf 85' lang='lat' dir='ltr'><strong>Itaque</strong></span> <span class='ocrx_word' id='word_1_499' title='bbox 1410 3733 1609 3787; x_wconf 88' lang='lat' dir='ltr'><strong>Christi</strong></span> <span class='ocrx_word' id='word_1_500' title='bbox 1669 3738 1913 3791; x_wconf 75' lang='lat' dir='ltr'><strong>srudioso</strong></span> 
     </span>
    </p>
   </div>
   <div class='ocr_carea' id='block_1_69' title="bbox 329 3823 1909 3889">
    <p class='ocr_par' dir='ltr' id='par_1_69' title="bbox 329 3823 1909 3889">
     <span class='ocr_line' id='line_1_69' title="bbox 329 3823 1909 3889; baseline 0.001 -11"><span class='ocrx_word' id='word_1_501' title='bbox 329 3828 526 3889; x_wconf 80' lang='lat' dir='ltr'><strong>cuique</strong></span> <span class='ocrx_word' id='word_1_502' title='bbox 571 3840 598 3875; x_wconf 90' lang='lat' dir='ltr'><strong>a</strong></span> <span class='ocrx_word' id='word_1_503' title='bbox 645 3823 751 3875; x_wconf 81' lang='lat' dir='ltr'><strong>Deo</strong></span> <span class='ocrx_word' id='word_1_504' title='bbox 781 3824 905 3877; x_wconf 87' lang='lat' dir='ltr'><strong>data</strong></span> <span class='ocrx_word' id='word_1_505' title='bbox 949 3833 1027 3877; x_wconf 89' lang='lat' dir='ltr'><strong>est</strong></span> <span class='ocrx_word' id='word_1_506' title='bbox 1078 3824 1159 3877; x_wconf 87' lang='lat' dir='ltr'><strong>vis</strong></span> <span class='ocrx_word' id='word_1_507' title='bbox 1190 3825 1377 3878; x_wconf 89' lang='lat' dir='ltr'><strong>decem</strong></span> <span class='ocrx_word' id='word_1_508' title='bbox 1419 3825 1600 3879; x_wconf 87' lang='lat' dir='ltr'><strong>clades</strong></span> <span class='ocrx_word' id='word_1_509' title='bbox 1646 3824 1909 3880; x_wconf 70' lang='lat' dir='ltr'><strong>inferendi</strong></span> 
     </span>
    </p>
   </div>
   <div class='ocr_carea' id='block_1_70' title="bbox 330 3914 1137 3982">
    <p class='ocr_par' dir='ltr' id='par_1_70' title="bbox 330 3914 1137 3982">
     <span class='ocr_line' id='line_1_70' title="bbox 330 3914 1137 3982; baseline -0.002 -11"><span class='ocrx_word' id='word_1_510' title='bbox 330 3918 456 3971; x_wconf 89' lang='lat' dir='ltr'><strong>huic</strong></span> <span class='ocrx_word' id='word_1_511' title='bbox 488 3915 761 3969; x_wconf 82' lang='lat' dir='ltr'><strong>Pharaoni</strong></span> <span class='ocrx_word' id='word_1_512' title='bbox 794 3914 1137 3982; x_wconf 77' lang='lat' dir='ltr'><strong>intelligihili.</strong></span> 
     </span>
    </p>
   </div>
   <div class='ocr_carea' id='block_1_71' title="bbox 403 4006 1911 4075">
    <p class='ocr_par' dir='ltr' id='par_1_71' title="bbox 403 4006 1911 4075">
     <span class='ocr_line' id='line_1_71' title="bbox 403 4006 1911 4075; baseline 0.002 -17"><span class='ocrx_word' id='word_1_513' title='bbox 403 4007 548 4073; x_wconf 78' lang='lat' dir='ltr'><strong>Quas</strong></span> <span class='ocrx_word' id='word_1_514' title='bbox 599 4009 890 4061; x_wconf 87' lang='lat' dir='ltr'><strong>observate</strong></span> <span class='ocrx_word' id='word_1_515' title='bbox 952 4021 1141 4075; x_wconf 90' lang='lat' dir='ltr'><strong>porro,</strong></span> <span class='ocrx_word' id='word_1_516' title='bbox 1199 4015 1252 4060; x_wconf 84' lang='lat' dir='ltr'><strong>et</strong></span> <span class='ocrx_word' id='word_1_517' title='bbox 1310 4006 1567 4075; x_wconf 86' lang='lat' dir='ltr'><strong>utrinque</strong></span> <span class='ocrx_word' id='word_1_518' title='bbox 1630 4023 1911 4061; x_wconf 67' lang='lat' dir='ltr'><strong>numerum</strong></span> 
     </span>
    </p>
   </div>
   <div class='ocr_carea' id='block_1_72' title="bbox 328 4097 1912 4166">
    <p class='ocr_par' dir='ltr' id='par_1_72' title="bbox 328 4097 1912 4166">
     <span class='ocr_line' id='line_1_72' title="bbox 328 4097 1912 4166; baseline -0.001 -12"><span class='ocrx_word' id='word_1_519' title='bbox 328 4101 478 4154; x_wconf 80' lang='lat' dir='ltr'><strong>inite.</strong></span> <span class='ocrx_word' id='word_1_520' title='bbox 511 4099 979 4166; x_wconf 82' lang='lat' dir='ltr'><strong>Quemadmodum</strong></span> <span class='ocrx_word' id='word_1_521' title='bbox 1018 4098 1127 4152; x_wconf 91' lang='lat' dir='ltr'><strong>illic</strong></span> <span class='ocrx_word' id='word_1_522' title='bbox 1165 4098 1452 4152; x_wconf 80' lang='lat' dir='ltr'><strong>obﬁrmato</strong></span> <span class='ocrx_word' id='word_1_523' title='bbox 1482 4097 1765 4153; x_wconf 87' lang='lat' dir='ltr'><strong>Pharaone</strong></span> <span class='ocrx_word' id='word_1_524' title='bbox 1793 4098 1912 4153; x_wconf 82' lang='lat' dir='ltr'><strong>Mo-</strong></span> 
     </span>
    </p>
   </div>
   <div class='ocr_carea' id='block_1_73' title="bbox 325 4187 1913 4260">
    <p class='ocr_par' dir='ltr' id='par_1_73' title="bbox 325 4187 1913 4260">
     <span class='ocr_line' id='line_1_73' title="bbox 325 4187 1913 4260; baseline -0.003 -13"><span class='ocrx_word' id='word_1_525' title='bbox 325 4207 417 4247; x_wconf 69' lang='lat' dir='ltr'><strong>ses</strong></span> <span class='ocrx_word' id='word_1_526' title='bbox 456 4205 654 4260; x_wconf 87' lang='lat' dir='ltr'><strong>aquam</strong></span> <span class='ocrx_word' id='word_1_527' title='bbox 687 4190 744 4243; x_wconf 88' lang='lat' dir='ltr'><strong>itt</strong></span> <span class='ocrx_word' id='word_1_528' title='bbox 791 4191 1111 4259; x_wconf 83' lang='lat' dir='ltr'><strong>sanguinem</strong></span> <span class='ocrx_word' id='word_1_529' title='bbox 1162 4202 1478 4243; x_wconf 82' lang='lat' dir='ltr'><strong>conversam</strong></span> <span class='ocrx_word' id='word_1_530' title='bbox 1534 4188 1601 4254; x_wconf 87' lang='lat'><strong>&quot;,</strong></span> <span class='ocrx_word' id='word_1_531' title='bbox 1644 4187 1913 4259; x_wconf 65' lang='lat' dir='ltr'><strong>Egyptiis</strong></span> 
     </span>
    </p>
   </div>
   <div class='ocr_carea' id='block_1_74' title="bbox 328 4279 1916 4344">
    <p class='ocr_par' dir='ltr' id='par_1_74' title="bbox 328 4279 1916 4344">
     <span class='ocr_line' id='line_1_74' title="bbox 328 4279 1916 4344; baseline -0.001 -9"><span class='ocrx_word' id='word_1_532' title='bbox 328 4282 549 4336; x_wconf 84' lang='lat' dir='ltr'><strong>minime</strong></span> <span class='ocrx_word' id='word_1_533' title='bbox 595 4281 780 4334; x_wconf 88' lang='lat' dir='ltr'><strong>utilem</strong></span> <span class='ocrx_word' id='word_1_534' title='bbox 832 4281 1098 4344; x_wconf 63' lang='lat' dir='ltr'><strong>rt‘dtlidtt;</strong></span> <span class='ocrx_word' id='word_1_535' title='bbox 1136 4280 1206 4334; x_wconf 88' lang='lat' dir='ltr'><strong>ita</strong></span> <span class='ocrx_word' id='word_1_536' title='bbox 1251 4280 1338 4333; x_wconf 86' lang='lat' dir='ltr'><strong>llic</strong></span> <span class='ocrx_word' id='word_1_537' title='bbox 1381 4279 1581 4334; x_wconf 79' lang='lat' dir='ltr'><strong>Christi</strong></span> <span class='ocrx_word' id='word_1_538' title='bbox 1630 4284 1916 4335; x_wconf 78' lang='lat' dir='ltr'><strong>mandato-</strong></span> 
     </span>
    </p>
   </div>
   <div class='ocr_carea' id='block_1_75' title="bbox 328 4369 1911 4438">
    <p class='ocr_par' dir='ltr' id='par_1_75' title="bbox 328 4369 1911 4438">
     <span class='ocr_line' id='line_1_75' title="bbox 328 4369 1911 4438; baseline -0.002 -14"><span class='ocrx_word' id='word_1_539' title='bbox 328 4387 452 4424; x_wconf 85' lang='lat' dir='ltr'><strong>rum</strong></span> <span class='ocrx_word' id='word_1_540' title='bbox 487 4370 766 4424; x_wconf 91' lang='lat' dir='ltr'><strong>studiosus</strong></span> <span class='ocrx_word' id='word_1_541' title='bbox 792 4383 933 4438; x_wconf 90' lang='lat' dir='ltr'><strong>aqua</strong></span> <span class='ocrx_word' id='word_1_542' title='bbox 967 4369 1165 4423; x_wconf 69' lang='lat' dir='ltr'><strong>divina:</strong></span> <span class='ocrx_word' id='word_1_543' title='bbox 1200 4369 1419 4437; x_wconf 64' lang='lat' dir='ltr'><strong>piscina:</strong></span> <span class='ocrx_word' id='word_1_544' title='bbox 1449 4378 1591 4422; x_wconf 90' lang='lat' dir='ltr'><strong>totus</strong></span> <span class='ocrx_word' id='word_1_545' title='bbox 1630 4370 1911 4434; x_wconf 86' lang='lat' dir='ltr'><strong>lustratus,</strong></span> 
     </span>
    </p>
   </div>
   <div class='ocr_carea' id='block_1_76' title="bbox 331 4460 1912 4530">
    <p class='ocr_par' dir='ltr' id='par_1_76' title="bbox 331 4460 1912 4530">
     <span class='ocr_line' id='line_1_76' title="bbox 331 4460 1912 4530; baseline 0.001 -15"><span class='ocrx_word' id='word_1_546' title='bbox 331 4462 564 4528; x_wconf 80' lang='lat' dir='ltr'><strong>inferni,</strong></span> <span class='ocrx_word' id='word_1_547' title='bbox 634 4471 689 4515; x_wconf 88' lang='lat' dir='ltr'><strong>et</strong></span> <span class='ocrx_word' id='word_1_548' title='bbox 757 4461 1109 4529; x_wconf 79' lang='lat' dir='ltr'><strong>intelligibilis</strong></span> <span class='ocrx_word' id='word_1_549' title='bbox 1172 4460 1473 4516; x_wconf 79' lang='lat' dir='ltr'><strong>Pharaonis</strong></span> <span class='ocrx_word' id='word_1_550' title='bbox 1530 4460 1695 4515; x_wconf 87' lang='lat' dir='ltr'><strong>duces</strong></span> <span class='ocrx_word' id='word_1_551' title='bbox 1753 4472 1912 4530; x_wconf 86' lang='lat' dir='ltr'><strong>atque</strong></span> 
     </span>
    </p>
   </div>
   <div class='ocr_carea' id='block_1_77' title="bbox 330 4551 1915 4623">
    <p class='ocr_par' dir='ltr' id='par_1_77' title="bbox 330 4551 1915 4623">
     <span class='ocr_line' id='line_1_77' title="bbox 330 4551 1915 4623; baseline -0.001 -16"><span class='ocrx_word' id='word_1_552' title='bbox 330 4557 630 4620; x_wconf 87' lang='lat' dir='ltr'><strong>stipatores</strong></span> <span class='ocrx_word' id='word_1_553' title='bbox 656 4554 986 4623; x_wconf 80' lang='lat' dir='ltr'><strong>impotentes</strong></span> <span class='ocrx_word' id='word_1_554' title='bbox 1020 4554 1217 4618; x_wconf 84' lang='lat' dir='ltr'><strong>reddit,</strong></span> <span class='ocrx_word' id='word_1_555' title='bbox 1261 4568 1328 4608; x_wconf 91' lang='lat' dir='ltr'><strong>ne</strong></span> <span class='ocrx_word' id='word_1_556' title='bbox 1366 4551 1654 4623; x_wconf 84' lang='lat' dir='ltr'><strong>voluptatis</strong></span> <span class='ocrx_word' id='word_1_557' title='bbox 1687 4554 1811 4606; x_wconf 86' lang='lat' dir='ltr'><strong>vitia</strong></span> <span class='ocrx_word' id='word_1_558' title='bbox 1848 4569 1915 4607; x_wconf 82' lang='lat' dir='ltr'><strong>ex</strong></span> 
     </span>
    </p>
   </div>
   <div class='ocr_carea' id='block_1_78' title="bbox 330 4644 1915 4717">
    <p class='ocr_par' dir='ltr' id='par_1_78' title="bbox 330 4644 1915 4717">
     <span class='ocr_line' id='line_1_78' title="bbox 330 4644 1915 4717; baseline 0.001 -19"><span class='ocrx_word' id='word_1_559' title='bbox 330 4644 518 4698; x_wconf 89' lang='lat' dir='ltr'><strong>innato</strong></span> <span class='ocrx_word' id='word_1_560' title='bbox 558 4646 772 4712; x_wconf 86' lang='lat' dir='ltr'><strong>corpori</strong></span> <span class='ocrx_word' id='word_1_561' title='bbox 830 4646 1095 4717; x_wconf 80' lang='lat' dir='ltr'><strong>sanguine</strong></span> <span class='ocrx_word' id='word_1_562' title='bbox 1149 4645 1215 4697; x_wconf 92' lang='lat' dir='ltr'><strong>ad</strong></span> <span class='ocrx_word' id='word_1_563' title='bbox 1256 4660 1316 4699; x_wconf 89' lang='lat' dir='ltr'><strong>se</strong></span> <span class='ocrx_word' id='word_1_564' title='bbox 1358 4644 1625 4699; x_wconf 89' lang='lat' dir='ltr'><strong>derivent.</strong></span> <span class='ocrx_word' id='word_1_565' title='bbox 1672 4644 1915 4714; x_wconf 88' lang='lat' dir='ltr'><strong>Cumque</strong></span> 
     </span>
    </p>
   </div>
   <div class='ocr_carea' id='block_1_79' title="bbox 331 4736 1915 4807">
    <p class='ocr_par' dir='ltr' id='par_1_79' title="bbox 331 4736 1915 4807">
     <span class='ocr_line' id='line_1_79' title="bbox 331 4736 1915 4807; baseline 0.001 -19"><span class='ocrx_word' id='word_1_566' title='bbox 331 4736 441 4788; x_wconf 91' lang='lat' dir='ltr'><strong>illic</strong></span> <span class='ocrx_word' id='word_1_567' title='bbox 470 4737 746 4792; x_wconf 83' lang='lat' dir='ltr'><strong>sensibilis</strong></span> <span class='ocrx_word' id='word_1_568' title='bbox 772 4738 828 4790; x_wconf 88' lang='lat' dir='ltr'><strong>in</strong></span> <span class='ocrx_word' id='word_1_569' title='bbox 854 4738 1159 4807; x_wconf 86' lang='lat' dir='ltr'><strong>impietate,</strong></span> <span class='ocrx_word' id='word_1_570' title='bbox 1198 4737 1285 4791; x_wconf 87' lang='lat' dir='ltr'><strong>hic</strong></span> <span class='ocrx_word' id='word_1_571' title='bbox 1317 4736 1678 4805; x_wconf 82' lang='lat' dir='ltr'><strong>intelligibilis</strong></span> <span class='ocrx_word' id='word_1_572' title='bbox 1704 4736 1915 4791; x_wconf 73' lang='lat' dir='ltr'><strong>Pharao</strong></span> 
     </span>
    </p>
   </div>
   <div class='ocr_carea' id='block_1_80' title="bbox 331 4828 1915 4903">
    <p class='ocr_par' dir='ltr' id='par_1_80' title="bbox 331 4828 1915 4903">
     <span class='ocr_line' id='line_1_80' title="bbox 331 4828 1915 4903; baseline 0.006 -25"><span class='ocrx_word' id='word_1_573' title='bbox 331 4829 387 4878; x_wconf 93' lang='lat' dir='ltr'><strong>in</strong></span> <span class='ocrx_word' id='word_1_574' title='bbox 430 4828 635 4881; x_wconf 88' lang='lat' dir='ltr'><strong>malitia</strong></span> <span class='ocrx_word' id='word_1_575' title='bbox 677 4831 1015 4898; x_wconf 89' lang='lat' dir='ltr'><strong>persisteret,</strong></span> <span class='ocrx_word' id='word_1_576' title='bbox 1054 4830 1130 4884; x_wconf 87' lang='lat' dir='ltr'><strong>uti</strong></span> <span class='ocrx_word' id='word_1_577' title='bbox 1162 4841 1275 4885; x_wconf 92' lang='lat' dir='ltr'><strong>tum</strong></span> <span class='ocrx_word' id='word_1_578' title='bbox 1322 4847 1418 4901; x_wconf 88' lang='lat' dir='ltr'><strong>per</strong></span> <span class='ocrx_word' id='word_1_579' title='bbox 1452 4830 1657 4897; x_wconf 83' lang='lat' dir='ltr'><strong>Mosen,</strong></span> <span class='ocrx_word' id='word_1_580' title='bbox 1696 4831 1915 4903; x_wconf 59' lang='lat' dir='ltr'><strong>[Egypti</strong></span> 
     </span>
    </p>
   </div>
   <div class='ocr_carea' id='block_1_81' title="bbox 330 4919 1919 4992">
    <p class='ocr_par' dir='ltr' id='par_1_81' title="bbox 330 4919 1919 4992">
     <span class='ocr_line' id='line_1_81' title="bbox 330 4919 1919 4992; baseline 0.005 -21"><span class='ocrx_word' id='word_1_581' title='bbox 330 4919 507 4972; x_wconf 89' lang='lat' dir='ltr'><strong>solum</strong></span> <span class='ocrx_word' id='word_1_582' title='bbox 545 4938 703 4975; x_wconf 90' lang='lat' dir='ltr'><strong>ranas</strong></span> <span class='ocrx_word' id='word_1_583' title='bbox 734 4924 960 4992; x_wconf 91' lang='lat' dir='ltr'><strong>protulit</strong></span> <span class='ocrx_word' id='word_1_584' title='bbox 996 4923 1079 4991; x_wconf 65' lang='lat'><strong>7&#39;;</strong></span> <span class='ocrx_word' id='word_1_585' title='bbox 1111 4924 1186 4978; x_wconf 90' lang='lat' dir='ltr'><strong>ita</strong></span> <span class='ocrx_word' id='word_1_586' title='bbox 1229 4940 1372 4979; x_wconf 80' lang='lat' dir='ltr'><strong>nunc</strong></span> <span class='ocrx_word' id='word_1_587' title='bbox 1395 4923 1595 4980; x_wconf 85' lang='lat' dir='ltr'><strong>Christi</strong></span> <span class='ocrx_word' id='word_1_588' title='bbox 1639 4928 1919 4979; x_wconf 80' lang='lat' dir='ltr'><strong>Studiosus</strong></span> 
     </span>
    </p>
   </div>
   <div class='ocr_carea' id='block_1_82' title="bbox 332 5014 1916 5084">
    <p class='ocr_par' dir='ltr' id='par_1_82' title="bbox 332 5014 1916 5084">
     <span class='ocr_line' id='line_1_82' title="bbox 332 5014 1916 5084; baseline 0.001 -17"><span class='ocrx_word' id='word_1_589' title='bbox 332 5014 635 5068; x_wconf 90' lang='lat' dir='ltr'><strong>concitatas</strong></span> <span class='ocrx_word' id='word_1_590' title='bbox 656 5023 709 5068; x_wconf 89' lang='lat' dir='ltr'><strong>et</strong></span> <span class='ocrx_word' id='word_1_591' title='bbox 740 5014 936 5068; x_wconf 79' lang='lat' dir='ltr'><strong>noxias</strong></span> <span class='ocrx_word' id='word_1_592' title='bbox 956 5015 1315 5084; x_wconf 80' lang='lat' dir='ltr'><strong>cogitationes</strong></span> <span class='ocrx_word' id='word_1_593' title='bbox 1342 5031 1409 5070; x_wconf 82' lang='lat' dir='ltr'><strong>ex</strong></span> <span class='ocrx_word' id='word_1_594' title='bbox 1440 5014 1623 5069; x_wconf 88' lang='lat' dir='ltr'><strong>animo</strong></span> <span class='ocrx_word' id='word_1_595' title='bbox 1644 5015 1916 5080; x_wconf 84' lang='lat' dir='ltr'><strong>amolitus,</strong></span> 
     </span>
    </p>
   </div>
   <div class='ocr_carea' id='block_1_83' title="bbox 333 5105 1919 5177">
    <p class='ocr_par' dir='ltr' id='par_1_83' title="bbox 333 5105 1919 5177">
     <span class='ocr_line' id='line_1_83' title="bbox 333 5105 1919 5177; baseline 0.003 -19"><span class='ocrx_word' id='word_1_596' title='bbox 333 5120 518 5158; x_wconf 87' lang='lat' dir='ltr'><strong>carum</strong></span> <span class='ocrx_word' id='word_1_597' title='bbox 573 5105 768 5160; x_wconf 70' lang='lat' dir='ltr'><strong>fwtore</strong></span> <span class='ocrx_word' id='word_1_598' title='bbox 813 5106 1206 5177; x_wconf 79' lang='lat' dir='ltr'><strong>intelligibilem</strong></span> <span class='ocrx_word' id='word_1_599' title='bbox 1260 5106 1597 5162; x_wconf 87' lang='lat' dir='ltr'><strong>Pharaonem</strong></span> <span class='ocrx_word' id='word_1_600' title='bbox 1655 5105 1919 5162; x_wconf 81' lang='lat' dir='ltr'><strong>suil&#39;ocare</strong></span> 
     </span>
    </p>
   </div>
   <div class='ocr_carea' id='block_1_84' title="bbox 333 5195 1916 5267">
    <p class='ocr_par' dir='ltr' id='par_1_84' title="bbox 333 5195 1916 5267">
     <span class='ocr_line' id='line_1_84' title="bbox 333 5195 1916 5267; baseline 0.002 -18"><span class='ocrx_word' id='word_1_601' title='bbox 333 5195 547 5249; x_wconf 89' lang='lat' dir='ltr'><strong>nititur.</strong></span> <span class='ocrx_word' id='word_1_602' title='bbox 596 5195 806 5266; x_wconf 83' lang='lat' dir='ltr'><strong>Quippe</strong></span> <span class='ocrx_word' id='word_1_603' title='bbox 861 5197 914 5252; x_wconf 90' lang='lat' dir='ltr'><strong>in</strong></span> <span class='ocrx_word' id='word_1_604' title='bbox 971 5214 1203 5267; x_wconf 90' lang='lat' dir='ltr'><strong>quorum</strong></span> <span class='ocrx_word' id='word_1_605' title='bbox 1260 5198 1541 5252; x_wconf 90' lang='lat' dir='ltr'><strong>hominum</strong></span> <span class='ocrx_word' id='word_1_606' title='bbox 1592 5198 1792 5253; x_wconf 88' lang='lat' dir='ltr'><strong>animis</strong></span> <span class='ocrx_word' id='word_1_607' title='bbox 1837 5200 1916 5252; x_wconf 79' lang='lat' dir='ltr'><strong>lue</strong></span> 
     </span>
    </p>
   </div>
   <div class='ocr_carea' id='block_1_85' title="bbox 407 5417 1566 5486">
    <p class='ocr_par' dir='ltr' id='par_1_85' title="bbox 407 5417 1566 5486">
     <span class='ocr_line' id='line_1_85' title="bbox 407 5417 1566 5486; baseline 0.004 -14"><span class='ocrx_word' id='word_1_608' title='bbox 407 5417 452 5451; x_wconf 70' lang='grc'><strong>⁷⁵</strong></span> <span class='ocrx_word' id='word_1_609' title='bbox 490 5420 654 5473; x_wconf 79' lang='lat' dir='ltr'><strong>Exod.</strong></span> <span class='ocrx_word' id='word_1_610' title='bbox 686 5437 740 5481; x_wconf 88' lang='lat' dir='ltr'><strong>v,</strong></span> <span class='ocrx_word' id='word_1_611' title='bbox 779 5421 834 5473; x_wconf 74' lang='grc'><strong>2.</strong></span> <span class='ocrx_word' id='word_1_612' title='bbox 910 5420 954 5452; x_wconf 82' lang='grc'><strong>⁷⁸</strong></span> <span class='ocrx_word' id='word_1_613' title='bbox 994 5419 1137 5474; x_wconf 90' lang='lat' dir='ltr'><strong>Psal.</strong></span> <span class='ocrx_word' id='word_1_614' title='bbox 1183 5438 1340 5486; x_wconf 62' lang='grc' dir='ltr'>χχιιι,</span> <span class='ocrx_word' id='word_1_615' title='bbox 1384 5423 1436 5485; x_wconf 88' lang='lat'><strong>9,</strong></span> <span class='ocrx_word' id='word_1_616' title='bbox 1480 5421 1566 5477; x_wconf 87' lang='lat' dir='ltr'><strong>I0.</strong></span> 
     </span>
    </p>
   </div>
   <div class='ocr_carea' id='block_1_86' title="bbox 332 5491 1758 5561">
    <p class='ocr_par' dir='ltr' id='par_1_86' title="bbox 332 5491 1758 5561">
     <span class='ocr_line' id='line_1_86' title="bbox 332 5491 1758 5561; baseline 0.006 -22"><span class='ocrx_word' id='word_1_617' title='bbox 332 5500 545 5554; x_wconf 75' lang='lat' dir='ltr'><strong>xxxvii,</strong></span> <span class='ocrx_word' id='word_1_618' title='bbox 586 5491 641 5545; x_wconf 82' lang='grc' dir='ltr'><strong>ϐ.</strong></span> <span class='ocrx_word' id='word_1_619' title='bbox 714 5492 759 5522; x_wconf 75' lang='grc' dir='ltr'><strong>⁸ο</strong></span> <span class='ocrx_word' id='word_1_620' title='bbox 802 5492 941 5546; x_wconf 79' lang='lat' dir='ltr'><strong>Psal.</strong></span> <span class='ocrx_word' id='word_1_621' title='bbox 986 5507 1036 5556; x_wconf 88' lang='lat' dir='ltr'><strong>c,</strong></span> <span class='ocrx_word' id='word_1_622' title='bbox 1076 5493 1129 5546; x_wconf 88' lang='lat'><strong>8.</strong></span> <span class='ocrx_word' id='word_1_623' title='bbox 1204 5495 1247 5523; x_wconf 78' lang='grc'><strong>⁸⁸</strong></span> <span class='ocrx_word' id='word_1_624' title='bbox 1292 5494 1461 5548; x_wconf 70' lang='lat' dir='ltr'><strong>Exod.</strong></span> <span class='ocrx_word' id='word_1_625' title='bbox 1502 5508 1625 5561; x_wconf 79' lang='lat' dir='ltr'><strong>VIII,</strong></span> <span class='ocrx_word' id='word_1_626' title='bbox 1666 5492 1758 5547; x_wconf 70' lang='grc'><strong>24.</strong></span> 
     </span>
    </p>
   </div>
   <div class='ocr_carea' id='block_1_87' title="bbox 410 5690 1449 5753">
    <p class='ocr_par' dir='ltr' id='par_1_87' title="bbox 410 5690 1449 5753">
     <span class='ocr_line' id='line_1_87' title="bbox 410 5690 1449 5753; baseline 0.01 -10"><span class='ocrx_word' id='word_1_627' title='bbox 410 5690 521 5753; x_wconf 66' lang='lat'><strong>(‘29.)</strong></span> <span class='ocrx_word' id='word_1_628' title='bbox 569 5692 701 5749; x_wconf 74' lang='lat' dir='ltr'><strong>Vide</strong></span> <span class='ocrx_word' id='word_1_629' title='bbox 733 5695 988 5751; x_wconf 69' lang='lat' dir='ltr'><strong>Namanz.</strong></span> <span class='ocrx_word' id='word_1_630' title='bbox 1024 5698 1091 5750; x_wconf 81' lang='lat' dir='ltr'><strong>ad</strong></span> <span class='ocrx_word' id='word_1_631' title='bbox 1123 5698 1449 5753; x_wconf 69' lang='lat' dir='ltr'><strong>Clerlouium.</strong></span> 
     </span>
    </p>
   </div>
   <div class='ocr_carea' id='block_1_88' title="bbox 1938 4427 1992 4487">
    <p class='ocr_par' dir='ltr' id='par_1_88' title="bbox 1938 4427 1992 4487">
     <span class='ocr_line' id='line_1_88' title="bbox 1938 4427 1992 4487; baseline 0 0"><span class='ocrx_word' id='word_1_632' title='bbox 1938 4427 1992 4487; x_wconf 89' lang='lat' dir='ltr'><strong>D</strong></span> 
     </span>
    </p>
   </div>
   <div class='ocr_carea' id='block_1_89' title="bbox 1638 5421 2074 5482">
    <p class='ocr_par' dir='ltr' id='par_1_89' title="bbox 1638 5421 2074 5482">
     <span class='ocr_line' id='line_1_89' title="bbox 1638 5421 2074 5482; baseline 0.002 -6"><span class='ocrx_word' id='word_1_633' title='bbox 1638 5423 1684 5453; x_wconf 81' lang='grc'><strong>⁷⁸</strong></span> <span class='ocrx_word' id='word_1_634' title='bbox 1728 5421 1896 5476; x_wconf 80' lang='lat' dir='ltr'><strong>Exod.</strong></span> <span class='ocrx_word' id='word_1_635' title='bbox 1935 5435 1989 5482; x_wconf 84' lang='grc' dir='ltr'>ν,</span> <span class='ocrx_word' id='word_1_636' title='bbox 2019 5422 2074 5477; x_wconf 87' lang='grc'><strong>7.</strong></span> 
     </span>
    </p>
   </div>
   <div class='ocr_carea' id='block_1_90' title="bbox 1833 5490 2182 5548">
    <p class='ocr_par' dir='ltr' id='par_1_90' title="bbox 1833 5490 2182 5548">
     <span class='ocr_line' id='line_1_90' title="bbox 1833 5490 2182 5548; baseline 0.003 -2"><span class='ocrx_word' id='word_1_637' title='bbox 1833 5493 1877 5524; x_wconf 81' lang='grc'><strong>⁸⁸</strong></span> <span class='ocrx_word' id='word_1_638' title='bbox 1918 5490 2052 5547; x_wconf 80' lang='lat' dir='ltr'><strong>ibid.</strong></span> <span class='ocrx_word' id='word_1_639' title='bbox 2097 5492 2182 5548; x_wconf 83' lang='grc'><strong>17.</strong></span> 
     </span>
    </p>
   </div>
   <div class='ocr_carea' id='block_1_91' title="bbox 2014 3180 3591 3243">
    <p class='ocr_par' dir='ltr' id='par_1_91' title="bbox 2014 3180 3591 3243">
     <span class='ocr_line' id='line_1_91' title="bbox 2014 3180 3591 3243; baseline -0.008 -1"><span class='ocrx_word' id='word_1_640' title='bbox 2014 3198 2215 3243; x_wconf 73' lang='lat' dir='ltr'><strong>emtum</strong></span> <span class='ocrx_word' id='word_1_641' title='bbox 2253 3200 2317 3240; x_wconf 92' lang='lat' dir='ltr'><strong>ac</strong></span> <span class='ocrx_word' id='word_1_642' title='bbox 2350 3185 2735 3240; x_wconf 90' lang='lat' dir='ltr'><strong>commercium</strong></span> <span class='ocrx_word' id='word_1_643' title='bbox 2772 3181 2917 3236; x_wconf 90' lang='lat' dir='ltr'><strong>nullo</strong></span> <span class='ocrx_word' id='word_1_644' title='bbox 2968 3182 3127 3235; x_wconf 86' lang='lat' dir='ltr'><strong>modo</strong></span> <span class='ocrx_word' id='word_1_645' title='bbox 3161 3180 3419 3235; x_wconf 81' lang='lat' dir='ltr'><strong>ferentem</strong></span> <span class='ocrx_word' id='word_1_646' title='bbox 3452 3198 3465 3235; x_wconf 92' lang='lat'><strong>:</strong></span> <span class='ocrx_word' id='word_1_647' title='bbox 3500 3180 3591 3234; x_wconf 83' lang='lat' dir='ltr'><strong>iti-</strong></span> 
     </span>
    </p>
   </div>
   <div class='ocr_carea' id='block_1_92' title="bbox 2014 3271 3589 3347">
    <p class='ocr_par' dir='ltr' id='par_1_92' title="bbox 2014 3271 3589 3347">
     <span class='ocr_line' id='line_1_92' title="bbox 2014 3271 3589 3347; baseline -0.006 -14"><span class='ocrx_word' id='word_1_648' title='bbox 2014 3279 2137 3333; x_wconf 89' lang='lat' dir='ltr'><strong>dem</strong></span> <span class='ocrx_word' id='word_1_649' title='bbox 2195 3287 2251 3332; x_wconf 88' lang='lat' dir='ltr'><strong>et</strong></span> <span class='ocrx_word' id='word_1_650' title='bbox 2295 3277 2415 3347; x_wconf 89' lang='lat' dir='ltr'><strong>plus</strong></span> <span class='ocrx_word' id='word_1_651' title='bbox 2477 3276 2737 3330; x_wconf 81' lang='lat' dir='ltr'><strong>adversus</strong></span> <span class='ocrx_word' id='word_1_652' title='bbox 2801 3271 3194 3340; x_wconf 74' lang='lat' dir='ltr'><strong>intelligibilem</strong></span> <span class='ocrx_word' id='word_1_653' title='bbox 3250 3272 3589 3326; x_wconf 89' lang='lat' dir='ltr'><strong>Pharaonem</strong></span> 
     </span>
    </p>
   </div>
   <div class='ocr_carea' id='block_1_93' title="bbox 2015 3361 3591 3435">
    <p class='ocr_par' dir='ltr' id='par_1_93' title="bbox 2015 3361 3591 3435">
     <span class='ocr_line' id='line_1_93' title="bbox 2015 3361 3591 3435; baseline -0.006 -9"><span class='ocrx_word' id='word_1_654' title='bbox 2015 3368 2299 3426; x_wconf 85' lang='lat' dir='ltr'><strong>charitatis</strong></span> <span class='ocrx_word' id='word_1_655' title='bbox 2358 3381 2507 3420; x_wconf 83' lang='lat' dir='ltr'><strong>arma</strong></span> <span class='ocrx_word' id='word_1_656' title='bbox 2568 3365 2805 3435; x_wconf 78' lang='lat' dir='ltr'><strong>expedit.</strong></span> <span class='ocrx_word' id='word_1_657' title='bbox 2836 3363 2986 3430; x_wconf 87' lang='lat' dir='ltr'><strong>Quod</strong></span> <span class='ocrx_word' id='word_1_658' title='bbox 3041 3363 3086 3418; x_wconf 90' lang='lat' dir='ltr'><strong>si</strong></span> <span class='ocrx_word' id='word_1_659' title='bbox 3146 3361 3345 3417; x_wconf 88' lang='lat' dir='ltr'><strong>animal</strong></span> <span class='ocrx_word' id='word_1_660' title='bbox 3400 3362 3591 3432; x_wconf 86' lang='lat' dir='ltr'><strong>reptile</strong></span> 
     </span>
    </p>
   </div>
   <div class='ocr_carea' id='block_1_94' title="bbox 2016 3454 3593 3524">
    <p class='ocr_par' dir='ltr' id='par_1_94' title="bbox 2016 3454 3593 3524">
     <span class='ocr_line' id='line_1_94' title="bbox 2016 3454 3593 3524; baseline -0.008 -8"><span class='ocrx_word' id='word_1_661' title='bbox 2016 3475 2217 3518; x_wconf 66' lang='lat' dir='ltr'><strong>muscae</strong></span> <span class='ocrx_word' id='word_1_662' title='bbox 2242 3458 2624 3514; x_wconf 88' lang='lat' dir='ltr'><strong>commercium</strong></span> <span class='ocrx_word' id='word_1_663' title='bbox 2654 3460 2913 3511; x_wconf 87' lang='lat' dir='ltr'><strong>detrectat</strong></span> <span class='ocrx_word' id='word_1_664' title='bbox 2940 3472 2957 3521; x_wconf 89' lang='lat'><strong>;</strong></span> <span class='ocrx_word' id='word_1_665' title='bbox 2982 3465 3185 3524; x_wconf 90' lang='lat' dir='ltr'><strong>quanto</strong></span> <span class='ocrx_word' id='word_1_666' title='bbox 3218 3454 3385 3523; x_wconf 79' lang='lat' dir='ltr'><strong>magis</strong></span> <span class='ocrx_word' id='word_1_667' title='bbox 3410 3454 3593 3506; x_wconf 81' lang='lat' dir='ltr'><strong>citari-</strong></span> 
     </span>
    </p>
   </div>
   <div class='ocr_carea' id='block_1_95' title="bbox 2015 3546 3591 3616">
    <p class='ocr_par' dir='ltr' id='par_1_95' title="bbox 2015 3546 3591 3616">
     <span class='ocr_line' id='line_1_95' title="bbox 2015 3546 3591 3616; baseline -0.005 -8"><span class='ocrx_word' id='word_1_668' title='bbox 2015 3555 2144 3611; x_wconf 86' lang='lat' dir='ltr'><strong>tatis</strong></span> <span class='ocrx_word' id='word_1_669' title='bbox 2166 3553 2272 3607; x_wconf 90' lang='lat' dir='ltr'><strong>vim</strong></span> <span class='ocrx_word' id='word_1_670' title='bbox 2295 3549 2404 3605; x_wconf 92' lang='lat' dir='ltr'><strong>odii</strong></span> <span class='ocrx_word' id='word_1_671' title='bbox 2434 3548 2764 3604; x_wconf 75' lang='lat' dir='ltr'><strong>architectus</strong></span> <span class='ocrx_word' id='word_1_672' title='bbox 2788 3547 3057 3602; x_wconf 85' lang='lat' dir='ltr'><strong>diabolus?</strong></span> <span class='ocrx_word' id='word_1_673' title='bbox 3079 3546 3258 3616; x_wconf 82' lang='lat' dir='ltr'><strong>Neque</strong></span> <span class='ocrx_word' id='word_1_674' title='bbox 3279 3546 3424 3601; x_wconf 89' lang='lat' dir='ltr'><strong>enim</strong></span> <span class='ocrx_word' id='word_1_675' title='bbox 3450 3546 3591 3600; x_wconf 79' lang='lat' dir='ltr'><strong>ferre</strong></span> 
     </span>
    </p>
   </div>
   <div class='ocr_carea' id='block_1_96' title="bbox 2015 3637 3589 3714">
    <p class='ocr_par' dir='ltr' id='par_1_96' title="bbox 2015 3637 3589 3714">
     <span class='ocr_line' id='line_1_96' title="bbox 2015 3637 3589 3714; baseline -0.008 -12"><span class='ocrx_word' id='word_1_676' title='bbox 2015 3646 2238 3703; x_wconf 92' lang='lat' dir='ltr'><strong>omnino</strong></span> <span class='ocrx_word' id='word_1_677' title='bbox 2286 3650 2483 3714; x_wconf 89' lang='lat' dir='ltr'><strong>potest,</strong></span> <span class='ocrx_word' id='word_1_678' title='bbox 2510 3641 2602 3708; x_wconf 89' lang='lat' dir='ltr'><strong>qui</strong></span> <span class='ocrx_word' id='word_1_679' title='bbox 2654 3648 2739 3695; x_wconf 92' lang='lat' dir='ltr'><strong>est</strong></span> <span class='ocrx_word' id='word_1_680' title='bbox 2790 3639 2903 3708; x_wconf 92' lang='lat' dir='ltr'><strong>ipsa</strong></span> <span class='ocrx_word' id='word_1_681' title='bbox 2957 3638 3113 3709; x_wconf 66' lang='lat' dir='ltr'><strong>quasi</strong></span> <span class='ocrx_word' id='word_1_682' title='bbox 3164 3647 3355 3693; x_wconf 88' lang='lat' dir='ltr'><strong>natura</strong></span> <span class='ocrx_word' id='word_1_683' title='bbox 3388 3637 3589 3702; x_wconf 87' lang='lat' dir='ltr'><strong>invida,</strong></span> 
     </span>
    </p>
   </div>
   <div class='ocr_carea' id='block_1_97' title="bbox 2015 3729 3593 3803">
    <p class='ocr_par' dir='ltr' id='par_1_97' title="bbox 2015 3729 3593 3803">
     <span class='ocr_line' id='line_1_97' title="bbox 2015 3729 3593 3803; baseline -0.006 -11"><span class='ocrx_word' id='word_1_684' title='bbox 2015 3737 2402 3803; x_wconf 90' lang='lat' dir='ltr'><strong>hominumque</strong></span> <span class='ocrx_word' id='word_1_685' title='bbox 2433 3748 2582 3797; x_wconf 87' lang='lat' dir='ltr'><strong>osor,</strong></span> <span class='ocrx_word' id='word_1_686' title='bbox 2613 3747 2711 3787; x_wconf 93' lang='lat' dir='ltr'><strong>nos</strong></span> <span class='ocrx_word' id='word_1_687' title='bbox 2733 3731 3017 3786; x_wconf 81' lang='lat' dir='ltr'><strong>inferiores</strong></span> <span class='ocrx_word' id='word_1_688' title='bbox 3051 3744 3215 3799; x_wconf 89' lang='lat' dir='ltr'><strong>supra</strong></span> <span class='ocrx_word' id='word_1_689' title='bbox 3245 3737 3450 3792; x_wconf 91' lang='lat' dir='ltr'><strong>tenere,</strong></span> <span class='ocrx_word' id='word_1_690' title='bbox 3477 3729 3593 3796; x_wconf 81' lang='lat' dir='ltr'><strong>ipse</strong></span> 
     </span>
    </p>
   </div>
   <div class='ocr_carea' id='block_1_98' title="bbox 2014 3821 3591 3893">
    <p class='ocr_par' dir='ltr' id='par_1_98' title="bbox 2014 3821 3591 3893">
     <span class='ocr_line' id='line_1_98' title="bbox 2014 3821 3591 3893; baseline -0.007 -7"><span class='ocrx_word' id='word_1_691' title='bbox 2014 3845 2045 3886; x_wconf 91' lang='lat' dir='ltr'><strong>e</strong></span> <span class='ocrx_word' id='word_1_692' title='bbox 2087 3827 2306 3884; x_wconf 89' lang='lat' dir='ltr'><strong>sublimi</strong></span> <span class='ocrx_word' id='word_1_693' title='bbox 2338 3826 2541 3892; x_wconf 84' lang='lat' dir='ltr'><strong>lapsus,</strong></span> <span class='ocrx_word' id='word_1_694' title='bbox 2570 3836 2624 3879; x_wconf 91' lang='lat' dir='ltr'><strong>et</strong></span> <span class='ocrx_word' id='word_1_695' title='bbox 2650 3824 2887 3880; x_wconf 66' lang='lat' dir='ltr'><strong>tenebrae</strong></span> <span class='ocrx_word' id='word_1_696' title='bbox 2919 3838 3017 3893; x_wconf 93' lang='lat' dir='ltr'><strong>pro</strong></span> <span class='ocrx_word' id='word_1_697' title='bbox 3054 3823 3171 3876; x_wconf 91' lang='lat' dir='ltr'><strong>luce</strong></span> <span class='ocrx_word' id='word_1_698' title='bbox 3202 3821 3444 3877; x_wconf 82' lang='lat' dir='ltr'><strong>eﬂ&#39;eetus.</strong></span> <span class='ocrx_word' id='word_1_699' title='bbox 3483 3821 3591 3876; x_wconf 88' lang='lat' dir='ltr'><strong>Sed</strong></span> 
     </span>
    </p>
   </div>
   <div class='ocr_carea' id='block_1_99' title="bbox 2017 3914 3594 3984">
    <p class='ocr_par' dir='ltr' id='par_1_99' title="bbox 2017 3914 3594 3984">
     <span class='ocr_line' id='line_1_99' title="bbox 2017 3914 3594 3984; baseline -0.004 -10"><span class='ocrx_word' id='word_1_700' title='bbox 2017 3922 2082 3976; x_wconf 88' lang='lat' dir='ltr'><strong>iis</strong></span> <span class='ocrx_word' id='word_1_701' title='bbox 2113 3919 2269 3973; x_wconf 87' lang='lat' dir='ltr'><strong>malis</strong></span> <span class='ocrx_word' id='word_1_702' title='bbox 2294 3917 2553 3972; x_wconf 89' lang='lat' dir='ltr'><strong>multatus</strong></span> <span class='ocrx_word' id='word_1_703' title='bbox 2584 3917 2721 3970; x_wconf 88' lang='lat' dir='ltr'><strong>adeo</strong></span> <span class='ocrx_word' id='word_1_704' title='bbox 2757 3914 3073 3984; x_wconf 83' lang='lat' dir='ltr'><strong>pudefactus</strong></span> <span class='ocrx_word' id='word_1_705' title='bbox 3121 3930 3225 3969; x_wconf 93' lang='lat' dir='ltr'><strong>non</strong></span> <span class='ocrx_word' id='word_1_706' title='bbox 3256 3916 3483 3984; x_wconf 78' lang='lat' dir='ltr'><strong>quievit,</strong></span> <span class='ocrx_word' id='word_1_707' title='bbox 3534 3926 3594 3968; x_wconf 92' lang='lat' dir='ltr'><strong>ut</strong></span> 
     </span>
    </p>
   </div>
   <div class='ocr_carea' id='block_1_100' title="bbox 2015 4005 3591 4077">
    <p class='ocr_par' dir='ltr' id='par_1_100' title="bbox 2015 4005 3591 4077">
     <span class='ocr_line' id='line_1_100' title="bbox 2015 4005 3591 4077; baseline -0.003 -14"><span class='ocrx_word' id='word_1_708' title='bbox 2015 4008 2258 4077; x_wconf 90' lang='lat' dir='ltr'><strong>asperior</strong></span> <span class='ocrx_word' id='word_1_709' title='bbox 2307 4007 2469 4060; x_wconf 88' lang='lat' dir='ltr'><strong>etiam</strong></span> <span class='ocrx_word' id='word_1_710' title='bbox 2506 4006 2747 4060; x_wconf 89' lang='lat' dir='ltr'><strong>redditus</strong></span> <span class='ocrx_word' id='word_1_711' title='bbox 2773 4006 2863 4061; x_wconf 91' lang='lat' dir='ltr'><strong>sit.</strong></span> <span class='ocrx_word' id='word_1_712' title='bbox 2900 4006 3089 4075; x_wconf 87' lang='lat' dir='ltr'><strong>Itaque</strong></span> <span class='ocrx_word' id='word_1_713' title='bbox 3138 4005 3245 4059; x_wconf 91' lang='lat' dir='ltr'><strong>illic</strong></span> <span class='ocrx_word' id='word_1_714' title='bbox 3281 4005 3591 4072; x_wconf 86' lang='lat' dir='ltr'><strong>quadrupe-</strong></span> 
     </span>
    </p>
   </div>
   <div class='ocr_carea' id='block_1_101' title="bbox 2015 4096 3590 4165">
    <p class='ocr_par' dir='ltr' id='par_1_101' title="bbox 2015 4096 3590 4165">
     <span class='ocr_line' id='line_1_101' title="bbox 2015 4096 3590 4165; baseline -0.003 -12"><span class='ocrx_word' id='word_1_715' title='bbox 2015 4100 2139 4153; x_wconf 90' lang='lat' dir='ltr'><strong>dum</strong></span> <span class='ocrx_word' id='word_1_716' title='bbox 2170 4108 2375 4165; x_wconf 80' lang='lat' dir='ltr'><strong>strages</strong></span> <span class='ocrx_word' id='word_1_717' title='bbox 2404 4096 2544 4151; x_wconf 86' lang='lat' dir='ltr'><strong>l&#39;acta</strong></span> <span class='ocrx_word' id='word_1_718' title='bbox 2560 4096 2628 4163; x_wconf 85' lang='grc'><strong>⁸³;</strong></span> <span class='ocrx_word' id='word_1_719' title='bbox 2659 4096 2966 4163; x_wconf 85' lang='lat' dir='ltr'><strong>hicjejunio</strong></span> <span class='ocrx_word' id='word_1_720' title='bbox 2990 4096 3217 4149; x_wconf 88' lang='lat' dir='ltr'><strong>belluina</strong></span> <span class='ocrx_word' id='word_1_721' title='bbox 3240 4102 3401 4165; x_wconf 89' lang='lat' dir='ltr'><strong>atque</strong></span> <span class='ocrx_word' id='word_1_722' title='bbox 3432 4097 3590 4150; x_wconf 83' lang='lat' dir='ltr'><strong>bruta</strong></span> 
     </span>
    </p>
   </div>
   <div class='ocr_carea' id='block_1_102' title="bbox 2015 4190 3593 4262">
    <p class='ocr_par' dir='ltr' id='par_1_102' title="bbox 2015 4190 3593 4262">
     <span class='ocr_line' id='line_1_102' title="bbox 2015 4190 3593 4262; baseline -0.001 -17"><span class='ocrx_word' id='word_1_723' title='bbox 2015 4192 2180 4248; x_wconf 90' lang='lat' dir='ltr'><strong>animi</strong></span> <span class='ocrx_word' id='word_1_724' title='bbox 2212 4192 2339 4247; x_wconf 90' lang='lat' dir='ltr'><strong>vitia</strong></span> <span class='ocrx_word' id='word_1_725' title='bbox 2376 4201 2669 4262; x_wconf 72' lang='lat' dir='ltr'><strong>prosuata.</strong></span> <span class='ocrx_word' id='word_1_726' title='bbox 2707 4192 2843 4246; x_wconf 85' lang='lat' dir='ltr'><strong>Sunt</strong></span> <span class='ocrx_word' id='word_1_727' title='bbox 2877 4193 3027 4245; x_wconf 88' lang='lat' dir='ltr'><strong>enim</strong></span> <span class='ocrx_word' id='word_1_728' title='bbox 3063 4190 3213 4255; x_wconf 88' lang='lat' dir='ltr'><strong>vitia,</strong></span> <span class='ocrx_word' id='word_1_729' title='bbox 3238 4205 3356 4258; x_wconf 73' lang='lat' dir='ltr'><strong>qua:</strong></span> <span class='ocrx_word' id='word_1_730' title='bbox 3382 4191 3593 4243; x_wconf 89' lang='lat' dir='ltr'><strong>ratione</strong></span> 
     </span>
    </p>
   </div>
   <div class='ocr_carea' id='block_1_103' title="bbox 2014 4282 3587 4351">
    <p class='ocr_par' dir='ltr' id='par_1_103' title="bbox 2014 4282 3587 4351">
     <span class='ocr_line' id='line_1_103' title="bbox 2014 4282 3587 4351; baseline -0.002 -15"><span class='ocrx_word' id='word_1_731' title='bbox 2014 4292 2068 4337; x_wconf 89' lang='lat' dir='ltr'><strong>et</strong></span> <span class='ocrx_word' id='word_1_732' title='bbox 2094 4283 2247 4347; x_wconf 83' lang='lat' dir='ltr'><strong>ﬁant,</strong></span> <span class='ocrx_word' id='word_1_733' title='bbox 2280 4293 2332 4337; x_wconf 92' lang='lat' dir='ltr'><strong>et</strong></span> <span class='ocrx_word' id='word_1_734' title='bbox 2361 4293 2636 4349; x_wconf 86' lang='lat' dir='ltr'><strong>curentur,</strong></span> <span class='ocrx_word' id='word_1_735' title='bbox 2688 4297 3017 4351; x_wconf 90' lang='lat' dir='ltr'><strong>rursumque</strong></span> <span class='ocrx_word' id='word_1_736' title='bbox 3063 4295 3091 4333; x_wconf 90' lang='lat' dir='ltr'><strong>a</strong></span> <span class='ocrx_word' id='word_1_737' title='bbox 3141 4282 3348 4335; x_wconf 91' lang='lat' dir='ltr'><strong>ratione</strong></span> <span class='ocrx_word' id='word_1_738' title='bbox 3413 4282 3587 4335; x_wconf 90' lang='lat' dir='ltr'><strong>aliena</strong></span> 
     </span>
    </p>
   </div>
   <div class='ocr_carea' id='block_1_104' title="bbox 2016 4372 3587 4444">
    <p class='ocr_par' dir='ltr' id='par_1_104' title="bbox 2016 4372 3587 4444">
     <span class='ocr_line' id='line_1_104' title="bbox 2016 4372 3587 4444; baseline -0.002 -16"><span class='ocrx_word' id='word_1_739' title='bbox 2016 4384 2070 4429; x_wconf 89' lang='lat' dir='ltr'><strong>et</strong></span> <span class='ocrx_word' id='word_1_740' title='bbox 2100 4375 2440 4439; x_wconf 84' lang='lat' dir='ltr'><strong>incurabilia,</strong></span> <span class='ocrx_word' id='word_1_741' title='bbox 2475 4375 2930 4444; x_wconf 83' lang='lat' dir='ltr'><strong>quemadmodum</strong></span> <span class='ocrx_word' id='word_1_742' title='bbox 2982 4372 3289 4427; x_wconf 86' lang='lat' dir='ltr'><strong>Salomonis</strong></span> <span class='ocrx_word' id='word_1_743' title='bbox 3326 4372 3587 4443; x_wconf 85' lang='lat' dir='ltr'><strong>sapientia</strong></span> 
     </span>
    </p>
   </div>
   <div class='ocr_carea' id='block_1_105' title="bbox 2019 4464 3592 4534">
    <p class='ocr_par' dir='ltr' id='par_1_105' title="bbox 2019 4464 3592 4534">
     <span class='ocr_line' id='line_1_105' title="bbox 2019 4464 3592 4534; baseline -0.002 -12"><span class='ocrx_word' id='word_1_744' title='bbox 2019 4468 2258 4522; x_wconf 82' lang='lat' dir='ltr'><strong>declarat</strong></span> <span class='ocrx_word' id='word_1_745' title='bbox 2285 4469 2339 4523; x_wconf 91' lang='lat' dir='ltr'><strong>in</strong></span> <span class='ocrx_word' id='word_1_746' title='bbox 2373 4474 2484 4523; x_wconf 68' lang='lat' dir='ltr'><strong>hmo</strong></span> <span class='ocrx_word' id='word_1_747' title='bbox 2534 4469 2694 4522; x_wconf 87' lang='lat' dir='ltr'><strong>verba</strong></span> <span class='ocrx_word' id='word_1_748' title='bbox 2723 4485 2738 4522; x_wconf 86' lang='lat'><strong>:</strong></span> <span class='ocrx_word' id='word_1_749' title='bbox 2780 4484 2798 4518; x_wconf 83' lang='lat' dir='ltr'><strong>t</strong></span> <span class='ocrx_word' id='word_1_750' title='bbox 2836 4465 2922 4521; x_wconf 83' lang='lat' dir='ltr'><strong>Fit</strong></span> <span class='ocrx_word' id='word_1_751' title='bbox 2956 4467 3100 4520; x_wconf 87' lang='lat' dir='ltr'><strong>enim</strong></span> <span class='ocrx_word' id='word_1_752' title='bbox 3134 4475 3193 4520; x_wconf 88' lang='lat' dir='ltr'><strong>ut</strong></span> <span class='ocrx_word' id='word_1_753' title='bbox 3223 4464 3592 4534; x_wconf 86' lang='lat' dir='ltr'><strong>deprehensus</strong></span> 
     </span>
    </p>
   </div>
   <div class='ocr_carea' id='block_1_106' title="bbox 2020 4557 3589 4627">
    <p class='ocr_par' dir='ltr' id='par_1_106' title="bbox 2020 4557 3589 4627">
     <span class='ocr_line' id='line_1_106' title="bbox 2020 4557 3589 4627; baseline -0.001 -15"><span class='ocrx_word' id='word_1_754' title='bbox 2020 4559 2107 4613; x_wconf 85' lang='lat' dir='ltr'><strong>l&#39;ur</strong></span> <span class='ocrx_word' id='word_1_755' title='bbox 2138 4558 2348 4613; x_wconf 77' lang='lat' dir='ltr'><strong>furatus</strong></span> <span class='ocrx_word' id='word_1_756' title='bbox 2377 4571 2469 4623; x_wconf 81' lang='lat' dir='ltr'><strong>stt,</strong></span> <span class='ocrx_word' id='word_1_757' title='bbox 2502 4567 2555 4611; x_wconf 90' lang='lat' dir='ltr'><strong>ut</strong></span> <span class='ocrx_word' id='word_1_758' title='bbox 2581 4557 2904 4611; x_wconf 89' lang='lat' dir='ltr'><strong>esurientem</strong></span> <span class='ocrx_word' id='word_1_759' title='bbox 2938 4557 3155 4625; x_wconf 89' lang='lat' dir='ltr'><strong>impleat</strong></span> <span class='ocrx_word' id='word_1_760' title='bbox 3180 4558 3414 4611; x_wconf 86' lang='lat' dir='ltr'><strong>animam</strong></span> <span class='ocrx_word' id='word_1_761' title='bbox 3455 4574 3469 4611; x_wconf 91' lang='lat'><strong>:</strong></span> <span class='ocrx_word' id='word_1_762' title='bbox 3499 4561 3589 4627; x_wconf 90' lang='lat' dir='ltr'><strong>qui</strong></span> 
     </span>
    </p>
   </div>
   <div class='ocr_carea' id='block_1_107' title="bbox 2018 4648 3592 4718">
    <p class='ocr_par' dir='ltr' id='par_1_107' title="bbox 2018 4648 3592 4718">
     <span class='ocr_line' id='line_1_107' title="bbox 2018 4648 3592 4718; baseline -0.001 -14"><span class='ocrx_word' id='word_1_763' title='bbox 2018 4660 2196 4704; x_wconf 87' lang='lat' dir='ltr'><strong>autem</strong></span> <span class='ocrx_word' id='word_1_764' title='bbox 2234 4649 2445 4703; x_wconf 88' lang='lat' dir='ltr'><strong>adulter</strong></span> <span class='ocrx_word' id='word_1_765' title='bbox 2494 4657 2597 4715; x_wconf 88' lang='lat' dir='ltr'><strong>est,</strong></span> <span class='ocrx_word' id='word_1_766' title='bbox 2626 4658 2846 4717; x_wconf 88' lang='lat' dir='ltr'><strong>propter</strong></span> <span class='ocrx_word' id='word_1_767' title='bbox 2879 4648 3061 4702; x_wconf 87' lang='lat' dir='ltr'><strong>cordis</strong></span> <span class='ocrx_word' id='word_1_768' title='bbox 3112 4648 3371 4718; x_wconf 88' lang='lat' dir='ltr'><strong>inopiam,</strong></span> <span class='ocrx_word' id='word_1_769' title='bbox 3402 4651 3592 4718; x_wconf 87' lang='lat' dir='ltr'><strong>perdet</strong></span> 
     </span>
    </p>
   </div>
   <div class='ocr_carea' id='block_1_108' title="bbox 2018 4740 3590 4812">
    <p class='ocr_par' dir='ltr' id='par_1_108' title="bbox 2018 4740 3590 4812">
     <span class='ocr_line' id='line_1_108' title="bbox 2018 4740 3590 4812; baseline -0.003 -15"><span class='ocrx_word' id='word_1_770' title='bbox 2018 4744 2254 4797; x_wconf 84' lang='lat' dir='ltr'><strong>animant</strong></span> <span class='ocrx_word' id='word_1_771' title='bbox 2288 4757 2441 4796; x_wconf 90' lang='lat' dir='ltr'><strong>suam</strong></span> <span class='ocrx_word' id='word_1_772' title='bbox 2472 4741 2538 4795; x_wconf 70' lang='lat'><strong>“.</strong></span> <span class='ocrx_word' id='word_1_773' title='bbox 2584 4760 2602 4793; x_wconf 78' lang='grc' dir='ltr'><strong>ι</strong></span> <span class='ocrx_word' id='word_1_774' title='bbox 2632 4745 2809 4811; x_wconf 88' lang='lat' dir='ltr'><strong>Atque</strong></span> <span class='ocrx_word' id='word_1_775' title='bbox 2860 4740 2969 4794; x_wconf 83' lang='lat' dir='ltr'><strong>illic</strong></span> <span class='ocrx_word' id='word_1_776' title='bbox 3011 4750 3067 4795; x_wconf 93' lang='lat' dir='ltr'><strong>ut</strong></span> <span class='ocrx_word' id='word_1_777' title='bbox 3125 4752 3245 4811; x_wconf 92' lang='lat' dir='ltr'><strong>post</strong></span> <span class='ocrx_word' id='word_1_778' title='bbox 3292 4756 3590 4812; x_wconf 57' lang='lat' dir='ltr'><strong>cynomyue</strong></span> 
     </span>
    </p>
   </div>
   <div class='ocr_carea' id='block_1_109' title="bbox 2018 4832 3587 4902">
    <p class='ocr_par' dir='ltr' id='par_1_109' title="bbox 2018 4832 3587 4902">
     <span class='ocr_line' id='line_1_109' title="bbox 2018 4832 3587 4902; baseline -0.003 -14"><span class='ocrx_word' id='word_1_779' title='bbox 2018 4834 2247 4895; x_wconf 82' lang='lat' dir='ltr'><strong>cladem,</strong></span> <span class='ocrx_word' id='word_1_780' title='bbox 2280 4832 2691 4902; x_wconf 88' lang='lat' dir='ltr'><strong>quadrupedum</strong></span> <span class='ocrx_word' id='word_1_781' title='bbox 2737 4834 2980 4886; x_wconf 91' lang='lat' dir='ltr'><strong>omnium</strong></span> <span class='ocrx_word' id='word_1_782' title='bbox 3039 4832 3337 4886; x_wconf 90' lang='lat' dir='ltr'><strong>internecio</strong></span> <span class='ocrx_word' id='word_1_783' title='bbox 3378 4842 3461 4885; x_wconf 90' lang='lat' dir='ltr'><strong>est</strong></span> <span class='ocrx_word' id='word_1_784' title='bbox 3500 4847 3587 4884; x_wconf 81' lang='lat' dir='ltr'><strong>sc-</strong></span> 
     </span>
    </p>
   </div>
   <div class='ocr_carea' id='block_1_110' title="bbox 2016 4924 3587 4995">
    <p class='ocr_par' dir='ltr' id='par_1_110' title="bbox 2016 4924 3587 4995">
     <span class='ocr_line' id='line_1_110' title="bbox 2016 4924 3587 4995; baseline -0.006 -13"><span class='ocrx_word' id='word_1_785' title='bbox 2016 4937 2173 4993; x_wconf 83' lang='lat' dir='ltr'><strong>Cttla;</strong></span> <span class='ocrx_word' id='word_1_786' title='bbox 2210 4928 2277 4980; x_wconf 89' lang='lat' dir='ltr'><strong>ita</strong></span> <span class='ocrx_word' id='word_1_787' title='bbox 2307 4936 2424 4995; x_wconf 89' lang='lat' dir='ltr'><strong>post</strong></span> <span class='ocrx_word' id='word_1_788' title='bbox 2446 4925 2709 4995; x_wconf 83' lang='lat' dir='ltr'><strong>jejunium</strong></span> <span class='ocrx_word' id='word_1_789' title='bbox 2746 4925 2851 4989; x_wconf 93' lang='lat' dir='ltr'><strong>hic,</strong></span> <span class='ocrx_word' id='word_1_790' title='bbox 2886 4924 3241 4979; x_wconf 91' lang='lat' dir='ltr'><strong>belluinorum</strong></span> <span class='ocrx_word' id='word_1_791' title='bbox 3278 4925 3587 4991; x_wconf 90' lang='lat' dir='ltr'><strong>atquehru-</strong></span> 
     </span>
    </p>
   </div>
   <div class='ocr_carea' id='block_1_111' title="bbox 2017 5013 3587 5084">
    <p class='ocr_par' dir='ltr' id='par_1_111' title="bbox 2017 5013 3587 5084">
     <span class='ocr_line' id='line_1_111' title="bbox 2017 5013 3587 5084; baseline -0.004 -15"><span class='ocrx_word' id='word_1_792' title='bbox 2017 5026 2191 5069; x_wconf 90' lang='lat' dir='ltr'><strong>torum</strong></span> <span class='ocrx_word' id='word_1_793' title='bbox 2219 5015 2470 5069; x_wconf 83' lang='lat' dir='ltr'><strong>vitiorum</strong></span> <span class='ocrx_word' id='word_1_794' title='bbox 2519 5014 2803 5077; x_wconf 86' lang='lat' dir='ltr'><strong>interitus;</strong></span> <span class='ocrx_word' id='word_1_795' title='bbox 2847 5029 2966 5084; x_wconf 76' lang='lat' dir='ltr'><strong>qua:</strong></span> <span class='ocrx_word' id='word_1_796' title='bbox 2991 5014 3207 5081; x_wconf 89' lang='lat' dir='ltr'><strong>quidem</strong></span> <span class='ocrx_word' id='word_1_797' title='bbox 3254 5013 3403 5066; x_wconf 89' lang='lat' dir='ltr'><strong>nullo</strong></span> <span class='ocrx_word' id='word_1_798' title='bbox 3449 5027 3587 5080; x_wconf 62' lang='lat' dir='ltr'><strong>prte-</strong></span> 
     </span>
    </p>
   </div>
   <div class='ocr_carea' id='block_1_112' title="bbox 2016 5104 3586 5176">
    <p class='ocr_par' dir='ltr' id='par_1_112' title="bbox 2016 5104 3586 5176">
     <span class='ocr_line' id='line_1_112' title="bbox 2016 5104 3586 5176; baseline -0.008 -12"><span class='ocrx_word' id='word_1_799' title='bbox 2016 5107 2241 5164; x_wconf 87' lang='lat' dir='ltr'><strong>sentiori</strong></span> <span class='ocrx_word' id='word_1_800' title='bbox 2292 5106 2549 5171; x_wconf 88' lang='lat' dir='ltr'><strong>remedio,</strong></span> <span class='ocrx_word' id='word_1_801' title='bbox 2585 5120 2744 5174; x_wconf 87' lang='lat' dir='ltr'><strong>quam</strong></span> <span class='ocrx_word' id='word_1_802' title='bbox 2768 5105 2976 5176; x_wconf 86' lang='lat' dir='ltr'><strong>jejunio</strong></span> <span class='ocrx_word' id='word_1_803' title='bbox 3012 5120 3076 5159; x_wconf 85' lang='lat' dir='ltr'><strong>ex</strong></span> <span class='ocrx_word' id='word_1_804' title='bbox 3112 5104 3293 5157; x_wconf 88' lang='lat' dir='ltr'><strong>animo</strong></span> <span class='ocrx_word' id='word_1_805' title='bbox 3326 5104 3586 5156; x_wconf 79' lang='lat' dir='ltr'><strong>extermi-</strong></span> 
     </span>
    </p>
   </div>
   <div class='ocr_carea' id='block_1_113' title="bbox 2018 5211 2235 5256">
    <p class='ocr_par' dir='ltr' id='par_1_113' title="bbox 2018 5211 2235 5256">
     <span class='ocr_line' id='line_1_113' title="bbox 2018 5211 2235 5256; baseline -0.014 0"><span class='ocrx_word' id='word_1_806' title='bbox 2018 5211 2235 5256; x_wconf 84' lang='lat' dir='ltr'><strong>nantur.</strong></span> 
     </span>
    </p>
   </div>
   <div class='ocr_carea' id='block_1_114' title="bbox 2749 5405 3585 5487">
    <p class='ocr_par' dir='ltr' id='par_1_114' title="bbox 2749 5405 3585 5487">
     <span class='ocr_line' id='line_1_114' title="bbox 2749 5405 3585 5487; baseline 0 -12"><span class='ocrx_word' id='word_1_807' title='bbox 2749 5421 2794 5454; x_wconf 72' lang='grc' dir='ltr'><strong>τε</strong></span> <span class='ocrx_word' id='word_1_808' title='bbox 2836 5423 3001 5478; x_wconf 76' lang='lat' dir='ltr'><strong>Exod.</strong></span> <span class='ocrx_word' id='word_1_809' title='bbox 3046 5438 3163 5487; x_wconf 88' lang='lat' dir='ltr'><strong>vm,</strong></span> <span class='ocrx_word' id='word_1_810' title='bbox 3193 5421 3247 5475; x_wconf 88' lang='lat'><strong>5.</strong></span> <span class='ocrx_word' id='word_1_811' title='bbox 3359 5423 3404 5453; x_wconf 78' lang='grc' dir='ltr'><strong><em>το</em></strong></span> <span class='ocrx_word' id='word_1_812' title='bbox 3441 5405 3585 5475; x_wconf 77' lang='lat' dir='ltr'><strong>Psal.</strong></span> 
     </span>
    </p>
   </div>
   <div class='ocr_carea' id='block_1_115' title="bbox 2816 5490 3402 5560">
    <p class='ocr_par' dir='ltr' id='par_1_115' title="bbox 2816 5490 3402 5560">
     <span class='ocr_line' id='line_1_115' title="bbox 2816 5490 3402 5560; baseline -0.005 -11"><span class='ocrx_word' id='word_1_813' title='bbox 2816 5492 2863 5523; x_wconf 72' lang='grc'><strong>⁸⁵</strong></span> <span class='ocrx_word' id='word_1_814' title='bbox 2899 5496 3057 5549; x_wconf 86' lang='lat' dir='ltr'><strong>Prov.</strong></span> <span class='ocrx_word' id='word_1_815' title='bbox 3101 5510 3177 5560; x_wconf 82' lang='lat' dir='ltr'><strong>VI,</strong></span> <span class='ocrx_word' id='word_1_816' title='bbox 3218 5490 3402 5546; x_wconf 74' lang='lat'><strong>50-52.</strong></span> 
     </span>
    </p>
   </div>
   <div class='ocr_carea' id='block_1_116' title="bbox 2150 5421 2672 5488">
    <p class='ocr_par' dir='ltr' id='par_1_116' title="bbox 2150 5421 2672 5488">
     <span class='ocr_line' id='line_1_116' title="bbox 2150 5421 2672 5488; baseline -0.002 -11"><span class='ocrx_word' id='word_1_817' title='bbox 2150 5421 2195 5453; x_wconf 85' lang='lat'>&quot;</span> <span class='ocrx_word' id='word_1_818' title='bbox 2236 5424 2404 5477; x_wconf 58' lang='lat' dir='ltr'><strong>Exod.</strong></span> <span class='ocrx_word' id='word_1_819' title='bbox 2449 5439 2543 5488; x_wconf 82' lang='lat' dir='ltr'><strong>vlt,</strong></span> <span class='ocrx_word' id='word_1_820' title='bbox 2592 5424 2672 5477; x_wconf 90' lang='grc'><strong>17.</strong></span> 
     </span>
    </p>
   </div>
   <div class='ocr_carea' id='block_1_117' title="bbox 2258 5493 2737 5560">
    <p class='ocr_par' dir='ltr' id='par_1_117' title="bbox 2258 5493 2737 5560">
     <span class='ocr_line' id='line_1_117' title="bbox 2258 5493 2737 5560; baseline 0.002 -14"><span class='ocrx_word' id='word_1_821' title='bbox 2258 5494 2303 5524; x_wconf 77' lang='grc'>³³</span> <span class='ocrx_word' id='word_1_822' title='bbox 2354 5493 2520 5549; x_wconf 75' lang='lat' dir='ltr'><strong>Exod.</strong></span> <span class='ocrx_word' id='word_1_823' title='bbox 2562 5510 2645 5560; x_wconf 78' lang='grc' dir='ltr'>ιιι,</span> <span class='ocrx_word' id='word_1_824' title='bbox 2688 5494 2737 5547; x_wconf 89' lang='grc'><strong>6.</strong></span> 
     </span>
    </p>
   </div>
  </div>
