4044 6418
405 300 518 365 839

1607 298 2041 362 ANDRONICI
2073 299 2430 365 COMNENI

3577 308 3689 374 840

490 412 685 467 Verum
719 429 896 487 neque
923 415 1022 471 hoc
1048 415 1192 471 facto
1221 412 1482 470 scelestus
1502 410 1718 467 Pharao
1746 411 1999 481 resipuit.
2032 418 2080 476 Α
2108 430 2304 484 corpus
2332 430 2549 473 omnem
2587 425 2853 473 terrarum
2883 417 3069 475 orbem
3084 418 3152 475 ab
3183 417 3503 490 ignorantia:
3537 433 3692 480 tene-

407 507 588 574 Quare
642 507 754 562 illic
814 508 1034 579 quidem
1093 505 1321 576 pustulae
1380 503 1653 559 ferventes
1705 502 2008 573 (maleficos

407 594 782 668 torquebant),
838 597 929 652 hic
967 592 1194 668 impium
1235 593 1530 649 intestinus
1560 591 1736 662 ignis;
1777 598 1832 645 et
1857 589 2013 644 ﬂam-

414 702 557 739 tnam
589 701 806 741 omnem
839 701 1101 754 superans
1131 685 1302 750 zelus,
1339 684 1391 738 in
1421 681 1764 739 Pharaonem
1808 681 2011 734 intelli-

409 793 444 848 g
470 777 630 831 bilem
663 776 963 846 insurgit"
999 791 1014 841 ;
1050 775 1349 831 secundum
1404 773 1796 845 philosophum
1828 773 2012 827 dicen-

414 886 517 924 tem
562 868 675 939 (:25)
706 885 722 925 :
759 866 900 922 Iram
947 868 1000 922 in
1035 866 1208 921 solum
1265 876 1579 936 serpentem
1618 879 1856 929 exerce.
1888 862 2008 919 Jam

414 972 566 1022 vero,
599 966 660 1011 ut
699 955 811 1011 illic
853 955 1098 1011 sensibili
1126 957 1430 1019 Pharaone,
1465 956 1730 1025 promissa
1767 968 1885 1022 qua:
1915 955 2008 1008 de-

413 1049 604 1114 disset,
651 1047 890 1111 fallente,
945 1048 1152 1117 grando
1194 1061 1316 1102 cum
1373 1046 1485 1117 igni
1535 1045 1778 1111 exstitit;
1811 1044 1884 1099 ita
1923 1042 2010 1097 hic

414 1154 632 1208 quoque
690 1137 1033 1207 intelligibili,
1069 1138 1161 1206 qui
1209 1152 1237 1191 a
1282 1137 1370 1206 pio
1418 1136 1663 1206 deiectus
1711 1144 1879 1199 esset,
1930 1132 2010 1187 fu-

415 1243 591 1296 rente,
631 1230 797 1285 divini
845 1231 984 1298 ignis
1036 1244 1303 1300 perennes
1336 1229 1387 1283 in
1436 1231 1618 1283 animo
1661 1228 1929 1296 scintillae,
1956 1235 2011 1284 et

414 1321 554 1390 iugis
585 1320 760 1375 imber
793 1321 1154 1391 lacrymarum
1202 1335 1268 1375 ex
1312 1320 1484 1376 oculis
1517 1319 1695 1375 ﬂuens
1736 1336 1799 1374 ac
1824 1328 2011 1375 scatu-

417 1410 568 1466 riens
619 1411 852 1466 exstitit.
887 1410 1021 1464 Nam
1069 1410 1531 1481 quemadmodum
1562 1410 1846 1467 sensibiles
1877 1425 2007 1466 ocu-

416 1504 592 1558 lorum
638 1504 853 1575 pupilla:
881 1505 1137 1574 caligant,
1172 1503 1302 1559 fumi
1364 1506 1723 1561 acrimoniam
1780 1519 1889 1560 non
1928 1506 2010 1560 fe-

423 1604 629 1661 rentes,
668 1608 832 1667 atqne
889 1597 1010 1652 ideo
1061 1600 1470 1667 lacrymantur;
1512 1598 1585 1652 ita
1644 1596 2010 1665 intelligibiles

422 1688 626 1742 mentis
679 1689 845 1751 oculi,
880 1690 1089 1759 peccati
1144 1689 1441 1744 acrimonia
1492 1690 1693 1755 mersi,
1736 1690 2004 1744 internam

416 1776 834 1832 sollicitudinem
880 1754 1056 1848 atque
1142 1778 1577 1835 emendationem
1640 1779 2002 1851 lacrymarum
2039 1754 2080 1811 Β

419 1867 636 1923 deﬂuxu
672 1881 956 1925 testantur.

493 1979 598 2036 Sed
632 1983 696 2037 iis
745 1982 909 2037 rebus
958 1992 1192 2053 utroque
1240 1983 1529 2041 obfirmato
1559 1994 1835 2052 manente,
1871 1998 2009 2056 Opus

425 2084 548 2128 erat
575 2090 737 2142 porro
760 2076 825 2130 ad
875 2076 1083 2147 frugem
1134 2076 1257 2132 aliis
1306 2088 1571 2147 praeterea
1616 2079 1887 2145 cladibus,
1925 2088 2006 2145 ut,

419 2164 514 2234 qui
565 2164 844 2222 beneficiis
895 2164 1073 2221 aﬂ‘ecti
1119 2183 1228 2223 non
1276 2182 1335 2222 se
1373 2178 1555 2235 gratos
1604 2170 2009 2239 praestitissent,

424 2254 549 2325 plus
597 2258 1028 2328 castigarentur;
1063 2268 1121 2316 et
1169 2261 1444 2331 castigati,
1477 2277 1546 2317 ex
1597 2262 1662 2318 iis
1716 2276 1837 2331 qua:
1863 2270 2012 2332 pate-

421 2356 635 2412 rentur,
671 2347 917 2403 divinam
960 2351 1070 2404 vim
1119 2360 1498 2422 agnoscerent.
1545 2353 1716 2424 igitur
1754 2369 1879 2410 cum
1909 2369 2012 2410 nec

423 2438 614 2494 amicti
670 2452 1052 2510 agnoscerent,
1092 2443 1275 2499 addita
1326 2445 1548 2501 locustae
1595 2448 1877 2504 calamitas
1905 2457 2007 2515 est,

421 2546 545 2598 quae
573 2532 837 2601 quidquid
892 2541 998 2588 tota
1033 2533 1266 2606 Egypto
1300 2536 1473 2593 viride
1515 2546 1684 2604 esset,
1723 2554 2010 2595 consume-

422 2631 527 2676 ret.
559 2623 638 2676 Ac
680 2621 856 2678 Moses
888 2624 1108 2692 quidem
1169 2625 1433 2683 locustam
1477 2630 1677 2685 excivit
1698 2631 1769 2698 ";
1802 2641 1858 2687 at
1891 2635 2010 2705 pius

424 2711 662 2765 incomta
693 2712 840 2766 omni
876 2712 1004 2768 vita:
1030 2712 1267 2770 duritate
1301 2731 1517 2773 onmem
1560 2724 1804 2791 corporis
1837 2739 2012 2780 venu-

422 2809 619 2854 statem
659 2801 878 2872 frangit.
923 2800 1061 2858 Nam
1108 2814 1166 2859 ut
1198 2805 1311 2862 illic
1362 2808 1612 2866 viriditas
1656 2811 1880 2870 locustis
1910 2831 2009 2885 pa-

425 2894 612 2948 bulum
647 2902 750 2961 est,
790 2894 864 2950 ita
897 2895 987 2951 hic
1018 2898 1270 2968 corporis
1294 2909 1548 2958 venustas
1595 2904 1772 2961 brutis
1802 2906 2012 2963 affecti-

423 2983 548 3039 bus.
581 2985 757 3056 Atque
793 2986 1014 3042 interim
1056 2990 1331 3045 obstinato
1366 3008 1579 3050 rursum
1615 2995 1925 3068 Pharaone,
1957 3002 2008 3055 in

2112 509 2226 564 bris
2253 509 2320 562 ad
2348 506 2441 563 Dei
2478 508 2683 564 notitia:
2702 508 2884 565 lumen
2918 509 3118 565 erudit.
3146 511 3323 581 Atque
3363 512 3490 568 illuc
3518 529 3693 585 popu-

2115 600 2197 655 Ius
2229 600 2451 667 trajecta
2485 600 2621 655 mari
2655 598 2863 669 Rubro,
2898 600 3154 673 z’Egypto,
3185 603 3412 673 eisque
3458 607 3689 675 principi

2114 688 2381 744 Pharaoni
2407 690 2646 759 elapsus,
2685 690 2882 746 fastum
2913 693 3145 764 agitans,
3173 695 3495 762 promissam
3529 711 3693 764 porro

2115 793 2314 838 terram
2339 799 2436 853 pro
2468 785 2604 839 viris
2646 786 2899 842 invadere
2948 786 3182 857 sategit;
3214 786 3302 842 hic
3334 789 3565 845 mundus
3599 805 3699 860 per

2113 873 2451 928 Dominicum
2485 877 2803 945 sanguinem
2856 886 2909 931 et
2951 891 3148 947 aquam
3196 878 3317 931 diro
3349 893 3415 934 ac
3462 893 3700 948 sequaee

2111 972 2358 1035 peccato,
2387 974 2442 1020 et
2465 966 2769 1031 Pharaone,
2797 969 2999 1022 acerbo
3031 978 3193 1039 atque
3222 968 3478 1024 invisibili
3515 982 3703 1041 tyran-

2112 1072 2205 1125 no,
2238 1071 2360 1111 cum
2387 1058 2601 1113 acerbis
2631 1058 3002 1125 exactoribus,
3034 1060 3315 1128 liberatus,
3348 1060 3544 1116 itinere
3573 1070 3701 1118 tan-

2111 1164 2275 1217 quam
2311 1149 2647 1219 postliminio
2671 1151 2739 1206 ad
2765 1151 3044 1207 caelestem
3071 1154 3329 1208 mundum
3361 1154 3702 1220 adornanda,

2113 1238 2341 1294 Domino
2396 1240 2505 1295 Deo
2550 1248 2736 1297 nostro
2758 1241 2871 1314 (24)
2916 1243 3158 1299 liberalia
3204 1245 3335 1315 agit,
3366 1260 3477 1300 non
3523 1256 3701 1302 tamen

2113 1331 2479 1403 improbitatis
2530 1335 2856 1406 malitiwque
2899 1335 3187 1406 fermento,
3245 1340 3339 1393 sed
3389 1340 3705 1398 sinceritate

2112 1439 2175 1478 ac
2208 1424 2462 1493 puritate,
2502 1426 2660 1498 quasi
2704 1429 3031 1499 quibusdam
3076 1430 3307 1499 panibus
3346 1432 3705 1489 infermenta-

2115 1516 2208 1578 tis,
2245 1514 2376 1571 nihil
2410 1515 2748 1588 Egyptiacte
2769 1531 2931 1591 atque
2962 1521 3139 1592 impiae
3168 1537 3360 1577 massa:
3385 1511 3702 1594 exportans.

2112 1606 2249 1662 Tum
2283 1608 2496 1665 Pharao
2532 1613 2744 1683 insequi
2785 1629 2970 1680 ausus,
3005 1630 3128 1671 cum
3161 1618 3308 1672 omni
3334 1600 3576 1675 exercitu
3606 1623 3706 1675 de-

2112 1700 2253 1757 letus
2277 1712 2362 1758 est
2396 1721 2411 1759 :
2445 1704 2631 1759 itidem
2658 1716 2712 1759 et
2747 1705 3067 1776 iutelligibili
3104 1706 3387 1764 Pharaone
3418 1710 3471 1763 in
3505 1709 3707 1766 Serva-

2114 1804 2288 1851 torem
2321 1810 2501 1852 meum
2531 1797 2816 1867 insurgere
2865 1814 3026 1863 auso,
3059 1800 3478 1872 intelligibilinm
3505 1802 3707 1859 draco-

2112 1903 2241 1943 num
2273 1889 2451 1958 capita
2478 1904 2576 1959 per
2596 1906 2808 1947 sacram
2837 1894 3154 1951 tinctionem
3180 1894 3455 1951 confracta
3490 1908 3616 1952 sunt
3632 1898 3706 1953 “.

2110 1977 2170 2036 Id
2198 1982 2343 2037 enim
2372 1991 2427 2039 et
2462 2000 2692 2056 magnus
2724 1986 2811 2042 ille
2845 1986 3043 2043 Paulus
3083 1988 3135 2043 in
3189 1990 3330 2045 hanc
3372 1992 3706 2046 sententiam

2112 2074 2375 2143 praedicat
2412 2092 2428 2130 :
2468 2094 2488 2128 ι
2535 2076 2669 2132 Nolo
2717 2092 2812 2133 vos
2861 2079 3135 2149 ignorare,
3188 2081 3406 2147 fratres,
3449 2085 3705 2150 quoniam

2112 2175 2297 2233 patres
2346 2167 2519 2223 nostri
2573 2183 2768 2226 omnes
2804 2173 2907 2228 suh
2948 2174 3091 2228 nube
3136 2173 3373 2239 fuerunt,
3415 2185 3469 2231 et
3516 2192 3711 2235 omnes

2115 2272 2266 2313 mare
2299 2260 2655 2325 transierunt,
2684 2269 2740 2316 et
2770 2278 2961 2320 omnes
2988 2264 3045 2321 in
3083 2265 3231 2323 Mose
3271 2270 3527 2339 baptizati
3577 2280 3710 2327 sunt

2112 2344 2167 2401 in
2193 2348 2338 2403 nube
2369 2358 2429 2404 et
2458 2351 2511 2404 in
2538 2354 2675 2408 mari
2707 2355 2777 2408 ".
2808 2373 2828 2406 ι
2864 2353 3001 2410 Nam
3035 2368 3094 2412 ut
3132 2357 3312 2415 Moses
3351 2362 3606 2433 pepulum
3652 2365 3707 2419 in

2113 2438 2435 2506 promissam
2470 2450 2670 2497 terram
2712 2443 2968 2502 inducere
2999 2457 3083 2505 est
3130 2452 3457 2520 prohibitus,
3486 2464 3710 2526 propter

2118 2527 2235 2583 leve
2278 2530 2551 2598 quoddam
2597 2548 2846 2591 murmur
2893 2536 3067 2608 (num,
3104 2543 3329 2611 putatis,
3359 2544 3554 2614 inquit,
3583 2563 3603 2598 ι
3641 2548 3711 2603 de

2115 2626 2267 2688 petra
2293 2622 2393 2676 hac
2419 2623 2572 2677 vobis
2604 2638 2800 2694 aquam
2823 2629 3121 2697 poterimus
3151 2630 3350 2688 elicere
3371 2634 3418 2666 "
3439 2634 3463 2688 ἲ
3487 2654 3506 2687 ι
3533 2634 3576 2707 ),
3611 2638 3709 2692 sed

2114 2723 2234 2765 eam
2264 2725 2360 2781 per
2394 2713 2625 2769 vicarios
2661 2717 2948 2787 explorare
2988 2727 3042 2775 et
3074 2736 3404 2791 cognoscere
3437 2726 3707 2795 voluit”;

2115 2803 2199 2859 sic
2250 2805 2489 2862 Adamus
2527 2807 2624 2865 Dei
2674 2823 2948 2885 praecepto
2994 2831 3101 2872 non
3155 2819 3458 2889 subnixus,
3502 2823 3709 2893 ample—

2119 2898 2280 2950 tendo
2309 2900 2581 2967 serpentis
2599 2903 2848 2971 consilio,
2869 2908 3232 2964 immortalem
3264 2911 3426 2965 vitam
3452 2915 3709 2983 perdidit.

2116 2986 2287 3058 Igitur
2314 2990 2425 3046 illic
2473 2990 2659 3059 Jesus,
2712 2993 2861 3052 Nave
2901 2998 3066 3064 ﬁlius,
3097 2999 3368 3059 lsraelitas
3406 3004 3460 3059 in
3506 3014 3709 3063 terram

425 3073 721 3146 Egyptum
756 3077 882 3133 aliis
919 3093 1137 3150 quoque
1183 3081 1429 3137 cladibus
1467 3086 1709 3141 saevitum
1743 3099 1849 3154 est,
1883 3090 2010 3145 sub-

2119 3081 2439 3148 promissam
2476 3083 2690 3140 induxit
2735 3088 2954 3158 salvos;
3007 3090 3095 3146 hic
3131 3095 3317 3149 aeterni
3368 3104 3424 3152 et
3472 3100 3710 3157 exsertis

422 3168 695 3235 ductaque
722 3166 841 3223 luce
870 3170 1104 3225 tenebra:
1143 3172 1456 3229 tractabilcs
1481 3173 1715 3233 inductae
1737 3178 1806 3233 ⁸⁷.
1828 3179 1895 3234 At
1933 3180 2019 3237 hic

422 3258 568 3329 pius,
604 3258 693 3327 qui
726 3260 1025 3316 exteriores
1058 3264 1310 3319 tenebras
1348 3262 1689 3337 reformidat,
1720 3269 2020 3326 scelerum-

421 3363 529 3417 que
562 3349 932 3419 lippitudinem
966 3367 1034 3407 ex
1065 3354 1266 3419 animo,
1300 3355 1393 3411 Dei
1421 3359 1798 3429 notitizeaqua
1819 3361 2014 3429 diluit;

428 3442 693 3511 principis
722 3446 1177 3515 sempiternatque
1199 3447 1339 3503 lucis
1379 3451 1563 3506 radios
1593 3467 1759 3521 puros
1789 3454 2010 3524 accipit.

429 3536 537 3589 Sed
587 3533 654 3587 ad
702 3547 1016 3606 utrumque,
1063 3552 1187 3592 cum
1226 3541 1739 3610 tergiversarentur,
1768 3545 2014 3604 cladibus

426 3628 765 3692 terrendum,
786 3628 874 3683 illa
911 3630 1129 3684 tandem
1161 3632 1355 3687 ordine
1386 3637 1603 3704 quidem
1639 3648 1900 3705 extrema,
1921 3641 2017 3697 sed

426 3731 548 3786 qua:
574 3716 763 3772 dolore
791 3731 855 3772 ac
883 3719 1225 3775 vehementia
1253 3720 1412 3777 facile
1445 3728 1616 3794 prima
1642 3737 1807 3793 esset,
1833 3731 1890 3785 id
1910 3739 2013 3796 est,

429 3807 917 3877 primogenitorum
968 3824 1118 3866 mors
1177 3815 1507 3871 succedit“.
1569 3818 1747 3887 Atque
1798 3831 1855 3874 ut
1903 3822 2015 3878 illic

424 3900 582 3968 plaga
613 3900 730 3955 haec
776 3911 1052 3969 postrema
1089 3903 1432 3960 Pharaonem
1467 3907 1664 3978 populo
1701 3911 2012 3968 missionem

424 3986 609 4044 facere
640 3991 838 4059 coegit,
858 3994 925 4045 ad
956 3992 1240 4048 colendum
1269 3994 1436 4051 Deum
1469 3999 1677 4067 procul,
1695 4015 1759 4056 ac
1785 4004 2011 4058 soorsim

426 4098 456 4135 a
491 4081 833 4137 deastrorum
861 4086 1055 4148 sacris.
1079 4092 1136 4141 el
1153 4086 1544 4156 cadaveribus;
1583 4090 1654 4144 ita
1689 4092 1776 4148 hic
1797 4106 2014 4164 quoque

423 4183 694 4239 postrema
742 4173 1133 4245 intelligibilem
1182 4175 1526 4235 Pharaonem
1584 4182 1870 4252 compulit,
1915 4198 2013 4238 ex-

425 4260 626 4329 templo
656 4262 801 4331 pium
832 4264 1015 4318 sinere
1061 4262 1163 4321 SS.
1187 4266 1514 4325 Trinitatem
1547 4273 1826 4339 venerari,
1855 4273 2012 4346 longe

423 4351 944 4411 aconeitatisuoxiis
969 4356 1393 4427 cegitationibus
1423 4364 1789 4419 remotum.Et
1815 4381 2010 4435 quem-

2121 3175 2371 3249 principii
2399 3178 2578 3238 Patris
2617 3180 2808 3249 Filius,
2841 3198 2993 3240 meus
3026 3199 3180 3240 amor
3203 3185 3389 3256 Iesus,
3430 3201 3711 3261 assumpto

2120 3266 2317 3323 Adami
2347 3278 2799 3342 temperamento,
2824 3276 2928 3332 sibi
2955 3276 3240 3333 credentes
3267 3280 3320 3334 in
3347 3280 3621 3339 cmlestem
3644 3298 3713 3340 ac

2118 3372 2413 3425 perennem
2489 3360 2920 3435 Hierosolymam
2976 3368 3245 3437 perduxit.
3307 3369 3529 3428 Vidistis
3578 3373 3710 3431 olim

2119 3445 2344 3517 ﬂguras,
2379 3466 2525 3507 nunc
2550 3468 2667 3508 rem
2701 3470 2886 3510 veram
2918 3460 3146 3515 cernite.

2681 3547 2911 3604 CAPUT
2950 3550 3145 3607 XXIX.

2438 3634 2549 3691 Cur
2580 3640 2675 3694 Dei
2706 3639 2880 3697 Filius
2909 3644 3064 3699 homo
3095 3646 3271 3715 factus
3306 3649 3399 3705 sit.

2185 3721 2311 3780 Jun.
2343 3726 2487 3785 Belle
2524 3738 2581 3784 et
2609 3742 2979 3793 consentanee
3021 3738 3116 3794 Dei
3166 3741 3307 3798 vatis
3343 3746 3561 3801 oracula
3616 3763 3712 3805 su—

2118 3817 2266 3874 blimi
2308 3821 2472 3879 s'ensn
2509 3830 2794 3897 aperuisti,
2837 3848 3071 3905 vereque
3110 3840 3359 3907 antiquas
3398 3843 3707 3900 futurorum

2118 3913 2341 3971 umbras
2372 3929 2428 3971 et
2460 3920 2658 3990 figuras
2693 3922 2947 3981 docuisti.
2998 3928 3104 3985 Sed
3136 3946 3256 4001 quas
3283 3944 3364 3989 est
3395 3946 3574 3994 autem
3608 3956 3707 4002 ne-

2117 4006 2364 4074 cessitas,
2395 4022 2573 4079 quave
2606 4015 2780 4084 gratia
2823 4016 2917 4072 Dei
2950 4017 3146 4077 Filium
3199 4024 3473 4083 hominem
3502 4030 3709 4086 factum

2114 4094 2341 4152 dicitis?

2185 4189 2409 4249 Cuntsr.
2441 4193 2596 4262 Quod
2641 4198 2686 4253 si
2735 4202 2984 4270 omnino,
3018 4208 3375 4277 quamobrem
3409 4209 3550 4269 Deus
3589 4228 3711 4270 ca:-

2113 4278 2277 4338 lestes
2310 4285 2516 4354 copias,
2547 4297 2601 4344 et
2630 4291 2897 4349 Adamum
2930 4299 3225 4364 creaverit,
3258 4315 3353 4358 vos
3399 4307 3705 4374 exponens.

2115 4369 2276 4429 facile
2310 4385 2367 4429 et
2409 4375 2679 4448 Unigeniti
2716 4382 3148 4444 incarnationem
3181 4369 3709 4467 explorate-cogno-

421 4443 716 4497 admodum
796 4445 945 4500 illum
1005 4449 1074 4502 ad
1140 4463 1333 4505 omnes
1409 4453 1592 4510 clades
1650 4439 2085 4526 obstinatum,”
2118 4465 2325 4520 veritis.

423 4533 908 4602 printogenitorum
962 4537 1220 4596 interitus
1275 4544 1504 4601 emolliit
1555 4555 1610 4603 et
1659 4547 1903 4616 inﬂexit;
1939 4550 2014 4606 ita

425 4628 572 4682 htmc
590 4626 789 4695 frangit
811 4642 875 4683 ac
901 4628 1146 4686 debilitat
1176 4632 1342 4688 animi
1372 4636 1700 4705 submissio;
1730 4640 1877 4695 onmi
1897 4639 2017 4711 ejus

426 4717 766 4788 primogenio
802 4721 956 4785 vitio,
991 4722 1043 4777 id
1066 4732 1170 4788 est,
1195 4728 1503 4794 arrogantia
1534 4735 1701 4800 atque
1747 4730 1884 4786 fastu
1914 4748 2017 4787 ex-

423 4812 643 4866 stincto.
673 4812 941 4868 Cancrum
971 4824 1175 4870 mutata
1203 4819 1494 4886 sententia,
1520 4835 1642 4876 cum
1675 4822 1958 4879 dimissum
1982 4840 2014 4879 a

421 4914 484 4956 se
533 4905 793 4972 populum
832 4917 1274 4976 persequeretur,
1308 4908 1473 4979 Deus,
1500 4911 1646 4967 Mose
1701 4926 2009 4982 sequestro,

422 5005 587 5048 noctu
622 4994 768 5065 igne,
806 4995 1041 5051 interdiu
1071 5000 1217 5055 nube
1256 4998 1531 5057 lsraelitas
1580 5004 1892 5061 deduxit”.
1928 5007 2009 5061 Ad

421 5086 665 5140 eumdem
725 5088 965 5155 modum,
995 5088 1225 5145 scelesto
1274 5091 1540 5158 dat-mone,
1570 5095 1852 5165 profugum
1888 5112 1918 5150 a
1951 5114 2012 5154 se

420 5180 590 5249 pium,
616 5178 1014 5249 ttt'cquidquam
1037 5181 1262 5238 subdole
1289 5200 1499 5240 rursum
1519 5186 1856 5255 insequente,
1884 5188 2012 5244 Ser-

419 5280 572 5325 vator
604 5282 784 5327 noster
809 5281 972 5342 atque
1000 5271 1142 5329 Deus
1167 5289 1261 5344 per
1286 5275 1629 5332 divinitatem
1659 5294 1811 5335 suam
1845 5290 2011 5351 atque

482 5449 531 5481 ⁸⁸
573 5452 739 5506 Exod.
783 5467 859 5513 Ix,
903 5451 989 5506 10.

412 5520 457 5552 ⁹⁰
501 5522 670 5575 Exod.
713 5538 824 5585 le,
863 5523 1051 5578 27—5].

1080 5452 1127 5485 ⁸⁸
1164 5453 1337 5510 Exod.
1380 5472 1410 5509 κ
1436 5495 1452 5519 ,
1500 5457 1653 5513 4-15.

1128 5525 1172 5556 ⁰¹
1214 5526 1234 5583 Ι
1274 5525 1400 5581 Cor.
1443 5543 1499 5596 x,
1545 5531 1595 5582 1.

1764 5461 1809 5547 ξ⁷
1850 5464 1978 5521 ibid-
2018 5475 2111 5535 22.
2187 5478 2234 5510 ⁸⁸
2275 5476 2441 5533 Exod.
2486 5497 2538 5536 xt
2564 5523 2579 5547 ,
2634 5482 2690 5538 5.

1669 5531 1713 5562 "
1741 5532 1900 5590 Num.
1941 5555 2007 5599 xx

2119 5550 2163 5606 ε.
2238 5531 2448 5607 "tum.
2488 5531 2579 5609 to:
2637 5531 2700 5587 31
2736 5531 3072 5625 Ρεειιῗὲἕίἶ,
3110 5531 3551 5623 ἦῖ”ἲ·εἷῐῖίςῖ.”ἐξ

2188 4553 2311 4610 Jun.
2332 4556 2439 4614 Per
2464 4560 2781 4631 bonitatem,
2810 4574 2864 4620 et
2887 4567 3082 4635 solam,
3107 4572 3346 4630 universi
3376 4580 3708 4639 creationem

2118 4648 2286 4704 Deum
2342 4651 2555 4717 fecisse,
2609 4670 2676 4711 ex
2725 4658 3063 4727 sapientibus
3121 4668 3324 4724 nostris
3377 4669 3709 4744 didicimus;

2118 4756 2245 4795 nam
2282 4743 2333 4796 in
2370 4744 2584 4801 Davidis
2631 4746 2860 4806 Psalmis
2894 4753 3007 4809 haec
3037 4767 3166 4811 sunt
3194 4761 3357 4816 verba
3388 4779 3402 4816 :
3444 4782 3464 4815 ι
3500 4743 3714 4819 Secun-

2118 4834 2246 4889 dum
2282 4835 2710 4895 misericordiam
2756 4850 2903 4897 tuam
2956 4860 3225 4905 memento
3256 4852 3359 4906 mei
3414 4863 3467 4907 tu
3487 4854 3554 4909 “.
3587 4874 3605 4907 ι
3640 4856 3712 4915 Et

2122 4941 2354 4982 rursus:
2390 4947 2409 4980 ι
2441 4927 2626 4988 Dulcis
2680 4943 2734 4989 et
2775 4949 2959 4993 rectus
3008 4940 3286 5011 Dominus,
3332 4956 3552 5017 propter
3605 4950 3712 5007 hoc

2120 5016 2286 5087 legem
2314 5022 2463 5089 dabit
2495 5024 2933 5097 delinquentibus
2955 5033 3007 5086 in
3038 5036 3121 5089 via
3144 5037 3211 5092 ”.
3246 5056 3265 5090 ι

2190 5108 2411 5166 Cnnrs'r.
2437 5111 2590 5178 Quod
2622 5117 2668 5171 si
2699 5133 2766 5173 ex
2798 5120 3062 5188 bonitate,
3087 5134 3144 5179 ut
3176 5135 3323 5183 certe
3352 5143 3416 5184 ex
3445 5131 3706 5201 bonitate,

2121 5201 2264 5257 Deus
2295 5206 2564 5260 hominem
2598 5208 2892 5269 fabricatus
2920 5225 3042 5283 est;
3076 5228 3281 5286 quanto
3304 5223 3474 5293 magis
3504 5238 3706 5281 sartum

2122 5300 2318 5346 tectam
2357 5300 2492 5351 tueri
2526 5295 2787 5356 fabricam
2818 5302 3066 5372 decebat,
3107 5324 3204 5364 nec
3249 5313 3594 5370 committere
3649 5325 3710 5371 ut

2794 5485 2855 5565 “_
2880 5485 3053 5544 Exod.
3108 5506 3204 5565 {ut
3236 5532 3252 5555 ,
3316 5493 3385 5548 22
3420 5512 3436 5561 ;
3477 5513 3606 5565 xxv,
3649 5500 3708 5559 8.

906 5689 1027 5782 hoc.
1048 5690 1567 5782 pl:i‘los_opltii_n_escio
1599 5692 1748 5766 cujus
1774 5739 1788 5765 ,
1822 5701 1987 5756 ctiam
2010 5700 2305 5776 Gregorius
2342 5707 2646 5782 Thcologus
2669 5723 2811 5770 orat.
2846 5714 2913 5769 In
2952 5733 3136 5774 novam
3163 5720 3514 5781 Dominicum.

483 5753 597 5813 (24)
629 5752 883 5811 Nazianz.
915 5752 1064 5816 orat:
1086 5758 1152 5815 In
1180 5752 1506 5818 lar-ditatem.
