4044 6448
346 395 453 465 841

1412 395 1797 460 DIALOGUS
1836 392 2139 454 CONTRA
2178 393 2507 454 JUDAZOS.

3497 393 3604 460 842

348 508 651 581 corruptela
681 478 1038 566 obrueretur?
1068 508 1143 565 De
1176 524 1348 579 coque
1374 511 1537 566 etiam
1571 509 1824 565 Salvator
1859 506 1924 561 de
1954 511 1998 567 Α
2028 503 2095 557 ad
2131 502 2481 575 frangendam
2509 504 2725 576 maligni
2766 502 3081 575 potentiam,
3107 517 3253 561 mors
3281 519 3378 575 pro
3407 520 3604 578 morte,

350 600 539 655 ovibus
584 601 653 656 ad
687 616 783 657 vos
830 603 1121 667 disserens,
1151 601 1225 655 ait
1266 619 1280 656 :
1317 621 1335 656 ι
1360 599 1521 656 Pater
1574 614 1749 666 meus,
1779 596 1921 669 quod

352 692 503 747 dedit
534 694 689 759 mihi,
720 694 893 764 majus
917 694 1171 750 onmibus
1203 702 1307 761 est,
1364 704 1417 748 et
1444 707 1603 748 nemo
1632 701 1811 761 potest
1838 705 1926 744 ra-

353 798 482 849 pere
509 785 575 839 de
604 799 766 839 manu
801 783 977 839 Patris
1014 787 1115 839 mei
1136 784 1204 837 ".
1238 803 1257 836 ι
1290 782 1451 840 Tueri
1486 783 1628 838 enim
1662 780 1925 839 fabricam

352 875 510 947 longe
559 877 737 947 majus
782 886 868 933 est
916 886 1079 948 atque
1122 877 1405 943 illustrius,
1448 890 1608 945 quam
1652 874 1927 931 fabricari.

350 967 460 1023 Nec
488 983 620 1024 sane
651 969 875 1039 perinde
894 978 980 1025 est
1010 968 1177 1024 Deum
1223 968 1495 1024 hominem
1546 965 1822 1034 fabricari,
1867 980 1931 1021 ac

350 1060 624 1117 hominem
656 1061 893 1131 denique
925 1059 1090 1115 Deum
1128 1062 1267 1116 ﬁeri.
1302 1060 1466 1129 quue
1502 1059 1581 1115 sic
1618 1058 1818 1114 habere
1865 1059 1932 1115 de

350 1152 683 1222 principibus
712 1152 917 1208 nostris
948 1151 1351 1218 intelleximus;
1383 1150 1511 1205 dicit
1532 1150 1677 1206 enim
1712 1150 1931 1219 quidam

348 1242 635 1313 primatum
684 1255 997 1299 nostrorum
1042 1246 1210 1300 Deum
1255 1250 1388 1297 tunc
1430 1243 1775 1313 praestantius
1804 1256 1936 1298 con-

350 1334 536 1390 tulisse
581 1334 719 1406 (25),
770 1351 913 1392 nunc
956 1335 1199 1393 deterius
1252 1336 1559 1401 asciscere,
1600 1332 1705 1390 hoc
1768 1333 1935 1404 priori

347 1424 607 1488 divinius,
640 1434 712 1490 et,
748 1425 793 1481 si
818 1434 963 1483 recte
998 1425 1298 1496 judicetur,
1322 1424 1608 1481 sublimius
1636 1438 1775 1480 esse.
1799 1424 1934 1480 Nam

346 1526 632 1585 postquam
655 1518 937 1573 terrestris
963 1516 1160 1572 diaboli
1202 1516 1432 1584 invidia,
1456 1525 1509 1572 et
1539 1517 1724 1573 uxoris
1745 1516 1938 1574 fraude

347 1607 627 1665 ccelestem
652 1624 713 1665 se
738 1611 919 1665 vocari
946 1623 1049 1663 non
1068 1609 1389 1675 observans,
1416 1623 1517 1681 pro
1549 1608 1659 1663 vita
1685 1616 1935 1676 mortem,

346 1711 454 1752 non
485 1698 585 1754 sibi
616 1700 797 1767 modo,
824 1700 918 1757 sed
938 1699 1033 1755 toti
1063 1700 1200 1756 adeo
1230 1700 1416 1771 generi
1446 1700 1714 1757 conscivit
1736 1716 1754 1767 ;
1776 1714 1938 1771 opor-

348 1793 493 1847 tebat
520 1807 683 1862 porro
705 1793 985 1849 caelestem
1017 1802 1070 1848 et
1100 1792 1461 1851 immortalem
1484 1793 1675 1861 Deum,
1703 1791 1928 1849 Gabrie-

344 1885 415 1938 lis
456 1898 620 1953 opera
654 1899 719 1940 ex
748 1885 1169 1941 incontaminata
1201 1896 1258 1941 et
1288 1886 1564 1957 impolluta
1600 1885 1800 1942 femina
1833 1901 1928 1940 na-

346 1971 464 2039 sci;
494 1973 950 2042 quemadmodum
1004 1977 1070 2030 de
1123 1976 1242 2030 viro
1307 1976 1425 2032 sine
1476 1976 1703 2030 muliere
1755 1974 1928 2032 edicta

346 2064 543 2120 mulier
571 2074 676 2131 est,
710 2066 789 2121 sic
816 2080 847 2122 ε
878 2067 1105 2123 muliere
1152 2067 1269 2122 sine
1303 2067 1419 2123 viro
1453 2065 1623 2122 Deum
1657 2068 1929 2124 hominem

347 2154 525 2209 virum
554 2156 795 2226 prodire,
830 2165 887 2211 ut
915 2158 1121 2227 peccati
1146 2166 1391 2228 repertor
1424 2157 1843 2228 insuperabilem
1872 2174 1932 2215 se

349 2246 668 2315 arbitratus,
704 2250 859 2305 nobis
908 2264 1003 2321 spe
1050 2249 1297 2305 Numinis
1344 2249 1623 2314 inescatis,
1653 2258 1931 2319 assumpto

348 2340 585 2397 vicissim
618 2356 848 2413 corpore
892 2342 1252 2409 inescaretur,
1289 2357 1400 2413 quo
1430 2341 1621 2409 Deum,
1652 2357 1749 2398 ceu
1782 2342 1926 2396 Ada-

350 2447 525 2500 mum,
558 2433 802 2500 adortus,
834 2434 1182 2490 occumberet
1212 2434 1347 2507 (26).
1382 2434 1568 2505 Itaque
1596 2434 1929 2490 exinanitum

347 2519 555 2577 Numen
604 2535 725 2577 cum
786 2532 1063 2594 assumpto
1112 2538 1341 2594 corpore
1381 2523 1687 2593 capulatum
1739 2532 1843 2588 est,
1878 2531 1929 2577 et

352 2612 570 2668 insolito
619 2622 1042 2683 temperamento
1096 2612 1239 2668 Deus
1275 2622 1334 2668 et
1367 2613 1529 2668 homo
1587 2628 1652 2667 cx
1704 2623 1930 2680 utroque

350 2718 535 2767 unum,
560 2712 615 2759 et
638 2719 734 2773 per
763 2719 925 2759 unum
954 2713 1246 2775 utrumque
1269 2703 1466 2770 factus,
1512 2706 1621 2760 Deo
1652 2720 1775 2759 cum
1807 2719 1931 2760 cor—

350 2810 483 2865 pore
504 2797 767 2867 permisto
817 2805 983 2867 atque
1031 2797 1306 2863 devincto,
1344 2806 1404 2852 ut
1433 2812 1553 2868 quas
1582 2797 1923 2864 dissiderent,

347 2887 629 2958 cujusdam
659 2897 918 2958 tanquam
953 2889 1116 2945 medii
1149 2890 1476 2945 commercio
1498 2890 1553 2944 in
1589 2905 1753 2945 unum
1776 2904 1927 2946 com-

348 2987 592 3050 poneret.

913 3117 1141 3178 CAPUT
1183 3120 1349 3175 XXX.

630 3248 741 3306 Cur
766 3249 1005 3307 Christus
1032 3254 1187 3308 homo
1214 3254 1372 3309 simul
1396 3262 1447 3309 et
1480 3254 1641 3310 Deus.

422 3363 593 3435 Igitur
621 3381 761 3422 unus
793 3383 857 3423 ex
912 3378 1141 3439 utroque
1173 3384 1270 3440 pro
1312 3384 1421 3426 uno
1467 3371 1775 3438 decessore,
1808 3386 1924 3441 seu,

348 3468 411 3514 ut
439 3459 617 3515 verius
651 3460 852 3528 dicam,
885 3476 982 3532 pro
1012 3462 1264 3518 omnibus
1294 3462 1495 3531 factus,
1526 3464 1578 3519 in
1609 3473 1807 3520 terram
1838 3480 1928 3522 ve-

346 3552 452 3619 nit,
486 3552 669 3608 animo
699 3553 959 3624 praeditus
986 3563 1208 3625 propter
1232 3555 1475 3611 animum
1505 3559 1764 3628 praecepti
1792 3572 1929 3615 con-

350 3651 699 3714 temptorem,
731 3659 927 3714 corpus
962 3653 1182 3715 gestans
1235 3652 1456 3716 propter
1505 3659 1703 3717 corpus
1748 3646 1929 3703 delicti

347 3735 755 3800 administrum,
804 3734 1073 3806 simulque
1125 3736 1462 3804 damnatum,
1493 3744 1718 3807 peccato
1769 3737 1929 3794 altior

345 3842 414 3882 ac
435 3827 757 3895 sublimior;
792 3828 990 3894 luteus,
1026 3836 1246 3899 propter
1273 3826 1540 3883 Adamum
1587 3830 1690 3886 sub
1732 3844 1927 3901 pecca-

345 3927 463 3973 tum
488 3918 813 3990 subjectum,
836 3930 1019 3977 vetere
1044 3934 1170 3976 cum
1192 3934 1353 3986 novo,
1380 3919 1433 3975 id
1462 3928 1567 3989 est,
1593 3921 1929 3979 humanitate

346 4026 477 4066 cum
510 4012 792 4067 divinitate
819 4013 1168 4081 conferenda,
1205 4021 1259 4068 et
1286 4012 1379 4084 qui
1431 4027 1625 4083 passus
1664 4023 1832 4082 esset,
1863 4029 1928 4072 eo

347 4116 450 4174 per
477 4105 786 4175 passionem
838 4103 1165 4168 revocando,
1195 4118 1259 4158 ac
1305 4117 1403 4173 pro
1436 4114 1745 4160 nostrorum
1790 4119 1926 4161 uno-

351 4210 571 4267 quoque
620 4195 850 4267 singulis
892 4195 1134 4252 vicissim
1180 4195 1316 4264 ejus,
1354 4197 1444 4266 qui
1475 4210 1575 4266 pro
1607 4196 1762 4252 nobis
1787 4195 1928 4266 obji-

348 4294 585 4353 ceretur,
608 4285 953 4356 prtestandis,
981 4295 1143 4356 atque
1169 4286 1270 4341 hac
1297 4284 1527 4357 benigna
1550 4284 1687 4355 lapsi
1708 4293 1929 4356 propter

347 4380 753 4435 contumaciam
794 4380 1203 4449 procuratione,
1257 4392 1396 4432 novo
1444 4376 1677 4447 quodam
1726 4392 1928 4433 arcano

347 4470 671 4527 exhibendo.
701 4470 839 4527 Hinc
869 4481 1020 4527 ortus
1044 4481 1210 4541 atque
1242 4471 1425 4541 Virgo,
1460 4470 1584 4527 hinc
1606 4484 1846 4541 praesepe
1872 4479 1927 4526 et

347 4562 653 4632 Bethleem,
690 4574 843 4619 ortus
891 4577 990 4633 pro
1033 4563 1327 4627 creatione,
1354 4577 1451 4618 seu
1484 4561 1667 4633 potius
1711 4575 1929 4618 recrea-

352 4655 520 4720 tione,
568 4653 732 4725 Virgo
771 4670 871 4726 pro
915 4656 1163 4721 muliere,
1209 4655 1361 4711 salve
1388 4669 1487 4725 pro
1514 4653 1720 4719 dolore,
1761 4652 1927 4709 Beth-

349 4745 491 4800 leem
521 4762 620 4816 pro
658 4745 849 4812 Edem,
872 4761 1115 4817 praesepe
1148 4760 1247 4817 pro
1275 4746 1545 4816 pomario,
1576 4744 1794 4802 Gabriel
1829 4758 1930 4816 pro

351 4845 640 4905 serpente,
685 4836 850 4891 arbor
890 4850 987 4905 pro
1035 4838 1257 4902 arbore,
1305 4836 1359 4892 in
1421 4850 1641 4893 crucem
1692 4843 1929 4892 extensae

350 4943 547 4984 manus
580 4945 678 4999 pro
709 4929 849 4985 male
877 4936 1195 5000 exporrecta
1223 4944 1409 4994 manu,
1445 4926 1516 4985 fel
1545 4944 1643 5000 pro
1676 4929 1815 4985 dulci
1842 4946 1931 4987 sa-

349 5032 506 5087 pore,
536 5034 736 5075 corona
764 5035 863 5089 pro
892 5019 1213 5088 dejectione,
1247 5020 1433 5076 lateris
1468 5019 1653 5077 lancea
1683 5034 1782 5091 pro
1799 5034 1932 5076 ense

349 5108 617 5177 paradisi,
659 5118 930 5180 unguenta
980 5125 1078 5179 pro
1122 5109 1612 5181 lacrymis,sindon
1657 5125 1755 5181 pro
1787 5110 1933 5166 ficul-

350 5199 475 5254 neis
504 5198 668 5266 foliis,
705 5202 924 5257 nuditas
958 5216 1056 5271 pro
1090 5202 1317 5258 scorteis
1348 5202 1607 5270 vestibus,
1635 5202 1771 5258 clavi
1800 5216 1929 5273 pro-

352 5297 481 5359 pter
510 5289 721 5346 ruinam
752 5300 809 5347 et
833 5291 1094 5359 lamenta,
1132 5292 1335 5348 erectio
1375 5306 1473 5361 pro
1498 5290 1675 5363 lapsu,
1714 5291 1927 5350 arundo

427 5469 475 5502 "
510 5466 671 5524 Joan.
718 5485 774 5534 χ,
813 5468 907 5526 29.
983 5471 1051 5504 ³⁸·
1092 5469 1199 5524 Isa.
1240 5484 1319 5536 ιι,
1359 5469 1415 5524 6.

431 5670 541 5741 (25)
590 5669 844 5726 Nazianz.
890 5669 953 5724 In
1004 5665 1272 5733 Natalem,
1320 5683 1376 5738 p.
1433 5665 1562 5734 251,
1612 5665 1705 5734 20,
1761 5674 1809 5721 et
1864 5663 1925 5722 S.

353 5739 586 5806 Paitclia,
624 5756 677 5811 p.
706 5741 832 5801 254.
860 5741 949 5796 55.

430 5812 541 5884 (26)
576 5806 831 5867 Νζιιιειη.
858 5812 1096 5865 imitatur
1117 5807 1391 5879 Apologet.
1421 5807 1507 5874 l8,
1536 5806 1622 5875 ιι,
1643 5817 1699 5865 et
1724 5806 1930 5879 aliquot

635 5907 906 5970 PATROL.
940 5907 1059 5972 Gn.
1098 5905 1426 5970 CXXXIII.

2031 594 2265 649 tenebrae
2288 608 2384 663 pro
2410 593 2546 660 luce,
2574 595 2845 664 sepultura
2877 610 2975 665 pro
3001 595 3056 651 in
3080 608 3284 652 terram
3320 599 3605 659 reditione.

2028 698 2092 740 ac
2120 685 2333 739 demum
2383 688 2710 742 resurrectio
2753 701 2850 757 pro
2894 686 3031 756 lapsi
3064 693 3480 746 resurrectione.
3512 692 3612 745 At-

2030 790 2136 845 que
2168 774 2284 832 hrec
2312 776 2495 831 omnia
2530 775 2673 832 Deus
2701 778 2856 833 nobis
2884 779 3160 846 curandis,
3188 781 3255 834 ad
3302 789 3610 852 nostraeque

2032 866 2418 924 imbecillitatis
2471 869 2733 924 medelam
2780 871 3148 939 comparavit,
3207 886 3315 942 quo
3368 883 3607 930 veterem

2030 957 2321 1025 Adarnum,
2349 961 2487 1015 unde
2518 960 2813 1025 exciderat,
2841 963 3223 1031 reduceret,ac
3248 963 3395 1019 vitali
3427 965 3611 1022 arbori

2032 1048 2345 1104 admoveret
2370 1048 2505 1119 (27),
2529 1063 2690 1120 quem
2724 1050 2929 1105 notitia:
2952 1052 3113 1105 arbor
3153 1053 3354 1124 inepte,
3382 1069 3480 1111 nec
3511 1070 3613 1112 suo

2037 1148 2284 1213 tempore
2307 1154 2589 1216 percepta,
2613 1146 2868 1215 paradiso
2891 1157 3166 1217 exegerat.

2105 1260 2229 1312 Jun.
2255 1256 2409 1325 Quod
2440 1257 2485 1314 si
2509 1259 2577 1315 ad
2596 1256 2869 1315 diabolum
2894 1272 3053 1316 suum
3084 1260 3449 1331 dejiciendum
3470 1264 3617 1323 Deus

2037 1346 2199 1403 homo
2226 1349 2401 1405 factus
2433 1359 2536 1418 est,
2573 1365 2654 1407 nae
2698 1351 2751 1406 id
2792 1352 2970 1421 potius
3006 1352 3059 1407 in
3096 1351 3340 1410 fraudem
3367 1355 3615 1414 Numinis

2038 1440 2133 1496 sit.
2167 1439 2300 1496 Nam
2337 1442 2385 1497 si
2427 1441 2588 1498 homo
2613 1443 2790 1500 factus
2817 1444 3110 1515 malignum
3139 1447 3434 1504 daamonem
3462 1449 3616 1517 vicit,

2038 1532 2208 1588 multo
2238 1534 2413 1605 magis
2461 1542 2520 1589 ut
2569 1535 2712 1591 Deus
2748 1542 2803 1590 et
2849 1536 3068 1594 vincere
3106 1547 3324 1609 poterat
3355 1548 3410 1596 et
3445 1540 3617 1598 exitio

2040 1624 2169 1679 dare
2202 1642 2215 1679 :
2252 1640 2414 1682 nemo
2467 1635 2551 1683 est
2594 1628 2742 1684 enim
2774 1626 2887 1685 Deo
2929 1629 3144 1686 fortior.
3192 1629 3380 1703 Itaque
3417 1633 3617 1691 clamat

2039 1712 2207 1771 Isaias
2240 1733 2254 1770 :
2292 1735 2311 1769 ι
2354 1715 2497 1773 Deus
2525 1716 2683 1773 fortis
2714 1718 3087 1792 (praapotens),
3119 1717 3283 1778 Pater
3314 1722 3483 1781 futuri
3510 1739 3615 1782 saa-

2041 1806 2166 1873 culi,
2203 1804 2460 1876 Princeps
2487 1807 2650 1865 futuri
2682 1810 2863 1866 saeculi
2897 1812 2989 1867 “2
3021 1829 3042 1864 ι

2105 1925 2331 1982 CHRIST.
2364 1926 2534 1982 Recte
2563 1926 2715 1983 Isaiae
2743 1929 2907 1984 verba
2942 1930 2994 1985 in
3021 1932 3259 1990 medium
3288 1938 3610 2006 protulistis.

2037 2016 2143 2073 Sed
2178 2035 2285 2073 non
2317 2029 2427 2075 tam
2461 2018 2557 2075 Dei
2604 2023 2856 2089 potentiae
2887 2021 3181 2093 gloriosum
3207 2036 3316 2094 est,
3350 2030 3611 2086 adversa-

2036 2111 2175 2165 rium
2211 2111 2428 2178 vicisse,
2464 2127 2563 2167 nec
2585 2113 2815 2167 daemoni
2842 2114 3173 2183 pudendum,
3204 2132 3235 2172 a
3267 2118 3375 2174 Deo
3404 2119 3608 2176 victum

2033 2219 2173 2272 esse,
2210 2220 2372 2277 quam
2413 2205 2624 2277 insigne
2657 2206 2752 2263 Dei
2794 2210 3073 2279 potentia),
3117 2220 3171 2266 et
3195 2212 3429 2285 maligno
3460 2228 3612 2270 sum-

2035 2313 2180 2351 mum
2212 2298 2449 2355 dedecus
2483 2308 2589 2364 est,
2639 2314 2736 2370 per
2768 2314 2989 2357 carnem
3017 2303 3218 2358 victum
3251 2318 3394 2372 esse,
3431 2321 3494 2362 ac
3526 2306 3610 2362 lu-

2035 2396 2200 2453 leum,
2251 2387 2533 2444 caelestem
2588 2388 2826 2457 factum;
2878 2398 2936 2448 et
2979 2406 3140 2462 quem
3185 2394 3482 2453 divinitatis
3512 2411 3610 2469 spe

2033 2478 2497 2549 supplantaverat,
2554 2494 2620 2535 eo
2667 2496 2766 2550 per
2803 2481 3201 2539 humanitatem
3248 2484 3499 2543 deificato
3529 2487 3610 2544 vi-

2033 2574 2220 2629 cissim
2255 2574 2532 2630 cernendo
2554 2575 2914 2645 supplantari.
2946 2573 3080 2631 Nam
3106 2585 3167 2633 ut
3192 2579 3523 2648 sanguinarii
3552 2587 3609 2636 et

2033 2665 2266 2734 improbi
2315 2664 2567 2720 homines
2620 2666 2950 2721 mundanum
2996 2667 3098 2721 hoc
3144 2682 3366 2737 regnum
3403 2669 3610 2739 perfide

2033 2756 2387 2829 refugientes,
2411 2767 2575 2828 atque
2611 2758 2663 2813 in
2695 2758 2973 2814 montibus
3019 2769 3075 2815 et
3117 2761 3341 2832 rupibus
3371 2761 3607 2819 inediam

2034 2847 2355 2914 tolerantes,
2407 2848 2555 2904 haud
2603 2863 2737 2905 sane
2772 2865 2952 2920 regem
2994 2849 3305 2919 latuerunt;
3351 2854 3481 2923 quin
3522 2854 3613 2911 ille

2032 2940 2224 3006 misso,
2252 2954 2415 3010 quem
2450 2940 2682 2996 habebat
2712 2942 3209 3013 unigenitum,cum
3233 2942 3608 3017 jurejurando,

2030 3038 2083 3087 ct
2113 3031 2429 3089 liberalibus
2459 3034 2770 3104 promissis,
2801 3035 2869 3089 ad
2912 3034 3121 3106 frugem
3150 3038 3425 3095 redituros
3450 3055 3611 3097 revo-

2032 3134 2121 3179 cat
2151 3122 2267 3195 (28)
2293 3141 2309 3193 ;
2336 3124 2535 3196 quibus
2560 3140 2665 3180 non
2696 3125 2870 3182 solum
2905 3129 3070 3183 verba
3099 3129 3233 3199 regii
3267 3128 3361 3184 nlii
3385 3146 3492 3201 non
3523 3147 3611 3190 re-

1953 3205 1997 3266 C
2033 3216 2243 3282 veritis,
2278 3215 2375 3272 sed
2397 3231 2521 3272 eum
2543 3231 2763 3288 quoque
2794 3217 3036 3274 cruentis
3064 3220 3315 3277 manibus
3339 3222 3611 3281 trucidare

2030 3307 2327 3378 aggressis,
2380 3323 2475 3365 rex
2514 3308 2690 3365 factus
2739 3309 2962 3378 certior,
3013 3318 3066 3367 et
3098 3313 3177 3366 ira
3208 3312 3486 3381 incensus,
3512 3329 3609 3372 eos

2030 3400 2436 3457 excusationem
2483 3401 2684 3457 nullam
2720 3401 2923 3458 habere
2952 3402 3224 3473 cogitans,
3270 3403 3452 3460 missis
3492 3405 3608 3464 suis

2029 3491 2205 3563 copiis
2235 3492 2454 3548 delevit.
2483 3492 2674 3548 Itidem
2720 3506 2853 3550 sane
2881 3503 2937 3548 et
2960 3492 3102 3550 Deus
3138 3503 3193 3550 ct
3218 3493 3381 3552 Pater
3412 3495 3609 3554 Serva-

2031 3585 2168 3642 toris
2204 3585 2309 3641 mei
2351 3585 2581 3650 Christi,
2630 3584 2819 3641 volens
2850 3583 3051 3642 Iudaeis
3095 3585 3409 3643 vaticidium
3448 3602 3609 3647 omne

2030 3693 2095 3733 ac
2131 3677 2385 3735 delictum
2418 3677 2716 3734 clementer
2765 3678 3097 3747 condonare,
3127 3679 3417 3752 unigenam
3449 3697 3608 3739 suum

2028 3769 2251 3836 Filium,
2276 3770 2360 3827 sui
2392 3777 2559 3842 atque
2597 3769 2815 3826 illorum
2847 3779 3187 3842 sequestrum
3224 3772 3460 3831 demisit.
3485 3773 3604 3843 Quo

2028 3862 2402 3920 beneficentia:
2441 3876 2554 3917 sua:
2595 3862 2776 3918 studio
2808 3876 2915 3917 non
2965 3862 3141 3918 solum
3172 3863 3479 3932 repudiato,
3510 3866 3607 3921 sed

2030 3951 2123 4009 illo
2146 3966 2363 4024 quoque
2385 3950 2554 4021 impie
2583 3950 2636 4006 in
2669 3965 2888 4006 crucem
2921 3960 3062 4016 acto,
3095 3951 3273 4007 missis
3297 3953 3609 4011 ctelestibus

2028 4044 2238 4114 copiis,
2293 4042 2444 4098 velut
2492 4041 2639 4097 omni
2692 4040 3007 4099 defensione
3057 4051 3349 4111 carentes,
3403 4052 3607 4100 aeterno

2028 4135 2177 4206 igne,
2214 4131 2450 4198 diabolo,
2484 4130 2712 4203 ejusque
2746 4133 2953 4203 angelis
2983 4140 3197 4204 parato,
3231 4147 3423 4190 severe
3451 4135 3608 4191 dam-

2026 4227 2195 4282 navit.

2100 4339 2281 4407 Quare
2322 4352 2419 4395 vos
2477 4336 2733 4408 accipite,
2781 4337 3034 4406 obsecro,
3076 4337 3216 4409 frugi
3264 4341 3549 4397 consilium
3584 4358 3603 4401 :

2030 4445 2155 4485 nam
2191 4430 2516 4500 resipiscere
2564 4429 2790 4499 potestis
2833 4428 3012 4485 adhuc
3056 4432 3398 4500 superstites,
3443 4441 3608 4503 atque

1956 4555 2004 4616 Β
2032 4519 2089 4575 in
2126 4520 2328 4575 mundo
2372 4521 2650 4589 degentes,
2701 4516 2871 4587 fugite
2914 4517 3119 4573 erroris
3151 4518 3423 4586 tenebras,
3454 4528 3509 4574 et
3538 4521 3609 4576 ad

2038 4610 2283 4667 veritatis
2322 4610 2499 4666 lucem
2547 4609 2858 4675 convenite,
2908 4622 3238 4680 operamque
3280 4609 3429 4673 date,
3476 4617 3537 4665 ut
3573 4626 3605 4665 a

2032 4701 2291 4759 deteriori
2350 4709 2498 4758 statu
2554 4715 2619 4757 ac
2665 4701 2796 4756 laeva
2841 4701 3121 4756 haedorum
3162 4717 3322 4756 manu
3365 4701 3432 4757 ad
3480 4700 3609 4757 Ser-

2031 4795 2235 4851 vatoris
2288 4792 2393 4849 mei
2447 4795 2693 4850 dextram
2748 4807 2873 4849 cum
2931 4791 3124 4849 ovibus
3178 4792 3394 4849 astituri
3426 4801 3607 4850 trans-

2031 4887 2192 4944 eatis.

2104 5019 2230 5078 Jun.
2260 5019 2553 5077 Enimvero
2579 5028 2634 5076 et
2664 5032 2762 5075 nos
2782 5018 3100 5090 prophetam
3126 5031 3403 5088 magnum,
3426 5014 3607 5072 cllica~

2032 5126 2175 5178 cem,
2206 5126 2237 5166 a
2279 5111 2392 5167 Deo
2416 5115 2636 5166 unctum
2679 5118 3018 5180 exspectare,
3062 5107 3116 5163 id
3148 5122 3337 5163 verum
3363 5115 3478 5175 est;
3511 5108 3604 5161 Dei

2032 5201 2232 5258 Filium
2283 5214 2386 5258 nec
2434 5199 2648 5256 ctelitus
2696 5199 3032 5271 degressum,
3092 5211 3123 5252 a
3180 5196 3463 5277 prophetis_
3504 5210 3603 5251 au-

2037 5291 2259 5359 diimus,
2295 5304 2397 5348 nec
2425 5290 2481 5348 in
2511 5289 2710 5348 celum
2742 5304 2960 5347 rursum
2991 5287 3327 5346 ascendisse.
3495 5281 3506 5287 ’

2034 5664 2407 5749 sequentibus.
2543 5736 2556 5748 _
2713 5736 2725 5750 _
2876 5738 2888 5751 ⁹

2108 5736 2223 5806 (27)
2251 5736 2507 5791 Nazianz.
2537 5753 2592 5792 m
2624 5734 2998 5806 Epiphaniam.

2131 5737 2223 5805 27)
2251 5737 2507 5791 Nazianz.
2537 5737 2592 5792 in
2624 5737 2998 5806 Epiphaniam.

2108 5737 2226 5880 £28)
2259 5807 2458 5865 Alludit
2486 5807 2552 5864 ad
2586 5808 2897 5878 parabolam
2927 5808 3117 5868 Matth.
3148 5825 3266 5875 χιι.
3293 5811 3387 5868 35.

3173 5902 3246 5967 27
