  <div class='ocr_page' id='page_1' title='image "/cluster/home/n/w/nwhite01/storage/ocr_20150623/133/coo.31924054870385/429.png"; bbox 0 0 4044 6412; ppageno 0'>
   <div class='ocr_carea' id='block_1_1' title="bbox 458 378 594 443">
    <p class='ocr_par' dir='ltr' id='par_1_1' title="bbox 458 378 594 443">
     <span class='ocr_line' id='line_1_1' title="bbox 458 378 594 443; baseline 0.022 -3"><span class='ocrx_word' id='word_1_1' title='bbox 458 378 463 383; x_wconf 85' lang='grc'><em>’</em></span> <span class='ocrx_word' id='word_1_2' title='bbox 488 378 594 443; x_wconf 69' lang='lat'><strong>843</strong></span> 
     </span>
    </p>
   </div>
   <div class='ocr_carea' id='block_1_2' title="bbox 1713 381 2516 445">
    <p class='ocr_par' dir='ltr' id='par_1_2' title="bbox 1713 381 2516 445">
     <span class='ocr_line' id='line_1_2' title="bbox 1713 381 2516 445; baseline 0.006 -5"><span class='ocrx_word' id='word_1_3' title='bbox 1713 382 2024 443; x_wconf 75' lang='lat' dir='ltr'><strong>ANDIiON</strong></span> <span class='ocrx_word' id='word_1_4' title='bbox 2039 381 2138 441; x_wconf 86' lang='lat' dir='ltr'><strong>ICI</strong></span> <span class='ocrx_word' id='word_1_5' title='bbox 2171 384 2516 445; x_wconf 83' lang='lat' dir='ltr'><strong>COMNENI</strong></span> 
     </span>
    </p>
   </div>
   <div class='ocr_carea' id='block_1_3' title="bbox 3644 389 3749 457">
    <p class='ocr_par' dir='ltr' id='par_1_3' title="bbox 3644 389 3749 457">
     <span class='ocr_line' id='line_1_3' title="bbox 3644 389 3749 457; baseline 0.019 -3"><span class='ocrx_word' id='word_1_6' title='bbox 3644 389 3749 457; x_wconf 70' lang='lat'><strong>8&#39;14</strong></span> 
     </span>
    </p>
   </div>
   <div class='ocr_carea' id='block_1_4' title="bbox 554 490 3750 593">
    <p class='ocr_par' dir='ltr' id='par_1_4' title="bbox 554 490 3750 593">
     <span class='ocr_line' id='line_1_4' title="bbox 554 490 3750 593; baseline 0.004 -46"><span class='ocrx_word' id='word_1_7' title='bbox 554 491 779 547; x_wconf 73' lang='lat' dir='ltr'><strong>Cuntsr.</strong></span> <span class='ocrx_word' id='word_1_8' title='bbox 817 492 1003 558; x_wconf 82' lang='lat' dir='ltr'><strong>Itaque</strong></span> <span class='ocrx_word' id='word_1_9' title='bbox 1036 505 1218 559; x_wconf 88' lang='lat' dir='ltr'><strong>porro,</strong></span> <span class='ocrx_word' id='word_1_10' title='bbox 1255 499 1312 544; x_wconf 92' lang='lat' dir='ltr'><strong>ut</strong></span> <span class='ocrx_word' id='word_1_11' title='bbox 1345 490 1575 558; x_wconf 85' lang='lat' dir='ltr'><strong>videtur,</strong></span> <span class='ocrx_word' id='word_1_12' title='bbox 1609 494 1899 563; x_wconf 77' lang='lat' dir='ltr'><strong>prophetas</strong></span> <span class='ocrx_word' id='word_1_13' title='bbox 1935 494 2067 547; x_wconf 82' lang='lat' dir='ltr'><strong>dici-</strong></span> <span class='ocrx_word' id='word_1_14' title='bbox 2096 532 2141 593; x_wconf 64' lang='grc' dir='ltr'><strong>Α</strong></span> <span class='ocrx_word' id='word_1_15' title='bbox 2172 496 2446 559; x_wconf 90' lang='lat' dir='ltr'><strong>abstersit,</strong></span> <span class='ocrx_word' id='word_1_16' title='bbox 2483 497 2766 553; x_wconf 88' lang='lat' dir='ltr'><strong>manifeste</strong></span> <span class='ocrx_word' id='word_1_17' title='bbox 2819 500 3156 571; x_wconf 71' lang='lat' dir='ltr'><strong>unigenitum</strong></span> <span class='ocrx_word' id='word_1_18' title='bbox 3191 502 3283 557; x_wconf 89' lang='lat' dir='ltr'><strong>Dei</strong></span> <span class='ocrx_word' id='word_1_19' title='bbox 3318 501 3513 558; x_wconf 86' lang='lat' dir='ltr'><strong>Filiqu</strong></span> <span class='ocrx_word' id='word_1_20' title='bbox 3546 505 3750 560; x_wconf 85' lang='lat' dir='ltr'><strong>incom-</strong></span> 
     </span>
    </p>
   </div>
   <div class='ocr_carea' id='block_1_5' title="bbox 434 570 2059 652">
    <p class='ocr_par' dir='ltr' id='par_1_5' title="bbox 434 570 2059 652">
     <span class='ocr_line' id='line_1_5' title="bbox 434 570 2059 652; baseline 0.002 -16"><span class='ocrx_word' id='word_1_21' title='bbox 434 570 435 577; x_wconf 39' lang='grc'><em>“</em></span> <span class='ocrx_word' id='word_1_22' title='bbox 486 584 575 650; x_wconf 83' lang='lat' dir='ltr'><strong>tis,</strong></span> <span class='ocrx_word' id='word_1_23' title='bbox 609 599 716 637; x_wconf 90' lang='lat' dir='ltr'><strong>nou</strong></span> <span class='ocrx_word' id='word_1_24' title='bbox 746 584 807 637; x_wconf 90' lang='lat' dir='ltr'><strong>de</strong></span> <span class='ocrx_word' id='word_1_25' title='bbox 837 582 945 637; x_wconf 86' lang='lat' dir='ltr'><strong>Deo</strong></span> <span class='ocrx_word' id='word_1_26' title='bbox 970 583 1285 652; x_wconf 75' lang='lat' dir='ltr'><strong>prophetiae</strong></span> <span class='ocrx_word' id='word_1_27' title='bbox 1308 583 1565 649; x_wconf 83' lang='lat' dir='ltr'><strong>edidisse,</strong></span> <span class='ocrx_word' id='word_1_28' title='bbox 1598 585 1692 638; x_wconf 88' lang='lat' dir='ltr'><strong>sed</strong></span> <span class='ocrx_word' id='word_1_29' title='bbox 1725 586 1789 637; x_wconf 88' lang='lat' dir='ltr'><strong>de</strong></span> <span class='ocrx_word' id='word_1_30' title='bbox 1838 584 2059 639; x_wconf 77' lang='lat' dir='ltr'><strong>homine</strong></span> 
     </span>
    </p>
   </div>
   <div class='ocr_carea' id='block_1_6' title="bbox 484 675 673 731">
    <p class='ocr_par' dir='ltr' id='par_1_6' title="bbox 484 675 673 731">
     <span class='ocr_line' id='line_1_6' title="bbox 484 675 673 731; baseline -0.005 -1"><span class='ocrx_word' id='word_1_31' title='bbox 484 690 635 731; x_wconf 86' lang='lat' dir='ltr'><strong>mero</strong></span> <span class='ocrx_word' id='word_1_32' title='bbox 651 675 673 729; x_wconf 86' lang='lat'><strong>?</strong></span> 
     </span>
    </p>
   </div>
   <div class='ocr_carea' id='block_1_7' title="bbox 553 765 940 822">
    <p class='ocr_par' dir='ltr' id='par_1_7' title="bbox 553 765 940 822">
     <span class='ocr_line' id='line_1_7' title="bbox 553 765 940 822; baseline -0.008 0"><span class='ocrx_word' id='word_1_33' title='bbox 553 765 676 822; x_wconf 78' lang='lat' dir='ltr'><strong>Jun.</strong></span> <span class='ocrx_word' id='word_1_34' title='bbox 718 766 791 820; x_wconf 92' lang='lat' dir='ltr'><strong>Ita</strong></span> <span class='ocrx_word' id='word_1_35' title='bbox 834 775 940 821; x_wconf 85' lang='lat' dir='ltr'><strong>est.</strong></span> 
     </span>
    </p>
   </div>
   <div class='ocr_carea' id='block_1_8' title="bbox 551 859 2061 931">
    <p class='ocr_par' dir='ltr' id='par_1_8' title="bbox 551 859 2061 931">
     <span class='ocr_line' id='line_1_8' title="bbox 551 859 2061 931; baseline 0.001 -16"><span class='ocrx_word' id='word_1_36' title='bbox 551 859 778 915; x_wconf 74' lang='grc' dir='ltr'><strong>ϐιιιιιςτ.</strong></span> <span class='ocrx_word' id='word_1_37' title='bbox 832 859 877 913; x_wconf 93' lang='lat' dir='ltr'><strong>O</strong></span> <span class='ocrx_word' id='word_1_38' title='bbox 926 859 1332 931; x_wconf 68' lang='lat' dir='ltr'><strong>stupiditateml</strong></span> <span class='ocrx_word' id='word_1_39' title='bbox 1379 860 1441 914; x_wconf 84' lang='lat' dir='ltr'><strong>Et</strong></span> <span class='ocrx_word' id='word_1_40' title='bbox 1476 862 1595 930; x_wconf 86' lang='lat' dir='ltr'><strong>quis</strong></span> <span class='ocrx_word' id='word_1_41' title='bbox 1636 878 1763 918; x_wconf 89' lang='lat' dir='ltr'><strong>vero</strong></span> <span class='ocrx_word' id='word_1_42' title='bbox 1808 878 1871 917; x_wconf 77' lang='lat' dir='ltr'><strong>cx</strong></span> <span class='ocrx_word' id='word_1_43' title='bbox 1919 862 2061 916; x_wconf 90' lang='lat' dir='ltr'><strong>omni</strong></span> 
     </span>
    </p>
   </div>
   <div class='ocr_carea' id='block_1_9' title="bbox 486 950 2061 1022">
    <p class='ocr_par' dir='ltr' id='par_1_9' title="bbox 486 950 2061 1022">
     <span class='ocr_line' id='line_1_9' title="bbox 486 950 2061 1022; baseline 0.001 -18"><span class='ocrx_word' id='word_1_44' title='bbox 486 950 765 1015; x_wconf 86' lang='lat' dir='ltr'><strong>memoria,</strong></span> <span class='ocrx_word' id='word_1_45' title='bbox 798 965 980 1018; x_wconf 84' lang='lat' dir='ltr'><strong>regum</strong></span> <span class='ocrx_word' id='word_1_46' title='bbox 1008 953 1180 1003; x_wconf 84' lang='lat' dir='ltr'><strong>servis</strong></span> <span class='ocrx_word' id='word_1_47' title='bbox 1214 967 1504 1007; x_wconf 73' lang='lat' dir='ltr'><strong>conservos</strong></span> <span class='ocrx_word' id='word_1_48' title='bbox 1533 954 1832 1022; x_wconf 68' lang='lat' dir='ltr'><strong>praemittit,</strong></span> <span class='ocrx_word' id='word_1_49' title='bbox 1869 968 1929 1008; x_wconf 90' lang='lat' dir='ltr'><strong>ac</strong></span> <span class='ocrx_word' id='word_1_50' title='bbox 1956 968 2061 1007; x_wconf 91' lang='lat' dir='ltr'><strong>non</strong></span> 
     </span>
    </p>
   </div>
   <div class='ocr_carea' id='block_1_10' title="bbox 483 1043 2063 1113">
    <p class='ocr_par' dir='ltr' id='par_1_10' title="bbox 483 1043 2063 1113">
     <span class='ocr_line' id='line_1_10' title="bbox 483 1043 2063 1113; baseline 0.001 -16"><span class='ocrx_word' id='word_1_51' title='bbox 483 1044 668 1113; x_wconf 87' lang='lat' dir='ltr'><strong>potius</strong></span> <span class='ocrx_word' id='word_1_52' title='bbox 707 1043 798 1095; x_wconf 91' lang='lat' dir='ltr'><strong>lilii</strong></span> <span class='ocrx_word' id='word_1_53' title='bbox 828 1044 1094 1096; x_wconf 84' lang='lat' dir='ltr'><strong>adventus</strong></span> <span class='ocrx_word' id='word_1_54' title='bbox 1132 1044 1390 1111; x_wconf 70' lang='lat' dir='ltr'><strong>prtevios,</strong></span> <span class='ocrx_word' id='word_1_55' title='bbox 1425 1052 1477 1098; x_wconf 90' lang='lat' dir='ltr'><strong>et</strong></span> <span class='ocrx_word' id='word_1_56' title='bbox 1507 1046 1823 1113; x_wconf 57' lang='lat' dir='ltr'><strong>pra‘coues?</strong></span> <span class='ocrx_word' id='word_1_57' title='bbox 1854 1044 1957 1099; x_wconf 89' lang='lat' dir='ltr'><strong>Sed</strong></span> <span class='ocrx_word' id='word_1_58' title='bbox 1985 1055 2063 1099; x_wconf 89' lang='lat' dir='ltr'><strong>ta-</strong></span> 
     </span>
    </p>
   </div>
   <div class='ocr_carea' id='block_1_11' title="bbox 485 1134 2062 1206">
    <p class='ocr_par' dir='ltr' id='par_1_11' title="bbox 485 1134 2062 1206">
     <span class='ocr_line' id='line_1_11' title="bbox 485 1134 2062 1206; baseline 0.003 -18"><span class='ocrx_word' id='word_1_59' title='bbox 485 1150 608 1188; x_wconf 88' lang='lat' dir='ltr'><strong>men</strong></span> <span class='ocrx_word' id='word_1_60' title='bbox 643 1134 939 1203; x_wconf 72' lang='lat' dir='ltr'><strong>prophetas</strong></span> <span class='ocrx_word' id='word_1_61' title='bbox 977 1148 1119 1187; x_wconf 90' lang='lat' dir='ltr'><strong>nunc</strong></span> <span class='ocrx_word' id='word_1_62' title='bbox 1161 1149 1377 1204; x_wconf 89' lang='lat' dir='ltr'><strong>quoque</strong></span> <span class='ocrx_word' id='word_1_63' title='bbox 1410 1140 1741 1203; x_wconf 78' lang='lat' dir='ltr'><strong>erolvamus,</strong></span> <span class='ocrx_word' id='word_1_64' title='bbox 1776 1148 1935 1206; x_wconf 82' lang='lat' dir='ltr'><strong>atque</strong></span> <span class='ocrx_word' id='word_1_65' title='bbox 1964 1138 2062 1192; x_wconf 87' lang='lat' dir='ltr'><strong>ite-</strong></span> 
     </span>
    </p>
   </div>
   <div class='ocr_carea' id='block_1_12' title="bbox 483 1225 1209 1280">
    <p class='ocr_par' dir='ltr' id='par_1_12' title="bbox 483 1225 1209 1280">
     <span class='ocr_line' id='line_1_12' title="bbox 483 1225 1209 1280; baseline -0.001 -1"><span class='ocrx_word' id='word_1_66' title='bbox 483 1240 602 1280; x_wconf 87' lang='lat' dir='ltr'><strong>rum</strong></span> <span class='ocrx_word' id='word_1_67' title='bbox 625 1239 726 1280; x_wconf 89' lang='lat' dir='ltr'><strong>vos</strong></span> <span class='ocrx_word' id='word_1_68' title='bbox 751 1225 949 1280; x_wconf 84' lang='lat' dir='ltr'><strong>veritas</strong></span> <span class='ocrx_word' id='word_1_69' title='bbox 973 1225 1209 1280; x_wconf 88' lang='lat' dir='ltr'><strong>docebit.</strong></span> 
     </span>
    </p>
   </div>
   <div class='ocr_carea' id='block_1_13' title="bbox 1038 1335 1501 1394">
    <p class='ocr_par' dir='ltr' id='par_1_13' title="bbox 1038 1335 1501 1394">
     <span class='ocr_line' id='line_1_13' title="bbox 1038 1335 1501 1394; baseline 0.004 -2"><span class='ocrx_word' id='word_1_70' title='bbox 1038 1335 1269 1393; x_wconf 85' lang='lat' dir='ltr'><strong>CAPUT</strong></span> <span class='ocrx_word' id='word_1_71' title='bbox 1309 1337 1501 1394; x_wconf 75' lang='lat' dir='ltr'><strong>XXXI.</strong></span> 
     </span>
    </p>
   </div>
   <div class='ocr_carea' id='block_1_14' title="bbox 685 1452 1857 1526">
    <p class='ocr_par' dir='ltr' id='par_1_14' title="bbox 685 1452 1857 1526">
     <span class='ocr_line' id='line_1_14' title="bbox 685 1452 1857 1526; baseline 0.004 -18"><span class='ocrx_word' id='word_1_72' title='bbox 685 1453 795 1508; x_wconf 82' lang='lat' dir='ltr'><strong>Cur</strong></span> <span class='ocrx_word' id='word_1_73' title='bbox 829 1452 1068 1509; x_wconf 76' lang='lat' dir='ltr'><strong>Christus</strong></span> <span class='ocrx_word' id='word_1_74' title='bbox 1099 1470 1164 1508; x_wconf 77' lang='lat' dir='ltr'><strong>ea:</strong></span> <span class='ocrx_word' id='word_1_75' title='bbox 1195 1453 1406 1526; x_wconf 78' lang='lat' dir='ltr'><strong>Virgine</strong></span> <span class='ocrx_word' id='word_1_76' title='bbox 1435 1458 1582 1511; x_wconf 77' lang='lat' dir='ltr'><strong>nasci</strong></span> <span class='ocrx_word' id='word_1_77' title='bbox 1613 1457 1857 1513; x_wconf 80' lang='lat' dir='ltr'><strong>voluerit.</strong></span> 
     </span>
    </p>
   </div>
   <div class='ocr_carea' id='block_1_15' title="bbox 550 1564 2059 1645">
    <p class='ocr_par' dir='ltr' id='par_1_15' title="bbox 550 1564 2059 1645">
     <span class='ocr_line' id='line_1_15' title="bbox 550 1564 2059 1645; baseline 0.005 -24"><span class='ocrx_word' id='word_1_78' title='bbox 550 1564 672 1621; x_wconf 80' lang='lat' dir='ltr'><strong>Jun.</strong></span> <span class='ocrx_word' id='word_1_79' title='bbox 705 1566 1155 1636; x_wconf 83' lang='lat' dir='ltr'><strong>Quandoquidem</strong></span> <span class='ocrx_word' id='word_1_80' title='bbox 1192 1568 1349 1625; x_wconf 88' lang='lat' dir='ltr'><strong>nobis</strong></span> <span class='ocrx_word' id='word_1_81' title='bbox 1392 1579 1572 1624; x_wconf 89' lang='lat' dir='ltr'><strong>ortum</strong></span> <span class='ocrx_word' id='word_1_82' title='bbox 1619 1572 1740 1627; x_wconf 87' lang='lat' dir='ltr'><strong>sine</strong></span> <span class='ocrx_word' id='word_1_83' title='bbox 1792 1580 2059 1645; x_wconf 89' lang='lat' dir='ltr'><strong>tempore,</strong></span> 
     </span>
    </p>
   </div>
   <div class='ocr_carea' id='block_1_16' title="bbox 481 1658 2061 1732">
    <p class='ocr_par' dir='ltr' id='par_1_16' title="bbox 481 1658 2061 1732">
     <span class='ocr_line' id='line_1_16' title="bbox 481 1658 2061 1732; baseline 0.003 -17"><span class='ocrx_word' id='word_1_84' title='bbox 481 1673 578 1715; x_wconf 85' lang='lat' dir='ltr'><strong>seu</strong></span> <span class='ocrx_word' id='word_1_85' title='bbox 638 1658 819 1713; x_wconf 85' lang='lat' dir='ltr'><strong>verius</strong></span> <span class='ocrx_word' id='word_1_86' title='bbox 874 1672 1038 1727; x_wconf 82' lang='lat' dir='ltr'><strong>supra</strong></span> <span class='ocrx_word' id='word_1_87' title='bbox 1098 1667 1331 1726; x_wconf 85' lang='lat' dir='ltr'><strong>tempus,</strong></span> <span class='ocrx_word' id='word_1_88' title='bbox 1390 1661 1603 1715; x_wconf 77' lang='lat' dir='ltr'><strong>erudite</strong></span> <span class='ocrx_word' id='word_1_89' title='bbox 1658 1665 2061 1732; x_wconf 89' lang='lat' dir='ltr'><strong>comprobasti;</strong></span> 
     </span>
    </p>
   </div>
   <div class='ocr_carea' id='block_1_17' title="bbox 479 1749 2060 1827">
    <p class='ocr_par' dir='ltr' id='par_1_17' title="bbox 479 1749 2060 1827">
     <span class='ocr_line' id='line_1_17' title="bbox 479 1749 2060 1827; baseline 0.006 -24"><span class='ocrx_word' id='word_1_90' title='bbox 479 1765 598 1820; x_wconf 88' lang='lat' dir='ltr'><strong>age,</strong></span> <span class='ocrx_word' id='word_1_91' title='bbox 654 1749 959 1803; x_wconf 85' lang='lat' dir='ltr'><strong>amabimus</strong></span> <span class='ocrx_word' id='word_1_92' title='bbox 1016 1759 1088 1813; x_wconf 90' lang='lat' dir='ltr'><strong>te,</strong></span> <span class='ocrx_word' id='word_1_93' title='bbox 1138 1758 1194 1804; x_wconf 92' lang='lat' dir='ltr'><strong>et</strong></span> <span class='ocrx_word' id='word_1_94' title='bbox 1241 1750 1335 1804; x_wconf 88' lang='lat' dir='ltr'><strong>Dei</strong></span> <span class='ocrx_word' id='word_1_95' title='bbox 1389 1753 1605 1807; x_wconf 66' lang='lat' dir='ltr'><strong>caelitus</strong></span> <span class='ocrx_word' id='word_1_96' title='bbox 1658 1755 1725 1807; x_wconf 90' lang='lat' dir='ltr'><strong>ad</strong></span> <span class='ocrx_word' id='word_1_97' title='bbox 1788 1756 2060 1827; x_wconf 78' lang='lat' dir='ltr'><strong>Virginem</strong></span> 
     </span>
    </p>
   </div>
   <div class='ocr_carea' id='block_1_18' title="bbox 478 1841 2061 1919">
    <p class='ocr_par' dir='ltr' id='par_1_18' title="bbox 478 1841 2061 1919">
     <span class='ocr_line' id='line_1_18' title="bbox 478 1841 2061 1919; baseline 0.006 -23"><span class='ocrx_word' id='word_1_98' title='bbox 478 1843 794 1897; x_wconf 87' lang='lat' dir='ltr'><strong>descensum</strong></span> <span class='ocrx_word' id='word_1_99' title='bbox 822 1841 1070 1910; x_wconf 84' lang='lat' dir='ltr'><strong>explana,</strong></span> <span class='ocrx_word' id='word_1_100' title='bbox 1112 1852 1166 1897; x_wconf 91' lang='lat' dir='ltr'><strong>et</strong></span> <span class='ocrx_word' id='word_1_101' title='bbox 1192 1842 1284 1912; x_wconf 87' lang='lat' dir='ltr'><strong>qui</strong></span> <span class='ocrx_word' id='word_1_102' title='bbox 1322 1843 1600 1914; x_wconf 81' lang='lat' dir='ltr'><strong>prepbcta:</strong></span> <span class='ocrx_word' id='word_1_103' title='bbox 1633 1847 1698 1902; x_wconf 90' lang='lat' dir='ltr'><strong>de</strong></span> <span class='ocrx_word' id='word_1_104' title='bbox 1731 1863 1797 1902; x_wconf 92' lang='lat' dir='ltr'><strong>eo</strong></span> <span class='ocrx_word' id='word_1_105' title='bbox 1831 1851 2061 1919; x_wconf 90' lang='lat' dir='ltr'><strong>apertis-</strong></span> 
     </span>
    </p>
   </div>
   <div class='ocr_carea' id='block_1_19' title="bbox 477 1932 942 1987">
    <p class='ocr_par' dir='ltr' id='par_1_19' title="bbox 477 1932 942 1987">
     <span class='ocr_line' id='line_1_19' title="bbox 477 1932 942 1987; baseline 0 -1"><span class='ocrx_word' id='word_1_106' title='bbox 477 1932 616 1986; x_wconf 89' lang='lat' dir='ltr'><strong>sime</strong></span> <span class='ocrx_word' id='word_1_107' title='bbox 653 1932 942 1987; x_wconf 88' lang='lat' dir='ltr'><strong>disserant.</strong></span> 
     </span>
    </p>
   </div>
   <div class='ocr_carea' id='block_1_20' title="bbox 544 2021 2059 2091">
    <p class='ocr_par' dir='ltr' id='par_1_20' title="bbox 544 2021 2059 2091">
     <span class='ocr_line' id='line_1_20' title="bbox 544 2021 2059 2091; baseline 0.003 -13"><span class='ocrx_word' id='word_1_108' title='bbox 544 2022 770 2078; x_wconf 72' lang='lat' dir='ltr'><strong>Cuius&#39;r.</strong></span> <span class='ocrx_word' id='word_1_109' title='bbox 819 2022 1023 2079; x_wconf 86' lang='lat' dir='ltr'><strong>Audite</strong></span> <span class='ocrx_word' id='word_1_110' title='bbox 1070 2021 1387 2091; x_wconf 85' lang='lat' dir='ltr'><strong>Jeremiam,</strong></span> <span class='ocrx_word' id='word_1_111' title='bbox 1436 2025 1708 2081; x_wconf 73' lang='lat' dir='ltr'><strong>dicentem</strong></span> <span class='ocrx_word' id='word_1_112' title='bbox 1748 2045 1762 2081; x_wconf 91' lang='lat'><strong>:</strong></span> <span class='ocrx_word' id='word_1_113' title='bbox 1802 2046 1819 2079; x_wconf 78' lang='grc' dir='ltr'><strong>ι</strong></span> <span class='ocrx_word' id='word_1_114' title='bbox 1851 2027 1951 2084; x_wconf 82' lang='lat' dir='ltr'><strong>llic</strong></span> <span class='ocrx_word' id='word_1_115' title='bbox 1977 2037 2059 2085; x_wconf 82' lang='lat' dir='ltr'><strong>est</strong></span> 
     </span>
    </p>
   </div>
   <div class='ocr_carea' id='block_1_21' title="bbox 476 2115 2059 2181">
    <p class='ocr_par' dir='ltr' id='par_1_21' title="bbox 476 2115 2059 2181">
     <span class='ocr_line' id='line_1_21' title="bbox 476 2115 2059 2181; baseline 0.004 -13"><span class='ocrx_word' id='word_1_116' title='bbox 476 2115 618 2170; x_wconf 85' lang='lat' dir='ltr'><strong>Deus</strong></span> <span class='ocrx_word' id='word_1_117' title='bbox 672 2125 889 2181; x_wconf 88' lang='lat' dir='ltr'><strong>noster,</strong></span> <span class='ocrx_word' id='word_1_118' title='bbox 938 2125 992 2170; x_wconf 91' lang='lat' dir='ltr'><strong>ct</strong></span> <span class='ocrx_word' id='word_1_119' title='bbox 1049 2130 1154 2171; x_wconf 92' lang='lat' dir='ltr'><strong>non</strong></span> <span class='ocrx_word' id='word_1_120' title='bbox 1207 2116 1565 2172; x_wconf 71' lang='lat' dir='ltr'><strong>aestimabitur</strong></span> <span class='ocrx_word' id='word_1_121' title='bbox 1616 2118 1755 2173; x_wconf 92' lang='lat' dir='ltr'><strong>alius</strong></span> <span class='ocrx_word' id='word_1_122' title='bbox 1803 2121 2059 2175; x_wconf 88' lang='lat' dir='ltr'><strong>adversus</strong></span> 
     </span>
    </p>
   </div>
   <div class='ocr_carea' id='block_1_22' title="bbox 472 2210 2057 2285">
    <p class='ocr_par' dir='ltr' id='par_1_22' title="bbox 472 2210 2057 2285">
     <span class='ocr_line' id='line_1_22' title="bbox 472 2210 2057 2285; baseline 0.004 -20"><span class='ocrx_word' id='word_1_123' title='bbox 472 2226 617 2265; x_wconf 91' lang='lat' dir='ltr'><strong>eum.</strong></span> <span class='ocrx_word' id='word_1_124' title='bbox 653 2210 751 2266; x_wconf 86' lang='lat' dir='ltr'><strong>Hic</strong></span> <span class='ocrx_word' id='word_1_125' title='bbox 781 2210 1060 2266; x_wconf 89' lang='lat' dir='ltr'><strong>adiuvenit</strong></span> <span class='ocrx_word' id='word_1_126' title='bbox 1091 2228 1307 2266; x_wconf 88' lang='lat' dir='ltr'><strong>onmem</strong></span> <span class='ocrx_word' id='word_1_127' title='bbox 1342 2213 1483 2267; x_wconf 89' lang='lat' dir='ltr'><strong>viam</strong></span> <span class='ocrx_word' id='word_1_128' title='bbox 1515 2214 1833 2285; x_wconf 62' lang='lat' dir='ltr'><strong>disciplinae,</strong></span> <span class='ocrx_word' id='word_1_129' title='bbox 1862 2226 1916 2271; x_wconf 86' lang='lat' dir='ltr'><strong>et</strong></span> <span class='ocrx_word' id='word_1_130' title='bbox 1944 2224 2057 2271; x_wconf 89' lang='lat' dir='ltr'><strong>tra-</strong></span> 
     </span>
    </p>
   </div>
   <div class='ocr_carea' id='block_1_23' title="bbox 473 2303 2056 2375">
    <p class='ocr_par' dir='ltr' id='par_1_23' title="bbox 473 2303 2056 2375">
     <span class='ocr_line' id='line_1_23' title="bbox 473 2303 2056 2375; baseline 0.006 -18"><span class='ocrx_word' id='word_1_131' title='bbox 473 2304 611 2359; x_wconf 86' lang='lat' dir='ltr'><strong>didit</strong></span> <span class='ocrx_word' id='word_1_132' title='bbox 640 2305 784 2358; x_wconf 84' lang='lat' dir='ltr'><strong>illam</strong></span> <span class='ocrx_word' id='word_1_133' title='bbox 832 2303 1002 2359; x_wconf 83' lang='lat' dir='ltr'><strong>Jacoh</strong></span> <span class='ocrx_word' id='word_1_134' title='bbox 1032 2320 1200 2375; x_wconf 87' lang='lat' dir='ltr'><strong>puero</strong></span> <span class='ocrx_word' id='word_1_135' title='bbox 1235 2322 1354 2371; x_wconf 90' lang='lat' dir='ltr'><strong>suo,</strong></span> <span class='ocrx_word' id='word_1_136' title='bbox 1402 2316 1457 2361; x_wconf 92' lang='lat' dir='ltr'><strong>et</strong></span> <span class='ocrx_word' id='word_1_137' title='bbox 1499 2309 1664 2361; x_wconf 82' lang='lat' dir='ltr'><strong>Israel</strong></span> <span class='ocrx_word' id='word_1_138' title='bbox 1708 2309 1904 2364; x_wconf 90' lang='lat' dir='ltr'><strong>dilecto</strong></span> <span class='ocrx_word' id='word_1_139' title='bbox 1937 2326 2056 2367; x_wconf 91' lang='lat' dir='ltr'><strong>suo.</strong></span> 
     </span>
    </p>
   </div>
   <div class='ocr_carea' id='block_1_24' title="bbox 474 2395 2059 2461">
    <p class='ocr_par' dir='ltr' id='par_1_24' title="bbox 474 2395 2059 2461">
     <span class='ocr_line' id='line_1_24' title="bbox 474 2395 2059 2461; baseline 0.004 -10"><span class='ocrx_word' id='word_1_140' title='bbox 474 2395 603 2451; x_wconf 82' lang='lat' dir='ltr'><strong>Post</strong></span> <span class='ocrx_word' id='word_1_141' title='bbox 627 2396 741 2450; x_wconf 67' lang='lat' dir='ltr'><strong>haec</strong></span> <span class='ocrx_word' id='word_1_142' title='bbox 769 2396 820 2449; x_wconf 91' lang='lat' dir='ltr'><strong>in</strong></span> <span class='ocrx_word' id='word_1_143' title='bbox 846 2399 1007 2450; x_wconf 90' lang='lat' dir='ltr'><strong>terris</strong></span> <span class='ocrx_word' id='word_1_144' title='bbox 1031 2397 1177 2451; x_wconf 87' lang='lat' dir='ltr'><strong>visus</strong></span> <span class='ocrx_word' id='word_1_145' title='bbox 1212 2406 1315 2461; x_wconf 89' lang='lat' dir='ltr'><strong>est,</strong></span> <span class='ocrx_word' id='word_1_146' title='bbox 1345 2406 1400 2453; x_wconf 91' lang='lat' dir='ltr'><strong>et</strong></span> <span class='ocrx_word' id='word_1_147' title='bbox 1427 2414 1550 2453; x_wconf 89' lang='lat' dir='ltr'><strong>cum</strong></span> <span class='ocrx_word' id='word_1_148' title='bbox 1584 2401 1899 2454; x_wconf 90' lang='lat' dir='ltr'><strong>hominibus</strong></span> <span class='ocrx_word' id='word_1_149' title='bbox 1927 2416 2059 2457; x_wconf 91' lang='lat' dir='ltr'><strong>con-</strong></span> 
     </span>
    </p>
   </div>
   <div class='ocr_carea' id='block_1_25' title="bbox 475 2488 2058 2565">
    <p class='ocr_par' dir='ltr' id='par_1_25' title="bbox 475 2488 2058 2565">
     <span class='ocr_line' id='line_1_25' title="bbox 475 2488 2058 2565; baseline 0.007 -26"><span class='ocrx_word' id='word_1_150' title='bbox 475 2499 723 2542; x_wconf 87' lang='lat' dir='ltr'><strong>versatus</strong></span> <span class='ocrx_word' id='word_1_151' title='bbox 747 2499 829 2543; x_wconf 90' lang='lat' dir='ltr'><strong>est</strong></span> <span class='ocrx_word' id='word_1_152' title='bbox 854 2488 923 2542; x_wconf 74' lang='grc'><strong>⁸⁷.</strong></span> <span class='ocrx_word' id='word_1_153' title='bbox 965 2506 982 2540; x_wconf 76' lang='grc' dir='ltr'><strong>ι</strong></span> <span class='ocrx_word' id='word_1_154' title='bbox 1013 2517 1083 2526; x_wconf 88' lang='lat'><strong>——</strong></span> <span class='ocrx_word' id='word_1_155' title='bbox 1115 2507 1134 2540; x_wconf 77' lang='grc' dir='ltr'><strong>ι</strong></span> <span class='ocrx_word' id='word_1_156' title='bbox 1168 2488 1270 2543; x_wconf 81' lang='lat' dir='ltr'><strong>llic</strong></span> <span class='ocrx_word' id='word_1_157' title='bbox 1303 2488 1446 2545; x_wconf 84' lang='lat' dir='ltr'><strong>Deus</strong></span> <span class='ocrx_word' id='word_1_158' title='bbox 1477 2500 1682 2547; x_wconf 84' lang='lat' dir='ltr'><strong>noster.</strong></span> <span class='ocrx_word' id='word_1_159' title='bbox 1714 2512 1733 2545; x_wconf 75' lang='grc' dir='ltr'><strong>ι</strong></span> <span class='ocrx_word' id='word_1_160' title='bbox 1768 2492 1938 2560; x_wconf 87' lang='lat' dir='ltr'><strong>Quis?</strong></span> <span class='ocrx_word' id='word_1_161' title='bbox 1968 2496 2058 2565; x_wconf 87' lang='lat' dir='ltr'><strong>qui</strong></span> 
     </span>
    </p>
   </div>
   <div class='ocr_carea' id='block_1_26' title="bbox 474 2581 2057 2640">
    <p class='ocr_par' dir='ltr' id='par_1_26' title="bbox 474 2581 2057 2640">
     <span class='ocr_line' id='line_1_26' title="bbox 474 2581 2057 2640; baseline 0.006 -9"><span class='ocrx_word' id='word_1_162' title='bbox 474 2582 543 2634; x_wconf 87' lang='lat' dir='ltr'><strong>ab</strong></span> <span class='ocrx_word' id='word_1_163' title='bbox 599 2584 744 2633; x_wconf 89' lang='lat' dir='ltr'><strong>ornni</strong></span> <span class='ocrx_word' id='word_1_164' title='bbox 793 2582 1099 2633; x_wconf 73' lang='lat' dir='ltr'><strong>aeternitate</strong></span> <span class='ocrx_word' id='word_1_165' title='bbox 1134 2589 1217 2635; x_wconf 86' lang='lat' dir='ltr'><strong>est</strong></span> <span class='ocrx_word' id='word_1_166' title='bbox 1260 2589 1315 2633; x_wconf 90' lang='lat' dir='ltr'><strong>et</strong></span> <span class='ocrx_word' id='word_1_167' title='bbox 1348 2581 1402 2634; x_wconf 88' lang='lat' dir='ltr'><strong>in</strong></span> <span class='ocrx_word' id='word_1_168' title='bbox 1448 2596 1661 2636; x_wconf 91' lang='lat' dir='ltr'><strong>omnem</strong></span> <span class='ocrx_word' id='word_1_169' title='bbox 1704 2586 2057 2640; x_wconf 59' lang='lat' dir='ltr'><strong>aeternitatem</strong></span> 
     </span>
    </p>
   </div>
   <div class='ocr_carea' id='block_1_27' title="bbox 474 2669 2061 2738">
    <p class='ocr_par' dir='ltr' id='par_1_27' title="bbox 474 2669 2061 2738">
     <span class='ocr_line' id='line_1_27' title="bbox 474 2669 2061 2738; baseline 0.006 -16"><span class='ocrx_word' id='word_1_170' title='bbox 474 2671 747 2738; x_wconf 80' lang='lat' dir='ltr'><strong>perdurat.</strong></span> <span class='ocrx_word' id='word_1_171' title='bbox 801 2686 820 2719; x_wconf 74' lang='grc' dir='ltr'><strong>ι</strong></span> <span class='ocrx_word' id='word_1_172' title='bbox 881 2669 947 2722; x_wconf 78' lang='lat' dir='ltr'><strong>Et</strong></span> <span class='ocrx_word' id='word_1_173' title='bbox 1016 2684 1119 2721; x_wconf 90' lang='lat' dir='ltr'><strong>non</strong></span> <span class='ocrx_word' id='word_1_174' title='bbox 1181 2670 1544 2725; x_wconf 74' lang='lat' dir='ltr'><strong>:estimabitur</strong></span> <span class='ocrx_word' id='word_1_175' title='bbox 1612 2673 1751 2728; x_wconf 89' lang='lat' dir='ltr'><strong>alius</strong></span> <span class='ocrx_word' id='word_1_176' title='bbox 1802 2675 2061 2731; x_wconf 87' lang='lat' dir='ltr'><strong>adversus</strong></span> 
     </span>
    </p>
   </div>
   <div class='ocr_carea' id='block_1_28' title="bbox 473 2760 2060 2836">
    <p class='ocr_par' dir='ltr' id='par_1_28' title="bbox 473 2760 2060 2836">
     <span class='ocr_line' id='line_1_28' title="bbox 473 2760 2060 2836; baseline 0.006 -21"><span class='ocrx_word' id='word_1_177' title='bbox 473 2777 620 2816; x_wconf 89' lang='lat' dir='ltr'><strong>eum.</strong></span> <span class='ocrx_word' id='word_1_178' title='bbox 658 2780 676 2813; x_wconf 73' lang='grc' dir='ltr'><strong>ι</strong></span> <span class='ocrx_word' id='word_1_179' title='bbox 714 2761 850 2828; x_wconf 85' lang='lat' dir='ltr'><strong>Quis</strong></span> <span class='ocrx_word' id='word_1_180' title='bbox 880 2760 1019 2816; x_wconf 87' lang='lat' dir='ltr'><strong>alius</strong></span> <span class='ocrx_word' id='word_1_181' title='bbox 1057 2776 1159 2814; x_wconf 92' lang='lat' dir='ltr'><strong>non</strong></span> <span class='ocrx_word' id='word_1_182' title='bbox 1198 2762 1599 2818; x_wconf 68' lang='lat' dir='ltr'><strong>mstimabitur?</strong></span> <span class='ocrx_word' id='word_1_183' title='bbox 1625 2767 1717 2836; x_wconf 92' lang='lat' dir='ltr'><strong>qui</strong></span> <span class='ocrx_word' id='word_1_184' title='bbox 1757 2768 1966 2823; x_wconf 81' lang='lat' dir='ltr'><strong>scilicet</strong></span> <span class='ocrx_word' id='word_1_185' title='bbox 1991 2770 2060 2824; x_wconf 89' lang='lat' dir='ltr'><strong>ab</strong></span> 
     </span>
    </p>
   </div>
   <div class='ocr_carea' id='block_1_29' title="bbox 477 2856 2060 2929">
    <p class='ocr_par' dir='ltr' id='par_1_29' title="bbox 477 2856 2060 2929">
     <span class='ocr_line' id='line_1_29' title="bbox 477 2856 2060 2929; baseline 0.006 -18"><span class='ocrx_word' id='word_1_186' title='bbox 477 2856 726 2914; x_wconf 57' lang='lat' dir='ltr'><strong>Hebraeis</strong></span> <span class='ocrx_word' id='word_1_187' title='bbox 759 2874 858 2928; x_wconf 91' lang='lat' dir='ltr'><strong>pro</strong></span> <span class='ocrx_word' id='word_1_188' title='bbox 893 2859 985 2912; x_wconf 86' lang='lat' dir='ltr'><strong>Dei</strong></span> <span class='ocrx_word' id='word_1_189' title='bbox 1021 2857 1159 2913; x_wconf 81' lang='lat' dir='ltr'><strong>Filio</strong></span> <span class='ocrx_word' id='word_1_190' title='bbox 1181 2869 1554 2929; x_wconf 68' lang='lat' dir='ltr'><strong>exspectatur.</strong></span> <span class='ocrx_word' id='word_1_191' title='bbox 1593 2880 1611 2913; x_wconf 74' lang='grc' dir='ltr'><strong>ι</strong></span> <span class='ocrx_word' id='word_1_192' title='bbox 1652 2863 1751 2918; x_wconf 87' lang='lat' dir='ltr'><strong>llic</strong></span> <span class='ocrx_word' id='word_1_193' title='bbox 1784 2866 2060 2921; x_wconf 83' lang='lat' dir='ltr'><strong>adinvenit</strong></span> 
     </span>
    </p>
   </div>
   <div class='ocr_carea' id='block_1_30' title="bbox 474 2950 2056 3023">
    <p class='ocr_par' dir='ltr' id='par_1_30' title="bbox 474 2950 2056 3023">
     <span class='ocr_line' id='line_1_30' title="bbox 474 2950 2056 3023; baseline 0.004 -18"><span class='ocrx_word' id='word_1_194' title='bbox 474 2965 690 3006; x_wconf 89' lang='lat' dir='ltr'><strong>omnem</strong></span> <span class='ocrx_word' id='word_1_195' title='bbox 712 2953 863 3003; x_wconf 70' lang='lat' dir='ltr'><strong>viam</strong></span> <span class='ocrx_word' id='word_1_196' title='bbox 907 2950 1227 3019; x_wconf 73' lang='lat' dir='ltr'><strong>disciplinac.</strong></span> <span class='ocrx_word' id='word_1_197' title='bbox 1269 2969 1288 3002; x_wconf 74' lang='grc' dir='ltr'><strong>ι</strong></span> <span class='ocrx_word' id='word_1_198' title='bbox 1322 2950 1437 3007; x_wconf 85' lang='lat' dir='ltr'><strong>Non</strong></span> <span class='ocrx_word' id='word_1_199' title='bbox 1469 2953 1712 3023; x_wconf 88' lang='lat' dir='ltr'><strong>profecto</strong></span> <span class='ocrx_word' id='word_1_200' title='bbox 1744 2955 2056 3014; x_wconf 81' lang='lat' dir='ltr'><strong>fullonicam</strong></span> 
     </span>
    </p>
   </div>
   <div class='ocr_carea' id='block_1_31' title="bbox 473 3042 2058 3120">
    <p class='ocr_par' dir='ltr' id='par_1_31' title="bbox 473 3042 2058 3120">
     <span class='ocr_line' id='line_1_31' title="bbox 473 3042 2058 3120; baseline 0.006 -25"><span class='ocrx_word' id='word_1_201' title='bbox 473 3055 540 3097; x_wconf 90' lang='lat' dir='ltr'><strong>ac</strong></span> <span class='ocrx_word' id='word_1_202' title='bbox 572 3042 816 3096; x_wconf 89' lang='lat' dir='ltr'><strong>fabrilem</strong></span> <span class='ocrx_word' id='word_1_203' title='bbox 865 3052 1060 3107; x_wconf 86' lang='lat' dir='ltr'><strong>artem,</strong></span> <span class='ocrx_word' id='word_1_204' title='bbox 1092 3051 1185 3096; x_wconf 88' lang='lat' dir='ltr'><strong>aut</strong></span> <span class='ocrx_word' id='word_1_205' title='bbox 1224 3058 1344 3112; x_wconf 72' lang='lat' dir='ltr'><strong>quae</strong></span> <span class='ocrx_word' id='word_1_206' title='bbox 1382 3045 1601 3116; x_wconf 70' lang='lat' dir='ltr'><strong>reliqua:</strong></span> <span class='ocrx_word' id='word_1_207' title='bbox 1651 3057 1779 3103; x_wconf 88' lang='lat' dir='ltr'><strong>sunt</strong></span> <span class='ocrx_word' id='word_1_208' title='bbox 1808 3048 1928 3118; x_wconf 82' lang='lat' dir='ltr'><strong>ejus</strong></span> <span class='ocrx_word' id='word_1_209' title='bbox 1961 3065 2058 3120; x_wconf 83' lang='lat' dir='ltr'><strong>ge-</strong></span> 
     </span>
    </p>
   </div>
   <div class='ocr_carea' id='block_1_32' title="bbox 471 3133 2053 3202">
    <p class='ocr_par' dir='ltr' id='par_1_32' title="bbox 471 3133 2053 3202">
     <span class='ocr_line' id='line_1_32' title="bbox 471 3133 2053 3202; baseline 0.004 -13"><span class='ocrx_word' id='word_1_210' title='bbox 471 3134 618 3189; x_wconf 89' lang='lat' dir='ltr'><strong>neris</strong></span> <span class='ocrx_word' id='word_1_211' title='bbox 649 3133 866 3201; x_wconf 88' lang='lat' dir='ltr'><strong>futiles;</strong></span> <span class='ocrx_word' id='word_1_212' title='bbox 900 3134 995 3188; x_wconf 88' lang='lat' dir='ltr'><strong>sed</strong></span> <span class='ocrx_word' id='word_1_213' title='bbox 1037 3147 1213 3188; x_wconf 90' lang='lat' dir='ltr'><strong>rerum</strong></span> <span class='ocrx_word' id='word_1_214' title='bbox 1244 3136 1512 3202; x_wconf 90' lang='lat' dir='ltr'><strong>notitiam,</strong></span> <span class='ocrx_word' id='word_1_215' title='bbox 1545 3152 1575 3193; x_wconf 88' lang='lat' dir='ltr'><strong>e</strong></span> <span class='ocrx_word' id='word_1_216' title='bbox 1603 3148 1741 3193; x_wconf 88' lang='lat' dir='ltr'><strong>terra</strong></span> <span class='ocrx_word' id='word_1_217' title='bbox 1769 3140 1825 3193; x_wconf 93' lang='lat' dir='ltr'><strong>in</strong></span> <span class='ocrx_word' id='word_1_218' title='bbox 1855 3141 2053 3195; x_wconf 67' lang='lat' dir='ltr'><strong>coelum</strong></span> 
     </span>
    </p>
   </div>
   <div class='ocr_carea' id='block_1_33' title="bbox 2168 589 3747 663">
    <p class='ocr_par' dir='ltr' id='par_1_33' title="bbox 2168 589 3747 663">
     <span class='ocr_line' id='line_1_33' title="bbox 2168 589 3747 663; baseline 0.007 -23"><span class='ocrx_word' id='word_1_219' title='bbox 2168 595 2427 642; x_wconf 89' lang='lat' dir='ltr'><strong>mutatum</strong></span> <span class='ocrx_word' id='word_1_220' title='bbox 2488 589 2758 643; x_wconf 82' lang='lat' dir='ltr'><strong>hominem</strong></span> <span class='ocrx_word' id='word_1_221' title='bbox 2801 592 3035 662; x_wconf 89' lang='lat' dir='ltr'><strong>denique</strong></span> <span class='ocrx_word' id='word_1_222' title='bbox 3084 592 3285 647; x_wconf 89' lang='lat' dir='ltr'><strong>factum</strong></span> <span class='ocrx_word' id='word_1_223' title='bbox 3329 597 3747 663; x_wconf 79' lang='lat' dir='ltr'><strong>demonSIrans;</strong></span> 
     </span>
    </p>
   </div>
   <div class='ocr_carea' id='block_1_34' title="bbox 2166 679 3747 751">
    <p class='ocr_par' dir='ltr' id='par_1_34' title="bbox 2166 679 3747 751">
     <span class='ocr_line' id='line_1_34' title="bbox 2166 679 3747 751; baseline 0.006 -19"><span class='ocrx_word' id='word_1_224' title='bbox 2166 679 2260 732; x_wconf 89' lang='lat' dir='ltr'><strong>sed</strong></span> <span class='ocrx_word' id='word_1_225' title='bbox 2318 684 2460 750; x_wconf 88' lang='lat' dir='ltr'><strong>quod</strong></span> <span class='ocrx_word' id='word_1_226' title='bbox 2517 680 2797 749; x_wconf 81' lang='lat' dir='ltr'><strong>Sapientia</strong></span> <span class='ocrx_word' id='word_1_227' title='bbox 2851 682 3158 740; x_wconf 80' lang='lat' dir='ltr'><strong>Salomonis</strong></span> <span class='ocrx_word' id='word_1_228' title='bbox 3204 685 3468 751; x_wconf 86' lang='lat' dir='ltr'><strong>declarat,</strong></span> <span class='ocrx_word' id='word_1_229' title='bbox 3518 687 3747 741; x_wconf 80' lang='lat' dir='ltr'><strong>dicens:</strong></span> 
     </span>
    </p>
   </div>
   <div class='ocr_carea' id='block_1_35' title="bbox 2171 770 3748 844">
    <p class='ocr_par' dir='ltr' id='par_1_35' title="bbox 2171 770 3748 844">
     <span class='ocr_line' id='line_1_35' title="bbox 2171 770 3748 844; baseline 0.007 -23"><span class='ocrx_word' id='word_1_230' title='bbox 2171 789 2190 821; x_wconf 77' lang='grc' dir='ltr'><strong>ι</strong></span> <span class='ocrx_word' id='word_1_231' title='bbox 2227 770 2361 825; x_wconf 88' lang='lat' dir='ltr'><strong>Cum</strong></span> <span class='ocrx_word' id='word_1_232' title='bbox 2393 788 2570 826; x_wconf 88' lang='lat' dir='ltr'><strong>meum</strong></span> <span class='ocrx_word' id='word_1_233' title='bbox 2619 774 2783 827; x_wconf 88' lang='lat' dir='ltr'><strong>lilium</strong></span> <span class='ocrx_word' id='word_1_234' title='bbox 2836 792 2938 829; x_wconf 91' lang='lat' dir='ltr'><strong>non</strong></span> <span class='ocrx_word' id='word_1_235' title='bbox 2976 777 3271 844; x_wconf 87' lang='lat' dir='ltr'><strong>audierint,</strong></span> <span class='ocrx_word' id='word_1_236' title='bbox 3334 792 3431 832; x_wconf 88' lang='lat' dir='ltr'><strong>vos</strong></span> <span class='ocrx_word' id='word_1_237' title='bbox 3479 777 3570 831; x_wconf 75' lang='lat' dir='ltr'><strong>Dei</strong></span> <span class='ocrx_word' id='word_1_238' title='bbox 3630 779 3748 832; x_wconf 82' lang='lat' dir='ltr'><strong>Filii</strong></span> 
     </span>
    </p>
   </div>
   <div class='ocr_carea' id='block_1_36' title="bbox 2163 861 3739 935">
    <p class='ocr_par' dir='ltr' id='par_1_36' title="bbox 2163 861 3739 935">
     <span class='ocr_line' id='line_1_36' title="bbox 2163 861 3739 935; baseline 0.003 -18"><span class='ocrx_word' id='word_1_239' title='bbox 2163 861 2423 918; x_wconf 89' lang='lat' dir='ltr'><strong>honorem</strong></span> <span class='ocrx_word' id='word_1_240' title='bbox 2494 864 2763 935; x_wconf 78' lang='lat' dir='ltr'><strong>intrepide</strong></span> <span class='ocrx_word' id='word_1_241' title='bbox 2827 867 2893 921; x_wconf 90' lang='lat' dir='ltr'><strong>ad</strong></span> <span class='ocrx_word' id='word_1_242' title='bbox 2968 882 3064 923; x_wconf 90' lang='lat' dir='ltr'><strong>vos</strong></span> <span class='ocrx_word' id='word_1_243' title='bbox 3121 870 3338 924; x_wconf 80' lang='lat' dir='ltr'><strong>trahere</strong></span> <span class='ocrx_word' id='word_1_244' title='bbox 3393 872 3687 926; x_wconf 84' lang='lat' dir='ltr'><strong>conamini.</strong></span> <span class='ocrx_word' id='word_1_245' title='bbox 3722 891 3739 922; x_wconf 76' lang='grc' dir='ltr'><strong>ι</strong></span> 
     </span>
    </p>
   </div>
   <div class='ocr_carea' id='block_1_37' title="bbox 2164 954 3747 1032">
    <p class='ocr_par' dir='ltr' id='par_1_37' title="bbox 2164 954 3747 1032">
     <span class='ocr_line' id='line_1_37' title="bbox 2164 954 3747 1032; baseline 0.007 -26"><span class='ocrx_word' id='word_1_246' title='bbox 2164 954 2488 1023; x_wconf 87' lang='lat' dir='ltr'><strong>Quanquam</strong></span> <span class='ocrx_word' id='word_1_247' title='bbox 2544 971 2648 1012; x_wconf 93' lang='lat' dir='ltr'><strong>non</strong></span> <span class='ocrx_word' id='word_1_248' title='bbox 2698 967 2756 1010; x_wconf 91' lang='lat' dir='ltr'><strong>ut</strong></span> <span class='ocrx_word' id='word_1_249' title='bbox 2814 956 3090 1028; x_wconf 84' lang='lat' dir='ltr'><strong>Sapientia</strong></span> <span class='ocrx_word' id='word_1_250' title='bbox 3146 960 3314 1014; x_wconf 87' lang='lat' dir='ltr'><strong>lilium</strong></span> <span class='ocrx_word' id='word_1_251' title='bbox 3377 963 3610 1032; x_wconf 83' lang='lat' dir='ltr'><strong>appellat</strong></span> <span class='ocrx_word' id='word_1_252' title='bbox 3656 965 3747 1019; x_wconf 88' lang='lat' dir='ltr'><strong>Dei</strong></span> 
     </span>
    </p>
   </div>
   <div class='ocr_carea' id='block_1_38' title="bbox 2168 1046 3746 1122">
    <p class='ocr_par' dir='ltr' id='par_1_38' title="bbox 2168 1046 3746 1122">
     <span class='ocr_line' id='line_1_38' title="bbox 2168 1046 3746 1122; baseline 0.006 -23"><span class='ocrx_word' id='word_1_253' title='bbox 2168 1046 2387 1113; x_wconf 89' lang='lat' dir='ltr'><strong>Filium,</strong></span> <span class='ocrx_word' id='word_1_254' title='bbox 2417 1047 2602 1102; x_wconf 89' lang='lat' dir='ltr'><strong>itidem</strong></span> <span class='ocrx_word' id='word_1_255' title='bbox 2622 1057 2676 1103; x_wconf 91' lang='lat' dir='ltr'><strong>et</strong></span> <span class='ocrx_word' id='word_1_256' title='bbox 2700 1063 2796 1104; x_wconf 84' lang='lat' dir='ltr'><strong>vos</strong></span> <span class='ocrx_word' id='word_1_257' title='bbox 2829 1050 3126 1122; x_wconf 80' lang='lat' dir='ltr'><strong>lsaias(‘50)</strong></span> <span class='ocrx_word' id='word_1_258' title='bbox 3151 1052 3386 1122; x_wconf 88' lang='lat' dir='ltr'><strong>appellat</strong></span> <span class='ocrx_word' id='word_1_259' title='bbox 3416 1064 3594 1118; x_wconf 86' lang='lat' dir='ltr'><strong>natos,</strong></span> <span class='ocrx_word' id='word_1_260' title='bbox 3625 1071 3746 1109; x_wconf 83' lang='lat' dir='ltr'><strong>eum</strong></span> 
     </span>
    </p>
   </div>
   <div class='ocr_carea' id='block_1_39' title="bbox 2165 1139 3744 1213">
    <p class='ocr_par' dir='ltr' id='par_1_39' title="bbox 2165 1139 3744 1213">
     <span class='ocr_line' id='line_1_39' title="bbox 2165 1139 3744 1213; baseline 0.005 -21"><span class='ocrx_word' id='word_1_261' title='bbox 2165 1140 2289 1193; x_wconf 86' lang='lat' dir='ltr'><strong>ait:</strong></span> <span class='ocrx_word' id='word_1_262' title='bbox 2334 1158 2353 1192; x_wconf 76' lang='grc' dir='ltr'><strong>ι</strong></span> <span class='ocrx_word' id='word_1_263' title='bbox 2408 1139 2811 1211; x_wconf 88' lang='lat' dir='ltr'><strong>Primogeuitus</strong></span> <span class='ocrx_word' id='word_1_264' title='bbox 2858 1160 3008 1197; x_wconf 89' lang='lat' dir='ltr'><strong>meus</strong></span> <span class='ocrx_word' id='word_1_265' title='bbox 3055 1144 3332 1213; x_wconf 89' lang='lat' dir='ltr'><strong>Israelita;</strong></span> <span class='ocrx_word' id='word_1_266' title='bbox 3380 1165 3400 1196; x_wconf 74' lang='grc' dir='ltr'><strong>ι</strong></span> <span class='ocrx_word' id='word_1_267' title='bbox 3442 1149 3537 1203; x_wconf 87' lang='lat' dir='ltr'><strong>sed</strong></span> <span class='ocrx_word' id='word_1_268' title='bbox 3595 1150 3687 1202; x_wconf 90' lang='lat' dir='ltr'><strong>illu</strong></span> <span class='ocrx_word' id='word_1_269' title='bbox 3716 1170 3744 1200; x_wconf 89' lang='grc' dir='ltr'><strong>ιι</strong></span> 
     </span>
    </p>
   </div>
   <div class='ocr_carea' id='block_1_40' title="bbox 2165 1233 3749 1310">
    <p class='ocr_par' dir='ltr' id='par_1_40' title="bbox 2165 1233 3749 1310">
     <span class='ocr_line' id='line_1_40' title="bbox 2165 1233 3749 1310; baseline 0.006 -23"><span class='ocrx_word' id='word_1_270' title='bbox 2165 1233 2508 1300; x_wconf 89' lang='lat' dir='ltr'><strong>naturalem,</strong></span> <span class='ocrx_word' id='word_1_271' title='bbox 2555 1249 2653 1288; x_wconf 87' lang='lat' dir='ltr'><strong>vos</strong></span> <span class='ocrx_word' id='word_1_272' title='bbox 2705 1235 3004 1305; x_wconf 82' lang='lat' dir='ltr'><strong>adoptivos.</strong></span> <span class='ocrx_word' id='word_1_273' title='bbox 3064 1237 3198 1291; x_wconf 82' lang='lat' dir='ltr'><strong>Nam</strong></span> <span class='ocrx_word' id='word_1_274' title='bbox 3257 1254 3354 1294; x_wconf 90' lang='lat' dir='ltr'><strong>nos</strong></span> <span class='ocrx_word' id='word_1_275' title='bbox 3394 1242 3749 1310; x_wconf 84' lang='lat' dir='ltr'><strong>primigenios</strong></span> 
     </span>
    </p>
   </div>
   <div class='ocr_carea' id='block_1_41' title="bbox 2164 1324 3148 1399">
    <p class='ocr_par' dir='ltr' id='par_1_41' title="bbox 2164 1324 3148 1399">
     <span class='ocr_line' id='line_1_41' title="bbox 2164 1324 3148 1399; baseline 0.003 -18"><span class='ocrx_word' id='word_1_276' title='bbox 2164 1340 2356 1381; x_wconf 88' lang='lat' dir='ltr'><strong>sumus</strong></span> <span class='ocrx_word' id='word_1_277' title='bbox 2385 1326 2609 1381; x_wconf 90' lang='lat' dir='ltr'><strong>secundi</strong></span> <span class='ocrx_word' id='word_1_278' title='bbox 2640 1324 2854 1381; x_wconf 82' lang='lat' dir='ltr'><strong>lsraelis</strong></span> <span class='ocrx_word' id='word_1_279' title='bbox 2880 1329 3148 1399; x_wconf 84' lang='lat' dir='ltr'><strong>(Christi).</strong></span> 
     </span>
    </p>
   </div>
   <div class='ocr_carea' id='block_1_42' title="bbox 2717 1437 3200 1495">
    <p class='ocr_par' dir='ltr' id='par_1_42' title="bbox 2717 1437 3200 1495">
     <span class='ocr_line' id='line_1_42' title="bbox 2717 1437 3200 1495; baseline 0.002 -1"><span class='ocrx_word' id='word_1_280' title='bbox 2717 1437 2946 1494; x_wconf 83' lang='lat' dir='ltr'><strong>CAPUT</strong></span> <span class='ocrx_word' id='word_1_281' title='bbox 2984 1439 3200 1495; x_wconf 74' lang='lat' dir='ltr'><strong>XXXII.</strong></span> 
     </span>
    </p>
   </div>
   <div class='ocr_carea' id='block_1_43' title="bbox 2439 1552 3460 1624">
    <p class='ocr_par' dir='ltr' id='par_1_43' title="bbox 2439 1552 3460 1624">
     <span class='ocr_line' id='line_1_43' title="bbox 2439 1552 3460 1624; baseline 0.003 -15"><span class='ocrx_word' id='word_1_282' title='bbox 2439 1552 2575 1609; x_wconf 77' lang='lat' dir='ltr'><strong>Gens</strong></span> <span class='ocrx_word' id='word_1_283' title='bbox 2619 1554 2835 1624; x_wconf 71' lang='lat' dir='ltr'><strong>duplex,</strong></span> <span class='ocrx_word' id='word_1_284' title='bbox 2877 1559 3086 1624; x_wconf 79' lang='lat' dir='ltr'><strong>gentilis</strong></span> <span class='ocrx_word' id='word_1_285' title='bbox 3123 1567 3173 1612; x_wconf 86' lang='lat' dir='ltr'><strong>et</strong></span> <span class='ocrx_word' id='word_1_286' title='bbox 3212 1556 3460 1612; x_wconf 67' lang='lat' dir='ltr'><strong>Hebraea.</strong></span> 
     </span>
    </p>
   </div>
   <div class='ocr_carea' id='block_1_44' title="bbox 2234 1664 3743 1737">
    <p class='ocr_par' dir='ltr' id='par_1_44' title="bbox 2234 1664 3743 1737">
     <span class='ocr_line' id='line_1_44' title="bbox 2234 1664 3743 1737; baseline 0.007 -18"><span class='ocrx_word' id='word_1_287' title='bbox 2234 1664 2292 1719; x_wconf 88' lang='lat' dir='ltr'><strong>In</strong></span> <span class='ocrx_word' id='word_1_288' title='bbox 2331 1682 2492 1737; x_wconf 91' lang='lat' dir='ltr'><strong>quam</strong></span> <span class='ocrx_word' id='word_1_289' title='bbox 2533 1669 2860 1723; x_wconf 86' lang='lat' dir='ltr'><strong>sententiam</strong></span> <span class='ocrx_word' id='word_1_290' title='bbox 2900 1683 2982 1725; x_wconf 90' lang='lat' dir='ltr'><strong>est</strong></span> <span class='ocrx_word' id='word_1_291' title='bbox 3014 1682 3202 1726; x_wconf 93' lang='lat' dir='ltr'><strong>notum</strong></span> <span class='ocrx_word' id='word_1_292' title='bbox 3239 1673 3368 1727; x_wconf 89' lang='lat' dir='ltr'><strong>illud</strong></span> <span class='ocrx_word' id='word_1_293' title='bbox 3403 1674 3498 1728; x_wconf 90' lang='lat' dir='ltr'><strong>Dei</strong></span> <span class='ocrx_word' id='word_1_294' title='bbox 3533 1674 3601 1727; x_wconf 88' lang='lat' dir='ltr'><strong>ad</strong></span> <span class='ocrx_word' id='word_1_295' title='bbox 3631 1673 3743 1729; x_wconf 75' lang='lat' dir='ltr'><strong>Be-</strong></span> 
     </span>
    </p>
   </div>
   <div class='ocr_carea' id='block_1_45' title="bbox 2164 1758 3746 1845">
    <p class='ocr_par' dir='ltr' id='par_1_45' title="bbox 2164 1758 3746 1845">
     <span class='ocr_line' id='line_1_45' title="bbox 2164 1758 3746 1845; baseline 0.003 -32"><span class='ocrx_word' id='word_1_296' title='bbox 2164 1758 2385 1814; x_wconf 88' lang='lat' dir='ltr'><strong>heccam</strong></span> <span class='ocrx_word' id='word_1_297' title='bbox 2420 1760 2648 1845; x_wconf 61' lang='lat' dir='ltr'><strong>effatum</strong></span> <span class='ocrx_word' id='word_1_298' title='bbox 2682 1778 2695 1815; x_wconf 92' lang='lat'><strong>:</strong></span> <span class='ocrx_word' id='word_1_299' title='bbox 2737 1779 2756 1813; x_wconf 72' lang='grc' dir='ltr'><strong>ι</strong></span> <span class='ocrx_word' id='word_1_300' title='bbox 2807 1761 2935 1816; x_wconf 67' lang='lat' dir='ltr'><strong>Dure</strong></span> <span class='ocrx_word' id='word_1_301' title='bbox 2966 1773 3154 1831; x_wconf 86' lang='lat' dir='ltr'><strong>gentes</strong></span> <span class='ocrx_word' id='word_1_302' title='bbox 3184 1773 3311 1817; x_wconf 90' lang='lat' dir='ltr'><strong>sunt</strong></span> <span class='ocrx_word' id='word_1_303' title='bbox 3345 1765 3397 1818; x_wconf 91' lang='lat' dir='ltr'><strong>in</strong></span> <span class='ocrx_word' id='word_1_304' title='bbox 3434 1778 3588 1819; x_wconf 88' lang='lat' dir='ltr'><strong>utero</strong></span> <span class='ocrx_word' id='word_1_305' title='bbox 3619 1775 3746 1833; x_wconf 90' lang='lat' dir='ltr'><strong>tuo;</strong></span> 
     </span>
    </p>
   </div>
   <div class='ocr_carea' id='block_1_46' title="bbox 2164 1853 3748 1926">
    <p class='ocr_par' dir='ltr' id='par_1_46' title="bbox 2164 1853 3748 1926">
     <span class='ocr_line' id='line_1_46' title="bbox 2164 1853 3748 1926; baseline 0.003 -20"><span class='ocrx_word' id='word_1_306' title='bbox 2164 1861 2219 1906; x_wconf 91' lang='lat' dir='ltr'><strong>et</strong></span> <span class='ocrx_word' id='word_1_307' title='bbox 2266 1853 2441 1925; x_wconf 86' lang='lat' dir='ltr'><strong>major</strong></span> <span class='ocrx_word' id='word_1_308' title='bbox 2494 1854 2697 1908; x_wconf 81' lang='lat' dir='ltr'><strong>serviet</strong></span> <span class='ocrx_word' id='word_1_309' title='bbox 2744 1854 2941 1909; x_wconf 90' lang='lat' dir='ltr'><strong>minori</strong></span> <span class='ocrx_word' id='word_1_310' title='bbox 2969 1856 3058 1908; x_wconf 68' lang='lat'><strong>’7&#39;.</strong></span> <span class='ocrx_word' id='word_1_311' title='bbox 3114 1873 3133 1907; x_wconf 76' lang='grc' dir='ltr'><strong>ι</strong></span> <span class='ocrx_word' id='word_1_312' title='bbox 3165 1854 3230 1909; x_wconf 83' lang='lat' dir='ltr'><strong>Et</strong></span> <span class='ocrx_word' id='word_1_313' title='bbox 3259 1855 3329 1910; x_wconf 89' lang='lat' dir='ltr'><strong>de</strong></span> <span class='ocrx_word' id='word_1_314' title='bbox 3360 1857 3539 1910; x_wconf 87' lang='lat' dir='ltr'><strong>Pbare</strong></span> <span class='ocrx_word' id='word_1_315' title='bbox 3583 1872 3748 1926; x_wconf 85' lang='lat' dir='ltr'><strong>atque</strong></span> 
     </span>
    </p>
   </div>
   <div class='ocr_carea' id='block_1_47' title="bbox 2163 1941 3746 2015">
    <p class='ocr_par' dir='ltr' id='par_1_47' title="bbox 2163 1941 3746 2015">
     <span class='ocr_line' id='line_1_47' title="bbox 2163 1941 3746 2015; baseline 0.003 -21"><span class='ocrx_word' id='word_1_316' title='bbox 2163 1941 2302 1997; x_wconf 88' lang='lat' dir='ltr'><strong>Zara</strong></span> <span class='ocrx_word' id='word_1_317' title='bbox 2349 1942 2612 1999; x_wconf 84' lang='lat' dir='ltr'><strong>obstetrix</strong></span> <span class='ocrx_word' id='word_1_318' title='bbox 2658 1943 2737 1999; x_wconf 90' lang='lat' dir='ltr'><strong>ait</strong></span> <span class='ocrx_word' id='word_1_319' title='bbox 2780 1967 2793 1998; x_wconf 72' lang='grc' dir='ltr'><strong>ι</strong></span> <span class='ocrx_word' id='word_1_320' title='bbox 2835 1963 2852 1995; x_wconf 79' lang='grc' dir='ltr'><strong>ι</strong></span> <span class='ocrx_word' id='word_1_321' title='bbox 2890 1944 3068 2010; x_wconf 86' lang='lat' dir='ltr'><strong>Quare</strong></span> <span class='ocrx_word' id='word_1_322' title='bbox 3110 1944 3282 1999; x_wconf 89' lang='lat' dir='ltr'><strong>divisa</strong></span> <span class='ocrx_word' id='word_1_323' title='bbox 3325 1956 3406 2001; x_wconf 89' lang='lat' dir='ltr'><strong>est</strong></span> <span class='ocrx_word' id='word_1_324' title='bbox 3438 1957 3657 2015; x_wconf 88' lang='lat' dir='ltr'><strong>propter</strong></span> <span class='ocrx_word' id='word_1_325' title='bbox 3693 1955 3746 2000; x_wconf 88' lang='lat' dir='ltr'><strong>te</strong></span> 
     </span>
    </p>
   </div>
   <div class='ocr_carea' id='block_1_48' title="bbox 2162 2034 3745 2104">
    <p class='ocr_par' dir='ltr' id='par_1_48' title="bbox 2162 2034 3745 2104">
     <span class='ocr_line' id='line_1_48' title="bbox 2162 2034 3745 2104; baseline 0.003 -16"><span class='ocrx_word' id='word_1_326' title='bbox 2162 2034 2396 2088; x_wconf 88' lang='lat' dir='ltr'><strong>maceria</strong></span> <span class='ocrx_word' id='word_1_327' title='bbox 2427 2034 2516 2086; x_wconf 67' lang='lat'><strong>’9?</strong></span> <span class='ocrx_word' id='word_1_328' title='bbox 2557 2052 2576 2085; x_wconf 76' lang='grc' dir='ltr'><strong>ι</strong></span> <span class='ocrx_word' id='word_1_329' title='bbox 2624 2035 2729 2090; x_wconf 90' lang='lat' dir='ltr'><strong>Sed</strong></span> <span class='ocrx_word' id='word_1_330' title='bbox 2770 2050 2835 2088; x_wconf 91' lang='lat' dir='ltr'><strong>ne</strong></span> <span class='ocrx_word' id='word_1_331' title='bbox 2863 2037 2991 2104; x_wconf 83' lang='lat' dir='ltr'><strong>quid</strong></span> <span class='ocrx_word' id='word_1_332' title='bbox 3029 2037 3245 2091; x_wconf 87' lang='lat' dir='ltr'><strong>interim</strong></span> <span class='ocrx_word' id='word_1_333' title='bbox 3271 2036 3358 2091; x_wconf 89' lang='lat' dir='ltr'><strong>hic</strong></span> <span class='ocrx_word' id='word_1_334' title='bbox 3395 2037 3613 2092; x_wconf 84' lang='lat' dir='ltr'><strong>veridici</strong></span> <span class='ocrx_word' id='word_1_335' title='bbox 3657 2038 3745 2092; x_wconf 86' lang='lat' dir='ltr'><strong>vi-</strong></span> 
     </span>
    </p>
   </div>
   <div class='ocr_carea' id='block_1_49' title="bbox 2162 2125 3743 2199">
    <p class='ocr_par' dir='ltr' id='par_1_49' title="bbox 2162 2125 3743 2199">
     <span class='ocr_line' id='line_1_49' title="bbox 2162 2125 3743 2199; baseline 0.003 -18"><span class='ocrx_word' id='word_1_336' title='bbox 2162 2126 2419 2194; x_wconf 87' lang='lat' dir='ltr'><strong>deamini,</strong></span> <span class='ocrx_word' id='word_1_337' title='bbox 2477 2125 2633 2182; x_wconf 69' lang='lat' dir='ltr'><strong>Isaiae</strong></span> <span class='ocrx_word' id='word_1_338' title='bbox 2678 2128 2746 2182; x_wconf 91' lang='lat' dir='ltr'><strong>de</strong></span> <span class='ocrx_word' id='word_1_339' title='bbox 2804 2130 2959 2182; x_wconf 83' lang='lat' dir='ltr'><strong>vobis</strong></span> <span class='ocrx_word' id='word_1_340' title='bbox 3008 2131 3344 2199; x_wconf 88' lang='lat' dir='ltr'><strong>prophetiam</strong></span> <span class='ocrx_word' id='word_1_341' title='bbox 3396 2130 3450 2184; x_wconf 93' lang='lat' dir='ltr'><strong>in</strong></span> <span class='ocrx_word' id='word_1_342' title='bbox 3504 2132 3743 2186; x_wconf 87' lang='lat' dir='ltr'><strong>medium</strong></span> 
     </span>
    </p>
   </div>
   <div class='ocr_carea' id='block_1_50' title="bbox 2160 2216 3745 2290">
    <p class='ocr_par' dir='ltr' id='par_1_50' title="bbox 2160 2216 3745 2290">
     <span class='ocr_line' id='line_1_50' title="bbox 2160 2216 3745 2290; baseline 0.003 -19"><span class='ocrx_word' id='word_1_343' title='bbox 2160 2216 2524 2288; x_wconf 88' lang='lat' dir='ltr'><strong>proferamus.</strong></span> <span class='ocrx_word' id='word_1_344' title='bbox 2562 2218 2694 2273; x_wconf 87' lang='lat' dir='ltr'><strong>Nam</strong></span> <span class='ocrx_word' id='word_1_345' title='bbox 2730 2218 2845 2274; x_wconf 84' lang='lat' dir='ltr'><strong>etsi&#39;</strong></span> <span class='ocrx_word' id='word_1_346' title='bbox 2883 2237 2977 2290; x_wconf 90' lang='lat' dir='ltr'><strong>per</strong></span> <span class='ocrx_word' id='word_1_347' title='bbox 3010 2222 3324 2289; x_wconf 85' lang='lat' dir='ltr'><strong>prophetam</strong></span> <span class='ocrx_word' id='word_1_348' title='bbox 3372 2224 3511 2276; x_wconf 87' lang='lat' dir='ltr'><strong>Deus</strong></span> <span class='ocrx_word' id='word_1_349' title='bbox 3546 2225 3745 2275; x_wconf 87' lang='lat' dir='ltr'><strong>contir-</strong></span> 
     </span>
    </p>
   </div>
   <div class='ocr_carea' id='block_1_51' title="bbox 2162 2310 3744 2381">
    <p class='ocr_par' dir='ltr' id='par_1_51' title="bbox 2162 2310 3744 2381">
     <span class='ocr_line' id='line_1_51' title="bbox 2162 2310 3744 2381; baseline 0.003 -16"><span class='ocrx_word' id='word_1_350' title='bbox 2162 2319 2275 2366; x_wconf 88' lang='lat' dir='ltr'><strong>mat</strong></span> <span class='ocrx_word' id='word_1_351' title='bbox 2314 2328 2327 2364; x_wconf 93' lang='lat'><strong>:</strong></span> <span class='ocrx_word' id='word_1_352' title='bbox 2367 2329 2385 2361; x_wconf 80' lang='grc' dir='ltr'><strong>ι</strong></span> <span class='ocrx_word' id='word_1_353' title='bbox 2425 2310 2825 2378; x_wconf 81' lang='lat' dir='ltr'><strong>Primogenitus</strong></span> <span class='ocrx_word' id='word_1_354' title='bbox 2860 2329 3011 2367; x_wconf 85' lang='lat' dir='ltr'><strong>meus</strong></span> <span class='ocrx_word' id='word_1_355' title='bbox 3039 2323 3199 2371; x_wconf 89' lang='lat' dir='ltr'><strong>natus</strong></span> <span class='ocrx_word' id='word_1_356' title='bbox 3232 2315 3472 2368; x_wconf 84' lang='lat' dir='ltr'><strong>Israelita</strong></span> <span class='ocrx_word' id='word_1_357' title='bbox 3518 2316 3593 2381; x_wconf 73' lang='lat' dir='ltr'><strong>Im;</strong></span> <span class='ocrx_word' id='word_1_358' title='bbox 3626 2333 3644 2365; x_wconf 77' lang='grc' dir='ltr'><strong>ι</strong></span> <span class='ocrx_word' id='word_1_359' title='bbox 3686 2328 3744 2369; x_wconf 88' lang='lat' dir='ltr'><strong>at</strong></span> 
     </span>
    </p>
   </div>
   <div class='ocr_carea' id='block_1_52' title="bbox 2162 2401 3740 2474">
    <p class='ocr_par' dir='ltr' id='par_1_52' title="bbox 2162 2401 3740 2474">
     <span class='ocr_line' id='line_1_52' title="bbox 2162 2401 3740 2474; baseline 0.004 -20"><span class='ocrx_word' id='word_1_360' title='bbox 2162 2401 2347 2455; x_wconf 89' lang='lat' dir='ltr'><strong>audite</strong></span> <span class='ocrx_word' id='word_1_361' title='bbox 2397 2416 2517 2470; x_wconf 57' lang='lat' dir='ltr'><strong>quas</strong></span> <span class='ocrx_word' id='word_1_362' title='bbox 2571 2401 2731 2470; x_wconf 89' lang='lat' dir='ltr'><strong>paulo</strong></span> <span class='ocrx_word' id='word_1_363' title='bbox 2780 2413 2907 2457; x_wconf 86' lang='lat' dir='ltr'><strong>ante</strong></span> <span class='ocrx_word' id='word_1_364' title='bbox 2968 2419 3030 2458; x_wconf 89' lang='lat' dir='ltr'><strong>ac</strong></span> <span class='ocrx_word' id='word_1_365' title='bbox 3087 2412 3210 2474; x_wconf 86' lang='lat' dir='ltr'><strong>post</strong></span> <span class='ocrx_word' id='word_1_366' title='bbox 3255 2414 3666 2473; x_wconf 88' lang='lat' dir='ltr'><strong>consequuntur</strong></span> <span class='ocrx_word' id='word_1_367' title='bbox 3725 2425 3740 2460; x_wconf 88' lang='lat'><strong>:</strong></span> 
     </span>
    </p>
   </div>
   <div class='ocr_carea' id='block_1_53' title="bbox 2166 2491 3743 2564">
    <p class='ocr_par' dir='ltr' id='par_1_53' title="bbox 2166 2491 3743 2564">
     <span class='ocr_line' id='line_1_53' title="bbox 2166 2491 3743 2564; baseline 0.004 -22"><span class='ocrx_word' id='word_1_368' title='bbox 2166 2508 2185 2542; x_wconf 74' lang='grc' dir='ltr'><strong>ι</strong></span> <span class='ocrx_word' id='word_1_369' title='bbox 2226 2491 2344 2546; x_wconf 91' lang='lat' dir='ltr'><strong>Duo</strong></span> <span class='ocrx_word' id='word_1_370' title='bbox 2378 2491 2518 2546; x_wconf 88' lang='lat' dir='ltr'><strong>mala</strong></span> <span class='ocrx_word' id='word_1_371' title='bbox 2548 2492 2676 2546; x_wconf 90' lang='lat' dir='ltr'><strong>fecit</strong></span> <span class='ocrx_word' id='word_1_372' title='bbox 2706 2493 2933 2561; x_wconf 90' lang='lat' dir='ltr'><strong>populus</strong></span> <span class='ocrx_word' id='word_1_373' title='bbox 2964 2508 3117 2548; x_wconf 90' lang='lat' dir='ltr'><strong>meus</strong></span> <span class='ocrx_word' id='word_1_374' title='bbox 3148 2513 3161 2548; x_wconf 89' lang='lat'><strong>:</strong></span> <span class='ocrx_word' id='word_1_375' title='bbox 3193 2508 3279 2548; x_wconf 90' lang='lat' dir='ltr'><strong>me</strong></span> <span class='ocrx_word' id='word_1_376' title='bbox 3310 2495 3743 2564; x_wconf 86' lang='lat' dir='ltr'><strong>dereliqueruut,</strong></span> 
     </span>
    </p>
   </div>
   <div class='ocr_carea' id='block_1_54' title="bbox 2163 2574 3746 2646">
    <p class='ocr_par' dir='ltr' id='par_1_54' title="bbox 2163 2574 3746 2646">
     <span class='ocr_line' id='line_1_54' title="bbox 2163 2574 3746 2646; baseline 0.005 -16"><span class='ocrx_word' id='word_1_377' title='bbox 2163 2576 2364 2633; x_wconf 88' lang='lat' dir='ltr'><strong>fontem</strong></span> <span class='ocrx_word' id='word_1_378' title='bbox 2391 2594 2544 2644; x_wconf 74' lang='lat' dir='ltr'><strong>aqua:</strong></span> <span class='ocrx_word' id='word_1_379' title='bbox 2567 2579 2722 2646; x_wconf 72' lang='lat' dir='ltr'><strong>vivae,</strong></span> <span class='ocrx_word' id='word_1_380' title='bbox 2749 2590 2805 2635; x_wconf 90' lang='lat' dir='ltr'><strong>et</strong></span> <span class='ocrx_word' id='word_1_381' title='bbox 2834 2574 3083 2635; x_wconf 75' lang='lat' dir='ltr'><strong>foderun&#39;t</strong></span> <span class='ocrx_word' id='word_1_382' title='bbox 3108 2582 3212 2638; x_wconf 82' lang='lat' dir='ltr'><strong>sibi</strong></span> <span class='ocrx_word' id='word_1_383' title='bbox 3242 2584 3527 2645; x_wconf 85' lang='lat' dir='ltr'><strong>cisternas,</strong></span> <span class='ocrx_word' id='word_1_384' title='bbox 3555 2587 3746 2638; x_wconf 43' lang='lat' dir='ltr'><strong>cis-ter.</strong></span> 
     </span>
    </p>
   </div>
   <div class='ocr_carea' id='block_1_55' title="bbox 2164 2670 3743 2741">
    <p class='ocr_par' dir='ltr' id='par_1_55' title="bbox 2164 2670 3743 2741">
     <span class='ocr_line' id='line_1_55' title="bbox 2164 2670 3743 2741; baseline 0.004 -18"><span class='ocrx_word' id='word_1_385' title='bbox 2164 2685 2261 2725; x_wconf 86' lang='lat' dir='ltr'><strong>nas</strong></span> <span class='ocrx_word' id='word_1_386' title='bbox 2300 2670 2594 2741; x_wconf 86' lang='lat' dir='ltr'><strong>dissipatas</strong></span> <span class='ocrx_word' id='word_1_387' title='bbox 2626 2670 2678 2738; x_wconf 85' lang='grc'>¹;</span> <span class='ocrx_word' id='word_1_388' title='bbox 2720 2690 2740 2723; x_wconf 72' lang='grc' dir='ltr'><strong>ι</strong></span> <span class='ocrx_word' id='word_1_389' title='bbox 2773 2682 2829 2726; x_wconf 85' lang='grc' dir='ltr'><strong>ει</strong></span> <span class='ocrx_word' id='word_1_390' title='bbox 2863 2688 3078 2728; x_wconf 87' lang='lat' dir='ltr'><strong>rursum</strong></span> <span class='ocrx_word' id='word_1_391' title='bbox 3114 2691 3127 2728; x_wconf 89' lang='lat'><strong>:</strong></span> <span class='ocrx_word' id='word_1_392' title='bbox 3165 2692 3184 2725; x_wconf 72' lang='grc' dir='ltr'><strong>ι</strong></span> <span class='ocrx_word' id='word_1_393' title='bbox 3226 2673 3395 2730; x_wconf 85' lang='lat' dir='ltr'><strong>Filios</strong></span> <span class='ocrx_word' id='word_1_394' title='bbox 3420 2677 3652 2729; x_wconf 87' lang='lat' dir='ltr'><strong>enutrivi</strong></span> <span class='ocrx_word' id='word_1_395' title='bbox 3686 2684 3743 2729; x_wconf 72' lang='lat' dir='ltr'><strong>et</strong></span> 
     </span>
    </p>
   </div>
   <div class='ocr_carea' id='block_1_56' title="bbox 2160 2760 3744 2832">
    <p class='ocr_par' dir='ltr' id='par_1_56' title="bbox 2160 2760 3744 2832">
     <span class='ocr_line' id='line_1_56' title="bbox 2160 2760 3744 2832; baseline 0.003 -16"><span class='ocrx_word' id='word_1_396' title='bbox 2160 2760 2424 2825; x_wconf 72' lang='lat' dir='ltr'><strong>exaltari,</strong></span> <span class='ocrx_word' id='word_1_397' title='bbox 2480 2761 2584 2831; x_wconf 87' lang='lat' dir='ltr'><strong>ipsi</strong></span> <span class='ocrx_word' id='word_1_398' title='bbox 2640 2770 2819 2817; x_wconf 84' lang='lat' dir='ltr'><strong>autem</strong></span> <span class='ocrx_word' id='word_1_399' title='bbox 2869 2775 3194 2832; x_wconf 78' lang='lat' dir='ltr'><strong>Spreverunt</strong></span> <span class='ocrx_word' id='word_1_400' title='bbox 3253 2780 3338 2820; x_wconf 90' lang='lat' dir='ltr'><strong>me</strong></span> <span class='ocrx_word' id='word_1_401' title='bbox 3387 2766 3427 2819; x_wconf 77' lang='grc'><strong>³.</strong></span> <span class='ocrx_word' id='word_1_402' title='bbox 3474 2782 3494 2817; x_wconf 72' lang='grc' dir='ltr'><strong>ι</strong></span> <span class='ocrx_word' id='word_1_403' title='bbox 3552 2764 3744 2821; x_wconf 87' lang='lat' dir='ltr'><strong>Omnis</strong></span> 
     </span>
    </p>
   </div>
   <div class='ocr_carea' id='block_1_57' title="bbox 2161 2853 3739 2925">
    <p class='ocr_par' dir='ltr' id='par_1_57' title="bbox 2161 2853 3739 2925">
     <span class='ocr_line' id='line_1_57' title="bbox 2161 2853 3739 2925; baseline 0.003 -18"><span class='ocrx_word' id='word_1_404' title='bbox 2161 2853 2359 2923; x_wconf 87' lang='lat' dir='ltr'><strong>quippe</strong></span> <span class='ocrx_word' id='word_1_405' title='bbox 2409 2862 2600 2908; x_wconf 86' lang='lat' dir='ltr'><strong>natura</strong></span> <span class='ocrx_word' id='word_1_406' title='bbox 2655 2853 2821 2919; x_wconf 84' lang='lat' dir='ltr'><strong>filius,</strong></span> <span class='ocrx_word' id='word_1_407' title='bbox 2879 2863 2938 2908; x_wconf 90' lang='lat' dir='ltr'><strong>ut</strong></span> <span class='ocrx_word' id='word_1_408' title='bbox 2991 2855 3208 2910; x_wconf 83' lang='lat' dir='ltr'><strong>deficiat</strong></span> <span class='ocrx_word' id='word_1_409' title='bbox 3237 2870 3265 2910; x_wconf 81' lang='grc' dir='ltr'><strong>ε</strong></span> <span class='ocrx_word' id='word_1_410' title='bbox 3294 2866 3465 2925; x_wconf 88' lang='lat' dir='ltr'><strong>patre,</strong></span> <span class='ocrx_word' id='word_1_411' title='bbox 3494 2869 3739 2912; x_wconf 88' lang='lat' dir='ltr'><strong>naturam</strong></span> 
     </span>
    </p>
   </div>
   <div class='ocr_carea' id='block_1_58' title="bbox 2160 2946 3739 3019">
    <p class='ocr_par' dir='ltr' id='par_1_58' title="bbox 2160 2946 3739 3019">
     <span class='ocr_line' id='line_1_58' title="bbox 2160 2946 3739 3019; baseline 0.004 -20"><span class='ocrx_word' id='word_1_412' title='bbox 2160 2956 2309 3001; x_wconf 88' lang='lat' dir='ltr'><strong>certe</strong></span> <span class='ocrx_word' id='word_1_413' title='bbox 2339 2959 2443 3001; x_wconf 90' lang='lat' dir='ltr'><strong>non</strong></span> <span class='ocrx_word' id='word_1_414' title='bbox 2467 2946 2691 3000; x_wconf 89' lang='lat' dir='ltr'><strong>amittit.</strong></span> <span class='ocrx_word' id='word_1_415' title='bbox 2720 2947 3017 3016; x_wconf 82' lang='lat' dir='ltr'><strong>Adoptivus</strong></span> <span class='ocrx_word' id='word_1_416' title='bbox 3040 2958 3245 3015; x_wconf 86' lang='lat' dir='ltr'><strong>autem,</strong></span> <span class='ocrx_word' id='word_1_417' title='bbox 3281 2950 3372 3019; x_wconf 91' lang='lat' dir='ltr'><strong>qui</strong></span> <span class='ocrx_word' id='word_1_418' title='bbox 3399 2951 3451 3004; x_wconf 90' lang='lat' dir='ltr'><strong>in</strong></span> <span class='ocrx_word' id='word_1_419' title='bbox 3487 2959 3739 3005; x_wconf 74' lang='lat' dir='ltr'><strong>naturam</strong></span> 
     </span>
    </p>
   </div>
   <div class='ocr_carea' id='block_1_59' title="bbox 2158 3038 3741 3110">
    <p class='ocr_par' dir='ltr' id='par_1_59' title="bbox 2158 3038 3741 3110">
     <span class='ocr_line' id='line_1_59' title="bbox 2158 3038 3741 3110; baseline 0.003 -19"><span class='ocrx_word' id='word_1_420' title='bbox 2158 3040 2312 3107; x_wconf 89' lang='lat' dir='ltr'><strong>quasi</strong></span> <span class='ocrx_word' id='word_1_421' title='bbox 2361 3038 2416 3092; x_wconf 89' lang='lat' dir='ltr'><strong>vi</strong></span> <span class='ocrx_word' id='word_1_422' title='bbox 2466 3038 2748 3103; x_wconf 86' lang='lat' dir='ltr'><strong>invaserit,</strong></span> <span class='ocrx_word' id='word_1_423' title='bbox 2799 3041 2971 3094; x_wconf 87' lang='lat' dir='ltr'><strong>donec</strong></span> <span class='ocrx_word' id='word_1_424' title='bbox 3023 3041 3161 3109; x_wconf 91' lang='lat' dir='ltr'><strong>patri</strong></span> <span class='ocrx_word' id='word_1_425' title='bbox 3216 3041 3553 3110; x_wconf 88' lang='lat' dir='ltr'><strong>obsequitur,</strong></span> <span class='ocrx_word' id='word_1_426' title='bbox 3595 3041 3741 3096; x_wconf 83' lang='lat' dir='ltr'><strong>filius</strong></span> 
     </span>
    </p>
   </div>
   <div class='ocr_carea' id='block_1_60' title="bbox 2159 3129 3741 3202">
    <p class='ocr_par' dir='ltr' id='par_1_60' title="bbox 2159 3129 3741 3202">
     <span class='ocr_line' id='line_1_60' title="bbox 2159 3129 3741 3202; baseline 0.003 -18"><span class='ocrx_word' id='word_1_427' title='bbox 2159 3131 2474 3184; x_wconf 89' lang='lat' dir='ltr'><strong>nominatur</strong></span> <span class='ocrx_word' id='word_1_428' title='bbox 2503 3147 2517 3184; x_wconf 88' lang='lat'><strong>:</strong></span> <span class='ocrx_word' id='word_1_429' title='bbox 2549 3129 2633 3185; x_wconf 89' lang='lat' dir='ltr'><strong>sin</strong></span> <span class='ocrx_word' id='word_1_430' title='bbox 2668 3145 2815 3197; x_wconf 85' lang='lat' dir='ltr'><strong>eum,</strong></span> <span class='ocrx_word' id='word_1_431' title='bbox 2847 3131 2933 3185; x_wconf 91' lang='lat' dir='ltr'><strong>cui</strong></span> <span class='ocrx_word' id='word_1_432' title='bbox 2970 3132 3190 3186; x_wconf 87' lang='lat' dir='ltr'><strong>additus</strong></span> <span class='ocrx_word' id='word_1_433' title='bbox 3226 3133 3318 3196; x_wconf 89' lang='lat' dir='ltr'><strong>sit,</strong></span> <span class='ocrx_word' id='word_1_434' title='bbox 3351 3143 3590 3202; x_wconf 88' lang='lat' dir='ltr'><strong>respuat,</strong></span> <span class='ocrx_word' id='word_1_435' title='bbox 3623 3134 3741 3201; x_wconf 83' lang='lat' dir='ltr'><strong>ejus</strong></span> 
     </span>
    </p>
   </div>
   <div class='ocr_carea' id='block_1_61' title="bbox 469 3222 3742 3303">
    <p class='ocr_par' dir='ltr' id='par_1_61' title="bbox 469 3222 3742 3303">
     <span class='ocr_line' id='line_1_61' title="bbox 469 3222 3742 3303; baseline 0.003 -25"><span class='ocrx_word' id='word_1_436' title='bbox 469 3224 576 3279; x_wconf 86' lang='lat' dir='ltr'><strong>iter</strong></span> <span class='ocrx_word' id='word_1_437' title='bbox 610 3233 666 3278; x_wconf 87' lang='lat' dir='ltr'><strong>et</strong></span> <span class='ocrx_word' id='word_1_438' title='bbox 721 3238 1007 3278; x_wconf 83' lang='lat' dir='ltr'><strong>ascensum</strong></span> <span class='ocrx_word' id='word_1_439' title='bbox 1039 3263 1052 3286; x_wconf 90' lang='lat'><strong>,</strong></span> <span class='ocrx_word' id='word_1_440' title='bbox 1089 3227 1532 3295; x_wconf 74' lang='lat' dir='ltr'><strong>supracoelestem</strong></span> <span class='ocrx_word' id='word_1_441' title='bbox 1577 3229 2054 3298; x_wconf 78' lang='lat' dir='ltr'><strong>pulchritudinem,</strong></span> <span class='ocrx_word' id='word_1_442' title='bbox 2084 3244 2126 3303; x_wconf 76' lang='grc' dir='ltr'>ο</span> <span class='ocrx_word' id='word_1_443' title='bbox 2161 3237 2257 3276; x_wconf 87' lang='lat' dir='ltr'><strong>nec</strong></span> <span class='ocrx_word' id='word_1_444' title='bbox 2295 3222 2440 3278; x_wconf 77' lang='lat' dir='ltr'><strong>ﬁlius</strong></span> <span class='ocrx_word' id='word_1_445' title='bbox 2466 3223 2683 3292; x_wconf 85' lang='lat' dir='ltr'><strong>quidem</strong></span> <span class='ocrx_word' id='word_1_446' title='bbox 2721 3234 2968 3280; x_wconf 80' lang='lat' dir='ltr'><strong>vocatur.</strong></span> <span class='ocrx_word' id='word_1_447' title='bbox 3019 3223 3101 3277; x_wconf 84' lang='lat' dir='ltr'><strong>Ad</strong></span> <span class='ocrx_word' id='word_1_448' title='bbox 3138 3227 3386 3280; x_wconf 78' lang='lat' dir='ltr'><strong>eumdem</strong></span> <span class='ocrx_word' id='word_1_449' title='bbox 3418 3226 3656 3289; x_wconf 79' lang='lat' dir='ltr'><strong>modum.</strong></span> <span class='ocrx_word' id='word_1_450' title='bbox 3684 3236 3742 3279; x_wconf 73' lang='lat' dir='ltr'><strong>et</strong></span> 
     </span>
    </p>
   </div>
   <div class='ocr_carea' id='block_1_62' title="bbox 468 3316 2051 3391">
    <p class='ocr_par' dir='ltr' id='par_1_62' title="bbox 468 3316 2051 3391">
     <span class='ocr_line' id='line_1_62' title="bbox 468 3316 2051 3391; baseline 0.006 -20"><span class='ocrx_word' id='word_1_451' title='bbox 468 3333 535 3373; x_wconf 90' lang='lat' dir='ltr'><strong>ac</strong></span> <span class='ocrx_word' id='word_1_452' title='bbox 558 3317 651 3371; x_wconf 92' lang='lat' dir='ltr'><strong>Dei</strong></span> <span class='ocrx_word' id='word_1_453' title='bbox 671 3316 1235 3388; x_wconf 88' lang='lat' dir='ltr'><strong>comprehensionem,</strong></span> <span class='ocrx_word' id='word_1_454' title='bbox 1259 3319 1492 3390; x_wconf 89' lang='lat' dir='ltr'><strong>denique</strong></span> <span class='ocrx_word' id='word_1_455' title='bbox 1534 3332 1588 3377; x_wconf 85' lang='lat' dir='ltr'><strong>et</strong></span> <span class='ocrx_word' id='word_1_456' title='bbox 1612 3323 2051 3391; x_wconf 85' lang='lat' dir='ltr'><strong>illustrationem,</strong></span> 
     </span>
    </p>
   </div>
   <div class='ocr_carea' id='block_1_63' title="bbox 468 3409 2055 3486">
    <p class='ocr_par' dir='ltr' id='par_1_63' title="bbox 468 3409 2055 3486">
     <span class='ocr_line' id='line_1_63' title="bbox 468 3409 2055 3486; baseline 0.006 -24"><span class='ocrx_word' id='word_1_457' title='bbox 468 3410 523 3462; x_wconf 86' lang='lat' dir='ltr'><strong>in</strong></span> <span class='ocrx_word' id='word_1_458' title='bbox 554 3419 816 3478; x_wconf 88' lang='lat' dir='ltr'><strong>quantum</strong></span> <span class='ocrx_word' id='word_1_459' title='bbox 845 3423 903 3464; x_wconf 88' lang='lat' dir='ltr'><strong>se</strong></span> <span class='ocrx_word' id='word_1_460' title='bbox 934 3409 1165 3478; x_wconf 87' lang='lat' dir='ltr'><strong>quisque</strong></span> <span class='ocrx_word' id='word_1_461' title='bbox 1197 3410 1266 3463; x_wconf 87' lang='lat' dir='ltr'><strong>ad</strong></span> <span class='ocrx_word' id='word_1_462' title='bbox 1303 3411 1354 3465; x_wconf 92' lang='lat' dir='ltr'><strong>id</strong></span> <span class='ocrx_word' id='word_1_463' title='bbox 1388 3426 1788 3482; x_wconf 88' lang='lat' dir='ltr'><strong>comparasset,</strong></span> <span class='ocrx_word' id='word_1_464' title='bbox 1829 3431 1921 3470; x_wconf 85' lang='lat' dir='ltr'><strong>seu</strong></span> <span class='ocrx_word' id='word_1_465' title='bbox 1955 3430 2055 3486; x_wconf 87' lang='lat' dir='ltr'><strong>po-</strong></span> 
     </span>
    </p>
   </div>
   <div class='ocr_carea' id='block_1_64' title="bbox 469 3499 2055 3577">
    <p class='ocr_par' dir='ltr' id='par_1_64' title="bbox 469 3499 2055 3577">
     <span class='ocr_line' id='line_1_64' title="bbox 469 3499 2055 3577; baseline 0.006 -24"><span class='ocrx_word' id='word_1_466' title='bbox 469 3500 576 3554; x_wconf 89' lang='lat' dir='ltr'><strong>tius</strong></span> <span class='ocrx_word' id='word_1_467' title='bbox 608 3499 799 3568; x_wconf 82' lang='lat' dir='ltr'><strong>Opifex</strong></span> <span class='ocrx_word' id='word_1_468' title='bbox 836 3500 1059 3569; x_wconf 84' lang='lat' dir='ltr'><strong>largitus</strong></span> <span class='ocrx_word' id='word_1_469' title='bbox 1090 3509 1255 3554; x_wconf 89' lang='lat' dir='ltr'><strong>esset.</strong></span> <span class='ocrx_word' id='word_1_470' title='bbox 1297 3501 1460 3572; x_wconf 78' lang='lat' dir='ltr'><strong>Igitur</strong></span> <span class='ocrx_word' id='word_1_471' title='bbox 1488 3503 1575 3559; x_wconf 92' lang='lat' dir='ltr'><strong>hic</strong></span> <span class='ocrx_word' id='word_1_472' title='bbox 1604 3505 1692 3561; x_wconf 90' lang='lat' dir='ltr'><strong>ille</strong></span> <span class='ocrx_word' id='word_1_473' title='bbox 1725 3506 1912 3577; x_wconf 85' lang='lat' dir='ltr'><strong>Opifex</strong></span> <span class='ocrx_word' id='word_1_474' title='bbox 1950 3515 2055 3573; x_wconf 91' lang='lat' dir='ltr'><strong>est,</strong></span> 
     </span>
    </p>
   </div>
   <div class='ocr_carea' id='block_1_65' title="bbox 468 3586 2056 3661">
    <p class='ocr_par' dir='ltr' id='par_1_65' title="bbox 468 3586 2056 3661">
     <span class='ocr_line' id='line_1_65' title="bbox 468 3586 2056 3661; baseline 0.006 -18"><span class='ocrx_word' id='word_1_475' title='bbox 468 3590 561 3658; x_wconf 88' lang='lat' dir='ltr'><strong>qui</strong></span> <span class='ocrx_word' id='word_1_476' title='bbox 588 3591 703 3644; x_wconf 64' lang='lat' dir='ltr'><strong>hare</strong></span> <span class='ocrx_word' id='word_1_477' title='bbox 736 3609 754 3639; x_wconf 76' lang='grc' dir='ltr'><strong>ι</strong></span> <span class='ocrx_word' id='word_1_478' title='bbox 791 3590 1014 3644; x_wconf 72' lang='lat' dir='ltr'><strong>tradidit</strong></span> <span class='ocrx_word' id='word_1_479' title='bbox 1035 3586 1207 3644; x_wconf 81' lang='lat' dir='ltr'><strong>Jacob</strong></span> <span class='ocrx_word' id='word_1_480' title='bbox 1242 3604 1406 3659; x_wconf 89' lang='lat' dir='ltr'><strong>puero</strong></span> <span class='ocrx_word' id='word_1_481' title='bbox 1434 3609 1554 3661; x_wconf 90' lang='lat' dir='ltr'><strong>suo,</strong></span> <span class='ocrx_word' id='word_1_482' title='bbox 1580 3605 1641 3650; x_wconf 91' lang='lat' dir='ltr'><strong>.et</strong></span> <span class='ocrx_word' id='word_1_483' title='bbox 1662 3596 1826 3652; x_wconf 86' lang='lat' dir='ltr'><strong>Israel</strong></span> <span class='ocrx_word' id='word_1_484' title='bbox 1858 3597 2056 3653; x_wconf 83' lang='lat' dir='ltr'><strong>dilecto</strong></span> 
     </span>
    </p>
   </div>
   <div class='ocr_carea' id='block_1_66' title="bbox 469 3681 2056 3753">
    <p class='ocr_par' dir='ltr' id='par_1_66' title="bbox 469 3681 2056 3753">
     <span class='ocr_line' id='line_1_66' title="bbox 469 3681 2056 3753; baseline 0.006 -17"><span class='ocrx_word' id='word_1_485' title='bbox 469 3695 587 3737; x_wconf 90' lang='lat' dir='ltr'><strong>suo.</strong></span> <span class='ocrx_word' id='word_1_486' title='bbox 612 3700 631 3733; x_wconf 71' lang='grc' dir='ltr'><strong>ι</strong></span> <span class='ocrx_word' id='word_1_487' title='bbox 669 3681 841 3737; x_wconf 81' lang='lat' dir='ltr'><strong>Macte</strong></span> <span class='ocrx_word' id='word_1_488' title='bbox 873 3681 1054 3736; x_wconf 88' lang='lat' dir='ltr'><strong>verbis</strong></span> <span class='ocrx_word' id='word_1_489' title='bbox 1080 3688 1134 3734; x_wconf 93' lang='lat' dir='ltr'><strong>ct</strong></span> <span class='ocrx_word' id='word_1_490' title='bbox 1160 3685 1441 3751; x_wconf 88' lang='lat' dir='ltr'><strong>prophetia</strong></span> <span class='ocrx_word' id='word_1_491' title='bbox 1477 3698 1614 3753; x_wconf 86' lang='lat' dir='ltr'><strong>esto,</strong></span> <span class='ocrx_word' id='word_1_492' title='bbox 1648 3686 1903 3743; x_wconf 85' lang='lat' dir='ltr'><strong>Jcremia.</strong></span> <span class='ocrx_word' id='word_1_493' title='bbox 1934 3688 2056 3745; x_wconf 85' lang='lat' dir='ltr'><strong>Non</strong></span> 
     </span>
    </p>
   </div>
   <div class='ocr_carea' id='block_1_67' title="bbox 469 3777 2056 3853">
    <p class='ocr_par' dir='ltr' id='par_1_67' title="bbox 469 3777 2056 3853">
     <span class='ocr_line' id='line_1_67' title="bbox 469 3777 2056 3853; baseline 0.005 -23"><span class='ocrx_word' id='word_1_494' title='bbox 469 3777 615 3831; x_wconf 90' lang='lat' dir='ltr'><strong>enim</strong></span> <span class='ocrx_word' id='word_1_495' title='bbox 670 3777 764 3843; x_wconf 89' lang='lat' dir='ltr'><strong>ait,</strong></span> <span class='ocrx_word' id='word_1_496' title='bbox 794 3777 1097 3836; x_wconf 88' lang='lat' dir='ltr'><strong>Postremis</strong></span> <span class='ocrx_word' id='word_1_497' title='bbox 1126 3782 1461 3853; x_wconf 86' lang='lat' dir='ltr'><strong>temporibus</strong></span> <span class='ocrx_word' id='word_1_498' title='bbox 1493 3782 1829 3851; x_wconf 86' lang='lat' dir='ltr'><strong>comparebit</strong></span> <span class='ocrx_word' id='word_1_499' title='bbox 1860 3783 1914 3837; x_wconf 94' lang='lat' dir='ltr'><strong>in</strong></span> <span class='ocrx_word' id='word_1_500' title='bbox 1947 3791 2056 3838; x_wconf 87' lang='lat' dir='ltr'><strong>ter-</strong></span> 
     </span>
    </p>
   </div>
   <div class='ocr_carea' id='block_1_68' title="bbox 468 3869 2054 3944">
    <p class='ocr_par' dir='ltr' id='par_1_68' title="bbox 468 3869 2054 3944">
     <span class='ocr_line' id='line_1_68' title="bbox 468 3869 2054 3944; baseline 0.005 -22"><span class='ocrx_word' id='word_1_501' title='bbox 468 3869 569 3935; x_wconf 91' lang='lat' dir='ltr'><strong>ris,</strong></span> <span class='ocrx_word' id='word_1_502' title='bbox 621 3878 674 3924; x_wconf 92' lang='lat' dir='ltr'><strong>et</strong></span> <span class='ocrx_word' id='word_1_503' title='bbox 723 3871 865 3939; x_wconf 90' lang='lat' dir='ltr'><strong>apud</strong></span> <span class='ocrx_word' id='word_1_504' title='bbox 916 3873 1163 3929; x_wconf 90' lang='lat' dir='ltr'><strong>homines</strong></span> <span class='ocrx_word' id='word_1_505' title='bbox 1210 3875 1535 3939; x_wconf 84' lang='lat' dir='ltr'><strong>versabitur,</strong></span> <span class='ocrx_word' id='word_1_506' title='bbox 1583 3872 1677 3928; x_wconf 90' lang='lat' dir='ltr'><strong>sed</strong></span> <span class='ocrx_word' id='word_1_507' title='bbox 1722 3877 1813 3944; x_wconf 91' lang='lat' dir='ltr'><strong>qui</strong></span> <span class='ocrx_word' id='word_1_508' title='bbox 1870 3874 2054 3932; x_wconf 87' lang='lat' dir='ltr'><strong>futura</strong></span> 
     </span>
    </p>
   </div>
   <div class='ocr_carea' id='block_1_69' title="bbox 465 3960 2054 4036">
    <p class='ocr_par' dir='ltr' id='par_1_69' title="bbox 465 3960 2054 4036">
     <span class='ocr_line' id='line_1_69' title="bbox 465 3960 2054 4036; baseline 0.002 -18"><span class='ocrx_word' id='word_1_509' title='bbox 465 3960 747 4031; x_wconf 73' lang='lat' dir='ltr'><strong>explorata</strong></span> <span class='ocrx_word' id='word_1_510' title='bbox 782 3963 835 4016; x_wconf 90' lang='lat' dir='ltr'><strong>in</strong></span> <span class='ocrx_word' id='word_1_511' title='bbox 865 3978 924 4018; x_wconf 89' lang='lat' dir='ltr'><strong>se</strong></span> <span class='ocrx_word' id='word_1_512' title='bbox 953 3966 1279 4030; x_wconf 88' lang='lat' dir='ltr'><strong>contineret,</strong></span> <span class='ocrx_word' id='word_1_513' title='bbox 1312 3964 1491 4018; x_wconf 90' lang='lat' dir='ltr'><strong>futura</strong></span> <span class='ocrx_word' id='word_1_514' title='bbox 1524 3974 1780 4034; x_wconf 89' lang='lat' dir='ltr'><strong>tanquam</strong></span> <span class='ocrx_word' id='word_1_515' title='bbox 1812 3982 2054 4036; x_wconf 62' lang='lat' dir='ltr'><strong>praesen-</strong></span> 
     </span>
    </p>
   </div>
   <div class='ocr_carea' id='block_1_70' title="bbox 469 4054 2050 4126">
    <p class='ocr_par' dir='ltr' id='par_1_70' title="bbox 469 4054 2050 4126">
     <span class='ocr_line' id='line_1_70' title="bbox 469 4054 2050 4126; baseline 0.004 -19"><span class='ocrx_word' id='word_1_516' title='bbox 469 4054 541 4108; x_wconf 89' lang='lat' dir='ltr'><strong>tia</strong></span> <span class='ocrx_word' id='word_1_517' title='bbox 572 4056 901 4125; x_wconf 68' lang='lat' dir='ltr'><strong>pratsagivit.</strong></span> <span class='ocrx_word' id='word_1_518' title='bbox 930 4055 997 4111; x_wconf 90' lang='lat' dir='ltr'><strong>Et</strong></span> <span class='ocrx_word' id='word_1_519' title='bbox 1030 4057 1324 4126; x_wconf 78' lang='lat' dir='ltr'><strong>Sapientia:</strong></span> <span class='ocrx_word' id='word_1_520' title='bbox 1346 4061 1460 4114; x_wconf 79' lang='lat' dir='ltr'><strong>haec</strong></span> <span class='ocrx_word' id='word_1_521' title='bbox 1493 4066 1577 4114; x_wconf 81' lang='lat' dir='ltr'><strong>est</strong></span> <span class='ocrx_word' id='word_1_522' title='bbox 1608 4077 1625 4114; x_wconf 86' lang='lat'><strong>:</strong></span> <span class='ocrx_word' id='word_1_523' title='bbox 1654 4078 1672 4111; x_wconf 74' lang='grc' dir='ltr'><strong>ι</strong></span> <span class='ocrx_word' id='word_1_524' title='bbox 1710 4061 1844 4115; x_wconf 85' lang='lat' dir='ltr'><strong>Cum</strong></span> <span class='ocrx_word' id='word_1_525' title='bbox 1873 4074 2050 4114; x_wconf 89' lang='lat' dir='ltr'><strong>meum</strong></span> 
     </span>
    </p>
   </div>
   <div class='ocr_carea' id='block_1_71' title="bbox 465 4142 2051 4220">
    <p class='ocr_par' dir='ltr' id='par_1_71' title="bbox 465 4142 2051 4220">
     <span class='ocr_line' id='line_1_71' title="bbox 465 4142 2051 4220; baseline 0.006 -24"><span class='ocrx_word' id='word_1_526' title='bbox 465 4142 665 4200; x_wconf 87' lang='lat' dir='ltr'><strong>Filium</strong></span> <span class='ocrx_word' id='word_1_527' title='bbox 710 4161 819 4202; x_wconf 91' lang='lat' dir='ltr'><strong>non</strong></span> <span class='ocrx_word' id='word_1_528' title='bbox 873 4149 1166 4217; x_wconf 89' lang='lat' dir='ltr'><strong>audierint,</strong></span> <span class='ocrx_word' id='word_1_529' title='bbox 1205 4165 1304 4220; x_wconf 85' lang='lat' dir='ltr'><strong>ego</strong></span> <span class='ocrx_word' id='word_1_530' title='bbox 1354 4165 1569 4220; x_wconf 89' lang='lat' dir='ltr'><strong>quoque</strong></span> <span class='ocrx_word' id='word_1_531' title='bbox 1600 4166 1694 4207; x_wconf 90' lang='lat' dir='ltr'><strong>eos</strong></span> <span class='ocrx_word' id='word_1_532' title='bbox 1731 4166 1840 4206; x_wconf 90' lang='lat' dir='ltr'><strong>non</strong></span> <span class='ocrx_word' id='word_1_533' title='bbox 1884 4167 2051 4206; x_wconf 79' lang='lat' dir='ltr'><strong>exau-</strong></span> 
     </span>
    </p>
   </div>
   <div class='ocr_carea' id='block_1_72' title="bbox 464 4233 1612 4312">
    <p class='ocr_par' dir='ltr' id='par_1_72' title="bbox 464 4233 1612 4312">
     <span class='ocr_line' id='line_1_72' title="bbox 464 4233 1612 4312; baseline 0.004 -23"><span class='ocrx_word' id='word_1_534' title='bbox 464 4233 633 4301; x_wconf 86' lang='lat' dir='ltr'><strong>diam,</strong></span> <span class='ocrx_word' id='word_1_535' title='bbox 674 4238 851 4307; x_wconf 84' lang='lat' dir='ltr'><strong>inquit</strong></span> <span class='ocrx_word' id='word_1_536' title='bbox 884 4238 1149 4296; x_wconf 87' lang='lat' dir='ltr'><strong>Dominus</strong></span> <span class='ocrx_word' id='word_1_537' title='bbox 1179 4243 1545 4312; x_wconf 89' lang='lat' dir='ltr'><strong>omuipoteus.</strong></span> <span class='ocrx_word' id='word_1_538' title='bbox 1593 4259 1612 4294; x_wconf 75' lang='grc' dir='ltr'><strong>ι</strong></span> 
     </span>
    </p>
   </div>
   <div class='ocr_carea' id='block_1_73' title="bbox 536 4325 2053 4402">
    <p class='ocr_par' dir='ltr' id='par_1_73' title="bbox 536 4325 2053 4402">
     <span class='ocr_line' id='line_1_73' title="bbox 536 4325 2053 4402; baseline 0.005 -23"><span class='ocrx_word' id='word_1_539' title='bbox 536 4325 661 4381; x_wconf 77' lang='lat' dir='ltr'><strong>Jun.</strong></span> <span class='ocrx_word' id='word_1_540' title='bbox 690 4327 935 4384; x_wconf 89' lang='lat' dir='ltr'><strong>lnsoleus</strong></span> <span class='ocrx_word' id='word_1_541' title='bbox 985 4330 1140 4386; x_wconf 89' lang='lat' dir='ltr'><strong>nobis</strong></span> <span class='ocrx_word' id='word_1_542' title='bbox 1190 4347 1294 4386; x_wconf 92' lang='lat' dir='ltr'><strong>non</strong></span> <span class='ocrx_word' id='word_1_543' title='bbox 1326 4333 1562 4397; x_wconf 89' lang='lat' dir='ltr'><strong>videtur,</strong></span> <span class='ocrx_word' id='word_1_544' title='bbox 1598 4340 1818 4387; x_wconf 91' lang='lat' dir='ltr'><strong>unctum</strong></span> <span class='ocrx_word' id='word_1_545' title='bbox 1851 4348 1879 4386; x_wconf 90' lang='lat' dir='ltr'><strong>a</strong></span> <span class='ocrx_word' id='word_1_546' title='bbox 1921 4347 2053 4402; x_wconf 88' lang='lat' dir='ltr'><strong>pro-</strong></span> 
     </span>
    </p>
   </div>
   <div class='ocr_carea' id='block_1_74' title="bbox 467 4419 2052 4487">
    <p class='ocr_par' dir='ltr' id='par_1_74' title="bbox 467 4419 2052 4487">
     <span class='ocr_line' id='line_1_74' title="bbox 467 4419 2052 4487; baseline 0.006 -16"><span class='ocrx_word' id='word_1_547' title='bbox 467 4419 672 4487; x_wconf 88' lang='lat' dir='ltr'><strong>phetis,</strong></span> <span class='ocrx_word' id='word_1_548' title='bbox 720 4421 950 4475; x_wconf 81' lang='lat' dir='ltr'><strong>Puerum</strong></span> <span class='ocrx_word' id='word_1_549' title='bbox 999 4432 1054 4477; x_wconf 92' lang='lat' dir='ltr'><strong>et</strong></span> <span class='ocrx_word' id='word_1_550' title='bbox 1104 4421 1301 4476; x_wconf 88' lang='lat' dir='ltr'><strong>Filium</strong></span> <span class='ocrx_word' id='word_1_551' title='bbox 1354 4423 1444 4477; x_wconf 84' lang='lat' dir='ltr'><strong>Dei</strong></span> <span class='ocrx_word' id='word_1_552' title='bbox 1482 4425 1684 4479; x_wconf 90' lang='lat' dir='ltr'><strong>vocari.</strong></span> <span class='ocrx_word' id='word_1_553' title='bbox 1733 4422 1867 4478; x_wconf 87' lang='lat' dir='ltr'><strong>Nam</strong></span> <span class='ocrx_word' id='word_1_554' title='bbox 1901 4423 2052 4480; x_wconf 88' lang='lat' dir='ltr'><strong>etde</strong></span> 
     </span>
    </p>
   </div>
   <div class='ocr_carea' id='block_1_75' title="bbox 468 4509 2050 4587">
    <p class='ocr_par' dir='ltr' id='par_1_75' title="bbox 468 4509 2050 4587">
     <span class='ocr_line' id='line_1_75' title="bbox 468 4509 2050 4587; baseline 0.008 -27"><span class='ocrx_word' id='word_1_555' title='bbox 468 4509 626 4563; x_wconf 87' lang='lat' dir='ltr'><strong>nobis</strong></span> <span class='ocrx_word' id='word_1_556' title='bbox 661 4509 829 4565; x_wconf 88' lang='lat' dir='ltr'><strong>lsaias</strong></span> <span class='ocrx_word' id='word_1_557' title='bbox 860 4512 1054 4567; x_wconf 80' lang='lat' dir='ltr'><strong>elfatur</strong></span> <span class='ocrx_word' id='word_1_558' title='bbox 1100 4512 1212 4583; x_wconf 75' lang='lat'><strong>(29)</strong></span> <span class='ocrx_word' id='word_1_559' title='bbox 1248 4530 1261 4567; x_wconf 89' lang='lat'><strong>:</strong></span> <span class='ocrx_word' id='word_1_560' title='bbox 1302 4532 1321 4565; x_wconf 79' lang='grc' dir='ltr'><strong>ι</strong></span> <span class='ocrx_word' id='word_1_561' title='bbox 1370 4514 1625 4586; x_wconf 88' lang='lat' dir='ltr'><strong>Ephraim</strong></span> <span class='ocrx_word' id='word_1_562' title='bbox 1661 4516 2050 4587; x_wconf 83' lang='lat' dir='ltr'><strong>primogenitus</strong></span> 
     </span>
    </p>
   </div>
   <div class='ocr_carea' id='block_1_76' title="bbox 468 4609 846 4664">
    <p class='ocr_par' dir='ltr' id='par_1_76' title="bbox 468 4609 846 4664">
     <span class='ocr_line' id='line_1_76' title="bbox 468 4609 846 4664; baseline 0.003 -16"><span class='ocrx_word' id='word_1_563' title='bbox 468 4612 621 4651; x_wconf 86' lang='lat' dir='ltr'><strong>mens</strong></span> <span class='ocrx_word' id='word_1_564' title='bbox 651 4609 751 4653; x_wconf 83' lang='lat' dir='ltr'><strong>est.</strong></span> <span class='ocrx_word' id='word_1_565' title='bbox 792 4617 811 4649; x_wconf 73' lang='grc' dir='ltr'><strong>ι</strong></span> <span class='ocrx_word' id='word_1_566' title='bbox 833 4653 846 4664; x_wconf 55' lang='grc'><strong>,</strong></span> 
     </span>
    </p>
   </div>
   <div class='ocr_carea' id='block_1_77' title="bbox 536 4690 2049 4770">
    <p class='ocr_par' dir='ltr' id='par_1_77' title="bbox 536 4690 2049 4770">
     <span class='ocr_line' id='line_1_77' title="bbox 536 4690 2049 4770; baseline 0.007 -24"><span class='ocrx_word' id='word_1_567' title='bbox 536 4690 764 4750; x_wconf 75' lang='grc' dir='ltr'><strong>Οιιιιιετ.</strong></span> <span class='ocrx_word' id='word_1_568' title='bbox 818 4695 994 4750; x_wconf 83' lang='lat' dir='ltr'><strong>Dixiu’</strong></span> <span class='ocrx_word' id='word_1_569' title='bbox 1036 4697 1210 4764; x_wconf 93' lang='lat' dir='ltr'><strong>vobis,</strong></span> <span class='ocrx_word' id='word_1_570' title='bbox 1264 4699 1399 4770; x_wconf 89' lang='lat' dir='ltr'><strong>legis</strong></span> <span class='ocrx_word' id='word_1_571' title='bbox 1451 4708 1813 4770; x_wconf 79' lang='lat' dir='ltr'><strong>tegumentum</strong></span> <span class='ocrx_word' id='word_1_572' title='bbox 1858 4717 1965 4757; x_wconf 90' lang='lat' dir='ltr'><strong>non</strong></span> <span class='ocrx_word' id='word_1_573' title='bbox 2018 4718 2049 4758; x_wconf 92' lang='lat' dir='ltr'><strong>e</strong></span> 
     </span>
    </p>
   </div>
   <div class='ocr_carea' id='block_1_78' title="bbox 468 4782 2047 4860">
    <p class='ocr_par' dir='ltr' id='par_1_78' title="bbox 468 4782 2047 4860">
     <span class='ocr_line' id='line_1_78' title="bbox 468 4782 2047 4860; baseline 0.006 -25"><span class='ocrx_word' id='word_1_574' title='bbox 468 4782 684 4848; x_wconf 87' lang='lat' dir='ltr'><strong>litteris,</strong></span> <span class='ocrx_word' id='word_1_575' title='bbox 711 4785 803 4837; x_wconf 89' lang='lat' dir='ltr'><strong>sed</strong></span> <span class='ocrx_word' id='word_1_576' title='bbox 832 4790 1218 4857; x_wconf 82' lang='lat' dir='ltr'><strong>vestigatorum</strong></span> <span class='ocrx_word' id='word_1_577' title='bbox 1238 4798 1290 4843; x_wconf 92' lang='lat' dir='ltr'><strong>et</strong></span> <span class='ocrx_word' id='word_1_578' title='bbox 1310 4789 1661 4859; x_wconf 77' lang='lat' dir='ltr'><strong>quaesitorum</strong></span> <span class='ocrx_word' id='word_1_579' title='bbox 1693 4790 2047 4860; x_wconf 72' lang='lat' dir='ltr'><strong>intelligentia</strong></span> 
     </span>
    </p>
   </div>
   <div class='ocr_carea' id='block_1_79' title="bbox 468 4870 2050 4933">
    <p class='ocr_par' dir='ltr' id='par_1_79' title="bbox 468 4870 2050 4933">
     <span class='ocr_line' id='line_1_79' title="bbox 468 4870 2050 4933; baseline 0.003 -7"><span class='ocrx_word' id='word_1_580' title='bbox 468 4873 720 4927; x_wconf 84' lang='lat' dir='ltr'><strong>censeri?</strong></span> <span class='ocrx_word' id='word_1_581' title='bbox 748 4870 820 4928; x_wconf 90' lang='lat' dir='ltr'><strong>Ut</strong></span> <span class='ocrx_word' id='word_1_582' title='bbox 851 4876 992 4929; x_wconf 85' lang='lat' dir='ltr'><strong>enim</strong></span> <span class='ocrx_word' id='word_1_583' title='bbox 1025 4885 1134 4930; x_wconf 92' lang='lat' dir='ltr'><strong>tum</strong></span> <span class='ocrx_word' id='word_1_584' title='bbox 1167 4892 1275 4931; x_wconf 91' lang='lat' dir='ltr'><strong>non</strong></span> <span class='ocrx_word' id='word_1_585' title='bbox 1300 4892 1488 4933; x_wconf 88' lang='lat' dir='ltr'><strong>omnes</strong></span> <span class='ocrx_word' id='word_1_586' title='bbox 1515 4892 1647 4932; x_wconf 87' lang='lat' dir='ltr'><strong>sane</strong></span> <span class='ocrx_word' id='word_1_587' title='bbox 1679 4877 1855 4931; x_wconf 88' lang='lat' dir='ltr'><strong>vultus</strong></span> <span class='ocrx_word' id='word_1_588' title='bbox 1889 4876 2050 4931; x_wconf 82' lang='lat' dir='ltr'><strong>Mosis</strong></span> 
     </span>
    </p>
   </div>
   <div class='ocr_carea' id='block_1_80' title="bbox 470 4962 2047 5043">
    <p class='ocr_par' dir='ltr' id='par_1_80' title="bbox 470 4962 2047 5043">
     <span class='ocr_line' id='line_1_80' title="bbox 470 4962 2047 5043; baseline 0.005 -28"><span class='ocrx_word' id='word_1_589' title='bbox 470 4962 812 5033; x_wconf 84' lang='lat' dir='ltr'><strong>splendorem</strong></span> <span class='ocrx_word' id='word_1_590' title='bbox 844 4965 1100 5043; x_wconf 83' lang='lat' dir='ltr'><strong>irretorte</strong></span> <span class='ocrx_word' id='word_1_591' title='bbox 1135 4966 1506 5034; x_wconf 89' lang='lat' dir='ltr'><strong>intuebantur,</strong></span> <span class='ocrx_word' id='word_1_592' title='bbox 1538 4966 1634 5022; x_wconf 88' lang='lat' dir='ltr'><strong>sed</strong></span> <span class='ocrx_word' id='word_1_593' title='bbox 1663 4967 1761 5022; x_wconf 89' lang='lat' dir='ltr'><strong>soli</strong></span> <span class='ocrx_word' id='word_1_594' title='bbox 1794 4968 2047 5023; x_wconf 88' lang='lat' dir='ltr'><strong>divinitus</strong></span> 
     </span>
    </p>
   </div>
   <div class='ocr_carea' id='block_1_81' title="bbox 465 5055 2047 5127">
    <p class='ocr_par' dir='ltr' id='par_1_81' title="bbox 465 5055 2047 5127">
     <span class='ocr_line' id='line_1_81' title="bbox 465 5055 2047 5127; baseline 0.003 -18"><span class='ocrx_word' id='word_1_595' title='bbox 465 5055 658 5120; x_wconf 88' lang='lat' dir='ltr'><strong>electi;</strong></span> <span class='ocrx_word' id='word_1_596' title='bbox 693 5056 765 5110; x_wconf 90' lang='lat' dir='ltr'><strong>ita</strong></span> <span class='ocrx_word' id='word_1_597' title='bbox 797 5057 885 5111; x_wconf 93' lang='lat' dir='ltr'><strong>hic</strong></span> <span class='ocrx_word' id='word_1_598' title='bbox 910 5072 1125 5127; x_wconf 91' lang='lat' dir='ltr'><strong>quoque</strong></span> <span class='ocrx_word' id='word_1_599' title='bbox 1156 5060 1351 5113; x_wconf 70' lang='lat' dir='ltr'><strong>mentis</strong></span> <span class='ocrx_word' id='word_1_600' title='bbox 1377 5058 1551 5115; x_wconf 88' lang='lat' dir='ltr'><strong>oculis</strong></span> <span class='ocrx_word' id='word_1_601' title='bbox 1585 5060 1748 5127; x_wconf 89' lang='lat' dir='ltr'><strong>capti,</strong></span> <span class='ocrx_word' id='word_1_602' title='bbox 1784 5058 1851 5113; x_wconf 89' lang='lat' dir='ltr'><strong>ad</strong></span> <span class='ocrx_word' id='word_1_603' title='bbox 1880 5074 2047 5113; x_wconf 69' lang='lat' dir='ltr'><strong>sacra:</strong></span> 
     </span>
    </p>
   </div>
   <div class='ocr_carea' id='block_1_82' title="bbox 469 5144 2043 5219">
    <p class='ocr_par' dir='ltr' id='par_1_82' title="bbox 469 5144 2043 5219">
     <span class='ocr_line' id='line_1_82' title="bbox 469 5144 2043 5219; baseline 0.004 -21"><span class='ocrx_word' id='word_1_604' title='bbox 469 5144 765 5216; x_wconf 73' lang='lat' dir='ltr'><strong>Scriptura:</strong></span> <span class='ocrx_word' id='word_1_605' title='bbox 797 5148 970 5202; x_wconf 90' lang='lat' dir='ltr'><strong>lucem</strong></span> <span class='ocrx_word' id='word_1_606' title='bbox 999 5150 1316 5216; x_wconf 80' lang='lat' dir='ltr'><strong>caecutiunt,</strong></span> <span class='ocrx_word' id='word_1_607' title='bbox 1353 5158 1410 5204; x_wconf 88' lang='lat' dir='ltr'><strong>ut</strong></span> <span class='ocrx_word' id='word_1_608' title='bbox 1440 5160 1496 5205; x_wconf 89' lang='lat' dir='ltr'><strong>et</strong></span> <span class='ocrx_word' id='word_1_609' title='bbox 1515 5165 1612 5206; x_wconf 81' lang='lat' dir='ltr'><strong>vos</strong></span> <span class='ocrx_word' id='word_1_610' title='bbox 1645 5149 1701 5204; x_wconf 91' lang='lat' dir='ltr'><strong>iu</strong></span> <span class='ocrx_word' id='word_1_611' title='bbox 1738 5150 2043 5219; x_wconf 59' lang='lat' dir='ltr'><strong>pratseutia.</strong></span> 
     </span>
    </p>
   </div>
   <div class='ocr_carea' id='block_1_83' title="bbox 467 5235 2077 5324">
    <p class='ocr_par' dir='ltr' id='par_1_83' title="bbox 467 5235 2077 5324">
     <span class='ocr_line' id='line_1_83' title="bbox 467 5235 2077 5324; baseline 0.006 -36"><span class='ocrx_word' id='word_1_612' title='bbox 467 5235 650 5305; x_wconf 85' lang='lat' dir='ltr'><strong>Neque</strong></span> <span class='ocrx_word' id='word_1_613' title='bbox 694 5239 837 5292; x_wconf 92' lang='lat' dir='ltr'><strong>enim</strong></span> <span class='ocrx_word' id='word_1_614' title='bbox 889 5240 1199 5296; x_wconf 84' lang='lat' dir='ltr'><strong>Salomonis</strong></span> <span class='ocrx_word' id='word_1_615' title='bbox 1251 5243 1565 5297; x_wconf 87' lang='lat' dir='ltr'><strong>vaticinium</strong></span> <span class='ocrx_word' id='word_1_616' title='bbox 1625 5244 1824 5297; x_wconf 88' lang='lat' dir='ltr'><strong>mentis</strong></span> <span class='ocrx_word' id='word_1_617' title='bbox 1859 5253 2077 5324; x_wconf 35' lang='lat' dir='ltr'><strong>vestra}.</strong></span> 
     </span>
    </p>
   </div>
   <div class='ocr_carea' id='block_1_84' title="bbox 469 5330 2047 5400">
    <p class='ocr_par' dir='ltr' id='par_1_84' title="bbox 469 5330 2047 5400">
     <span class='ocr_line' id='line_1_84' title="bbox 469 5330 2047 5400; baseline 0.005 -20"><span class='ocrx_word' id='word_1_618' title='bbox 469 5330 748 5384; x_wconf 89' lang='lat' dir='ltr'><strong>oculorum</strong></span> <span class='ocrx_word' id='word_1_619' title='bbox 807 5331 1183 5400; x_wconf 84' lang='lat' dir='ltr'><strong>lippitudinem</strong></span> <span class='ocrx_word' id='word_1_620' title='bbox 1250 5336 1316 5387; x_wconf 88' lang='lat' dir='ltr'><strong>ad</strong></span> <span class='ocrx_word' id='word_1_621' title='bbox 1373 5336 1704 5390; x_wconf 88' lang='lat' dir='ltr'><strong>cernendam</strong></span> <span class='ocrx_word' id='word_1_622' title='bbox 1763 5336 2047 5389; x_wconf 82' lang='lat' dir='ltr'><strong>veritatem</strong></span> 
     </span>
    </p>
   </div>
   <div class='ocr_carea' id='block_1_85' title="bbox 537 5513 1856 5580">
    <p class='ocr_par' dir='ltr' id='par_1_85' title="bbox 537 5513 1856 5580">
     <span class='ocr_line' id='line_1_85' title="bbox 537 5513 1856 5580; baseline 0.002 -13"><span class='ocrx_word' id='word_1_623' title='bbox 537 5516 584 5549; x_wconf 84' lang='lat'>&quot;</span> <span class='ocrx_word' id='word_1_624' title='bbox 626 5516 861 5571; x_wconf 81' lang='lat' dir='ltr'><strong>Daruch.</strong></span> <span class='ocrx_word' id='word_1_625' title='bbox 906 5532 988 5580; x_wconf 91' lang='grc' dir='ltr'><strong>ιιι,</strong></span> <span class='ocrx_word' id='word_1_626' title='bbox 1027 5514 1216 5571; x_wconf 80' lang='grc'><strong>56-58.</strong></span> <span class='ocrx_word' id='word_1_627' title='bbox 1293 5514 1359 5548; x_wconf 75' lang='grc'><strong>’⁷⁸</strong></span> <span class='ocrx_word' id='word_1_628' title='bbox 1397 5514 1533 5570; x_wconf 86' lang='lat' dir='ltr'><strong>Gen.</strong></span> <span class='ocrx_word' id='word_1_629' title='bbox 1574 5531 1702 5580; x_wconf 78' lang='lat' dir='ltr'><strong>xxv,</strong></span> <span class='ocrx_word' id='word_1_630' title='bbox 1765 5513 1856 5569; x_wconf 75' lang='lat'><strong>2&#39;5.</strong></span> 
     </span>
    </p>
   </div>
   <div class='ocr_carea' id='block_1_86' title="bbox 470 5585 2034 5654">
    <p class='ocr_par' dir='ltr' id='par_1_86' title="bbox 470 5585 2034 5654">
     <span class='ocr_line' id='line_1_86' title="bbox 470 5585 2034 5654; baseline -0.001 -13"><span class='ocrx_word' id='word_1_631' title='bbox 470 5586 490 5615; x_wconf 80' lang='lat'><strong><em>‘</em></strong></span> <span class='ocrx_word' id='word_1_632' title='bbox 527 5586 638 5643; x_wconf 85' lang='lat' dir='ltr'><strong>Isa.</strong></span> <span class='ocrx_word' id='word_1_633' title='bbox 681 5604 717 5654; x_wconf 86' lang='grc' dir='ltr'><strong>ι,</strong></span> <span class='ocrx_word' id='word_1_634' title='bbox 762 5588 817 5642; x_wconf 72' lang='grc'><strong>2.</strong></span> <span class='ocrx_word' id='word_1_635' title='bbox 892 5589 913 5619; x_wconf 89' lang='grc'>³</span> <span class='ocrx_word' id='word_1_636' title='bbox 953 5587 1185 5641; x_wconf 81' lang='lat' dir='ltr'><strong>Baruch.</strong></span> <span class='ocrx_word' id='word_1_637' title='bbox 1232 5601 1323 5649; x_wconf 88' lang='grc' dir='ltr'><strong>ιιι,</strong></span> <span class='ocrx_word' id='word_1_638' title='bbox 1368 5586 1455 5640; x_wconf 71' lang='grc'><strong>58.</strong></span> <span class='ocrx_word' id='word_1_639' title='bbox 1530 5585 1552 5617; x_wconf 74' lang='grc'>⁸</span> <span class='ocrx_word' id='word_1_640' title='bbox 1590 5585 1823 5641; x_wconf 85' lang='lat' dir='ltr'><strong>Baruch.</strong></span> <span class='ocrx_word' id='word_1_641' title='bbox 1865 5600 1941 5654; x_wconf 87' lang='lat' dir='ltr'><strong>tv,</strong></span> <span class='ocrx_word' id='word_1_642' title='bbox 1982 5587 2034 5641; x_wconf 84' lang='lat' dir='ltr'><strong>I.</strong></span> 
     </span>
    </p>
   </div>
   <div class='ocr_carea' id='block_1_87' title="bbox 539 5737 1349 5810">
    <p class='ocr_par' dir='ltr' id='par_1_87' title="bbox 539 5737 1349 5810">
     <span class='ocr_line' id='line_1_87' title="bbox 539 5737 1349 5810; baseline 0.004 -19"><span class='ocrx_word' id='word_1_643' title='bbox 539 5740 651 5810; x_wconf 67' lang='lat'><strong>(29)</strong></span> <span class='ocrx_word' id='word_1_644' title='bbox 683 5738 794 5793; x_wconf 84' lang='lat' dir='ltr'><strong>luto</strong></span> <span class='ocrx_word' id='word_1_645' title='bbox 825 5737 1087 5794; x_wconf 85' lang='lat' dir='ltr'><strong>Jeremias</strong></span> <span class='ocrx_word' id='word_1_646' title='bbox 1114 5755 1267 5804; x_wconf 69' lang='grc' dir='ltr'><strong>χχιιι,</strong></span> <span class='ocrx_word' id='word_1_647' title='bbox 1294 5738 1349 5794; x_wconf 87' lang='grc'><strong>9.</strong></span> 
     </span>
    </p>
   </div>
   <div class='ocr_carea' id='block_1_88' title="bbox 1932 5514 2555 5642">
    <p class='ocr_par' dir='ltr' id='par_1_88' title="bbox 1932 5514 2555 5642">
     <span class='ocr_line' id='line_1_88' title="bbox 1932 5514 2555 5584; baseline 0.006 -15"><span class='ocrx_word' id='word_1_648' title='bbox 1932 5514 1978 5547; x_wconf 76' lang='grc'><strong>⁸⁸</strong></span> <span class='ocrx_word' id='word_1_649' title='bbox 2017 5514 2153 5570; x_wconf 87' lang='lat' dir='ltr'><strong>Gen.</strong></span> <span class='ocrx_word' id='word_1_650' title='bbox 2195 5531 2427 5584; x_wconf 72' lang='lat' dir='ltr'><strong>xxxwu,</strong></span> <span class='ocrx_word' id='word_1_651' title='bbox 2467 5516 2555 5573; x_wconf 73' lang='lat'><strong>29.</strong></span> 
     </span>
     <span class='ocr_line' id='line_1_89' title="bbox 1932 5586 2307 5642; baseline -0.005 0"><span class='ocrx_word' id='word_1_652' title='bbox 1932 5625 1941 5642; x_wconf 84' lang='lat'><strong>.</strong></span> <span class='ocrx_word' id='word_1_653' title='bbox 1982 5587 2034 5641; x_wconf 85' lang='lat' dir='ltr'><strong>I.</strong></span> <span class='ocrx_word' id='word_1_654' title='bbox 2111 5587 2131 5618; x_wconf 83' lang='grc'><strong><em>⁵</em></strong></span> <span class='ocrx_word' id='word_1_655' title='bbox 2172 5586 2307 5642; x_wconf 90' lang='lat' dir='ltr'><strong>ibid.</strong></span> 
     </span>
    </p>
   </div>
   <div class='ocr_carea' id='block_1_89' title="bbox 2156 3315 3739 3385">
    <p class='ocr_par' dir='ltr' id='par_1_89' title="bbox 2156 3315 3739 3385">
     <span class='ocr_line' id='line_1_90' title="bbox 2156 3315 3739 3385; baseline 0.001 -18"><span class='ocrx_word' id='word_1_656' title='bbox 2156 3323 2413 3385; x_wconf 88' lang='lat' dir='ltr'><strong>parentes</strong></span> <span class='ocrx_word' id='word_1_657' title='bbox 2435 3316 2622 3382; x_wconf 86' lang='lat' dir='ltr'><strong>vestri,</strong></span> <span class='ocrx_word' id='word_1_658' title='bbox 2656 3316 2747 3385; x_wconf 92' lang='lat' dir='ltr'><strong>qui</strong></span> <span class='ocrx_word' id='word_1_659' title='bbox 2779 3315 2945 3371; x_wconf 90' lang='lat' dir='ltr'><strong>Deum</strong></span> <span class='ocrx_word' id='word_1_660' title='bbox 2979 3317 3297 3385; x_wconf 84' lang='lat' dir='ltr'><strong>reliquerint</strong></span> <span class='ocrx_word' id='word_1_661' title='bbox 3327 3332 3388 3369; x_wconf 87' lang='lat' dir='ltr'><strong>ac</strong></span> <span class='ocrx_word' id='word_1_662' title='bbox 3409 3318 3739 3384; x_wconf 81' lang='lat' dir='ltr'><strong>respuerint,</strong></span> 
     </span>
    </p>
   </div>
   <div class='ocr_carea' id='block_1_90' title="bbox 2156 3403 3737 3480">
    <p class='ocr_par' dir='ltr' id='par_1_90' title="bbox 2156 3403 3737 3480">
     <span class='ocr_line' id='line_1_91' title="bbox 2156 3403 3737 3480; baseline 0.002 -21"><span class='ocrx_word' id='word_1_663' title='bbox 2156 3415 2215 3459; x_wconf 94' lang='lat' dir='ltr'><strong>ut</strong></span> <span class='ocrx_word' id='word_1_664' title='bbox 2240 3403 2410 3461; x_wconf 86' lang='lat' dir='ltr'><strong>Isaias</strong></span> <span class='ocrx_word' id='word_1_665' title='bbox 2453 3406 2549 3473; x_wconf 91' lang='lat' dir='ltr'><strong>ait,</strong></span> <span class='ocrx_word' id='word_1_666' title='bbox 2590 3405 2926 3480; x_wconf 76' lang='lat' dir='ltr'><strong>daemonibus</strong></span> <span class='ocrx_word' id='word_1_667' title='bbox 2975 3408 3168 3473; x_wconf 90' lang='lat' dir='ltr'><strong>additi,</strong></span> <span class='ocrx_word' id='word_1_668' title='bbox 3207 3422 3336 3462; x_wconf 88' lang='lat' dir='ltr'><strong>vere</strong></span> <span class='ocrx_word' id='word_1_669' title='bbox 3384 3406 3601 3463; x_wconf 84' lang='lat' dir='ltr'><strong>Satanae</strong></span> <span class='ocrx_word' id='word_1_670' title='bbox 3641 3409 3737 3462; x_wconf 84' lang='lat' dir='ltr'><strong>lilii</strong></span> 
     </span>
    </p>
   </div>
   <div class='ocr_carea' id='block_1_91' title="bbox 2155 3506 2305 3555">
    <p class='ocr_par' dir='ltr' id='par_1_91' title="bbox 2155 3506 2305 3555">
     <span class='ocr_line' id='line_1_92' title="bbox 2155 3506 2305 3555; baseline -0.007 0"><span class='ocrx_word' id='word_1_671' title='bbox 2155 3506 2305 3555; x_wconf 89' lang='lat' dir='ltr'><strong>sunt.</strong></span> 
     </span>
    </p>
   </div>
   <div class='ocr_carea' id='block_1_92' title="bbox 2225 3572 3739 3659">
    <p class='ocr_par' dir='ltr' id='par_1_92' title="bbox 2225 3572 3739 3659">
     <span class='ocr_line' id='line_1_93' title="bbox 2225 3572 3739 3659; baseline 0.001 -16"><span class='ocrx_word' id='word_1_672' title='bbox 2225 3572 2499 3644; x_wconf 60' lang='lat' dir='ltr'><strong>Caeterum</strong></span> <span class='ocrx_word' id='word_1_673' title='bbox 2518 3587 2785 3644; x_wconf 85' lang='lat' dir='ltr'><strong>Jeremias</strong></span> <span class='ocrx_word' id='word_1_674' title='bbox 2801 3597 2925 3659; x_wconf 90' lang='lat' dir='ltr'><strong>post</strong></span> <span class='ocrx_word' id='word_1_675' title='bbox 2953 3588 3004 3643; x_wconf 91' lang='lat' dir='ltr'><strong>id</strong></span> <span class='ocrx_word' id='word_1_676' title='bbox 3037 3588 3243 3643; x_wconf 84' lang='lat' dir='ltr'><strong>dictum</strong></span> <span class='ocrx_word' id='word_1_677' title='bbox 3274 3605 3328 3643; x_wconf 70' lang='grc' dir='ltr'><strong>ει</strong></span> <span class='ocrx_word' id='word_1_678' title='bbox 3361 3590 3460 3644; x_wconf 88' lang='lat' dir='ltr'><strong>llic</strong></span> <span class='ocrx_word' id='word_1_679' title='bbox 3483 3601 3565 3644; x_wconf 82' lang='lat' dir='ltr'><strong>est</strong></span> <span class='ocrx_word' id='word_1_680' title='bbox 3596 3594 3739 3646; x_wconf 87' lang='lat' dir='ltr'><strong>Deus</strong></span> 
     </span>
    </p>
   </div>
   <div class='ocr_carea' id='block_1_93' title="bbox 2156 3679 3738 3746">
    <p class='ocr_par' dir='ltr' id='par_1_93' title="bbox 2156 3679 3738 3746">
     <span class='ocr_line' id='line_1_94' title="bbox 2156 3679 3738 3746; baseline 0.003 -12"><span class='ocrx_word' id='word_1_681' title='bbox 2156 3688 2341 3735; x_wconf 90' lang='lat' dir='ltr'><strong>noster</strong></span> <span class='ocrx_word' id='word_1_682' title='bbox 2388 3688 2443 3735; x_wconf 92' lang='lat' dir='ltr'><strong>et</strong></span> <span class='ocrx_word' id='word_1_683' title='bbox 2496 3680 2551 3735; x_wconf 92' lang='lat' dir='ltr'><strong>in</strong></span> <span class='ocrx_word' id='word_1_684' title='bbox 2604 3679 2766 3735; x_wconf 89' lang='lat' dir='ltr'><strong>terris</strong></span> <span class='ocrx_word' id='word_1_685' title='bbox 2810 3681 2957 3735; x_wconf 90' lang='lat' dir='ltr'><strong>visus</strong></span> <span class='ocrx_word' id='word_1_686' title='bbox 2998 3690 3102 3746; x_wconf 90' lang='lat' dir='ltr'><strong>est,</strong></span> <span class='ocrx_word' id='word_1_687' title='bbox 3153 3690 3208 3735; x_wconf 83' lang='lat' dir='ltr'><strong>et</strong></span> <span class='ocrx_word' id='word_1_688' title='bbox 3256 3696 3375 3734; x_wconf 89' lang='lat' dir='ltr'><strong>cum</strong></span> <span class='ocrx_word' id='word_1_689' title='bbox 3429 3681 3738 3739; x_wconf 84' lang='lat' dir='ltr'><strong>hominibus</strong></span> 
     </span>
    </p>
   </div>
   <div class='ocr_carea' id='block_1_94' title="bbox 2155 3769 3735 3839">
    <p class='ocr_par' dir='ltr' id='par_1_94' title="bbox 2155 3769 3735 3839">
     <span class='ocr_line' id='line_1_95' title="bbox 2155 3769 3735 3839; baseline 0 -12"><span class='ocrx_word' id='word_1_690' title='bbox 2155 3781 2511 3828; x_wconf 86' lang='lat' dir='ltr'><strong>conversatus</strong></span> <span class='ocrx_word' id='word_1_691' title='bbox 2539 3772 2693 3839; x_wconf 76' lang='lat' dir='ltr'><strong>est’;</strong></span> <span class='ocrx_word' id='word_1_692' title='bbox 2723 3790 2742 3824; x_wconf 71' lang='grc' dir='ltr'><strong>ι</strong></span> <span class='ocrx_word' id='word_1_693' title='bbox 2766 3772 2949 3828; x_wconf 87' lang='lat' dir='ltr'><strong>subdit</strong></span> <span class='ocrx_word' id='word_1_694' title='bbox 2979 3788 2994 3827; x_wconf 91' lang='lat'><strong>:</strong></span> <span class='ocrx_word' id='word_1_695' title='bbox 3021 3792 3039 3823; x_wconf 73' lang='grc' dir='ltr'><strong>ι</strong></span> <span class='ocrx_word' id='word_1_696' title='bbox 3065 3769 3163 3826; x_wconf 85' lang='lat' dir='ltr'><strong>Hic</strong></span> <span class='ocrx_word' id='word_1_697' title='bbox 3195 3772 3329 3827; x_wconf 89' lang='lat' dir='ltr'><strong>liber</strong></span> <span class='ocrx_word' id='word_1_698' title='bbox 3357 3773 3735 3827; x_wconf 86' lang='lat' dir='ltr'><strong>mandatorum</strong></span> 
     </span>
    </p>
   </div>
   <div class='ocr_carea' id='block_1_95' title="bbox 2155 3862 3738 3934">
    <p class='ocr_par' dir='ltr' id='par_1_95' title="bbox 2155 3862 3738 3934">
     <span class='ocr_line' id='line_1_96' title="bbox 2155 3862 3738 3934; baseline -0.001 -14"><span class='ocrx_word' id='word_1_699' title='bbox 2155 3865 2251 3920; x_wconf 84' lang='lat' dir='ltr'><strong>Dei</strong></span> <span class='ocrx_word' id='word_1_700' title='bbox 2280 3866 2323 3918; x_wconf 70' lang='grc'><strong>⁸.</strong></span> <span class='ocrx_word' id='word_1_701' title='bbox 2368 3884 2388 3918; x_wconf 74' lang='grc' dir='ltr'><strong>ι</strong></span> <span class='ocrx_word' id='word_1_702' title='bbox 2425 3862 2593 3931; x_wconf 87' lang='lat' dir='ltr'><strong>Quis?</strong></span> <span class='ocrx_word' id='word_1_703' title='bbox 2641 3864 2808 3932; x_wconf 86' lang='lat' dir='ltr'><strong>Quem</strong></span> <span class='ocrx_word' id='word_1_704' title='bbox 2852 3865 2963 3934; x_wconf 87' lang='lat' dir='ltr'><strong>jam</strong></span> <span class='ocrx_word' id='word_1_705' title='bbox 2993 3866 3130 3920; x_wconf 82' lang='lat' dir='ltr'><strong>dixit</strong></span> <span class='ocrx_word' id='word_1_706' title='bbox 3163 3882 3178 3919; x_wconf 91' lang='lat'><strong>:</strong></span> <span class='ocrx_word' id='word_1_707' title='bbox 3217 3883 3234 3919; x_wconf 79' lang='grc' dir='ltr'><strong>ι</strong></span> <span class='ocrx_word' id='word_1_708' title='bbox 3277 3864 3343 3919; x_wconf 86' lang='grc' dir='ltr'><strong>Ει</strong></span> <span class='ocrx_word' id='word_1_709' title='bbox 3391 3866 3477 3919; x_wconf 79' lang='lat' dir='ltr'><strong>lex</strong></span> <span class='ocrx_word' id='word_1_710' title='bbox 3507 3881 3627 3934; x_wconf 69' lang='lat' dir='ltr'><strong>qua:</strong></span> <span class='ocrx_word' id='word_1_711' title='bbox 3650 3873 3738 3919; x_wconf 83' lang='lat' dir='ltr'><strong>est</strong></span> 
     </span>
    </p>
   </div>
   <div class='ocr_carea' id='block_1_96' title="bbox 2156 3956 3740 4025">
    <p class='ocr_par' dir='ltr' id='par_1_96' title="bbox 2156 3956 3740 4025">
     <span class='ocr_line' id='line_1_97' title="bbox 2156 3956 3740 4025; baseline -0.003 -13"><span class='ocrx_word' id='word_1_712' title='bbox 2156 3958 2208 4012; x_wconf 93' lang='lat' dir='ltr'><strong>in</strong></span> <span class='ocrx_word' id='word_1_713' title='bbox 2235 3965 2496 4011; x_wconf 79' lang='lat' dir='ltr'><strong>aeternum</strong></span> <span class='ocrx_word' id='word_1_714' title='bbox 2534 3974 2548 4010; x_wconf 88' lang='lat'>:</span> <span class='ocrx_word' id='word_1_715' title='bbox 2582 3972 2772 4012; x_wconf 90' lang='lat' dir='ltr'><strong>omnes</strong></span> <span class='ocrx_word' id='word_1_716' title='bbox 2802 3958 2892 4025; x_wconf 92' lang='lat' dir='ltr'><strong>qui</strong></span> <span class='ocrx_word' id='word_1_717' title='bbox 2931 3967 3114 4012; x_wconf 73' lang='lat' dir='ltr'><strong>tonent</strong></span> <span class='ocrx_word' id='word_1_718' title='bbox 3144 3972 3284 4018; x_wconf 85' lang='lat' dir='ltr'><strong>eam,</strong></span> <span class='ocrx_word' id='word_1_719' title='bbox 3321 3956 3636 4025; x_wconf 88' lang='lat' dir='ltr'><strong>pervenient</strong></span> <span class='ocrx_word' id='word_1_720' title='bbox 3668 3957 3740 4008; x_wconf 87' lang='lat' dir='ltr'><strong>ad</strong></span> 
     </span>
    </p>
   </div>
   <div class='ocr_carea' id='block_1_97' title="bbox 2152 4046 3732 4119">
    <p class='ocr_par' dir='ltr' id='par_1_97' title="bbox 2152 4046 3732 4119">
     <span class='ocr_line' id='line_1_98' title="bbox 2152 4046 3732 4119; baseline -0.004 -15"><span class='ocrx_word' id='word_1_721' title='bbox 2152 4051 2321 4105; x_wconf 91' lang='lat' dir='ltr'><strong>vitam</strong></span> <span class='ocrx_word' id='word_1_722' title='bbox 2346 4066 2361 4104; x_wconf 91' lang='lat'><strong>:</strong></span> <span class='ocrx_word' id='word_1_723' title='bbox 2386 4049 2476 4118; x_wconf 92' lang='lat' dir='ltr'><strong>qui</strong></span> <span class='ocrx_word' id='word_1_724' title='bbox 2502 4059 2681 4103; x_wconf 88' lang='lat' dir='ltr'><strong>autem</strong></span> <span class='ocrx_word' id='word_1_725' title='bbox 2717 4049 3121 4119; x_wconf 83' lang='lat' dir='ltr'><strong>dereliquerunt</strong></span> <span class='ocrx_word' id='word_1_726' title='bbox 3144 4052 3357 4117; x_wconf 90' lang='lat' dir='ltr'><strong>eam,iu</strong></span> <span class='ocrx_word' id='word_1_727' title='bbox 3385 4059 3611 4102; x_wconf 89' lang='lat' dir='ltr'><strong>mortem</strong></span> <span class='ocrx_word' id='word_1_728' title='bbox 3634 4046 3675 4101; x_wconf 85' lang='lat'><strong>&#39;.</strong></span> <span class='ocrx_word' id='word_1_729' title='bbox 3710 4064 3732 4096; x_wconf 72' lang='grc' dir='ltr'><strong>ι</strong></span> 
     </span>
    </p>
   </div>
   <div class='ocr_carea' id='block_1_98' title="bbox 2152 4139 3737 4209">
    <p class='ocr_par' dir='ltr' id='par_1_98' title="bbox 2152 4139 3737 4209">
     <span class='ocr_line' id='line_1_99' title="bbox 2152 4139 3737 4209; baseline -0.001 -14"><span class='ocrx_word' id='word_1_730' title='bbox 2152 4139 2235 4195; x_wconf 86' lang='lat' dir='ltr'><strong>En</strong></span> <span class='ocrx_word' id='word_1_731' title='bbox 2264 4141 2416 4196; x_wconf 89' lang='lat' dir='ltr'><strong>vobis</strong></span> <span class='ocrx_word' id='word_1_732' title='bbox 2446 4140 2745 4195; x_wconf 85' lang='lat' dir='ltr'><strong>naturalem</strong></span> <span class='ocrx_word' id='word_1_733' title='bbox 2786 4139 3020 4206; x_wconf 85' lang='lat' dir='ltr'><strong>Filium;</strong></span> <span class='ocrx_word' id='word_1_734' title='bbox 3059 4156 3234 4209; x_wconf 88' lang='lat' dir='ltr'><strong>neque</strong></span> <span class='ocrx_word' id='word_1_735' title='bbox 3266 4141 3410 4196; x_wconf 89' lang='lat' dir='ltr'><strong>enim</strong></span> <span class='ocrx_word' id='word_1_736' title='bbox 3443 4147 3737 4194; x_wconf 89' lang='lat' dir='ltr'><strong>contentus</strong></span> 
     </span>
    </p>
   </div>
   <div class='ocr_carea' id='block_1_99' title="bbox 2153 4230 3739 4305">
    <p class='ocr_par' dir='ltr' id='par_1_99' title="bbox 2153 4230 3739 4305">
     <span class='ocr_line' id='line_1_100' title="bbox 2153 4230 3739 4305; baseline -0.004 -16"><span class='ocrx_word' id='word_1_737' title='bbox 2153 4244 2237 4290; x_wconf 87' lang='lat' dir='ltr'><strong>est</strong></span> <span class='ocrx_word' id='word_1_738' title='bbox 2265 4232 2529 4305; x_wconf 90' lang='lat' dir='ltr'><strong>propheta</strong></span> <span class='ocrx_word' id='word_1_739' title='bbox 2567 4233 2771 4290; x_wconf 80' lang='lat' dir='ltr'><strong>dixisse</strong></span> <span class='ocrx_word' id='word_1_740' title='bbox 2806 4251 2820 4289; x_wconf 90' lang='lat'><strong>:</strong></span> <span class='ocrx_word' id='word_1_741' title='bbox 2858 4252 2875 4286; x_wconf 81' lang='grc' dir='ltr'><strong>ι</strong></span> <span class='ocrx_word' id='word_1_742' title='bbox 2923 4233 3021 4288; x_wconf 84' lang='lat' dir='ltr'><strong>llic</strong></span> <span class='ocrx_word' id='word_1_743' title='bbox 3043 4244 3129 4290; x_wconf 90' lang='lat' dir='ltr'><strong>est</strong></span> <span class='ocrx_word' id='word_1_744' title='bbox 3163 4233 3302 4289; x_wconf 89' lang='lat' dir='ltr'><strong>Deus</strong></span> <span class='ocrx_word' id='word_1_745' title='bbox 3345 4242 3552 4298; x_wconf 88' lang='lat' dir='ltr'><strong>noster,</strong></span> <span class='ocrx_word' id='word_1_746' title='bbox 3590 4240 3643 4284; x_wconf 92' lang='lat' dir='ltr'><strong>et</strong></span> <span class='ocrx_word' id='word_1_747' title='bbox 3675 4230 3739 4284; x_wconf 89' lang='lat' dir='ltr'><strong>in</strong></span> 
     </span>
    </p>
   </div>
   <div class='ocr_carea' id='block_1_100' title="bbox 2155 4326 3731 4391">
    <p class='ocr_par' dir='ltr' id='par_1_100' title="bbox 2155 4326 3731 4391">
     <span class='ocr_line' id='line_1_101' title="bbox 2155 4326 3731 4391; baseline -0.004 -11"><span class='ocrx_word' id='word_1_748' title='bbox 2155 4327 2316 4381; x_wconf 91' lang='lat' dir='ltr'><strong>terris</strong></span> <span class='ocrx_word' id='word_1_749' title='bbox 2337 4327 2487 4382; x_wconf 89' lang='lat' dir='ltr'><strong>visus</strong></span> <span class='ocrx_word' id='word_1_750' title='bbox 2505 4335 2611 4391; x_wconf 86' lang='lat' dir='ltr'><strong>est,</strong></span> <span class='ocrx_word' id='word_1_751' title='bbox 2639 4335 2694 4381; x_wconf 88' lang='lat' dir='ltr'><strong>et</strong></span> <span class='ocrx_word' id='word_1_752' title='bbox 2710 4340 2831 4380; x_wconf 91' lang='lat' dir='ltr'><strong>cum</strong></span> <span class='ocrx_word' id='word_1_753' title='bbox 2861 4326 3174 4379; x_wconf 89' lang='lat' dir='ltr'><strong>hominibus</strong></span> <span class='ocrx_word' id='word_1_754' title='bbox 3196 4333 3555 4379; x_wconf 86' lang='lat' dir='ltr'><strong>conversatus</strong></span> <span class='ocrx_word' id='word_1_755' title='bbox 3577 4330 3678 4387; x_wconf 86' lang='lat' dir='ltr'><strong>est,</strong></span> <span class='ocrx_word' id='word_1_756' title='bbox 3710 4339 3731 4373; x_wconf 71' lang='grc' dir='ltr'><strong>ι</strong></span> 
     </span>
    </p>
   </div>
   <div class='ocr_carea' id='block_1_101' title="bbox 2152 4414 3740 4488">
    <p class='ocr_par' dir='ltr' id='par_1_101' title="bbox 2152 4414 3740 4488">
     <span class='ocr_line' id='line_1_102' title="bbox 2152 4414 3740 4488; baseline -0.005 -14"><span class='ocrx_word' id='word_1_757' title='bbox 2152 4419 2245 4474; x_wconf 82' lang='grc' dir='ltr'><strong>εει]</strong></span> <span class='ocrx_word' id='word_1_758' title='bbox 2272 4416 2365 4473; x_wconf 90' lang='lat' dir='ltr'><strong>Dei</strong></span> <span class='ocrx_word' id='word_1_759' title='bbox 2400 4428 2791 4488; x_wconf 74' lang='lat' dir='ltr'><strong>praeceptorum</strong></span> <span class='ocrx_word' id='word_1_760' title='bbox 2820 4420 2980 4472; x_wconf 88' lang='lat' dir='ltr'><strong>etiam</strong></span> <span class='ocrx_word' id='word_1_761' title='bbox 3009 4417 3206 4471; x_wconf 88' lang='lat' dir='ltr'><strong>librum</strong></span> <span class='ocrx_word' id='word_1_762' title='bbox 3239 4416 3553 4486; x_wconf 86' lang='lat' dir='ltr'><strong>appellavit,</strong></span> <span class='ocrx_word' id='word_1_763' title='bbox 3589 4414 3740 4467; x_wconf 90' lang='lat' dir='ltr'><strong>scili-</strong></span> 
     </span>
    </p>
   </div>
   <div class='ocr_carea' id='block_1_102' title="bbox 2153 4505 3735 4575">
    <p class='ocr_par' dir='ltr' id='par_1_102' title="bbox 2153 4505 3735 4575">
     <span class='ocr_line' id='line_1_103' title="bbox 2153 4505 3735 4575; baseline -0.004 -11"><span class='ocrx_word' id='word_1_764' title='bbox 2153 4517 2241 4564; x_wconf 87' lang='lat' dir='ltr'><strong>cet</strong></span> <span class='ocrx_word' id='word_1_765' title='bbox 2270 4510 2384 4575; x_wconf 86' lang='lat' dir='ltr'><strong>Dei,</strong></span> <span class='ocrx_word' id='word_1_766' title='bbox 2418 4519 2472 4564; x_wconf 91' lang='lat' dir='ltr'><strong>et</strong></span> <span class='ocrx_word' id='word_1_767' title='bbox 2501 4508 2700 4574; x_wconf 87' lang='lat' dir='ltr'><strong>Patris,</strong></span> <span class='ocrx_word' id='word_1_768' title='bbox 2738 4520 2793 4563; x_wconf 90' lang='lat' dir='ltr'><strong>et</strong></span> <span class='ocrx_word' id='word_1_769' title='bbox 2828 4509 2879 4561; x_wconf 90' lang='lat' dir='ltr'><strong>in</strong></span> <span class='ocrx_word' id='word_1_770' title='bbox 2929 4520 3246 4575; x_wconf 87' lang='lat' dir='ltr'><strong>perpetuum</strong></span> <span class='ocrx_word' id='word_1_771' title='bbox 3298 4507 3617 4561; x_wconf 84' lang='lat' dir='ltr'><strong>duraturam</strong></span> <span class='ocrx_word' id='word_1_772' title='bbox 3654 4505 3735 4558; x_wconf 89' lang='lat' dir='ltr'><strong>le-</strong></span> 
     </span>
    </p>
   </div>
   <div class='ocr_carea' id='block_1_103' title="bbox 2082 4586 3734 4672">
    <p class='ocr_par' dir='ltr' id='par_1_103' title="bbox 2082 4586 3734 4672">
     <span class='ocr_line' id='line_1_104' title="bbox 2082 4586 3734 4672; baseline -0.007 -14"><span class='ocrx_word' id='word_1_773' title='bbox 2082 4586 2128 4643; x_wconf 82' lang='grc' dir='ltr'><strong>Ῑ)</strong></span> <span class='ocrx_word' id='word_1_774' title='bbox 2156 4617 2298 4672; x_wconf 87' lang='lat' dir='ltr'><strong>gem,</strong></span> <span class='ocrx_word' id='word_1_775' title='bbox 2331 4602 2381 4656; x_wconf 91' lang='lat' dir='ltr'><strong>id</strong></span> <span class='ocrx_word' id='word_1_776' title='bbox 2405 4609 2506 4666; x_wconf 90' lang='lat' dir='ltr'><strong>est,</strong></span> <span class='ocrx_word' id='word_1_777' title='bbox 2539 4615 2853 4670; x_wconf 88' lang='lat' dir='ltr'><strong>perennem,</strong></span> <span class='ocrx_word' id='word_1_778' title='bbox 2887 4601 3005 4655; x_wconf 90' lang='lat' dir='ltr'><strong>sine</strong></span> <span class='ocrx_word' id='word_1_779' title='bbox 3038 4599 3405 4661; x_wconf 80' lang='lat' dir='ltr'><strong>successione,</strong></span> <span class='ocrx_word' id='word_1_780' title='bbox 3441 4598 3734 4667; x_wconf 84' lang='lat' dir='ltr'><strong>impatien-</strong></span> 
     </span>
    </p>
   </div>
   <div class='ocr_carea' id='block_1_104' title="bbox 2149 4689 3737 4758">
    <p class='ocr_par' dir='ltr' id='par_1_104' title="bbox 2149 4689 3737 4758">
     <span class='ocr_line' id='line_1_105' title="bbox 2149 4689 3737 4758; baseline -0.001 -13"><span class='ocrx_word' id='word_1_781' title='bbox 2149 4702 2255 4748; x_wconf 90' lang='lat' dir='ltr'><strong>tem</strong></span> <span class='ocrx_word' id='word_1_782' title='bbox 2292 4692 2433 4746; x_wconf 88' lang='lat' dir='ltr'><strong>linis.</strong></span> <span class='ocrx_word' id='word_1_783' title='bbox 2468 4692 2630 4746; x_wconf 87' lang='lat' dir='ltr'><strong>Addit</strong></span> <span class='ocrx_word' id='word_1_784' title='bbox 2671 4707 2686 4744; x_wconf 91' lang='lat'><strong>:</strong></span> <span class='ocrx_word' id='word_1_785' title='bbox 2727 4709 2745 4742; x_wconf 76' lang='grc' dir='ltr'><strong>ι</strong></span> <span class='ocrx_word' id='word_1_786' title='bbox 2785 4691 2885 4756; x_wconf 90' lang='lat' dir='ltr'><strong>Qui</strong></span> <span class='ocrx_word' id='word_1_787' title='bbox 2926 4700 3109 4745; x_wconf 77' lang='lat' dir='ltr'><strong>tenent</strong></span> <span class='ocrx_word' id='word_1_788' title='bbox 3145 4706 3290 4756; x_wconf 89' lang='lat' dir='ltr'><strong>eam,</strong></span> <span class='ocrx_word' id='word_1_789' title='bbox 3315 4691 3634 4758; x_wconf 74' lang='lat' dir='ltr'><strong>pervenient</strong></span> <span class='ocrx_word' id='word_1_790' title='bbox 3664 4689 3737 4743; x_wconf 84' lang='lat' dir='ltr'><strong>ad</strong></span> 
     </span>
    </p>
   </div>
   <div class='ocr_carea' id='block_1_105' title="bbox 2148 4781 3737 4850">
    <p class='ocr_par' dir='ltr' id='par_1_105' title="bbox 2148 4781 3737 4850">
     <span class='ocr_line' id='line_1_106' title="bbox 2148 4781 3737 4850; baseline -0.004 -13"><span class='ocrx_word' id='word_1_791' title='bbox 2148 4783 2337 4849; x_wconf 88' lang='lat' dir='ltr'><strong>vitam,</strong></span> <span class='ocrx_word' id='word_1_792' title='bbox 2375 4801 2397 4834; x_wconf 67' lang='grc' dir='ltr'><strong>ι</strong></span> <span class='ocrx_word' id='word_1_793' title='bbox 2436 4790 2695 4836; x_wconf 55' lang='lat' dir='ltr'><strong>veternum</strong></span> <span class='ocrx_word' id='word_1_794' title='bbox 2744 4781 2932 4849; x_wconf 88' lang='lat' dir='ltr'><strong>procul</strong></span> <span class='ocrx_word' id='word_1_795' title='bbox 2982 4781 3165 4836; x_wconf 88' lang='lat' dir='ltr'><strong>dubio.</strong></span> <span class='ocrx_word' id='word_1_796' title='bbox 3208 4781 3340 4834; x_wconf 83' lang='lat' dir='ltr'><strong>Nam</strong></span> <span class='ocrx_word' id='word_1_797' title='bbox 3391 4782 3483 4850; x_wconf 91' lang='lat' dir='ltr'><strong>qui</strong></span> <span class='ocrx_word' id='word_1_798' title='bbox 3530 4787 3737 4834; x_wconf 62' lang='lat' dir='ltr'><strong>aeterno</strong></span> 
     </span>
    </p>
   </div>
   <div class='ocr_carea' id='block_1_106' title="bbox 2148 4872 3731 4940">
    <p class='ocr_par' dir='ltr' id='par_1_106' title="bbox 2148 4872 3731 4940">
     <span class='ocr_line' id='line_1_107' title="bbox 2148 4872 3731 4940; baseline -0.004 -11"><span class='ocrx_word' id='word_1_799' title='bbox 2148 4874 2407 4939; x_wconf 83' lang='lat' dir='ltr'><strong>servient,</strong></span> <span class='ocrx_word' id='word_1_800' title='bbox 2428 4882 2689 4926; x_wconf 72' lang='lat' dir='ltr'><strong>arternum</strong></span> <span class='ocrx_word' id='word_1_801' title='bbox 2712 4887 2815 4925; x_wconf 90' lang='lat' dir='ltr'><strong>una</strong></span> <span class='ocrx_word' id='word_1_802' title='bbox 2842 4872 3005 4927; x_wconf 89' lang='lat' dir='ltr'><strong>etiam</strong></span> <span class='ocrx_word' id='word_1_803' title='bbox 3031 4873 3348 4940; x_wconf 85' lang='lat' dir='ltr'><strong>regnabunt.</strong></span> <span class='ocrx_word' id='word_1_804' title='bbox 3380 4891 3398 4925; x_wconf 83' lang='grc' dir='ltr'><strong>ι</strong></span> <span class='ocrx_word' id='word_1_805' title='bbox 3431 4873 3532 4939; x_wconf 90' lang='lat' dir='ltr'><strong>Qui</strong></span> <span class='ocrx_word' id='word_1_806' title='bbox 3551 4884 3731 4924; x_wconf 86' lang='lat' dir='ltr'><strong>autem</strong></span> 
     </span>
    </p>
   </div>
   <div class='ocr_carea' id='block_1_107' title="bbox 2147 4963 3735 5032">
    <p class='ocr_par' dir='ltr' id='par_1_107' title="bbox 2147 4963 3735 5032">
     <span class='ocr_line' id='line_1_108' title="bbox 2147 4963 3735 5032; baseline -0.003 -13"><span class='ocrx_word' id='word_1_807' title='bbox 2147 4964 2555 5032; x_wconf 87' lang='lat' dir='ltr'><strong>dereliquerunt</strong></span> <span class='ocrx_word' id='word_1_808' title='bbox 2601 4976 2743 5027; x_wconf 90' lang='lat' dir='ltr'><strong>eam,</strong></span> <span class='ocrx_word' id='word_1_809' title='bbox 2793 4963 2847 5016; x_wconf 89' lang='lat' dir='ltr'><strong>in</strong></span> <span class='ocrx_word' id='word_1_810' title='bbox 2892 4972 3155 5029; x_wconf 86' lang='lat' dir='ltr'><strong>mortem;</strong></span> <span class='ocrx_word' id='word_1_811' title='bbox 3198 4981 3215 5013; x_wconf 74' lang='grc' dir='ltr'><strong>ι</strong></span> <span class='ocrx_word' id='word_1_812' title='bbox 3250 4964 3303 5017; x_wconf 91' lang='lat' dir='ltr'><strong>in</strong></span> <span class='ocrx_word' id='word_1_813' title='bbox 3334 4974 3564 5017; x_wconf 90' lang='lat' dir='ltr'><strong>mortem</strong></span> <span class='ocrx_word' id='word_1_814' title='bbox 3599 4977 3735 5015; x_wconf 90' lang='lat' dir='ltr'><strong>sane</strong></span> 
     </span>
    </p>
   </div>
   <div class='ocr_carea' id='block_1_108' title="bbox 2144 5053 3733 5126">
    <p class='ocr_par' dir='ltr' id='par_1_108' title="bbox 2144 5053 3733 5126">
     <span class='ocr_line' id='line_1_109' title="bbox 2144 5053 3733 5126; baseline -0.005 -13"><span class='ocrx_word' id='word_1_815' title='bbox 2144 5073 2255 5113; x_wconf 91' lang='lat' dir='ltr'><strong>non</strong></span> <span class='ocrx_word' id='word_1_816' title='bbox 2302 5057 2443 5110; x_wconf 86' lang='lat' dir='ltr'><strong>hanc</strong></span> <span class='ocrx_word' id='word_1_817' title='bbox 2491 5069 2549 5109; x_wconf 89' lang='lat' dir='ltr'><strong>se</strong></span> <span class='ocrx_word' id='word_1_818' title='bbox 2583 5055 2842 5109; x_wconf 84' lang='lat' dir='ltr'><strong>inducent</strong></span> <span class='ocrx_word' id='word_1_819' title='bbox 2872 5055 3205 5124; x_wconf 88' lang='lat' dir='ltr'><strong>corporalem</strong></span> <span class='ocrx_word' id='word_1_820' title='bbox 3248 5054 3428 5126; x_wconf 89' lang='lat' dir='ltr'><strong>(nemo</strong></span> <span class='ocrx_word' id='word_1_821' title='bbox 3464 5063 3546 5109; x_wconf 90' lang='lat' dir='ltr'><strong>est</strong></span> <span class='ocrx_word' id='word_1_822' title='bbox 3580 5053 3733 5106; x_wconf 89' lang='lat' dir='ltr'><strong>enim</strong></span> 
     </span>
    </p>
   </div>
   <div class='ocr_carea' id='block_1_109' title="bbox 2145 5146 3735 5219">
    <p class='ocr_par' dir='ltr' id='par_1_109' title="bbox 2145 5146 3735 5219">
     <span class='ocr_line' id='line_1_110' title="bbox 2145 5146 3735 5219; baseline -0.006 -12"><span class='ocrx_word' id='word_1_823' title='bbox 2145 5150 2421 5207; x_wconf 86' lang='lat' dir='ltr'><strong>hominum</strong></span> <span class='ocrx_word' id='word_1_824' title='bbox 2477 5147 2666 5203; x_wconf 89' lang='lat' dir='ltr'><strong>mortis</strong></span> <span class='ocrx_word' id='word_1_825' title='bbox 2719 5147 2959 5219; x_wconf 76' lang='lat' dir='ltr'><strong>expers),</strong></span> <span class='ocrx_word' id='word_1_826' title='bbox 3013 5148 3106 5202; x_wconf 88' lang='lat' dir='ltr'><strong>sed</strong></span> <span class='ocrx_word' id='word_1_827' title='bbox 3161 5146 3362 5213; x_wconf 89' lang='lat' dir='ltr'><strong>animi;</strong></span> <span class='ocrx_word' id='word_1_828' title='bbox 3409 5160 3528 5215; x_wconf 77' lang='lat' dir='ltr'><strong>qua:</strong></span> <span class='ocrx_word' id='word_1_829' title='bbox 3573 5153 3627 5199; x_wconf 88' lang='lat' dir='ltr'><strong>et</strong></span> <span class='ocrx_word' id='word_1_830' title='bbox 3674 5146 3735 5198; x_wconf 90' lang='lat' dir='ltr'><strong>in</strong></span> 
     </span>
    </p>
   </div>
   <div class='ocr_carea' id='block_1_110' title="bbox 2146 5240 3731 5311">
    <p class='ocr_par' dir='ltr' id='par_1_110' title="bbox 2146 5240 3731 5311">
     <span class='ocr_line' id='line_1_111' title="bbox 2146 5240 3731 5311; baseline -0.006 -14"><span class='ocrx_word' id='word_1_831' title='bbox 2146 5242 2414 5297; x_wconf 75' lang='lat' dir='ltr'><strong>exatincto</strong></span> <span class='ocrx_word' id='word_1_832' title='bbox 2451 5240 2575 5311; x_wconf 86' lang='lat' dir='ltr'><strong>igne</strong></span> <span class='ocrx_word' id='word_1_833' title='bbox 2605 5256 2823 5310; x_wconf 87' lang='lat' dir='ltr'><strong>semper</strong></span> <span class='ocrx_word' id='word_1_834' title='bbox 2867 5242 3075 5307; x_wconf 90' lang='lat' dir='ltr'><strong>ardeat,</strong></span> <span class='ocrx_word' id='word_1_835' title='bbox 3112 5250 3166 5295; x_wconf 85' lang='lat' dir='ltr'><strong>et</strong></span> <span class='ocrx_word' id='word_1_836' title='bbox 3213 5254 3487 5306; x_wconf 83' lang='lat' dir='ltr'><strong>nunquam</strong></span> <span class='ocrx_word' id='word_1_837' title='bbox 3524 5253 3731 5291; x_wconf 84' lang='lat' dir='ltr'><strong>consu-</strong></span> 
     </span>
    </p>
   </div>
   <div class='ocr_carea' id='block_1_111' title="bbox 2149 5328 3736 5401">
    <p class='ocr_par' dir='ltr' id='par_1_111' title="bbox 2149 5328 3736 5401">
     <span class='ocr_line' id='line_1_112' title="bbox 2149 5328 3736 5401; baseline -0.004 -15"><span class='ocrx_word' id='word_1_838' title='bbox 2149 5340 2347 5386; x_wconf 91' lang='lat' dir='ltr'><strong>matur.</strong></span> <span class='ocrx_word' id='word_1_839' title='bbox 2403 5330 2557 5398; x_wconf 90' lang='lat' dir='ltr'><strong>Quod</strong></span> <span class='ocrx_word' id='word_1_840' title='bbox 2609 5332 2654 5387; x_wconf 89' lang='lat' dir='ltr'><strong>si</strong></span> <span class='ocrx_word' id='word_1_841' title='bbox 2703 5347 2769 5387; x_wconf 73' lang='grc' dir='ltr'><strong>ει</strong></span> <span class='ocrx_word' id='word_1_842' title='bbox 2801 5330 2953 5386; x_wconf 76' lang='lat' dir='ltr'><strong>Isaia:</strong></span> <span class='ocrx_word' id='word_1_843' title='bbox 2987 5345 3205 5401; x_wconf 90' lang='lat' dir='ltr'><strong>quoque</strong></span> <span class='ocrx_word' id='word_1_844' title='bbox 3234 5329 3492 5384; x_wconf 79' lang='lat' dir='ltr'><strong>vaticiuio</strong></span> <span class='ocrx_word' id='word_1_845' title='bbox 3528 5328 3736 5381; x_wconf 82' lang='lat' dir='ltr'><strong>intelli-</strong></span> 
     </span>
    </p>
   </div>
   <div class='ocr_carea' id='block_1_112' title="bbox 2634 5511 3730 5586">
    <p class='ocr_par' dir='ltr' id='par_1_112' title="bbox 2634 5511 3730 5586">
     <span class='ocr_line' id='line_1_113' title="bbox 2634 5511 3730 5586; baseline -0.002 -15"><span class='ocrx_word' id='word_1_846' title='bbox 2634 5518 2680 5550; x_wconf 79' lang='grc'><strong>⁹⁹</strong></span> <span class='ocrx_word' id='word_1_847' title='bbox 2718 5515 2887 5573; x_wconf 84' lang='lat' dir='ltr'><strong>Exod.</strong></span> <span class='ocrx_word' id='word_1_848' title='bbox 2924 5532 3000 5586; x_wconf 78' lang='lat' dir='ltr'><strong>iv,</strong></span> <span class='ocrx_word' id='word_1_849' title='bbox 3039 5516 3129 5570; x_wconf 69' lang='grc'><strong>22.</strong></span> <span class='ocrx_word' id='word_1_850' title='bbox 3211 5513 3226 5544; x_wconf 88' lang='grc'>¹</span> <span class='ocrx_word' id='word_1_851' title='bbox 3266 5511 3469 5570; x_wconf 84' lang='lat' dir='ltr'><strong>Jerem.</strong></span> <span class='ocrx_word' id='word_1_852' title='bbox 3513 5530 3588 5580; x_wconf 87' lang='grc' dir='ltr'><strong>ιι,</strong></span> <span class='ocrx_word' id='word_1_853' title='bbox 3635 5512 3730 5569; x_wconf 78' lang='lat' dir='ltr'><strong>l5.</strong></span> 
     </span>
    </p>
   </div>
   <div class='ocr_carea' id='block_1_113' title="bbox 540 5803 2828 5879">
    <p class='ocr_par' dir='ltr' id='par_1_113' title="bbox 540 5803 2828 5879">
     <span class='ocr_line' id='line_1_114' title="bbox 540 5803 2828 5879; baseline -0.001 -18"><span class='ocrx_word' id='word_1_854' title='bbox 540 5803 652 5879; x_wconf 73' lang='grc' dir='ltr'>(δυ)</span> <span class='ocrx_word' id='word_1_855' title='bbox 690 5811 798 5865; x_wconf 71' lang='lat' dir='ltr'><strong>lino</strong></span> <span class='ocrx_word' id='word_1_856' title='bbox 830 5812 998 5865; x_wconf 74' lang='lat' dir='ltr'><strong>Exod.</strong></span> <span class='ocrx_word' id='word_1_857' title='bbox 1038 5825 1113 5877; x_wconf 76' lang='lat' dir='ltr'><strong>vr,</strong></span> <span class='ocrx_word' id='word_1_858' title='bbox 1144 5803 1362 5865; x_wconf 61' lang='lat' dir='ltr'><strong>22.5w</strong></span> <span class='ocrx_word' id='word_1_859' title='bbox 1400 5823 1429 5865; x_wconf 88' lang='lat' dir='ltr'><strong>a</strong></span> <span class='ocrx_word' id='word_1_860' title='bbox 1465 5808 1525 5867; x_wconf 91' lang='lat' dir='ltr'><strong>S.</strong></span> <span class='ocrx_word' id='word_1_861' title='bbox 1561 5809 1730 5868; x_wconf 88' lang='lat' dir='ltr'><strong>Paulo</strong></span> <span class='ocrx_word' id='word_1_862' title='bbox 1758 5810 2025 5869; x_wconf 82' lang='lat' dir='ltr'><strong>secundus</strong></span> <span class='ocrx_word' id='word_1_863' title='bbox 2071 5809 2243 5867; x_wconf 82' lang='lat' dir='ltr'><strong>Adam</strong></span> <span class='ocrx_word' id='word_1_864' title='bbox 2272 5814 2325 5864; x_wconf 91' lang='lat' dir='ltr'><strong>et</strong></span> <span class='ocrx_word' id='word_1_865' title='bbox 2363 5805 2576 5863; x_wconf 85' lang='lat' dir='ltr'><strong>futurus</strong></span> <span class='ocrx_word' id='word_1_866' title='bbox 2608 5803 2828 5861; x_wconf 86' lang='lat' dir='ltr'><strong>dicitur.</strong></span> 
     </span>
    </p>
   </div>
  </div>
