4044 6414
454 398 568 462 815

1531 396 1917 457 ΒΙΑιΟΟΗΞ
1958 395 2261 456 CONTRA
2310 396 2647 458 JUDJEOS.

3609 406 3716 468 846

455 529 586 579 gere
624 512 784 567 vultis
815 512 944 582 quid
976 511 1042 567 de
1071 510 1363 584 Uuigeuito
1382 521 1621 576 censeat,
1653 513 1832 566 audite
1855 511 2029 580 palam
2061 517 2107 573 Α
2138 519 2344 565 natura:
2395 511 2510 583 lege
2565 512 2904 582 desperatum
2954 523 3061 573 est.
3103 535 3122 570 ι
3187 517 3506 588 Requiescet
3558 537 3722 592 super

456 595 843 650 vociferantem
882 613 895 650 :
935 614 952 646 ι
993 593 1256 651 Parvulus
1293 606 1452 650 natus
1487 601 1570 650 est
1595 595 1775 661 nobis,
1808 605 1861 650 et
1895 595 2037 649 ﬁlius

452 695 615 745 datus
638 701 720 746 est
747 691 926 752 nobis,
964 701 1016 744 et
1049 689 1223 746 factus
1248 701 1326 745 est
1369 684 1704 760 principatus
1741 704 1906 760 super
1933 688 2035 743 hu-

455 779 663 838 mérnm
691 782 807 849 eius
835 783 876 836 ⁸.
919 801 936 834 ι
974 781 1214 848 Quorum
1267 784 1554 837 verborum
1605 783 1718 838 haec
1760 781 2030 836 sententia

449 886 536 930 est
565 893 580 930 :
612 874 806 946 Opil'ex
856 875 947 930 ille
994 874 1158 928 futuri
1203 888 1267 930 ac
1295 874 1549 945 perennis
1577 877 1698 940 aevi,
1735 876 1900 940 Deus,
1935 887 2032 941 po-

449 979 616 1032 tens,
674 967 927 1036 princeps
985 968 1137 1036 pacis
1202 975 1365 1037 atque
1415 974 1640 1032 custos,
1707 964 2032 1035 Unigenitus

446 1059 663 1123 :eterni,
687 1069 741 1114 et
768 1061 890 1114 sine
920 1059 1186 1128 principio
1218 1057 1417 1124 Patris,
1454 1056 1744 1126 postremis
1775 1057 2030 1126 tempori-

451 1157 552 1206 bus
601 1153 718 1206 sine
763 1151 1062 1204 mutatione
1108 1165 1337 1220 corpore
1392 1151 1636 1213 indutus,
1677 1148 1820 1204 Puer
1873 1150 2029 1204 nobis

451 1253 628 1308 nutus,
668 1243 838 1298 Filius
893 1244 1051 1298 nobis
1105 1243 1265 1298 datus
1306 1254 1389 1299 est
1433 1262 1446 1299 :
1501 1245 1659 1300 datus
1705 1243 1848 1314 quod
1887 1253 2026 1310 erat,

451 1339 619 1401 Deus;
656 1348 814 1390 natus
841 1336 982 1406 quod
1032 1353 1137 1392 non
1184 1349 1321 1404 erat,
1357 1338 1540 1392 homo.
1575 1355 1594 1390 ι
1635 1336 1704 1391 Et
1735 1337 1911 1391 factus
1945 1344 2028 1390 est

448 1427 786 1496 principatus
832 1443 992 1498 super
1038 1427 1323 1482 humerum
1360 1429 1516 1500 ejus;
1568 1446 1587 1481 ι
1624 1443 1756 1483 crux
1797 1427 2022 1492 scilicet,

449 1519 691 1574 victoriae
723 1529 776 1575 et
802 1519 1136 1590 principatus
1164 1521 1399 1590 signum.

518 1610 636 1665 Jam
670 1609 908 1666 Michaea:
933 1612 1046 1666 inec
1074 1623 1201 1666 sunt
1245 1612 1404 1666 verba
1435 1627 1492 1671 ξι
1534 1610 1599 1666 Et
1628 1618 1682 1666 tu
1720 1609 2021 1673 Bethleem,

441 1711 590 1756 terra
623 1701 783 1769 Juda,
822 1717 1161 1772 nequaquam
1222 1703 1444 1757 minima
1485 1717 1545 1760 es
1593 1703 1646 1757 in
1692 1701 2023 1772 principibus

441 1792 620 1848 .iuda:
667 1808 728 1846 ex
765 1803 816 1848 te
863 1795 1006 1846 enim
1054 1794 1198 1848 cxiet
1248 1793 1376 1857 dux,
1430 1794 1522 1863 qui
1572 1803 1722 1863 regat
1769 1792 2019 1862 populum

2139 617 2262 658 eum
2291 604 2525 672 Spiritus
2562 603 2796 661 Domini.
2835 626 2854 659 ι
2895 609 3070 680 Super
3099 613 3294 681 quem?
3320 629 3483 684 super
3517 617 3718 672 radicis

2138 695 2349 750 scilicet
2378 698 2588 758 ﬂorem.
2636 708 2690 752 et
2718 698 2960 770 Virginis
3005 711 3212 758 natum.
3253 704 3384 759 Nam
3422 708 3600 762 simile
3638 713 3714 765 si-

2138 786 2251 840 mili
2279 787 2563 843 coalescit.
2597 789 2812 859 Septem
2861 807 2988 847 vero
3030 793 3261 863 Spiritus
3310 808 3515 869 septem
3571 801 3712 858 dona

2137 875 2372 948 Spiritus
2403 879 2663 949 intellige.

2207 973 2369 1026 Addit
2417 988 2579 1042 porro
2618 991 2631 1026 :
2673 993 2691 1025 ‹
2717 972 2832 1028 Non
2865 977 3164 1032 secundum
3218 982 3479 1036 visionem
3521 982 3709 1036 oculu-

2137 1082 2254 1119 rum
2300 1065 2567 1133 jttdicabit
2594 1107 2609 1131 ,
2647 1081 2822 1135 neque
2865 1067 3161 1121 secundum
3215 1072 3450 1125 audilum
3497 1074 3707 1128 aurium

2135 1166 2364 1228 arguet;
2395 1177 2412 1210 ι
2475 1159 2722 1213 homines
2755 1159 2899 1212 enim
2953 1177 3060 1214 non
3117 1177 3182 1215 ex
3218 1178 3394 1232 requa,
3436 1175 3491 1218 et
3524 1167 3709 1233 explo—

2134 1257 2251 1299 rata
2285 1247 2537 1310 veritate,
2585 1249 2680 1301 sed
2733 1263 2798 1302 ex
2851 1252 3133 1319 apparenti
3187 1268 3343 1322 inquo
3373 1264 3425 1306 ct
3478 1257 3708 1310 veritate

2125 1339 2394 1410 judicant.
2435 1339 2589 1406 Quod
2616 1344 2952 1410 perSpiciens
2986 1344 3181 1409 David,
3213 1356 3334 1399 orat
3383 1363 3395 1398 :
3455 1365 3474 1398 ¢
3507 1345 3698 1403 Judica

2132 1449 2237 1498 me,
2274 1433 2521 1496 Domine,
2569 1434 3148 1498 sccundumjustitiam
3170 1438 3404 1502 meam’,
3441 1456 3459 1490 ι
3496 1455 3598 1493 non
3641 1454 3708 1494 ex

2131 1523 2393 1579 ineffabili
2439 1533 2494 1578 et
2541 1525 2810 1578 immenso
2855 1525 3086 1594 justitire
3130 1536 3234 1580 tua:
3282 1529 3490 1598 pelago.
3529 1530 3708 1600 Atque

2131 1613 2184 1667 id
2217 1629 2405 1668 verum
2465 1626 2588 1668 csse
2618 1613 2899 1668 declarant
2934 1630 3054 1684 quae
3102 1627 3428 1684 sequuntur,
3473 1621 3708 1688 prophe-

2129 1713 2199 1760 tae
2231 1705 2445 1759 verba:
2493 1723 2512 1756 ε
2551 1703 2656 1758 Sed
2698 1702 2970 1774 jttdicabit
3023 1705 3074 1757 in
3099 1705 3315 1774 justitia
3351 1723 3635 1777 pauperes,
3679 1728 3700 1761 ι

2131 1799 2181 1851 id
2238 1808 2321 1851 est
2373 1797 2558 1850 animo
2605 1796 2838 1850 humiles
2886 1811 2985 1866 pro
3015 1797 3229 1866 juSIitia
3277 1815 3374 1854 sua
3425 1801 3702 1870 explorata

443 1897 622 1936 meum
674 1881 861 1947 Israel.
903 1892 956 1936 θῑ
989 1897 1240 1954 egressus
1281 1883 1400 1953 eius
1442 1884 1510 1938 ab
1557 1883 1733 1945 initio,
1770 1897 1798 1934 3
1829 1882 2018 1936 diebus
2050 1873 2096 1932 Β
2126 1889 2441 1954 coronabit;
2491 1889 2947 1956 quemadmodum
2993 1891 3058 1944 de
3115 1890 3219 1945 hoc
3266 1907 3484 1961 quoque
3535 1891 3701 1948 David

439 1975 821 2029 aeternitatis".
864 1994 882 2026 ι
917 1975 1070 2042 Quod
1097 1974 1140 2028 si
1175 1975 1242 2028 ab
1281 1975 1497 2030 aeternis
1528 1976 1861 2044 temporibus
1903 1977 2020 2042 ejus

440 2070 596 2137 origo
639 2076 741 2131 est,
789 2067 954 2136 igitur
991 2066 1082 2135 qui
1140 2074 1298 2120 natus
1339 2077 1444 2130 est,
1499 2066 1637 2121 Deus
1669 2075 1772 2131 est,
1825 2065 2021 2120 nullius

440 2161 584 2212 enim
621 2159 756 2211 meri
793 2158 1028 2212 hominis
1061 2159 1114 2212 in
1147 2161 1296 2214 omni
1328 2159 1585 2214 memoria
1627 2168 1709 2214 est
1751 2159 1819 2214 ab
1862 2169 2020 2215 teter-

440 2251 524 2303 uis
579 2251 908 2320 temporibus
954 2250 1105 2322 origo
1161 2250 1388 2316 au'dita,
1443 2251 1536 2305 scd
1590 2249 1724 2317 Dei,
1783 2250 2018 2306 hominis

439 2340 586 2395 facti.

966 2453 1193 2511 CAPUT
1246 2453 1483 2510 XXXIII.

660 2588 824 2643 Isaiae
863 2587 1172 2643 vaticinium
1209 2590 1414 2658 egregie
1448 2586 1794 2658 explicatum.

512 2704 744 2758 Rursum
797 2702 986 2758 scribit
1034 2701 1200 2758 Isaias
1245 2719 1257 2755 :
1299 2721 1318 2754 ‹
1373 2701 1694 2774 Egredietur
1742 2703 1890 2772 virga
1948 2701 2016 2756 de

442 2798 618 2852 radice
658 2795 834 2861 Jesse,
883 2805 936 2850 et
982 2794 1081 2850 llos
1127 2795 1192 2850 de
1239 2793 1422 2849 radice
1454 2794 1571 2864 ejus
1615 2795 1900 2849 ascendet.
1951 2792 2016 2848 Et

442 2889 743 2957 requiescet
795 2901 960 2956 super
1004 2902 1128 2939 eum
1183 2885 1419 2954 Spiritus
1469 2882 1681 2939 Domini
1721 2901 1735 2937 :
1779 2882 2014 2953 Spiritus

439 2981 740 3049 sapientiae,
774 2989 827 3034 et
863 2979 1196 3043 intellectus,
1235 2974 1474 3046 Spiritus
1509 2975 1744 3040 consilii,
1776 2986 1830 3029 et
1859 2973 2014 3029 forti-

439 3073 663 3135 tudinis,
715 3071 950 3141 Spiritus
997 3070 1258 3133 scientiae,
1302 3077 1358 3122 et
1405 3068 1644 3137 pietatis,
1696 3075 1752 3122 et
1785 3067 2013 3136 replebit

435 3181 556 3218 eum
593 3164 831 3234 Spiritus
871 3163 1078 3217 timoris
1122 3159 1335 3217 Domini
1384 3177 1399 3214 :
1442 3176 1548 3216 non
1597 3159 1894 3214 secundum
1930 3160 2008 3213 vi-

435 3256 638 3312 sionem
673 3255 954 3310 nculorum
981 3252 1268 3322 judicabit,
1305 3266 1480 3323 neque
1515 3251 1814 3306 secundum
1850 3249 2010 3305 audi-

433 3355 546 3402 tum
576 3346 788 3402 aurium
830 3341 1018 3416 arg'uet
1049 3363 1062 3400 :
1088 3345 1183 3400 sed
1203 3344 1469 3414 judicabit
1495 3341 1774 3413 iniustitia
1805 3356 2009 3412 paupe-

436 3457 544 3508 res,
581 3449 635 3497 et
667 3450 858 3510 arguet
889 3441 942 3494 in
973 3439 1227 3508 aequitate
1261 3452 1360 3509 pro
1389 3436 1686 3492 mansuetis
1719 3444 1879 3490 terrae
1909 3452 1923 3488 :
1957 3445 2014 3491 et

430 3536 700 3606 percutiet
731 3544 935 3588 terram
962 3531 1114 3601 virga
1141 3531 1254 3587 oris
1283 3531 1392 3596 sui,
1422 3540 1480 3585 et
1510 3529 1705 3598 spiritu
1739 3528 2008 3584 labiorum

432 3625 992 3695 interlicietimpium.
1026 3623 1093 3678 Et
1131 3622 1466 3692 eritjustitia
1492 3621 1768 3690 cingulum
1802 3621 2012 3675 lumbo-

433 3735 551 3774 rum
575 3719 715 3790 ejus,
746 3727 798 3772 et
829 3718 964 3772 ﬁdes
991 3715 1317 3771 cinctorium
1345 3728 1537 3768 renum
1565 3713 1702 3782 ejus.
1735 3710 2015 3767 Habitabit

431 3811 594 3883 lupus
625 3825 746 3867 cum
782 3823 920 3880 agno
948 3824 964 3864 :
997 3817 1053 3864 et
1083 3807 1284 3878 pardus
1319 3819 1442 3861 cum
1482 3806 1636 3861 haedo
1678 3805 1963 3861 accubabit
1995 3821 2009 3858 :

431 3905 637 3960 vitulus
669 3915 722 3960 et
750 3903 856 3969 leo,
885 3911 940 3956 et
983 3903 1100 3958 Ovis
1147 3899 1308 3955 simul
1356 3900 1732 3965 morabuntur,
1777 3909 1831 3954 et
1881 3915 2013 3968 puer

435 3999 694 4070 parvulus
724 3996 957 4052 minabit
984 4009 1098 4051 eos.
1142 3992 1350 4048 Vitulus
1394 4002 1449 4048 et
1477 4007 1638 4048 ursus
1673 4005 1964 4063 pascentur
1994 4011 2009 4048 :

436 4091 599 4148 simul
629 4091 972 4160 requiescent
1021 4087 1184 4142 catuli
1225 4100 1413 4140 eorum
1461 4101 1474 4138 :
1521 4094 1576 4138 et
1614 4084 1697 4140 leo
1727 4085 1878 4153 quasi
1913 4085 2011 4141 bos

432 4186 680 4240 comedet
727 4182 933 4253 paleas.
993 4181 1058 4235 Et
1107 4178 1464 4234 delectabitur
1510 4175 1690 4232 infans
1733 4177 1802 4232 ab
1847 4176 2012 4232 ubere

437 4291 600 4344 super
641 4275 908 4330 foramine
943 4273 1146 4343 aspidis
1177 4289 1192 4326 :
1234 4280 1288 4344 et
1319 4270 1370 4323 in
1412 4283 1644 4323 caverna
1690 4269 1882 4339 reguli,
1919 4269 2010 4337 qui

438 4341 744 4422 ablactatus
771 4365 954 4430 fuerit,
996 4341 1218 4416 manum
1264 4341 1416 4416 suam
1454 4363 1651 4415 mittet.
1699 4358 1816 4413 Non
1849 4374 2010 4414 noce-

435 4463 686 4525 bunt,~et
736 4471 844 4510 non
890 4455 1139 4509 occident
1189 4453 1241 4506 in
1294 4453 1548 4506 universo
1595 4462 1779 4505 monte
1822 4461 2011 4505 saneto

2123 1983 2437 2050 proﬁtetur:
2467 1998 2484 2032 ι
2514 1979 2578 2033 Ει
2606 1980 2834 2035 huu-iles
2854 1982 3043 2049 spiritu
3070 1982 3322 2046 salvabit,
3351 1993 3405 2038 et
3435 1995 3698 2040 terrarum

2123 2071 2360 2125 illustres
2425 2085 2486 2124 ex
2537 2086 2694 2140 :rquo
2759 2073 2993 2141 corriget
3042 2073 3119 2138 ‘°;
3157 2093 3176 2125 ι
3245 2085 3514 2129 terrarum
3572 2077 3694 2130 illuc

2121 2173 2261 2218 stt-cs
2290 2163 2378 2218 hic
2413 2167 2688 2218 thetttmtes
2725 2165 2998 2234 cngitandi
3034 2175 3180 2232 sunt,
3213 2175 3264 2222 et
3293 2183 3482 2221 eorum
3520 2167 3699 2221 admi-

2120 2255 2324 2311 nistri:
2377 2257 2572 2308 merito
2620 2255 2788 2320 enim,
2838 2258 2930 2326 qui
2983 2259 3166 2311 mundi
3221 2259 3497 2327 principes
3548 2271 3699 2325 sunt,

2121 2359 2277 2401 terra:
2307 2363 2524 2416 quoque
2555 2348 2789 2402 illustres
2813 2358 2963 2414 sunt,
2990 2349 3054 2402 de
3090 2349 3264 2418 iisque
3298 2360 3351 2403 et
3381 2350 3549 2404 David
3581 2350 3695 2404 ait:

2124 2455 2143 2487 ι
2176 2439 2408 2506 Argnam
2449 2449 2520 2499 te,
2550 2446 2603 2490 et
2632 2449 2867 2490 statuant
2902 2446 3090 2491 contra
3127 2437 3321 2492 faciem
3374 2448 3520 2492 tuam
3569 2441 3636 2494 ιι.
3673 2461 3691 2492 ι

2119 2527 2273 2592 Quod
2302 2528 2452 2579 addit
2487 2543 2500 2579 :
2539 2544 2558 2578 ι
2603 2525 2886 2580 Percutiet
2936 2537 3137 2580 terram
3176 2528 3326 2595 virga
3370 2530 3485 2581 oris
3533 2529 3638 2592 sui,
3670 2548 3691 2580 ι

2118 2620 2422 2673 daemonum
2476 2618 2774 2687 perniciem
2805 2626 2977 2671 notat.
3010 2616 3144 2670 Nam
3180 2629 3238 2671 ut
3271 2617 3340 2672 de
3381 2619 3504 2674 coeli
3541 2620 3696 2675 moli-

2119 2711 2266 2766 tione
2293 2711 2483 2766 scribit
2512 2710 2678 2764 David
2712 2725 2725 2762 :
2783 2729 2802 2761 ‹
2836 2708 3014 2765 Verbo
3065 2711 3276 2766 DOmini
3322 2711 3444 2764 εαξιί
3498 2711 3697 2767 firmati

2119 2811 2268 2865 sunt,
2296 2809 2351 2856 et
2379 2801 2572 2872 spiritu
2608 2803 2720 2856 oris
2751 2800 2869 2870 ejus
2906 2801 3085 2855 omnis
3119 2801 3291 2856 virtus
3322 2816 3512 2857 eorum
3539 2804 3620 2869 ";
3672 2822 3690 2853 ο

2118 2895 2191 2949 ita
2219 2905 2273 2951 et
2302 2894 2466 2950 Isaias
2500 2903 2554 2948 et
2581 2896 2882 2950 daemonum
2911 2896 3203 2964 perniciem
3233 2905 3394 2964 atque
3415 2898 3694 2950 interitum

2119 2986 2464 3053 vaticinans,
2516 2996 2719 3041 terram
2770 2988 2850 3040 sui
2901 2987 3014 3041 oris
3053 2986 3230 3042 eil'atis
3281 2987 3690 3042 verberaturuni

2118 3076 2380 3144 praedicit.
2419 3093 2439 3127 ι
2467 3073 2702 3130 Verbum
2745 3076 2884 3141 oris,
2916 3092 2936 3128 ι
2987 3077 3325 3145 unigenitum
3362 3075 3561 3130 Filium
3598 3091 3694 3133 vo-

2115 3182 2269 3222 cans.
2306 3186 2325 3220 ι
2363 3168 2425 3221 Et
2463 3168 2659 3238 spiritu
2687 3169 2952 3222 labiorum
3000 3182 3222 3225 suorum
3258 3168 3549 3224 interliciet
3584 3169 3689 3223 im-

2117 3258 2300 3328 pium;
2335 3276 2353 3308 ι
2395 3257 2482 3312 hic
2510 3271 2725 3312 rursum
2757 3260 3048 3319 daemones,
3083 3267 3353 3312 eteorum
3385 3257 3692 3311 administri

2115 3345 2415 3414 accipiendi
2443 3353 2591 3412 sunt,
2639 3359 2778 3414 quos
2827 3345 2987 3414 paulo
3032 3355 3159 3400 ante
3223 3344 3556 3401 «illustres»
3597 3361 3693 3400 no-

2115 3436 2361 3491 minavit.
2397 3435 2575 3506 Atque
2621 3438 2671 3493 ei
2714 3445 2914 3492 nostra:
2966 3435 3199 3492 orationi
3248 3436 3409 3491 fidem
3461 3435 3688 3502 faciunt,

2114 3527 2314 3582 Christi
2340 3528 2446 3582 mei
2482 3529 2534 3581 in
2557 3526 2791 3583 furiosos
2816 3525 3072 3581 miracula
3097 3524 3384 3581 luculenta.
3437 3542 3456 3577 ι
3487 3525 3556 3580 Et
3585 3525 3692 3581 erit

2106 3615 2318 3686 justitia
2368 3617 2646 3687 cingulum
2681 3617 2985 3674 lumborum
3028 3617 3167 3688 ejus,
3217 3623 3272 3672 et
3315 3617 3448 3674 ﬁdes
3478 3619 3684 3672 cincto-

2115 3710 2253 3763 rium
2279 3724 2469 3765 renum
2495 3709 2642 3780 ejus;
2674 3729 2694 3763 ι
2725 3709 2936 3766 lumbos
2957 3717 3012 3764 et
3043 3709 3212 3764 latera
3236 3710 3450 3776 dicens,
3475 3725 3688 3766 omnem

2112 3809 2364 3877 corporis
2395 3807 2919 3878 coagmentationetn
2962 3807 3160 3871 innuit,
3204 3814 3260 3862 et
3310 3821 3491 3863 meum
3526 3806 3689 3862 Chri-

2115 3913 2258 3959 stum
2309 3903 2640 3974 ipsissimam
2693 3916 2817 3957 esse
2883 3901 3152 3970 justitiam
3200 3911 3252 3953 et
3302 3900 3501 3966 iidem;
3545 3901 3688 3970 quod

2114 3999 2444 4068 praesagiens
2471 4005 2523 4052 et
2559 3995 2728 4052 David
2769 3997 2886 4051 ait:
2941 4014 2960 4048 ‹
2995 3995 3216 4051 Justitia
3258 4006 3344 4049 tua
3377 3996 3589 4066 jostitia
3632 3997 3685 4050 in

2114 4103 2404 4154 aeternum,
2440 4100 2493 4145 et
2519 4090 2602 4143 lex
2638 4100 2726 4142 tua
2751 4090 2952 4143 veritas
2989 4089 3052 4141 ".
3094 4108 3113 4140 ι

2183 4179 2339 4245 Quod
2390 4179 2574 4236 subdit
2618 4196 2631 4231 :
2676 4196 2696 4230 ι
2730 4179 3007 4234 "abitabit
3061 4181 3218 4249 lupus
3270 4195 3390 4235 cum
3445 4198 3584 4252 agno
3632 4197 3688 4237 et

2112 4272 2311 4342 pardus
2350 4285 2474 4326 cum
2521 4271 2675 4325 haedo
2720 4270 3010 4324 accubabit
3051 4291 3062 4325 :
3101 4270 3326 4337 vitulus,
3374 4281 3429 4328 et
3479 4274 3581 4338 leo,
3633 4288 3688 4329 ct

2113 4360 2231 4415 ovis
2262 4360 2424 4414 simul
2476 4363 2833 4415 morabuntur
2864 4375 2878 4414 :
2915 4360 3119 4416 vitulus
3153 4369 3206 4415 et
3245 4378 3405 4418 ursus
3440 4379 3674 4433 pascen-

2116 4461 2224 4506 tur.
2277 4449 2452 4505 Simul
2500 4454 2840 4521 requiescent
2881 4451 3049 4506 catuli
3103 4467 3314 4508 eorum.
3350 4472 3368 4505 ι
3410 4453 3486 4508 Ex
3540 4459 3686 4511 omni

439 4564 596 4604 meo;
628 4548 753 4616 quia
797 4544 997 4614 repleta
1032 4553 1115 4598 est
1153 4551 1298 4596 terra
1332 4540 1557 4596 scientia
1599 4539 1833 4606 Domini,
1867 4540 2008 4594 sicut
2033 4563 2083 4620 ι)
2116 4544 2378 4598 memoria
2419 4544 2471 4597 in
2518 4543 2718 4613 pietate
2745 4558 3074 4599 consensum
3120 4555 3174 4599 et
3219 4547 3684 4615 conspirationem

436 4659 590 4714 aqua:
618 4643 785 4698 maris
811 4640 1142 4710 Operientcs.
1185 4637 1237 4691 ln
1271 4636 1360 4692 die
1393 4635 1482 4690 illa
1513 4636 1664 4690 radix
1708 4633 1882 4700 Jesse,
1918 4635 2011 4704 qui

437 4747 544 4792 stat
594 4738 646 4791 in
698 4735 910 4804 signum
955 4730 1297 4801 populorum,
1341 4727 1514 4797 ipsunt
1545 4737 1731 4796 gentes
1757 4727 2013 4796 depreca-

439 4826 663 4886 buntur,
696 4834 750 4879 et
793 4823 897 4876 erit
927 4821 1235 4891 sepulcrum
1271 4819 1389 4888 ejus
1425 4813 1715 4886 gloriosam
1746 4817 1788 4871 ⁸.
1831 4836 1849 4870 ι
1886 4816 2014 4883 Quae

437 4929 522 4972 est
579 4918 695 4971 haec
749 4917 900 4970 radix
951 4913 1145 4970 Iesse?
1204 4929 1269 4968 ex
1326 4911 1487 4967 elfeto
1544 4921 1701 4964 utero
1753 4919 2013 4979 prognata

445 5009 626 5080 Virgo.
662 5008 796 5074 Quis
826 5021 956 5062 vero
987 5007 1125 5061 llos?
1155 5021 1220 5060 ex
1267 5003 1488 5073 Virgine
1528 5005 1844 5058 incarnatus
1890 5005 2014 5058 sine

437 5103 734 5155 mutatione
765 5099 928 5154 Deus.
967 5096 1078 5152 Cur
1118 5103 1299 5151 autem
1350 5109 1457 5149 non
1505 5096 1581 5150 ait
1626 5111 1640 5148 :
1700 5094 2015 5164 Egredietur

439 5192 688 5265 (fructus)
719 5193 785 5245 de
822 5189 1038 5252 radice;
1085 5187 1179 5242 sed
1211 5184 1337 5241 Flos
1369 5189 1435 5240 de
1467 5185 1646 5239 radice
1673 5185 1788 5252 ejus
1820 5199 2015 5240 ascen-

435 5282 573 5335 det?
605 5301 624 5332 ι
655 5281 882 5349 Pmpter
908 5293 1176 5334 summam
1204 5275 1444 5343 Virginis
1475 5275 1864 5345 integritatem,
1896 5290 2014 5344 ipsa:

438 5376 611 5430 virum
643 5375 848 5430 nullum
898 5384 1121 5441 experta
1174 5380 1334 5425 esset.
1373 5367 1506 5423 Nam
1556 5369 1869 5423 sterilitates
1899 5369 2015 5424 dis-

435 5470 646 5524 solvere
673 5469 987 5539 plerumque
1019 5467 1112 5521 Dei
1140 5462 1437 5535 potentiam
1471 5469 1818 5531 repraesentat
1855 5478 1867 5513 :
1904 5476 2009 5516 cae-

437 5567 617 5612 terum
646 5557 920 5627 Virginem
956 5569 1148 5624 parere
1179 5567 1302 5607 cum
1343 5551 1460 5606 viro
1501 5565 1604 5606 non
1647 5563 2016 5619 congressam,

504 5765 526 5796 ⁸
565 5763 670 5821 lsa.
741 5779 830 5828 rx,
871 5760 924 5813 6.

439 5834 486 5870 ²¹
519 5836 665 5894 Psal.
692 5826 852 5907 am,
886 5831 974 5885 2i.
1055 5831 1098 5861 "
1123 5828 1269 5886 Psal.
1300 5841 1475 5893 xxxn,
1509 5826 1560 5882 6.

1002 5759 1022 5791 ⁷
1061 5757 1226 5812 Mich.
1297 5771 1352 5820 v,
1395 5755 1460 5819 2;
1504 5753 1694 5809 Matth.
1738 5771 1798 5820 ll,
1839 5754 1892 5808 6.
1967 5753 1988 5785 ⁸
2029 5755 2134 5809 isa.
2205 5769 2284 5821 χι,
2325 5754 2473 5808 l-l0.
2550 5750 2740 5810 'Psal.
2798 5765 2893 5819 vu,
2936 5752 2986 5807 l.

1643 5825 1685 5856 ⁸³
1711 5825 1860 5883 Psal.
1888 5839 2078 5892 cxvm,
2110 5825 2228 5879 142.

2118 4643 2290 4690 notat.
2325 4634 2403 4690 Ac
2435 4636 2888 4704 quemadmodum
2922 4635 3114 4690 Daniel
3157 4637 3341 4692 decem
3388 4653 3548 4708 regna
3593 4653 3689 4708 per

2129 4725 2316 4778 decem
2349 4738 2554 4779 cornua
2585 4725 2852 4794 designat,
2892 4726 2966 4779 ita
3005 4735 3058 4780 et
3093 4725 3260 4781 Isaias
3297 4743 3393 4796 per
3431 4729 3544 4783 inec
3573 4732 3691 4783 aui-

2118 4811 2306 4877 malia,
2335 4823 2644 4868 exterorum
2680 4813 2992 4868 varietatem
3021 4824 3076 4868 et
3115 4815 3509 4872 diversitatem.
3571 4837 3589 4868 ι
3627 4819 3691 4872 Et.

2117 4922 2251 4977 puer
2287 4905 2542 4976 parvulus
2567 4906 2795 4960 minabit
2821 4920 2938 4970 eos,
2963 4923 2981 4956 ι
3021 4916 3240 4962 exteros
3267 4909 3494 4973 scilicet,
3521 4921 3679 4964 natus

2116 5001 2207 5054 ille
2257 5001 2410 5055 nobis
2454 5007 2510 5052 et
2564 4999 2902 5052 contionatus
2955 5012 3096 5067 puer
3141 4999 3412 5064 Christus,
3459 5015 3688 5068 quorum

2120 5093 2324 5161 primos
2357 5090 2422 5143 ad
2478 5089 2558 5143 sui
2611 5089 2981 5143 adorationem
3035 5089 3258 5143 adduxit
3313 5090 3516 5161 Magos.
3570 5108 3588 5140 ‹
3623 5093 3690 5145 Et

2119 5181 2205 5235 leo
2233 5180 2388 5250 quasi
2438 5179 2538 5234 bos
2585 5185 2834 5233 comedet
2869 5181 3073 5248 paleas,
3107 5198 3126 5231 ι
3179 5191 3398 5248 propter
3433 5183 3687 5235 uniottrm

2120 5272 2425 5327 divinitatis
2457 5287 2578 5324 cum
2637 5270 2973 5325 humanitate
3023 5271 3076 5325 in
3112 5288 3215 5325 una
3247 5273 3544 5342 eademque
3593 5273 3693 5342 hy-

2119 5365 2323 5434 postasi
2375 5363 2597 5417 factam.
2655 5363 2764 5418 Nec
2816 5378 2945 5418 vero
2992 5364 3288 5433 incongrue
3343 5365 3586 5420 Romano
3638 5367 3690 5419 id

2121 5456 2476 5528 applicaret-is
2502 5455 2753 5524 imperio,
2784 5467 3001 5526 propter
3029 5456 3300 5511 leoninum
3331 5458 3583 5526 quiddam
3626 5474 3692 5512 ac

2131 5549 2332 5618 regale,
2374 5547 2514 5617 quod
2547 5536 2780 5616 printhm
2823 5547 2926 5602 levi
2966 5561 3028 5602 ac
3058 5547 3240 5602 divino
3279 5548 3432 5619 jugo,
3484 5549 3535 5602 id
3584 5560 3692 5616 est,

3082 5752 3127 5785 ⁸⁸
3160 5751 3304 5809 Psal.
3367 5769 3558 5820 χχχιιι,
3606 5756 3692 5814 19.
