4044 6410
387 359 504 430 84⁸1

1626 353 2058 432 ANDRONICI
2099 350 2445 414 COMNENI

3548 346 3656 413 848

393 477 706 549 evztngeliro
745 475 1018 547 praeconio
1059 475 1328 531 cervicem
1373 471 1704 542 subiecerat,
1744 469 1971 541 reliquis
2005 479 2047 534 Α
2077 467 2327 537 idemque
2375 479 2594 520 rursum
2645 462 2887 520 ibidem:
2932 483 2949 515 ι
2994 462 3214 517 Orietur
3251 462 3408 517 Stella
3450 479 3514 518 ex
3564 463 3657 518 Ja-

393 571 603 644 populis
631 571 909 641 palearum
957 569 1130 625 instar
1173 566 1470 623 devoratis.
1511 582 1529 616 I
1564 563 1632 619 Et
1665 563 1966 618 delectabi-

394 674 481 716 tur
535 659 718 716 infans
769 659 838 714 ab
899 659 1065 714 ubere
1117 671 1280 726 super
1333 654 1601 710 foramine
1661 651 1884 722 aspidis.
1943 668 1962 702 ι

391 752 574 807 Infans
603 762 768 820 atque
801 748 1008 804 lactens
1035 747 1328 813 Christus;
1359 745 1596 815 aspides,
1628 751 1684 798 et
1722 743 1968 813 aspidum

391 842 606 899 soboles
637 839 896 896 Pharisaei
948 854 1010 895 ac
1038 839 1241 894 Scriba:
1289 847 1418 891 sunt
1466 835 1841 906 intelligendi;
1875 849 1969 890 ca-

392 949 556 990 verna
603 942 660 988 et
724 929 904 986 cubile
938 927 1249 985 Iudaeorum
1297 937 1382 983 est
1434 926 1755 999 Synagoga,
1805 939 1970 996 quam

389 1025 691 1097 prazsiiens
736 1025 792 1078 in
851 1023 1086 1092 templo,
1145 1031 1194 1078 et
1253 1037 1473 1078 manum
1526 1024 1740 1094 agitans
1795 1022 1971 1077 dulcis

389 1114 548 1170 Jesus
593 1115 846 1169 docebat.
883 1131 901 1166 ‹
937 1111 1054 1168 Non
1098 1115 1393 1179 nocebunt,
1439 1123 1494 1168 et
1539 1128 1646 1168 nan
1691 1113 1967 1179 occident,

391 1206 444 1258 in
488 1204 744 1260 universo
795 1209 979 1258 monte
1024 1213 1213 1258 sancto
1265 1217 1406 1257 meo.
1447 1220 1468 1255 ι
1521 1202 1755 1256 Rursum
1794 1201 1972 1274 Syna-

392 1311 544 1365 goga:
581 1293 854 1349 inscitiam
907 1301 1059 1346 notat
1099 1309 1112 1346 :
1152 1307 1258 1346 non
1299 1291 1477 1346 solum
1527 1293 1672 1346 enim
1713 1292 1968 1362 unigeni-

392 1397 503 1440 tum
542 1385 634 1440 Dei
673 1383 953 1440 Filium-iu
986 1397 1204 1438 crucem
1238 1392 1418 1437 actum
1462 1397 1566 1437 non
1597 1392 1968 1463 peremerunt,

393 1481 486 1534 sed
552 1481 718 1534 etiam
800 1493 937 1548 quos
1001 1477 1077 1531 illi
1149 1477 1301 1545 prius
1365 1475 1525 1531 morti
1597 1476 1967 1541 dimiserant,

393 1572 480 1624 hic
508 1584 574 1624 ex
616 1569 845 1623 mortuis
892 1566 1226 1637 posdiminio
1303 1566 1563 1622 restituit.
1648 1585 1667 1618 ι
1702 1567 1967 1633 Quoniam

391 1661 596 1731 repleta
649 1668 734 1714 est
779 1667 924 1714 terra
987 1659 1215 1713 scientia
1279 1657 1516 1712 Domini.
1549 1675 1568 1710 ι
1625 1656 1759 1712 Nam
1817 1667 1965 1728 post-

391 1768 553 1821 quam
604 1753 669 1805 ad
741 1750 947 1806 inferos
1005 1753 1207 1806 missus
1262 1761 1340 1806 est
1392 1751 1534 1806 Deus
1583 1752 1744 1805 homo
1785 1749 1964 1816 Jesus,

2081 559 2204 624 cob,
2241 567 2296 612 et
2328 566 2587 627 exsurget
2617 557 2779 610 homo
2805 571 2868 610 ex
2909 555 3168 622 lsrael,et
3189 554 3459 622 percutiet
3487 556 3656 611 duces

2079 651 2234 708 Moab
2261 652 2330 718 ’°,
2368 670 2388 704 ι
2419 661 2474 707 et
2509 667 2629 720 qua:
2654 660 2977 720 sequuntur.

2149 743 2417 800 Cazterum
2461 758 2648 797 verum
2700 742 2868 797 Deum
2915 755 3040 797 esse
3093 740 3370 795 Christum
3401 780 3416 804 ,
3482 742 3651 798 Isaias

2079 836 2396 905 comprobat
2427 834 2510 890 his
2542 835 2724 889 verbis
2761 850 2774 888 :
2811 850 2831 885 ι
2870 831 2988 888 Νοιι
3020 833 3360 905 angelorum,
3396 849 3503 888 non
3554 835 3656 888 ho-

2082 927 2282 979 minum
2313 926 2625 996 quisquam,
2673 923 2765 978 sed
2814 925 2927 993 ipse
2987 941 3085 978 nos
3139 924 3399 978 Dominus
3461 939 3654 978 serva-

2081 1019 2156 1072 vit
2183 1019 2262 1084 ";
2301 1035 2320 1069 ι
2362 1029 2526 1087 atque
2556 1019 2694 1072 idem
2738 1033 2952 1073 rursum
2988 1034 3001 1070 :
3039 1034 3056 1067 ι
3097 1016 3232 1071 Ecce
3257 1030 3447 1071 servus
3476 1031 3650 1082 meus,

2070 1104 2370 1179 suscipiam
2412 1124 2535 1163 eum
2596 1126 2610 1163 :
2665 1110 2872 1164 electus
2931 1123 3085 1163 meus
3145 1127 3159 1163 :
3213 1108 3336 1163 dedi
3390 1105 3652 1176 Spiritqu

2079 1215 2256 1254 meum
2280 1215 2444 1269 super
2464 1215 2588 1255 eum
2627 1218 2641 1253 :
2680 1201 2945 1270 judicium
2965 1201 3216 1269 gentibus
3241 1198 3476 1268 proferet
3502 1213 3516 1255 :
3543 1214 3651 1253 non

2076 1292 2390 1355 contendet,
2425 1307 2532 1346 non
2565 1292 2840 1346 clamabit.
2867 1291 3146 1347 Calamam
3181 1300 3493 1361 quassatum
3541 1307 3648 1346 non

2077 1395 2347 1449 conteret,
2367 1384 2609 1440 etlinum
2636 1384 2905 1454 Iumigans
2934 1399 3038 1438 non
3057 1386 3382 1454 exstinguet.
3415 1384 3531 1439 Non
3549 1387 3656 1440 erit

2080 1477 2271 1541 tristis,
2303 1489 2480 1544 neque
2501 1475 2863 1540 turbulentus,
2894 1476 3065 1530 donec
3087 1485 3248 1544 ponat
3273 1475 3484 1529 interra
3503 1477 3653 1546 judi-

2074 1566 2241 1633 cium,
2273 1578 2326 1621 et
2359 1567 2411 1621 in
2441 1566 2656 1622 nomine
2677 1566 2793 1633 ejus
2817 1575 3005 1634 gentes
3047 1567 3418 1636 sperabunt".
3449 1585 3466 1617 ι
3506 1566 3652 1621 Idem

2076 1660 2140 1713 de
2156 1657 2364 1713 Joanne
2381 1658 2656 1727 Baptista:
2689 1675 2707 1710 ί
2730 1657 2928 1728 Regem
2947 1672 3068 1712 cum
3082 1658 3252 1726 gloria
3270 1659 3578 1714 videbitis"
3602 1676 3650 1726 ;›

2074 1761 2170 1804 et:
2211 1767 2229 1800 ‹
2266 1748 2378 1803 Vox
2421 1749 2705 1804 clamantis
2737 1750 2790 1804 in
2829 1749 3084 1804 deserto:
3121 1747 3317 1804 Parata
3361 1750 3499 1804 viam
3553 1751 3651 1804 Do-

386 1851 506 1897 tum
535 1857 663 1896 vero
693 1842 1068 1912 evangelicum
1114 1842 1444 1912 praeconium
1496 1844 1672 1912 magis
1702 1857 1972 1914 propaga-
2000 1845 2043 1899 Β
2074 1840 2227 1894 mini.
2265 1840 2464 1896 Rectas
2491 1841 2652 1896 facite
2677 1842 2898 1896 semitas
2937 1842 3028 1895 Dei
3058 1842 3248 1895 vestri.
3277 1840 3468 1896 Omnis
3497 1841 3654 1896 vallis

387 1943 505 1988 tum
551 1943 653 1988 est.
701 1950 720 1985 ς
759 1933 910 1988 Sicut
944 1949 1097 2003 aqua:
1143 1949 1294 1988 mare
1343 1934 1674 2004 operientes.
1713 1952 1732 1986 ι
1790 1935 1972 2002 Quod-

392 2041 516 2080 nam
542 2039 694 2081 mare
723 2027 881 2097 aquis
906 2025 1196 2096 operitur?
1220 2026 1286 2080 Et
1329 2025 1752 2081 simulacrorum
1794 2025 1972 2082 cultus

390 2131 602 2187 aequor,
654 2125 710 2171 et
763 2115 1037 2172 inhaerens
1091 2117 1145 2171 in
1203 2115 1319 2188 lege
1372 2116 1664 2172 umbratile
1709 2117 1969 2186 quiddam

391 2217 556 2277 atque
601 2207 1004 2276 imperfectum.
1041 2225 1061 2260 ι
1092 2207 1150 2261 In
1201 2208 1288 2262 illa
1343 2208 1431 2263 die
1464 2209 1615 2262 radix
1666 2206 1838 2273 Jesse,
1878 2208 1971 2278 qui

392 2309 504 2352 stat
534 2299 587 2353 in
622 2299 838 2368 signum
872 2299 1217 2370 populorum,
1251 2298 1303 2353 in
1355 2299 1536 2369 ipsum
1567 2307 1757 2369 gentes
1788 2313 1975 2369 spera-

391 2392 548 2446 bunt.
585 2409 604 2444 ι
645 2389 930 2446 Sententia
961 2392 1076 2447 haec
1109 2401 1195 2448 est
1227 2411 1242 2448 :
1277 2391 1380 2459 Qui
1411 2408 1479 2447 ex
1521 2395 1750 2449 mortuis
1795 2409 1976 2450 resur-

393 2492 484 2552 get
521 2481 608 2536 die
639 2497 668 2536 a
705 2482 964 2538 Sabbatis
998 2483 1192 2550 altero,
1223 2500 1290 2538 ex
1318 2484 1517 2540 Jessaea
1545 2484 1716 2554 stirpe
1745 2485 1874 2552 erit,
1915 2485 1969 2540 in

395 2586 575 2640 eoque
633 2585 786 2641 spem
836 2570 1134 2639 habebunt,
1169 2587 1274 2626 non
1326 2573 1417 2641 qui
1457 2587 1487 2627 e
1539 2573 1846 2643 Synagoga,
1878 2575 1973 2628 sed

391 2680 455 2719 ex
486 2665 765 2734 gentibus.
801 2681 821 2716 ι
857 2663 925 2718 Et
955 2664 1062 2717 erit
1095 2663 1406 2732 sepulcrum
1434 2663 1554 2733 ejus
1585 2662 1906 2734 gloriosum,
1947 2681 1966 2717 ι

390 2771 484 2811 seu
514 2775 529 2811 :
567 2773 584 2806 ι
614 2753 746 2824 Ejus
779 2754 996 2824 requies
1030 2755 1135 2809 erit
1170 2755 1365 2809 honor.
1400 2769 1419 2804 ι
1465 2753 1607 2808 Ecce
1655 2762 1840 2822 aperte
1878 2753 1970 2810 Dei

393 2861 618 2915 regnum
646 2862 662 2911 ;
690 2858 866 2915 neque
889 2845 1036 2899 enim
1063 2844 1115 2897 in
1137 2858 1245 2913 quo
1268 2843 1579 2914 acquiescat
1609 2842 1724 2898 Rex
1759 2855 1969 2911 noster,

395 2939 631 3008 equites,
664 2952 836 3006 arma,
871 2937 1208 3007 cataphracti
1267 2947 1321 2991 et
1362 2936 1624 2992 satellites
1657 2946 1840 3002 erunt,
1871 2938 1968 2992 sed

391 3032 570 3084 honor
591 3030 831 3085 divinus.
863 3028 981 3094 Quo
1003 3029 1257 3098 pertinet,
1285 3027 1428 3097 quod
1455 3026 1750 3094 majoribus
1772 3029 1973 3083 vestris

395 3120 657 3175 Servator
683 3101 821 3175 dixit
851 3137 865 3174 :
910 3136 929 3172 ι
962 3117 1067 3185 Qui
1099 3133 1206 3173 non
1241 3119 1568 3173 Itonorilicat
1598 3117 1820 3185 Filium,
1857 3134 1966 3174 non

392 3214 947 3272 honoriﬂcatPatrem
965 3215 1041 3282 u;
1077 3234 1095 3267 ι
1121 3225 1205 3271 et:
1233 3234 1250 3267 ι
1278 3213 1336 3269 Si
1365 3214 1757 3284 cognovissetis
1785 3229 1892 3281 me,
1915 3225 1968 3270 et
1993 3189 2038 3246 θ

387 3308 608 3365 Patrem
644 3323 826 3364 meum
857 3310 1044 3378 utique
1069 3309 1462 3378 cognovissetis
1490 3307 1554 3361 ¹⁵.
1589 3323 1609 3358 ι

919 3413 1149 3474 CAPUT
1205 3416 1451 3474 XXXIV.

534 3513 774 3568 Aliorum
819 3514 1197 3582 praplretarum
1243 3510 1464 3565 oracula
1506 3512 1570 3566 de
1593 3510 1824 3567 Christo.

466 3600 572 3661 Sed
604 3604 715 3673 jam
749 3605 941 3674 probe,
967 3604 1186 3672 Opinor,
1243 3601 1395 3658 Isaiae
1439 3603 1622 3659 verbis
1666 3605 1948 3674 expositis,

393 3698 625 3754 altorum
653 3710 872 3767 quoque
913 3705 1100 3750 vatum
1144 3695 1444 3750 sententias
1487 3695 1736 3750 edamus.
1782 3695 1970 3766 Itaque

393 3789 464 3841 de
521 3783 902 3854 Hierosolyma
954 3781 1244 3838 conﬁrmat
1316 3781 1483 3836 David
1531 3798 1546 3836 :
1599 3799 1619 3834 ‹
1648 3781 1867 3848 Homo,
1915 3793 1974 3838 et

395 3879 560 3934 homo
591 3885 752 3932 natus
781 3883 866 3932 est
895 3875 951 3932 in
981 3888 1044 3930 ea
1069 3891 1084 3930 :
1111 3885 1164 3930 et
1195 3875 1312 3946 ipse
1344 3872 1595 3929 fundavit
1618 3874 1974 3931 eamAltissi—

395 3983 518 4024 mus
545 3967 609 4024 ".
644 3986 664 4020 ι
701 3968 800 4023 Est
826 3975 1008 4021 autem
1038 3979 1233 4021 sensus
1278 3963 1592 4035 hujustnodi
1631 3982 1645 4021 :
1677 3963 1973 4034 Supremas

397 4063 445 4117 Is
475 4060 565 4131 qui
600 4061 741 4116 hanc
783 4057 1219 4130 Hierosolymam
1249 4057 1517 4124 condidit,
1558 4059 1614 4112 in
1647 4071 1710 4112 ea
1742 4057 1974 4128 denique

398 4155 561 4211 homo
588 4161 747 4208 natus
772 4158 880 4208 est.
907 4149 976 4205 Et
1007 4149 1179 4205 Isaias
1208 4167 1221 4203 :
1275 4167 1295 4202 ι
1327 4148 1468 4204 Ecce
1493 4149 1645 4219 virgo
1675 4149 1971 4219 concipiet,

398 4257 456 4302 et
483 4245 661 4315 pariet
692 4243 886 4309 tilium,
933 4250 991 4296 et
1023 4239 1311 4297 vocabitur
1343 4253 1542 4294 nomen
1585 4238 1702 4307 ejus
1754 4239 1974 4294 Emma-

400 4339 528 4393 nuel
547 4336 644 4390 ιτ.»
682 4334 850 4390 Porro
883 4331 1199 4388 Emmanuel
1222 4330 1531 4398 Hebraeum,
1555 4328 1743 4385 Latine
1773 4328 1971 4384 Nobis-

399 4443 520 4483 cum
545 4425 710 4490 Deus,
745 4425 1011 4480 redditur.
1063 4424 1212 4478 Idem
1266 4436 1532 4477 rursum:
1574 4437 1594 4472 ι
1628 4423 1850 4477 Accessi
1900 4421 1968 4475 ad

400 4519 844 4591 prophetissam,
892 4525 947 4572 et
994 4515 1264 4584 concepit,
1311 4524 1367 4569 et
1414 4513 1627 4585 peperit
1671 4513 1860 4568 ﬁlium.
1907 4515 1973 4568 Et
2009 4539 2053 4594 ι)

401 4612 540 4667 dixit
567 4609 826 4665 Dominus
858 4609 924 4662 ad
968 4623 1092 4663 me:
1125 4605 1269 4661 Voca
1303 4621 1497 4660 nomen
1542 4604 1679 4676 ejus,
1712 4606 1977 4661 Aecelera

401 4707 574 4776 spolia
604 4705 887 4761 detrahere
934 4719 948 4757 :
1005 4701 1203 4758 festina
1242 4702 1475 4772 praedari
1523 4702 1592 4757 η.
1629 4721 1650 4755 ι
1694 4699 1763 4756 Ει
1798 4702 1978 4758 Iloses

405 4800 460 4851 in
504 4794 865 4849 Numerorum
900 4792 1038 4848 libro
1069 4810 1084 4847 :
1121 4809 1140 4845 ι
1171 4790 1390 4848 Orietur
1443 4794 1606 4848 homo
1657 4808 1725 4848 ex
1773 4791 1981 4848 semine

403 4886 593 4953 Israel,
640 4894 698 4942 et
726 4883 1015 4954 imperabit
1048 4882 1232 4938 multis
1263 4882 1538 4952 gentibus,
1557 4891 1615 4937 et
1639 4881 1978 4937 exaltabitur

402 4993 632 5048 regnum
691 4975 826 5046 ejus.
887 4973 1234 5030 Devorabunt
1294 4984 1484 5044 gentes
1540 4975 1728 5029 hostes
1778 4972 1924 5028 illius
1956 5011 1973 5038 ,

403 5080 636 5135 ossaque
669 5078 855 5120 eorum
886 5061 1250 5130 confringent,
1293 5071 1350 5115 et
1393 5057 1751 5130 perforabunt
1802 5058 1976 5126 sagit-

409 5162 477 5216 tis
510 5159 574 5226 ",
612 5176 632 5210 ι
674 5157 819 5213 illius
845 5155 1144 5211 inimicum.
1201 5151 1386 5208 Hostis
1417 5166 1547 5208 vero
1591 5151 1680 5207 hic
1722 5149 1973 5206 diabolus

405 5260 492 5308 est
521 5249 923 5320 intelligendus,
953 5245 1179 5303 missilia
1210 5244 1413 5302 Christi
1443 5245 1696 5315 stigmata
1724 5251 1780 5300 et
1805 5253 1968 5312 notae,

2075 1931 2391 2000 itnplebitur
2443 1948 2459 1998 ;
2509 1941 2566 1987 et
2605 1933 2784 1986 omnis
2825 1946 2982 1986 mons
3041 1942 3096 1986 et
3141 1931 3296 1986 collis
3333 1932 3649 1986 humiliabi-

2075 2033 2160 2077 tur
2192 2023 2261 2076 “.
2301 2041 2320 2074 ι
2362 2022 2598 2077 Montem
2639 2032 2802 2091 atque
2847 2023 3045 2077 collem
3089 2022 3176 2078 hic
3216 2026 3520 2077 daemonum
3555 2039 3652 2079 co-

2073 2113 2193 2185 pias
2214 2113 2486 2178 cxistima,
2507 2130 2623 2182 quae
2648 2114 2785 2168 coelo
2801 2112 2868 2167 ob
2899 2113 3203 2181 superbiam
3237 2115 3558 2178 deturbatae,
3581 2114 3650 2167 ad

2075 2215 2231 2260 terra:
2261 2206 2366 2260 ima
2386 2205 2656 2272 depressa:
2676 2213 2836 2272 sunt;
2867 2203 3081 2270 vallem,
3103 2205 3375 2259 hominum
3407 2213 3655 2258 naturam

2074 2312 2197 2367 qua:
2251 2297 2321 2352 ob
2379 2298 2692 2367 superbiam
2755 2298 3038 2366 depressa,
3077 2311 3295 2350 rursum
3334 2294 3429 2348 Dei
3483 2294 3654 2364 gloria

2075 2389 2301 2459 repleta,
2353 2399 2518 2458 atque
2575 2389 2627 2444 in
2674 2390 2846 2445 caelos
2878 2404 2909 2444 e
2959 2398 3108 2443 terra
3159 2387 3370 2442 sublata
3412 2397 3546 2441 est:
3602 2386 3657 2441 id

2075 2482 2220 2536 enim
2277 2480 2572 2549 signiﬁcat,
2633 2483 2776 2550 quod
2830 2481 2981 2536 addit
3024 2497 3039 2534 :
3109 2498 3128 2531 ε
3166 2479 3340 2532 Erunt
3383 2494 3550 2548 prava
3603 2482 3654 2531 in

2077 2573 2306 2637 directa,
2343 2581 2398 2626 et
2444 2586 2636 2640 aspera
2692 2573 2744 2627 in
2792 2573 2908 2625 vias
2968 2574 3185 2640 planas,
3225 2581 3277 2624 et
3329 2570 3658 2624 revelabitur

2075 2661 2244 2730 gloria
2303 2661 2541 2728 Domini,
2600 2671 2656 2718 et
2710 2662 2912 2716 videbit
2976 2663 3155 2716 omnis
3212 2677 3342 2715 caro
3413 2659 3656 2714 salutare

2073 2757 2169 2813 Dei
2201 2759 2270 2814 ".
2305 2777 2324 2811 ι
2361 2758 2427 2812 Et
2463 2757 2631 2809 Amos
2679 2755 2944 2824 pr0pheta
2973 2755 3049 2807 ait
3080 2769 3093 2806 :
3140 2772 3158 2804 ι
3198 2753 3253 2806 In
3283 2754 3369 2806 die
3402 2753 3494 2806 illa
3525 2744 3652 2808 sus-

2073 2849 2252 2904 citabo
2311 2847 2722 2903 tabernaculum
2781 2845 2993 2908 David,
3053 2844 3199 2914 quod
3249 2845 3444 2899 cecidit
3501 2862 3515 2898 :
3603 2855 3658 2899 et

2075 2940 2414 2995 retediiicabo
2455 2949 2746 3009 aperturas
2796 2952 3072 2991 murorum
3123 2935 3266 3005 ejus,
3322 2946 3376 2989 et
3423 2950 3488 2989 ea
3533 2951 3657 3004 quae

2074 3042 2414 3098 corruerant,
2449 3031 2768 3086 instaurabo
2802 3046 2814 3083 :
2866 3039 2920 3084 et
2960 3028 3298 3082 remdit‘tcabo
3339 3027 3468 3081 illud
3513 3030 3658 3083 sicut

2075 3125 2129 3178 in
2182 3125 2370 3179 diebus
2399 3123 2658 3192 antiquis,
2700 3140 2720 3173 ι
2761 3129 2819 3174 ut
2863 3121 3150 3190 exquirant
3182 3120 3370 3188 reliqui
3411 3119 3657 3173 homines

2076 3217 2388 3282 Dominum,
2447 3226 2502 3271 et
2553 3228 2745 3269 omnes
2787 3221 2977 3283 gentes
3045 3225 3212 3282 super
3273 3225 3409 3279 quas
3441 3211 3661 3263 invoca-

2077 3315 2186 3360 tum
2221 3318 2304 3360 est
2334 3321 2530 3360 nomen
2586 3320 2786 3360 meum.
2820 3322 2838 3355 ι
2879 3303 2946 3357 Et
2974 3304 3121 3358 dicit-
3157 3301 3418 3356 Dominus
3451 3300 3660 3357 faciens

2077 3396 2193 3451 haec
2254 3397 2318 3448 ν.
2353 3414 2372 3448 ι
2433 3395 2602 3462 Quem
2657 3411 2787 3450 vero
2835 3395 2999 3450 Deum
3047 3394 3236 3464 reliqui
3272 3396 3520 3450 homines
3567 3412 3660 3451 rc-

2075 3487 2435 3555 quisiverunt,
2476 3487 2698 3554 cujusve
2739 3485 2833 3540 Dei
2879 3486 3100 3540 nomine
3143 3495 3198 3540 et
3249 3503 3424 3540 censa:
3446 3497 3570 3541 sunt
3602 3497 3660 3543 et

2076 3590 2400 3633 censeantur
2427 3591 2636 3649 gentes,
2668 3581 2770 3634 nisi
2806 3579 2962 3647 plane
2998 3580 3256 3649 unigeniti
3283 3581 3374 3633 Dei
3394 3580 3536 3642 Filii,
3561 3581 3659 3635 Dei

2076 3667 2311 3722 hominis
2350 3667 2472 3723 Jesu
2499 3669 2738 3725 Christi?
2770 3670 3218 3739 quemadmodum
3277 3671 3474 3724 clamat
3503 3670 3659 3726 .Icre-

2077 3759 2214 3814 mias
2247 3777 2260 3814 :
2303 3778 2322 3812 t
2347 3759 2517 3815 Ilomo
2541 3772 2647 3828 θεν,
2677 3769 2731 3815 et
2759 3762 2879 3830 quis
2904 3770 3190 3831 cognoscet
3213 3776 3335 3816 eum
3368 3763 3447 3816 "i
3474 3781 3492 3813 ι
3529 3763 3658 3832 quia

2079 3859 2135 3906 et
2166 3851 2306 3907 Deus
2350 3861 2453 3907 est.
2485 3852 2549 3906 Et
2584 3853 2748 3908 David
2787 3868 2852 3908 ex
2911 3869 3139 3922 persona
3186 3853 3387 3909 Christi
3421 3871 3436 3909 :
3475 3872 3494 3905 ι
3517 3854 3664 3908 Coi.-

2081 3941 2273 3998 iltebor
2317 3943 2452 4010 tibi,
2517 3941 2744 4000 Demine
2798 3945 2937 4000 Deus
2996 3961 3178 4012 meus,
3240 3956 3295 4000 et
3343 3947 3662 4016 gloriﬁcaer

2079 4048 2276 4090 nomen
2315 4043 2501 4102 tuum;
2540 4053 2559 4087 ι
2597 4035 2650 4091 id
2679 4047 2780 4102 est,
2825 4035 3181 4107 magniﬁcabo
3222 4045 3274 4092 et
3302 4037 3657 4107 pradicabo;

2086 4142 2105 4177 ‹
2135 4123 2270 4191 Quia
2317 4124 2686 4181 misericordia
2721 4134 2810 4179 tua
2851 4142 3043 4198 magna
3081 4137 3165 4182 est
3205 4143 3366 4196 super
3399 4143 3483 4183 me
3516 4129 3560 4160 ’³
3586 4145 3600 4182 :
3629 4148 3653 4182 ι

2079 4231 2188 4271 non
2224 4216 2520 4272 secundum
2582 4218 2948 4287 aequalitatem
3006 4233 3142 4273 meae
3187 4219 3512 4285 divinitatis,
3559 4220 3659 4275 sed

2080 4307 2377 4364 secundum
2415 4309 2520 4364 mei
2551 4309 2799 4380 corporis
2826 4309 3079 4380 gloriam.
3123 4310 3273 4365 Meus
3311 4311 3456 4365 enim
3498 4309 3661 4367 Jesus

2081 4398 2353 4469 perfectus
2401 4399 2566 4468 Deus,
2609 4402 2770 4456 etiam
2817 4403 3091 4472 perfectus
3137 4403 3299 4457 homo
3336 4403 3515 4458 factus
3547 4411 3657 4469 est,

2083 4507 2224 4547 unus
2251 4507 2316 4546 ex
2342 4492 2551 4549 duabus
2583 4495 2794 4548 naturis
2812 4533 2827 4560 ,
2852 4509 3080 4564 quarum
3105 4494 3192 4549 illa
3223 4510 3342 4565 qua:
3371 4495 3655 4550 incarnata

2084 4593 2196 4650 est,
2245 4582 2544 4650 deiﬁcavit,
2591 4599 2714 4654 quae
2761 4599 2890 4639 vero
2939 4599 3143 4640 carnea
3197 4594 3352 4652 erat,
3404 4585 3661 4642 deiﬁcata

2083 4680 2168 4727 est
2199 4671 2333 4742 (51).
3473 4682 3484 4691 ⁸

2157 4801 2176 4836 ι
2213 4780 2282 4837 Ει
2309 4782 2501 4838 eruisti
2531 4783 2770 4838 animam
2805 4797 2981 4838 meam
3008 4798 3076 4838 ex
3103 4799 3168 4840 eo
3191 4784 3410 4840 inferno
3436 4785 3664 4841 inferio-

2081 4870 2128 4926 ri
2153 4872 2219 4926 ⁸⁸.
2249 4889 2269 4923 ι
2303 4871 2439 4926 Nam
2457 4885 2626 4940 usque
2642 4872 2706 4927 ad
2724 4870 2924 4927 Christi
2944 4873 3268 4929 descensum
3312 4876 3380 4929 ad
3429 4874 3659 4944 inferos,

2083 4962 2283 5017 nullius
2323 4962 2556 5018 hominis
2587 4964 2768 5018 anima
2790 4964 3061 5021 abinieris
3086 4975 3169 5022 est
3207 4966 3460 5022 liberata.
3503 4967 3662 5034 Quod

2082 5057 2130 5113 si
2173 5055 2337 5113 Jonas
2368 5058 2696 5114 exclamavit
2731 5076 2744 5114 :
2778 5076 2798 5112 ι
2849 5059 3002 5115 Educ
3049 5061 3115 5116 de
3159 5061 3509 5133 corruptione
3543 5060 3663 5115 ani-

2083 5165 2226 5206 mam
2254 5166 2426 5206 meam
2443 5152 2542 5218 “,r
2564 5163 2618 5207 at
2647 5152 2764 5222 ejus
2790 5154 2970 5208 anima
2997 5155 3191 5209 iterum
3213 5165 3332 5224 post
3355 5147 3659 5225 egressum,

2083 5242 2150 5298 ad
2189 5242 2395 5300 inferos
2422 5245 2700 5301 descendit
2727 5262 2744 5303 :
2775 5265 2794 5298 ι
2827 5245 3000 5302 Deus!
3037 5246 3209 5316 iniqui
3243 5246 3662 5302 insurrexerunt

478 5416 523 5447 “
553 5413 709 5470 Joan.
742 5429 795 5479 v,
851 5411 942 5467 25.
1020 5411 1062 5444 ¹⁵
1093 5407 1252 5465 Joan.
1290 5424 1403 5474 xtv,
1435 5411 1487 5465 7.
1565 5408 1609 5442 “
1632 5407 1775 5479 Psal.
1814 5420 2072 5479 CLxxxVI,
2126 5403 2182 5462 5.
2257 5406 2301 5440 "'
2325 5405 2439 5479 fisa.
2470 5425 2566 5475 vtt,
2597 5409 2686 5464 Η».
2763 5409 2808 5442 ⁸⁸
2833 5408 3073 5473 Isa.vnt,
3107 5407 3162 5465 3.
3239 5408 3283 5479 ’ἒ
3315 5406 3658 5479 Num._x_xt_v,

408 5485 462 5552 8;
498 5476 802 5540 seesLXX.
878 5483 923 5514 ²⁰
963 5481 1124 5552 Num.
1185 5495 1337 5552 xxtv,
1372 5481 1477 5552 17ζ
1501 5493 1613 5552 sec.
1640 5477 1815 5552 LXX.
1841 5549 1852 5552 _
1877 5479 1922 5510 “
1952 5476 2270 5552 I_sa,_‘t.xm,
2314 5478 2369 5542 9.
2409 5493 2522 5552 sec.
2551 5479 2716 5535 LXX.
2766 5479 2836 5552 ξ’
2861 5479 2976 5552 _|sa.
3009 5494 3142 5543 χιιι,
3197 5478 3312 5552 1-4,
3347 5493 3457 5552 sec.
3491 5476 3656 5552 L_XX_.

406 5548 457 5586 ’ί
497 5555 600 5610 Isa.
639 5569 840 5624 xxxttt,
873 5552 963 5624 I7.
1005 5622 1033 5624 η
1064 5551 1152 5624 __’?
1184 5549 1417 5624 Isa._xt.,
1447 5551 1502 5617 5,
1530 5549 1595 5624 4ζ
1660 5551 1706 5584 ³⁸
1745 5549 1901 5619 ibid.,
1947 5548 2001 5604 5.

403 5623 719 5691 Lxxxv,I2,
766 5623 850 5679 I5.
924 5623 969 5654 ”
1003 5620 1139 5678 ibid.
1211 5619 1258 5652 '°
1291 5619 1443 5676 Jona:
1471 5635 1533 5687 tt,
1564 5618 1615 5676 7.

482 5780 594 5851 ('51)
632 5779 875 5834 Imitatur
899 5777 1152 5832 Nazianz.
1178 5774 1242 5830 In
1272 5773 1534 5846 Epiphan.

2077 5548 2124 5582 “
2161 5545 2330 5608 Amos
2355 5565 2430 5617 tx,
2460 5549 2548 5619 II,
2597 5552 2684 5608 12.
2761 5550 2807 5583 ³⁷
2853 5547 3056 5606 Jeretu.
3109 5563 3241 5619 xvtt,
3279 5550 3334 5606 9.
3409 5549 3456 5587 ’⁸
3509 5545 3658 5602 Psal.
