4044 6418
420 333 526 398 ὅᾶθ

1478 343 1869 405 DIALOGUS
1909 345 2212 406 CONTRA
2249 348 2580 410 JUDEOS.

3573 349 3680 410 85'l

404 470 569 526 super
601 471 716 512 me:
747 477 766 511 ι
800 459 1085 527 pontiﬁces
1111 472 1163 516 et
1196 463 1541 531 sacerdotes;
1575 483 1593 516 ι
1623 473 1676 518 et
1703 465 1989 536 Synagoga
2026 473 2066 527 Α
2099 481 2240 534 pane
2283 469 2418 523 vivit
2451 469 2612 523 homo
2643 510 2656 532 ,
2693 468 2785 524 sed
2841 469 2893 521 in
2945 466 3089 520 omni
3129 465 3294 520 verbo
3321 505 3336 529 ,
3381 467 3521 535 quod
3557 482 3678 531 pru-

403 550 703 619 potentium
754 553 1085 620 quaesierunt
1129 557 1361 609 animam
1410 571 1583 610 meam
1622 574 1636 610 :
1673 575 1692 609 ι
1748 557 2001 612 Herodes.

403 639 563 694 simul
617 649 674 695 et
721 641 963 709 Pilatus,
1024 647 1115 715 qui
1171 661 1268 715 per
1327 648 1378 702 id
1442 657 1655 720 tempus
1721 657 1990 718 potestate

413 731 659 801 improbe
688 732 1082 804 fungebantur;
1125 756 1144 789 r
1181 750 1235 792 et
1269 756 1374 794 non
1403 750 1802 809 proposuerunt
1837 749 1889 795 te
1932 741 1989 796 in

405 833 697 891 conspectu
727 840 847 880 suo.
884 827 926 858 “
970 847 988 879 ι
1019 829 1094 882 Te
1130 830 1308 896 'cnim,
1366 831 1549 897 Pater,
1595 832 1812 902 tuisque
1849 835 2008 904 prae?

406 913 578 978 ceptis
630 916 923 972 oblivionis
967 919 1238 990 profundo
1279 923 1524 989 traditis,
1579 939 1706 979 vere
1755 934 1808 981 te
1853 940 1986 980 con-

405 1013 760 1074 tempserunt.
793 1028 812 1061 ι
855 1010 918 1064 Et
945 1020 1023 1079 tu,
1057 1013 1279 1068 Domine
1305 1014 1445 1070 Deus
1478 1031 1658 1081 meus;
1696 1036 1714 1069 ι
1764 1019 1990 1075 Domine

406 1111 470 1151 ac
483 1099 733 1154 conditor
749 1103 927 1159 onmis
945 1115 1208 1162 creaturae
1227 1107 1531 1163 invisibilis.
1567 1108 1661 1162 «Et
1677 1109 1816 1166 Deus
1837 1126 1989 1168 meus

406 1189 615 1257 respice
649 1191 704 1245 in
748 1209 854 1250 me.
899 1205 953 1250 et
1008 1197 1271 1253 miserere
1308 1199 1495 1264 mei;o
1556 1201 1766 1271 respice
1819 1203 1988 1258 inme

407 1280 702 1336 secundum
756 1283 1176 1356 humanitatem,
1221 1291 1313 1359 qui
1365 1291 1650 1347 divinitate
1677 1295 1809 1349 abes
1840 1311 1986 1350 nun-

408 1385 595 1438 quam.
635 1391 656 1424 c
688 1374 762 1428 Da
797 1375 1088 1446 imperium
1121 1390 1272 1436 tuum
1315 1397 1484 1451 puero
1513 1393 1604 1438 tuo
1632 1384 1698 1450 “,
1733 1403 1752 1437 ι
1803 1385 1854 1438 id
1881 1395 1984 1450 est,

411 1477 585 1518 meam
620 1465 696 1520 tui
739 1482 806 1522 ex
844 1479 895 1523 te
935 1479 1067 1526 ante
1119 1471 1432 1528 Luciferum
1481 1475 1647 1544 geniti
1688 1476 1986 1544 potentiam

407 1553 717 1610 demonstra
757 1577 771 1612 :
832 1561 994 1627 quale
1039 1572 1123 1618 est
1173 1573 1226 1618 et
1275 1565 1406 1619 illud
1456 1565 1692 1630 Domini,
1746 1575 1990 1636 tempore

407 1649 676 1716 passionis
698 1650 745 1684 ³³
776 1669 790 1706 :
825 1671 844 1703 ι
872 1653 1032 1708 Pater
1057 1694 1072 1719 ,
1124 1657 1276 1710 venit
1323 1657 1482 1724 hora,
1531 1658 1771 1712 clariﬁca
1790 1657 1987 1714 Filium

412 1748 586 1802 tuum,
624 1751 680 1794 ut
715 1741 882 1798 Filius
937 1753 1063 1799 tuus
1100 1745 1362 1803 clariﬁcet
1396 1757 1445 1802 te
1474 1762 1490 1801 :
1519 1748 1661 1804 sicut
1705 1749 1901 1804 dedisti
1938 1751 1986 1806 ei

411 1837 731 1897 potestatem
761 1835 941 1891 omnis
977 1837 1158 1893 carnis
1192 1837 1356 1908 (δι’).
1389 1857 1532 1890 ι-ι
1563 1839 1632 1892 Et
1669 1839 1878 1894 salvum
1910 1840 1996 1894 fac

411 1920 607 1977 Filium
639 1925 847 1982 ancilla:
876 1936 978 1983 tute
1010 1946 1024 1983 :
1065 1947 1084 1980 ι
1119 1929 1514 1999 irreprehensaa
1543 1929 1800 2002 Virginis.
1834 1950 1854 1984 ι
1887 1931 1996 1987 Fac

413 2031 625 2071 mecum
657 2018 869 2089 signum
922 2019 976 2075 in
1018 2021 1259 2089 bonum;
1292 2041 1310 2075 ι
1351 2024 1401 2079 id
1435 2036 1538 2090 est,
1577 2033 1917 2095 assumptum
1965 2039 1995 2080 a

413 2123 503 2164 me
531 2124 729 2181 corpus
758 2127 824 2168 ex
854 2124 1029 2168 morte
1055 2117 1285 2171 suscita.
1325 2135 1344 2170 ι
1377 2115 1450 2172 Ut
1488 2119 1708 2174 videant
1745 2119 1838 2190 qui
1869 2119 1999 2174 ode-

413 2211 540 2257 runt
591 2219 700 2269 me,
755 2216 812 2260 et
850 2207 1291 2273 confundantur;
1332 2229 1350 2263 ι
1409 2224 1540 2266 vere
1611 2212 1756 2266 enim
1803 2211 1997 2282 ingens

415 2294 590 2363 pudor
615 2297 720 2350 erit
774 2299 1178 2357 scelestissimae
1222 2302 1542 2374 Synagogae,
1573 2318 1691 2359 mea
1735 2312 1858 2373 post
1905 2304 2001 2359 tri-

415 2385 582 2442 duum
629 2393 977 2448 resurrectio.
1012 2412 1031 2446 ι
1064 2393 1333 2462 Quoniam
1361 2403 1440 2462 tu,
1461 2395 1709 2466 Domine,
1740 2396 1996 2465 adjuvisti

416 2494 525 2544 me,
561 2490 613 2536 et
670 2485 987 2542 consolatus
1044 2503 1103 2542 es
1157 2503 1244 2543 me
1288 2489 1399 2554 ³⁵,ι
1461 2489 1514 2544 id
1566 2499 1669 2554 est,
1706 2490 1854 2561 quod
1915 2500 1996 2556 tu,

417 2569 596 2639 Pater,
622 2572 734 2644 jam
767 2576 896 2631 olim
934 2580 999 2632 de
1029 2595 1113 2634 me
1143 2581 1434 2636 consilium
1467 2583 1696 2641 ceperis.

972 2690 1206 2748 CAPUT
1247 2691 1465 2752 XXXV.

476 2796 861 2868 Prophetarum
895 2804 959 2859 de
993 2803 1204 2861 Christo
1239 2807 1344 2861 Deo
1378 2817 1426 2862 et
1459 2809 1666 2863 homine
1696 2808 1964 2862 vaticinia.

490 2912 660 2970 Porro
714 2926 896 2971 autem
950 2918 1246 2987 perfectum
1292 2929 1347 2974 et
1400 2921 1567 2975 Deum
1620 2930 1675 2976 et
1731 2921 2003 2977 hominem

427 3021 549 3062 esse
599 3006 916 3073 Christum,
976 3013 1285 3068 luculenter
1336 3023 1489 3070 vates
1539 3015 2003 3070 demonstrabant.

430 3097 579 3154 Isaiae
617 3101 832 3170 quidem
869 3100 984 3156 haec
1013 3113 1140 3156 sunt
1169 3105 1329 3158 verba
1362 3123 1376 3160 :
1420 3123 1439 3156 ‹
1483 3104 1630 3160 Deus
1689 3120 1921 3177 magnus
1954 3115 2008 3161 et

431 3186 588 3244 fortis
621 3207 725 3246 non
761 3193 968 3249 esuriet
1000 3195 1065 3251 ⁸⁸.
1101 3213 1119 3248 ι
1167 3195 1384 3251 Davidis
1416 3212 1544 3250 vero
1578 3197 1692 3253 haec
1737 3200 2007 3253 sententia

426 3289 508 3336 est
548 3299 563 3336 :
609 3300 630 3335 ι
662 3283 822 3351 Audi,
848 3285 1075 3356 populus
1127 3302 1307 3355 meus,
1357 3298 1410 3342 et
1441 3289 1670 3360 loquar:
1709 3288 1897 3355 Israel,
1957 3302 2010 3346 et

431 3375 771 3432 testiﬁcabor
838 3380 936 3434 tibi
985 3398 999 3434 :
1053 3381 1196 3436 Deus
1247 3392 1370 3436 tuus
1420 3397 1520 3453 ego
1574 3397 1718 3438 sum.
1778 3382 1894 3438 Non
1951 3384 2008 3439 in

428 3469 712 3523 sacriﬁciis
761 3470 869 3526 tuis
924 3487 1147 3542 arguam
1201 3483 1300 3527 te:
1336 3473 1651 3528 holocausta
1701 3485 1881 3530 autem
1922 3485 2010 3530 tua

429 3559 484 3612 in
520 3569 816 3630 conspectu
868 3579 988 3620 meo
1019 3574 1147 3619 sunt
1196 3579 1432 3636 semper.
1479 3564 1598 3620 Non
1649 3567 1910 3636 accipiam
1945 3566 2014 3622 de

431 3651 592 3706 domo
629 3660 717 3706 tua
750 3654 952 3709 vitulos
1000 3667 1017 3708 :
1072 3669 1250 3726 neque
1285 3657 1353 3711 de
1384 3659 1639 3728 gregibus
1673 3658 1780 3714 tuis
1807 3659 2012 3714 hircos.

428 3742 672 3814 Cognovi
708 3747 893 3801 omnia
945 3747 1188 3802 volatilia
1225 3748 1347 3803 coeli
1377 3766 1390 3804 :
1422 3759 1476 3804 et
1523 3751 1869 3821 pulchritudo
1899 3753 2012 3825 agri

432 3853 644 3894 mecum
680 3849 788 3896 est.
824 3839 880 3896 Si
909 3846 1182 3906 esuriero,
1219 3859 1325 3897 non
1369 3843 1541 3898 dicam
1577 3844 1715 3900 tibi:
1751 3859 1905 3901 meus
1933 3855 2017 3902 est

431 3931 578 3985 enim
608 3933 758 3988 orbis
799 3943 958 3988 terrae
991 3944 1046 3989 et
1080 3934 1360 4004 plenitudo
1402 3934 1545 4006 ejus.
1582 3934 1832 4006 Nunquid
1865 3953 2019 3992 man-

432 4023 642 4079 ducabo
675 4038 870 4079 carnes
907 4035 1212 4091 taurorum,
1250 4037 1344 4080 aut
1375 4028 1696 4096 sanguinem
1736 4027 2016 4084 hircorum

436 4115 630 4180 potabo
677 4114 765 4169 ³⁸7
801 4133 820 4168 ο
887 4114 1070 4182 Quare
1121 4129 1219 4170 nec
1273 4117 1485 4170 taurina
1543 4132 1708 4171 carne
1741 4115 1884 4174 Deus
1920 4133 2015 4172 ve-

438 4207 631 4273 scitur,
667 4222 770 4262 nec
835 4208 1110 4263 hircinum
1159 4207 1293 4263 bibit
1349 4209 1708 4278 sanguinem?
1748 4209 2019 4279 quomodo

437 4297 601 4367 igitur
637 4309 817 4352 vatum
850 4299 994 4354 dicta
1031 4297 1432 4355 conciliemus?
1469 4314 1594 4355 cum
1629 4299 1773 4354 dicat
1806 4299 2016 4356 Isaias:

440 4409 462 4444 ι
491 4391 630 4448 Deus
657 4408 886 4465 magnus
917 4400 972 4446 et
998 4401 1303 4462 praepotens
1333 4407 1438 4447 non
1460 4391 1664 4448 esuriet
1698 4392 1742 4424 ³⁷
1761 4409 1777 4459 ;
1798 4410 1816 4444 ι
1853 4391 2020 4448 David

2095 556 2238 610 cedit
2267 557 2334 612 de
2362 573 2456 612 ore
2490 558 2585 613 Dei
2617 558 2702 623 ³⁸;
2745 577 2763 610 ι
2797 559 3055 612 Davidem
3091 570 3242 620 vero,
3272 557 3362 624 qui
3393 558 3442 607 in
3476 551 3674 608 Clu-isti

2094 649 2225 704 olim
2260 649 2695 706 incarnationem
2737 651 3096 720 prospiceret,
3129 665 3190 704 ac
3218 648 3675 719 quemadmodum

2095 756 2218 796 cum
2274 756 2339 796 eo
2392 740 2604 809 Judmi,
2653 750 2909 812 tanquam
2975 755 3124 795 mero
3174 741 3389 794 homine
3422 781 3435 800 ,
3471 755 3531 790 ac
3570 737 3674 790 nim

2096 833 2260 890 etiam
2297 833 2406 888 Deo
2457 843 2879 891 consuescerem
2914 874 2928 898 ,
2965 841 3019 888 et
3071 833 3320 888 convicio
3355 831 3626 898 iactarent
3662 851 3672 885 :

2101 943 2121 978 ι
2169 925 2310 981 Ecce
2347 927 2509 980 homo
2555 939 2722 980 vorax
2774 933 2828 980 et
2889 932 3106 994 potator
3152 923 3262 977 vini
3310 923 3392 988 ³ος
3431 941 3450 974 ι
3509 924 3678 975 multo

2099 1027 2229 1073 ante
2284 1019 2630 1075 obturanlem
2683 1020 2968 1086 impudens
3003 1031 3194 1071 eorum
3225 1030 3285 1069 os
3311 1054 3328 1080 ,
3376 1031 3442 1069 ex
3473 1014 3675 1070 Christi

2093 1123 2326 1178 persona
2357 1109 2724 1165 conﬁrmare:
2759 1109 2900 1176 Quid
2938 1122 3022 1162 me
3053 1107 3326 1160 hominem
3362 1106 3534 1160 solum
3581 1120 3672 1158 co.

2096 1199 2282 1267 gitatis
2307 1240 2320 1264 ,
2368 1215 2432 1255 ac
2463 1216 2567 1255 non
2597 1200 2790 1254 etiam
2830 1197 3039 1253 Deum?
3068 1196 3183 1266 Ego
3238 1195 3325 1248 ille
3356 1211 3420 1248 cx
3465 1193 3680 1262 Virgine

2095 1303 2253 1346 natus
2273 1332 2289 1358 ,
2325 1293 2441 1347 sine
2473 1292 2772 1348 mutatione
2801 1290 2944 1346 Deus
2968 1331 2982 1356 ,
3037 1288 3285 1344 esuriens
3308 1297 3472 1356 atque
3501 1302 3680 1341 come-

2094 1383 2227 1437 dens
2250 1423 2266 1448 ,
2297 1393 2482 1438 vestro
2511 1423 2524 1445 ,
2561 1397 2592 1436 ο
2626 1381 2794 1437 Judmi
2823 1421 2838 1446 ,
2888 1378 3222 1434 adminiculo
3273 1393 3380 1431 non
3441 1377 3679 1442 indigeo,

2091 1490 2250 1530 meus
2300 1491 2422 1529 cum
2477 1474 2548 1528 sit
2599 1473 2786 1532 orbis,
2833 1480 2888 1527 et
2933 1470 3199 1541 quidquid
3247 1484 3316 1525 eo
3347 1468 3676 1523 continetur.

2090 1567 2276 1639 Neque
2327 1583 2456 1622 vero
2505 1576 2624 1625 tuas
2684 1566 2998 1630 fmditates,
3051 1565 3103 1619 id
3157 1574 3282 1628 est,
3319 1561 3545 1616 scelesta
3590 1571 3686 1614 tua

2091 1661 2386 1727 sacriﬁcia,
2417 1659 2690 1725 desidero,
2751 1657 3138 1714 scclestissima
3184 1655 3491 1728 Synagoga.
3527 1653 3679 1721 Quod

2096 1753 2140 1808 si
2169 1754 2251 1809 vis
2281 1755 2504 1809 omnino
2534 1754 2598 1808 ad
2629 1753 2794 1808 vitam
2831 1752 3068 1823 ingredi,
3100 1751 3236 1821 legis
3269 1750 3546 1812 umbram,
3581 1763 3679 1801 au-

2025 1824 2068 1879 B
2098 1847 2228 1902 ditis
2262 1847 2398 1903 meis
2449 1847 2696 1903 consiliis
2749 1854 2913 1915 atque
2947 1845 3241 1907 mandatis,
3273 1844 3484 1903 desere,
3519 1849 3681 1908 atque

2097 1941 2166 1996 ad
2204 1941 2368 1995 Deum
2397 1940 2668 1996 accedens
2718 1957 2733 1994 :
2770 1958 2788 1991 ι
2824 1938 3051 1994 Immola
3106 1935 3434 1990 sacriﬁcium
3483 1934 3682 1996 laudis,

2096 2041 2150 2087 et
2181 2032 2342 2088 redde
2368 2033 2648 2088 Altissimo
2681 2041 2800 2086 vota
2851 2041 2961 2086 tua.
3001 2031 3066 2085 Et
3113 2032 3304 2084 invoca
3356 2044 3441 2084 me
3492 2029 3542 2082 in
3591 2027 3681 2081 die

2101 2126 2486 2190 tribulationis,
2526 2141 2714 2180 eruam
2763 2137 2836 2191 te,
2889 2135 2944 2180 et
2995 2123 3378 2179 honoriﬁcaliis
3438 2120 3610 2176 me“.
3646 2141 3675 2170 ιι

2100 2216 2165 2270 Ει
2196 2219 2460 2273 Jeremias
2493 2235 2506 2272 :
2545 2236 2564 2270 ‹
2604 2219 2742 2272 Ecce
2774 2218 2889 2273 dies
2940 2217 3155 2272 venient
3185 2257 3200 2281 ,
3233 2215 3364 2270 dicit
3399 2214 3681 2276 Dominus,

2100 2319 2155 2365 et
2191 2325 2296 2364 non
2352 2308 2568 2365 docebit
2620 2310 2760 2364 ultra
2792 2310 2872 2364 vir
2904 2309 3211 2378 proximum
3262 2322 3456 2370 suum,
3495 2313 3552 2360 et
3601 2305 3684 2359 vir

2101 2402 2324 2458 fratrem
2360 2419 2515 2458 suum
2539 2443 2556 2469 ,
2595 2403 2783 2458 dicens
2830 2420 2845 2458 :
2897 2402 3177 2471 Cognosce
3207 2399 3492 2454 Dominum
3521 2415 3536 2452 :
3565 2411 3684 2451 om-

2103 2511 2198 2550 nes
2226 2495 2372 2550 enim
2405 2505 2736 2566 cognoscent
2764 2510 2849 2549 me
2875 2536 2890 2560 ,
2941 2510 2970 2547 a
2998 2493 3224 2548 minimo
3270 2505 3462 2546 eorum
3513 2504 3687 2558 usque

2102 2589 2170 2643 ad
2203 2589 2497 2642 maximum
2524 2589 2592 2642 “.
2633 2607 2652 2639 ι
2713 2586 2900 2641 Itidem
2935 2587 2999 2640 de
3047 2584 3288 2656 gentium
3326 2583 3431 2638 ﬁde
3476 2583 3679 2637 Isaias:

2111 2703 2129 2736 ι
2189 2678 2400 2736 Faciet‘
2434 2680 2696 2734 Dominus
2745 2680 3088 2733 exercituum
3138 2674 3392 2730 omnibus
3430 2674 3684 2744 populis:

2105 2773 2158 2828 in
2194 2783 2377 2829 monte
2411 2776 2516 2828 isto
2565 2773 2789 2827 indoent
2820 2771 3062 2824 laetitiam
3090 2811 3107 2836 ,
3153 2769 3552 2840 perfundentur
3584 2786 3688 2823 un-

2105 2878 2345 2940 guento,
2408 2867 2596 2920 bibent
2640 2864 2825 2918 vinum
2861 2865 2935 2929 ";
2992 2880 3011 2914 ι
3055 2861 3143 2915 ubi
3179 2860 3434 2930 gaudium
3473 2861 3538 2914 ad
3593 2860 3690 2915 ba-

2108 2961 2304 3031 ptisma
2351 2957 2586 3014 refertur
2629 2974 2646 3024 ;
2693 2965 2748 3011 et
2797 2970 2904 3024 quo
2959 2953 3264 3023 baptizatus
3317 2952 3572 3023 ungitur,
3623 2953 3690 3006 ad

2109 3068 2324 3108 sacrum
2371 3059 2742 3122 unguentum;
2777 3050 2959 3101 vinum
2993 3047 3059 3100 ad
3105 3045 3592 3100 incontaminalum
3630 3059 3704 3098 ae

2034 3161 2078 3220 ο
2115 3145 2455 3200 Dominicum
2495 3141 2832 3211 sanguinem.
2870 3141 3012 3194 Idem
3052 3153 3262 3191 rursum
3295 3155 3308 3191 :
3351 3155 3369 3187 ι
3404 3137 3692 3190 Decretum

2112 3241 2217 3295 hoc
2248 3247 2330 3292 est
2360 3253 2523 3306 super
2557 3250 2746 3291 omnes
2775 3245 2963 3307 gentes
2990 3251 3004 3290 :
3041 3242 3097 3288 et
3129 3231 3313 3285 dicent
3340 3230 3393 3283 in
3426 3229 3514 3282 illa
3545 3229 3634 3284 die
3660 3247 3693 3285 :-

2115 3327 2256 3383 Ecce
2283 3328 2426 3382 Deus
2458 3334 2664 3392 noster,
2694 3326 2748 3379 in
2783 3340 2944 3392 quem
2977 3319 3694 3388 speravimus,exsultemus

2116 3419 2171 3475 in
2201 3419 2426 3475 salutari
2461 3427 2672 3485 nostro,
2704 3425 2760 3472 et
2781 3416 3011 3472 salvabit
3033 3429 3135 3470 nos
3161 3413 3286 3482 ipse
3310 3412 3572 3468 Dominus
3587 3411 3690 3467 ι’.»

2113 3511 2212 3567 Est
2243 3519 2427 3565 autem
2478 3509 2592 3564 hate
2628 3507 2938 3564 sententia:
2973 3502 3114 3560 E‘c'ce
3165 3504 3306 3558 Deus
3349 3502 3440 3558 ille
3485 3508 3692 3565 noster,

2115 3602 2170 3656 in
2233 3615 2340 3671 quo
2398 3614 2550 3670 spem
2613 3599 2904 3663 habemus,
2945 3595 3230 3652 nobiscum
3284 3602 3395 3659 est,
3429 3593 3532 3649 hoc
3585 3605 3693 3657 est,

2115 3690 2418 3746 secundum
2478 3704 2701 3760 corpus,
2757 3687 2952 3742 iisdem
3008 3687 3204 3758 quibus
3262 3700 3361 3741 nos
3409 3683 3696 3741 obnoxius.

2123 3783 2316 3852 Itaque
2347 3783 2686 3836 exsultemus
2719 3782 2770 3835 iu
2807 3779 2984 3836 saiute
3021 3788 3229 3844 nostra,
3266 3778 3358 3833 Dei
3381 3778 3551 3835 nostri
3581 3777 3698 3846 glo-

2117 3878 2200 3931 ria
2230 3894 2245 3942 ;
2279 3891 2402 3929 nam
2437 3873 2652 3928 Domini
2691 3871 3099 3944 gloria,scilicet
3122 3885 3254 3925 crux
3279 3909 3296 3933 ,
3342 3878 3525 3925 nostra
3551 3867 3702 3923 salus

2119 3979 2224 4024 est.
2270 3967 2334 4022 Et
2368 3967 2604 4021 salvabit
2631 3979 2730 4019 nos
2771 3964 2889 4033 ipse
2921 3963 3211 4030 Dominus,
3252 3961 3493 4032 peccatis
3523 3960 3700 4015 omni-

2120 4057 2225 4111 bus
2251 4056 2401 4110 cruci
2442 4053 2644 4108 afﬁxis.
2699 4055 2880 4122 Atque
2911 4052 2961 4107 id
2987 4052 3061 4106 ita
3092 4066 3234 4114 esse,
3262 4050 3438 4120 angeli
3469 4051 3536 4104 ad
3569 4049 3698 4104 Dei-

2119 4163 2307 4217 param
2340 4146 2501 4200 verba
2525 4144 2840 4200 ostendunt.
2887 4161 2907 4195 ι
2951 4142 3016 4197 Et
3045 4142 3318 4197 vocabunt
3353 4155 3548 4195 nomen
3579 4141 3704 4210 ejus

2120 4238 2486 4303 Emmanuel,
2544 4237 2686 4308 quod
2746 4245 2832 4291 est
2892 4235 3351 4303 interpretatum,
3399 4231 3696 4287 Nobiscum

2124 4329 2268 4385 Deus
2297 4328 2363 4384 “.
2394 4347 2414 4381 ι
2451 4326 2573 4383 Jam
2612 4327 2829 4382 Davidis
2862 4341 3076 4395 quoque
3124 4326 3192 4381 de
3235 4324 3475 4387 Christo,
3505 4337 3573 4378 ex
3605 4323 3700 4378 Dei

2123 4431 2179 4477 et
2235 4420 2412 4479 Patris
2468 4432 2703 4488 persona
2751 4415 2852 4472 hoc
2900 4413 3122 4472 eﬁatum
3176 4424 3304 4471 est:
3341 4431 3360 4466 ‹
3395 4411 3615 4468 Ponam.
3645 4411 3703 4465 in

435 4501 604 4542 vero:
642 4507 661 4541 ‹
686 4487 743 4544 Si
772 4486 1044 4554 esuriero,
1077 4501 1184 4541 non
1215 4486 1390 4541 dicam
1422 4486 1540 4541 tibi.
1576 4483 1832 4556 Nunquid
1863 4501 2015 4541 man-
2045 4496 2092 4552 ι)
2123 4508 2260 4564 mar;
2325 4483 2545 4562 malui,“
2603 4505 2726 4576 eius
2754 4543 2770 4571 ’
2827 4513 2884 4560 ει
2933 4503 2988 4558 in
3041 4501 3354 4558 numinibus
3424 4500 3707 4557 dexteram

437 4576 651 4634 ducabo
684 4591 883 4634 carnes
917 4587 1223 4643 taurorum,
1253 4588 1346 4632 aut
1371 4577 1699 4648 sanguinem
1735 4577 2011 4634 hircorum

437 4669 680 4740 potabo?
732 4689 753 4724 ι
812 4669 1105 4727 Enimvero
1157 4670 1238 4725 sic
1285 4670 1589 4725 habendum
1621 4677 1712 4725 est
1745 4686 1760 4724 :
1793 4667 2014 4737 Isaiam,

438 4760 531 4830 qui
571 4762 636 4816 ad
663 4761 900 4816 divinam
924 4800 940 4826 ,
974 4769 1027 4816 et
1056 4774 1350 4830 perennem
1381 4799 1398 4826 ,
1429 4767 1594 4830 atque
1625 4759 2014 4828 sempiternam

440 4852 644 4909 Christi
675 4862 924 4908 naturam
983 4852 1300 4923 respiceret,
1326 4851 1592 4922 quasique
1639 4864 1766 4906 cum
1799 4847 2018 4905 diabolo

442 4945 749 5009 dissereret,
776 4945 867 5015 qui
897 4943 1177 5000 Christum
1207 4951 1424 4999 tentans
1466 4941 1691 5012 iubebat
1717 4981 1732 5005 ,
1781 4941 2022 4997 ediceret

443 5033 758 5104 lapidibus,
804 5042 865 5089 ut
912 5048 1084 5104 panes
1110 5033 1306 5090 ﬁerent
1333 5073 1350 5098 ,
1401 5015 1556 5089 velut
1606 5030 2022 5102 respondentem

443 5124 667 5193 dicere,
726 5126 935 5183 scilicet
989 5128 1156 5183 Deum
1212 5140 1466 5197 magnum
1519 5139 1584 5181 ac
1631 5130 2024 5196 praepotentem

444 5219 693 5276 esurire?
745 5219 901 5288 Quod
971 5236 1001 5276 a
1058 5219 1347 5277 Servatore
1410 5233 1628 5290 quoque
1670 5230 2025 5288 responsum

447 5309 719 5382 malignus
770 5312 981 5384 accepit
1032 5330 1047 5368 :
1104 5331 1124 5365 ι
1163 5311 1439 5382 Scriptum
1478 5319 1562 5367 est
1597 5328 1612 5366 :
1647 5307 1763 5365 Non
1803 5309 1856 5364 in
1909 5308 2027 5364 solo

2123 4600 2240 4672 ejus
2266 4599 2332 4656 ⁵⁸.
2373 4618 2394 4651 ι

2201 4739 2326 4800 Jun.
2362 4739 2576 4795 Nullam
2607 4739 2677 4794 de
2707 4737 2928 4795 Christo
2966 4733 3310 4808 prophetiam
3341 4732 3432 4789 hic
3462 4730 3709 4804 psalmus

2127 4835 2412 4889 continet:
2449 4824 2517 4888 de
2547 4846 2607 4887 se
2627 4831 2770 4886 enim
2806 4837 2960 4884 vates
2993 4842 3116 4883 eum
3151 4824 3372 4883 cecinit.

2199 4947 2428 5004 Cants'r.
2483 4945 2568 5001 An
2638 4945 2705 5001 de
2760 4957 2820 5000 se
2873 4941 3044 4997 David
3101 4941 3370 5012 psalmum
3424 4937 3706 5001 cecinerit,

2134 5039 2446 5095 accuratius
2500 5052 2569 5093 ex
2625 5036 2713 5092 bis
2765 5047 2887 5106 qua:
2966 5041 3316 5104 sequuntur,
3373 5028 3705 5098 intelligetis.

2139 5146 2160 5181 ε
2201 5128 2321 5199 Ipse
2367 5126 2642 5183 invocabit
2671 5139 2758 5181 me
2797 5142 2810 5180 :
2848 5121 3011 5178 Pater
3050 5135 3204 5177 meus
3261 5133 3320 5173 es
3369 5129 3453 5185 tu;
3487 5136 3508 5170 ν
3557 5114 3708 5184 atqui

2133 5217 2188 5273 in
2218 5216 2368 5272 nullo
2408 5215 2738 5287 psalmorum
2772 5227 2932 5270 suum
2963 5211 3180 5266 Patrem
3209 5209 3376 5264 Deum
3401 5204 3709 5276 appellabat

2134 5308 2306 5365 David
2331 5323 2347 5363 :
2387 5327 2406 5363 ι
2443 5309 2586 5365 Deus
2617 5321 2792 5373 meus,
2823 5314 2878 5362 et
2906 5310 3188 5373 susceptor
3217 5297 3409 5356 salutis
3438 5311 3573 5352 mea:
3598 5295 3645 5328 “
3678 5313 3698 5348 ι

516 5488 561 5522 ³¹
586 5489 733 5547 Psal.
766 5506 969 5556 Lxxxv,
1009 5491 1098 5546 I5.
1175 5490 1222 5524 ³¹
1260 5489 1390 5544 ibid.
1425 5488 1514 5543 15.
1591 5487 1635 5520 ³³
1671 5487 1830 5544 Joan.
1862 5504 1992 5548 xm.

2120 5488 2177 5541 2.
2278 5486 2324 5518 ⁸⁸
2356 5481 2734 5556 Psal._t_.x_xxv,
2777 5479 2864 5536 l6.
2939 5473 3395 5556 '_"_Isa.__XL,_2_8.
3490 5471 3704 5528 "Psal.

448 5541 610 5630 seu,
632 5541 1097 5618 ’ἱέὶδῗἻῖὺέθῙζ
1130 5577 1222 5630 ιι,
1257 5541 1441 5630 asia
1464 5541 1772 5630 statim},
1805 5541 1912 5630 It;
1936 5541 1991 5592 π’

2109 5557 2314 5630 ubam,
2338 5555 2449 5630 .l_9._
2514 5553 2558 5630 ξο
2587 5541 2730 5605 Psal.
2761 5549 3039 5630 nuda,
3072 5545 3286 5630 15:”?
3311 5541 3522 5630 gerem.
3550 5557 3722 5610 aut,

449 5612 669 5697 51,35;
711 5612 795 5665 ’ῖί
831 5612 1222 5700 natiiis?
1267 5612 1618 5696 “tamin,
1655 5629 1710 5686 9.
1760 5612 1835 5662 ἰι
1864 5627 2058 5684 Matth.
2101 5643 2137 5693 ι,
2169 5629 2260 5684 23.
2304 5612 2380 5658 ἰε
2416 5621 2558 5678 Psal.
2589 5635 2852 5690 Lxxxvnt,
2899 5612 2990 5676 '26.
3070 5617 3116 5651 ιο
3153 5612 3406 5674 ibid.27.

522 5784 658 5857 (δν)
701 5783 825 5856 us.,
862 5788 990 5860 γῆς.
