4044 6466
280 338 382 405 851

1478 342 1716 401 .ANDR!
1730 339 1802 399 IN
1814 339 1912 397 [CI
1953 336 2292 397 COMNENI

3420 330 3528 394 852

281 462 579 518 Observato
607 476 738 515 sane
766 460 1014 516 :Patrz-m
1050 438 1344 516 secundum
1377 469 1650 525 naturam,
1680 460 1846 514 Deum
1883 459 1923 514 Α
1951 459 2110 533 genui
2145 467 2200 512 te
2228 459 2299 512 ⁸⁸.
2327 474 2345 509 I
2378 455 2445 511 Et
2475 470 2687 510 rursum
2717 473 2728 508 :
2773 473 2787 506 ι
2831 454 2975 510 Dixit
3009 455 3269 510 Dominus
3296 453 3529 509 Domino

282 553 582 610 secundum
647 565 983 622 assumptam
1051 553 1340 608 humanam
1394 562 1666 609 naturam.
1729 572 1748 605 ι
1791 551 1855 605 Et

285 659 386 721 ego
438 644 861 713 primogenitum
909 659 1104 712 ponam
1153 643 1304 698 illum
1340 643 1418 710 ιτς
1458 661 1479 695 ι
1513 644 1855 697 animadver-

284 734 436 799 titis,
494 745 552 789 ut
606 737 675 791 de
730 735 1010 803 unigenito
1066 733 1160 791 Dei
1196 734 1331 790 Filio
1378 733 1669 803 loquatur?
1717 732 1852 787 Nam

287 828 453 882 David
486 842 584 882 nec
611 828 707 883 Dei
738 827 879 883 ﬁlius
919 837 1059 893 erat,
1111 842 1208 882 nec
1254 826 1411 884 Iesse
1459 828 1543 882 sui
1592 826 1854 896 genitoris

287 919 686 989 priutogenitus
713 960 728 985 ,
781 919 833 974 id
872 919 1014 988 quod
1043 919 1110 973 de
1147 934 1207 975 se
1236 920 1350 989 ipse
1398 927 1626 974 testatur
1657 917 1710 971 in
1740 919 1854 972 haec

288 1013 452 1067 verba
478 1031 491 1067 :
528 1030 545 1063 I
584 1011 836 1068 Minimus
860 1027 1007 1066 eram
1037 1012 1089 1065 in
1118 1010 1380 1068 fratribus
1411 1012 1565 1076 meis,
1601 1010 1855 1080 etjuuior

292 1110 346 1162 in
379 1109 541 1164 domo
567 1108 738 1178 patris
763 1108 868 1162 mei
900 1107 966 1162 “.
1009 1128 1027 1161 ι
1068 1108 1135 1163 Et
1174 1108 1375 1177 alioqui
1408 1109 1452 1163 si
1494 1108 1709 1163 Davidis
1741 1109 1855 1161 haec

291 1200 569 1270 prophetia
605 1199 671 1254 de
721 1199 900 1270 seipse
932 1198 1140 1265 fuisset,
1166 1201 1392 1256 dixisset
1423 1203 1607 1271 utique
1633 1219 1645 1255 :
1680 1220 1699 1253 ς
1730 1200 1852 1255 Pri-

206 1322 209 1325 -
290 1292 617 1360 mogenitum
652 1308 671 1343 ι
702 1292 855 1360 posui
913 1292 1060 1346 illum
1099 1310 1112 1346 :
1154 1308 1281 1359 non,
1340 1313 1360 1346 ι
1392 1309 1587 1365 ponam
1622 1295 1793 1348 illum.
1825 1313 1844 1347 ι

294 1401 317 1434 ο
338 1380 621 1437 Excelsuin
646 1398 755 1452 pra:
783 1382 998 1452 regibus
1028 1390 1186 1439 terras
1215 1384 1281 1438 θ’.
1310 1386 1378 1439 At
1416 1385 1578 1440 David
1609 1384 1851 1439 .Iudrcam

287 1475 463 1530 solum
513 1476 716 1538 tenuit,
750 1491 847 1531 nec
891 1477 1028 1530 mari
1077 1492 1268 1533 manus
1307 1478 1473 1548 ipsius
1497 1519 1513 1543 ,
1551 1474 1651 1533 nec
1680 1479 1856 1533 ﬂumi-

289 1563 448 1617 uihus
464 1564 654 1619 dextra
676 1563 791 1632 ejus
821 1563 1070 1632 imposita
1101 1576 1203 1620 est.
1232 1584 1250 1617 ‹
1271 1566 1326 1622 Iu
1345 1577 1601 1622 aeternum
1630 1568 1855 1623 servabo

286 1654 362 1709 illi
404 1655 831 1712 misericordiam
889 1671 1062 1711 meam
1104 1674 1118 1711 :
1153 1667 1207 1712 et
1256 1667 1630 1714 testamentum
1667 1677 1850 1716 meum

288 1746 445 1802 ﬁdele
491 1747 590 1817 ipsi
621 1747 690 1803 ⁸⁸.
732 1766 753 1799 ›
801 1749 872 1804 At
926 1750 1111 1806 Davidi
1155 1750 1329 1807 Imdus
1375 1751 1637 1809 hactenus
1687 1755 1849 1810 [idum

1958 568 2100 619 meo,
2132 550 2271 606 Sede
2293 564 2324 604 a
2355 550 2561 604 dextris
2597 548 2732 603 meis
2761 548 2828 603 ⁸⁸.
2866 565 2886 599 ι
2920 546 3055 601 Nam
3093 547 3179 602 h'ic
3209 561 3335 600 vere
3355 556 3438 601 est
3472 547 3524 599 in

1954 645 2161 701 aethere
2197 644 2352 700 testis
2391 641 2679 696 indeletus.
2736 638 2854 693 .Iatn
2889 655 3018 693 vero
3071 637 3261 694 scribit
3310 637 3475 692 Isaias
3508 656 3523 696 :

1961 758 1978 793 α
2026 739 2169 794 Ecce
2214 737 2331 793 dies
2372 733 2636 799 venient,
2665 734 2796 787 dicit
2847 733 3143 787 Dominus:
3172 741 3224 786 et
3255 730 3529 785 suscitabo

1956 833 2123 888 David
2156 846 2377 903 germen
2400 829 2605 900 justum
2638 847 2652 883 :
2686 840 2739 881 et
2772 826 3020 894 regnabit
3051 824 3163 879 Rex
3185 864 3202 889 ,
3226 834 3277 877 ct
3310 822 3526 889 sapiens

1961 926 2109 982 erit:
2143 936 2197 980 et
2226 924 2391 979 faciet
2435 921 2702 991 judicium
2752 928 2806 974 et
2846 919 3110 991 justitiam
3161 917 3213 969 in
3250 925 3414 970 terra.
3462 906 3527 966 Et

1956 1020 2061 1073 hoc
2091 1028 2175 1073 est
2204 1032 2398 1074 nomen
2424 1016 2564 1086 quod
2601 1015 2875 1069 vocabunt
2903 1028 3058 1076 eum,
3103 1008 3351 1063 Ἰωσεδὲκ
3374 1047 3389 1072 ,
3425 1006 3529 1059 Do-

1958 1111 2139 1166 minus
2164 1111 2347 1181 justus
2394 1117 2580 1164 noster
2605 1109 2676 1162 ⁸⁷.
2721 1126 2738 1160 I
2795 1106 2859 1161 Et
2911 1104 3200 1158 Ilahacuc:
3251 1119 3269 1152 ‹
3308 1099 3530 1167 Dpcrnit

1956 1205 2122 1260 caelos
2152 1204 2323 1275 gloria
2347 1202 2485 1273 ejus,
2519 1211 2571 1255 et
2598 1201 2777 1255 laudis
2806 1201 2924 1267 ejus
2951 1197 3104 1268 plena
3132 1203 3213 1249 est
3243 1204 3383 1247 terra
3421 1191 3522 1248 ⁸⁸.»

1955 1299 2123 1369 Cujus
2156 1312 2286 1364 ergo
2320 1296 2452 1351 meri
2483 1294 2723 1349 hominis
2769 1293 3024 1363 majestas
3073 1288 3239 1344 caelos
3287 1285 3526 1353 obtegat,

1956 1391 2112 1460 cujus
2149 1391 2306 1445 laude
2335 1397 2479 1442 terra
2518 1385 2831 1456 repleatur?
2856 1383 3117 1438 nimirum
3160 1379 3255 1434 Dei
3292 1376 3530 1431 hominis

1952 1483 2105 1539 Iesu.
2138 1482 2203 1536 Et
2240 1482 2292 1536 in
2326 1477 2794 1549 Paralipomenis,
2825 1475 2891 1530 de
2933 1488 3033 1529 suo
3062 1471 3197 1527 Filio
3225 1470 3366 1525 Dens
3402 1483 3532 1522 con-

1955 1574 2175 1630 ﬁrmat:
2211 1590 2231 1626 ι
2277 1570 2560 1626 Stabiliam
2610 1582 2836 1637 regnum
2888 1565 3049 1634 ejus:
3086 1565 3199 1632 ipse
3244 1558 3532 1617 mdiﬁcabit

1955 1666 2086 1720 mihi
2129 1665 2384 1729 domum,
2432 1669 2487 1717 et
2548 1658 2778 1713 ﬁrmabo
2826 1655 3023 1711 solium
3081 1653 3200 1723 ejus
3253 1666 3423 1720 usque
3476 1651 3529 1704 in

1956 1765 2241 1811 aeternum.
2276 1753 2389 1822 Ego
2418 1766 2513 1807 ero
2540 1751 2587 1804 ei
2625 1749 2678 1803 in
2709 1747 2928 1803 Patrem
2955 1785 2970 1809 ,
3019 1752 3077 1800 et
3112 1744 3230 1815 ipse
3259 1741 3356 1798 erit
3397 1741 3531 1795 mihi

293 1815 520 1903 mansit,
542 1847 598 1892 ut
633 1853 775 1909 aegre
810 1836 929 1909 ejus
967 1839 1109 1895 filius
1137 1838 1394 1897 Salomon
1419 1840 1617 1898 .Iudaza:
1639 1854 1850 1914 sceptra
1883 1815 1926 1871 Β
1957 1851 2010 1906 in
2040 1850 2257 1916 Filium,
2287 1815 2350 1902 et
2369 1842 2806 1901 misericordiam
2836 1853 3012 1895 meam
3050 1851 3157 1892 non
3192 1832 3432 1889 auferam
3463 1832 3531 1885 ah

287 1930 593 1997 retinuerit,
612 1929 852 1986 Roboam
892 1946 1018 1986 vero
1037 1931 1343 1988 Salomonis
1377 1948 1540 2002 regno
1565 1933 1847 1992 exciderit.

293 2040 313 2071 ε
373 2021 440 2075 Et
487 2034 684 2090 ponam
741 2022 792 2077 in
847 2020 1102 2077 sacculum
1138 2022 1321 2077 saeculi
1374 2037 1558 2077 semen
1593 2022 1744 2092 ejus;
1800 2035 1855 2081 et

284 2116 535 2171 thronum
568 2115 685 2186 ejus
719 2116 859 2172 sicut
897 2116 1012 2172 dies
1046 2115 1168 2172 coeli
1197 2116 1264 2171 ".
1296 2135 1314 2169 ι
1363 2114 1569 2172 Videtis
1617 2117 1855 2174 Filium?

284 2206 417 2262 Nam
444 2222 639 2263 sensus
674 2207 976 2278 bujusmodi
1008 2214 1131 2263 est:
1167 2207 1483 2279 Complacet
1516 2208 1853 2279 unigenitum

285 2315 461 2356 meum
490 2300 685 2355 Filium
714 2315 779 2356 ex
805 2316 1020 2371 semper
1045 2300 1268 2372 Virgine
1292 2301 1482 2367 Maria,
1512 2318 1632 2374 quae
1659 2317 1722 2358 ex
1753 2303 1855 2357 Da-

282 2394 424 2449 vidis
462 2392 668 2448 semine
697 2404 820 2456 est,
851 2408 1075 2448 carnem
1121 2407 1439 2461 assumere;
1475 2405 1531 2448 et
1584 2393 1856 2464 perfectus

284 2493 480 2539 natura
509 2484 667 2545 Deus.
693 2484 812 2539 sine
844 2484 1171 2548 mutatione,
1206 2484 1369 2539 homo
1397 2486 1562 2541 etiam
1587 2485 1855 2553 perfectus

286 2588 538 2633 nascetur
581 2594 595 2629 :
633 2576 789 2646 cujus
829 2577 1045 2632 demum
1094 2576 1293 2633 solium
1348 2577 1416 2630 ad
1464 2577 1587 2631 caeli
1639 2584 1855 2633 aetatem

283 2668 659 2731 conservabo,
709 2667 760 2721 in
792 2681 1011 2721 omnem
1045 2666 1368 2721 saeculorum
1414 2666 1853 2736 perpetuitatem.

283 2760 462 2829 Atque
513 2757 565 2813 id
595 2757 667 2812 ita
717 2772 838 2814 esse
867 2795 884 2822 ,
934 2772 999 2813 ex
1034 2757 1387 2827 sequentibus
1415 2759 1520 2814 erit
1573 2757 1855 2829 apertius;

292 2852 445 2908 addit
477 2851 661 2907 enim:
700 2869 720 2904 ι
755 2851 812 2906 Si
845 2861 1026 2907 autem
1082 2851 1469 2922 dereliquerint
1518 2852 1610 2907 tilii
1639 2851 1756 2922 ejus
1783 2850 1858 2907 le-

291 2960 410 3017 gem
441 2959 613 3001 meam
639 2961 656 3002 :
685 2952 739 3000 et
766 2944 817 2999 in
848 2943 1071 3015 judiciis
1108 2944 1246 3001 meis
1276 2959 1383 3000 non
1414 2944 1852 3009 ambulaverint;

288 3038 335 3094 si
381 3036 623 3109 justitias
664 3052 815 3093 meas
849 3036 1298 3107 profanaverint,
1350 3045 1406 3092 et
1452 3036 1703 3092 mandata
1735 3050 1853 3091 mea

1955 1956 2022 1999 eo
2051 1942 2122 1996 ⁸⁸.
2157 1959 2176 1994 I
2214 1939 2280 1995 Et
2310 1952 2525 1993 rursum
2554 1953 2568 1990 :
2606 1953 2626 1985 ι
2662 1933 2781 2003 Ipse
2831 1931 2933 1986 erit
2969 1928 3101 1984 mihi
3129 1928 3183 1982 in
3214 1925 3409 1982 Filium
3431 1962 3447 1988 ,
3476 1928 3534 1976 et

1954 2049 2055 2105 ego
2081 2048 2178 2089 ero
2222 2031 2298 2086 illi
2331 2030 2385 2084 in
2435 2028 2649 2084 Patrem
2704 2019 3280 2090 ﬂrmaboque,solium
3323 2014 3443 2086 ejus
3474 2013 3529 2067 in

1953 2125 2122 2184 Israel
2151 2124 2205 2179 in
2237 2131 2501 2179 aeternum
2533 2121 2608 2173 ⁸ο.
2646 2136 2666 2170 I

2024 2233 2145 2290 Jun.
2184 2231 2250 2286 Et
2281 2246 2381 2286 cur
2432 2236 2611 2282 autem
2650 2239 2752 2277 non
2805 2221 2980 2287 dixit,
3041 2216 3328 2272 Stabiliam
3381 2211 3533 2266 thro-

1954 2342 2082 2383 num
2123 2324 2244 2379 Filii
2279 2323 2426 2387 mei,
2453 2320 2577 2391 quia
2611 2317 2772 2371 Pater
2821 2314 2964 2369 illius
2994 2326 3112 2366 sum
3140 2325 3155 2363 :
3189 2306 3282 2364 sed
3307 2345 3323 2372 ,
3379 2322 3399 2355 ε
3430 2301 3534 2357 erit

1955 2416 2087 2472 mihi
2120 2416 2173 2469 in
2201 2413 2420 2477 Filium,
2452 2419 2506 2465 et
2532 2423 2634 2479 ego
2666 2422 2761 2462 ero
2789 2407 2834 2459 ei
2867 2406 2918 2456 in
2948 2399 3198 2456 Patrem?
3229 2415 3249 2448 ι
3517 2482 3530 2494 σ

2027 2507 2259 2564 Cunts'r.
2303 2503 2420 2559 Non
2450 2501 2516 2557 de
2547 2497 2771 2569 percnni
2805 2502 2995 2548 natura
3021 2530 3036 2558 ,
3071 2499 3234 2557 atque
3261 2496 3424 2555 regno
3451 2498 3532 2533 sur

1956 2600 2077 2656 Filii
2108 2599 2210 2652 hoc
2246 2597 2462 2651 locutus
2496 2592 2658 2647 Pater
2681 2596 2800 2653 est;
2832 2586 2925 2641 sed
2953 2584 3021 2640 de
3052 2576 3337 2651 temporali
3369 2590 3536 2677 regno

1959 2696 2014 2744 et
2051 2692 2352 2754 assumpto.
2420 2680 2611 2750 Neque
2639 2678 2782 2732 enim
2831 2672 3068 2730 concidit
3125 2682 3363 2740 perenne
3418 2672 3536 2733 ejus

1956 2793 2223 2847 regnum,
2277 2789 2452 2843 neque
2509 2772 2891 2828 inconcussum
2963 2765 3084 2833 ejus
3145 2760 3345 2817 solium
3422 2768 3536 2811 sta-

1957 2873 2100 2927 hiliri
2130 2884 2264 2938 opus
2291 2868 2543 2923 habebat.
2575 2864 2756 2930 Quare
2782 2860 2847 2915 de
2884 2865 3124 2913 nostrate
3171 2867 3339 2921 rcgne
3371 2861 3535 2918 atque

1956 2962 2092 3018 solio
2125 2960 2294 3015 David
2326 2955 2573 3019 disserit,
2610 2962 2664 3008 et
2702 2955 2919 3006 domum
2976 2944 3399 3003 construendam
3434 2956 3532 2994 no-

1957 3070 2078 3109 vam
2108 3051 2404 3107 Ecclesiam
2437 3030 2747 3120 significat;
2782 3059 2905 3098 nam
2959 3053 3193 3108 superna
3221 3038 3433 3098 domus,
3470 3047 3533 3084 ac

288 3145 395 3186 non
424 3128 1089 3187 custodierintzvisitabo
1135 3128 1188 3183 in
1216 3128 1368 3199 virga
1414 3129 1731 3196 iniquitates
1759 3142 1852 3183 eo-
1883 3154 1926 3210 ο
1959 3158 2197 3216 perenne
2254 3156 2482 3212 regnum
2529 3154 2592 3192 ex
2646 3135 2791 3191 omni
2861 3133 3202 3189 aeternitate.
3259 3137 3419 3194 atque
3477 3123 3530 3176 in

288 3238 431 3291 rum,
456 3233 512 3280 et
564 3224 618 3279 in
668 3223 986 3280 verberibus
1044 3232 1265 3293 peccata
1317 3237 1504 3279 eorum
1535 3223 1603 3278 ".
1654 3240 1676 3275 ι
1737 3220 1854 3279 Non

287 3317 567 3387 ignorans,
600 3315 692 3384 qui
742 3316 958 3371 animos
1001 3324 1166 3384 atque
1199 3328 1358 3370 rencs
1394 3323 1689 3379 scrutatur,
1727 3328 1852 3383 par-

286 3408 508 3461 ticulam
549 3406 597 3460 si
623 3446 636 3470 ,
677 3404 767 3461 hic
793 3404 1065 3476 appOSuit,
1094 3405 1187 3460 sed
1212 3403 1399 3473 judicii
1433 3405 1518 3461 sui
1545 3405 1854 3475 aequitatem

286 3495 713 3561 demonstrans,
772 3509 894 3555 cum
949 3494 1317 3549 additamento
1377 3510 1594 3564 pmnam
1626 3493 1857 3550 commi-

286 3595 451 3641 natus
500 3592 583 3639 est
631 3601 646 3639 :
696 3603 714 3637 ‹
772 3581 1203 3639 Misericordiam
1263 3594 1444 3640 autem
1511 3600 1685 3640 meam
1751 3600 1856 3640 non

286 3676 604 3745 dispergam
645 3674 715 3729 ab
741 3689 806 3728 eo
836 3690 854 3731 :
892 3688 1067 3743 neque
1106 3674 1317 3730 nocebo
1364 3675 1416 3729 in
1446 3677 1679 3730 veritate
1714 3691 1857 3730 mea.

292 3768 477 3838 Neque
524 3766 827 3838 profanabo
880 3775 1265 3823 testamentum
1318 3782 1499 3823 meum
1555 3785 1571 3824 :
1639 3777 1694 3822 et
1739 3784 1860 3838 qua:

293 3861 682 3931 proceduntde
728 3862 885 3918 labiis
916 3860 1090 3925 meis,
1123 3876 1229 3917 non
1282 3859 1480 3916 faciam
1534 3863 1687 3917 irrita
1717 3864 1786 3919 ⁵³.
1835 3881 1855 3915 I

295 3951 614 4022 Signiﬁcant
643 3959 820 4007 autem
854 3951 969 4007 hmc
995 3968 1009 4005 :
1038 3951 1395 4020 Quantumvis
1427 3951 1645 4008 Davidis
1675 3969 1859 4010 semen

290 4042 343 4096 in
371 4042 537 4111 regali
565 4041 701 4098 solio
729 4042 1036 4107 considere,
1060 4051 1225 4113 atque
1255 4040 1310 4096 in
1343 4056 1441 4097 vos
1471 4058 1696 4115 regnare
1719 4046 1860 4100 haud

292 4132 483 4187 ridetis
508 4147 642 4204 ;ego
675 4141 853 4188 tamen
883 4149 948 4189 ex
974 4133 1091 4205 ejus
1122 4137 1331 4189 semine
1358 4133 1559 4206 Regem
1587 4139 1861 4195 suscitabo

290 4221 436 4277 omni
468 4233 610 4278 terra
641 4224 917 4279 altiorem.

363 4349 384 4385 ι
417 4332 599 4388 Semel
624 4333 678 4388 in
715 4345 902 4389 sancto
931 4349 1107 4400 meo,I
1140 4334 1193 4389 in
1226 4350 1353 4391 meo
1373 4336 1581 4393 scilicet
1626 4337 1859 4393 naturali

291 4422 457 4479 Filio.
487 4442 506 4476 ο
547 4424 604 4479 Si
641 4425 804 4479 David
842 4426 1129 4493 mentior,r
1163 4425 1363 4497 juravi,
1398 4429 1860 4499 iuquam,’Davidi

1958 3213 2176 3293 omnem
2225 3233 2642 3305 perpetuitatem
2698 3236 2952 3290 oonSIat,
3004 3213 3278 3290 nunquam
3327 3215 3532 3271 labefa-

1959 3332 2236 3387 standum.
2288 3324 2458 3381 Isaias
2484 3336 2736 3392 quoque,
2774 3334 2841 3373 ex
2883 3330 3115 3389 persona
3164 3311 3368 3368 Christi
3414 3309 3532 3364 ait:

1964 3438 1984 3473 ‹
2022 3420 2134 3486 Ego
2157 3417 2418 3473 Dominus
2448 3408 2980 3483 loquensjustiliam,
3002 3404 3333 3461 annuntians
3360 3410 3531 3456 recta.

1958 3511 2375 3582 Congregamini
2408 3549 2424 3573 ,
2472 3516 2525 3563 et
2557 3507 2777 3569 venite,
2827 3511 2881 3556 et
2928 3500 3171 3555 accedite
3220 3496 3380 3552 simul
3439 3496 3534 3565 qui

1962 3605 2152 3660 salvati
2209 3603 2340 3658 estis
2390 3614 2455 3655 ex
2513 3598 2783 3669 gentibus.
2825 3596 2938 3664 Ego
2983 3592 3126 3647 Deus
3154 3630 3170 3656 ,
3214 3599 3267 3643 ct
3313 3602 3419 3641 non
3452 3594 3534 3639 est

1962 3696 2097 3749 alius
2130 3693 2272 3747 Deus
2318 3690 2496 3761 justus
2540 3698 2593 3742 et
2623 3685 2872 3740 Salvator
2919 3697 3027 3737 non
3067 3688 3151 3735 cst
3191 3685 3385 3748 prtcter
3428 3689 3533 3728 Ine.

1961 3784 2350 3843 Convertimini
2381 3782 2447 3835 ad
2484 3794 2603 3846 me,
2648 3787 2701 3833 et
2731 3776 2863 3830 salvi
2892 3775 3047 3830 eritis
3072 3772 3139 3826 “.
3178 3790 3197 3823 I
3232 3770 3298 3824 Et
3334 3766 3534 3834 Moses,

1962 3891 2027 3932 ex
2060 3873 2302 3942 ejusdem
2329 3883 2558 3941 persona
2609 3885 2623 3921 :
2678 3884 2697 3917 ι
2736 3865 3090 3933 Exspectatur
3122 3870 3182 3916 ut
3221 3859 3398 3931 pluvia
3435 3858 3536 3911 do-

1963 3969 2138 4024 ctrina
2192 3980 2309 4020 mea
2356 3981 2370 4019 :
2438 3961 2567 4017 iluat
2624 3969 2683 4015 ut
2712 3974 2800 4015 ros
2854 3958 3130 4026 eloquium
3187 3969 3367 4008 meum
3398 3952 3465 4006 “.
3511 3969 3531 4002 ι

1961 4060 2081 4117 Jam
2112 4057 2208 4115 Dei
2254 4068 2309 4113 et
2330 4055 2509 4111 Patris
2542 4069 2637 4124 per
2678 4051 2873 4107 Isaiam
2916 4050 2983 4106 ad
3027 4048 3222 4103 Filium
3262 4046 3380 4100 hinc
3411 4054 3538 4099 sunt

1961 4152 2169 4208 verba:
2237 4167 2257 4202 ς
2299 4148 2355 4204 1η
2413 4156 2653 4216 tempore
2707 4143 2910 4213 placito
2961 4137 3218 4197 exaudivi
3245 4146 3329 4202 te,
3372 4143 3429 4189 et
3481 4134 3537 4186 iII

1965 4254 2206 4314 tempore
2231 4240 2425 4297 salutis
2485 4235 2778 4291 auxiliatus
2818 4248 2938 4290 sum
2971 4230 3096 4296 tibi,
3141 4238 3197 4285 et
3225 4228 3349 4284 dedi
3383 4237 3436 4281 te
3479 4226 3532 4278 in

1967 4332 2142 4390 foedus
2191 4329 2496 4403 populi,ut
2539 4325 2838 4382 suscitares
2896 4331 3091 4377 terram
3142 4318 3212 4372 ⁸³.
3261 4336 3281 4371 ι
3333 4317 3402 4372 Ει
3438 4328 3537 4385 per

1967 4429 2216 4486 eumdem
2248 4438 2461 4482 rursum
2491 4441 2505 4478 :
2549 4441 2570 4474 ο
2623 4421 2754 4476 Dedi
2789 4433 2909 4473 eum
2941 4417 3132 4473 ducem
3160 4456 3176 4483 ,
3208 4429 3273 4469 ac
3327 4427 3534 4483 praece-

293 4530 399 4571 IIon
422 4515 780 4571 mentiturus:
811 4533 830 4568 ι
865 4514 1060 4573 Semen
1088 4494 1206 4587 ejus
1233 4520 1287 4575 in
1314 4494 1572 4578 aeternum
1597 4524 1856 4581 manebit.
1895 4494 1940 4549 θ
1964 4529 2172 4592 plorem
2231 4517 2501 4588 gentibus.
2538 4512 2677 4568 Ecce
2722 4519 2907 4582 gentes
2937 4521 3056 4579 qua:
3095 4514 3150 4562 te
3188 4520 3297 4559 non
3335 4518 3536 4571 cogno-

294 4608 362 4662 Et
388 4608 617 4662 thronus
647 4606 766 4677 ejus
792 4607 934 4663 sicut
962 4608 1043 4663 sol
1074 4609 1126 4662 in
1151 4620 1443 4680 conspectu
1471 4627 1609 4677 meo,
1637 4622 1692 4667 et
1720 4615 1858 4669 sicut

292 4699 420 4755 luna
448 4699 689 4765 perfecta
723 4699 776 4754 in
820 4710 1079 4755 aeternum
1106 4742 1120 4767 ,
1155 4711 1212 4757 et
1246 4702 1404 4759 testis
1455 4703 1509 4758 in
1555 4705 1694 4760 cmlo
1728 4704 1857 4761 tide-

289 4792 358 4848 Lis
385 4792 453 4847 “.
506 4810 525 4844 ι
589 4789 774 4848 Videte
803 4833 819 4859 ,
874 4794 1328 4863 quemadmodum
1376 4792 1443 4851 de
1487 4794 1597 4850 Deo
1644 4797 1860 4852 homine

293 4880 416 4939 Iesu
447 4893 597 4938 vates
625 4884 805 4938 omnia
842 4883 1117 4954 praedicat.
1155 4884 1272 4951 Quo
1317 4895 1474 4956 pacto
1500 4886 1643 4941 enim
1680 4900 1859 4941 merus

287 4972 426 5030 citra
452 4973 793 5029 divinitatem
833 4975 996 5029 homo
1021 4976 1277 5045 perennis
1302 4976 1481 5041 duret,
1509 4974 1736 5046 ejusque
1769 4991 1859 5033 so-

288 5064 445 5130 .ium,
495 5075 554 5121 ut
590 5065 671 5120 sol
707 5065 848 5136 apud
902 5065 1067 5121 Deum
1094 5106 1111 5132 ,
1164 5076 1345 5136 utque‘
1374 5068 1500 5122 luna
1551 5076 1764 5124 constet
1804 5070 1856 5124 in

287 5168 605 5226 aerpetunm
626 5159 659 5214 2'
706 5159 815 5215 Sed
847 5159 1090 5230 profecto
1137 5161 1227 5217 hic
1257 5161 1347 5217 ille
1389 5169 1474 5218 est
1498 5203 1514 5227 ,
1544 5163 1610 5216 de
1654 5177 1762 5231 quo
1788 5175 1857 5217 ex

291 5247 383 5306 Dei
411 5264 651 5321 persona.
692 5252 990 5321 praedicat:
1028 5271 1058 5305 ι
1082 5251 1161 5308 Ex
1192 5259 1347 5310 utero
1380 5262 1509 5309 ante
1539 5246 1853 5309 Luciferum

361 5587 406 5621 "
455 5585 596 5643 Psal.
634 5603 897 5643 Lxxxvm.
929 5588 1021 5644 28.

294 5659 377 5718 5|,
414 5658 506 5710 52.
583 5656 629 5688 ”
660 5658 792 5712 ibid.
845 5658 949 5721 54,

311 5732 332 5759 ⁵
368 5724 569 5797 Hahae.
591 5742 673 5790 III,
698 5728 753 5782 5.
827 5729 872 5761 ⁸⁸
906 5726 1124 5797 lI‘aral.
1159 5745 1296 5794 vaI,
1327 5730 1422 5797 12,
1455 5730 1541 5784 i5.

296 5793 353 5849 ἱ.
424 5795 469 5828 ⁸⁸
514 5796 617 5849 lsa.
655 5798 879 5864 xur,8.
960 5796 1006 5830 “
1034 5800 1138 5854 lsa.
1180 5793 1352 5869 “,4,

1005 5660 1092 5714 55.
1165 5661 1213 5693 “
1259 5660 1390 5714 ibid.
1437 5658 1626 5715 36-58.
1702 5659 1749 5693 "
1782 5658 1927 5712 Psal.
1984 5674 2094 5721 CIX,
2148 5659 2200 5712 5.

1624 5729 1668 5762 ⁶⁰
1702 5730 1720 5783 1
1751 5729 1852 5784 Par

1961 5718 2106 5795 xxii,
2148 5727 2227 5782 l0.
2306 5726 2348 5758 ⁶¹
2387 5726 2487 5784 lsa.
2518 5738 2642 5789 xsv,
2677 5722 2765 5789 to,
2788 5721 2880 5789 20,
2906 5718 2996 5773 22.
3074 5720 3118 5752 θ’
3172 5721 3328 5776 Deut.
3362 5735 3543 5788 χχχιι,

1513 5800 1557 5833 ⁸⁸
1591 5800 1694 5857 lsa.
1721 5799 2031 5868 xxx1u,l:‘i.

1964 4616 2200 4669 verunt,
2237 4616 2291 4662 ct
2335 4603 2518 4675 populi
2552 4601 2645 4671 qui
2692 4600 3005 4656 nescierunt
3058 4605 3114 4652 te
3141 4634 3156 4660 ,
3203 4595 3538 4650 invocabant

1967 4709 2020 4754 te
2049 4698 2114 4752 “.
2158 4717 2176 4749 ι
2215 4697 2445 4751 Rursum
2471 4695 2543 4747 ait
2566 4691 2735 4746 Isaias
2763 4706 2780 4745 :
2820 4707 2841 4742 ι
2871 4689 3011 4744 Ecce
3035 4688 3183 4743 venit
3215 4685 3529 4747 Dominus)

1962 4787 2288 4857 Quomodo?
2327 4804 2346 4837 ι
2379 4783 2481 4851 Qui
2516 4781 2758 4836 ambulat
2802 4781 2856 4834 in
2910 4778 3139 4849 justitiis
3163 4818 3178 4845 ,
3203 4786 3255 4831 et
3292 4776 3531 4845 loquitur

1961 4886 2269 4942 veritatem,
2301 4887 2354 4933 et
2374 4876 2508 4930 odio
2528 4875 2690 4929 habet
2719 4871 3058 4942 iniquitatem
3102 4878 3157 4923 et
3184 4867 3532 4935 iniustitiam,

1960 4985 2013 5032 et
2038 4972 2245 5031 excutit
2278 4983 2473 5024 manus
2501 4980 2627 5021 suas
2659 4965 2727 5019 ab
2749 4963 2896 5019 omni
2927 4976 3173 5024 munere,
3197 4960 3288 5031 qui
3315 4960 3538 5013 obturat

1964 5079 2125 5120 aures
2176 5076 2305 5118 suas
2331 5100 2349 5128 ,
2398 5073 2469 5115 ne
2511 5056 2695 5112 audiat
2742 5056 3058 5127 sanguinem
3089 5054 3154 5107 ⁸⁵.
3196 5069 3217 5105 I
3255 5050 3444 5105 Videte
3475 5056 3536 5103 ut

1966 5150 2394 5213 incarnationem
2442 5150 2706 5224 propheta
2759 5149 3113 5204 demonstret.
3156 5142 3341 5211 Neque
3382 5142 3532 5197 enim

1963 5264 2031 5304 ex
2060 5247 2145 5302 his
2170 5243 2387 5299 Davidis
2411 5241 2620 5298 verbis:
2657 5257 2677 5292 ί
2709 5238 2861 5296 Oculi
2894 5238 3107 5294 Domini
3136 5250 3300 5306 super
3326 5236 3528 5306 justas,

1096 5589 1145 5622 ⁸⁸
1171 5588 1317 5645 Psal.
1367 5604 1560 5653 LXVIII,
1604 5590 1659 5644 9.
1734 5587 1782 5622 ”
1830 5586 1975 5643 Psal.
2018 5602 2291 5649 Lxxxvm,
2324 5584 2417 5640 28.
2495 5585 2541 5619 '°
2572 5582 2703 5638 ibid.
2743 5582 2833 5636 ‘29.
2913 5579 2958 5653 ξι
2993 5579 3120 5637 ibid.
3151 5581 3242 5636 '50.
3321 5579 3531 5653 "__ihid.

2277 5646 2323 5688 in
2378 5654 2506 5710 inid.
2548 5654 2601 5708 1.
2678 5653 2721 5685 ⁸⁷
2756 5652 2865 5705 Ιιιιο
2913 5646 3119 5705 .Ierem.
3175 5666 3330 5717 χχιιι,
3359 5650 3430 5714 5,
3477 5650 3533 5705 6.
