4044 6442
443 284 556 350 853

1522 295 1909 357 DIALOGUS
1940 295 2242 357 CONTRA
2281 301 2616 363 JUD/EOS.

3612 300 3715 362 87$

447 410 509 458 et
532 416 694 459 aures
723 405 846 477 ejus
889 405 943 461 in
978 422 1170 479 preces
1213 424 1445 479 eorum;
1490 414 1673 468 vultus
1710 424 1892 468 autem
1924 415 2029 469 Do-
2063 417 2111 476 Α
2140 415 2404 472 fraudasti
2428 434 2553 474 eum
2579 419 2647 474 το.
2689 437 2708 471 ι
2740 417 2953 477 Videtis
2982 428 3042 475 ut
3071 418 3137 477 de
3174 418 3393 475 ChriSto
3424 416 3712 486 loquatur‘

448 496 585 551 mini
621 512 790 568 super
824 498 1094 558 facientes
1145 504 1288 560 mala
1314 506 1383 570 ⁸⁸,
1413 525 1432 560 ι
1484 516 1538 562 et
1584 508 1700 562 haec
1733 506 1886 562 Isaiae
1910 514 2038 561 sunt

448 587 900 660 interpretanda;
931 610 1058 649 nam
1104 595 1196 651 ille
1231 599 1429 667 partim
1466 599 1881 670 benignitatem,
1909 614 2037 668 paro

452 679 553 732 tim
596 679 869 736 vindicem
911 680 1006 738 Dei
1056 694 1389 755 potestatem
1439 688 1737 755 describit;
1792 689 1881 742 hic
1909 689 2035 741 dum

453 768 587 823 dicit
622 786 871 834 manum,
905 788 974 829 ne
1004 774 1144 829 dona
1175 777 1388 847 capiat,
1415 788 1561 833 arcet
1590 818 1605 842 ,
1652 792 1922 848 auresque
1968 792 2039 832 ne

461 858 724 928 injustam
757 865 953 934 capitis
1015 865 1420 935 inquisitionem
1452 870 1766 936 inaudiant,
1796 869 2035 936 obturat,

451 950 885 1010 incarnationem
925 956 1043 1025 ejus
1074 961 1328 1030 proponit
1367 962 1435 1016 °'.

527 1046 706 1114 Atque
736 1049 790 1102 id
821 1066 1012 1106 verum
1060 1066 1204 1119 esse,
1240 1069 1306 1108 ex
1338 1055 1408 1109 iis
1443 1070 1563 1124 quae
1592 1066 1715 1126 post
1757 1057 2034 1113 disserun-

450 1143 583 1204 tur,
643 1140 989 1211 intelligetis.
1038 1144 1208 1200 Addit
1259 1147 1405 1202 enim
1459 1165 1533 1202 :r
1595 1148 1815 1205 Claudit
1850 1152 2037 1206 oculos

449 1242 623 1297 suos,
679 1247 748 1287 ne
790 1234 1013 1290 videant
1046 1237 1250 1291 malum
1297 1238 1383 1307 θείς
1420 1258 1438 1290 ι
1496 1240 1564 1295 iis
1593 1241 1774 1297 verbis
1821 1242 2034 1297 Domini

448 1334 643 1377 necem
685 1332 741 1379 et
779 1323 1094 1381 Iudaeorum
1140 1328 1564 1385 obstinationem
1600 1341 1812 1387 notans.
1862 1351 1883 1384 ι
1927 1333 2037 1390 Iste

451 1411 508 1467 in
543 1415 795 1471 excelsis°
826 1418 1135 1486 habitabit,
1192 1422 1527 1477 munimenta
1574 1439 1828 1480 saxorum
1868 1424 2037 1479 subli-

451 1504 620 1562 mitas
656 1508 775 1577 ejus
809 1510 877 1566 ³⁸.
910 1529 930 1562 ι
966 1512 1214 1582 Accipite
1254 1515 1678 1572 incarnationem
1711 1535 1726 1571 :
1769 1532 1892 1572 nam
1928 1519 2034 1573 nisi

448 1593 520 1648 de
552 1609 614 1649 ea
649 1599 855 1654 dictum
887 1599 991 1656 hoc
1022 1610 1110 1656 est
1131 1643 1146 1664 ,
1186 1603 1408 1659 ubinam
1445 1605 1648 1676 alioqui
1675 1610 2033 1678 comprehen-

450 1691 632 1757 datur,
662 1692 756 1760 qui
785 1692 987 1763 ubique
1012 1709 1258 1763 praesens
1288 1707 1484 1752 cuncta
1520 1698 1793 1769 complet?
1825 1718 1843 1751 ι
1873 1699 2034 1754 Panis

452 1785 505 1840 ei
545 1785 707 1839 datus
738 1792 844 1849 est,
887 1805 905 1838 ι
939 1786 993 1841 id
1031 1796 1139 1853 est,
1169 1803 1307 1858 pane
1343 1792 1411 1844 ad
1441 1791 1831 1847 incarnationis
1874 1792 2033 1849 ﬁdem
2069 1772 2111 1825 Β

449 1874 762 1927 vesciturus
787 1915 801 1941 ,
856 1894 876 1927 ‹
914 1884 968 1929 et
1018 1890 1176 1946 aquae
1213 1879 1332 1949 ejus
1365 1880 1553 1936 ﬁdeles
1591 1891 1717 1935 sunt
1754 1884 1830 1949 ως
1870 1902 1888 1936 ι
1931 1884 2035 1938 sci-

451 1964 577 2020 licet
606 1980 820 2020 sacrum
847 1966 1250 2036 baptisma,seu
1271 1971 1524 2027 salutaris
1554 1974 1818 2029 doctrina.
1838 1975 2036 2042 Quem-

444 2056 739 2111 admodum
785 2067 840 2112 et
898 2058 1150 2116 Christus
1196 2064 1314 2132 ipse
1348 2064 1413 2119 ad
1446 2065 1849 2121 Samaritanam
1918 2070 2034 2121 dis-

446 2151 578 2204 serit
608 2171 620 2207 :
668 2171 687 2204 ι
723 2151 777 2208 Si
804 2154 973 2209 scires
1023 2157 1221 2211 donum
1254 2156 1371 2224 Dei,
1403 2168 1458 2214 et
1482 2160 1602 2230 quis
1619 2169 1723 2224 est,
1765 2162 1858 2232 qui
1902 2163 2035 2218 dicit

455 2242 552 2296 tibi
582 2259 596 2297 :
630 2244 702 2297 Da
737 2247 872 2301 mihi
905 2247 1114 2311 bibere,
1147 2258 1200 2303 tu
1239 2248 1465 2305 forsitan
1495 2252 1725 2321 petisses
1756 2253 1824 2308 ab
1852 2268 1950 2320 eo,
1979 2264 2034 2311 et

447 2333 686 2389 dedisset
729 2336 822 2391 tibi
873 2353 1070 2407 aquam
1112 2340 1293 2396 vivam
1337 2342 1416 2408 ⁷ο,
1454 2361 1475 2395 ι
1527 2352 1584 2397 ut
1629 2358 1736 2399 non
1765 2345 1946 2400 sitires
1976 2348 2033 2402 in

444 2437 732 2482 aeternum.
768 2428 832 2482 Et
865 2444 1126 2486 rursum:
1171 2451 1190 2483 ι
1224 2432 1324 2500 Qui
1355 2435 1527 2490 credit
1554 2435 1609 2490 in
1652 2451 1768 2499 me,
1812 2435 2030 2493 ﬂumina

447 2517 514 2569 de
547 2526 727 2573 ventre
750 2518 866 2588 ejus
893 2519 1059 2577 ﬂuent
1099 2529 1255 2593 aqua:
1283 2524 1416 2580 vivae
1445 2526 1514 2592 τι,
1544 2543 1564 2577 ι
1609 2526 1809 2583 divina:
1850 2544 1913 2582 ac
1944 2544 2033 2583 sa-

446 2606 641 2663 lutaris
693 2612 959 2666 doctrinae
1001 2627 1307 2670 sermones.
1370 2635 1389 2668 t
1425 2617 1630 2689 Regem
1682 2635 1807 2675 cum
1860 2620 2030 2690 gloria

445 2699 700 2755 videbitis
738 2702 814 2767 ⁷³,
863 2721 882 2755 ι
923 2704 975 2757 id
1016 2713 1122 2769 est,
1163 2706 1435 2762 hominem
1470 2723 1590 2762 eum
1623 2710 1801 2764 divina
1834 2712 2025 2781 gloria.

447 2789 511 2846 Et
553 2790 724 2849 Oseas
774 2811 788 2847 :
848 2813 866 2847 ι
922 2794 1171 2852 Posthaec
1217 2808 1560 2854 revertentur
1609 2800 1701 2856 lilii
1747 2802 1927 2869 Israel,
1973 2812 2028 2858 et

447 2895 697 2955 quaerent
744 2886 1039 2943 Dominum
1092 2891 1259 2945 Deum
1293 2907 1450 2948 suum
1478 2933 1493 2959 ,
1546 2900 1602 2948 et
1644 2893 1811 2949 David
1845 2910 2026 2965 regem

446 2991 604 3032 suum
630 2997 645 3032 :
683 2988 737 3033 et
763 2980 1040 3047 pavebunt
1065 2981 1132 3035 ad
1160 2980 1475 3050 Dominum,
1502 2991 1556 3039 et
1583 2986 1650 3040 ad
1684 2987 1881 3040 bonum
1909 2986 2029 3054 ejus

446 3066 502 3120 in
527 3069 824 3126 novissimo
845 3070 1052 3125 dierum
1074 3071 1165 3139 ";
1193 3090 1213 3124 ι
1243 3088 1363 3141 quae
1389 3073 1458 3129 de
1501 3073 1613 3128 Deo
1640 3076 1859 3129 homine
1896 3075 2021 3130 Jesu
2053 3105 2093 3160 ε

436 3160 1004 3239 λᾶίεριιιειιρτοιιὴθιε,
1045 3166 1244 3233 partim
1284 3166 1568 3222 Dominum
1596 3168 1762 3223 Deum
1806 3180 2027 3237 propter

447 3255 566 3324 ejus
602 3256 946 3313 divinitatem
994 3272 1228 3321 vocans,
1261 3260 1458 3326 partim
1511 3261 1763 3315 Davidem
1809 3269 2029 3330 propter

444 3346 836 3403 humanitatem
865 3388 881 3413 ,
927 3365 1027 3404 ceu
1071 3366 1136 3406 ex
1180 3351 1415 3411 IDavitlis
1456 3353 1628 3422 stirpe
1672 3361 1884 3434 natum,
1924 3352 2026 3408 Ubi

445 3447 529 3493 est
571 3440 717 3492 enim
789 3439 1012 3495 Davidis
1070 3443 1286 3496 demum
1350 3442 1698 3512 benignitas,
1742 3443 2029 3513 postremis

444 3527 555 3586 illis
609 3533 987 3603 temporibus,
1037 3550 1135 3588 nec
1174 3535 1480 3605 benignitas
1525 3537 1726 3600 modo,
1775 3534 1866 3590 sed
1912 3550 2031 3601 quae

450 3623 703 3680 homines
754 3640 974 3694 quoque
1020 3627 1075 3681 in
1142 3618 1428 3698 stuporem.
1462 3626 1735 3683 adducat?
1772 3626 1839 3681 Et
1880 3626 2031 3683 Jure-

444 3714 603 3780 mias,
653 3717 719 3770 de
766 3718 951 3783 pueris
995 3726 1218 3789 prepter
1257 3732 1380 3773 eum
1439 3718 1736 3776 interfectis
1779 3736 1794 3774 ;
1839 3737 1859 3771 ι
1905 3718 2031 3775 Haec

441 3804 575 3861 dicit
641 3805 904 3862 Dominus
949 3825 964 3862 :
1028 3807 1288 3875 Quiescat
1316 3824 1421 3866 vox
1467 3820 1560 3866 tua
1603 3827 1632 3866 a
1667 3797 1929 3882 'ploratu,
1979 3822 2033 3869 et

440 3898 579 3952 oculi
665 3898 744 3953 tui
818 3913 846 3952 δ
902 3898 1220 3971 lacrymis:
1282 3903 1407 3972 quia
1467 3914 1552 3957 est
1608 3918 1815 3959 merces
1882 3905 2030 3969 operi

443 4001 535 4043 tuo
575 3991 645 4045 ⁷⁸.
687 4009 705 4043 ι
743 3992 898 4058 Quod
951 3992 1091 4047 idem
1118 4003 1172 4048 et
1204 3995 1272 4049 de
1303 3996 1495 4063 quovis
1541 3995 1841 4066 poenitente
1872 3995 2025 4050 dicit.

445 4079 593 4135 idem
636 4095 856 4136 rursum
895 4099 911 4136 :
944 4100 964 4135 ι
1024 4082 1142 4138 Non
1198 4084 1443 4140 interibit
1485 4086 1553 4142 de
1595 4087 1761 4142 David
1804 4087 1907 4150 vir,
1938 4085 2032 4155 qui

441 4169 628 4225 sedeat
678 4185 844 4241 super
907 4172 1161 4227 thronum
1217 4174 1409 4228 domus
1460 4175 1726 4230 Israel".
1784 4193 1805 4226 ι
1866 4174 2034 4246 lgitnr

440 4258 491 4313 si
518 4273 623 4315 non
660 4261 819 4316 venit
856 4259 1118 4317 Christus
1144 4303 1160 4330 ,
1192 4262 1423 4319 mendax
1451 4273 1534 4318 est
1559 4268 1840 4334 propheta.
1874 4264 2035 4320 Exci-

440 4351 596 4410 distis
633 4353 780 4409 enim
802 4392 819 4419 ,
860 4352 1033 4410 Judaei
1061 4395 1076 4422 ,
1111 4356 1346 4426 primum
1381 4357 1600 4426 quidem
1631 4359 1801 4429 gratia
1839 4358 1933 4414 Dei
1979 4367 2035 4413 et

2142 521 2266 561 nam
2323 509 2366 562 si
2419 507 2668 565 Ezechiae
2722 509 2961 567 fortasse
3011 510 3286 575 tribuetis,
3328 508 3394 562 ad
3436 506 3714 563 Christum

2143 609 2323 655 tamen
2357 615 2484 657 vere
2520 601 2782 658 refertur.
2816 602 2949 670 Quis
2980 604 3129 658 enim
3163 617 3259 659 rex
3295 609 3517 672 propter
3547 597 3716 653 animi

2143 700 2326 761 optata
2359 734 2372 759 ,
2417 702 2471 747 et
2520 694 2787 750 orationis
2834 694 3102 765 postulata
3158 691 3369 749 Numen
3421 692 3714 761 propitiutn

2143 783 2378 839 habuit?
2409 785 2589 855 Atque
2623 786 2674 840 id
2702 801 2890 841 verum
2927 792 3078 849 esse,
3115 786 3255 840 idem
3298 786 3562 854 Propheta
3598 798 3715 835 rur-

2140 887 2262 928 sum
2327 877 2436 931 alio
2491 877 2704 945 psalmo
2752 878 3093 933 demonstrat
3127 895 3141 932 :
3176 896 3197 930 ‹
3252 875 3507 937 Benedic,
3534 875 3715 927 anima

2142 981 2284 1033 mea,
2320 968 2549 1024 Domino
2605 986 2622 1026 :
2678 970 2772 1041 qui
2840 970 3013 1041 replet
3068 970 3121 1026 in
3166 971 3328 1026 bonis
3379 966 3712 1024 desiderium

2147 1067 2297 1113 tuum
2332 1061 2401 1114 ⁷⁷.
2466 1079 2484 1113 ι
2525 1061 2680 1128 Quod
2729 1061 2774 1117 si
2834 1062 3021 1117 Davidi
3077 1061 3374 1131 prmstitnm
3429 1075 3533 1115 non
3588 1067 3714 1120 est,

2140 1153 2326 1219 ecquis
2366 1154 2505 1208 alius
2539 1168 2631 1209 rex
2659 1152 2729 1209 de
2761 1168 2826 1208 eo
2865 1168 2925 1209 se
2946 1152 3217 1222 jactaliit?
3244 1153 3536 1207 Enimvero
3567 1160 3717 1217 ροςι-

2139 1263 2302 1318 quant
2327 1247 2561 1304 dixisset
2601 1266 2614 1303 :
2657 1267 2674 1301 ι
2716 1248 2964 1314 Domine,
2994 1248 3045 1302 in
3074 1254 3276 1301 virtute
3320 1256 3404 1300 tua
3452 1244 3717 1298 laetabitur

2140 1353 2259 1405 rex,
2294 1359 2311 1390 ι
2356 1350 2664 1411 ceteraque
2691 1354 2810 1410 qua:
2841 1355 2906 1395 eo
2936 1339 3179 1393 carmine
3204 1336 3548 1403 praenuntiat,
3580 1334 3719 1387 indi-

2139 1446 2272 1487 Cans
2322 1433 2603 1499 apertius,
2639 1434 2705 1488 de
2746 1447 2856 1504 quo
2904 1446 3030 1501 rege
3079 1430 3398 1484 vaticinium
3439 1428 3718 1488 edidisset,

2141 1529 2255 1581 ait:
2288 1544 2307 1577 ε
2339 1526 2515 1581 Vitam
2563 1527 2714 1596 petiit
2762 1543 2791 1581 a
2841 1537 2933 1582 te:
2968 1538 3022 1582 et
3063 1525 3299 1582 tribuisti
3335 1525 3385 1578 ei
3434 1522 3719 1591 longitudi-

2139 1633 2261 1673 nem
2304 1618 2513 1674 diernm
2539 1618 2592 1673 in
2625 1618 2911 1684 saeculum,
2941 1626 2998 1674 et
3028 1618 3080 1671 in
3108 1616 3367 1671 saeculum
3407 1614 3592 1670 saeculi
3614 1611 3715 1667 ".r

2140 1711 2317 1779 Atque
2348 1709 2528 1766 nullus
2576 1711 2738 1781 plane
2779 1718 2977 1781 prater
3022 1710 3303 1766 Christum
3345 1722 3438 1762 rex
3468 1706 3723 1777 perennis

2141 1803 2296 1866 vivit,
2352 1809 2515 1871 atque
2563 1812 2775 1872 regnat.
2819 1800 2996 1871 Atque
3046 1801 3160 1855 haec
3210 1799 3426 1869 quidem
3485 1796 3722 1867 prophe-

2131 1887 2319 1948 'tarum
2365 1903 2513 1950 sunt.
2564 1893 2703 1960 Quin
2755 1906 2855 1947 nos
2899 1905 3114 1961 quoque
3155 1893 3418 1945 hactenus
3456 1886 3551 1942 Dei
3596 1885 3721 1942 Filii

2141 1988 2303 2051 atque
2334 1980 2500 2035 Verbi
2533 1979 2965 2035 incarnationem
3008 1979 3313 2041 edidimus;
3342 1992 3516 2045 neque
3573 1975 3719 2031 enim

2136 2067 2220 2123 fas
2250 2079 2334 2126 est
2388 2069 2642 2139 amplius.
2678 2069 2810 2124 Nam
2841 2078 2900 2124 ut
2952 2084 3103 2124 mare
3148 2069 3344 2140 cyatho
3398 2067 3575 2121 metiri
3612 2080 3720 2120 non

2139 2159 2338 2227 possis,
2364 2162 2509 2231 quod
2542 2160 2730 2217 multis
2762 2169 2927 2231 atque
2966 2160 3279 2229 ingentibus
3304 2158 3485 2214 ﬂuviis
3514 2157 3718 2226 rigetur

2139 2250 2263 2320 (etsi
2325 2266 2396 2306 ne
2461 2251 2542 2306 sic
2590 2252 2814 2321 quidem
2869 2260 3120 2306 exactam
3177 2251 3469 2304 veritatem
3526 2262 3720 2302 conse-

2137 2351 2339 2412 quatur
2365 2342 2721 2413 exemplum),
2754 2343 2827 2398 ita
2861 2357 3015 2409 sane,
3037 2354 3090 2396 et
3122 2342 3269 2397 illam
3302 2355 3400 2410 pro
3430 2339 3715 2410 dignitate,

2137 2435 2443 2490 edisserere
2479 2450 2541 2488 ac
2574 2435 2654 2489 vel
2684 2434 3032 2490 mediocrittr
3067 2432 3437 2505 perscrutari,
3470 2432 3718 2486 humanae

2136 2525 2307 2582 menti
2334 2525 2714 2581 inconcessum
2750 2536 2852 2582 est.

2673 2655 2904 2713 CAPUT
2933 2657 3179 2712 XXXVI.

2322 2770 2473 2827 Alter
2517 2772 2679 2827 Isaia:
2719 2774 2782 2827 de
2823 2776 3023 2828 Messia
3058 2774 3203 2829 locus
3237 2782 3527 2846 expositus.

2206 2884 2312 2940 Sed
2340 2886 2594 2954 quoniam
2628 2887 2790 2944 nobis
2824 2896 2907 2942 ter
2936 2889 3112 2943 sancti
3145 2905 3207 2943 ac
3248 2891 3444 2945 vivilici
3474 2892 3720 2963 Spiritus

2129 2978 2532 3046 processionem
2558 2976 2734 3033 Moses
2767 2994 2877 3050 pra:
2914 2982 3126 3037 caeteris
3157 2983 3372 3038 vatibus
3392 2985 3718 3056 obsignavit,

2131 3067 2354 3122 accedat
2380 3082 2508 3122 vero
2531 3076 2585 3123 et
2616 3067 2812 3135 lsaias,
2855 3070 2944 3139 qui
2988 3068 3262 3141 Unigeniti
3294 3072 3719 3131 incarnationem

2132 3159 2401 3228 obsignet.
2439 3160 2609 3229 Igitur
2635 3162 3023 3232 prophetarum
3065 3162 3462 3220 illustrissimus
3494 3167 3719 3236 proilte-

2136 3261 2241 3318 tor,
2280 3249 2408 3318 quid
2455 3250 2598 3306 Deus
2644 3252 2858 3309 locutus
2886 3254 2956 3307 sit
2997 3254 3062 3308 ad
3093 3254 3317 3309 Achaz:
3363 3274 3380 3306 ι
3415 3257 3479 3310 Ει
3520 3258 3720 3329 adjecit

2134 3341 2397 3397 Dominus
2426 3341 2574 3411 loqui
2610 3343 2676 3397 ad
2708 3344 2912 3408 Atltaz,
2940 3344 3128 3399 dicens
3156 3362 3171 3400 :
3204 3344 3335 3399 Pete
3372 3346 3465 3400 tibi
3500 3347 3717 3415 signum

2134 3448 2165 3487 a
2206 3432 2435 3487 Domino
2482 3430 2590 3486 Deo
2624 3442 2716 3487 tuo
2748 3434 2803 3488 in
2844 3434 3173 3502 profundum
3223 3434 3446 3499 inferni,
3513 3438 3628 3492 sive
3664 3438 3716 3491 in

2133 3525 2413 3582 excelsum
2463 3540 2650 3596 supra.
2690 3524 2755 3580 Et
2813 3526 2953 3581 dixit
2996 3526 3184 3580 Achaz
3215 3541 3230 3580 ε
3266 3525 3383 3581 Νοιι
3415 3537 3629 3597 petam,
3662 3541 3718 3584 et

2135 3632 2243 3672 non
2279 3617 2496 3673 tentabo
2523 3617 2832 3673 Dominum.
2857 3616 2921 3672 Et
2952 3617 3087 3673 dixit
3110 3618 3317 3676 Isaias:
3348 3620 3710 3693 Auditeergo.

2133 3711 2327 3765 domus
2360 3711 2524 3764 David
2554 3730 2566 3765 :
2602 3709 2858 3782 Nunquid
2900 3727 3091 3783 parum
3140 3714 3292 3769 vobis
3333 3724 3411 3770 est
3446 3715 3716 3771 molestos

2135 3817 2259 3857 esse
2295 3802 2626 3868 hominibus,
2683 3805 2812 3874 quia
2867 3804 3076 3859 molesti
3128 3805 3258 3860 estis
3306 3815 3359 3861 et
3393 3807 3502 3862 Deo
3556 3808 3717 3862 meo?

2136 3891 2366 3964 Propter
2389 3895 2491 3950 hoc
2518 3894 2670 3950 dabit
2696 3894 2959 3952 Dominus
2984 3897 3102 3971 ipse
3131 3898 3281 3953 vobis
3305 3898 3545 3969 signum.
3577 3901 3718 3955 Ecce

2139 3985 2289 4055 virgo
2343 3984 2633 4054 concipiet,
2669 3994 2723 4040 et
2752 3986 2923 4053 pariet
2969 3987 3158 4055 illium,
3205 3996 3258 4043 et
3305 3989 3589 4046 vocabitur
3619 4007 3717 4046 no-

2139 4088 2260 4128 men
2295 4075 2411 4146 ejus
2458 4075 2799 4132 Emmanuel.
2863 4077 3125 4149 Bntyrum
3185 4087 3239 4134 et
3287 4080 3395 4134 mel
3448 4082 3715 4137 comedet.

2139 4163 2239 4230 Qui
2296 4176 2591 4236 antequam
2652 4166 2791 4222 sciat
2826 4176 2920 4221 aut
2960 4166 3218 4238 praeferat
3271 4167 3497 4236 malum,
3553 4171 3717 4240 eliget

2138 4258 2337 4312 bonum
2372 4259 2439 4315 "'.
2492 4257 2560 4314 Et
2609 4259 2746 4315 dixit
2796 4259 3055 4316 Dominus
3111 4263 3179 4316 ad
3239 4276 3364 4317 me:
3399 4262 3565 4318 Sume
3616 4263 3714 4318 tibi

2139 4348 2337 4405 librum
2378 4365 2575 4406 novum
2614 4354 2896 4423 grandem,
2929 4362 2986 4408 et
3029 4355 3209 4409 scribe
3242 4354 3294 4409 in
3330 4370 3396 4411 eo
3422 4354 3562 4427 stylo
3603 4355 3717 4412 ho-

440 4444 849 4513 procuratione,
877 4445 1074 4501 deinde
1094 4455 1148 4501 et
1172 4445 1664 4517 llierosolymitana
1696 4451 1841 4505 sede.
1870 4450 2025 4505 Absit
2057 4441 2101 4497 D
2128 4443 2294 4498 minis
2322 4459 2336 4496 :
2377 4441 2651 4500 Velociter
2680 4445 2855 4516 spolia
2891 4445 3140 4509 detrahe.
3167 4448 3274 4502 cito
3309 4448 3552 4516 praedare
3577 4448 3650 4504 ⁸ο.
3692 4469 3713 4502 ι

437 4547 589 4607 vero,
622 4533 766 4590 Deus
791 4535 1155 4591 immortalis!
1212 4545 1274 4590 ut
1307 4537 1629 4592 mendacem
1668 4537 1759 4593 Dei
1788 4539 2020 4607 prephe-

441 4606 555 4677 tam
598 4623 893 4694 appellem.
920 4622 1025 4679 Sed
1057 4639 1180 4679 cum
1224 4624 1291 4679 ad
1320 4624 1599 4680 Christum
1642 4606 1810 4694 usque
1834 4606 2021 4697 regna-

437 4717 596 4781 retis,
633 4731 973 4788 regnumque
1000 4726 1053 4773 et
1084 4717 1452 4773 sacerdotium
1481 4720 1761 4785 teneretis,
1789 4721 2017 4775 veniens

435 4808 707 4875 Christus,
742 4809 838 4879 qui
874 4809 1193 4866 humanitus
1228 4810 1296 4865 ab
1336 4809 1539 4864 Davide
1577 4824 1748 4881 genus
1771 4809 2012 4875 duceret,

438 4901 924 4964 consubstantialis
956 4910 1012 4957 et
1040 4911 1341 4958 coaeternus
1366 4901 1524 4973 ,Ραιτί
1569 4903 1772 4969 Filius,
1805 4903 2018 4958 Israeli-

435 5001 618 5048 tarum
656 5002 821 5060 atque
866 4994 1104 5049 universi
1149 4994 1296 5050 orbis
1346 4994 1634 5063 imperium
1685 4995 1905 5063 accipit.
1959 4992 2015 5049 1d

436 5085 579 5155 quod
607 5092 663 5139 et
697 5083 864 5140 David
889 5084 1199 5149 conﬁrmat.
1232 5086 1284 5140 in
1318 5088 1431 5141 haec
1470 5087 1676 5143 verba:
1710 5105 1729 5139 ι
1765 5087 2013 5152 Domine,

436 5175 492 5229 in
548 5175 751 5231 virtute
783 5186 898 5229 .tua
950 5174 1222 5230 laetabitur
1280 5176 1422 5242 Rex,
1476 5188 1532 5233 et
1580 5193 1742 5247 super
1780 5164 2048 5233 salutare.

438 5274 588 5322 tuum
650 5267 946 5324 exsultabit
1002 5268 1366 5325 vehementer.
1428 5272 1765 5327 Desiderium
1837 5272 2019 5327 cordis

435 5358 557 5429 ejus
602 5360 843 5417 tribuisti
892 5361 982 5417 ei:
1017 5370 1071 5416 et
1118 5361 1395 5420 voluntate
1438 5363 1703 5419 labiorum
1740 5365 1860 5435 ejus
1907 5380 2015 5419 non

504 5612 553 5645 “
581 5610 721 5666 Psal.
768 5627 967 5677 χχχιιι,
1018 5612 1106 5677 16,
1147 5611 1232 5665 i7.
1311 5613 1354 5645 ⁸⁷
1387 5612 1490 5666 lsa.
1536 5629 1730 5677 χχχιιι,
1764 5614 1849 5668 15.
1928 5613 1970 5645 ⁸⁸
2007 5612 2137 5667 ibid.
2187 5614 2269 5668 l6.

951 5655 967 5736 Τ
1027 5683 1072 5715 ⁷³
1091 5655 1233 5739 bsee
1264 5699 1321 5737 ιιι
1345 5723 1359 5744 ,
1399 5683 1454 5737 5.
1524 5684 1574 5715 ⁷⁵
1602 5655 1803 5738 «Ιεῐέιιι.
1834 5699 2002 5744 χχχι,
2036 5683 2125 5738 16.
2198 5685 2243 5716 ⁷⁵
2267 5674 2468 5739 Jerem.
2504 5698 2635 5743 LIII,
2682 5681 2769 5734 l7.

435 5683 483 5715 ⁷²
512 5681 615 5736 lsa.
649 5697 842 5744 χχχιιι,
867 5683 954 5737 l7.
1027 5683 1072 5715 ⁷³
1097 5683 1233 5739 Osee
1264 5699 1321 5737 ιιι
1345 5723 1359 5744 ,
1399 5683 1454 5737 5.

432 5766 529 5821 cu,
571 5753 625 5818 Ι,
653 5753 707 5809 5.
781 5752 828 5784 ⁷⁸
867 5751 1015 5809 Psal.
1045 5768 1139 5822 xx,
1178 5753 1232 5808 5.
1309 5754 1357 5788 ⁷⁸
1407 5754 1514 5809 lsa.
1552 5769 1649 5821 vn,
1679 5753 1871 5811 10-16.

518 5988 547 6000 α

1949 5755 1992 5787 ⁸ο
2022 5752 2125 5809 lsa.
2160 5769 2277 5818 vtu,
2322 5757 2369 5808 l.

2128 4537 2298 4590 Adest
2324 4536 2466 4590 enim
2497 4554 2541 4590 τι
2572 4537 2635 4590 Ει
2656 4537 2900 4592 adhibuit
2928 4539 3058 4593 mihi
3087 4548 3250 4594 testes
3282 4538 3492 4605 ﬁdeles,
3526 4537 3713 4595 Uriant

2128 4627 2502 4692 sacerdotem,
2556 4636 2611 4682 et
2673 4626 2996 4683 Zachariam
3059 4628 3227 4683 (ilium
3281 4630 3608 4685 Barachite:
3662 4643 3718 4686 et

2129 4717 2335 4771 accessi
2394 4717 2459 4771 ad
2512 4718 2960 4788 prophetissam,
3001 4727 3055 4774 et
3105 4720 3356 4791 concepit
3410 4730 3466 4776 et
3508 4723 3718 4792 peperit

2128 4806 2322 4860 lilium.
2360 4805 2582 4861 Etdixit
2619 4807 2877 4862 Dominus
2904 4809 2969 4863 ad
3003 4824 3126 4863 me:
3157 4808 3302 4867 Voca
3346 4827 3542 4866 nomen
3573 4813 3714 4879 ejus,

2124 4899 2378 4954 Accelera
2429 4898 2599 4970 spolia
2647 4899 2977 4956 detrahere:
3013 4901 3231 4956 Festina
3282 4903 3537 4974 praedari.
3578 4903 3713 4969 Quia

2124 5001 2417 5058 antequam
2485 4989 2619 5043 sciat
2688 5005 2823 5058 puer
2912 5006 3107 5045 vocare
3174 5005 3380 5062 patrem
3436 5010 3592 5047 suum
3657 5003 3713 5045 et

2127 5090 2355 5139 matrem
2410 5095 2561 5135 suam
2589 5123 2602 5148 ,
2641 5082 2873 5153 accipiet
2914 5081 3288 5138 fortitudinem
3336 5083 3585 5137 Damasci
3611 5123 3625 5147 .
3659 5092 3715 5137 et

2122 5173 2291 5241 spolia
2323 5172 2582 5229 Samaria:
2618 5189 2802 5228 coram
2848 5189 2972 5245 rege
3023 5172 3372 5245 Assyriorum
3417 5173 3709 5251 Nobiscum

2124 5265 2268 5321 Deus
2297 5264 2365 5318 °‘.
2402 5283 2527 5317 ι--ι
2565 5264 2769 5321 Scitote
2805 5277 3017 5336 gentes,
3042 5276 3096 5321 et
3124 5266 3427 5330 vincimini,
3451 5275 3503 5321 et
3530 5266 3713 5323 audite

2127 5362 2391 5415 universae
2448 5362 2640 5431 procul
2704 5371 2917 5420 terrae:
2974 5361 3101 5431 quia
3177 5361 3460 5417 nobiscum
3546 5360 3712 5424 Deus.

2352 5613 2394 5645 ιθ
2434 5614 2563 5668 ibid.
2602 5610 2605 5613 '
2638 5613 2685 5644 το
2717 5608 2873 5667 Joan.
2910 5626 2982 5675 IV,
3021 5612 3107 5667 to.
3183 5609 3228 5641 τι
3263 5608 3422 5663 Joan.
3475 5619 3570 5670 vn.
3617 5603 3707 5660 58-

2352 5674 2468 5734 -em.
2504 5698 2634 5734 Lm.
2682 5681 2769 5734 l7.
2846 5681 2891 5713 τε
2923 5681 3067 5734 Psal.
3118 5696 3210 5734 xx.
3247 5681 3297 5734 l.
3322 5678 3379 5734 2.
3489 5677 3533 5711 ⁷⁷
3564 5674 3710 5732 Psal.

2456 5724 2468 5734 .
2504 5698 2635 5743 LIII,
2682 5681 2769 5734 l7.
2846 5681 2891 5713 τε
2923 5681 3067 5738 Psal.
3118 5696 3210 5747 xx,
3247 5681 3297 5744 l,
3322 5681 3379 5735 2.
3489 5681 3533 5711 ⁷⁷
3564 5681 3666 5732 Psa

2449 5751 2491 5784 ⁸⁸
2529 5752 2659 5807 ibid.
2707 5751 2833 5805 2-4.
