4044 6412
372 259 481 324 855

1604 247 2036 315 ANDRONICI
2068 249 2382 314 COMNEN
2397 255 2415 312 l

3513 266 3619 332 855

369 369 761 428 Coufortamini
819 379 875 430 et
919 369 1195 430 vincimini
1241 388 1257 429 :
1299 373 1345 429 si
1379 371 1528 428 enim
1576 372 1758 426 denuo
1819 383 1953 425 con-
1981 365 2030 422 A
2057 373 2162 421 etc.
2199 365 2334 422 Nam
2375 383 2440 424 ex
2473 370 2618 425 oniui
2667 373 2923 428 memoria
2975 374 3135 430 fando
3175 375 3479 436 inauditum
3520 393 3623 451 est,

370 463 746 532 fortabimini;
801 465 980 521 denuo
1015 464 1342 533 vincemini;;
1374 463 1510 520 inite
1548 463 1860 527 consilium,
1893 471 1948 517 et

366 557 758 628 dissipabitur:
789 557 1072 628 loquimini
1116 558 1362 622 verbum,
1409 564 1465 613 et
1507 569 1614 612 non
1663 555 1790 611 ﬁet:
1819 554 1944 625 quia

368 648 650 704 nobiscum
683 649 823 704 Deus
845 649 912 705 ".
953 667 973 702 ι

436 737 701 794 Caeterum
725 739 778 794 in
807 740 1001 809 primis
1032 739 1249 809 dignum
1275 740 1574 807 quastione
1609 747 1712 804 est,
1754 754 1947 809 quam-

367 831 554 886 obrem
628 831 778 887 dicat
861 833 1180 902 propheta:
1240 850 1260 884 ς
1311 830 1378 886 Et
1436 831 1631 900 adjecit
1683 831 1945 887 Dominus

367 921 514 992 loqui
547 923 613 978 ad
646 923 852 989 Achaz,
894 924 1111 980 dicens.
1149 942 1168 976 ι
1204 921 1281 977 De
1311 924 1418 979 Deo
1445 921 1671 992 ejusque
1708 923 1942 978 adventu

363 1014 627 1083 propheta
659 1014 924 1080 dicturus,
956 1030 1024 1070 ne
1053 1014 1324 1084 quispiam
1356 1015 1753 1085 suspicaretur,
1783 1013 1944 1068 alium

363 1122 508 1171 esse,
527 1107 620 1178 qui
655 1121 683 1161 a
711 1108 988 1178 prophetis
1014 1123 1072 1162 se
1093 1107 1368 1178 prioribus
1386 1105 1577 1162 fuisset
1601 1106 1945 1175 praedicatus,

365 1205 420 1251 et
440 1196 628 1264 alium,
656 1197 749 1267 qui
796 1213 824 1252 a
868 1198 1047 1268 seipso
1079 1207 1192 1253 tum
1241 1199 1648 1266 praedicaretur,
1683 1195 1905 1252 voculas
1928 1234 1944 1260 ,

371 1309 391 1340 ε
432 1290 497 1345 Et
547 1290 771 1359 adjecit,
806 1308 826 1343 ι
875 1291 1174 1361 prophetiae
1226 1290 1393 1346 voluit
1436 1290 1754 1362 praeﬁgere,
1787 1293 1944 1359 quasi

362 1383 614 1437 diceret:
654 1384 801 1438 Inter
834 1383 970 1440 alias
1015 1369 1280 1439 vaticinas
1329 1382 1762 1454 prmsagitiones,
1803 1397 1946 1452 quas

363 1473 596 1544 Spiritus
620 1482 842 1531 sanctus
868 1473 938 1530 de
963 1473 1246 1544 unigenito
1275 1473 1366 1529 Dei
1397 1473 1556 1541 Filio,
1591 1487 1688 1544 per
1712 1473 1945 1543 prophe-

364 1575 541 1619 tarum
601 1565 813 1636 linguas
864 1568 1251 1638 promulgavit,
1289 1565 1514 1633 insuper
1560 1563 1739 1620 adhuc
1781 1581 1800 1615 ι
1833 1563 1945 1616 Ad-
1984 1545 1990 1560 ’

355 1656 489 1725 jerit
520 1657 779 1711 Dominus
822 1656 968 1725 loqui
1005 1657 1071 1712 ad
1115 1657 1339 1711 Achaz:
1374 1655 1504 1712 Pete
1540 1656 1633 1710 tibi
1662 1654 1875 1726 signum
1908 1670 1937 1708 a

362 1749 590 1805 Domino
643 1748 753 1804 Deo
812 1757 905 1806 tuo
962 1750 1014 1804 in
1072 1748 1399 1822 profundum
1453 1747 1672 1814 inferni,
1726 1748 1840 1804 sive
1883 1748 1936 1802 in

358 1841 634 1896 excelsum
670 1857 853 1912 supra.
889 1860 908 1894 ι
949 1841 1057 1896 Nec
1091 1856 1222 1898 vero
1258 1841 1415 1912 jubet
1445 1840 1590 1897 Deus
1620 1840 1800 1895 Achaz
1840 1854 1937 1893 ceu

357 1931 688 1988 diuidentem
733 1941 920 2003 petere
963 1933 1198 2004 signum.
1225 1933 1430 2004 Apage.
1465 1931 1750 1999 Quomodo
1791 1931 1937 1986 enim

351 2027 540 2095 julieat
599 2026 811 2098 signum
863 2035 1070 2098 petere,
1100 2028 1190 2095 qui
1244 2029 1410 2082 etiam
1457 2025 1646 2096 jussus
1697 2024 1942 2080 abnuat?

353 2117 452 2171 sed
501 2116 778 2184 nimirum,
811 2127 872 2172 ut
915 2119 1212 2187 praascius‘,
1251 2117 1550 2191 Synagogaa.
1589 2116 1937 2172 incredulita-

350 2217 460 2264 tem
484 2211 787 2282 pratvidens
809 2212 972 2280 Deus,
997 2213 1180 2269 Achaz
1199 2213 1445 2278 mandat,
1467 2213 1680 2283 signum
1705 2219 1934 2282 peteret.

353 2301 820 2368 Quemadmodum
893 2304 1185 2377 aliquando
1246 2315 1303 2362 et
1360 2303 1583 2360 Thomas
1640 2303 1937 2359 obstinatio

353 2401 579 2451 caeteros
607 2397 673 2450 ad
701 2396 1038 2466 exploratam
1082 2397 1289 2453 Christi
1321 2394 1745 2453 resurrectionis
1773 2394 1933 2450 ﬁdem

357 2484 648 2553 pertraxit,
705 2493 871 2556 atque
951 2487 1302 2557 onﬁrmavit;
1349 2488 1423 2544 ita
1473 2502 1606 2544 sane
1648 2494 1704 2542 et
1753 2487 1933 2542 Acbaz

357 2573 572 2645 signum
609 2585 828 2646 petere,
862 2593 1054 2636 omnes
1095 2580 1160 2634 ad
1197 2581 1306 2636 veri
1351 2580 1728 2635 credulitatem
1761 2579 1934 2635 addu-

349 2667 434 2723 xit
468 2677 524 2724 et
558 2671 948 2729 constabilivit.
982 2671 1048 2726 Et
1085 2673 1130 2729 si
1166 2689 1293 2730 vero
1337 2672 1521 2729 Achaz
1564 2671 1834 2739 abnuerit,
1869 2687 1934 2727 ac

350 2759 736 2829 responderit:
781 2780 802 2814 α
837 2762 952 2820 Non
1010 2773 1210 2832 petam,
1235 2775 1288 2820 et
1335 2782 1441 2821 non
1483 2768 1704 2822 tentabo
1753 2765 1935 2821 Domi-

351 2863 480 2904 num
497 2849 566 2916 ⁸³,
603 2867 624 2902 ›
656 2850 826 2909 lsaias
863 2863 1041 2910 tamen
1087 2871 1188 2927 pro
1224 2871 1290 2913 eo
1329 2856 1643 2914 exclamat:
1686 2876 1705 2911 ι
1734 2856 1934 2914 Audite

351 2955 483 3011 ergo
530 2943 722 2999 domus
771 2943 964 3002 David.
1013 2965 1032 3000 ι
1081 2948 1222 3005 Ecce
1275 2950 1344 3006 ad
1401 2965 1538 3022 quos
1600 2951 1927 3022 promissum

350 3035 617 3104 pertinet,
669 3051 763 3094 eos
807 3057 827 3092 ι
877 3041 1095 3096 domum
1145 3041 1363 3100 Davidis
1399 3062 1418 3096 ι
1461 3043 1737 3114 appellat,
1769 3042 1925 3112 quasi
1951 3049 1998 3110 α

349 3127 404 3182 in
449 3128 765 3184 memoriam
796 3144 1062 3187 revocans
1092 3132 1310 3190 Davidis
1337 3133 1500 3189 verba
1533 3143 1700 3204 atque
1739 3133 1924 3202 ﬁdem,

347 3228 510 3283 quam
533 3215 773 3287 juratam
828 3219 1018 3275 Davidi
1063 3219 1208 3279 Deus
1262 3238 1368 3279 non
1425 3225 1498 3279 sit
1545 3232 1924 3281 revocaturus.

348 3304 508 3372 Nam,
545 3309 799 3375 «juravit
849 3312 1106 3369 Dominus
1143 3314 1313 3370 David
1360 3317 1666 3384 veritatem,
1713 3328 1769 3372 et
1817 3332 1924 3372 non

349 3397 702 3457 frustrabitur
739 3417 882 3458 eam.
925 3424 944 3458 ι
984 3406 1270 3475 Quaeritis,
1315 3424 1436 3480 quae
1480 3409 1553 3465 sit
1593 3425 1657 3466 ea
1703 3412 1922 3477 veritas,

349 3491 700 3564 intelligere?
729 3515 749 3549 ι
780 3497 858 3552 De
905 3497 1086 3554 fructu
1133 3500 1345 3557 ventris
1385 3501 1463 3557 tui
1503 3517 1699 3574 ponam
1761 3519 1926 3574 super

345 3583 528 3640 sedem
567 3593 735 3642 tuam.
778 3587 836 3644 Si
888 3591 1250 3647 custodiet-int
1281 3592 1372 3647 lilii
1419 3594 1494 3648 tui
1540 3604 1922 3654 testamentum

347 3691 552 3743 meum,
582 3687 637 3733 et
664 3681 971 3737 testimonia
1015 3699 1133 3739 mea
1169 3684 1286 3742 haec
1342 3701 1462 3756 quae
1494 3687 1699 3744 docebo
1727 3704 1842 3754 eos,
1870 3701 1925 3747 et.

346 3764 444 3820 ﬁlii
475 3779 664 3822 eorum
719 3783 890 3838 usque
937 3771 992 3827 in
1060 3774 1364 3841 saeculum,
1429 3777 1698 3833 sedebunt
1761 3793 1925 3851 super

342 3860 529 3916 sedem
571 3869 739 3916 tuam.
780 3862 1046 3930 Quoniam
1082 3866 1242 3938 elegit
1272 3866 1533 3956 Dominus
1563 3868 1718 3938 Sion,
1759 3871 1924 3945 elegit

340 3963 460 4005 eam
508 3951 563 4008 in
622 3953 1012 4012 habitationem
1063 3957 1189 4016 sibi.
1241 3957 1365 4015 Haec
1402 3951 1634 4032 .rcquics
1703 3978 1818 4020 mea
1868 3966 1920 4020 in

340 4042 602 4100 saeculum
635 4046 854 4101 saeculi:
889 4047 978 4103 hic
1005 4048 1286 4116 habitabo,
1322 4053 1578 4120 quoniam
1610 4054 1745 4126 elegi
1778 4071 1918 4112 eam.

345 4133 575 4190 Viduam
627 4135 749 4208 ejus
789 4137 1122 4196 benedicens
1169 4140 1509 4209 benedicam,
1553 4154 1610 4200 et
1659 4162 1922 4217 pauperes

342 4225 464 4294 ejus
515 4228 774 4285 saturabo
823 4229 1074 4299 panibus.
1135 4231 1460 4290 Sacerdotes
1516 4235 1632 4309 ejus
1699 4237 1919 4295 induam

341 4318 608 4374 salutari:
656 4329 713 4376 et
755 4323 927 4378 sancti
977 4324 1096 4392 ejus
1143 4325 1507 4384 exsultatione
1546 4331 1917 4388 exstiltabunt.

2051 459 2314 528 virginem
2349 460 2514 517 ﬁlium
2542 466 2812 531 genuisse.
2846 466 3032 538 itaque
3063 485 3170 524 non
3203 471 3416 543 signum
3445 477 3624 542 modo,

2049 549 2143 606 sed
2191 553 2575 613 miraculorum
2617 557 2860 613 omnium
2903 561 3350 620 miriﬁcissimum
3377 568 3474 622 'est
3499 568 3622 636 hoc,

2049 650 2103 696 et
2133 657 2454 701 arcanorum
2499 663 2564 703 ac
2591 649 2955 721 prodigiorum
3003 651 3160 722 longe
3208 657 3623 715 arcanissimum

2048 747 2113 789 ac
2148 737 2689 806 prodigiosissimum.
2724 760 2743 794 ι
2771 741 3030 815 Butyrum
3061 754 3118 800 et
3156 748 3261 804 mel
3289 751 3558 806 comedet.
3597 770 3616 805 ι

2048 826 2092 879 Α
2164 827 2428 884 miraculo
2485 831 2552 886 ad
2615 831 2936 890 miraculum
3020 836 3368 907 digreditur,
3423 841 3625 896 etenim

2045 917 2346 984 praefatus:
2395 939 2414 975 ι
2446 920 2588 978 Deus
2632 939 2858 996 magnus
2890 942 2956 984 ac
2996 938 3304 1000 praepotens
3347 947 3452 986 non
3504 949 3628 986 esu-

2050 1009 2174 1076 riet,
2199 1027 2218 1062 ι
2240 1026 2386 1066 nunc
2408 1011 2686 1085 Unigeuiti
2707 1017 3136 1077 incarnationem
3161 1024 3627 1094 comprehendens

2048 1099 2163 1156 ait:
2185 1099 2357 1169 Quem
2387 1120 2485 1174 pro
2509 1111 2958 1180 supratemporali
2989 1124 3181 1170 natura
3209 1115 3350 1169 haud
3385 1119 3627 1172 esuritu-

2049 1206 2168 1246 rum
2213 1196 2519 1264 praececini,
2561 1214 2706 1256 nunc
2737 1216 2803 1257 ex
2838 1203 3047 1272 virgine
3097 1201 3372 1260 hominem
3415 1217 3623 1274 natum,

2049 1287 2183 1340 citra
2215 1298 2517 1357 peccatum,
2547 1289 2745 1362 butyro
2774 1307 2839 1348 ac
2869 1294 3027 1348 melle
3059 1297 3388 1350 vesciturum
3422 1312 3626 1366 praesa-

2047 1379 2154 1446 gio.
2186 1375 2389 1450 Butyro
2422 1390 2602 1436 autem
2647 1391 2810 1451 atque
2840 1384 2999 1439 melle
3042 1387 3391 1452 nominando,
3429 1389 3626 1443 iterum

2049 1467 2203 1524 nobis
2225 1468 2446 1526 Davidis
2477 1471 2736 1528 vaticinia
2768 1475 2821 1528 in
2868 1486 3104 1531 mentem
3156 1489 3375 1533 revocat
3403 1495 3417 1532 :
3455 1495 3626 1535 unum

2048 1560 2356 1628 huiusmodi
2385 1580 2400 1619 :
2443 1561 2827 1634 «Impiuguasti
2859 1566 2914 1622 in
2949 1569 3070 1624 oleo
3099 1580 3260 1638 caput
3292 1585 3470 1626 meum
3492 1573 3572 1639 ”;
3599 1591 3619 1624 ι

2047 1647 2276 1703 alterum
2306 1667 2321 1704 :
2368 1669 2388 1703 ι
2417 1649 2586 1718 Quam
2619 1652 2796 1707 dulcia
2831 1654 3078 1711 faucibus
3109 1656 3244 1712 meis
3265 1656 3478 1727 eloquia
3511 1667 3622 1726 tua,

2043 1755 2206 1809 super
2221 1741 2322 1795 mel
2340 1741 2422 1797 ori
2438 1759 2560 1801 meo
2579 1745 2625 1778 “
2650 1747 2663 1800 l
2693 1744 2994 1802 iCazterum
3031 1749 3284 1805 audiens:
3305 1769 3324 1802 ‹
3347 1750 3448 1818 Qui
3470 1762 3626 1810 ante-

2040 1845 2202 1900 quam
2232 1833 2392 1901 sciat,
2425 1843 2516 1890 aut
2543 1837 2796 1906 praeferat
2818 1839 3042 1905 malum,
3074 1840 3233 1912 elegit
3256 1843 3456 1897 bonum
3495 1845 3565 1909 ⁸⁷,
3599 1863 3619 1896 ι

2039 1937 2108 1976 ne
2136 1925 2340 1991 peccati
2369 1937 2666 1994 expertem,
2691 1929 2975 1994 sciturum,
3001 1940 3094 1985 aut
3118 1932 3316 1986 malum
3348 1932 3622 1988 admissu-

2040 2029 2156 2068 rum
2189 2031 2425 2084 unquam
2447 2017 2589 2088 ﬁnge
2614 2020 2741 2074 :sed
2762 2021 3075 2088 priusquam
3101 2021 3154 2076 id
3185 2021 3302 2086 ﬁat,
3320 2038 3382 2077 ex
3401 2020 3622 2090 Virgine

2038 2115 2222 2160 natum
2245 2107 2496 2178 eligendo
2521 2110 2660 2165 bono
2685 2126 2898 2166 sacrum
2933 2111 3170 2167 futurum
3197 2129 3212 2179 ;
3251 2128 3372 2168 nam
3400 2131 3417 2164 ι
3449 2112 3624 2169 Omne

2038 2200 2400 2256 masculinum
2453 2204 2773 2272 adaperiens
2813 2204 3050 2270 vulvam,
3097 2215 3344 2261 sanctum
3391 2205 3622 2260 Domino

2035 2292 2320 2347 vocabitur
2348 2291 2417 2350 ⁸⁸.
2458 2313 2477 2347 ι
2515 2295 2683 2366 igitur
2720 2297 2811 2368 qui
2841 2312 2906 2353 ex
2952 2306 3110 2352 utero
3141 2307 3494 2354 consecratus
3525 2299 3618 2364 sit,

2035 2381 2128 2447 qui
2191 2384 2407 2440 tandem
2471 2387 2630 2452 sciat,
2689 2397 2781 2442 aut
2842 2388 3041 2444 malum
3110 2387 3621 2456 admittatiQuare

2036 2468 2421 2530 dubium'non
2450 2485 2558 2540 est,
2605 2477 2734 2546 quin
2790 2477 3092 2546 perfectum
3149 2477 3424 2532 hominem
3477 2475 3616 2542 fore,

2035 2563 2127 2632 qui
2162 2575 2498 2632 nasceretur,
2533 2569 2627 2624 sed
2658 2584 2686 2622 a
2737 2579 2960 2637 peccato
2997 2569 3231 2623 alienum
3282 2568 3616 2636 designarit;

2035 2665 2159 2705 nam
2189 2653 2255 2708 de
2283 2669 2349 2710 eo
2390 2655 2534 2711 idem
2585 2673 2798 2713 rursum
2852 2658 3176 2714 conﬁrmat:
3212 2675 3232 2710 ι
3269 2657 3614 2729 iniquitatem

2033 2759 2139 2798 non
2194 2744 2344 2815 fecit,
2384 2763 2562 2820 neque
2608 2751 2764 2808 dolus
2812 2753 2912 2806 fuit
2957 2753 3009 2807 in
3056 2767 3151 2808 ore
3192 2754 3311 2823 ejus
3348 2770 3364 2807 :
3399 2762 3455 2809 et
3487 2768 3614 2808 cum

2033 2836 2315 2896 sceleratis
2368 2849 2651 2911 reputatus
2698 2855 2786 2900 est
2815 2845 2882 2910 ⁸⁸,
2917 2863 2935 2896 ι
2970 2846 3232 2900 innocens
3263 2856 3441 2901 tamen
3489 2861 3612 2901 cum

2034 2939 2198 2986 esset.
2237 2929 2418 2998 Quare
2462 2934 2507 2990 si
2555 2949 2584 2989 a
2637 2936 2780 2991 malo
2825 2937 2962 2991 mala
3013 2945 3177 3001 sunt,
3236 2937 3377 2993 Deus
3433 2945 3611 2992 autem

2034 3019 2210 3080 bonus
2242 3035 2347 3091 est,
2395 3035 2450 3082 et
2479 3029 2603 3084 boni
2649 3027 2964 3085 hominibus
2995 3029 3220 3100 largitor
3241 3069 3256 3094 .
3289 3031 3484 3085 merito
3520 3029 3611 3086 ille

2028 3110 2155 3166 boni
2209 3113 2461 3171 omnibus
2499 3124 2712 3184 auctor,
2746 3119 3136 3174 humanitatem
3197 3133 3348 3174 suam
3407 3119 3610 3174 Divini-

2031 3206 2161 3262 tatis
2188 3209 2328 3264 bono
2361 3211 2643 3281 impertiit.

2105 3317 2125 3350 ι
2166 3297 2233 3355 Ει
2261 3301 2396 3356 dixit
2428 3303 2686 3361 Dominus
2704 3304 2771 3360 ad
2802 3320 2906 3368 me,
2934 3325 2953 3359 ε
2975 3307 3024 3362 id
3054 3317 3137 3362 est
3168 3307 3604 3363 demonstravit:

2034 3411 2054 3445 ο
2084 3390 2250 3448 Sume
2278 3393 2372 3449 tibi
2411 3394 2607 3450 librum
2641 3411 2861 3462 novum,
2894 3399 3150 3468 grandem
3187 3399 3258 3452 ’°.
3293 3414 3310 3448 ι
3343 3398 3606 3454 Volumen

2027 3484 2118 3539 hic
2151 3485 2385 3556 Virginis
2425 3487 2578 3544 alvus
2625 3488 2981 3558 intelligatur.
3016 3489 3148 3545 Nam
3186 3500 3242 3546 ut
3281 3491 3335 3545 in
3391 3491 3606 3545 tabulas

2027 3578 2164 3633 Mosi
2201 3579 2426 3635 traditas
2456 3582 2703 3637 exaratis
2734 3581 2992 3637 divinitus
3023 3581 3243 3649 litteris,
3274 3582 3603 3652 Decalogum

2028 3673 2169 3729 Deus
2204 3675 2502 3746 inscripsit,
2535 3677 2603 3732 ita
2637 3687 2690 3732 et
2720 3677 2772 3732 in
2811 3679 3055 3748 virgineo
3103 3679 3257 3748 quasi
3309 3678 3604 3744 volumine,

2027 3766 2283 3836 perennis
2325 3782 2389 3822 ac
2425 3769 2543 3824 sine
2574 3770 2842 3840 principio
2877 3770 3075 3835 Patris,
3107 3781 3162 3826 et
3207 3782 3290 3827 ter
3334 3771 3509 3826 sarcti
3541 3785 3605 3825 ac

2027 3857 2224 3913 viviﬁci
2277 3873 2380 3930 ope
2438 3859 2713 3931 Spiritus,
2775 3860 3015 3933 Unigena
3075 3877 3138 3918 ac
3209 3861 3302 3916 Dei
3372 3861 3601 3917 Verbum

2027 3949 2332 4022 descriptus
2389 3961 2474 4008 est
2546 3953 2839 4010 habitator.
2915 3953 3069 4022 Quod
3127 3963 3308 4010 autem
3378 3954 3600 4018 subdit,

2032 4057 2053 4091 ς
2095 4039 2321 4107 Novum,
2353 4044 2637 4112 grandem,
2686 4063 2706 4096 ι
2747 4060 2928 4100 veram
2975 4045 3177 4100 umbrae
3229 4044 3361 4114 legis
3406 4042 3603 4112 imagi-

2027 4146 2147 4186 nem
2203 4143 2372 4189 notat.
2433 4153 2452 4187 σ
2516 4136 2583 4192 Ει
2629 4138 2808 4193 scribe
2870 4138 2922 4192 in
2957 4151 3024 4192 eo
3095 4135 3238 4206 stylo
3284 4135 3540 4190 hominis.
3574 4151 3595 4186 ι

2027 4221 2220 4278 Videte
2253 4224 2709 4293 quemadmodum
2747 4225 3002 4296 paulatim
3031 4225 3295 4294 propheta
3335 4238 3600 4279 arcanum

2025 4311 2204 4369 Patris
2257 4315 2543 4370 consilium
2602 4303 2816 4386 prodat.
2856 4334 2875 4368 ι
2923 4315 3109 4382 Sume,
3158 4314 3357 4384 inquit,
3401 4328 3600 4368 novum

341 4407 472 4464 Illuc
529 4411 824 4479 producam
887 4427 1056 4469 cornu
1125 4415 1330 4482 David;
1388 4419 1571 4488 paravi
1641 4419 1917 4477 lucernam
1947 4395 2000 4458 Ι)
2025 4405 2286 4474 grandem
2324 4406 2544 4464 librum.
2575 4425 2595 4460 ι
2629 4408 2838 4475 Quibus
2869 4407 3051 4463 verbis
3089 4406 3386 4462 beneﬁcam
3422 4404 3599 4460 Patris

339 4497 563 4556 Christo
621 4517 760 4558 meo.
818 4503 1074 4560 Inimicos
1129 4504 1250 4574 ejus
1304 4505 1524 4562 induam
1570 4510 1915 4580 confusione,

343 4605 508 4661 super
539 4591 712 4662 ipsum
754 4605 932 4650 autem
970 4594 1243 4652 eﬁlorebit
1263 4599 1618 4658 sanctiﬁcatio
1639 4617 1760 4659 mea
1789 4603 1856 4659 “.
1888 4623 1909 4659 ι

344 4680 512 4749 Hujus
543 4698 672 4754 ergo
715 4687 965 4756 promissi
1019 4687 1178 4746 ﬁnem
1229 4698 1425 4749 notans
1481 4692 1672 4762 Isaias,
1722 4697 1918 4754 domus

343 4772 610 4831 Davidicaa
643 4777 910 4833 meminit.
1446 4791 1450 4794 ’

408 4865 562 4934 Quod
614 4868 797 4923 addit:
839 4887 859 4922 ι
911 4869 1180 4942 Numquid
1231 4891 1418 4945 parum
1457 4877 1610 4934 vobis
1640 4889 1743 4946 est,
1786 4884 1912 4951 quia

336 4958 548 5015 molesti
581 4960 713 5016 estis
751 4961 1058 5020 hominibus
1081 4965 1108 5019 ἲ
1135 4967 1259 5035 quia
1304 4967 1514 5024 molesti
1546 4970 1680 5026 estis
1716 4983 1771 5026 et
1804 4973 1914 5029 Deo

337 5053 504 5108 meo?
538 5070 560 5104 ι
608 5051 792 5111 Fidem
845 5055 1006 5126 hujus
1055 5057 1239 5112 Achaz
1289 5059 1604 5117 collaudans
1650 5065 1911 5134 propheta

336 5144 446 5199 ait:
475 5163 494 5198 ι
523 5145 754 5218 Propter
774 5147 878 5204 hoc
899 5149 1050 5205 dabit
1078 5151 1336 5206 Dominus
1354 5152 1470 5223 ipse
1491 5155 1648 5210 vobis
1675 5157 1911 5224 signum.

2023 4503 2090 4558 de
2107 4502 2245 4557 Filio
2267 4503 2602 4558 voluntatem
2623 4503 2907 4574 signiﬁcat.
2935 4519 2956 4554 ι
2977 4499 3044 4556 Ει
3072 4499 3254 4557 scribe
3282 4499 3338 4554 in
3365 4514 3431 4554 eo
3459 4496 3598 4568 style

2025 4593 2280 4649 hominis.
2313 4611 2332 4646 ι
2361 4593 2531 4661 Quasi
2558 4593 2804 4649 diceret:
2833 4592 2950 4648 Etsi
2977 4591 3071 4648 Dei
3103 4601 3295 4646 natura
3328 4589 3516 4654 Filius,
3544 4598 3600 4644 et

2024 4685 2342 4740 mutationis
2410 4699 2607 4753 expers
2677 4684 2873 4746 Deus,
2948 4682 3275 4750 inconfuse,
3352 4682 3599 4751 citraque

2021 4783 2302 4844 peccatum
2341 4773 2612 4844 perfectus
2645 4773 2808 4830 homo
2857 4774 3020 4830 etiam
3053 4789 3310 4830 nascerer
3347 4790 3362 4828 :
3397 4771 3600 4844 quippe

2022 4865 2316 4921 humanam
2371 4867 2605 4936 speciem
2656 4883 2754 4936 per
2797 4869 3097 4923 humanum
3150 4867 3348 4940 atylum
3395 4863 3593 4921 innuit.

2022 4954 2160 5020 Quid
2187 4955 2304 5008 ita?
2341 4973 2360 5007 ι
2392 4954 2662 5011 Velociter
2683 4955 2852 5026 spolia
2882 4956 3130 5023 detrahe,
3153 4959 3264 5011 cito
3294 4954 3592 5024 prazdarea

2023 5049 2102 5104 Eo
2171 5049 2316 5104 dicto
2383 5051 2604 5107 Davidis
2661 5052 2857 5108 iterum
2917 5052 3084 5109 verba
3139 5051 3207 5106 ad
3272 5049 3594 5106 memoriam

2021 5153 2285 5198 revocat:
2329 5161 2347 5196 α
2387 5144 2694 5202 Ascendiin
2749 5145 2804 5200 in
2849 5145 3041 5209 altum,
3076 5144 3266 5214 cepisti
3306 5141 3596 5210 captivita-

337 5235 475 5294 Ecce
505 5239 657 5310 virgo
683 5241 970 5311 concipiet,
1000 5251 1053 5296 et
1088 5243 1265 5312 pariet
1307 5243 1496 5313 ﬁlium,
1535 5256 1591 5301 et
1631 5251 1918 5307 vocabitur

2034 5249 2120 5288 em
2149 5235 2218 5288 “.
2259 5253 2279 5287 ι
2319 5235 2632 5306 Enimvero,
2673 5257 2692 5292 ι
2739 5239 2945 5303 Altum,
2972 5257 2994 5292 ι
3026 5253 3244 5294 crucem
3298 5234 3591 5304 intelligit;

340 5344 533 5384 nomen
566 5331 683 5400 ejus
733 5333 1072 5391 Emmauuel.
1110 5352 1130 5386 ι
1165 5334 1225 5390 Εἰ
1261 5335 1428 5403 dicto,
1467 5354 1488 5389 ι
1527 5337 1690 5395 Dabit
1728 5341 1913 5399 Domi-

338 5425 437 5476 ηαδ
469 5420 585 5491 ipse
616 5424 772 5480 vobis
798 5423 1036 5495 signum,
1074 5444 1094 5478 ι
1133 5423 1402 5496 subjecit:
1443 5444 1463 5480 ε
1496 5425 1638 5486 Ecce
1667 5430 1853 5502 Virgo,
1883 5453 1902 5487 ι

2012 5333 2253 5399 captivos
2299 5334 2583 5398 abductos.
2622 5335 2748 5392 Orci
2783 5336 3209 5401 demolitionem,
3245 5344 3298 5388 et
3321 5333 3432 5405 jam
3458 5330 3590 5387 olim

2010 5420 2350 5490 captivorum
2445 5427 2894 5499 redemptionem.
2981 5427 3314 5486 Ostensurus
3407 5431 3589 5479 autem

403 5631 450 5711 ξ’
483 5631 628 5711 Psal.
678 5651 789 5711 x_x__,
834 5606 1026 5711 ευρ)
1084 5635 1133 5711 ξ’
1176 5633 1277 5692 lsa.
1316 5652 1434 5711 vn,
1468 5637 1555 5693 l2.
1630 5636 1695 5711 “_
1724 5638 1864 5696 Psal.
1913 5655 2100 5707 cxxxl,
2154 5641 2337 5698 ll-lS.
2413 5644 2460 5677 ³⁸
2500 5644 2641 5703 Psal.
2670 5661 2764 5711 xx,
2815 5644 2872 5700 5.
2946 5646 2994 5679 ⁸⁸
3030 5645 3174 5702 Psal.
3227 5661 3416 5706 cxvm.
3462 5643 3585 5702 ιοδ.

338 5697 380 5729 ⁸⁷
412 5702 534 5757 lsal.
576 5719 668 5768 vn,
708 5705 792 5759 l5.
867 5705 914 5738 ⁸⁸
949 5703 1118 5762 Exod.
1153 5721 1273 5774 xm,
1311 5708 1374 5774 2;
1412 5697 1544 5765 Luc.
1581 5723 1642 5777 ll,
1670 5708 1761 5767 23.
1837 5712 1882 5744 δ’
1913 5711 2018 5770 lsa.
2052 5697 2168 5781 Litt,
2198 5713 2251 5781 9,
2289 5697 2372 5771 l2.
2449 5697 2779 5786 "lsa.-viii,
2806 5697 2871 5772 ί.-
2933 5717 2974 5750 ⁵⁸
3001 5697 3457 5787 ΙῖδᾶῙίι-ίνῖίξίξ).
