4044 6402
366 301 474 366 857

1457 296 1849 359 DIALOGUS
1877 296 2182 363 CONTRA
2212 302 2546 368 JUD.‘EOS.

3516 286 3628 353 858

364 406 628 479 propheta
685 404 963 463 decretum
1018 403 1377 462 irrevocabile
1403 443 1420 470 ,
1474 405 1663 460 addit:
1718 422 1738 457 ι
1775 403 1942 459 Adest

2057 420 2193 479 sunt,
2231 429 2352 485 qtm
2387 414 2587 471 Christi
2634 414 2856 471 nomine
2883 425 2987 466 non
3011 406 3332 476 gloriantur.
3367 423 3386 457 ι
3411 401 3627 471 Audite,

365 501 534 556 enim.
573 516 593 552 ›
625 499 678 553 in
726 499 866 553 hanc
890 498 1257 555 sententiam:
1290 496 1392 562 Ne,
1421 499 1677 566 quoniam
1707 497 1947 550 futurum

365 599 471 657 est,
506 592 573 645 de
602 604 661 644 re
688 587 918 643 diuisum
960 589 1070 656 ito;
1102 589 1388 658 namZmilti
1430 588 1647 658 quidem
1680 588 1819 641 Deus
1847 586 1951 641 hoc

367 681 443 736 ita
481 682 801 744 declaravit,
832 691 1085 751 tanquam
1129 681 1273 753 quod
1303 682 1476 744 adest,
1510 680 1562 735 id
1601 689 1707 745 est,
1747 678 1949 732 factum

368 783 473 829 est.
509 791 530 826 t
564 773 756 828 Testes
802 773 1003 828 adhibe
1058 774 1189 827 mihi
1250 773 1398 827 viros
1442 772 1648 827 ﬁdeles.
1688 788 1709 823 ι
1756 767 1952 825 Testes

369 866 482 931 hic,
517 880 623 920 non
658 867 748 934 qui
792 881 905 919 rem
952 865 1086 920 adeo
1121 874 1484 927 testarentur,
1531 865 1624 918 sed
1670 863 1761 932 qui
1800 863 1950 915 testi-

371 958 513 1013 ﬁcati
566 958 886 1028 sanguinem
946 957 1328 1019 eﬂ‘underent,
1378 957 1657 1016 existima,
1689 974 1707 1006 ι
1761 952 1947 1009 Uriam

371 1050 755 1113 sacerdotem,
820 1058 875 1102 et
926 1047 1248 1103 Zachariam
1324 1048 1491 1102 tilium
1567 1046 1866 1101 Barachite.
1923 1064 1943 1098 ι

371 1137 685 1205 Zacharias,
734 1139 793 1194 in
842 1138 1153 1207 praesentia,
1186 1153 1295 1193 non
1351 1137 1679 1193 Elisabetha:
1717 1139 1946 1191 maritus

372 1238 458 1285 est
486 1229 814 1296 credendus,
847 1230 942 1286 sed
987 1230 1127 1284 alios
1174 1229 1422 1285 Ezechiae
1458 1239 1801 1298 tempestate.
1847 1229 1950 1281 lix-

372 1323 514 1378 stitlt
568 1321 713 1378 enim
767 1333 894 1378 ante
949 1321 1243 1378 Ezechiam
1302 1337 1395 1378 rex
1450 1321 1668 1391 impius,
1729 1321 1950 1375 Davidis

371 1412 597 1479 stirpem
641 1424 863 1484 propter
893 1414 1026 1469 inita
1074 1429 1198 1469 cum
1241 1428 1306 1469 eo
1348 1414 1605 1469 divinitus
1658 1413 1947 1480 promissa,

372 1502 554 1558 delere
598 1506 858 1560 studens:
909 1520 1016 1575 quo
1066 1514 1311 1574 tempore
1356 1506 1513 1562 Urias
1558 1516 1614 1561 et
1654 1504 1950 1560 Zacharias

374 1595 518 1651 nacti
549 1611 714 1650 unum
748 1597 1020 1653 Davidica:
1050 1598 1260 1668 stirpis,
1307 1600 1449 1668 quod
1499 1612 1685 1653 semen
1735 1598 1949 1651 Davidis

373 1696 652 1756 superstes
683 1688 901 1755 vellent,
951 1690 1087 1743 clam
1120 1706 1246 1745 eum
1296 1691 1629 1745 habuerunt.
1670 1689 1786 1754 Quo
1826 1701 1947 1759 post

338 1790 691 1849 -comperto,
749 1780 839 1836 ille
905 1796 1000 1837 eos
1081 1792 1380 1853 martyrum
1451 1782 1618 1837 choro
1679 1758 2024 1836 laureatosB

372 1871 601 1926 addidit.
671 1871 963 1929 Historiam
1032 1890 1097 1929 ex
1159 1875 1365 1945 Regum
1433 1875 1571 1930 libro
1645 1875 1953 1930 accuratius

374 1979 642 2033 cognosce
690 1968 759 2022 ".
819 1985 839 2019 t
890 1967 959 2022 Et
1016 1970 1219 2024 accessi
1283 1969 1348 2023 ad
1405 1967 1844 2038 prophetissam,
1899 1974 1953 2021 et

376 2060 643 2129 concepit,
691 2070 746 2115 et
792 2063 1004 2131 peperit
1034 2061 1227 2117 tilium.
1262 2079 1281 2113 ι
1320 2060 1490 2127 Quam
1540 2061 1776 2132 appellat
1824 2074 1953 2114 vero

375 2152 811 2223 prophetissam?
834 2150 1118 2225 Virginem
1139 2169 1201 2208 ac
1232 2151 1541 2223 Deiparam,
1565 2167 1685 2221 qua:
1710 2152 1946 2206 cecinit:

382 2260 403 2294 ι
455 2243 599 2299 Ecce
661 2244 810 2298 enim
862 2258 925 2299 ex
984 2245 1085 2299 hoc
1140 2246 1354 2299 beatam
1407 2259 1493 2297 me
1539 2242 1721 2297 dicent
1763 2255 1953 2295 omnes

377 2334 797 2403 generationes:
839 2337 970 2405 quia
1010 2334 1142 2391 fecit
1180 2335 1312 2389 mihi
1346 2349 1560 2403 magna,
1597 2332 1689 2402 qui
1736 2342 1950 2402 potens,

376 2437 433 2482 et
462 2438 706 2483 sanctum
753 2446 952 2485 nomen
984 2430 1102 2498 ejus
1132 2431 1204 2485 ".
1246 2449 1265 2484 ι
1311 2430 1450 2485 Ecce
1491 2439 1671 2484 autem
1710 2427 1955 2483 certissi-

380 2536 521 2574 mum
556 2524 772 2576 vatem!
802 2522 978 2592 Supra
1013 2524 1188 2593 inquit
1214 2542 1228 2579 :
1258 2541 1278 2576 t
1312 2522 1450 2577 Ecce
1484 2523 1638 2591 virgo
1663 2519 1971 2589 concipiet,

376 2617 433 2667 et
478 2612 650 2680 pariet
702 2612 891 2680 lilium,
934 2633 952 2666 ›
982 2614 1141 2683 paulo
1166 2622 1284 2683 post
1305 2614 1421 2668 ait:
1465 2630 1485 2665 ι
1516 2622 1571 2667 ει
1602 2614 1875 2680 concepit,
1904 2620 1956 2665 et

379 2705 586 2773 peperit
616 2705 781 2759 tilium
803 2722 852 2773 ς»
888 2705 1213 2774 Quomodo?
1242 2707 1352 2762 illic
1372 2706 1589 2762 omnino
1610 2712 1669 2760 ut
1695 2704 1955 2768 futurum,

381 2793 467 2849 hic
490 2805 548 2849 ut
577 2805 838 2867 certum.t
867 2799 1087 2856 Accessi
1113 2799 1180 2853 ad
1209 2798 1627 2867 prophetissam.
1650 2794 1793 2850 :Hoc
1815 2793 1960 2849 velut

378 2884 446 2938 ab
463 2866 791 2956 archangelti
806 2885 1060 2945 Gabriele
1078 2891 1145 2943 ad
1168 2866 1441 2959 Virginem
1463 2889 1666 2942 dictum
1686 2884 1954 2954 intellige‘;

381 2988 502 3027 nam
533 2978 807 3044 extemplo
844 2977 910 3031 ad
939 2977 1058 3047 ejus
1101 2980 1349 3035 nuntium
1380 2976 1659 3045 explorate
1686 2973 1960 3043 virgineus

379 3071 673 3131 conceptus
701 3063 878 3119 fuerat
907 3074 1155 3121 secutus.

456 3169 476 3205 t
509 3151 577 3207 Et
605 3154 743 3210 dixit
772 3154 1035 3212 Dominus
1071 3158 1137 3210 ad
1171 3168 1297 3210 me:
1332 3155 1476 3211 Voca
1508 3169 1706 3212 nomen
1744 3153 1902 3224 ejus;
1932 3171 1952 3205 ι

379 3252 472 3298 aut
515 3242 837 3313 Christum,
897 3247 1041 3315 quod
1101 3245 1304 3302 Judacis
1356 3259 1576 3301 unctum
1634 3251 1823 3309 notat;
1865 3252 1960 3297 aut

383 3332 728 3404 Emmanuel,
770 3339 915 3409 quod
966 3340 1189 3410 perinde
1238 3347 1342 3402 est,
1381 3353 1445 3392 ac
1486 3339 1530 3392 si
1561 3336 1731 3401 dicas,
1762 3333 1960 3388 Nobis-

381 3441 498 3480 cum
542 3428 702 3497 Deus,
740 3438 835 3485 aut
881 3428 1087 3499 Iesum,
1137 3431 1278 3500 quod
1323 3428 1486 3485 Salus
1538 3427 1804 3482 redditur.
1835 3422 1961 3479 Haec

382 3519 525 3573 enim
562 3522 782 3575 nomina
816 3530 1104 3591 utramque
1134 3522 1338 3578 Christi
1376 3532 1626 3576 naturam
1656 3534 1959 3589 repraesen-

386 3615 518 3661 tant.
570 3607 675 3662 Sed
730 3624 850 3677 qua:
900 3620 1205 3678 sequuntur
1257 3617 1609 3665 scrutemur:
1647 3625 1665 3658 ι
1700 3606 1960 3659 Accelera

384 3698 553 3766 spolia
602 3698 927 3753 detrahere:
958 3699 1174 3755 Festina
1209 3700 1470 3770 pradare.
1500 3716 1520 3751 ι
1555 3696 1664 3751 Hoc
1685 3699 1960 3764 pernicem

388 3790 681 3847 Salvatoris
741 3793 851 3847 vim
911 3794 1174 3848 declarat.
1219 3795 1396 3862 Atque
1479 3791 1532 3846 id
1566 3805 1755 3845 verum
1815 3803 1959 3853 esse,

386 3883 498 3954 ipse
546 3886 681 3940 adeo
733 3896 887 3940 vates
962 3887 1164 3941 nodum
1215 3884 1539 3948 dissolvens,
1594 3883 1710 3937 ait:
1752 3899 1771 3931 ι
1824 3879 1962 3947 Quia

386 3987 670 4047 antequam
725 3977 860 4032 sciat
921 3992 1053 4048 puer
1128 3992 1328 4032 vocare
1418 3984 1627 4044 patrem
1694 3989 1852 4028 suum
1910 3982 1967 4026 et

391 4082 618 4126 matrem
672 4087 849 4138 suam,
905 4070 1136 4141 accipiet
1197 4069 1573 4125 fortitudinem
1626 4065 1903 4120 Damasci.
1940 4081 1959 4115 ι

396 4167 580 4225 Videte
626 4171 903 4239 prophetae
940 4184 1105 4239 super
1148 4183 1316 4239 puero
1363 4173 1679 4222 accuratam
1732 4162 1965 4229 diligen-

394 4262 561 4317 tiam:
591 4262 859 4333 siquidem
905 4277 1014 4317 non
1050 4262 1209 4324 dixit,
1236 4259 1557 4328 Priusquam
1597 4255 1762 4311 sciret
1802 4252 1963 4308 Chri-

391 4364 526 4419 stus,
579 4364 675 4411 aut
724 4351 911 4420 Jesus,
959 4361 1053 4407 aut
1103 4350 1444 4417 Emmanuel,
1503 4362 1623 4418 qua:
1678 4355 1966 4412 utrumque

2055 507 2323 563 universa:
2359 508 2541 579 procul
2575 519 2756 563 terra‘.
2794 525 2813 557 ι
2844 504 2913 561 lis
2965 502 3125 557 Verbi
3165 500 3256 555 Dei
3313 498 3378 553 ad
3422 497 3629 551 inferos

2052 600 2395 666 descensum,
2425 607 2477 653 et
2510 598 2806 667 evangelici
2840 594 3094 665 praeconii
3127 589 3395 661 signiﬁcat
3430 602 3626 657 propa-

2050 689 2367 758 gationem;
2405 693 2472 745 ita
2497 690 2641 744 enim
2671 701 2723 743 et
2750 689 3006 744 Servatur
3044 699 3193 738 mens
3244 683 3295 736 in
3332 678 3627 747 Evangelio

2056 780 2331 849 loquitur:
2373 800 2392 833 t
2430 781 2820 836 Prtedicahitur
2859 780 2963 833 hoc
3001 773 3353 843 Evangelinm
3387 771 3537 840 regni
3571 770 3626 822 in

2057 875 2312 929 universo
2343 874 2474 928 orbe
2520 875 2573 928 in
2610 873 2976 928 testimonium
3028 868 3281 923 omnibus
3328 864 3625 934 gentibus:

2051 974 2105 1021 et
2143 975 2270 1020 tunc
2299 968 2481 1021 veniet
2510 965 2910 1021 consummatio
2928 964 2995 1018 “.
3024 982 3040 1014 ι
3074 992 3142 1003 —
3173 980 3192 1013 ‹
3226 953 3623 1013 Confortamini

2050 1068 2104 1112 et
2136 1058 2439 1113 vincimini.
2479 1077 2495 1109 ι
2533 1058 2834 1123 D:emones,
2875 1055 3073 1123 inquit,
3103 1052 3275 1122 quiin
3314 1064 3413 1103 nos
3449 1046 3627 1102 homi-

2052 1164 2149 1203 nes
2198 1159 2519 1219 potestatem
2553 1149 2823 1204 exercetis
2863 1147 2933 1203 ob
2979 1158 3281 1215 peccatum,
3319 1145 3629 1209 prottigabt-

2050 1241 2180 1296 miui
2224 1242 2343 1311 ejus
2372 1241 2602 1307 viribus,
2643 1242 2731 1311 qui
2785 1255 2884 1307 pro
2944 1238 3100 1292 nobis
3151 1236 3465 1289 incarnatus
3516 1238 3624 1284 est.

2050 1334 2205 1402 Quod
2252 1336 2445 1390 iterum
2509 1335 2633 1389 victi
2674 1333 3005 1403 conﬂigatis,
3038 1341 3099 1385 ut
3153 1329 3286 1383 estis
3338 1323 3628 1395 impuden-

2051 1426 2281 1493 tissimi;
2339 1436 2394 1480 at
2455 1427 2652 1481 iterum
2721 1425 2956 1492 denique
3023 1415 3474 1491 proﬂigabimini,
3530 1428 3629 1483 per

2050 1517 2247 1572 Christi
2291 1518 2745 1573 resurrectionem
2793 1514 3074 1587 prostrati.
3128 1511 3263 1565 Nam
3311 1508 3533 1563 Christo
3571 1504 3627 1559 in

2009 1667 2016 1674 ,
2051 1608 2216 1662 vitam
2249 1608 2519 1670 restituto,
2562 1624 2663 1661 non
2690 1607 2803 1676 jam
2833 1608 3082 1675 deinceps
3120 1617 3266 1657 mors
3291 1599 3621 1661 dominatur,

2053 1708 2107 1753 et
2156 1709 2441 1768 prostratae
2475 1701 2780 1754 daemonum
2817 1700 2985 1766 c0pia:
3034 1706 3180 1751 sunt.
3214 1694 3400 1747 Potest
3448 1699 3627 1744 autem

2054 1790 2105 1844 id
2132 1805 2348 1860 quoque
2374 1790 2444 1846 de
2489 1791 2839 1846 sensibilibns
2875 1790 3124 1860 gentibus
3157 1787 3234 1840 sic
3281 1784 3472 1852 accipi,
3499 1780 3628 1850 quin

2053 1891 2106 1934 et
2147 1883 2210 1935 ad
2250 1882 2524 1936 Christum
2579 1881 2792 1943 referri,
2840 1895 2999 1949 quem
3044 1891 3206 1947 saepe,
3244 1888 3303 1931 ut
3354 1873 3627 1930 hominem

2055 1975 2279 2044 petitum
2316 1972 2563 2029 diabolus
2595 1975 2813 2029 tandem
2848 1972 3017 2027 Deum
3048 1978 3261 2030 nactus,
3294 1964 3551 2020 concidit.

2125 2065 2260 2121 luite
2314 2066 2599 2122 consilium
2662 2063 3005 2135 quantumvis
3068 2070 3256 2115 contra
3306 2056 3623 2113 Christum:

2054 2160 2404 2228 quantumvis
2462 2159 2604 2212 enim
2663 2172 2886 2212 avarum
2937 2154 3130 2210 .lndam
3192 2148 3451 2219 aggressi,
3501 2160 3626 2200 cum

2056 2251 2436 2321 arrogantibus
2480 2265 2542 2305 ac
2576 2249 2829 2320 snperbis
2880 2247 3072 2301 scribis
3122 2252 3176 2297 et
3224 2236 3627 2311 legecousnltis,

2056 2343 2405 2411 quantumvis
2444 2358 2565 2397 cum
2613 2344 2768 2396 Anna
2804 2349 2859 2394 et
2887 2338 3109 2406 Caipha,
3144 2332 3384 2389 scelestis
3412 2326 3629 2398 pontiﬁ-

2058 2432 2213 2487 cibus
2244 2447 2307 2487 ae
2341 2432 2575 2501 denique
2609 2447 2729 2486 cum
2758 2428 2965 2484 Herode
3000 2441 3052 2481 et
3081 2425 3271 2487 Pilato,
3317 2418 3497 2476 elIeris
3541 2426 3626 2470 at-

2059 2540 2165 2594 que
2210 2524 2524 2578 inhumanis
2572 2523 2906 2594 principibus
2950 2516 3295 2586 conspiretis,
3339 2510 3631 2565 consilium

2063 2626 2299 2671 vestrum
2331 2616 2594 2669 Dominus
2630 2613 2771 2668 Deus
2804 2610 3078 2672 dissolvet,
3114 2607 3164 2660 id
3207 2614 3313 2668 est,
3345 2599 3635 2656 frustrabi-

2063 2717 2171 2773 tur,
2201 2716 2255 2759 et
2288 2707 2609 2775 impotentes
2634 2718 2698 2757 ac
2728 2701 2994 2757 inVaIidos
3018 2713 3113 2752 vos
3139 2694 3410 2752 ostendet.
3442 2709 3461 2743 ι
3496 2689 3636 2744 Con-

2062 2798 2241 2852 silium
2273 2796 2664 2865 dissipabitur:
2690 2793 2968 2863 loquimini
2995 2790 3236 2852 verbum,
3257 2796 3310 2840 et
3338 2798 3449 2839 non
3481 2782 3625 2836 ﬁet»

2062 2888 2118 2944 ld
2169 2889 2328 2957 quale
2375 2889 2475 2954 sit,
2524 2887 2665 2941 scire
2722 2894 2964 2949 aventes,
2998 2880 3277 2934 Matthzeus
3316 2874 3634 2945 publicanus

2064 2981 2298 3043 docebit,
2330 2980 2485 3047 cujus
2514 2993 2545 3032 e
2592 2992 2749 3032 sacro
2794 2973 3085 3043 Evangelia
3118 2972 3230 3025 haec
3269 2976 3397 3022 sunt
3425 2964 3630 3019 verba:

1987 3088 2029 3147 (ς
2069 3091 2087 3125 t
2128 3073 2309 3127 Altera
2347 3083 2526 3125 autem
2561 3071 2664 3132 die,
2704 3075 2939 3137 quaeest
2972 3071 3089 3133 post
3112 3061 3468 3122 Parasceven,
3504 3069 3638 3110 con-

2065 3172 2331 3217 venerunt
2386 3162 2655 3231 principes
2715 3157 3085 3219 sacerdotum,
3135 3161 3191 3205 et
3246 3146 3507 3204 Pharisaei
3565 3143 3634 3199 ad

2062 3255 2318 3319 Pilatum,
2351 3254 2635 3308 dicentes:
2669 3249 2914 3313 Domine,
2949 3242 3221 3302 recordati
3266 3252 3472 3299 sumus,
3513 3232 3638 3303 quia

2062 3348 2316 3404 seductor
2352 3346 2439 3401 ille
2492 3346 2628 3400 dixit
2680 3343 2858 3397 adhuc
2911 3340 3149 3394 vivens:
3190 3334 3320 3389 Post
3369 3339 3478 3384 tres
3519 3325 3638 3381 dies

1996 3502 2001 3509 ,
2062 3455 2364 3509 resurgam.
2394 3438 2531 3493 Jube
2566 3450 2697 3505 ergo
2724 3431 2987 3490 custodiri
3036 3427 3345 3497 sepulcrum
3382 3434 3552 3489 usque
3583 3418 3637 3470 in

2063 3533 2205 3587 diem
2247 3533 2489 3597 tertium,
2522 3544 2586 3584 ue
2648 3529 2786 3583 forte
2836 3524 3057 3579 veniant
3105 3516 3353 3588 discipuli
3404 3514 3542 3584 ejus,
3583 3515 3639 3563 et

2064 3626 2315 3682 furentur
2376 3641 2496 3679 eum
2523 3665 2537 3689 ,
2568 3633 2623 3678 et
2674 3623 2857 3677 dicant
2909 3618 3092 3689 plebi:
3130 3611 3381 3669 Surrexit
3419 3624 3448 3661 a
3494 3619 3643 3660 mor-

2067 3718 2216 3773 tuis:
2263 3725 2319 3772 et
2348 3717 2471 3773 erit
2522 3713 2848 3768 novissimus
2900 3724 3055 3765 error
3103 3704 3255 3776 pejor
3303 3700 3481 3772 priore
3509 3697 3575 3749 ’⁸.
3614 3711 3635 3744 ι

2065 3808 2178 3864 Hoc
2214 3809 2376 3879 igitur
2420 3807 2705 3861 consilium
2752 3811 2806 3857 et
2855 3803 3132 3857 decretum
3177 3797 3315 3851 Deus
3360 3787 3639 3846 diSsolvet.

2066 3900 2347 3971 Siquidem
2385 3916 2403 3949 t
2441 3897 2732 3952 Nobiscum
2781 3895 2941 3947 Deus.
2974 3911 2993 3944 ι
3032 3888 3321 3945 Nobiscum
3371 3883 3513 3936 Deus
3556 3888 3643 3933 est

2065 3993 2135 4048 ab
2196 3989 2507 4045 Abrahamo
2558 4001 2655 4058 per
2713 3985 3024 4055 prophetas,
3071 3993 3238 4048 usque
3290 3977 3355 4029 ad
3408 3971 3641 4028 Ctesaris

2066 4082 2291 4152 Augusti
2340 4093 2603 4139 censum;
2643 4076 2920 4130 nobiscum
2955 4078 3036 4126 est
3063 4071 3119 4125 in
3165 4072 3439 4133 assumpta
3474 4075 3639 4118 carne

2067 4184 2419 4230 conversans,
2452 4181 2626 4235 usque
2656 4167 2721 4219 ad
2756 4166 3071 4217 descensum
3118 4173 3184 4212 ac
3233 4167 3537 4225 regressum
3573 4164 3640 4203 ex

2069 4261 2296 4319 inferis:
2329 4260 2613 4314 nobiscum
2646 4271 2816 4325 usque
2840 4252 2908 4308 ad
2929 4250 3245 4307 saeculorum
3272 4248 3453 4307 tinem,
3483 4252 3645 4310 atque

2071 4358 2125 4412 in
2153 4370 2367 4411 omnem
2390 4350 2821 4425 perpetuitatem.
2861 4344 2977 4400 Hoc
3010 4343 3155 4397 enim
3202 4336 3473 4407 signiﬁcat
3505 4343 3584 4389 ter
3612 4346 3644 4386 a

393 4455 612 4513 ηοῐειιῑὶ
644 4446 760 4512 θεά,
798 4462 817 4496 ⁸
869 4418 1050 4511 pne";
1091 4462 1110 4497 ³
1163 4459 1285 4498 nam
1337 4440 1635 4497 θεοιιηάυηι
1685 4445 1961 4505 exPerlem
1996 4418 2040 4475 θ
2071 4450 2331 4519 propheta
2363 4418 2723 4512 usurpatum:
2756 4457 2774 4490 ι
2806 4436 3118 4491 Nobiscum.
3156 4450 3175 4485 ι
3210 4430 3413 4484 Scitote
3434 4433 3644 4496 gentes,

391 4538 647 4607 temporis
707 4547 977 4599 naturam,
1026 4545 1110 4590 est
1170 4536 1310 4590 Deus
1378 4532 1569 4596 fortis,
1635 4536 1962 4599 praepotens,

392 4630 652 4700 Princeps
684 4630 856 4701 pacis,
886 4626 1051 4685 Pater
1081 4629 1181 4683 aevi
1216 4626 1383 4681 futuri
1415 4642 1430 4679 :
1477 4624 1772 4679 secundum
1822 4629 1963 4674 tem-

391 4723 651 4792 poralem,
699 4732 861 4778 natus
894 4738 962 4777 ex
1013 4721 1233 4788 Virgine
1303 4718 1465 4783 Puer,
1511 4713 1761 4768 Damasci
1809 4725 1964 4778 opes,

393 4817 761 4888 Samariaaqne
793 4816 965 4885 spolia
1020 4813 1240 4882 recipiet
1270 4810 1340 4866 ab
1370 4807 1604 4879 Assyriae
1632 4817 1780 4874 rege.
1810 4799 1963 4867 Quod

389 4907 746 4976 comprobaus
762 4917 938 4971 vates,
967 4906 1115 4959 addit
1132 4922 1151 4954 ι
1171 4901 1461 4956 Nobiscum
1493 4900 1630 4952 Deus
1654 4914 1668 4952 :
1700 4914 1718 4947 ι
1742 4893 1964 4949 Scilicet

390 4997 889 5070 supratemporalis,
920 5000 989 5051 'et
1026 4978 1367 5064 omnipotens
1401 4994 1570 5055 Deus;
1603 5004 1724 5043 cum
1750 4999 1964 5054 semper

391 5090 613 5160 Virgine
636 5090 830 5155 Maria,
853 5105 917 5145 ac
954 5103 1049 5160 per
1069 5103 1187 5143 eam
1215 5085 1519 5141 nobiscum.
1554 5100 1574 5135 ι
1601 5078 1961 5148 Quamobrem

389 5183 583 5238 scitote
617 5193 826 5251 gentes,
854 5191 908 5236 et
939 5177 1236 5235 vincimini.
1272 5194 1291 5229 ι
1332 5175 1533 5232 Gentes
1564 5170 1817 5242 appellat,
1852 5182 1961 5223 non

389 5292 512 5345 quae
543 5276 816 5331 Christum
852 5280 1105 5335 adorant,
1136 5279 1300 5340 atque
1335 5277 1684 5329 venerantur,
1711 5272 1767 5319 et
1794 5262 1962 5316 Deum

392 5369 721 5423 conﬁtentur
784 5381 849 5422 ac
919 5362 1343 5425 concelebrant,
1396 5373 1517 5429 qua:
1578 5372 1645 5411 ex
1714 5356 1965 5424 gentibus

389 5461 633 5517 Ecclesia
686 5471 790 5525 est,
843 5459 934 5513 sed
970 5472 1090 5527 qua:
1133 5454 1186 5508 in
1235 5453 1499 5509 idolorum
1534 5447 1711 5503 cultus
1757 5445 1964 5500 scelere

390 5564 731 5623 permanent.
788 5553 918 5606 Nam
979 5564 1058 5604 cae
1106 5549 1320 5601 demum
1374 5540 1726 5614 proﬂiganda:
1775 5547 1963 5608 gentes

461 5725 508 5757 "
540 5723 581 5778 ll
613 5722 714 5777 Ρ.ιι·
756 5729 784 5777 t.
821 5738 949 5778 xxiv
973 5739 988 5789 ;
1015 5733 1068 5778 et
1099 5719 1166 5777 IV
1197 5721 1327 5791 Reg.
1355 5732 1433 5773 ιι.

2067 4514 2211 4611 quod
2240 4538 2520 4593 nobiscum
2553 4534 2696 4588 Deus
2724 4539 2809 4587 est
2834 4546 2848 4585 :
2887 4527 3134 4592 «Audite,
3165 4524 3431 4579 universa:
3455 4514 3643 4588 procul

2069 4642 2250 4698 terrae,
2286 4630 2413 4700 quia
2445 4626 2724 4683 nobiscum
2758 4622 2896 4677 Deus
2926 4630 3051 4685 est;
3092 4613 3372 4686 loquimini
3387 4614 3643 4674 verbum,

2072 4732 2128 4779 et
2154 4738 2259 4777 non
2291 4722 2401 4786 lict,
2436 4719 2560 4789 quia
2593 4716 2885 4771 Nobiscum
2916 4711 3080 4766 Deus.
3117 4728 3135 4761 ι

2148 4814 2286 4881 Quid
2315 4788 2562 4882 agimus?
2594 4808 2835 4862 haeccine
2862 4804 3131 4874 disputata
3164 4799 3424 4853 hactenus
3452 4794 3519 4849 de
3553 4788 3646 4845 Dei

2070 4906 2193 4962 Filii
2224 4903 2595 4960 incarnatione
2628 4900 2761 4956 satis
2789 4905 2936 4962 sunt,
2962 4911 3028 4949 an
3053 4893 3207 4963 plura
3236 4904 3451 4960 quoque
3480 4883 3647 4939 vultis

2072 4996 2371 5056 disseram?
2388 4995 2680 5050 Enimvero
2706 5004 2881 5062 neque
2901 5003 3000 5060 ego
3025 4989 3175 5057 plura
3201 4985 3396 5038 addere
3420 4978 3644 5048 possim,

2071 5099 2173 5141 nec
2208 5098 2305 5140 vos
2342 5083 2607 5151 accipere.
2638 5079 2779 5148 Quin
2818 5079 3071 5133 adderem
3115 5074 3294 5144 plura,
3327 5071 3371 5126 si
3404 5069 3647 5134 disputa-

2074 5174 2211 5230 tioni
2262 5172 2506 5228 addictos
2560 5182 2861 5225 cernerem.
2908 5166 3015 5221 Sed
3078 5162 3333 5234 quoniam
3382 5153 3645 5213 orationis

2073 5266 2299 5321 satietas
2325 5262 2541 5316 inimica
2567 5270 2671 5327 est,
2698 5274 2806 5313 non
2826 5256 3149 5327 dicentibus,
3171 5250 3262 5305 sed
3281 5244 3639 5310 auditoribus,

2072 5354 2341 5419 sufﬁcere,
2362 5353 2574 5420 opinor,
2606 5366 2728 5421 quae
2760 5348 3033 5404 diximus:
3069 5362 3087 5395 t
3123 5341 3199 5395 Ne
3227 5340 3367 5395 ultra
3401 5335 3633 5399 Gades,t

2073 5445 2214 5514 quod
2266 5444 2440 5508 aiunt,
2488 5439 2737 5507 trajicere
2785 5448 3063 5493 conemur.
3105 5430 3274 5501 Igitur
3312 5429 3380 5484 ad
3426 5425 3530 5480 alia
3560 5434 3645 5481 est

2075 5537 2483 5593 transeundum.

1532 5714 1579 5748 "
1602 5714 1718 5771 Luc
1768 5729 1809 5782 t,
1840 5713 1930 5782 68,

2129 5715 2175 5749 οδ
2204 5712 2394 5769 Matth.
2427 5725 2578 5781 xxiv,
2601 5707 2694 5763 24.
2767 5705 2816 5739 ’⁸
2840 5701 3042 5779 Matth.
3082 5715 3262 5770 xxvtt,
3284 5698 3379 5767 26,
3406 5693 3505 5756 65.
