4044 6474
319 379 431 445 359

834 481 1064 540 CAPUT
1106 475 1374 535 XXXVII.

354 604 521 661 Deum
549 601 810 656 hominem
839 598 956 668 ﬁeri
989 595 1235 658 voluisse,
1262 602 1310 644 et
1339 589 1402 643 de
1426 587 1585 654 stirpe
1623 583 1859 638 Davidis.

391 716 513 771 Jun.
567 711 921 767 Descenderit
984 723 1116 762 sane
1172 705 1388 759 coalitus
1452 701 1545 756 Dei
1599 698 1789 763 Filius,
1849 705 1902 751 et

323 804 598 862 incarnat'i
660 799 1017 863 sustinuerit;
1089 797 1231 851 unde
1292 803 1472 847 autem
1539 797 1781 854 constat,
1833 801 1901 841 ex

324 894 620 951 Abrahami
672 900 727 947 et
780 888 1000 944 Davidis
1049 885 1256 941 semine
1306 881 1584 937 hominem
1638 876 1753 931 fieri
1811 890 1905 930 vo-

326 986 537 1041 luisse?

399 1079 623 1132 Cumsr.
656 1073 731 1127 Ex
763 1072 979 1142 Josephi
1009 1068 1339 1140 genealogia.

401 1167 525 1223 Jun.
560 1168 624 1220 Et
654 1165 1006 1234 quamobrem
1047 1161 1205 1230 Virgo
1238 1157 1505 1214 recensita
1544 1170 1650 1210 non
1678 1162 1782 1216 est,
1815 1150 1908 1205 sed

329 1256 648 1326 Josephns?
685 1256 819 1308 Nam
861 1255 905 1306 si
962 1252 1265 1308 secundum
1323 1250 1613 1303 humanam
1664 1252 1909 1299 naturam

333 1368 402 1408 ex
439 1351 657 1419 Virgine
704 1347 954 1402 Christus
993 1353 1097 1408 est,
1145 1359 1212 1399 ex
1255 1341 1492 1410 Josepbo
1530 1349 1710 1394 autem
1766 1335 1914 1390 nullo

338 1444 499 1499 modo
547 1440 659 1508 (qui
692 1439 907 1509 quidem
964 1450 1237 1506 sponsus,
1292 1449 1397 1489 non
1444 1430 1670 1486 maritus
1706 1428 1915 1498 fuerit),

338 1550 440 1591 cur
475 1533 616 1587 illius
644 1531 820 1600 potius
846 1529 1172 1596 descriptum
1215 1540 1385 1595 genus
1412 1522 1533 1579 est?
1558 1519 1729 1593 Igitur
1759 1519 1804 1575 si
1849 1534 1915 1573 ex

341 1626 597 1681 Davidiea
650 1624 791 1679 tribu
826 1619 1102 1692 Virginem
1155 1619 1313 1674 nobis
1362 1617 1726 1677 demonstras,
1775 1611 1921 1666 hunc

344 1719 521 1787 ipsum
588 1730 775 1770 verum
851 1727 973 1768 esse
1052 1712 1333 1767 Christum
1419 1707 1801 1770 admittimus,
1869 1710 1922 1757 et

1549 352 1975 420 ANDIIONICI
2009 347 2357 413 COMNENI

1929 467 1976 525 Α
2007 463 2343 534 cognomine.
2382 459 2429 514 Is
2465 457 2516 511 in
2553 454 2831 527 Virginem
2877 451 3277 512 debacchatus,
3312 447 3391 501 sic
3418 446 3585 500 hahe-

3478 334 3584 395 $8".

2006 555 2139 610 bat:
2177 571 2195 603 ι
2230 552 2367 618 Quid
2404 559 2686 615 tantopere
2718 544 2941 599 Mariam
2969 540 3241 597 extollunt
3268 538 3583 597 Christiani.

2007 645 2332 702 Cherubinis
2373 641 2767 710 augustiorem,
2799 635 3119 705 Seraphinis
3164 633 3280 687 sine
3308 645 3586 697 compara-

2012 738 2156 790 tione
2216 734 2548 804 digniorem,
2612 731 2769 785 cmlis
2849 727 3262 793 sublimiorem,
3319 720 3587 776 sol-aribus

2010 830 2178 884 radiis
2208 829 2479 898 puriorem
2522 821 2900 894 appellantes?
2930 818 3210 886 Siquidem
3267 815 3465 868 femina
3510 820 3592 864 est

2013 921 2285 978 Davidicze
2336 918 2545 988 gentis,
2601 918 2751 968 Anna
2815 919 3007 975 matre,
3053 907 3336 963 Joachimo
3370 910 3592 973 parente

2015 1024 2177 1076 nata,
2219 1011 2310 1081 qni
2363 1008 2618 1065 Pantheri
2667 1005 2769 1059 fuit
2818 1004 2977 1056 filius.
3012 997 3254 1053 Panther
3297 1004 3349 1049 et
3397 992 3586 1047 MBICIII

2016 1105 2236 1167 fratres,
2271 1101 2363 1155 filii
2411 1100 2536 1155 Levi
2569 1097 2757 1166 stirpis
2801 1093 3070 1151 Matthan,
3106 1090 3190 1142 cui
3228 1087 3396 1141 David
3441 1096 3596 1153 pater

2017 1208 2081 1247 ex
2139 1192 2276 1244 tribu
2328 1189 2487 1243 Juda.
2528 1205 2546 1238 ι
2583 1186 2755 1256 Igitur
2804 1183 3061 1238 defuncto
3113 1176 3352 1231 Matthau
3401 1172 3593 1226 Jacobi

2020 1293 2194 1355 patre,
2231 1280 2421 1334 Melrhi
2454 1276 2747 1331 Matthanis
2794 1288 2981 1337 uxore,
3016 1268 3202 1326 Jacobi
3234 1276 3408 1321 matre
3437 1264 3598 1316 vidua

2022 1374 2184 1427 ducta
2216 1413 2231 1437 ,
2272 1387 2351 1426 .ex
2394 1385 2455 1425 ea
2500 1370 2637 1424 Elim
2687 1366 2908 1422 sustulit
2963 1405 2978 1430 ,
3008 1364 3081 1418 ita
3135 1368 3291 1415 erant
3343 1356 3511 1412 Jacob
3550 1363 3606 1409 et

2022 1468 2101 1522 Eli
2136 1465 2358 1532 uterini,
2410 1478 2514 1520 non
2563 1462 2805 1534 germani
2842 1448 3056 1513 fratres.
3112 1455 3192 1509 Eli
3225 1467 3366 1507 anno
3414 1449 3605 1519 quinto

2024 1566 2079 1609 et
2107 1553 2520 1625 quadragesimo
2542 1550 2857 1607 sineliberis
2869 1547 3164 1611 exsdncto,
3186 1540 3356 1599 Jacob
3381 1551 3605 1594 uxorem

2027 1650 2107 1705 Eli
2130 1650 2273 1719 (jam
2313 1644 2576 1701 defuncti)
2606 1645 2724 1715 lege
2764 1641 2938 1703 duxit,
2980 1652 3165 1694 semen
3214 1634 3369 1688 fratri
3402 1631 3610 1686 excita-

2033 1751 2205 1805 turus,
2232 1738 2341 1808 ‘qui
2380 1753 2445 1794 ex
2479 1752 2542 1791 ea
2592 1735 2761 1790 tilium
2808 1730 3102 1801 Josephum
3145 1727 3354 1799 genuit,
3398 1723 3607 1793 prolem

346 1806 939 1905 VirginettrDeipifl‘am
985 1804 1242 1905 fatemur.
1292 1800 1513 1905 Davidis
1544 1798 1695 1905 enim
1970 1825 2009 1880 Β
2039 1793 2234 1886 natura
2265 1793 2369 1885 sibi
2403 1828 2711 1905 quaes'yam,
2749 1825 2865 1893 lege
2901 1793 3004 1877 Eli.
3054 1793 3230 1874 Fuere
3281 1814 3447 1887 igitur
3478 1813 3615 1866 Pan-

349 1916 580 1972 persona
616 1900 682 1954 de
709 1913 769 1954 ea
801 1897 915 1952 haec
940 1907 1067 1950 sunt
1098 1895 1263 1950 verba
1296 1913 1310 1949 :
1346 1912 1365 1947 t
1398 1890 1589 1947 Omnis
1614 1888 1785 1961 gloria
1810 1884 1930 1954 ejus

354 1994 663 2075 filiae_regis
713 1992 781 2047 ab
831 1992 976 2046 intus
1012 1991 1081 2044 ".
1117 2009 1135 2043 ι
1174 1988 1242 2044 Εῑ
1271 1996 1396 2059 post
1448 2000 1659 2057 pauca:
1703 2001 1722 2034 ε
1756 1980 1940 2036 Addu-

351 2068 545 2141 ccntur
577 2084 689 2154 regi
728 2082 966 2151 virgines
1010 2088 1131 2151 post
1177 2095 1320 2142 eam,
1355 2076 1616 2147 proximae
1656 2072 1776 2143 ejus
1803 2068 1938 2124 olfe-

352 2185 543 2232 reutur
572 2176 752 2231 tibi".
785 2194 803 2223 ι
848 2173 944 2227 Sin
970 2188 1035 2228 ex
1066 2171 1286 2241 Josephi
1317 2171 1578 2224 duntaxat
1605 2160 1940 2236 genealogia,

357 2280 469 2324 tum
510 2270 708 2324 Davide
735 2277 913 2322 ortum
946 2283 1052 2321 non
1081 2264 1445 2320 admittimus.

431 2358 659 2415 Cunts'r.
693 2358 856 2412 Aiunt
894 2359 1192 2426 sapientes,
1234 2375 1254 2409 ‹
1292 2353 1596 2422 simplicem
1642 2365 1763 2405 esse
1802 2347 1948 2403 veri-

361 2452 491 2506 tatis
506 2449 833 2507 orationem.
860 2467 879 2502 ι
916 2449 1103 2519 Itaque
1125 2449 1168 2504 si
1197 2446 1370 2502 avetis
1386 2460 1484 2499 vos
1505 2458 1718 2514 quoque
1738 2450 1946 2497 eertum

364 2557 730 2614 cognoscere,
785 2542 1086 2611 simplicem
1140 2540 1431 2594 veritatem
1474 2536 1766 2592 admittite.
1815 2532 1952 2587 Nam

368 2635 718 2704 vitilitigatori
745 2632 982 2688 studium
1012 2640 1096 2687 est
1117 2647 1214 2700 per
1235 2644 1448 2686 omnem
1474 2630 1641 2683 vitam
1664 2625 1950 2687 dissidere,

368 2726 687 2783 inimicitias
741 2724 1012 2793 amplecti.
1049 2724 1120 2778 At
1170 2723 1281 2777 veri
1328 2722 1647 2786 studiosus,
1691 2726 1952 2786 tanquam

369 2818 605 2884 lancem,
634 2816 1023 2884 conscientiam
1053 2830 1205 2870 suam
1237 2815 1305 2869 iis
1333 2827 1451 2881 qua:
1485 2811 1760 2869 dicuntur,
1796 2808 1954 2862 adhi-

370 2908 507 2964 bens
523 2923 726 2978 aequam
751 2880 887 2979 (5‘2I,
905 2922 1007 2961 non
1027 2906 1205 2960 omnia
1227 2880 1466 2974 improbe
1487 2904 1646 2974 gestit
1672 2901 1953 2965 vincere”,

373 3001 473 3056 sed
499 3011 582 3055 est
614 3000 702 3054 ubi
730 3009 787 3055 et
807 2998 955 3055 vinci
987 2999 1148 3053 facile
1184 2999 1441 3068 patiatur.
1478 2996 1646 3065 Igitur
1676 3002 1795 3048 erat
1818 2994 1957 3061 apud

375 3104 493 3156 vos,
526 3089 670 3159 quod
698 3088 985 3158 perspicue
1013 3089 1187 3153 scitis,
1210 3087 1318 3153 lex,
1348 3101 1458 3142 sua:
1489 3100 1758 3155 quemque
1786 3083 1957 3138 tribus

2042 1925 2164 1977 thcr
2191 1930 2243 1975 et
2272 1918 2465 1974 Melchi
2500 1917 2698 1972 fratres
2725 1955 2740 1981 ,
2769 1914 2899 1969 Levi
2935 1912 3029 1966 lilii
3082 1909 3165 1980 (ut
3208 1915 3485 1963 ostensum
3531 1909 3619 1957 est

2043 2010 2354 2065 auctoribus
2406 2004 2671 2077 Hebraeis)
2727 2003 2916 2057 afﬁnes
2966 1998 3231 2056 Joachimi
3272 2013 3286 2051 :
3337 2003 3399 2048 ut
3447 1990 3618 2047 Maria

2043 2103 2307 2159 Joachimi
2350 2100 2514 2156 fuerit
2559 2098 2699 2163 lilia,
2731 2094 2968 2164 Josepho
3011 2091 3273 2147 collocata
3321 2084 3617 2142 secundum

2047 2197 2184 2250 duas
2228 2195 2448 2264 stirpes,
2490 2189 2785 2244 Matthanis
2817 2197 2977 2255 atque
3017 2181 3345 2245 Salomonis,
3386 2187 3617 2247 paterno

2050 2300 2248 2356 genere
2290 2283 2533 2348 Davidis,
2567 2292 2816 2343 materno
2867 2275 3054 2333 Jacobi
3081 2270 3414 2335 consobrini,
3449 2267 3624 2338 patris

2050 2378 2297 2435 Juachim
2328 2373 2524 2430 afﬁnis.

2125 2472 2372 2524 flabebat
2411 2467 2553 2522 idem
2602 2463 2739 2518 liber
2781 2468 2835 2515 et
2861 2457 3084 2527 Josephi
3136 2451 3529 2525 genealogiam,
3577 2447 3629 2501 ei

2054 2567 2346 2639 geminam,
2374 2575 2495 2630 quae
2539 2560 2594 2613 in
2642 2570 2799 2612 sacro
2830 2550 3067 2629 Matthaai
3100 2546 3401 2617 Evangelia
3429 2543 3637 2598 descri-

2056 2631 2146 2730 pta
2177 2667 2282 2711 est.
2315 2654 2582 2710 Craterum
2626 2648 2830 2712 aiebat,
2856 2642 3114 2711 habuisse
3149 2636 3445 2705 Josephum
3494 2631 3636 2686 filios

2057 2724 2290 2818 quatuor
2337 2759 2404 2799 ex
2452 2753 2623 2794 uxore
2673 2734 2927 2797 Salome,
2982 2728 3281 2791 Jacobum,
3333 2724 3634 2782 Simonem,

2057 2815 2253 2896 Judam
2299 2845 2353 2891 et
2411 2830 2613 2896 Josen;
2665 2827 2805 2882 tilias
2853 2834 2981 2888 tres,
3027 2821 3246 2896 Esther,
3287 2815 3525 2870 Thamar
3582 2819 3642 2864 et

2062 2894 2299 2993 Salome,
2335 2940 2454 2993 quae
2497 2894 2758 2977 Zebedazo
2804 2914 3025 2984 eoujux,
3063 2894 3323 2965 Jacobum
3369 2914 3424 2961 et
3473 2916 3644 2957 evan-

2062 3025 2311 3091 gelistam
2340 3015 2601 3072 Joannem
2628 3009 2820 3067 edidit.
2855 3007 2984 3060 Erat
3029 3011 3209 3057 autem
3248 2997 3466 3066 Josephi
3504 3007 3646 3048 uxor

2061 3086 2243 3188 ngazi
2295 3113 2442 3178 tilia,
2502 3107 2687 3164 fratris
2742 3100 3023 3157 Zacharia:
3079 3093 3416 3153 sacerdotis,
3474 3086 3648 3158 patris

378 3191 540 3275 atqu?
574 3180 788 3252 generis
829 3195 1083 3275 sponsam
1129 3193 1371 3275 capere:
1397 3193 1501 3275 4}”
1535 3192 1592 3231 re
1621 3191 1686 3230 ex
1722 3174 1958 3275 3'“'_"‘_‘s
1984 3158 2026 3215 Ο
2060 3158 2961 3275 ἓῖξῐᾷίξῶιζιὶέίτὲἰθεὴθικίδε
3001 3200 3058 3248 et
3095 3189 3323 3259 Aggmus
3365 3180 3649 3237 Barachia:

376 3273 573 3329 vestris
626 3286 795 3342 usque
841 3274 907 3328 ad
943 3282 1264 3343 praesentem
1315 3270 1591 3328 Christum
1646 3266 1961 3338 genealogia

380 3366 711 3437 suppeditat.
739 3366 874 3421 Nam
909 3365 966 3421 ni
991 3365 1044 3421 id
1075 3367 1166 3429 sit,
1197 3365 1290 3435 qui
1318 3373 1566 3434 poterant
1588 3360 1958 3432 evangelista,

380 3460 676 3515 Matthaaus
703 3459 918 3528 quidem
946 3458 1013 3511 ab
1032 3459 1348 3513 Abrahamo
1374 3470 1468 3526 per
1485 3452 1962 3525 quadragesimum

383 3551 614 3605 alterum
670 3563 862 3619 genus,
920 3547 987 3602 ad
1045 3548 1320 3603 Christum
1387 3545 1643 3600 devenire
1667 3543 1750 3604 ἐς
1793 3541 1966 3596 Lucas

387 3655 569 3700 autem
602 3658 633 3697 a
662 3642 900 3705 Christo,
937 3639 1030 3710 qui
1065 3639 1203 3694 alter
1232 3646 1315 3693 est
1343 3637 1606 3703 Adamus,
1630 3634 1696 3689 ad
1734 3634 1967 3704 primum

390 3737 648 3800 evadens,
681 3735 969 3803 septimum
1016 3740 1071 3787 et
1114 3731 1577 3802 septuagesimum
1614 3728 1732 3782 siue
1782 3726 1971 3780 fraude

396 3830 622 3900 exsequi
659 3827 750 3881 9°?
783 3825 963 3894 Quare
1013 3833 1068 3881 et
1102 3824 1420 3893 Josephum,
1472 3820 1743 3875 Davidicze
1782 3819 1971 3880 tribus.

394 3920 539 3991 quod
567 3919 670 3990 ipsi
696 3917 997 3985 testemiui,
1017 3916 1099 3972 sui
1125 3914 1342 3986 generis
1372 3922 1535 3984 atque
1560 3912 1731 3967 tribus
1751 3924 1975 3965 uxorem

397 4011 632 4082 cepisse,
665 4018 750 4065 est
798 4024 1040 4067 necesse.
1075 4007 1180 4064 Sed
1208 4005 1423 4077 ecquid,
1450 4007 1495 4060 si
1538 4004 1768 4059 fortasse
1796 3999 1979 4069 Virgi-

396 4106 484 4161 nis
511 4119 685 4174 genus
717 4105 896 4158 minus
929 4110 1185 4156 accurate
1227 4100 1452 4155 habeam
1485 4097 1785 4167 cognitum,
1816 4111 1882 4150 ex
1911 4109 1979 4149 eo

399 4196 687 4252 veritatem
724 4191 1081 4257 cavillemini,
1110 4199 1412 4259 contraque
1441 4188 1726 4257 Deiparam
1757 4194 1981 4241 senten-

400 4288 533 4343 tiam
583 4286 826 4344 dicatis?
854 4285 1146 4341 Enimvero
1180 4290 1241 4337 ut
1274 4289 1617 4351 perspectum
1662 4293 1770 4333 non
1811 4276 1982 4333 habe-

404 4392 544 4444 rem,
571 4375 793 4432 omnino
828 4374 1092 4441 haberet,
1124 4372 1213 4426 cui
1244 4378 1441 4426 cuncta
1487 4369 1660 4434 novit,
1693 4382 1868 4437 neque
1916 4366 1986 4421 ob

2065 3302 2181 3366 IIIII,
2218 3299 2352 3355 Abia
2393 3272 2682 3351 sacerdote
2725 3289 2859 3345 nati.
2902 3288 3073 3342 Porro
3121 3290 3242 3338 erat
3290 3279 3341 3334 id
3388 3272 3653 3344 temporis

2065 3392 2263 3462 Joseph
2322 3388 2569 3445 viduus:
2624 3394 2686 3438 ut
2735 3380 2938 3437 fuerint
3009 3374 3228 3430 Salome
3287 3377 3342 3425 et
3403 3365 3649 3422 Joannes

2066 3457 2309 3557 Baptista
2337 3481 2566 3537 fratrum
2591 3478 2705 3540 lilii,
2734 3485 2789 3530 et
2824 3471 2948 3529 huic
2972 3470 3223 3538 Aggmus,
3249 3463 3328 3519 illi
3357 3457 3654 3516 Zacharias

2068 3589 2317 3650 patruus.
2360 3573 2612 3629 Salomen
2672 3567 2796 3622 dico
2846 3579 2951 3619 non
3010 3558 3359 3616 obstetricem
3410 3548 3651 3618 Virginis

2072 3639 2276 3734 Illariaa,
2314 3667 2409 3722 sed
2443 3660 2666 3731 Josephi
2717 3656 2857 3712 fabri
2909 3666 3155 3708 uxorem.
3200 3646 3333 3700 Nam
3390 3639 3659 3698 obstetrix

2075 3762 2162 3817 illa
2189 3732 2514 3816 consobrina
2562 3759 2679 3807 erat
2727 3744 3051 3803 Elisahetha:
3099 3749 3261 3808 atque
3293 3732 3555 3802 Virginis,
3590 3736 3657 3782 ut

2076 3851 2312 3909 ostendit
2339 3859 2555 3903 sacrum
2586 3842 2745 3897 Lucas,
2774 3834 3153 3904 Evangelium.
3188 3831 3355 3881 Erant
3376 3825 3519 3879 enim
3544 3831 3662 3876 tres

2078 3955 2296 4000 sorores
2343 3936 2781 3993 Bethleemenses
2835 3943 2898 3983 ex
2941 3925 3244 3991 Cleopatrae
3297 3926 3352 3971 et
3398 3911 3664 3984 Sosipatri

2079 4036 2287 4108 regnof,
2352 4045 2480 4086 ante
2529 4026 2766 4083 Herodis
2830 4017 3098 4107 Aptipatri
3158 4028 3402 4081 regnum.
3465 4008 3666 4063 Primae

2079 4100 2281 4184 nomen
2330 4122 2520 4185 Maria,
2568 4116 2725 4173 alteri
2778 4100 2946 4178 Sohe,
2993 4111 3170 4166 tertia:
3223 4108 3404 4161 Anna.
3459 4100 3664 4154 Earum

2082 4220 2257 4291 prima
2319 4216 2373 4271 in
2436 4211 2711 4268 Bethleem
2777 4216 2941 4275 nupta
3003 4201 3257 4257 Salomen
3313 4190 3667 4251 obstetricem

2084 4283 2319 4382 peperit.
2357 4306 2542 4362 Altera
2569 4312 2623 4358 et
2661 4303 2779 4371 ipsa
2809 4298 2864 4353 in
2905 4293 3180 4350 Bethleem
3204 4283 3665 4382 ,_F.Iisabetham;

2089 4376 2248 4453 tertia
2283 4396 2337 4451 in
2368 4392 2590 4449 Galilaea
2637 4387 2826 4461 genuit
2875 4384 3150 4454 Virginem
3200 4376 3457 4439 Mariam,
3506 4383 3672 4441 quam

404 4482 583 4524 meam
622 4465 1038 4559 .igporauonem
1110 4462 1351 4559 “Ignis
1412 4460 1722 4559 deum”:
1774 4458 1857 4530 (ω
1911 4457 1982 4559 ξω
2010 4490 2064 4550 D
2090 4498 2145 4546 et
2173 4489 2457 4559 Deiparam
2499 4457 2792 4541 Christiani
2840 4485 3080 4532 vocant:
3115 4480 3175 4528 ut
3201 4472 3310 4526 sint
3341 4467 3582 4527 Salome,
3616 4469 3674 4517 et

406 4557 642 4628 dicatur)
688 4557 892 4613 frustra
948 4563 1118 4611 esset.
1177 4552 1326 4608 Nihil
1383 4565 1627 4623 prorsus.
1679 4549 1789 4605 Nec
1838 4551 1983 4604 enim

408 4660 632 4726 propter
683 4650 1029 4707 mentientes
1088 4645 1182 4701 Sol
1238 4662 1344 4701 non
1395 4646 1590 4711 oritur,
1626 4655 1716 4699 aut
1769 4652 1989 4713 propter

409 4758 584 4802 caecos
610 4743 726 4800 visu
754 4741 965 4813 praediti
997 4740 1199 4796 lumine
1229 4738 1613 4795 desdtuentur.

909 4853 1139 4911 CAPUT
1194 4849 1484 4907 XXXVIII.

417 4975 651 5032 Mariam
681 4980 854 5028 ortam
881 4987 910 5027 e
943 4972 1106 5112 εἶρα
1135 4967 1356 5093 atridis
1378 5004 1393 5030 ,
1426 4964 1683 5034 probatur
1709 4979 1773 5018 ex
1804 4979 1993 5032 genea-

1034 5058 1090 5095 ta
1249 5053 1469 5094 (eorum.

1034 5053 1090 5095 ta
1135 5053 1469 5094 Juaazorum.

2087 4554 2423 4644 Elisabetha,
2455 4587 2510 4632 et
2540 4572 2726 4643 Virgo,
2766 4569 2925 4625 trium
2959 4578 3210 4622 sororum
3254 4561 3397 4617 tiliae.
3429 4556 3509 4611 Ita
3535 4557 3581 4611 is
3608 4554 3676 4608 Ii-

2091 4678 2187 4732 ber
2199 4668 2573 4744 genealogiam
2588 4663 2827 4732 Virginis
2852 4659 3175 4729 explicatam
3223 4649 3554 4713 continebat,
3580 4646 3677 4714 qui

2090 4778 2145 4825 et
2161 4739 2394 4823 aliorum
2413 4739 2776 4832 quorumdam
2813 4751 3121 4808 Judaeorum
3148 4759 3318 4817 genus
3346 4739 3679 4804 declarabat,

2088 4859 2206 4931 qui,
2240 4854 2378 4910 nihil
2421 4854 2670 4915 interest,
2704 4854 2761 4900 ut
2797 4859 2945 4899 nunc
2983 4841 3255 4897 dicantur.

2160 4946 2283 5004 Jun.
2338 4945 2484 5000 Sane
2512 4950 2799 4995 venturum
2827 4935 3105 4991 Christum
3137 4941 3191 4988 et
3223 4946 3323 4986 nos
3357 4937 3682 4997 speramus;

2096 5043 2313 5102 venisse
2368 5037 2511 5094 haud
2561 5038 2686 5090 dum
2741 5032 3060 5095 credimus;
3118 5028 3385 5095 siquidem
3439 5019 3680 5077 nondum

488 5155 629 5225 Quin
665 5155 869 5211 editam
908 5153 1128 5209 Davidis
1159 5165 1362 5222 genere
1397 5158 1558 5219 atque
1602 5147 1773 5217 stirpe
1816 5142 2000 5214 Virgi-
2099 5138 2364 5193 adventus
2426 5129 2799 5184 lsraelitarum
2851 5123 3055 5180 Christi
3103 5122 3246 5190 regis
3306 5127 3521 5185 tempus
3577 5118 3705 5166 est.‘

421 5259 544 5299 nem
586 5242 747 5309 dabo,
809 5256 990 5312 neque
1036 5240 1090 5296 id
1130 5255 1258 5295 vero
1298 5253 1365 5294 ex
1401 5236 1738 5294 nostratibus
1784 5233 2002 5304 scriptis

422 5345 488 5384 ac
517 5330 771 5397 decretis,
815 5330 912 5385 sed
948 5325 1177 5385 Judaieo
1228 5327 1464 5398 quodam
1521 5326 1679 5391 libro,
1734 5324 1787 5378 in
1844 5337 2005 5393 quem

418 5421 710 5481 Orestiade
737 5420 908 5478 incidi
938 5422 1079 5493 apud
1109 5419 1355 5477 Judaeum
1395 5418 1571 5473 Etiam
1592 5458 1608 5485 ,
1638 5416 2006 5488 legisperitum

498 5608 546 5643 ”
567 5605 888 5673 Psal.xt.tv,
915 5604 1005 5660 M.
1083 5604 1130 5638 ’7
1155 5598 1290 5659 ibid.
1326 5599 1412 5655 I5.
1488 5597 1535 5632 ⁸⁸
1562 5596 1754 5653 Matth.
1795 5611 1836 5663 ι,
1876 5594 1926 5649 I.

501 5796 620 5871 (δε)
654 5792 913 5854 Nazians.
940 5793 998 5851 in
1026 5790 1306 5853 lulianum
1330 5790 1421 5861 J3,
1454 5791 1545 5848 47.

2179 5228 2406 5285 Cuatsr.
2436 5221 2558 5277 Non
2604 5228 2752 5275 recte
2785 5232 2880 5273 vos
2913 5215 3224 5285 Scripturas
3253 5207 3689 5266 animadvertere

2112 5329 2168 5377 et
2218 5331 2359 5386 saepe
2408 5314 2543 5380 dixi,
2614 5322 2668 5368 et
2713 5310 2845 5366 nihil
2900 5307 3118 5372 mirum,
3168 5302 3385 5373 quando
3418 5308 3473 5354 et
3521 5293 3688 5349 Isaias

2115 5414 2183 5467 de
2216 5385 2373 5466 vobis
2420 5416 2504 5464 est
2550 5406 2759 5463 locutus
2790 5404 2845 5459 in
2905 5402 3047 5458 hanc
3098 5392 3465 5456 sententiam:
3497 5403 3519 5440 ι
3571 5385 3691 5438 Au-

2015 5591 2067 5627 "
2096 5590 2321 5659 Lucan,
2351 5589 2470 5644 25..
