4044 6438
356 332 465 398 861

1454 344 1836 405 DIALOGUS
1864 345 2165 410 CONTRA
2219 352 2551 415 JUDJZOS.

3512 352 3620 414 i112

349 447 471 502 divi
510 459 696 501 vocem
732 446 942 501 Domini
970 447 1241 506 dicentis:
1276 450 1443 520 Vade,
1473 464 1526 510 et
1552 456 1699 510 dices
1733 459 1931 527 populo
1968 475 2010 526 Α
2043 464 2227 529 positi,
2275 479 2449 521 annos
2502 465 2733 520 reddunt
2786 464 3215 537 quadringentos
3240 474 3348 521 tres
3378 477 3430 520 et
3466 482 3618 525 octo-

351 537 527 591 lmic:
568 536 764 592 Audite
819 537 1121 603 audientes,
1176 549 1231 598 et
1277 544 1442 601 nolite
1490 546 1828 616 intelligere:
1879 559 1935 603 et

354 628 543 685 videte
592 628 880 694 visionem,
934 639 988 685 et
1041 632 1211 688 nolite
1259 649 1609 706 cognoscere.
1649 637 1932 696 lncrassa-

352 731 475 776 tum
518 729 601 775 est
631 735 726 774 cor
765 721 946 789 populi
1007 722 1183 792 hujus,
1217 735 1270 780 et
1321 728 1543 782 auribus
1562 729 1673 783 suis
1699 731 1936 799 graviter

354 813 606 876 audiunt,
687 823 742 868 et
791 814 977 869 oculos
1045 819 1323 885 claudunt,
1397 835 1465 874 ne
1524 818 1664 876 forte
1719 822 1934 875 videant

352 905 557 969 oculis,
616 913 671 959 et
701 907 926 960 auribus
985 907 1098 961 suis
1158 910 1669 974 audiant,etcordc
1721 929 1821 969 suo
1847 916 1929 968 in-

359 991 620 1061 telligant,
673 1001 727 1046 et
756 1005 1144 1051 convertantur
1186 1007 1239 1052 et
1289 1013 1477 1054 sanem
1506 1017 1600 1056 eos
1622 1005 1662 1058 ³.
1702 1022 1720 1056 ι

424 1104 691 1159 Οωιετιιιη
742 1110 1032 1177 prophetas
1073 1110 1140 1165 de
1187 1122 1418 1168 venturo
1461 1112 1702 1181 Christo,
1730 1132 1834 1172 non
1860 1132 1927 1173 eo

355 1208 516 1263 quem
572 1210 668 1250 vos
720 1200 1050 1266 exspectatis
1099 1215 1315 1269 erroue,
1372 1219 1476 1257 non
1518 1206 1644 1271 Deo,
1688 1210 1779 1261 sed
1811 1209 1924 1264 An-

358 1284 619 1352 tichristo,
666 1300 851 1357 aperte
904 1293 1242 1360 praedixisse,
1304 1298 1486 1351 audite
1517 1300 1569 1351 in
1622 1301 1734 1355 haec
1770 1303 1929 1356 \'t'l‘l)a

352 1377 654 1446 loquentes.
720 1379 878 1435 Venit
931 1381 1203 1451 Christus,
1264 1385 1315 1440 iu
1361 1404 1520 1458 quem
1578 1393 1668 1461 qui
1729 1396 1925 1458 credit,

361 1471 610 1541 regnabit
660 1487 779 1525 cum
832 1489 942 1542 eo;
983 1478 1071 1545 qui
1144 1492 1247 1532 non
1307 1480 1497 1545 credit,
1559 1480 1929 1555 Hierosolyma

352 1562 762 1634 proﬂigabitur;
813 1583 920 1621 non
975 1568 1063 1622 illa
1101 1569 1296 1636 infera,
1356 1573 1449 1627 sed
1485 1588 1679 1646 supera
1719 1591 1781 1630 ac
1811 1591 1928 1631 ca:-

353 1653 477 1710 lesti
488 1692 502 1707 .

896 1767 1130 1828 CAPUT
1180 1771 1433 1833 XXXIX.

533 1879 774 1937 Danielis
824 1884 1098 1953 prophetia
1132 1886 1197 1941 de
1223 1885 1424 1945 Christi
1454 1864 1700 1951 adventu.

422 1997 529 2054 Sed
558 1999 750 2068 placet,
783 2008 841 2054 ut
874 2000 1014 2056 banc
1044 2012 1279 2058 vestram
1317 2008 1780 2075 exspectationem
1821 2008 1922 2063 lal-

354 2104 469 2144 sam
518 2089 820 2154 vincamus,
881 2106 1095 2147 rursum
1153 2094 1392 2150 vaticina
1425 2100 1627 2168 scripta
1650 2102 1920 2157 evolvere.

352 2175 520 2246 Igitur
553 2181 734 2235 audite
782 2180 834 2234 in
872 2182 1063 2251 primis
1120 2183 1376 2254 Danielis,
1432 2203 1551 2257 quae
1594 2192 1674 2246 sic
1702 2190 1920 2248 habent.

348 2269 645 2352 Danielem,
701 2287 825 2327 cum
879 2272 1041 2330 obitis
1072 2277 1235 2332 etiam
1284 2279 1525 2349 ieiuniis,
1563 2296 1664 2351 pro
1718 2284 1918 2353 populo

346 2361 673 2430 supplicaret
719 2361 852 2429 Deo,
906 2366 1130 2436 angelus
1190 2367 1411 2426 Gabriel
1469 2372 1741 2429 allocutus
1794 2382 1918 2431 est:

348 2471 369 2504 ι
412 2452 759 2525 Septuaginta
800 2455 1166 2515 hebdomades
1207 2459 1533 2520 abbreviattn
1584 2475 1713 2520 sunt
1757 2481 1923 2535 super

342 2545 596 2614 populum
648 2554 824 2610 tuum,
883 2557 939 2602 et
970 2563 1133 2617 super
1185 2552 1373 2608 urbem
1405 2564 1757 2620 sanctam,ut
1785 2573 1919 2612 cou-

344 2642 649 2690 summetur
671 2638 1068 2705 praevaricatio,
1091 2652 1144 2697 et
1171 2643 1329 2698 linem
1348 2645 1581 2716 accipiat
1610 2657 1919 2717 peccatum,

341 2739 398 2783 et
426 2728 670 2784 deleatur
720 2731 1003 2800 iniquitas,
1055 2747 1112 2789 et
1165 2736 1701 2808 adducaturjustitia
1762 2757 1908 2797 sern-

341 2823 572 2890 piterna,
629 2833 684 2878 et
730 2824 1016 2894 impleatur
1054 2828 1211 2892 visio,
1266 2838 1318 2884 et
1354 2833 1660 2901 prophetia,
1711 2845 1766 2889 et
1822 2850 1923 2889 un-

339 2922 505 2982 gatur
557 2913 791 2969 Sanctus
837 2926 1152 2972 sanctorum
1184 2919 1229 2974 '.
1260 2937 1280 2972 ι
1336 2919 1440 2987 Qui
1509 2922 1760 2979 Christus
1812 2932 1913 2991 est,

339 3003 596 3070 perennis
650 3002 878 3073 justitia,
942 3006 1251 3064 hominibus
1293 3025 1464 3067 noxas
1493 3028 1683 3070 omnes
1720 3016 1920 3071 condo-

339 3108 498 3157 nans,
550 3104 605 3149 et
652 3096 766 3148 visa
824 3105 987 3165 atque
1043 3100 1294 3156 vaticinia
1325 3102 1641 3173 obsignans,
1703 3106 1755 3161 id
1811 3115 1914 3174 est,

338 3184 690 3241 concludens.
739 3184 877 3241 Nam
945 3199 1068 3257 post
1118 3191 1235 3260 ejus
1291 3194 1581 3250 adventum
1640 3212 1746 3251 non
1796 3197 1908 3268 jam

338 3292 504 3347 porro
551 3288 637 3332 est
671 3294 801 3334 usus
826 3281 1113 3350 propheta.
1171 3281 1337 3340 Vates
1365 3288 1508 3342 enim
1535 3292 1711 3344 cuncti
1744 3306 1914 3360 usque

341 3369 417 3423 ad
460 3368 722 3425 Joannem
746 3368 1050 3441 Baptistam
1080 3375 1363 3429 vaticinati
1393 3385 1540 3431 sunt.
1570 3376 1689 3434 1am
1717 3396 1913 3449 parcns

342 3477 557 3533 quoque
595 3471 773 3519 vester
819 3462 983 3519 Israel
1035 3466 1152 3544 ait:
1195 3484 1216 3518 ί
1267 3466 1386 3523 Non
1416 3468 1633 3525 deﬁciet
1664 3474 1916 3542 princeps

339 3571 410 3610 ex
458 3555 616 3622 Iuda,
666 3565 723 3610 et
762 3556 870 3611 dux
905 3557 971 3611 de
1014 3557 1218 3614 femore
1274 3560 1410 3627 ejus,
1446 3563 1620 3617 donec
1677 3566 1909 3631 venerit,

338 3646 480 3715 quod
530 3646 885 3702 constitutum
941 3657 1069 3715 est;
1133 3658 1190 3704 et
1255 3651 1369 3721 ipse
1418 3652 1527 3705 erit
1580 3668 1713 3724 exsp
1750 3659 1914 3711 ctatio

339 3739 579 3808 gentium
606 3738 650 3793 ⁸.
688 3757 709 3791 ›
741 3738 808 3793 Et
855 3752 988 3794 sane
1021 3749 1304 3810 postquam
1355 3743 1606 3800 Christus
1636 3746 1728 3800 ille
1776 3763 1917 3817 gen-

340 3829 483 3886 tibus
543 3839 893 3900 exspectatus
936 3832 1155 3901 prodiit,
1209 3833 1449 3889 deseruit
1476 3850 1571 3890 vos
1601 3846 1657 3891 et
1686 3853 1911 3908 regnum

338 3934 395 3977 et
422 3923 754 3992 pontiﬁcium
781 3940 797 3989 ;
828 3938 949 3994 qua:
972 3924 1101 3993 (duo
1135 3925 1315 3979 munia
1345 3929 1745 3996 quodammodo
1771 3931 1907 3998 ipsa)

340 4024 465 4069 sunt
512 4016 763 4085 princeps
807 4024 863 4070 et
908 4016 1036 4070 dux.
1099 4012 1256 4082 Quod
1321 4019 1389 4081 si,
1441 4029 1500 4072 ut.
1553 4021 1911 4088 conﬁrmatis,

340 4107 573 4160 nomium
623 4107 841 4161 advenit
901 4106 1174 4175 Christus,
1208 4110 1439 4165 mendax
1490 4112 1565 4166 sit
1598 4112 1771 4170 Moses
1803 4115 1911 4182 ille,

336 4199 428 4267 qui
480 4206 534 4253 et
584 4198 776 4254 mundi
827 4201 1313 4256 exasdiilcationem
1359 4204 1710 4274 conscripsit,
1745 4216 1799 4258 et
1826 4207 1910 4260 1⁵η-

338 4298 457 4344 tura
498 4290 793 4360 praedixit:
850 4292 1083 4348 mendax
1133 4307 1331 4362 parens
1374 4304 1558 4351 vester
1614 4297 1805 4363 lsrael,
1858 4311 1913 4354 et

345 4382 528 4438 Daniel
576 4385 859 4454 propheta,
897 4399 960 4439 ac
1002 4398 1112 4455 prae
1165 4385 1233 4440 iis
1272 4384 1488 4443 Gabriel
1521 4389 1904 4460 archangelus.

2039 552 2185 621 ginta
2223 570 2237 607 :
2296 555 2364 608 Et
2398 565 2699 610 revertetur
2743 573 2757 610 :
2800 575 2819 607 ‹
2885 556 2950 610 Ει
2997 572 3209 611 rursum
3257 557 3616 615 aadilicnbitur

2037 644 2211 714 platea
2273 656 2326 698 et
2392 646 2530 701 muri
2594 647 2649 700 in
2709 651 2957 716 angustia
3025 650 3304 717 temporis.
3366 648 3431 702 Et
3493 659 3618 719 post

2040 735 2400 790 hchdomades
2433 737 2712 803 sexaginta
2744 739 2875 790 duas
2907 741 3186 792 occidetur
3214 740 3463 795 Christus
3488 741 3545 807 ⁵;
3584 760 3602 792 ι

2032 827 2158 897 jure
2212 838 2265 881 et
2297 843 2451 896 aequo
2493 818 2805 892 destitutus,
2859 831 3156 901 urbemque
3182 842 3235 886 et
3261 850 3469 887 sacrum
3502 851 3609 888 una

2034 931 2160 970 cum
2210 917 2452 987 principe
2490 918 2706 971 delebit.

2106 1009 2198 1061 Est
2225 1018 2403 1061 autem
2454 1010 2719 1062 sententia
2772 1009 2897 1064 talis
2936 1027 2950 1064 :
2990 1010 3142 1064 Anno
3191 1027 3217 1065 a
3265 1015 3484 1067 condito
3508 1016 3611 1069 Sa-

2034 1098 2261 1151 lomonis
2309 1101 2508 1168 templo
2553 1111 2607 1152 ct
2667 1101 2819 1163 urbe,
2868 1100 3407 1170 quadringentesimo
3453 1116 3602 1159 octo-

2031 1189 2235 1258 gesimo
2280 1191 2463 1249 tertio.
2524 1189 2773 1245 Salvator
2829 1192 3008 1245 mutuli
3040 1192 3291 1248 Christus
3347 1207 3603 1250 nascetur

2033 1280 2098 1334 ad
2126 1281 2446 1334 salvandnm
2482 1296 2649 1348 genus
2698 1281 2999 1346 hominum,
3047 1283 3356 1352 diaboiique
3390 1285 3608 1340 fraudes

2032 1371 2412 1442 proﬂigandas.
2463 1374 2641 1440 Atque
2693 1374 2743 1428 id
2785 1388 2972 1428 verum
3002 1388 3144 1438 esse,
3197 1391 3293 1431 vos
3350 1377 3504 1439 adeo,
3560 1377 3606 1430 si

2031 1463 2230 1526 velitis,
2288 1464 2585 1518 testemini.
2625 1462 2782 1532 Nam,
2819 1476 3075 1535 regnante
3108 1467 3451 1529 Aristobulo.
3510 1467 3608 1523 Ju-

2032 1555 2267 1609 dzrorum
2314 1556 2579 1624 principe,
2614 1553 2847 1609 Romani
2881 1563 2934 1610 et
2980 1572 3196 1612 sacram
3233 1560 3421 1613 urbem
3481 1574 3606 1613 cor-

2028 1660 2245 1714 rupere,
2276 1656 2330 1701 et
2369 1646 2735 1702 israelitarum
2785 1658 2999 1715 gentem
3033 1664 3161 1715 una,
3185 1664 3310 1706 cum
3357 1650 3605 1722 principe

2033 1737 2344 1792 Aristobulo
2400 1748 2456 1793 et
2519 1738 2728 1805 liberis,
2784 1740 3058 1811 mancipio
3117 1756 3332 1811 cepere.
3382 1741 3460 1796 Ex
3496 1758 3605 1813 quo

1958 1812 2005 1868 Β
2039 1834 2280 1897 tempore
2318 1828 2636 1883 vaticinium
2686 1844 2872 1892 omne,
2919 1840 2974 1884 et
3010 1846 3252 1899 regnum,
3282 1841 3443 1900 atque
3468 1812 3605 1899 pon-

2027 1917 2250 1972 tiftcium
2315 1932 2532 1987 pessum
2562 1919 2642 1985 iit,
2708 1919 2919 1976 Herode
2956 1931 3217 1976 extraneo
3250 1923 3503 1977 lsraelitis
3532 1924 3603 1977 ab

2022 2004 2283 2062 Romanis
2311 2023 2437 2079 rege
2481 2011 2753 2080 imposito,
2784 2022 2840 2066 et
2888 2022 3111 2083 augusta
3155 2026 3301 2068 reste
3343 2015 3568 2069 amicta.

2619 2144 2847 2202 CAPUT
2902 2146 3013 2202 XL.

2127 2252 2436 2312 Judaorum
2460 2258 2792 2315 calamitates
2810 2261 2873 2315 ob
2902 2263 3181 2331 perﬁdiam
3212 2264 3483 2334 irrogata.

2095 2364 2232 2433 Quin
2282 2364 2548 2423 Jeremias
2578 2383 2792 2437 quoque
2820 2369 2999 2423 multis
3028 2380 3155 2423 ante
3189 2371 3425 2437 smculis,
3466 2382 3590 2426 tan-

2020 2472 2183 2526 quam
2227 2459 2666 2513 succenturiatus
2702 2460 3071 2515 testimonium
3109 2462 3249 2516 dicet
3295 2479 3309 2515 :
3370 2478 3475 2516 non
3511 2478 3599 2516 ur-

2021 2549 2141 2603 bem
2194 2551 2377 2614 modo,
2446 2562 2497 2604 et
2546 2553 2803 2620 templum
2884 2561 3045 2621 atque
3094 2555 3432 2618 sacerdotes,
3493 2556 3590 2611 sed

2020 2652 2210 2695 omnes
2234 2641 2456 2694 omnino
2495 2641 2815 2709 oppidanos,
2841 2642 3095 2699 mulieres
3120 2652 3174 2698 et
3206 2641 3442 2698 infantes
3489 2644 3594 2700 hac

2021 2731 2191 2786 naenia
2247 2732 2612 2787 lamentatus:
2658 2751 2677 2784 ‹
2720 2733 3005 2800 Quomodo
3048 2736 3194 2789 sedet
3229 2735 3340 2790 sola
3402 2736 3597 2790 civitas

2020 2821 2178 2891 plena
2222 2822 2416 2891 populo
2443 2824 2465 2856 ⁸
2480 2823 2504 2877 i
2530 2841 2550 2874 ι
2589 2824 2915 2893 llecogitans
2960 2822 3226 2880 Jeremias
3266 2827 3593 2895 promissum

2020 2915 2330 2968 Ahrahamo
2375 2915 2600 2981 editum,
2642 2915 3095 2987 Solymorumque
3124 2918 3430 2973 vasﬁtatem
3470 2934 3596 2989 pro-

2020 3007 2273 3075 spiciens,
2304 3008 2595 3078 angoribus
2617 3009 2867 3078 oppletus
2901 3020 2955 3063 et
2978 3011 3270 3065 imminens
3322 3013 3591 3066 excidium

2020 3097 2329 3166 deplorans,
2358 3100 2434 3152 ait
2460 3112 2475 3151 :
2505 3117 2523 3150 α
2562 3097 2842 3165 Quomodo
2874 3101 3024 3156 sedet
3051 3103 3165 3156 sola
3194 3103 3390 3159 civitas
3434 3103 3591 3170 plena

2021 3188 2218 3259 populo
2245 3190 2268 3243 ἳ
2297 3189 2439 3244 facta
2473 3196 2556 3244 est
2585 3191 2738 3260 quasi
2773 3191 2932 3247 vidua
2959 3190 3175 3246 domina
3196 3193 3434 3263 gentium
3468 3195 3490 3227 ⁸
3518 3193 3540 3246 ?
3568 3211 3588 3245 ι

2021 3278 2124 3335 Ubl
2175 3279 2440 3350 propheta
2497 3282 2869 3351 angustiarum
2900 3282 3091 3352 plenus
3122 3283 3313 3338 futura:
3361 3285 3593 3353 captivi-

2031 3371 2158 3427 tatis
2195 3385 2414 3426 causam
2445 3381 2569 3441 post
2602 3375 2844 3442 exponit,
2899 3375 2990 3430 Dei
3027 3375 3091 3427 ad
3140 3373 3337 3431 Oseam
3367 3384 3590 3431 senten-

2018 3464 2105 3519 tia:
2133 3465 2448 3519 recordatus
2476 3480 2490 3517 :
2536 3482 2556 3517 ι
2590 3465 2754 3530 Vade,
2800 3480 2954 3521 sume
2982 3468 3073 3521 tibi
3111 3481 3330 3520 uxorem
3360 3465 3593 3522 fornica-

2018 3556 2247 3620 tiouutn,
2306 3564 2362 3610 et
2412 3554 2500 3612 fac
2569 3556 2664 3611 tibi
2728 3557 2867 3611 filios
2921 3556 3345 3612 fornicationum
3391 3573 3405 3610 :
3462 3558 3590 3628 quia

2018 3647 2296 3703 fornicans
2329 3646 2686 3703 fornicabitur
2719 3668 2739 3701 ι
2773 3648 3081 3704 Judaeorum
3129 3652 3408 3721 Synagoga
3440 3666 3456 3717 ;
3490 3650 3594 3704 ita-

2014 3752 2118 3808 que
2143 3755 2163 3790 r
2201 3738 2317 3807 ipsa
2344 3753 2449 3792 non
2473 3754 2608 3793 uxor
2625 3754 2738 3793 mea
2763 3756 2779 3795 :
2807 3748 2861 3794 et
2881 3754 2978 3810 ego
3009 3755 3114 3793 non
3140 3741 3221 3794 vir
3247 3740 3365 3810 ejus
3391 3755 3483 3795 ero
3510 3740 3586 3796 ’.ι

2014 3860 2088 3873 -
2139 3849 2159 3882 r
2194 3827 2453 3899 Princeps
2515 3833 2913 3900 provinciarum
2985 3832 3124 3885 facta
3173 3842 3258 3886 est
3313 3834 3415 3887 sub
3489 3832 3594 3886 tri-

2017 3923 2148 3977 buto
2175 3924 2217 3976 ⁶.
2244 3940 2264 3974 ι
2308 3921 2593 3976 Pontiﬁcio
2645 3924 2851 3990 pridem
2894 3933 2949 3976 et
2998 3938 3164 3991 regno
3211 3934 3393 3985 aucta.
3450 3938 3593 3977 nunc

2014 4014 2216 4086 passim
2273 4013 2552 4068 tributaria
2602 4022 2688 4068 est
2732 4015 2972 4068 omnium
3006 4014 3280 4069 nationum
3336 4015 3588 4070 dominis.

2019 4125 2039 4159 ι
2071 4105 2297 4161 Plorans
2353 4106 2582 4174 ploravit
2634 4107 2687 4160 in
2725 4113 2933 4173 nocte;
2975 4124 2994 4158 ι
3033 4121 3157 4160 nam
3201 4118 3325 4175 quat
3382 4105 3589 4176 rejecto

2016 4197 2339 4267 intelligihili
2372 4196 2595 4266 iustitia:
2640 4196 2790 4262 Sole,
2838 4196 2909 4251 ab
2940 4212 3005 4251 ea
3039 4198 3164 4251 luce
3218 4210 3477 4265 praeceps,
3533 4198 3587 4250 in

2016 4290 2591 4361 ignorantiaateuebris
2620 4290 2793 4352 sedet,
2823 4290 2998 4344 curui
3030 4289 3299 4358 ploratum
3331 4290 3458 4343 edat
3490 4303 3587 4357 per

2016 4382 2278 4437 noctem?
2309 4399 2328 4433 ‹
2365 4380 2432 4436 Ει
2459 4380 2712 4452 Ιειοτγῐηω
2739 4379 2857 4449 ejus
2882 4380 2934 4435 iu
2971 4380 3210 4435 maxillis
3247 4379 3382 4447 ejus.
3426 4398 3445 4432 ι
3495 4380 3590 4436 llis

339 4472 387 4528 0
423 4481 694 4543 torporem
748 4483 912 4544 atque
956 4476 1301 4532 czecitateml
1343 4478 1474 4532 mihi
1527 4491 1656 4533 vero
1715 4481 1904 4552 religio
1941 4488 1984 4544 ι)
2015 4474 2200 4529 verbis
2239 4472 2521 4544 Unigeniti
2579 4475 2906 4539 baptismum
2955 4473 3213 4541 propheta
3269 4472 3585 4542 significat;

334 4568 426 4631 sit,
476 4581 663 4622 eorum
721 4567 1008 4637 quemdam
1066 4569 1353 4623 mentitum
1394 4570 1603 4625 dicere:
1641 4571 1735 4641 qui
1762 4575 1905 4628 enim

333 4663 538 4730 possint
562 4663 851 4731 ipsissimae
890 4662 1172 4733 sapientiae
1197 4673 1359 4732 atque
1389 4664 1659 4733 veritatis,
1677 4665 1905 4732 Christi,

334 4766 617 4820 prmcoues
669 4761 765 4807 aut
792 4751 987 4808 falsum
1041 4751 1245 4822 aliquid
1304 4753 1509 4822 dicere,
1548 4764 1641 4811 aut
1683 4757 1909 4811 omnino

332 4839 551 4904 verbum
584 4839 733 4896 futile
757 4841 1084 4910 profundere
1107 4843 1131 4898 ῗ

406 4926 515 4983 Sed
546 4929 711 4986 vultis
737 4941 790 4986 et
841 4940 1053 5003 tempus
1100 4935 1483 5003 cognoscere?
1531 4934 1676 5006 Ergo
1719 4938 1906 4994 audite

329 5021 712 5091 archangelum
758 5021 1088 5092 Gsbrielem,
1125 5027 1285 5097 cujus
1329 5028 1396 5084 ad
1449 5028 1727 5086 Danielern
1779 5032 1898 5102 (5‘5)

331 5107 434 5163 hoc
486 5124 807 5181 responsum
834 5122 960 5169 est:
994 5133 1015 5168 r
1052 5116 1204 5171 Scito
1232 5128 1433 5190 ergoet
1470 5121 1846 5177 animadverte
1885 5136 1898 5174 :

328 5198 396 5252 ab
438 5198 588 5255 exitu
627 5203 931 5271 sermonis,
998 5212 1059 5259 ut
1092 5206 1287 5263 iterum
1345 5209 1649 5266 adiﬂcetur
1676 5208 1902 5266 Jerusa-

328 5289 433 5343 lem
451 5306 625 5360 usque
640 5294 707 5347 ad
747 5293 1024 5351 Christum
1044 5297 1259 5365 ducem,
1283 5300 1653 5357 hebdomades
1668 5312 1897 5372 septem,

325 5390 383 5434 et
431 5378 798 5437 hebdomades
823 5384 1103 5454 sexaginta
1161 5386 1280 5442 dum
1308 5396 1516 5457 erunt;
1558 5406 1578 5441 ι
1622 5390 1717 5461 qui
1750 5406 1907 5445 com-

398 5552 539 5626 ’glsa.
565 5570 639 5626 vt.
663 5557 719 5620 9,
746 5556 831 5612 10.
912 5559 932 5589 ‘
956 5559 1090 5613 Dan.
1116 5575 1192 5626 tx,
1216 5559 1308 5619 24.

326 5625 464 5691 it,2.
541 5623 932 5695 ‘Thren.t,l.
1010 5623 1271 5688 ’ἰὺίὰζη.

1383 5560 1406 5594 ³
1430 5560 1565 5619 Gen.
1589 5577 1736 5625 thx,
1761 5564 1848 5618 10.
1925 5562 1949 5595 ⁸
1968 5563 2101 5618 Dan.
2129 5579 2204 5623 ιχ.
2224 5563 2316 5626 23,
2338 5564 2431 5619 26.
2507 5565 2529 5597 "
2553 5562 2758 5619 Thren.
2786 5580 2822 5629 t,
2850 5566 2904 5621 1.

1350 5631 1396 5663 ⁸⁸
1421 5630 1590 5689 Exod.
1613 5647 1785 5699 xxxn,
1813 5634 1901 5690 12.
1976 5631 2011 5665 ¹¹
2039 5632 2080 5686 ll
2108 5633 2244 5706 Reg.
2269 5649 2416 5700 xxtv,
2445 5634 2530 5690 Π.

2015 4567 2143 4637 quia
2181 4566 2324 4620 enim
2375 4574 2494 4620 erat
2542 4563 2746 4619 Christi
2798 4579 2965 4634 genas
2999 4566 3195 4626 ictura,
3231 4565 3425 4619 merito
3476 4580 3592 4618 rna-

2017 4667 2147 4714 nant
2188 4657 2239 4713 ei
2269 4672 2485 4728 quoque
2511 4671 2610 4728 per
2663 4671 2830 4726 genas
2860 4655 3134 4728 lacry'mac.
3178 4675 3198 4709 ί
3232 4656 3344 4711 Non
3373 4667 3458 4713 est
3491 4659 3584 4727 qui

1968 4738 1984 4756 ⁹
2015 4748 2330 4805 consoletur
2361 4762 2482 4803 eam
2532 4761 2598 4802 ex
2649 4748 2908 4803 omnibus
2949 4750 3134 4805 charis
3159 4749 3280 4820 ejus
3307 4750 3351 4806 ’.
3385 4768 3404 4803 ›
3460 4751 3585 4807 Non

3222 4856 3329 4896 non
3383 4840 3585 4907 Moses,

2017 4931 2110 5001 qui
2146 4945 2175 4985 a
2224 4930 2335 4986 Deo
2362 4931 2651 5000 stipulatus
2706 4931 2822 4987 sit:
2860 4951 2880 4985 r
2921 4935 3030 4987 Aut
3062 4933 3275 4989 dimitte
3331 4935 3414 4989 eis
3446 4936 3587 4990 hanc

2011 5037 2239 5091 noxam;
2284 5032 2377 5077 aut
2420 5023 2465 5077 si
2508 5038 2613 5079 non
2659 5021 2816 5089 facis,
2873 5024 2992 5080 dele
3036 5039 3123 5080 me
3154 5025 3221 5081 de
3273 5024 3414 5080 libro
3467 5035 3581 5090 tuo,

2006 5130 2167 5188 quem
2206 5115 2473 5186 scripsisti
2512 5115 2577 5170 ³⁸.
2625 5134 2646 5170 ι
2688 5113 2808 5172 Non
2850 5116 3022 5172 David
3068 5116 3353 5172 clamans:
3411 5135 3431 5169 r
3469 5116 3582 5185 Ego

2005 5223 2124 5262 sum
2174 5207 2269 5275 qui
2320 5207 2571 5275 peccavi;
2614 5206 2703 5263 isti
2749 5206 2838 5276 qui
2877 5222 3008 5262 oves
3059 5216 3208 5271 sunt,
3257 5205 3384 5277 quid
3433 5205 3581 5262 recc--

2005 5298 2173 5352 runt?
2230 5306 2491 5360 vertatur,
2526 5297 2777 5363 obsecro,
2809 5313 3007 5352 manus
3038 5306 3124 5352 tua
3158 5307 3351 5353 contra
3382 5310 3485 5359 me,
3523 5305 3583 5351 et

2003 5399 2190 5445 contra
2232 5389 2449 5445 domum
2505 5389 2675 5458 patris
2727 5389 2832 5443 mei
2866 5388 2934 5442 “.
2973 5407 2993 5441 ι
3054 5388 3158 5444 Sed
3189 5389 3444 5444 eveniunt
3483 5387 3571 5443 illa

2015 4850 2123 4908 est,
2158 4840 2353 4911 inquit,
2386 4840 2476 4910 qui
2512 4854 2610 4910 pro
2645 4855 2708 4894 ea
2761 4841 3089 4911 deprecetur
3146 4859 3162 4896 :

2979 5565 3160 5621 'tbid.
3233 5564 3474 5631 'Oseet,
3511 5565 3587 5639 '3;

411 5804 523 5876 (53)
560 5803 633 5861 De
663 5786 1358 5864 Danielis’bebdomadibus
1387 5804 1712 5865 Benedictus
1739 5806 1990 5881 Pcrerius
2020 5818 2075 5866 et
2099 5807 2482 5867 Gencbrardus
2515 5809 2569 5866 in
2596 5807 2979 5881 Cbrouologia.
