4044 6450
373 396 485 466 863

1580 397 2005 462 ANDRONICI
2039 397 2388 464 COMN‘ENI

3537 405 3643 468 8M

366 515 638 581 Ieremia,
687 527 754 569 ex
804 514 899 570 Dei
952 525 1184 584 persona
1215 511 1593 568 confirmantis
1629 525 1644 564 :
1673 529 1692 564 ι
1752 509 1810 566 Si
1844 519 1956 566 ste-
1980 509 2034 570 A
2058 510 2270 580 alliixit,
2306 525 2364 570 ut
2395 535 2414 570 ι
2454 517 2660 586 parvuli
2687 517 2802 586 ejus
2841 518 2989 575 ducti
3021 521 3132 576 sint
3176 520 3230 574 in
3261 519 3641 588 captivitatem

367 609 497 666 terit
547 607 722 665 Moses
767 617 822 664 et
870 605 1093 662 Samuel
1147 621 1331 661 coram
1395 621 1482 660 me
1510 605 1577 671 η,
1631 623 1650 658 ι
1721 613 1784 660 ιιι
1834 613 1960 659 ante

368 701 774 772 deprecatores,
827 713 935 754 non
961 697 1244 756 exaudiam
1273 711 1390 752 eos.
1425 715 1445 750 ί
1482 697 1592 752 Viae
1622 695 1750 751 Sion
1781 695 1964 766 lugent

368 807 436 846 eo
459 789 603 862 quod
643 804 750 844 non
785 789 918 855 sint,
945 788 1036 857 qui
1071 789 1297 842 veniant
1329 787 1395 841 ad
1419 787 1819 843 solemnitatem
1848 786 1914 839 ¹³.
1935 803 1954 838 ι

368 885 531 942 Macti
563 885 747 939 verbis
799 891 918 937 esto
970 881 1140 936 David
1197 891 1360 952 atque
1413 880 1688 948 Jeremia;
1719 897 1845 937 nam
1872 880 1963 937 ille

375 976 554 1033 exsilii
598 973 910 1046 Babylonici
950 973 1233 1044 providus,
1267 987 1334 1027 ex
1385 972 1721 1039 captivorum
1774 972 1964 1042 praeci-

371 1069 456 1122 nit
514 1081 750 1138 persona
782 1083 797 1120 :
846 1083 864 1117 ι
904 1063 1082 1135 Super
1112 1062 1332 1117 ﬂumina
1360 1063 1651 1134 Babylonis
1685 1063 1791 1120 illic
1818 1063 1964 1120 sedi-

375 1174 498 1214 mus
566 1168 622 1214 et
681 1158 952 1223 ﬂevimus,
1012 1171 1137 1212 cum
1191 1157 1614 1211 recordaremur
1677 1154 1832 1212 Sion.
1901 1154 1960 1210 ln

375 1251 633 1307 salicibus
661 1251 716 1304 in
745 1251 922 1306 medio
945 1248 1063 1318 ejus
1091 1251 1476 1318 suspentlitnns
1512 1265 1719 1320 organa
1749 1259 1956 1306 nostra.

375 1339 515 1407 Quia
549 1340 660 1396 illic
691 1341 1166 1411 interrogaverunt
1218 1356 1336 1406 nos,
1371 1340 1460 1408 qui
1517 1342 1761 1410 captivos
1793 1341 1962 1422 duxe-

377 1443 505 1487 runt
546 1447 667 1500 nos,
701 1434 862 1489 verba
888 1433 1222 1489 cantionum.
1245 1433 1313 1487 Et
1345 1432 1436 1502 qui
1457 1433 1958 1490 abduxeruntnos‘:

379 1524 656 1596 ilymnum
706 1533 922 1581 cantate
954 1524 1110 1579 nobis
1141 1525 1206 1580 de
1231 1525 1460 1580 canticis
1509 1522 1963 1592 Sion.Quomodo

379 1617 725 1673 cantabimus
771 1617 1042 1673 canticum
1087 1615 1301 1672 Domini
1332 1617 1383 1670 in
1423 1627 1562 1669 terra
1620 1617 1792 1672 aliena
1823 1618 1956 1672 ¹⁸ἳι

389 1708 816 1778 respondebant,
866 1707 958 1777 qui
999 1707 1236 1762 fortasse
1267 1708 1498 1778 reditum
1556 1719 1864 1777 sperarent.
1894 1709 1964 1764 At

380 1776 647 1853 Jeremias
687 1799 840 1870 regni
887 1776 1200 1864 interitum,
1247 1807 1301 1853 et
1346 1776 1606 1869 pon‘tificii
1659 1801 1964 1871 abrogatio-

381 1905 507 1945 nem
547 1891 808 1957 sentiens,
843 1889 1153 1947 Judaeorum
1179 1892 1357 1946 reditu
1393 1890 1616 1956 Sionem
1648 1892 1960 1962 desperato,

379 1989 436 2036 ct
485 1988 740 2052 tanquam
780 1982 1144 2045 claudicante,
1193 1989 1420 2036 maestus
1457 1999 1471 2034 :
1510 2001 1528 2033 ι
1571 1981 1801 2049 Lngere,
1869 1983 1966 2048 ait,

379 2072 499 2129 vias
532 2069 944 2146 Hierosolyma.
981 2093 1000 2128 ι
1063 2074 1219 2130 Cur?
1248 2077 1389 2139 Quod
1451 2087 1633 2131 essent
1667 2079 1820 2146 nulli,
1877 2079 1968 2149 qui

380 2165 669 2222 itineribus
703 2167 769 2221 ad
799 2166 1061 2222 solemnia
1094 2168 1471 2224 convenirent.
1525 2187 1543 2220 ι
1583 2168 1782 2224 Omnes
1803 2180 1970 2238 perite

381 2258 501 2327 ejus
553 2258 844 2314 destructa:
877 2260 942 2313 ".
971 2277 990 2311 ι
1023 2259 1160 2325 Quia
1193 2261 1338 2316 enim
1389 2260 1674 2332 Syuagnga
1709 2262 1970 2317 ducentes

381 2350 447 2402 ad
489 2349 742 2418 pietatem
803 2360 1008 2419 portas,
1055 2366 1176 2424 qttaz
1226 2353 1591 2422 intelligentia
1660 2353 1966 2407 informan-

384 2450 496 2506 tur,
547 2441 647 2496 sibi
684 2442 979 2511 praeclusit,
1033 2453 1092 2499 ut
1128 2445 1308 2514 inquit
1361 2443 1550 2510 lsaias,
1608 2447 1791 2500 oculos
1841 2463 1970 2501 suos

385 2531 700 2595 excaecavit,
750 2540 804 2586 et
829 2547 926 2588 cor
960 2549 1120 2589 suum
1159 2535 1528 2590 dementavit:
1605 2553 1624 2587 ι
1692 2535 1766 2590 Ne
1827 2541 1968 2592 forte

383 2623 568 2677 videat
603 2623 793 2691 oculis,
841 2639 896 2680 et
952 2626 1178 2682 auribus
1212 2629 1420 2694 audiat,
1473 2637 1526 2681 et
1557 2629 1721 2682 corde
1754 2645 1852 2684 suo
1882 2632 1968 2686 itt-

388 2715 612 2784 telligat,
646 2724 701 2772 et
733 2727 1105 2782 convertatur,
1133 2729 1188 2774 et
1211 2734 1398 2776 sanem
1435 2736 1551 2774 eam
1578 2723 1677 2776 η.»
1715 2724 1970 2793 Γι-οριθΐο

386 2819 451 2861 ea
511 2821 614 2862 non
645 2807 846 2878 clausa:
899 2811 1036 2866 adeo
1060 2820 1186 2866 sunt
1213 2821 1405 2882 portae,
1441 2814 1535 2868 sed
1582 2817 1821 2871 vastitati
1848 2833 1968 2872 ces-

388 2907 600 2951 serunt.

453 2989 809 3048 «Sacerdotes
829 2993 944 3061 ejus
964 3005 1263 3065 gementes;
1287 3014 1304 3048 ι
1318 2997 1509 3052 merito
1523 2999 1613 3067 qui
1635 2999 1967 3061 unigenitum

389 3081 487 3136 Dei
524 3081 719 3138 Filium
777 3087 1170 3150 contristarint,
1219 3089 1352 3144 utin
1415 3089 1708 3157 Evangelia
1765 3089 1968 3144 conﬁr-

2061 613 2187 659 ante
2215 605 2406 662 faciem
2449 609 2776 666 tribulantis.
2817 629 2836 662 ι
2893 610 3029 678 Quia
3060 611 3204 665 enim
3254 612 3306 664 in
3364 611 3642 666 Christum

2061 695 2416 767 debacchata,
2450 701 2685 758 infantes
2741 703 3183 759 Bethleemiticos
3216 705 3644 769 contrucidarat,

2061 798 2217 843 erunt
2250 789 2303 845 hi
2335 807 2549 862 quoque
2578 795 2798 865 captivi.

2141 897 2160 931 ι
2195 879 2260 934 Ει
2286 896 2537 952 egressus
2572 895 2707 941 esta
2747 886 2850 940 lilia
2882 885 3010 942 Sion
3046 888 3225 942 oumis
3278 888 3445 942 decor
3467 889 3639 956 eius.)

2061 984 2182 1040 qua:
2230 988 2412 1029 veram
2478 976 2840 1047 majestatem,
2884 989 2937 1034 et
2999 993 3111 1048 pra:
3170 979 3452 1033 hominum
3501 982 3646 1035 natis

2063 1064 2237 1120 forma
2286 1067 2549 1136 insignem
2610 1079 2882 1132 aversata,
2943 1069 3185 1125 exsulem
3251 1071 3303 1124 in
3348 1069 3647 1140 Egyptum

2063 1158 2393 1214 amandarit.
2455 1178 2475 1213 ι
2509 1160 2662 1216 Facti
2689 1173 2815 1217 sunt
2840 1165 3112 1233 principes
3136 1161 3250 1231 ejus
3283 1163 3647 1219 velutarietes

2063 1258 2172 1296 non
2202 1242 2535 1299 invenientes
2591 1260 2830 1315 pascua;
2871 1266 2890 1299 ι
2929 1263 3051 1300 nam
3086 1262 3207 1300 cum
3249 1247 3454 1301 nollent
3483 1245 3644 1300 Chri-

2065 1334 2135 1388 sti
2185 1335 2378 1390 ovibus
2417 1345 2471 1390 et
2500 1337 2790 1404 pecoribus
2838 1339 3058 1394 accensi
3099 1354 3128 1392 a
3171 1354 3299 1393 vero
3333 1348 3550 1408 pastore
3577 1339 3646 1393 ad

2064 1440 2335 1497 perennes
2371 1426 2572 1485 herbas
2606 1429 2787 1496 educi,
2828 1439 2882 1484 et
2931 1431 3142 1487 caelesti
3170 1431 3346 1486 mulso
3391 1441 3648 1501 tanquam

2065 1535 2206 1591 aqua
2248 1520 2458 1592 irrigui,
2503 1522 2553 1577 in
2577 1523 2798 1578 aeternis
2827 1524 3116 1579 domiciliis
3155 1524 3442 1592 stabulari,
3474 1542 3493 1577 ι
3521 1524 3649 1580 Ideo

2066 1613 2337 1683 principes
2371 1614 2490 1683 ejus
2525 1614 2890 1669 velutarietes
2931 1631 3038 1671 non
3079 1615 3416 1672 invenientes
3448 1632 3650 1687 pascua

2066 1705 2317 1760 abierunt
2355 1723 2369 1760 :
2412 1715 2467 1760 et
2499 1705 2748 1761 abierunt
2779 1707 2987 1776 absque
3029 1708 3348 1763 fortitudine
3388 1719 3517 1764 ante
3564 1709 3649 1764 fa-

2068 1795 2203 1848 ciem
2266 1797 2643 1866 subsequentis
2681 1799 2750 1853 ".
2784 1816 2802 1851 ι
2847 1799 2939 1853 Dei
2989 1800 3058 1854 ad
3094 1799 3309 1855 Judaeos
3337 1801 3498 1856 edicti
3539 1818 3652 1858 me-

2074 1900 2192 1939 mor
2263 1897 2438 1953 vates,
2517 1890 2678 1944 triste
2741 1890 2869 1944 illud
2948 1891 3269 1946 accinebat:
3313 1911 3333 1945 ι
3380 1892 3651 1948 Abierunt

2073 1978 2277 2045 absque
2351 1979 2675 2038 fortitudine
2735 1997 2862 2037 ante
2909 1983 3104 2037 faciem
3165 1985 3578 2054 subsequentis,
3627 2005 3648 2039 ι

2072 2071 2270 2140 quippe
2323 2071 2397 2125 ait
2453 2072 2504 2124 in
2547 2071 2792 2128 Levitico
2834 2075 2972 2130 Deus
3006 2092 3020 2128 :
3065 2093 3084 2127 ι
3120 2074 3274 2141 Quod
3309 2078 3354 2132 si
3387 2093 3494 2132 non
3546 2092 3650 2132 au-

2073 2162 2282 2216 dieritis
2321 2179 2426 2228 me,
2469 2179 2566 2219 nec
2609 2164 2846 2221 feceritis
2881 2166 3060 2220 omnia
3096 2166 3348 2222 mandata
3411 2184 3552 2236 mea,
3597 2169 3645 2224 si

2072 2255 2388 2321 sp'everitis
2431 2257 2578 2326 leges
2613 2271 2782 2323 meas,
2824 2268 2878 2312 et
2913 2255 3119 2325 judicia
3152 2273 3271 2314 mea
3301 2270 3652 2330 contempse'

2075 2345 2215 2407 ritis,
2263 2355 2323 2398 ut
2363 2359 2466 2397 non
2493 2343 2709 2400 faciatis
2749 2361 2812 2400 ea
2846 2362 2964 2410 qua:
2994 2364 3022 2400 a
3051 2363 3136 2403 me
3171 2349 3470 2404 constituta
3500 2361 3650 2419 sunt,

2073 2443 2124 2487 et
2153 2439 2218 2488 ad
2263 2435 2473 2488 irritum
2501 2437 2810 2505 perducatis
2852 2447 3067 2503 pactum
3109 2455 3286 2494 meum
3319 2457 3332 2493 :
3369 2456 3469 2510 ego
3506 2458 3648 2512 quo-

2073 2541 2178 2594 que
2217 2529 2328 2580 ιιωο
2384 2525 2576 2580 faciam
2619 2530 2806 2584 vobis:
2859 2528 3104 2584 Viaililbo
3148 2548 3242 2588 vos
3282 2535 3542 2590 velociter
3598 2538 3651 2591 in

2072 2631 2332 2684 egestate.
2377 2619 2605 2675 Frustra
2649 2625 2840 2676 seretis
2902 2634 3223 2689 sementem,
3285 2642 3404 2694 quae
3438 2629 3504 2682 ab
3552 2630 3654 2684 ho-

2074 2711 2247 2763 stibus
2273 2710 2641 2764 devorabitur.
2687 2709 2887 2764 Ponant
2916 2712 3106 2767 faciem
3145 2729 3320 2769 meam
3347 2725 3531 2771 contra
3556 2733 3651 2772 vos

2072 2812 2123 2856 et
2159 2804 2431 2857 corruetis
2471 2818 2656 2857 coram
2722 2804 2968 2860 ho.~tibus
3025 2807 3240 2868 vestris.
3281 2818 3336 2862 et
3396 2810 3651 2878 subjicie-

2073 2894 2204 2948 tnini
2247 2894 2329 2949 his
2369 2895 2457 2964 qui
2507 2897 2736 2949 oderunt
2781 2912 2896 2949 vos.
2942 2895 3180 2967 Fugietis
3213 2901 3433 2955 nemine
3466 2917 3652 2970 perse-

2073 2998 2309 3052 quente:
2367 2995 2420 3040 et
2483 2997 2758 3042 conteram
2796 2989 3104 3054 superbiam
3144 2989 3358 3046 duritiae
3433 3003 3653 3047 vestrm.

2074 3078 2330 3148 Daboque
2371 3079 2520 3134 vobis
2560 3079 2755 3134 coelum
2810 3082 3043 3150 desuper
3109 3084 3249 3139 sicut
3293 3084 3562 3158 ferrum»;~
3599 3095 3657 3144 et

390 3184 503 3229 nm
527 3193 540 3228 ε
567 3195 585 3228 ι
623 3174 820 3232 Tristis
844 3180 1122 3233 estanima
1156 3194 1272 3236 mea
1301 3194 1472 3250 usque
1495 3181 1562 3236 ad
1595 3190 1820 3236 mortem
1841 3182 1906 3248 It,
1942 3199 1960 3232 »
1993 3181 2038 3245 C
2073 3181 2274 3226 terram
2310 3185 2540 3227 aeneam.
2564 3171 2932 3228 Consumetur
2971 3175 3242 3230 incassum
3276 3177 3429 3232 labor
3451 3189 3652 3246 vester,

386 3275 444 3322 et
485 3267 612 3323 hinc
662 3280 907 3340 gemunt,
965 3278 1019 3326 et
1082 3280 1341 3326 aeternum
1377 3282 1613 3341 gement.
1663 3291 1682 3325 ι
1716 3272 1966 3345 Virgines

389 3358 508 3426 ejus
556 3360 852 3428 squalidae,
915 3371 965 3418 et
1033 3362 1149 3433 ipsa
1201 3378 1461 3434 Oppressa
1515 3365 1898 3421 amaritudine.
1942 3385 1962 3420 ›

388 3451 776 3516 Quamobrem,
831 3454 1148 3521 pr0pheta?
1199 3455 1606 3524 quamobrem?
1664 3459 1789 3527 quia
1843 3474 1971 3514 vere

389 3541 669 3612 Virginem
699 3561 763 3598 ac
809 3545 1074 3615 Reginam
1135 3562 1240 3602 non
1305 3557 1431 3602 sunt
1458 3559 1762 3603 assectatae.
1789 3548 1968 3605 «Facti

390 3641 519 3689 sunt
576 3634 759 3690 hostes
805 3635 922 3705 ejus
945 3638 996 3692 in
1035 3643 1234 3706 capite,
1269 3638 1475 3694 inimici
1510 3639 1630 3710 ejus
1661 3639 1969 3710 locupletati

389 3735 517 3780 sunt
545 3727 608 3782 ⁸⁸.
661 3746 680 3780 ι
723 3725 859 3782 Nam
919 3731 1156 3799 quandiu
1188 3746 1216 3784 a
1270 3731 1384 3786 Deo
1448 3733 1752 3799 amabatur,
1806 3749 1971 3804 regno

392 3825 555 3887 atque
592 3818 820 3890 imperio
851 3830 1034 3888 aucta,
1071 3821 1293 3892 populos
1324 3821 1426 3877 sibi
1449 3823 1720 3892 subjicere
1746 3839 1809 3879 ac
1841 3825 1974 3880 diris

389 3912 650 3984 obligare.
699 3915 884 3986 Itaque
920 3917 1115 3973 scribit
1159 3917 1253 3972 Dei
1301 3931 1498 3988 parens
1532 3918 1696 3972 David
1727 3938 1740 3974 :
1768 3938 1786 3972 ι
1825 3918 1974 3976 Ροηε

389 4005 664 4078 principes
717 4022 903 4063 eorum
948 4008 1087 4065 sicut
1123 4010 1283 4077 Oreb,
1319 4018 1374 4065 et
1435 4009 1572 4077 Zeb,
1608 4018 1662 4066 et
1688 4010 1892 4078 Zebee,
1920 4021 1976 4067 et

393 4095 649 4150 Salmana
706 4111 721 4150 :
775 4110 965 4153 omnes
998 4096 1275 4168 principes
1337 4111 1525 4152 eorum
1587 4097 1677 4166 qui
1745 4097 1971 4153 dicunt:

394 4185 721 4243 litereditate
749 4188 1124 4258 possideamus
1185 4189 1556 4244 sanctuarium
1606 4189 1698 4244 Dei
1729 4189 1794 4242 ¹⁹.
1837 4209 1856 4241 ι
1904 4188 1976 4244 At

391 4277 482 4333 ubi
535 4279 720 4334 odium
751 4282 914 4348 cepit,
951 4289 1118 4350 atque
1157 4282 1224 4335 ab
1252 4280 1449 4350 insigni
1487 4279 1702 4334 vafritie
1734 4280 1801 4335 ad
1869 4280 1972 4335 im-

390 4371 644 4436 pietatem
689 4375 877 4441 porto,
920 4372 1074 4442 quasi
1115 4372 1344 4441 quadam
1380 4381 1698 4442 tempestate
1753 4380 1839 4428 est
1878 4387 1975 4429 ex-

392 4472 564 4528 trusa,
617 4471 731 4518 tum
786 4477 917 4519 vero
944 4463 1242 4519 sacrarium
1273 4463 1571 4534 profanari,
1623 4465 1754 4521 urbs
1783 4465 1971 4534 diripi,

2075 3279 2179 3318 non
2205 3263 2440 3334 proferet
2471 3275 2613 3319 terra
2663 3281 2910 3336 germen,
2941 3282 3040 3322 nec
3075 3268 3299 3324 arbores
3334 3284 3489 3339 poma
3519 3287 3658 3341 prte-

2073 3357 2296 3412 behunt.
2364 3355 2766 3427 lmmittamque
2826 3357 2880 3412 in
2926 3374 3021 3413 vos
3085 3360 3291 3416 bestias
3343 3363 3482 3432 agri,
3535 3379 3658 3434 quae

2073 3459 2398 3504 consumant
2425 3465 2520 3503 vos
2560 3458 2613 3504 et
2654 3465 2848 3516 pecora
2883 3461 3086 3517 vestra,
3119 3462 3175 3508 et
3223 3455 3289 3508 ad
3332 3457 3656 3526 paucitatem

2073 3552 2267 3596 cuncta
2310 3543 2593 3612 redigant;
2626 3543 2925 3612 evaginabo
2950 3553 3074 3614 post
3109 3561 3204 3601 vos
3237 3547 3494 3618 gladium,
3526 3549 3659 3604 erit-

2073 3648 2178 3702 que
2211 3642 2356 3688 terra
2394 3635 2628 3702 deserta,
2655 3645 2710 3690 et
2743 3635 2993 3693 civitates
3035 3648 3228 3694 vestrae
3267 3639 3484 3697 dirutae.
3517 3640 3656 3708 Quia

2075 3741 2169 3780 vos
2199 3725 2516 3782 ambulastis
2574 3735 2759 3781 contra
2828 3743 2959 3782 me:
3010 3738 3066 3785 et
3104 3745 3207 3799 ego
3259 3730 3504 3788 incedam
3559 3733 3658 3788 ad-

2074 3806 2266 3872 versus
2325 3832 2419 3871 vos
2451 3818 2505 3872 in
2546 3817 2728 3873 furore
2765 3821 3065 3876 contrario.
3128 3819 3416 3880 Peccatum
3452 3841 3650 3896 pecca-

2073 3908 2151 3963 vit
2203 3906 2523 3972 Jerusalem,
2590 3920 2878 3980 propterea
2941 3914 3210 3971 instabilis
3250 3917 3386 3972 facta
3423 3930 3503 3975 est
3533 3921 3596 3976 ’³.
3624 3939 3645 3973 ι

2676 4000 2907 4058 CAPUT
2945 4003 3085 4060 XLI.

2182 4090 2394 4147 Christo
2435 4108 2574 4146 mors
2609 4092 2786 4158 illata,
2840 4108 3171 4162 peccatorum
3228 4103 3544 4156 maximum.

2147 4181 2322 4262 supra
2369 4183 2481 4250 jam
2543 4185 2778 4253 dixerat,
2821 4201 2942 4240 eam
2996 4188 3257 4246 divinitus
3321 4202 3541 4262 propter
3575 4204 3655 4252 tot

2075 4259 2280 4332 scelera
2338 4275 2613 4344 aﬂlictam,
2648 4292 2793 4332 nunc
2830 4278 3020 4332 addit:
3073 4296 3093 4330 ι
3139 4259 3435 4337 Peccatum
3467 4299 3659 4352 pecca-

2074 4368 2152 4420 vit
2190 4365 2260 4424 “.
2299 4386 2318 4419 ι
2364 4366 2479 4423 illic
2552 4367 2750 4438 quippe
2809 4366 3180 4426 lsraelitarum
3247 4387 3315 4429 ex
3367 4375 3658 4434 intervallo

2075 4457 2411 4516 idololatrias
2449 4467 2504 4514 et
2546 4460 2820 4526 vaticidia,
2876 4461 2964 4518 hic
3020 4463 3227 4521 Christi
3269 4481 3458 4524 necem
3490 4471 3660 4541 signi-

392 4552 652 4622 tcmplum
703 4568 732 4607 ε
793 4553 1160 4610 fundamentis
1209 4556 1404 4617 everti,
1475 4563 1570 4609 aut
1593 4555 1807 4624 [potius
1869 4571 1968 4625 pro
2003 4545 2048 4602 D
2077 4549 2222 4615 licat,
2251 4549 2715 4623 quaresubjungit
2745 4569 2760 4608 :
2794 4569 2814 4603 ‹
2856 4551 2900 4608 Ο
2935 4568 3030 4609 vos
3064 4568 3256 4612 omnes
3289 4558 3380 4627 qui
3410 4561 3658 4619 transitis

393 4643 654 4699 derelicto
689 4645 894 4700 haberi.
948 4643 1075 4700 Haec
1103 4645 1197 4716 qui
1233 4653 1536 4714 patrarunt,
1569 4647 1636 4702 iis
1672 4661 1795 4702 cum
1830 4648 1969 4704 bene

391 4743 499 4799 est,
541 4743 654 4790 tum
681 4735 746 4791 ad
782 4736 1016 4807 majores
1054 4735 1300 4792 fortunas
1343 4750 1408 4791 ac
1451 4751 1676 4808 regnum
1707 4737 1978 4794 extollun-

396 4835 502 4880 tur.
563 4824 736 4895 Quod,
767 4827 1064 4895 explanans
1107 4825 1402 4896 Propheta,
1441 4827 1518 4882 ait
1558 4846 1574 4883 :
1615 4847 1633 4881 ι
1671 4828 1808 4895 Quia
1860 4829 1972 4885 Do-

397 4915 577 4971 minus
625 4917 932 4971 humiliavit
982 4931 1101 4972 eam
1154 4927 1378 4988 pr0pter
1426 4918 1832 4973 multitudinem
1867 4919 1972 4972 im-

393 5006 657 5075 pietatum
710 5007 829 5076 ejus
884 5008 953 5064 '°.
991 5025 1011 5060 ι
1073 5007 1228 5069 Νειη
1273 5022 1397 5064 ειιιιι
1457 5007 1738 5080 Synagoga
1800 5007 1970 5063 Deum

400 5111 768 5167 muneraretur,
805 5101 987 5158 Mosen
1003 5119 1218 5174 quoque
1243 5103 1616 5171 alloquebatur
1641 5103 1818 5159 Deus:
1857 5121 1875 5156 ι
1907 5103 1974 5158 Et

394 5193 564 5246 scient
597 5191 863 5264 IEgyptii,
903 5194 1030 5264 quia
1074 5209 1174 5265 ego
1204 5209 1325 5250 sum
1361 5194 1643 5258 Dominus,
1671 5203 1727 5249 et
1757 5209 1862 5249 non
1890 5203 1974 5250 est

395 5281 534 5336 alius
607 5293 808 5353 praeter
841 5300 930 5340 me
965 5286 1034 5342 “.
1074 5304 1094 5339 ι
1153 5285 1342 5342 Caedes
1389 5300 1522 5341 vero
1577 5287 1967 5355 prophetarum

395 5375 609 5444 aliaque
651 5375 856 5432 scelera
916 5377 1060 5434 Deus
1105 5377 1422 5449 complexus
1487 5378 1774 5446 memoria,
1842 5393 1964 5434 eam

465 5560 508 5590 "
529 5557 731 5616 Jerem.
753 5577 843 5626 xv,
869 5561 919 5615 1.

396 5631 448 5699 ¹⁷γ
497 5630 680 5683 Matth.
733 5646 884 5696 XXVI,
911 5631 1004 5693 28,
1085 5634 1126 5666 ⁸⁸
1149 5635 1356 5691 Thr-en,
1380 5652 1418 5699 ι,
1442 5636 1494 5691 5,

2075 4656 2174 4712 per
2193 4641 2356 4709 viam,
2393 4661 2411 4694 ι
2438 4641 2645 4708 scilicet
2673 4642 2910 4708 virtutis,
2947 4661 2967 4696 ι
2996 4645 3279 4712 attendite,
3309 4658 3361 4704 et
3379 4650 3577 4718 videte,
3609 4653 3657 4708 si

2075 4741 2162 4789 est
2193 4732 2370 4798 dolor,
2403 4732 2545 4789 sicut
2591 4732 2749 4789 dolor
2774 4749 2925 4791 mens
2955 4753 2970 4792 :
3012 4737 3270 4806 quoniam
3327 4740 3659 4798 vindemavit

2074 4841 2183 4894 me,
2207 4825 2494 4881 utiocntus
2519 4835 2606 4882 est
2628 4825 2892 4883 Dominus
2913 4827 2964 4883 in
2994 4845 3078 4883 tne
3096 4828 3292 4901 (54)".
3319 4851 3336 4885 ι
3365 4832 3658 4890 Utcondo-

2075 4918 2254 4975 lentes
2308 4933 2372 4975 se
2422 4918 2620 4974 intueri
2652 4917 2827 4984 jubet,
2872 4922 3031 4988 quasi
3089 4923 3326 4993 seipsam
3364 4940 3654 4993 accusans,

2075 5009 2226 5065 velut
2274 5009 2328 5064 in
2379 5017 2709 5065 extremum.
2760 5010 2940 5068 scelus
3005 5013 3333 5085 prolapsam.
3383 5016 3514 5084 Quae
3573 5027 3658 5073 est

2076 5099 2224 5157 enim
2265 5108 2600 5168 patratorum
2638 5108 2766 5155 ante
2822 5100 3090 5158 scelerum
3126 5105 3193 5160 ad
3236 5105 3438 5162 Christi
3465 5121 3653 5162 necem

2074 5189 2456 5262 comparatio?
2507 5191 2732 5248 omnino
2763 5192 2931 5249 nulla.
2970 5192 3085 5251 Hoc
3141 5197 3407 5254 maiorum
3441 5200 3660 5255 teterri-

2073 5299 2243 5351 mum,
2293 5283 2398 5340 hoc
2426 5299 2742 5354 supremum
2769 5284 2963 5342 vulnus
2999 5295 3104 5342 est.
3146 5273 3325 5362 Quare
3349 5289 3654 5346 humiliavit

2078 5391 2160 5432 me
2202 5394 2222 5429 ι
2262 5376 2523 5433 Dominus
2562 5378 2615 5433 in
2651 5377 2740 5434 die
2769 5379 2866 5434 irae
2898 5380 3101 5436 furoris
3138 5382 3223 5437 sui
3275 5382 3342 5438 de
3379 5382 3597 5439 excelso
3627 5403 3647 5437 ι

999 5564 1042 5596 ¹³
1065 5564 1270 5642 [hiem
1296 5579 1335 5630 i,
1362 5565 1418 5621 ι.
1445 5636 1473 5642 ῃ
1495 5567 1539 5600 ¹⁸
1561 5565 1702 5642 Psal.
1726 5583 1944 5642 cxxth,

2071 5578 2094 5642 ς,
2159 5570 2217 5642 ίιξ
2239 5567 2441 5642 Thren.
2466 5585 2506 5633 ι,
2539 5571 2593 5626 4.
2670 5570 2719 5642 3‘
2741 5569 2845 5626 lsa.
2869 5588 2946 5642 vt,
2975 5570 3072 5639 10;
3096 5572 3281 5628 Matth.
3306 5589 3425 5642 xm,
3452 5573 3538 5637 M,
3566 5573 3656 5630 15.

1577 5639 1966 5710 ⁸ξΡεειΙ.ίι.ζιιχι

2071 5639 2122 5704 2,
2150 5640 2236 5710 15.
2316 5641 2362 5671 ²⁰
2387 5638 2588 5695 Thren.
2615 5641 2717 5707 t,5.
2795 5643 2840 5674 ²¹
2867 5641 3036 5698 Exod.
3060 5638 3156 5709 vit,
3182 5643 3249 5708 5;
3278 5638 3432 5699 Deut.
3480 5657 3657 5710 xxxii,

395 5698 488 5755 59.
561 5699 606 5729 ²²
645 5699 848 5755 Thren.
877 5715 914 5770 ι,
939 5702 996 5760 6.
1067 5702 1116 5736 ’³
1137 5703 1311 5760 Levii.
1338 5711 1486 5772 xm,
1516 5706 1700 5763 14-53.
1779 5709 1825 5740 “
1849 5709 1967 5762 Thrt

2078 5698 2119 5774 ι,
2141 5709 2195 5763 8.
2272 5711 2317 5743 ³⁸
2339 5711 2471 5766 ibid.
2495 5710 2582 5766 12.

473 5851 583 5923 (34)
609 5853 664 5909 id
695 5865 796 5924 est,
821 5857 912 5926 qui
941 5867 992 5915 et
1020 5859 1150 5915 olim
1182 5873 1278 5915 sua
1308 5874 1456 5929 voce,
1481 5869 1534 5918 ct
1564 5872 1679 5931 post
1708 5877 1801 5933 per
1829 5862 2040 5919 divinos
2069 5862 2229 5918 Vates
2263 5861 2477 5922 iud-.eos
2511 5864 2773 5924 allocutus
2805 5865 2893 5936 sit,
2928 5866 3006 5923 uti
3041 5865 3317 5924 existimo.
