4044 6412
381 357 495 421 865

1462 350 1853 420 DIALOGUS
1889 346 2191 410 CONTRA
2232 347 2568 412 JUDXEOS.

3532 353 3642 415 8-16

377 484 500 526 suo.
549 464 737 521 Videte
799 474 857 522 nt
910 465 1112 521 Christi
1169 463 1375 521 occisia
1407 464 1674 519 malorum
1707 460 1954 516 onmium
1984 461 2032 518 Δ
2062 464 2171 511 tum
2191 455 2254 512 ³³.
2295 475 2315 509 ι
2359 487 2430 498 —
2482 477 2500 510 ι
2546 459 2827 526 Quomodo
2868 459 3077 515 obtexit
3107 459 3337 531 caligine
3373 461 3425 515 in
3464 464 3650 518 furore

378 562 675 616 maximum
736 560 828 615 sit.
862 558 1121 629 Equidem
1171 566 1226 612 et
1253 557 1407 623 alias,
1452 555 1651 627 inquit,
1714 569 1857 628 saepe
1904 556 1964 613 in

380 653 548 707 Deum
608 652 879 714 commisi,
921 652 1013 705 sed
1068 651 1336 706 malorum
1382 649 1651 719 colopbon
1714 650 1817 705 hoc
1855 659 1961 716 est,

377 757 486 812 quo
529 756 648 795 meo
677 740 942 796 ‘l'acinore
972 741 1238 807 irritatus,
1294 751 1350 796 et
1385 740 1771 801 incandescens
1796 739 1961 807 Deus,

378 850 468 889 me
500 850 531 888 e
558 833 774 887 sublimi
815 834 1165 903 proculcavit.
1197 851 1215 886 ι
1257 831 1405 888 Misit
1446 832 1623 903 ignem
1658 832 1707 884 in
1736 832 1959 888 ossibus

380 926 541 988 meis,
593 937 647 979 et
672 924 885 979 induxit
919 925 1067 979 illum
1120 940 1284 995 super
1319 940 1424 979 me.
1457 942 1476 977 ι
1517 926 1632 978 Non
1692 923 1867 977 solum
1899 922 1962 977 fi-

381 1015 593 1081 nitima,
631 1025 688 1069 ut
723 1029 882 1085 saepe,
935 1017 1028 1071 sed
1096 1030 1181 1070 me
1248 1018 1384 1070 adeo
1444 1022 1613 1071 totam
1671 1015 1958 1071 ambussit.

385 1131 404 1164 ι
448 1111 715 1181 Expandit
762 1122 876 1166 rete
914 1112 1138 1181 pedibus
1190 1112 1344 1178 meis,
1406 1111 1675 1167 convertit
1726 1124 1815 1164 me
1868 1124 1957 1164 re-

384 1210 641 1256 trorsum.
683 1219 701 1252 ι
765 1199 901 1254 Rete
953 1200 1055 1254 hoc
1112 1199 1220 1254 Titi
1292 1200 1477 1268 copias
1546 1199 1812 1269 designat,
1865 1198 1959 1269 qui

378 1290 638 1345 verriculi
671 1291 845 1346 instar
883 1304 1073 1345 omnes
1139 1290 1423 1346 irretierit.
1462 1290 1599 1344 Nam
1658 1289 1762 1345 etsi
1820 1288 1959 1358 ignis

378 1383 652 1437 flammam
688 1382 935 1437 nonnulli
972 1391 1284 1446 evaserunt,
1331 1392 1388 1436 at
1437 1382 1669 1435 militum
1696 1394 1958 1434 mucrone

377 1473 673 1544 oppetiere.
713 1491 733 1524 ι
777 1473 965 1528 Posuit
995 1489 1081 1528 me
1103 1471 1425 1537 desolatam,
1461 1480 1571 1527 tota
1605 1472 1692 1526 die
1724 1485 1959 1525 maerore

378 1562 683 1618 confectam
721 1564 786 1617 ".
826 1581 846 1615 ›
904 1564 1069 1618 Totos
1117 1564 1232 1618 dies
1265 1579 1439 1618 aevum
1473 1578 1634 1619 omne
1659 1562 1745 1616 hic
1799 1561 1960 1616 intel-

379 1651 505 1722 ligo.
550 1668 569 1703 ι
618 1650 940 1717 Desolatam,
987 1669 1006 1704 ι
1052 1666 1148 1706 seu
1189 1652 1256 1705 ad
1295 1651 1519 1705 nihilum
1560 1651 1858 1715 redactam,
1888 1651 1957 1706 ob

381 1741 702 1811 imperium;
737 1760 757 1794 ι
804 1755 1039 1796 maerore
1077 1739 1406 1804 confectam,
1442 1757 1461 1791 ι
1498 1738 1570 1793 ob
1613 1740 1951 1793 servitutem.

384 1848 403 1881 ι
443 1797 693 1900 i’igilavit
746 1845 911 1899 super
964 1829 1279 1899 iniquitates
1336 1845 1506 1893 meas,
1582 1830 1636 1883 in
1706 1831 1955 1885 manibus
1988 1797 2029 1852 Β
2062 1827 2363 1881 Pharaonis
2407 1844 2421 1882 :

378 1925 491 1981 suis
542 1926 955 1996 comprehendit
1007 1940 1119 1981 me.
1152 1943 1171 1977 ι
1233 1924 1413 1993 Ipsum
1443 1923 1720 1988 admonui,
1750 1908 1952 1991 inquit,

381 2029 621 2069 meorqu
658 2022 784 2069 ante
823 2012 1151 2078 facinorum,
1189 2014 1307 2066 ideo
1333 2010 1757 2081 circumquaque
1783 2010 1955 2079 copiis

380 2106 558 2160 cincta
600 2104 697 2159 fui.
727 2123 745 2156 ι
782 2105 1315 2175 Aggravavitjugum
1356 2119 1511 2159 suum
1552 2118 1719 2172 super
1757 2104 1951 2158 collum

384 2212 583 2260 meum,
625 2218 643 2248 ι
688 2198 738 2251 id
770 2206 872 2263 est,
904 2197 1181 2251 servitutis
1229 2196 1359 2266 jugo
1398 2196 1608 2249 domuit
1639 2209 1745 2250 me.
1801 2212 1820 2246 ι
1867 2194 1953 2247 Ιη-

380 2291 593 2344 firmata
626 2297 710 2343 est
756 2290 933 2343 virtus
960 2304 1101 2353 mea,
1138 2289 1286 2343 dedit
1314 2288 1577 2342 Dominus
1601 2288 1655 2342 in
1698 2288 1952 2341 manibus

380 2380 516 2435 meis
549 2380 780 2443 dolores,
823 2394 959 2448 quos
996 2394 1103 2432 non
1154 2387 1344 2447 potero
1376 2375 1616 2446 perferre
1648 2376 1716 2431 ".
1757 2394 1777 2428 ι
1818 2373 1954 2429 Tra-

380 2472 520 2525 ditos
560 2470 611 2524 in
641 2486 857 2526 manum
891 2470 1131 2535 dolores,
1166 2468 1445 2524 servitutis
1477 2482 1750 2522 aerumnas
1773 2478 1949 2521 vocat.

386 2577 406 2610 ι
453 2558 653 2615 Oculus
706 2575 860 2615 meus
916 2559 1142 2615 deduxit
1172 2573 1363 2629 aquas.
1406 2578 1425 2611 ι
1463 2558 1845 2629 Lacrymosnm
1870 2570 1954 2611 est

379 2654 522 2707 enim
572 2654 830 2724 quidquid
899 2653 1160 2707 servitum
1214 2651 1449 2707 ducitur.
1525 2668 1543 2701 ‹
1592 2649 1727 2716 Quia
1793 2650 1949 2719 longe

381 2743 552 2798 factus
609 2754 753 2799 esta
786 2759 870 2798 me
925 2742 1233 2799 consolator
1261 2743 1327 2796 ’⁸.
1375 2761 1394 2794 ι
1452 2732 1585 2796 Nam
1650 2741 1954 2796 mellitissi-

382 2852 525 2891 mum
563 2852 739 2891 meum
782 2836 1027 2892 solamen
1067 2850 1095 2888 a
1134 2851 1218 2890 me
1246 2834 1408 2905 rejeei
1441 2844 1605 2903 atque
1638 2834 1949 2889 amandavi.

387 2946 407 2980 ι
453 2926 776 2984 Sacerdotes
841 2928 946 2983 mei
1013 2936 1069 2982 et
1125 2942 1285 2982 senes
1336 2929 1390 2981 in
1454 2928 1587 2981 urbe
1646 2927 1951 2998 consumpti

380 3030 527 3075 sunt.
577 3038 597 3073 ι
633 3020 1016 3087 Quamobrem,
1058 3030 1227 3075 vates.
1270 3038 1290 3071 ι
1325 3019 1459 3086 Quia
1504 3020 1833 3089 quaesierunt
1877 3020 1954 3075 ci-

378 3111 505 3167 bum
547 3111 674 3177 sibi,
724 3118 782 3165 ut
816 3110 1185 3166 rcfocillarent
1233 3110 1471 3165 animam
1530 3126 1680 3164 suam
1712 3111 1779 3178 ¹⁹,
1820 3129 1838 3163 ι
1900 3123 1953 3164 et
1979 3146 2024 3211 ο

380 3218 486 3259 non
515 3203 860 3263 invenerunt.
894 3203 1188 3268 Delicatus,
1228 3218 1289 3255 ac
1318 3201 1443 3255 luxu
1484 3201 1725 3270 perditus
1774 3199 1952 3256 Israe-

381 3294 524 3360 lites,
574 3294 874 3350 solemnem
915 3294 1094 3349 cibum
1133 3293 1382 3363 vestigat.
1416 3311 1435 3345 ‹
1481 3291 1848 3348 Conturbatus
1871 3301 1954 3347 est

379 3399 570 3441 venter
628 3401 800 3453 meus,
844 3388 1159 3442 subversum
1191 3395 1273 3440 est
1303 3400 1395 3439 cor
1437 3400 1611 3439 meum
1644 3383 1695 3437 in
1730 3393 1955 3438 memet-

382 3476 499 3547 ipso
515 3477 581 3530 ‘°.
616 3495 637 3529 ο
668 3475 932 3542 Turbam,
966 3476 1162 3546 inquit,
1198 3477 1453 3530 intestina
1487 3485 1676 3545 optato
1705 3475 1828 3529 cibo
1857 3473 1955 3528 de-

384 3568 655 3637 fraudata,
687 3579 741 3625 et
772 3570 983 3624 animus
1017 3579 1234 3623 mutans
1270 3568 1322 3621 in
1356 3567 1535 3636 priore
1571 3577 1715 3622 statu
1752 3577 1953 3623 manet.

384 3658 511 3723 Quae
534 3673 713 3712 rerum
733 3657 1010 3713 calamitas
1035 3658 1192 3712 istam
1217 3671 1402 3711 vocem
1427 3656 1698 3727 exprimit.
1722 3676 1740 3709 ι
1760 3659 1957 3714 Omnes

386 3749 515 3805 mihi
549 3752 600 3804 in
638 3749 977 3805 inimicitiam
1010 3751 1137 3806 facti
1172 3757 1319 3807 sunt.
1356 3768 1376 3803 »
1412 3748 1528 3805 Non
1564 3751 1705 3805 enim
1753 3752 1955 3809 inimici

386 3843 577 3910 modo,
622 3846 717 3899 sed
766 3844 927 3898 amici
978 3856 1196 3914 quoque
1244 3841 1441 3897 infensi
1492 3857 1579 3899 me
1625 3844 1954 3914 opphgnant.

386 3935 730 3992 Exacerbans
761 3935 1079 3990 exacerbavi
1114 3934 1361 4005 spiritum
1391 3933 1484 3989 Dei
1514 3950 1529 3988 :
1568 3952 1586 3986 ι
1622 3934 1823 3991 Omnes
1852 3936 1957 3990 ini-

388 4030 508 4082 mici
540 4028 643 4083 mei
675 4027 967 4082 audierunt
995 4028 1196 4082 malum
1232 4042 1432 4092 meum,
1458 4026 1619 4081 laetati
1648 4036 1792 4094 sunt,
1822 4043 1961 4098 quo.

388 4123 530 4177 niam
560 4131 614 4177 tu
644 4121 845 4178 fecisti.
884 4139 905 4175 ι
939 4121 1149 4176 Excidii
1182 4122 1286 4176 mei
1318 4120 1469 4188 lapso
1500 4128 1762 4190 tempore,
1796 4120 1831 4174 ii
1869 4119 1960 4189 qui

389 4216 755 4269 moliebantur
786 4228 873 4269 me
903 4222 1171 4277 evertere,
1204 4211 1540 4280 triumphant
1571 4210 1706 4281 (55),
1738 4210 1962 4265 audien-

394 4313 473 4361 tes
501 4322 530 4359 a
565 4316 657 4361 tuo
685 4305 906 4361 numine
934 4305 1200 4376 repulsam
1231 4318 1315 4358 me
1341 4313 1395 4358 et
1422 4303 1685 4373 dejectam
1712 4302 1959 4372 imperio.

392 4414 415 4450 c
464 4397 749 4454 Adduxisti
802 4399 966 4463 diem,
1002 4407 1055 4453 et
1099 4397 1304 4452 vocasti
1351 4405 1585 4467 tempus.
1627 4413 1646 4447 ›
1692 4395 1960 4461 Adducta,

2070 560 2170 602 suo
2200 546 2460 603 Dominus
2493 550 2656 603 filiam
2692 550 2860 604 Sion?
2895 568 2914 603 ι
2953 550 3208 606 lncendio
3238 552 3508 606 exstincta
3538 563 3645 618 est,

2067 646 2150 692 est
2184 638 2330 693 enim
2366 640 2515 705 quasi
2553 640 2809 706 caligare,
2842 639 3091 694 incendio
3126 640 3416 709 exstingui.
3455 659 3473 693 ι
3520 642 3649 695 Pio-

2060 726 2192 797 jecit
2219 730 2284 782 de
2312 729 2449 784 cwlo
2482 730 2534 783 in
2568 739 2764 783 terram
2798 729 3050 798 inclytam
3084 728 3281 793 Israel;
3320 730 3365 762 ”
3390 749 3408 782 ι
3446 746 3477 785 e
3509 732 3647 784 divi-

2064 820 2151 875 nis
2187 820 2440 874 manibns
2475 822 2694 883 amissa,
2723 833 2786 874 ac
2816 834 2915 888 pro
2947 820 3114 874 nihilo
3147 820 3323 875 habita
3354 833 3439 877 eSt
3468 821 3642 889 gloria

2061 909 2392 968 Iudaeorum.
2447 932 2464 964 ι
2520 912 2785 966 Oblivioni
2836 912 3055 965 tradidit
3100 912 3360 968 Dominus
3406 914 3461 968 in
3512 911 3643 968 Sion

2064 1001 2414 1058 festivitatem
2472 1013 2527 1058 et
2576 1004 2894 1059 Ssbbatum.
2950 1021 2969 1055 ι
3030 1002 3162 1057 Nam
3222 1004 3345 1071 quia
3402 1004 3645 1075 medenti

2062 1093 2318 1151 Sabbatis
2348 1097 2537 1166 Opifici
2570 1095 2852 1166 Syna‘goga
2881 1095 3216 1161 succensuit,
3238 1095 3494 1165 abrogata
3519 1104 3648 1150 sunt

2061 1186 2199 1240 festa
2230 1188 2411 1240 omnia
2443 1196 2607 1255 atque
2637 1187 2899 1241 Sabbata.
2957 1203 2977 1237 ι
3015 1184 3080 1239 Et
3124 1185 3179 1238 in
3209 1184 3558 1254 opprobrium
3591 1196 3647 1240 et

2060 1277 2483 1345 indignationem
2514 1279 2823 1332 furoris‘sui
2861 1292 3044 1347 regem
3075 1286 3130 1330 et
3154 1276 3491 1330 sacerdotem
3516 1276 3583 1331 ³³.
3622 1295 3641 1329 ι

2060 1367 2209 1435 Quos
2246 1369 2338 1424 hic
2382 1371 2679 1425 memorat?
2721 1386 2912 1441 nempe
2957 1370 3219 1425 Herodem
3261 1376 3316 1421 et
3362 1368 3645 1439 Caipham,

2064 1463 2155 1532 qui
2187 1462 2404 1533 quidem
2439 1463 2738 1533 gloriosum
2766 1463 2932 1515 Deum
2965 1460 3364 1515 exacerbarunt
3396 1477 3409 1512 :
3447 1476 3551 1522 qua
3589 1477 3648 1516 re

2058 1554 2299 1609 offensus
2325 1569 2548 1622 regnum
2579 1565 2739 1625 atque
2770 1554 3133 1609 sacerdotium
3162 1551 3482 1623 repudiavit.
3506 1552 3641 1609 Nam

2058 1645 2151 1714 qui
2178 1647 2226 1700 ei
2257 1646 2481 1716 repudio
2509 1646 2670 1701 bilem
2696 1645 3011 1711 movissent,
3035 1646 3277 1701 destituti
3309 1649 3407 1718 ipsi
3431 1662 3647 1718 quoque

2061 1738 2113 1790 in
2146 1738 2299 1806 plura
2327 1738 2453 1792 vitia
2489 1738 2794 1808 praecipites
2826 1738 2971 1805 iere;
3008 1739 3151 1807 passi
3182 1739 3438 1808 quiddam
3467 1739 3643 1795 instar

2476 1846 2495 1880 ι
2544 1828 2926 1897 lndnravitque
2966 1828 3228 1884 Dominus
3268 1845 3363 1885 cor
3401 1829 3646 1887 Pharao-

2064 1921 2167 1987 nis,
2207 1939 2225 1973 ι
2258 1922 2332 1974 ait
2357 1919 2636 1991 Scriptura
2656 1921 2735 1988 ⁸⁶;
2763 1920 2961 1975 etenim
2993 1935 3116 1976 cum
3153 1922 3375 1979 minime
3397 1924 3643 1981 ﬂectere-

2064 2020 2171 2076 tur,
2203 2012 2398 2067 merito
2426 2013 2746 2067 obfirmatus
2779 2022 2882 2067 est.
3562 2058 3563 2061 η

2138 2117 2157 2151 ι
2195 2100 2411 2168 Repulit
2441 2101 2700 2156 Dominus
2726 2101 2897 2157 altare
2925 2117 3105 2168 suum,
3130 2103 3409 2158 maledixit
3439 2108 3644 2162 sancti-

2067 2190 2305 2247 ficationi
2332 2194 2559 2247 suae'm
2598 2193 2672 2248 Ne
2702 2194 3111 2264 triumphatote,
3145 2195 3335 2263 Judaei,
3367 2200 3442 2252 ait
3467 2208 3639 2268 vates,

2061 2283 2131 2339 ob
2167 2286 2459 2340 sacerdotii
2499 2286 2813 2356 dignitatem
2853 2302 2866 2339 :
2906 2295 3123 2356 propter
3156 2301 3252 2342 vos
3293 2291 3440 2342 enim
3483 2305 3640 2344 suum

2061 2374 2164 2431 sibi
2203 2375 2373 2431 altare
2410 2390 2473 2430 ac
2508 2378 2809 2431 sacrarium
2843 2378 3095 2432 amolitus
3130 2378 3374 2448 projecit,
3408 2395 3640 2449 quorum

2061 2465 2240 2520 oblata
2281 2481 2381 2536 pro
2422 2467 2556 2521 diris
2600 2467 2821 2521 haberet
2870 2485 2883 2523 :
2933 2486 2951 2519 ι
2998 2466 3160 2521 Luxit
3200 2470 3554 2536 antemurale,
3588 2481 3645 2525 et

2063 2571 2251 2611 murus
2295 2556 2499 2627 pariter
2543 2558 2837 2626 dissipatus
2879 2567 2984 2612 est.
3019 2558 3218 2613 Deliam
3251 2569 3378 2613 sunt
3412 2560 3465 2614 in
3498 2568 3644 2615 terra

2062 2657 2235 2717 portae
2288 2650 2406 2719 ejus
2467 2664 2481 2703 :
2534 2640 2769 2718 perdidit
2818 2660 2871 2703 et
2918 2650 3178 2704 contrivit
3225 2662 3406 2705 vectes
3460 2650 3573 2720 ejus
3626 2670 3641 2707 :

2062 2756 2244 2811 regem
2281 2742 2399 2811 ejus
2433 2750 2488 2795 et
2519 2742 2791 2812 principes
2826 2741 2943 2810 ejus
2980 2745 3030 2795 in
3069 2743 3319 2811 gentibus
3361 2758 3375 2796 :
3421 2760 3526 2799 non
3563 2756 3647 2801 est

2062 2831 2181 2898 lex,
2217 2843 2272 2887 et
2314 2834 2590 2902 prophetae
2634 2834 2750 2903 ejus
2793 2848 2897 2887 non
2944 2833 3264 2888 invenerunt
3302 2835 3570 2891 visionem
3614 2854 3645 2892 a

2060 2923 2317 2982 Domino.
2341 2922 2610 2981 Sederunt
2643 2926 2694 2979 in
2726 2935 2891 2990 terra,
2924 2928 3309 2981 conticuerunt
3335 2943 3494 2984 senes
3522 2929 3645 2984 filiae

2062 3018 2193 3073 Sion
2244 3034 2258 3071 :
2307 3026 2727 3085 consperserunt
2776 3016 2959 3071 cinere
3007 3019 3184 3087 capita
3235 3034 3367 3083 sua,
3412 3021 3645 3078 accincti

2060 3118 2187 3164 sunt
2233 3109 2459 3175 ciliciis,
2492 3106 2808 3178 abjecernnt
2850 3109 2901 3161 in
2954 3117 3154 3163 terram
3173 3108 3241 3178 ³⁸,
3279 3127 3298 3160 ι
3352 3110 3645 3178 primarias

2061 3200 2299 3270 virgines
2333 3198 2389 3253 in
2420 3196 2744 3254 Jerusalem.
2776 3197 2979 3254 Prioris
3012 3216 3124 3254 sum
3156 3202 3431 3257 servitutis
3469 3205 3644 3275 (scili-

2061 3303 2147 3349 cet
2174 3294 2223 3346 in
2252 3292 2504 3362 IEgypto)
2538 3306 2601 3347 ac
2632 3290 2883 3358 miseriae,
2908 3290 3109 3362 Deique
3136 3293 3452 3363 opitulantis
3479 3297 3642 3353 oblita

2061 3398 2192 3454 gens
2220 3383 2427 3450 Judaea,
2457 3397 2601 3437 nunc
2632 3382 2891 3453 pontificii
2926 3398 3094 3453 regno
3130 3399 3193 3438 ac
3227 3385 3543 3443 celebritate
3584 3405 3645 3445 se

2058 3476 2339 3546 jactabat;
2377 3490 2520 3530 nunc
2546 3475 2988 3545 propugnaculis,
3014 3484 3068 3529 et
3093 3477 3242 3532 urbis
3270 3479 3642 3547 munimentis,

2062 3584 2206 3624 nunc
2244 3571 2552 3639 principum
2598 3568 2873 3638 potentia,
2911 3567 3045 3638 legis
3088 3569 3369 3638 praesidio,
3405 3573 3642 3643 prophe-

2066 3670 2240 3715 tarum
2290 3662 2623 3725 visionibus,
2666 3662 3006 3715 sacerdotum
3052 3663 3328 3731 caelibatu;
3374 3665 3645 3722 interdum

2063 3753 2409 3823 superbiebat
2449 3767 2663 3823 quoque
2708 3759 2763 3806 et
2807 3752 3082 3821 pontiﬁcio
3122 3755 3324 3810 amictu
3369 3774 3384 3812 :
3430 3773 3641 3824 eorum,

2064 3863 2225 3917 quam
2274 3863 2399 3902 mox
2445 3847 2703 3917 propheta
2752 3846 3027 3901 interitum
3069 3848 3427 3916 prospiciens,
3464 3854 3646 3908 omnia

2064 3940 2410 4009 complexus,
2460 3938 2939 3994 condolentissime
2993 3952 3126 3993 sane
3175 3954 3240 3995 ac
3294 3943 3647 3999 mmstissime

2066 4031 2424 4087 calamitatem
2459 4028 2778 4097 exsequitur
2806 4035 2860 4082 et
2885 4028 3183 4097 amplificat
3215 4045 3232 4089 :
3268 4048 3288 4081 ι
3320 4031 3646 4089 Defecernnt

2065 4136 2176 4193 pra:
2224 4121 2476 4191 lacrymis
2523 4118 2668 4174 oculi
2715 4118 2853 4183 mei,
2892 4119 3217 4174 conturbata
3266 4130 3390 4176 sunt
3432 4124 3643 4179 viscera

2069 4229 2209 4278 mea,
2239 4210 2468 4268 effusum
2502 4218 2588 4266 est
2621 4211 2674 4264 in
2708 4218 2850 4265 terra
2886 4210 3051 4265 decus
3084 4225 3282 4266 meum.
3310 4232 3339 4261 ι
3376 4212 3642 4279 Quorsum

2067 4303 2185 4359 haec
2235 4311 2414 4367 vales,
2462 4301 2763 4370 quorsum?
2823 4318 2843 4353 ι
2907 4299 3080 4373 Super
3137 4305 3462 4361 contritione
3521 4306 3646 4363 ﬁliae

2069 4396 2246 4469 p0puli
2296 4396 2434 4458 mei,
2465 4409 2585 4448 cum
2635 4395 2891 4450 deficeret
2937 4396 3195 4464 parvulus
3243 4406 3299 4453 et
3343 4399 3545 4456 lactens
3592 4404 3643 4457 in

390 4490 590 4559 inquit,
645 4489 927 4561 Synagoga
987 4489 1123 4555 Deo,
1174 4489 1331 4544 hilari
1387 4489 1505 4555 die,
1562 4488 1833 4560 Unigeniti
1895 4493 1969 4547 tui
2004 4503 2048 4559 ι)
2078 4487 2267 4558 plateis
2295 4484 2544 4555 oppidi...
2576 4483 2823 4555 Virgines
2851 4500 3004 4549 mea,
3032 4494 3088 4541 et
3108 4487 3335 4555 juvenes
3366 4494 3469 4545 mei
3498 4493 3648 4548 abie-

388 4583 659 4650 adventu;
695 4594 979 4653 postquam
1028 4597 1147 4636 eam
1195 4581 1438 4638 volentes
1487 4580 1792 4652 rejecimus,
1826 4583 1967 4637 diem

389 4673 677 4741 vindicem,
703 4673 904 4728 citasti.
954 4692 973 4724 ¢
1004 4672 1070 4727 Et
1089 4673 1244 4728 facta:
1270 4684 1396 4729 sunt
1428 4674 1620 4729 domus
1661 4674 1716 4729 in
1743 4690 1831 4730 me
1845 4675 1912 4731 ³⁸.
1945 4693 1965 4729 ι

2067 4591 2191 4634 runt
2228 4580 2283 4633 in
2327 4575 2719 4646 captivitatem,
2755 4576 3068 4632 ceciderunt
3112 4579 3164 4633 in
3208 4580 3417 4648 gladio;
3470 4585 3647 4637 inter-

2066 4669 2246 4726 fecisti
2282 4670 2334 4725 in
2369 4669 2456 4725 die
2484 4669 2686 4725 furoris
2722 4671 2798 4726 tui
2836 4688 2850 4726 :
2886 4674 3227 4742 percussisti,
3261 4691 3359 4730 nec
3395 4678 3650 4735 misertus

390 4762 473 4819 Me
500 4767 657 4835 quasi
686 4770 846 4821 domo
874 4767 1103 4836 quadam
1131 4776 1469 4837 comparata,
1492 4767 1627 4822 adeo
1656 4782 1720 4822 ac
1746 4768 1971 4836 perinde
2065 4780 2147 4821 es.
2175 4762 2393 4820 Vocasti
2430 4765 2582 4833 quasi
2620 4766 2689 4819 ad
2724 4765 2866 4819 diem
2903 4766 3219 4835 solemnem,
3249 4773 3337 4840 qui
3378 4782 3646 4828 terrerent

388 4856 622 4913 miseria:
656 4869 783 4914 sunt
817 4873 902 4913 me
936 4858 1216 4928 amplexas,
1250 4868 1309 4914 ut
1341 4859 1623 4915 continens
1656 4858 1850 4915 domus
1881 4874 1967 4925 ea,

386 4966 508 5021 quae
558 4952 925 5005 continentur.
976 4953 1052 5006 Ac
1100 4952 1334 5007 fortasse
1390 4963 1444 5007 et
1498 4952 1599 5007 tale
1649 4951 1850 5023 aliquid
1896 4954 1969 5010 sit

386 5041 815 5111 intelligendum.
852 5040 1116 5109 Quoniam
1162 5040 1303 5096 Deus
1345 5041 1400 5095 in
1444 5041 1779 5114 Synagogam
1820 5043 1965 5099 diem

384 5130 655 5186 vindicem
687 5133 881 5188 citavit
912 5148 928 5186 :
964 5150 983 5185 ι
1022 5130 1284 5203 Sepulcra
1311 5145 1497 5187 eorum
1528 5132 1717 5187 domus
1748 5131 1966 5188 illorum

385 5224 445 5280 in
493 5233 755 5280 aeternum
800 5226 1046 5292 erunt“,
1084 5235 1143 5280 ut
1184 5225 1262 5279 ait
1303 5224 1505 5290 David,
1541 5233 1597 5279 et
1634 5241 1650 5279 :
1706 5242 1725 5275 ι
1758 5223 1969 5293 Repleti

386 5325 549 5386 sunt,
583 5319 673 5389 qui
718 5318 996 5373 obscurati
1036 5327 1164 5373 sunt
1210 5326 1369 5374 terra:
1416 5316 1667 5372 domibus
1706 5315 1967 5387 iniquita-

699 5428 723 5472 )

461 5476 507 5509 “
529 5475 731 5533 Tltren.
756 5494 795 5541 ι,
828 5477 915 5532 15.
956 5478 1001 5512 ³⁷
1023 5478 1152 5535 ibid.
1182 5481 1266 5536 ιι.
1322 5477 1369 5511 ⁸⁸
1392 5477 1519 5534 ibid.
1549 5477 1638 5534 15.
1705 5479 1750 5512 ⁸³
1779 5476 1949 5531 ibid.l

2077 5474 2124 5507 ³⁸
2146 5475 2274 5532 ibid.
2296 5473 2388 5530 20.
2427 5473 2468 5507 ³⁸
2500 5474 2630 5533 ibid.
2652 5474 2746 5530 21.

1680 5548 1726 5582 ⁸⁸
1766 5547 1937 5604 Exod.
1980 5547 2297 5617 tx,passim.
2374 5541 2643 5621 "Thren.
2670 5545 2814 5615 11,7.
2885 5545 3083 5602 “ibid.
3103 5541 3258 5603 8-10.
3335 5547 3379 5582 ³⁸
3398 5548 3528 5605 ibid.
3556 5550 3646 5615 ll,

389 5548 704 5619 1.311520.
774 5549 827 5619 7“
848 5547 1048 5619 Thren.
1074 5565 1136 5619 ιι,
1161 5551 1216 5608 1.
1288 5547 1335 5584 ³⁸
1373 5549 1504 5605 ibid.
1550 5547 1605 5606 6.

389 5616 483 5684 21,
506 5618 598 5673 22.
676 5618 726 5652 ⁸⁸
750 5618 881 5676 ibid.
904 5617 998 5675 22.

2069 4871 2156 4911 me
2187 4856 2255 4911 de
2288 4857 2521 4912 circuitu
2540 4856 2607 4913 ".
2648 4874 2667 4909 ι
2708 4855 2851 4912 Nihil
2886 4872 3144 4927 parcens,
3179 4861 3353 4933 inquit
3384 4870 3643 4933 propheta

2070 4962 2134 5004 ex
2186 4948 2485 5020 Synagoga
2530 4963 2765 5018 persona
2815 4951 2885 5005 ad
2934 4952 3137 5020 Deum,
3180 4970 3268 5011 me
3319 4957 3431 5012 coci
3480 4958 3649 5013 instar

2072 5039 2325 5109 divisisti,
2356 5051 2578 5097 evocata
2620 5041 2687 5096 ad
2728 5055 2816 5097 me
2853 5045 3093 5113 undique
3125 5044 3431 5101 accolarum
3467 5048 3645 5113 turba,

2074 5131 2323 5187 luctuoso
2364 5130 2499 5187 meis
2538 5132 2626 5188 die
2665 5140 2916 5203 tanquam
2956 5136 3203 5192 solemni.
3242 5154 3262 5190 ι
3306 5137 3372 5192 Et
3409 5153 3514 5193 non
3547 5140 3650 5195 fuit

2077 5225 2130 5278 in
2167 5224 2253 5280 die
2286 5222 2487 5279 furoris
2524 5221 2738 5279 Domini
2775 5224 2868 5295 qui
2912 5225 3194 5296 effugeret,
3225 5234 3281 5282 et
3312 5226 3649 5297 relinquere-

2073 5326 2160 5372 tur
2181 5316 2249 5370 “.
2280 5332 2300 5369 ›
2341 5314 2522 5386 Usque
2556 5330 2621 5372 eo
2654 5316 2845 5373 divina:
2877 5318 2974 5373 iraa
3005 5318 3281 5373 exinanita
3316 5317 3417 5373 faex
3450 5331 3554 5386 est,
3585 5327 3648 5375 ut

2819 5475 2863 5509 ³³
2886 5474 3034 5531 Psal.
3058 5483 3242 5542 vant,
3264 5474 3350 5533 l2.
3433 5476 3478 5509 ³³
3499 5476 3646 5533 Pal.

497 5776 612 5850 (55)
653 5778 882 5837 Romani
920 5778 1339 5853 lliemsolymam
1377 5777 1719 5859 obsidentes,
1751 5783 1808 5834 ut
1838 5775 2093 5835 arbitror.
