4044 6446
424 384 533 449 867

1607 375 2036 439 ANDRONICI
2077 374 2423 438 COMNENI

3561 373 3673 437 888

420 507 487 546 eo
530 489 945 545 lneandescente
986 487 1171 544 salvus
1208 496 1263 543 et
1302 497 1580 559 superstes
1622 496 1767 543 esset
1809 502 1991 554 nemo,
2018 491 2066 549 Α
2095 490 2325 557 aperuit,
2357 493 2410 542 et
2444 483 2630 543 eﬂ‘odit
2664 500 2810 550 eum,
2844 493 2895 542 et
2930 483 3116 539 incidit
3148 484 3202 538 in
3238 482 3468 551 foveam,
3499 500 3666 554 quam

418 582 516 639 sed
546 583 905 639 internecioni
940 597 1130 637 omnes
1162 581 1440 635 darentur.
1474 599 1494 633 ‹
1530 580 1778 635 Tetendit
1809 595 1991 633 areum

429 690 608 741 suum,
637 685 691 730 et
725 675 903 746 posuit
934 689 1020 728 me
1052 672 1205 743 quasi
1242 673 1454 743 signum
1490 674 1556 726 ad
1591 672 1927 741 sagittam“.
1967 690 1987 724 ι

424 766 517 821 Dei
555 781 765 830 arcum,
795 765 1060 820 vindicem
1100 763 1354 819 Numinis
1395 764 1693 833 potentiam
1739 764 1991 833 appellat,

419 875 523 927 qua
570 861 703 913 adeo
744 858 970 912 multata
1012 866 1095 911 est
1133 856 1437 927 Synagoga,
1467 867 1525 910 ut
1557 857 1711 925 quasi
1748 872 1989 924 scopum,

421 952 472 1005 id
504 960 608 1015 est,
635 951 876 1019 signum,
899 948 1127 1016 iaculari
1159 959 1209 1002 et
1242 957 1425 1016 petere
1453 948 1758 1003 volentibus
1791 957 1995 1003 statue-

419 1044 510 1098 rit.
541 1061 561 1093 ‹
595 1043 744 1096 Misit
771 1040 824 1094 in
858 1041 1080 1095 renibus
1111 1039 1246 1093 meis
1282 1038 1417 1094 ﬁlias
1446 1042 1712 1109 pharetra:
1740 1054 1851 1092 sum
1867 1037 1932 1094 δ’.
1968 1056 1987 1090 ι

420 1130 643 1185 Davidis
673 1130 889 1198 quidem
926 1131 992 1182 ad
1025 1126 1194 1182 Deum
1231 1128 1343 1181 haec
1372 1129 1639 1181 sententia
1668 1135 1749 1181 est
1777 1142 1793 1180 :
1832 1144 1850 1177 ι
1888 1125 1996 1181 Ure

421 1237 580 1277 renes
624 1236 794 1282 meos.
820 1232 870 1274 et
910 1236 1005 1275 cor
1050 1235 1225 1274 meum
1267 1236 1282 1273 :
1326 1220 1579 1289 quoniam
1626 1217 1994 1272 misericordia

421 1324 510 1365 tua
542 1322 664 1366 alite.
697 1314 882 1366 mulos
917 1326 1063 1365 meos
1092 1322 1175 1364 est
1210 1326 1225 1365 ε
1262 1308 1315 1364 et
1345 1309 1646 1379 cotnplacui
1684 1311 1735 1363 iu
1765 1310 1995 1365 veritate

422 1415 512 1460 tua
531 1406 599 1460 “.
633 1423 652 1456 ι
683 1404 934 1459 Accende
964 1418 1078 1458 inea
1106 1419 1231 1472 erga
1264 1416 1313 1458 te
1342 1405 1539 1469 studia,
1565 1419 1684 1472 quae
1714 1418 1808 1473 per
1838 1417 1995 1459 renes

421 1497 623 1560 innuit,
656 1508 715 1550 ut
746 1496 887 1550 idem
920 1496 1045 1549 alibi
1075 1510 1196 1550 sese
1224 1494 1456 1562 explicat
1486 1511 1502 1549 :
1540 1513 1558 1546 ι
1592 1494 1837 1560 Domine,
1872 1504 1997 1549 ante

423 1599 477 1645 te
506 1604 672 1644 omne
695 1589 1021 1642 desiderium
1054 1586 1363 1652 meum“;s
1397 1595 1449 1642 et
1481 1600 1727 1641 rursum:
1753 1603 1773 1638 α
1806 1584 1995 1641 Lumbi

423 1681 527 1735 mei
561 1677 763 1748 impleti
797 1688 921 1733 sunt
950 1677 1292 1732 illusiouibus
1310 1677 1382 1743 ⁸⁸,
1411 1694 1431 1729 ι
1463 1691 1560 1746 per
1584 1676 1701 1731 ια
1723 1675 1998 1731 contraria

421 1770 689 1827 desideria
716 1779 941 1834 notans;
969 1767 1401 1824 misericordiam
1418 1777 1475 1822 et
1492 1767 1773 1823 veritatem
1797 1780 1996 1822 vocans

423 1858 517 1914 Dei
553 1857 767 1912 Filium.
801 1856 873 1909 At
905 1854 1186 1928 Synagoga
1229 1868 1351 1909 cum
1393 1868 1453 1909 se
1492 1853 1584 1908 tali
1627 1852 1878 1909 incendio
1916 1851 1996 1905 uri

422 1963 532 2003 non
557 1947 857 2016 quaesierit,
882 1947 976 2000 sed
1009 1946 1065 2000 in
1102 1958 1442 2000 monstrosas
1471 1955 1526 2000 et
1554 1943 1820 1999 absurdas
1847 1942 1999 2012 cupi-

421 2040 621 2094 ditates
648 2036 946 2103 deﬂexerit,
975 2037 1168 2091 merito
1206 2047 1391 2102 postea
1436 2036 1487 2090 in
1537 2049 1693 2089 renes
1734 2035 2000 2104 pharetrae

424 2128 529 2183 tela
558 2127 791 2197 excepit,
822 2126 912 2181 Dei
941 2127 1171 2180 veritate
1198 2141 1306 2179 non
1335 2124 1622 2179 delectata.

501 2237 523 2272 ι
572 2219 770 2274 Factus
813 2233 930 2272 smn
981 2216 1036 2272 in
1082 2219 1321 2271 derisum
1372 2217 1519 2271 omni
1566 2214 1765 2285 populo
1816 2227 1936 2269 meo
1983 2229 1998 2267 :

422 2311 693 2365 canticum
720 2324 907 2364 eortun
941 2318 1049 2363 tota
1079 2308 1167 2363 die
1182 2309 1253 2363 “.
1286 2327 1305 2360 ι
1336 2306 1543 2373 Gloria,
1573 2307 1766 2376 inquit,
1794 2305 2000 2374 pridem

422 2400 646 2464 ﬂorens,
674 2414 818 2453 nunc
852 2397 1089 2453 ludibrio
1123 2415 1267 2465 sum,
1296 2408 1351 2452 et
1381 2397 1671 2451 cantilenis
1707 2412 1771 2450 ac
1804 2395 2003 2449 carmi-

426 2491 588 2545 nibus
615 2489 727 2544 Deo
757 2489 1082 2553 decantatis,
1112 2489 1420 2543 hominibus
1456 2502 1746 2556 perennem
1781 2486 2005 2542 cantile-

428 2595 553 2633 nam
590 2589 750 2648 atque
785 2594 1014 2635 sannam
1051 2581 1284 2647 praebeo.
1353 2596 1372 2630 ι
1413 2576 1659 2647 Replevit
1691 2592 1775 2632 me
1808 2576 2007 2631 amari-

434 2672 734 2736 tudinibus,
764 2670 1053 2726 inebriavit
1110 2686 1195 2724 tne
1228 2670 1500 2724 absinthio
1516 2670 1584 2722 ⁸⁷.
1617 2687 1638 2721 ›
1678 2667 1815 2735 Quid
1850 2668 1944 2735 ita,
1972 2682 2006 2723 0

433 2760 737 2829 Syuagoga,
764 2774 798 2814 o
836 2759 1038 2824 scelus,
1072 2773 1106 2814 ο
1139 2758 1435 2828 ﬂagitium?
1469 2758 1625 2826 Quod
1668 2759 2005 2827 unigenitum

433 2850 526 2903 Dei
557 2848 754 2905 Filium
780 2848 904 2904 felle
934 2859 987 2904 et
1013 2859 1168 2905 aceto
1194 2850 1415 2919 potasti,
1439 2851 1542 2920 per
1565 2864 1723 2920 quem
1761 2866 1782 2905 ι
1815 2850 2005 2903 suxisti

432 2941 540 2995 mel
574 2941 641 2996 de
674 2949 853 3011 petra,
877 2940 1165 3011 oleumque
1197 2942 1263 2996 de
1295 2955 1430 2997 saxo
1458 2940 1752 2997 durissimo
1766 2938 1837 2996 “.
1875 2958 1910 2994 ι.
1938 2969 2011 2981 -

438 3050 457 3084 t
507 3032 572 3087 Et
616 3032 780 3102 fregit
820 3031 889 3087 ad
936 3046 1221 3087 numerum
1254 3032 1444 3088 dentes
1488 3047 1637 3089 meos
1654 3032 1723 3089 ⁵⁸.
1764 3051 1784 3085 ι
1833 3031 2006 3088 lure:

430 3125 697 3194 siquidem
740 3124 905 3193 impie
951 3124 1159 3193 lignum
1203 3124 1255 3178 in
1323 3138 1520 3194 panem
1563 3123 1678 3192 ejus
1724 3124 1918 3180 misisti
1937 3125 2004 3179 '°.

438 3233 457 3266 ι
500 3215 709 3270 (libavit
745 3229 830 3270 me
864 3214 1049 3269 cinere
1085 3230 1100 3267 :
1136 3224 1188 3269 et
1225 3215 1437 3284 repulsa
1470 3223 1555 3270 est
1588 3229 1618 3269 a
1654 3228 1786 3284 pace
1825 3216 2003 3269 anima

431 3325 551 3365 mea
577 3311 646 3365 ⁸¹.
687 3326 709 3361 ι
765 3308 882 3365 Νοιι
933 3309 1174 3379 injuria,
1207 3309 1424 3379 quando
1472 3306 1789 3364 fastidiebas
1837 3306 2005 3374 illum,

436 3399 529 3470 qui
571 3408 622 3455 te
660 3409 887 3470 paverat
931 3412 1151 3465 manna,
1182 3407 1238 3454 et
1276 3413 1425 3464 eum,
1453 3398 1544 3468 qui
1586 3413 1714 3454 vera
1758 3407 1837 3454 est
1883 3411 2008 3467 pax,

430 3490 703 3548 lethaliter
731 3491 949 3546 oderas.
985 3509 1004 3543 ‹
1037 3486 1248 3546 Oblitus
1277 3506 1397 3546 sum
1427 3490 1690 3546 bonorum
1724 3507 1741 3549 :
1768 3499 1826 3547 et
1849 3490 1960 3546 dixi
1992 3506 2009 3545 :

432 3581 605 3637 Periit
654 3581 880 3636 victoria
926 3594 1079 3647 mea,
1117 3590 1172 3635 et
1211 3595 1337 3651 spes
1383 3595 1504 3637 mea
1552 3597 1583 3636 a
1632 3580 1944 3639 Domino".
1985 3599 2006 3635 ι

437 3672 662 3728 Scilicet
701 3671 935 3727 fructum
984 3672 1134 3742 capis
1180 3673 1402 3742 dignum
1447 3672 1608 3729 factis
1655 3690 1670 3728 :
1714 3682 1823 3728 tam
1868 3672 2011 3729 enim

440 3765 723 3821 removiin
769 3766 926 3836 longe
968 3763 1067 3821 Dei
1106 3767 1557 3831 misericordiam,
1581 3774 1641 3822 ut
1672 3782 1780 3823 non
1812 3768 2011 3836 solum,

437 3860 581 3928 quod
632 3856 852 3924 fateris,
893 3857 1066 3914 oblita
1120 3866 1267 3914 retro
1310 3859 1386 3915 sis
1429 3858 1725 3927 bonorum;
1777 3861 1871 3916 sed
1914 3874 2016 3916 nec

437 3965 591 4021 spem
637 3951 855 4020 quidem
896 3950 1151 4021 deinceps
1192 3951 1359 4007 ullam
1400 3960 1604 4009 teneas.
1644 3970 1664 4006 ι
1713 3950 1866 4009 Oculi
1907 3953 2014 4009 mei

438 4039 757 4098 defecerunt
777 4056 900 4096 cum
922 4041 1033 4096 vita
1057 4055 1178 4096 mea
1201 4056 1363 4113 super
1386 4041 1527 4098 tilias
1550 4042 1724 4114 gentis
1745 4057 1879 4100 meae
1892 4042 1964 4098 ⁸³.
1989 4060 2012 4098 ι

439 4134 608 4192 Filias
630 4137 828 4206 gentis.
856 4136 945 4191 hic
967 4137 1177 4193 vicinas
1209 4139 1369 4194 urbes
1392 4147 1450 4192 et
1477 4137 1735 4194 ﬁnitimas
1751 4138 2015 4210 propheta

439 4228 704 4285 nominat.
763 4245 783 4281 ι
840 4227 1073 4285 Posuisti
1129 4244 1229 4285 nos
1285 4231 1339 4285 in
1392 4230 1573 4287 medio
1623 4231 1940 4301 populorum
1997 4247 2013 4286 :

438 4329 768 4389 aperuerunt
799 4336 965 4389 super
996 4336 1095 4376 nos
1127 4336 1189 4376 os
1222 4336 1384 4377 suum
1427 4337 1618 4380 omnes
1663 4324 1868 4379 inimici
1884 4323 1952 4380 “.
1989 4341 2010 4376 ι

440 4413 575 4469 Nam
610 4414 701 4483 qui
735 4411 828 4468 Dei
866 4413 1059 4467 Filium
1103 4414 1331 4469 concilio
1373 4416 1671 4483 stitissent,
1713 4417 1927 4488 iigvelut
1959 4417 2015 4473 in

439 4518 645 4560 corona
677 4505 908 4573 quadam
945 4504 1199 4573 populosa
1232 4507 1479 4564 dicteriis
1509 4517 1564 4564 et
1597 4509 1794 4579 capitis
1838 4519 2015 4566 mota-

443 4597 579 4652 tioni
627 4611 722 4666 per
761 4603 951 4666 gentes
996 4607 1160 4667 atque
1208 4600 1435 4670 populos
1475 4603 1750 4672 prostituti
1800 4605 2016 4659 sunt".

441 4689 523 4743 Ac
567 4686 1022 4756 quemadmodum
1065 4688 1339 4745 Christum
1386 4692 1691 4750 maledictis
1734 4694 2020 4750 conscide-

445 4783 594 4841 runt,
625 4775 699 4828 ita
735 4773 792 4828 iu
829 4789 924 4830 eos
956 4790 1174 4846 quoque
1207 4778 1440 4856 hostium
1473 4784 1715 4840 omnium
1758 4798 1821 4841 os
1861 4798 2021 4855 aper-

443 4878 565 4947 tum
617 4876 720 4922 est.
773 4886 793 4920 ι
844 4866 1146 4926 Venatioue
1206 4887 1464 4943 ceperunt
1518 4893 1604 4934 me
1658 4879 1814 4948 quasi
1864 4893 2021 4935 avent

445 4959 655 5014 inimici
707 4960 809 5013 mei
860 4960 1119 5030 gratis".
1162 4980 1182 5015 ι
1236 4966 1378 5021 Cur?
1423 4971 1549 5037 quia
1597 4970 1814 5026 irretirc
1855 4980 2020 5042 atque

440 5066 640 5121 capere
679 5051 1009 5121 unigenitum
1048 5053 1165 5121 Dei,
1198 5073 1322 5113 cum
1367 5059 1687 5116 Herodianis
1731 5071 1786 5116 et
1830 5061 2020 5117 Phari-

443 5145 568 5200 saeis
602 5143 976 5201 moliebantur.
1007 5165 1027 5200 ι
1067 5148 1240 5219 Lapsa
1281 5161 1363 5207 est
1400 5153 1453 5206 in
1495 5153 1671 5208 lacum
1706 5154 1815 5208 vita
1861 5171 1978 5211 mea
2001 5196 2020 5224 ,

445 5246 502 5291 et
550 5248 842 5305 posuerunt
892 5237 1120 5309 lapidem
1170 5259 1333 5314 super
1379 5246 1548 5300 me".
1591 5265 1610 5298 ι
1664 5246 1889 5302 Gemina
1940 5249 2026 5305 bis

444 5341 575 5388 sunt
622 5332 711 5386 illa
766 5333 1002 5402 Davidis,
1056 5336 1372 5409 Synagoga,
1419 5342 1595 5410 inquit
1653 5359 1668 5394 :
1731 5358 1750 5393 ι
1810 5339 2014 5396 Lacum

516 5541 782 5619 _‘_‘_'I_‘bren.
810 5559 891 5619 ιιι,
905 5544 1022 5619 ⁸712.
1096 5544 1142 5578 ⁸⁸
1168 5547 1292 5602 ibid.
1321 5549 1407 5603 l5.
1445 5546 1696 5619 U‘V’APsal.
1737 5566 1863 5616 xxv,
1892 5550 1946 5619 Ξ,
1968 5552 2024 5606 5.

2096 580 2304 636 fecit".
2336 598 2355 632 ι
2389 577 2530 633 Sane
2560 578 2774 633 Christo
2804 578 2857 631 in
2885 577 3051 630 imum
3079 575 3393 629 barathrum
3427 576 3669 641 condito,

2096 675 2456 742 lmpositoque
2495 670 2744 739 sepulcro
2784 669 2971 739 grandi
3015 682 3167 733 saxo,
3198 667 3446 722 eamdem
3484 668 3676 720 condi-

2097 767 2297 821 tionem
2331 764 2574 829 subiere;
2610 763 2713 817 nisi
2750 762 2892 832 quod
2930 759 3007 815 illi
3041 759 3156 813 haec
3189 759 3242 813 in
3275 758 3445 813 Deum
3477 773 3677 829 perpe-

2096 868 2328 920 trarum,
2359 854 2706 924 adhibitaque
2745 851 2988 908 custodia
3023 865 3210 905 saxum
3247 849 3427 921 sigillo
3462 851 3677 905 munie-

2094 956 2246 1015 runt;
2282 947 2408 1001 hine
2437 945 2600 1000 etiam
2645 959 2762 1015 quae
2803 945 2858 999 in
2900 958 2995 1000 eos
3034 943 3248 998 decreta
3289 952 3492 1006 essent,
3532 942 3674 998 Deus

2094 1049 2409 1105 exsecutus,
2438 1040 2581 1093 velut
2610 1038 2939 1107 obsignavit.
3002 1054 3022 1087 ‹
3061 1034 3178 1090 Filii
3216 1034 3345 1088 Sion
3382 1034 3591 1105 inclyti,
3621 1044 3677 1087 et

2095 1131 2274 1186 amicti
2306 1143 2442 1185 auro
2476 1129 2651 1199 primo
2683 1151 2694 1178 :
2727 1128 2999 1196 quomodo
3031 1126 3259 1196 reputati
3298 1136 3426 1181 sunt
3457 1125 3509 1178 in
3542 1138 3670 1180 rasa

2099 1233 2291 1285 testes,
2326 1237 2459 1290 opus
2502 1236 2759 1275 manuum
2794 1219 3043 1290 ﬁguli"?
3081 1238 3100 1271 ι
3144 1217 3234 1273 Dei
3268 1218 3574 1287 ﬁgmentum
3616 1227 3677 1270 ut

2097 1315 2366 1370 excellens
2394 1323 2448 1370 et
2473 1323 2784 1383 augustum,
2807 1311 3111 1383 suspiciens
3137 1309 3420 1380 propheta,
3442 1308 3674 1361 miratur

2097 1422 2125 1462 a
2152 1406 2353 1462 Iudaeis
2382 1414 2718 1476 corruptum,
2746 1418 2812 1459 ex
2842 1416 3008 1458 aureo
3036 1402 3087 1456 in
3120 1408 3416 1456 testaceum
3449 1400 3677 1455 commi-

2096 1516 2303 1572 grasse.
2338 1498 2442 1555 Sed
2488 1498 2732 1569 profecto
2775 1510 2965 1553 omnes
3009 1498 3143 1550 adeo
3193 1493 3433 1549 terrestri
3483 1503 3676 1547 natura

2098 1592 2383 1648 constituti
2405 1589 2685 1657 mles,
2709 1589 2883 1644 (inec
2908 1589 2965 1642 in
2994 1586 3153 1642 nobis
3172 1585 3411 1642 divinam
3443 1584 3677 1655 gratiam

2098 1684 2456 1742 informamus
2509 1691 2565 1737 ct
2623 1680 3009 1751 insculpintus,
3056 1679 3219 1748 longe
3262 1691 3427 1747 supra
3481 1689 3675 1729 aurum

2100 1788 2450 1848 gemmasque
2503 1773 2805 1844 pretiosas,
2859 1779 2919 1825 ut
2968 1784 3088 1825 cum
3142 1767 3346 1824 Davide
3398 1766 3680 1837 loquar",

2029 1847 2072 1902 Β
2106 1847 2215 1924 ιιιιιι
2272 1881 2490 1932 sumus,
2533 1874 2644 1920 tum
2699 1862 2982 1918 habemur.
3033 1862 3300 1917 Cancrum
3352 1860 3441 1913 ubi
3497 1861 3565 1910 ah
3610 1872 3682 1910 (ο

2103 1968 2244 2017 statu
2278 1975 2374 2029 per
2406 1968 2686 2028 peccatum
2721 1955 3097 2016 deturbamur,
3131 1969 3236 2006 nun
3271 1949 3478 2006 urceoli
3513 1960 3683 2003 testa-

2102 2056 2204 2120 cei,
2238 2066 2376 2123 opus
2423 2062 2679 2105 manuum
2724 2045 2890 2116 figuli,
2925 2046 3020 2101 sed
3062 2045 3253 2115 quovis
3295 2042 3462 2098 nihilo
3508 2043 3683 2110 magis

2103 2147 2292 2214 nihili,
2338 2157 2681 2216 apparemus.
2731 2160 2750 2193 ι
2801 2141 3042 2196 Ᾱὸιιίιιείι
3087 2141 3265 2209 lingua
3317 2139 3563 2192 lactentis
3614 2137 3685 2189 ad

2104 2241 2341 2311 palatum
2383 2238 2500 2309 ejus
2541 2238 2593 2290 in
2640 2235 2730 2291 siti
2776 2251 2791 2291 :
2829 2233 3036 2304 parvuli
3076 2234 3349 2302 petierunt
3384 2245 3598 2301 parem,
3628 2240 3685 2281 et

2105 2347 2216 2387 non
2249 2340 2389 2395 erat,
2412 2328 2504 2399 qui
2538 2326 2810 2397 frangeret
2837 2326 2916 2382 eis
2936 2325 3004 2380 “.
3036 2344 3054 2377 ι
3087 2324 3321 2378 Tantum
3354 2334 3457 2386 est,
3486 2320 3683 2386 inquit,

2103 2424 2301 2481 Judaaaa
2339 2425 2569 2488 crimen,
2598 2431 2659 2475 ut
2690 2420 2820 2490 legis
2854 2419 3238 2474 coercitionem
3277 2426 3514 2485 superet.
3545 2413 3682 2467 Nam

2106 2519 2162 2574 in
2205 2532 2266 2572 ea
2319 2532 2417 2587 per
2458 2514 2643 2571 Mosen
2691 2514 2764 2568 ait
2813 2512 2956 2567 Deus
3005 2530 3018 2568 :
3075 2530 3094 2563 ι
3149 2509 3536 2578 Unusquisque
3585 2521 3686 2575 pro

2106 2618 2328 2683 peccato
2357 2624 2456 2664 suo
2482 2607 2836 2673 morietur“;
2872 2625 2889 2659 ι
2923 2606 3012 2661 hic
3040 2602 3412 2659 internecione
3437 2602 3683 2666 damnat,

2109 2716 2168 2759 ut
2208 2704 2320 2774 jam
2368 2701 2634 2758 lactentes
2678 2714 2894 2771 quoque
2937 2710 2992 2754 ct
3038 2695 3273 2752 infantes
3321 2693 3723 2751 emoriantur..

2113 2815 2132 2849 ι
2181 2796 2248 2851 Ει
2291 2794 2462 2865 major
2503 2793 2693 2849 eﬂ'ecta
2739 2802 2822 2849 est
2859 2792 3118 2863 iniquitas
3164 2788 3286 2844 filim
3329 2786 3510 2857 pepuli
3552 2787 3684 2855 mei,

2111 2895 2332 2956 peccato
2364 2883 2747 2947 Sodomorum,
2777 2896 2897 2951 quae
2927 2881 3184 2936 subversa
3213 2878 3358 2934 est”
3394 2897 3413 2929 ι
3452 2878 3682 2933 subver-

2111 2979 2265 3033 sioue
2290 2987 2517 3030 aeterna.
2548 2973 2662 3029 Illic
2694 2974 2839 3027 enim
2873 2971 3122 3043 quamvis
3157 2971 3342 3040 ingens
3375 2978 3427 3024 et
3457 2969 3689 3023 horren-

2112 3072 2238 3126 dum
2289 3069 2469 3125 scelus
2513 3068 2772 3133 vertitur,
2813 3075 2868 3121 at
2918 3081 3023 3122 non
3073 3074 3419 3120 accusantem
3469 3076 3690 3132 quoque

2030 3177 2077 3239 ρ
2105 3158 2308 3229 justum
2357 3155 2458 3211 Lot
2502 3154 2835 3211 Sodomitani
2887 3168 3183 3225 peremere.
3222 3151 3509 3225 Synagoga
3556 3166 3690 3207 vero

2116 3248 2464 3320 llnigenitum
2502 3247 2618 3312 Dei,
2649 3246 2740 3316 qui
2777 3246 2942 3302 divini
2975 3245 3127 3315 regni
3163 3254 3417 3315 tanquam
3450 3243 3581 3309 dux,
3612 3242 3685 3299 ad

2113 3345 2389 3400 caelestem
2422 3341 2851 3414 Hierosolymam
2885 3356 2944 3398 se
2969 3340 3317 3404 subduceret,
3349 3338 3607 3395 scelerate
3632 3339 3689 3393 in

2113 3449 2332 3492 crucem
2367 3435 2516 3506 egit,
2550 3449 2613 3489 ac
2656 3433 3075 3490 contrucidavit.
3104 3433 3281 3501 Quare
3311 3443 3368 3488 et
3398 3432 3575 3502 majus
3605 3438 3695 3487 est

2113 3526 2251 3597 ejus,
2281 3542 2444 3598 quam
2482 3524 2732 3596 Sodoma:l
2765 3526 3046 3592 delictum,
3078 3534 3133 3580 et
3165 3524 3490 3596 supplicium
3535 3523 3691 3580 triste

2113 3632 2178 3673 ac
2210 3632 2462 3688 perenne.

2193 3727 2214 3762 ι
2268 3706 2457 3764 Melius
2502 3706 2604 3764 fuit
2653 3708 2849 3764 occisis
2900 3709 3107 3782 gladio,
3158 3723 3323 3779 quam
3383 3706 3694 3764 interfectis

2120 3800 2286 3855 lamc.
2326 3820 2347 3853 ι
2386 3800 2618 3856 Facinus
2651 3801 2883 3870 primum
2915 3810 3205 3857 exsecutus
3245 3801 3526 3872 propheta,
3559 3815 3695 3869 sup-

2122 3893 2267 3964 plicii
2294 3893 2665 3949 diversitatem
2702 3907 2823 3964 post
2855 3893 3124 3962 adiunxit,
3156 3893 3311 3964 pejus
3344 3904 3521 3948 actum
3555 3892 3698 3947 fame

2116 3996 2278 4053 quam
2324 3981 2472 4038 ferro
2511 3982 2719 4039 enectis
2758 3985 3079 4042 ostendens.
3112 4004 3132 4037 ‹
3174 3985 3365 4041 Manus
3402 3984 3695 4040 mulierum

2119 4075 2554 4131 misericordium
2600 4083 2864 4131 coxerunt
2909 4075 3055 4155 ﬁlios
3090 4092 3219 4133 suos
3238 4076 3305 4133 “.
3349 4095 3370 4130 ι
3420 4076 3567 4144 Quas
3606 4075 3699 4131 hic

2122 4167 2502 4223 misericordes
2546 4167 2786 4224 indicat?
2822 4166 2952 4235 Qua:
2992 4168 3215 4224 sceleris
3248 4182 3412 4224 sensu
3447 4176 3694 4237 accepto,

2120 4259 2324 4318 Christi
2358 4274 2574 4315 crucem
2608 4259 2800 4316 ﬂentes
2833 4264 3307 4331 consequebantur
3344 4278 3359 4316 :
3392 4277 3529 4331 quas
3562 4260 3701 4315 allo-

2123 4362 2285 4409 cutus
2332 4352 2408 4406 ait
2452 4370 2465 4406 :
2522 4369 2540 4403 ι
2589 4350 2740 4408 Filiae
2780 4351 3119 4416 Jerusalem,
3156 4353 3323 4407 nolite
3365 4354 3493 4409 ﬂere
3537 4368 3702 4423 super

2120 4459 2232 4507 me,
2257 4441 2352 4499 sed
2382 4458 2543 4513 super
2567 4459 2664 4498 vos
2696 4444 2840 4513 ipsas
2866 4444 3009 4507 ﬂete,
3027 4454 3079 4499 et
3103 4459 3267 4512 super
3300 4444 3438 4500 ﬁlios
3461 4453 3697 4499 vestros.

2050 4514 2095 4569 D
2122 4532 2387 4600 Quoniam
2417 4548 2547 4588 ecce
2572 4535 2788 4589 venient
2809 4534 2947 4601 dies,
2967 4535 3018 4588 in
3046 4535 3244 4605 quibus
3272 4534 3453 4591 dicent
3480 4554 3494 4589 :
3526 4535 3702 4589 Beata:

2124 4624 2363 4687 sleriles,
2399 4636 2454 4678 et
2493 4637 2734 4693 ventres,
2770 4627 2859 4696 qui
2916 4642 3022 4682 non
3073 4637 3397 4698 genuerunt,
3432 4639 3486 4682 et
3530 4627 3701 4681 ubera

2127 4729 2247 4785 quae
2274 4730 2381 4771 non
2417 4717 2841 4774 lactat/erunt".
2879 4737 2898 4769 ι
2939 4717 3141 4774 Horum
3174 4721 3463 4775 verborum
3498 4720 3701 4775 Christi

2124 4806 2495 4862 misericordis
2546 4821 2812 4864 memores
2859 4807 2966 4865 illae
3009 4810 3242 4878 feminae,
3276 4810 3499 4874 similes,
3531 4825 3704 4880 quan-

2124 4905 2236 4951 tum
2278 4904 2476 4966 potest,
2504 4896 2630 4966 ipsi,
2665 4912 2791 4953 suos
2817 4914 3016 4957 coxere
3057 4912 3234 4969 natos,
3267 4911 3321 4957 et
3352 4920 3369 4953 ι
3410 4900 3537 4956 facti
3578 4910 3705 4955 sunt

2127 4989 2283 5043 cibus
2326 5001 2510 5042 earum
2528 4988 2598 5044 “.
2641 5006 2660 5040 ι
2712 4990 3046 5061 Supplicium
3091 4991 3462 5049 consolatioae
3508 4992 3703 5060 majus,

2130 5094 2231 5135 nec
2270 5079 2622 5146 deprecandae
2660 5082 2821 5137 minae
2866 5083 2953 5154 (ad
2995 5099 3056 5140 se
3097 5085 3432 5156 inquiebant)
3470 5103 3485 5140 :
3541 5101 3700 5139 verax

2130 5177 2215 5224 est
2242 5169 2563 5237 promissor,
2588 5171 2739 5226 adest
2773 5181 3005 5242 tempus,
3027 5189 3155 5230 ecce
3186 5174 3331 5232 ﬂuis.
3395 5192 3417 5228 ι
3456 5176 3693 5243 Comple

2134 5260 2210 5312 vit
2241 5253 2497 5314 Dominus
2524 5261 2761 5319 furorem
2795 5278 2972 5332 suum,
3002 5264 3191 5319 eﬂ‘udit
3215 5268 3350 5321 iram
3382 5267 3708 5335 indignatio-

2134 5349 2224 5405 nis
2257 5364 2367 5406 stlte
2403 5368 2417 5406 :
2452 5362 2506 5407 et
2535 5355 2815 5410 succendit
2846 5358 3023 5425 ignem
3061 5358 3115 5411 in
3153 5357 3308 5425 Sion,
3340 5366 3394 5415 et
3428 5359 3708 5414 devoravit

2126 5552 2684 5622 “Psal.xxxvu,l0.
2774 5560 2821 5594 ’⁵⁵
2850 5562 2980 5618 ibid.
3030 5562 3085 5618 8.
3191 5562 3456 5619 “Thren.
3501 5581 3583 5623 ιιι.
3622 5567 3707 5620 Η.

445 5611 786 5694 amittis“
832 5614 1053 5694 ensem.
1077 5633 1249 5694 x399,
1282 5620 1365 5694 is.
1442 5617 1487 5650 ι’
1510 5611 1945 5694 Τιξτεοεριιωδξ

2109 5639 2274 5680 erem.
2302 5611 2380 5689 xi,
2408 5611 3085 5694 19.“ῖέίθιειιτρη.’ἦῖ’17ῖ’
3139 5634 3185 5666 ε·
3212 5611 3355 5689 ibid?
3373 5611 3458 5689 is.
3501 5611 3707 5691 ἓῖὶυἶιῐξ

448 5681 656 5771 ξίῆίλῌξδ
834 5683 922 5771 Atii,
947 5685 1035 5739 46.
1058 5688 1321 5771 ..σί-Ρευι.
1350 5705 1499 5771 mit,
1526 5689 1662 5771 l5.__
1683 5690 1755 5771 ξ’.
1780 5680 1980 5746 Thren.
2007 5709 2105 5771 tt_t._
2123 5694 2212 5771 52;
2287 5698 2332 5771 ’ξ
2359 5680 2492 5754 ibid.
2532 5698 2627 5771 55.
2648 5680 2743 5734 ἥδέ
2758 5680 3151 5768 βέέἰῗνῖιζίθ.
3213 5680 3497 5759 "ii'iii'réh.

449 5749 496 5819 ξ’
523 5751 662 5804 Psal.
690 5766 839 5815 xvtn,
866 5755 952 5808 ll.
1058 5756 1101 5788 ⁶¹
1125 5755 1328 5810 Thren.
1354 5774 1430 5819 tv.
1452 5749 1507 5813 ζ.

450 5817 505 5884 9,
532 5820 617 5875 to.
694 5820 738 5852 “
758 5822 894 5878 Luc.
920 5840 1077 5890 sxut,
1100 5826 1192 5892 28,
1212 5827 1301 5884 ‘29.
1376 5817 1423 5862 “
1445 5829 1647 5886 Thren.
1672 5845 1749 5897 tv,
1771 5829 1859 5886 l0.

1617 5760 1662 5792 “
1683 5760 1840 5836 Deut.
1866 5777 2018 5835 xxiv,
2040 5763 2140 5836 16;
2170 5766 2368 5825 Ezech.
2390 5783 2545 5836 xvtu,
2566 5769 2652 5825 l7.

2761 5774 2807 5806 ”
2828 5772 3031 5830 Thren.
3060 5789 3133 5842 iv,
3157 5774 3209 5830 6.
3313 5774 3580 5833 "Thren.
3632 5791 3708 5841 tv,
