4044 6420
423 376 535 441 ΒΛ)

1522 377 1917 443 DIALOGUS
1948 382 2245 443 CONTRA
2292 382 2626 448 JUDAEUS.

3586 384 3693 449 870

424 495 775 550 {initiamenta
818 495 1020 562 ejus".
1060 513 1078 547 ι
1126 494 1451 565 Complcvit,
1492 495 1541 550 id
1587 505 1693 562 est,
1730 498 1914 553 omnia
1960 498 2014 553 in
2042 503 2094 561 A
2120 500 2243 553 dum
2282 501 2334 554 in
2370 501 2663 571 Evangelio
2697 516 2850 559 meus
2888 500 3140 558 Salvator
3170 502 3331 558 .Iesus
3363 505 3646 561 continuat
3678 522 3694 561 :

423 601 521 642 eos
558 586 809 641 vaticinia
846 587 1161 657 complevit,
1196 587 1403 642 inanlta
1442 589 1521 643 ira
1560 596 1816 660 tanquam
1853 589 2006 658 faece,

420 680 848 748 incandescbns;
881 683 1057 751 ignem
1093 683 1359 748 incendit,
1387 686 1477 753 qui
1516 682 1737 741 Sionem
1774 700 1801 739 a
1839 684 2012 756 stirpe

424 774 664 828 I'ntnlitns
702 774 1024 842 absumpsit.
1068 794 1086 828 ι
1130 774 1505 846 chtaverunt
1540 777 1915 834 adolescentes
1954 780 2009 835 in

424 865 651 933 plateis,
705 866 890 933 polluti
949 878 1079 922 sunt
1126 869 1180 922 in
1236 872 1500 938 sanguine
1542 885 1665 926 cum
1716 887 1821 926 non
1873 888 2011 944 pos-

420 954 628 1008 sent“.
664 974 681 1005 ι
718 954 836 1009 Non
863 965 1003 1019 erat,
1026 957 1119 1027 qui
1149 972 1244 1012 eos
1278 967 1419 1012 terra
1449 960 1728 1028 conderet,
1776 963 2012 1017 tumulus

422 1047 614 1111 platea:
664 1045 864 1111 factm,
934 1047 1120 1115 itaque
1162 1063 1288 1102 cum
1334 1048 1679 1103 vestimentis
1731 1058 2008 1118 putruere.

428 1154 447 1186 ι
482 1134 810 1190 Defecerunt
834 1138 973 1192 oculi
1001 1138 1170 1192 nostri
1201 1137 1265 1192 ad
1294 1139 1556 1192 auxilium
1589 1148 1861 1203 nostrum,
1887 1154 2008 1193 cum

420 1244 559 1282 vana
593 1229 1120 1299 respectaremus".
1160 1249 1179 1282 ι
1222 1231 1586 1286 Intermortua
1623 1231 1764 1299 apud
1799 1247 1896 1285 nos
1928 1242 2013 1285 est

426 1323 704 1391 pr0pbeta:
751 1322 918 1376 David
958 1337 1059 1377 vox
1103 1323 1194 1377 illa
1240 1339 1256 1375 :
1301 1323 1482 1377 nullus
1521 1324 1613 1392 qui
1652 1337 1773 1377 cum
1817 1323 2012 1378 ﬁducia

417 1411 596 1468 dicat:
628 1429 648 1462 ι
672 1409 833 1476 Deus,
850 1409 905 1465 in
930 1410 1258 1481 adjutorium
1285 1425 1464 1466 meum
1490 1410 1736 1477 intende;
1762 1411 2010 1477 Domine,

419 1502 487 1557 ad
521 1501 883 1572 adjuvandum
913 1517 999 1558 me
1021 1500 1219 1559 festina
1237 1502 1307 1557 ὀ.
1338 1521 1359 1556 ›
1390 1532 1462 1543 -
1495 1521 1515 1555 ι
1555 1500 1909 1572 Respeximus
1940 1504 2009 1559 ad

413 1606 630 1666 gentem
658 1610 777 1664 quae
799 1594 1012 1651 salvare
1039 1610 1146 1651 non
1175 1596 1478 1666 poterat".
1508 1614 1527 1648 ι
1558 1595 1692 1663 Quia
1730 1597 1877 1650 enim
1914 1597 2009 1654 Dei

418 1701 619 1741 numen
672 1696 728 1741 et
755 1686 1016 1742 auxilium
1045 1686 1354 1757 rejecimus,
1382 1686 1505 1743 ideo
1531 1687 1586 1742 in
1616 1703 1721 1743 non
1750 1689 2005 1744 defensu-

420 1794 534 1833 ram
568 1789 783 1845 gentem
818 1780 1183 1835 intuebamur.
1222 1799 1241 1833 ι
1281 1780 1473 1837 Facies
1510 1782 1857 1837 sacerdotum
1897 1797 2007 1837 non

420 1870 781 1926 erubuerunt.
816 1891 835 1925 ι
874 1873 994 1939 Dei,
1021 1872 1218 1943 inquit,
1246 1873 1678 1929 misericordiam
1711 1873 2007 1930 sceleribus

418 1962 622 2017 nostris
668 1963 1024 2029 exclusimus,
1060 1978 1231 2026 quare
1284 1979 1384 2019 nec
1436 1969 1776 2020 sacerdotum
1827 1966 2008 2021 vultus

418 2056 634 2109 reveriti
680 2066 808 2110 sunt
844 2057 1046 2111 hostes.
1090 2076 1108 2108 ι
1151 2055 1336 2126 Neque
1371 2073 1561 2113 senum
1598 2058 1811 2114 miserti
1854 2067 2003 2124 sunt,

416 2151 597 2203 venati
651 2160 778 2204 sunt
826 2152 1082 2219 parvulos
1121 2161 1368 2218 nostros,
1405 2168 1474 2210 ne
1526 2154 1668 2210 irent
1710 2154 1767 2209 in
1813 2154 2006 2224 plateis

418 2241 620 2296 nostris
643 2242 711 2296 ⁷³.
749 2260 768 2293 ι
810 2243 1210 2312 Disparuerunt
1243 2244 1471 2315 vestigia
1510 2255 1714 2308 nostra,
1745 2262 1875 2318 ergo
1910 2245 2005 2303 de-

417 2331 542 2386 fecit
571 2332 963 2400 iniquitastua,
1002 2332 1112 2387 ﬁlia
1149 2333 1298 2399 Sion,
1332 2335 1382 2388 id
1417 2343 1520 2401 est,
1550 2335 1747 2403 deleta,
1772 2335 2006 2406 amplius

413 2423 621 2493 culpant
656 2440 761 2478 non
798 2426 1074 2482 admittes.
1110 2443 1131 2477 «
1171 2424 1289 2480 Νοιι
1329 2426 1494 2481 addet
1533 2425 1795 2482 Dominus
1837 2427 1999 2496 ultra,

414 2523 476 2568 ut
528 2515 903 2585 transmigret.
958 2534 977 2567 ι
1035 2514 1153 2571 Νοη
1214 2526 1521 2581 revertere,
1569 2516 1778 2588 inquit,
1830 2532 2003 2587 neque

413 2608 645 2676 amplius
693 2608 1028 2678 relegabere.
1054 2606 1234 2677 Atque
1282 2610 1330 2663 id
1375 2624 1560 2664 verum
1602 2623 1743 2675 esse,
1772 2608 2003 2679 probant

413 2700 691 2767 sequentia
755 2717 771 2753 :
846 2717 864 2750 ι
939 2697 1193 2754 Visitavit
1253 2699 1600 2770 iniquitatem
1674 2707 1848 2766 tuam,
1889 2700 1999 2755 ﬁlia

416 2787 621 2857 EtiOtIl;
665 2809 684 2842 ι
730 2806 836 2845 non
872 2791 1024 2862 virga
1061 2806 1215 2858 sane,
1246 2803 1305 2846 ut
1336 2801 1460 2847 ante
1502 2801 1847 2863 persecutus,
1875 2808 1997 2849 cum

414 2890 467 2936 te
518 2884 797 2954 castigans
858 2893 1171 2952 resanaret,
1218 2887 1313 2940 sed
1375 2885 1643 2941 occidioni
1706 2887 1993 2942 mandans.

420 2991 438 3023 ι
496 2972 872 3044 Discooperuit
924 2984 1141 3045 peccata
1199 2975 1372 3043 tua”,
1423 2994 1443 3028 ι
1503 2976 1555 3031 id
1604 2986 1721 3043 est,
1762 2977 1998 3048 explevit

411 3079 626 3120 omnem
661 3066 797 3119 iram
817 3066 1041 3135 justam,
1075 3070 1229 3123 tectis
1254 3069 1362 3124 tuis
1397 3064 1719 3137 sceleribus,
1748 3079 1808 3125 ut
1838 3085 1994 3140 aqua:

415 3158 462 3210 vi
493 3168 548 3212 et
577 3159 729 3227 copia
764 3173 915 3212 mare
946 3161 1212 3228 operitur.

485 3249 593 3305 Sed
628 3265 699 3305 ne
734 3254 836 3306 hoc
871 3261 1282 3322 argumentum,
1316 3253 1381 3308 ad
1416 3253 1719 3309 doctrinam
1752 3262 1807 3309 et
1841 3254 1998 3310 insti~

417 3343 681 3397 tationem
727 3354 1066 3410 susceptum,
1096 3347 1378 3399 materiam
1422 3343 1601 3399 luctus
1639 3353 1694 3398 et
1732 3344 2002 3399 laureata-

417 3435 582 3489 tionis
606 3435 920 3501 reddamus,
943 3436 1010 3491 ad
1041 3436 1294 3509 inclytam
1326 3447 1381 3492 et
1406 3437 1645 3493 divinam
1673 3438 1860 3508 gratiae
1884 3436 1998 3509 (56)

414 3526 761 3595 disciplinam
811 3528 1049 3583 orationi
1095 3529 1459 3600 gubernacula
1497 3528 1805 3585 ﬂectamus.
1837 3530 2002 3599 Igitur

411 3618 614 3672 accidit
644 3616 1036 3689 Hierosolyma:
1069 3621 1296 3675 vastitas
1332 3635 1478 3674 anno
1512 3621 1581 3675 ab
1614 3620 1746 3675 orbe
1783 3621 2002 3675 condito

412 3712 701 3781 quinquies
747 3711 1066 3780 millesimo,
1096 3713 1535 3784 quingentesimo
1568 3713 1727 3767 tertio
1760 3722 1812 3767 et
1845 3727 2003 3767 sexa-

408 3803 617 3872 gesimo
653 3820 666 3856 :
705 3818 878 3874 usque
911 3805 976 3859 ad
1012 3813 1333 3874 pra-sentem
1367 3820 1516 3869 vero,
1552 3804 1731 3860 sexies
1781 3804 2002 3858 millesi-

410 3913 562 3952 mum
631 3899 1140 3968 octingentesimum
1210 3909 1464 3953 octavum
1528 3906 1589 3965 et
1648 3898 1913 3954 decimum
1982 3916 1994 3951 :

409 3989 582 4047 Judmi
616 3992 747 4045 totis
781 3990 925 4045 mille
956 3990 1208 4045 ducentis
1242 3993 1486 4062 quinque
1520 4001 1578 4046 et
1609 3990 1996 4061 quinquaginta

410 4084 535 4139 sine
574 4097 741 4152 regno
786 4085 1058 4139 exsulant.
1092 4081 1212 4138 lam
1259 4084 1444 4138 mundi
1494 4091 1668 4138 status
1695 4092 1751 4137 et
1795 4084 1999 4138 incoluo

409 4179 598 4242 unitas,
633 4186 692 4231 ut
724 4177 792 4231 de
826 4178 1042 4231 vatibus
1077 4177 1412 4245 accepimus,
1447 4174 1514 4230 ab
1552 4173 1760 4246 Opiﬁce
1793 4184 1998 4245 septem

410 4269 665 4324 aetatibus
697 4267 967 4337 descripta
997 4275 1104 4322 est.
1133 4266 1286 4331 Quod
1321 4276 1378 4322 et
1410 4266 1666 4320 Salomon
1698 4267 1778 4322 ait
1810 4284 1824 4322 :
1866 4285 1885 4319 ε
1926 4266 1999 4320 Da

410 4372 626 4432 partem
658 4373 888 4430 septem,
912 4374 1129 4416 necnon
1160 4370 1213 4414 et
1237 4367 1359 4415 octo
1376 4358 1444 4426 ⁷⁸,
1477 4377 1496 4412 ι
1530 4368 1777 4414 octavam
1808 4374 1951 4413 nata:
1976 4375 2003 4414 s

410 4456 656 4510 futuram
716 4453 864 4507 illam
917 4461 973 4507 et
1021 4452 1410 4507 immortalem.
1460 4452 1670 4519 Quibus
1725 4452 1997 4514 decursis,

2120 608 2138 641 σ
2172 591 2562 649 Prmdicabitur
2588 595 2688 650 hoc
2715 595 3061 666 Evangelium
3092 597 3147 650 in
3178 596 3431 652 universo
3459 598 3613 663 orbe,
3640 598 3695 651 in

2116 682 2488 738 testimonium
2548 685 2800 741 Omnibus
2854 688 3106 756 gentibus
3162 705 3176 741 :
3233 698 3288 743 et
3335 696 3466 743 tunc
3509 692 3693 744 veniet

2114 776 2609 831 consummatio".
2668 796 2686 829 ι
2744 776 2883 843 Quin
2946 778 3000 831 in
3049 793 3145 833 vos
3200 793 3445 848 quoque,
3488 781 3578 850 qui
3637 789 3697 834 ut

2116 867 2463 935 beneﬁcium,
2496 869 2591 924 sed
2625 882 2813 924 revera
2847 883 3051 924 meram
3083 878 3314 939 pestem,
3343 872 3693 940 exspectatis,

2117 958 2286 1012 multa
2322 960 2533 1015 atrocia
2569 960 2712 1027 edet,
2744 974 2868 1015 cum
2901 960 2988 1013 vix
3034 960 3248 1015 tandem
3285 961 3692 1029 resipiscentes,

2115 1059 2412 1106 nostratem
2446 1052 2637 1117 Deum,
2664 1067 2851 1107 verum
2878 1051 3178 1117 Christum,
3207 1053 3477 1123 supplices
3502 1056 3699 1109 adora-

2117 1151 2229 1198 tum
2267 1145 2522 1209 venietis,
2555 1155 2607 1200 et
2643 1160 2739 1215 per
2774 1144 3202 1214 regenerationis
3243 1145 3518 1199 lavacrum
3554 1145 3698 1200 tilio-

2114 1252 2232 1290 rum
2259 1236 2349 1291 Dei
2379 1237 2725 1304 adoptionem
2756 1238 3052 1306 recipietis,
3073 1247 3129 1288 ut
3153 1246 3207 1292 et
3236 1238 3397 1291 Isaias
3422 1246 3690 1294 testatur:

2120 1346 2139 1381 ε
2198 1329 2332 1384 Cum
2381 1329 2660 1398 plenitudo
2708 1330 2951 1400 gentium
3002 1330 3311 1395 intraverit,
3343 1340 3470 1384 tunc
3515 1331 3694 1386 omnis

2113 1421 2282 1476 Israel
2326 1422 2712 1478 salvahitur".
2747 1440 2769 1474 ι
2817 1421 2934 1489 Qua
2976 1421 3044 1477 de
3081 1438 3245 1477 causa
3280 1433 3553 1478 veterator
3584 1438 3699 1494 prae

2113 1513 2328 1570 steteris
2358 1529 2419 1569 se
2454 1514 2731 1570 crudelem
2763 1515 2915 1570 vobis
2947 1515 3229 1583 praebebit,
3260 1517 3349 1584 qni
3382 1530 3490 1570 non
3521 1516 3697 1571 solum

2113 1606 2236 1661 aliis
2283 1606 2537 1661 omnibus
2583 1605 2710 1661 odio
2760 1606 2858 1671 sit,
2908 1607 3004 1662 sed
3051 1607 3215 1662 etiam
3257 1606 3441 1674 vobis.
3488 1606 3588 1674 Qui
3642 1616 3701 1662 nt

2114 1713 2296 1767 regem
2326 1708 2383 1754 et
2415 1696 2738 1753 beneﬁcium
2769 1711 3059 1754 venturum
3092 1698 3410 1767 praestolati,
3442 1699 3697 1753 damnata

2112 1788 2377 1858 ﬂagitiosa
2432 1788 2848 1856 inhumanitate,
2885 1788 3029 1844 illico
3081 1790 3354 1856 resilietis,
3390 1781 3696 1845 ad'verunt

2033 1846 2082 1905 Β
2110 1846 2412 1943 Chiistum,
2447 1879 2530 1933 cui
2577 1879 2804 1949 gloriam
2853 1879 3123 1949 tribuatis,
3155 1879 3479 1936 conﬂuxuri.
3514 1880 3699 1949 Neque

2117 1987 2248 2027 vero
2282 1971 2385 2025 alia
2422 1970 2595 2041 gratia
2628 1971 2807 2026 dirum
2845 1971 3083 2026 hominis
3118 1980 3419 2027 monstrum
3454 1981 3541 2028 est
3571 1986 3699 2029 ven-

2108 2072 2311 2127 turum,
2346 2061 2449 2116 nisi
2488 2062 2558 2117 ob
2592 2060 2871 2115 hominum
2907 2061 3128 2126 delicta,
3162 2077 3269 2130 quo
3302 2077 3396 2116 eos
3429 2070 3607 2127 vexet,
3640 2072 3697 2116 et

2106 2167 2268 2209 omne
2297 2153 2551 2207 vitiorum
2581 2169 2751 2223 genus
2784 2152 3032 2218 invehat;
3070 2163 3320 2208 caeterum
3354 2169 3523 2209 annos
3554 2156 3694 2209 duos

2083 2240 2230 2301 cum
2259 2244 2482 2301 dimidio
2506 2245 2596 2300 ubi
2629 2261 2807 2300 rerum
2840 2248 3096 2314 potietur,
3120 2247 3587 2303 exterminabitur.
3612 2244 3690 2301 Ea

2107 2352 2329 2409 quoilue
2362 2339 2751 2408 prophetarum
2784 2339 3028 2392 doctrina
3060 2347 3163 2394 est.

2689 2471 2920 2528 CAPUT
2960 2472 3126 2528 XLII.

2548 2585 2627 2641 De
2655 2585 2970 2658 Antichristi
2999 2587 3248 2641 aduentu.

2175 2699 2418 2756 Danielis
2460 2700 2676 2770 quidem
2718 2700 2791 2753 de
2826 2714 2889 2754 eo
2932 2700 3045 2754 haec
3087 2710 3213 2754 sunt
3245 2700 3408 2755 verba
3445 2719 3459 2755 :
3502 2701 3694 2758 Veniet

2102 2793 2371 2863 impostor
2417 2802 2470 2848 et
2520 2793 2918 2858 calumniator,
2973 2810 2991 2843 ι
3055 2792 3119 2846 Ει
3162 2802 3383 2848 sanctos
3429 2792 3690 2849 Altissitni

2103 2895 2351 2941 conteret
2384 2901 2400 2940 :
2429 2897 2484 2940 et
2514 2885 2729 2954 putabit
2756 2886 2897 2954 quod
2930 2886 3097 2953 possit
3127 2891 3340 2940 mutare
3372 2896 3613 2955 tempora
3639 2895 3693 2941 et

2100 2978 2270 3046 leges,
2296 2984 2349 3032 et
2385 2976 2670 3030 tradentur
2701 2976 2753 3029 in
2791 2990 2951 3028 manu
2989 2974 3106 3044 ejus
3144 2989 3316 3045 usque
3348 2975 3414 3029 ad
3452 2987 3686 3046 tempus,

2098 3078 2153 3124 et
2189 3077 2431 3136 tempora
2472 3077 2528 3122 et
2575 3067 2859 3122 dimidium
2907 3066 3167 3134 temporis
3185 3066 3250 3121 ⁷⁷.
3288 3086 3306 3120 ι
3356 3067 3428 3122 De
3479 3067 3689 3125 vafritie

2027 3199 2071 3256 ο
2105 3171 2284 3215 autem
2317 3160 2462 3215 illius
2492 3160 2734 3229 loquitur
2756 3158 3021 3214 Jeremias
3059 3177 3072 3211 :
3117 3176 3137 3210 ι
3176 3157 3447 3214 Clamavit
3475 3161 3686 3231 perdix,

2108 3252 2458 3324 congregavit
2487 3267 2608 3322 quae
2644 3267 2750 3306 non
2784 3253 2989 3322 peperit
3028 3267 3043 3304 :
3078 3250 3283 3306 faciens
3312 3250 3529 3306 divitias
3559 3267 3690 3308 suas

2104 3362 2209 3400 non
2257 3358 2379 3398 cum
2421 3343 2630 3414 judicio
2671 3360 2685 3397 :
2734 3345 2786 3398 in
2832 3341 3060 3397 dimidio
3103 3343 3311 3397 dierum
3358 3342 3477 3412 ejus
3516 3345 3688 3399 relin-

2103 3446 2271 3507 queut
2297 3452 2444 3502 euut,
2471 3447 2525 3491 et
2556 3437 2608 3490 in
2644 3435 2958 3491 novissimis
2988 3437 3101 3492 suis
3131 3437 3236 3491 erit
3269 3436 3530 3506 insipiens
3550 3435 3620 3492 ".
3658 3455 3676 3487 ι

2104 3531 2249 3584 Idem
2284 3544 2499 3583 rursum
2533 3544 2549 3587 :
2590 3546 2608 3579 ι
2643 3526 2959 3582 Maledictus
3007 3527 3200 3593 homo,
3236 3527 3326 3597 qui
3372 3526 3595 3581 conlidit
3635 3527 3686 3579 in

2103 3621 2352 3688 homine,
2397 3631 2451 3676 et
2506 3620 2654 3689 ponit
2704 3634 2922 3674 carnem
2977 3620 3259 3674 bracbimn
3317 3634 3509 3686 suum,
3553 3628 3609 3675 et
3659 3635 3689 3673 a

2106 3718 2336 3772 Domino
2378 3715 2583 3769 recedit
2619 3729 2714 3768 cor
2747 3712 2886 3782 eius.
2926 3712 3041 3766 Erit
3081 3715 3224 3766 enim
3270 3711 3424 3781 quasi
3469 3712 3689 3781 myrica:

2106 3810 2160 3866 in
2197 3810 2439 3875 deserto,
2473 3816 2527 3862 et
2557 3821 2663 3860 non
2698 3805 2902 3860 videbit
2932 3820 3053 3859 cum
3084 3805 3296 3859 venerit
3326 3805 3558 3872 bonum;
3593 3805 3689 3858 sed

2106 3902 2377 3960 habitabit
2404 3900 2455 3955 in
2490 3899 2738 3954 siccitate
2770 3900 2821 3952 in
2852 3899 3086 3961 deserto,
3115 3896 3168 3950 in
3207 3904 3349 3951 terra
3375 3895 3687 3966 salsuginis,

2103 4004 2160 4051 et
2192 3992 2616 4048 inbabitabili".
2656 4008 2677 4042 ι
2725 3989 2791 4044 Ει
2827 4004 3039 4044 rursum
3087 4006 3101 4043 :
3153 4005 3172 4039 ε
3215 3988 3271 4042 In
3316 3986 3410 4042 illo
3447 3996 3690 4057 tempore

2106 4089 2319 4143 dicetur
2348 4083 2546 4157 popqu
2579 4083 2707 4138 huic
2736 4091 2793 4137 et
2819 4079 3121 4135 Jerusalem
3152 4095 3171 4136 :
3204 4077 3441 4147 Spiritus
3480 4080 3689 4133 erroris

2104 4179 2159 4233 in
2207 4179 2455 4243 deserto;
2499 4172 2583 4229 via
2636 4173 2758 4227 ﬁliae
2798 4171 2982 4241 populi
3028 4171 3165 4234 mei,
3204 4186 3309 4224 non
3351 4170 3418 4223 ad
3460 4182 3687 4238 purum,

2107 4282 2284 4338 neque
2315 4268 2381 4322 ad
2419 4275 2696 4321 sanctum.
2732 4261 2967 4332 Spiritus
3000 4260 3314 4328 repletionis
3346 4259 3522 4314 veniet
3554 4257 3686 4312 mihi

2105 4364 2172 4419 ab
2205 4363 2309 4418 his.
2342 4362 2482 4416 Ecce
2511 4358 2663 4429 quasi
2697 4357 2869 4412 nubes
2902 4355 3181 4419 ascendet,
3208 4364 3263 4408 et
3292 4354 3446 4423 quasi
3482 4362 3688 4421 tempe-

2105 4464 2218 4508 stas
2253 4465 2448 4507 currus
2476 4449 2610 4517 ejus,
2663 4448 2962 4502 velociores
2996 4446 3192 4515 aquilis
3224 4447 3344 4514 equi
3381 4447 3495 4513 ejus
3529 4461 3542 4496 :
3577 4458 3682 4499 vox

410 4545 640 4600 exsisth
671 4543 814 4599 taeda
846 4544 1083 4599 hominis
1112 4543 1251 4608 lues,
1280 4542 1430 4606 illex,
1455 4554 1510 4596 et
1535 4542 1818 4611 impostor,
1842 4556 1998 4610 quem
2033 4536 2077 4592 D
2108 4546 2252 4602 enim
2295 4541 2665 4599 annuntiantis
2697 4556 2726 4593 e
2763 4539 2876 4592 Dan
2913 4539 3096 4592 veniet
3112 4537 3179 4589 ⁸⁸.
3215 4555 3234 4589 ι
3276 4536 3342 4591 Ει
3373 4536 3479 4589 alio
3515 4538 3632 4590 loco
3669 4553 3683 4588 :

413 4652 514 4693 vos
537 4636 815 4693 Christum
850 4645 1013 4706 atque
1035 4649 1217 4706 regem
1248 4616 1774 4705 perbibetisNeniét
1795 4643 1997 4699 autem,

411 4744 524 4785 non
563 4741 621 4785 ιιι
652 4744 805 4786 meus
838 4730 1099 4785 Servator
1133 4737 1297 4798 atque
1338 4727 1515 4793 Deus,
1567 4729 1897 4798 redemptor,
1930 4742 1997 4780 ac

412 4821 605 4876 salutis
646 4823 841 4876 vindex
894 4823 1180 4886 humanae;
1233 4825 1327 4876 sed
1385 4830 1544 4885 teter,
1592 4829 1645 4875 et
1692 4820 1993 4883 infaustus,

412 4914 775 4978 calamitates,
807 4928 1090 4984 angorem,
1121 4914 1261 4968 mala
1286 4912 1490 4978 omnia,
1522 4921 1576 4966 et
1606 4911 1856 4966 miserias
1886 4921 1997 4965 tra-

414 5006 574 5062 hens.
607 5005 742 5060 Nam
780 5007 917 5060 adeo
949 5005 1365 5061 simulacrorum
1403 5006 1604 5060 cultum
1637 5020 1745 5060 non
1782 5019 1999 5073 compe-

415 5107 553 5161 scet,
581 5106 676 5152 aut
704 5100 770 5150 ad
802 5097 893 5152 Dei
933 5098 1178 5153 notitiam
1216 5107 1406 5167 gentes
1439 5098 1693 5159 adducet,
1722 5103 1781 5149 ut
1812 5104 2002 5150 contra

414 5197 470 5241 et
510 5168 752 5244 errorem
801 5189 1100 5258 publicare,
1135 5198 1190 5243 et
1236 5196 1391 5257 aptos
1439 5186 1531 5241 Dei
1573 5187 1776 5241 notitiae
1813 5202 2002 5240 omnes

417 5289 629 5349 nactus,
658 5280 727 5334 ab
757 5294 820 5334 ea
857 5280 1148 5336 demovere
1187 5281 1256 5334 sit
1285 5289 1607 5339 conaturus,
1641 5278 1999 5347 quemadmo-

489 5456 532 5487 ⁸⁷
557 5456 758 5510 Tbren.
797 5471 847 5509 Iv
872 5456 961 5510 II.

417 5525 466 5557 ⁷⁵
498 5525 674 5579 Eccle.
702 5541 778 5592 ιι,
800 5525 855 5578 2.
965 5526 1008 5557 ⁷⁸
1033 5525 1221 5579 Matth.
1250 5540 1398 5590 xxrv,
1420 5525 1508 5579 I4.

1037 5455 1084 5487 “‘
1108 5454 1238 5508 ibid.
1263 5455 1350 5509 I4.
1391 5454 1437 5487 "
1465 5454 1594 5510 ibid.
1624 5456 1709 5509 I7.
1751 5455 1797 5487 "°
1824 5454 1968 5510 Psal.
1993 5468 2143 5513 LXIX,
2172 5455 2224 5509 I.

1620 5527 1667 5558 ⁷⁸
1694 5527 1799 5580 lsa.
1828 5541 1940 5589 er,
1960 5524 2063 5590 20;
2099 5522 2261 5578 Rom.
2283 5539 2362 5589 xt,
2384 5522 2475 5575 25.

2109 4654 2130 4689 ε
2165 4637 2212 4691 A
2242 4636 2354 4693 Dan
2385 4636 2598 4690 auditus
2631 4641 2713 4689 est
2744 4631 2993 4686 fremitus
3026 4645 3287 4701 equorum
3320 4628 3458 4698 ejus,
3493 4646 3522 4681 a
3556 4643 3690 4682 vace

2101 4730 2408 4785 ltinnituum
2465 4733 2826 4797 pugnatorum
2880 4723 3002 4791 ejus
3054 4729 3325 4777 commota
3374 4729 3460 4775 est
3494 4720 3687 4773 omnis

2102 4829 2247 4877 terra
2285 4837 2299 4874 :
2333 4829 2388 4874 et
2412 4827 2675 4872 venerunt
2700 4826 2753 4870 et
2780 4816 3183 4870 devoraverunt
3216 4821 3442 4877 terram,
3471 4820 3523 4864 et
3562 4810 3683 4879 ple-

2112 4913 2408 4970 nitudinem
2436 4910 2552 4978 ejus
2579 4926 2592 4963 :
2618 4909 2804 4964 urbem
2829 4917 2881 4962 et
2905 4907 3237 4962 habitatores
3261 4905 3458 4975 ejus”.
3488 4922 3506 4955 ›
3532 4903 3690 4968 Quae-

2109 5004 2337 5059 rendum
2378 5013 2565 5055 verum
2615 5008 2719 5063 est,
2758 5013 2856 5052 cur
2901 4997 2989 5052 hic
3038 4997 3302 5066 pr0pheta
3347 4992 3503 5062 hujus
3548 4991 3684 5055 Dan,

2112 5111 2219 5152 non
2251 5093 2440 5157 semel,
2469 5094 2564 5147 sed
2609 5092 2692 5146 bis
2726 5090 2989 5144 meminit.
3022 5088 3165 5142 Cur?
3194 5088 3268 5139 Ex
3304 5085 3443 5138 tribu
3474 5082 3610 5146 Dan,
3633 5088 3689 5134 et

2105 5186 2321 5251 ludam,
2350 5193 2404 5238 et
2437 5182 2833 5237 Antichristum
2879 5180 3208 5250 prodituros.
3239 5176 3422 5242 Itaque
3454 5172 3520 5226 de
3551 5171 3687 5224 Juda

2108 5284 2219 5335 haac
2260 5287 2385 5331 sunt
2416 5275 2633 5331 Israelis
2668 5275 2832 5328 verba
2880 5289 2896 5328 ;
2947 5289 2966 5323 ι
3008 5270 3125 5324 Erit
3161 5269 3273 5322 Dan
3316 5264 3625 5333 serpens”.
3660 5278 3682 5312 ι

2301 5455 2342 5486 ⁷¹
2368 5450 2574 5505 Thren.
2599 5465 2675 5509 IV,
2700 5449 2786 5505 Π.
2861 5447 2907 5478 ⁷⁸
2932 5446 3063 5499 lilitl.
3092 5444 3178 5509 I6,
3202 5443 3291 5498 18.
3366 5441 3413 5474 ⁷³
3437 5442 3568 5497 ibid.
3593 5441 3684 5495 22.

2577 5521 2623 5552 ’⁸⁷
2652 5519 2788 5573 Dan.
2811 5532 2909 5584 vu,
2932 5515 3025 5571 25.
3123 5516 3167 5548 ⁷⁸
3186 5514 3388 5570 Ierem.
3414 5528 3549 5578 xvu,
3591 5513 3678 5565 ll.

418 5593 464 5629 "
486 5595 617 5650 ibid.
641 5596 696 5658 5,
721 5589 774 5651 6.
850 5597 897 5628 ⁸ο
920 5596 1121 5652 Jereut.
1148 5609 1221 5661 tv,
1246 5595 1334 5662 11,
1361 5589 1448 5649 I2.
1523 5595 1567 5628 ⁸¹
1591 5593 1793 5650 Jerem.
1821 5611 1935 5661 VIII,
1962 5597 2002 5648 It

2123 5594 2170 5626 ⁸⁸
2192 5593 2326 5650 Gen.
2352 5607 2496 5659 xcrx,
2522 5589 2607 5646 I7.

493 5755 603 5822 (36)
636 5755 692 5807 Id
725 5763 828 5818 est,
857 5753 1185 5823 evangelicae
1219 5754 1522 5821 doctrinae;
1555 5767 1714 5808 omne
1746 5765 1922 5808 autem
1956 5753 2009 5809 id

425 5836 638 5895 tempus
665 5829 807 5896 quod
842 5840 871 5880 a
899 5824 1142 5894 Christo,
1166 5825 1259 5895 qui
1286 5824 1538 5883 Mosaicis
1565 5824 1762 5883 ritibus
1787 5838 2009 5881 succes-

2107 5753 2199 5815 sit,
2231 5760 2414 5805 manat
2453 5759 2507 5805 et
2539 5748 2801 5810 decurrit,
2835 5747 3023 5817 gratiae
3062 5752 3294 5816 tempus,
3319 5738 3688 5800 ecclesiastici

2107 5823 2400 5893 scriptores
2427 5833 2624 5878 vocare
2648 5819 2851 5875 solent.
