4044 6440
384 361 487 429 87!

1583 357 2016 430 ANDRONICI
2057 353 2406 420 COMNENI

3538 361 3649 426 872

388 483 465 537 De
487 478 829 537 Antichristo
858 477 1048 533 scribit
1073 474 1340 533 .Ieremias
1376 491 1391 529 :
1432 479 1449 527 δ
1488 471 1600 530 Vox
1635 475 1960 530 annuntian-
1986 481 2036 539 Α
2140 470 2235 526 Vir
2265 472 2485 542 quidam
2520 469 2894 539 Christianus,
2927 471 3248 542 parentibus
3287 479 3341 526 et
3373 473 3545 530 atavis
3578 477 3650 531 ab

387 578 456 632 tis
482 590 512 630 e
537 577 652 630 Dan
684 571 944 628 veniet”.
983 587 1002 623 ι

456 663 575 720 .Iam
610 664 676 717 de
709 659 1046 715 administris
1076 671 1297 730 quoque
1331 656 1485 712 Isaias
1524 665 1605 712 est
1636 655 1910 712 sententia
1945 671 1960 708 :

393 777 412 811 ι
455 756 555 823 Qui
590 753 791 826 paratis
823 753 1051 808 daemoni
1087 765 1355 814 mensam,
1385 759 1439 805 et
1470 748 1704 819 impletis
1737 747 1966 802 fortuna;

385 850 682 922 potionem,
718 861 908 902 omnes
951 845 1002 899 in
1034 845 1358 899 mactatione
1383 841 1664 900 cadent".
1690 860 1710 894 ›
1748 842 1814 897 Et
1841 856 1965 896 rur-

388 958 506 997 sum
541 959 556 995 :
596 959 614 991 ‹
647 938 1122 993 Exacerhaverunt
1151 934 1411 1006 Spiritum
1445 945 1721 998 sanctum;
1753 943 1808 987 et
1837 946 1965 987 con-

389 1047 579 1089 versus
608 1039 692 1085 est
721 1030 798 1084 eis
832 1028 885 1080 in
915 1027 1252 1082 inimicitiam
1273 1025 1342 1079 ⁸⁸.
1375 1042 1394 1076 ι
1435 1023 1510 1078 De
1539 1022 1757 1077 interitu
1785 1031 1965 1076 autem

392 1127 554 1195 hujus
579 1124 888 1196 perduellis,
918 1121 1060 1176 idem
1095 1119 1366 1173 memoriae
1401 1117 1636 1188 prodidit
1671 1133 1685 1170 :
1731 1133 1750 1167 ‹
1787 1113 1844 1169 lu
1881 1115 1970 1170 die

393 1220 481 1274 illa
512 1218 729 1273 inducet
752 1215 1010 1269 Dominus
1037 1211 1275 1282 gladium
1327 1222 1572 1265 Sanctum
1594 1219 1648 1262 et
1670 1222 1920 1277 magnum
1950 1222 1966 1260 :

394 1323 448 1365 et
488 1309 783 1363 extendens
826 1320 1043 1362 manum
1087 1311 1272 1358 contra
1316 1303 1626 1365 draconem,
1659 1307 1968 1370 serpentem

395 1411 735 1463 tortuosum,
791 1397 1001 1451 occidet
1056 1395 1316 1449 Dominus
1379 1403 1556 1447 cetum
1622 1391 1711 1460 qui
1777 1399 1859 1445 est
1913 1389 1968 1444 in

397 1493 616 1547 mari“.
661 1508 679 1542 ι
727 1489 792 1543 Et
843 1487 1007 1544 David
1050 1488 1115 1541 de
1155 1501 1282 1540 vero
1327 1484 1546 1539 Christo
1590 1503 1605 1538 :
1653 1503 1672 1536 ί
1725 1482 1968 1539 nemini-

398 1594 620 1640 scentur
647 1593 702 1638 et
731 1589 1114 1636 convertentur
1145 1579 1212 1632 ad
1248 1577 1535 1634 Dominum
1568 1575 1804 1631 universi
1837 1575 1973 1634 fines

404 1687 562 1731 terrae
594 1693 607 1728 :
642 1685 695 1729 et
723 1673 1021 1729 adorabunt
1049 1671 1102 1726 in
1135 1680 1426 1740 conspectu
1455 1667 1570 1736 ejus
1601 1667 1868 1723 universae
1895 1665 1974 1722 fa-

399 1768 562 1822 miliae
594 1765 916 1837 gentium".
955 1782 973 1816 ι
1007 1762 1193 1818 Videte
1225 1772 1281 1816 ut
1313 1760 1516 1815 nullum
1547 1775 1767 1826 regnum
1803 1771 1973 1826 usque

400 1860 465 1913 ad
501 1835 869 1938 exspectatum
902 1871 933 1909 a
963 1856 1115 1908 vobis
1145 1852 1348 1908 rabula:
1378 1852 1668 1906 adventqu
1704 1850 1976 1918 relinque-
2008 1835 2050 1891 Β

398 1962 506 2012 tur,
533 1949 660 2017 quin
693 1946 968 2002 Clnistum
994 1961 1180 1999 verum
1216 1943 1380 1997 Deum
1413 1955 1705 1998 veneretur
1733 1961 1747 1998 :
1783 1959 1802 1994 ι
1836 1943 1972 2009 Quia

395 2041 606 2096 Domini
651 2049 735 2094 est
777 2055 1036 2109 regnum,
1070 2050 1123 2092 et
1161 2039 1275 2108 ipse
1310 2038 1679 2093 dominabitur
1710 2038 1971 2104 gentium.

397 2128 863 2182 Mamlucaverunt
934 2135 986 2180 et
1060 2128 1424 2180 adorat-erunt
1494 2139 1684 2180 omnes
1752 2124 1976 2192 pingues

399 2228 555 2274 terrae
579 2217 646 2270 ⁸⁸.
692 2236 712 2270 ι
768 2216 1002 2286 Pingues
1050 2215 1136 2268 hic
1185 2216 1398 2285 piorum
1450 2223 1659 2269 mentes
1708 2213 1973 2284 appellat;

396 2325 514 2377 qua:
541 2318 594 2362 et
620 2309 870 2363 volucres
900 2316 1025 2362 sunt
1055 2308 1189 2376 (37),
1215 2307 1510 2360 secundum
1542 2306 1735 2376 legem,
1763 2305 1977 2358 virtuti-

395 2402 496 2454 bus
528 2417 544 2455 :
574 2416 692 2467 quae
721 2399 940 2454 Christo
971 2400 1264 2468 supplices,
1297 2399 1412 2466 ejus
1447 2408 1501 2452 et
1530 2413 1746 2453 sacrum
1777 2412 1975 2467 corpus

394 2492 622 2561 epulatae
668 2501 818 2554 sunt,
865 2502 920 2545 et
963 2492 1278 2561 sanguinem
1328 2491 1604 2545 biberunt.
1664 2509 1684 2542 ι
1724 2489 1782 2544 In
1843 2505 1978 2544 con-

397 2593 581 2652 spectu
623 2582 740 2651 ejus
783 2583 980 2637 cadent
1020 2597 1232 2646 omnes,
1259 2582 1349 2650 qui
1389 2582 1722 2649 descendunt
1764 2582 1816 2635 in
1864 2591 1975 2635 ter-

397 2691 512 2728 ram
532 2675 606 2740 ⁸⁹;
645 2675 854 2727 animos
891 2675 946 2727 in
983 2685 1183 2727 terram
1221 2674 1616 2728 descendentes
1649 2683 1826 2737 vocat,
1860 2683 1979 2728 stu-

397 2767 486 2818 dio
535 2779 738 2828 rerum,
776 2779 893 2831 quae
939 2763 1166 2817 materia
1215 2763 1586 2827 continentur,
1623 2763 1850 2828 deﬁxos,
1885 2762 1976 2831 qui

397 2867 522 2911 ante
553 2858 845 2910 adventum
878 2870 1097 2924 quoque
1127 2855 1357 2919 Christi,
1386 2870 1449 2909 ac
1484 2855 1845 2923 praesentiam,
1877 2868 1978 2909 suo

395 2951 552 3018 quasi
613 2949 842 3018 quodam
905 2947 1222 3018 praejudicio
1281 2948 1521 3002 damnati
1581 2947 1975 3003 multabuutur.

401 3059 420 3092 ε
471 3041 532 3093 Et
567 3043 749 3094 anima
783 3054 900 3094 mea
939 3040 1014 3094 illi
1049 3041 1212 3104 vivet,
1247 3051 1299 3095 et
1332 3055 1518 3095 semen
1558 3056 1734 3095 meum
1779 3041 1980 3096 serviet

394 3133 496 3204 ipsi
516 3133 583 3186 9°.
618 3152 637 3184 ι
679 3132 946 3187 Cuinam?
983 3130 1180 3188 Genito
1221 3147 1286 3187 ex
1327 3144 1482 3189 utero
1519 3143 1646 3188 ante
1684 3132 1967 3189 luciferum

395 3224 490 3280 Dei
545 3224 718 3293 Filio;
769 3225 858 3294 qui
909 3229 976 3280 ad
1031 3235 1333 3280 extremum
1393 3225 1706 3281 incarnatus
1765 3235 1848 3282 est
1901 3243 1968 3281 ex

396 3315 617 3386 Virgine
653 3333 670 3370 :
709 3332 841 3381 non,
871 3317 1110 3388 inquam,
1143 3319 1344 3374 serviet
1377 3319 1558 3372 anima
1588 3332 1709 3373 mea
1741 3318 1816 3372 illi
1843 3320 1978 3374 diris

399 3409 594 3464 devoto
637 3410 939 3477 impostori,
975 3424 1134 3479 quem
1179 3409 1360 3464 medio
1398 3409 1517 3479 ejus
1561 3419 1804 3478 tempore
1845 3424 1973 3480 pru-

398 3501 588 3555 dentes
623 3499 951 3570 relinquent,
979 3501 1188 3572 egregii.
1213 3501 1472 3557 facinoris
1504 3501 1786 3571 praemium
1820 3516 1980 3558 coro-

394 3605 495 3646 nas
521 3591 572 3644 in
600 3591 742 3647 (:on
771 3593 1065 3661 accepturi.

961 3727 1192 3784 CAPUT
1232 3727 1419 3784 XLIII.

891 3860 969 3916 De
1001 3863 1290 3932 imaginum
1325 3864 1495 3921 cultu.

472 3969 566 4028 His
598 3980 652 4027 et
684 3971 952 4029 similibus
989 3974 1054 4030 de
1088 3975 1292 4041 causis,
1328 3990 1436 4031 non
1475 3976 1803 4045 idololatria,
1834 3981 1979 4051 quod

398 4064 761 4132 existimatis,
799 4066 1082 4137 obeunda},
1117 4068 1214 4123 sed
1265 4067 1352 4138 pie
1399 4068 1726 4140 imaginibus
1771 4073 1978 4128 cultum

395 4164 750 4226 praestamus;
797 4166 880 4212 est
926 4157 1105 4223 enim,
1161 4157 1342 4228 inquit
1388 4158 1591 4227 David,
1637 4178 1657 4214 ‹
1715 4161 1979 4219 Mirabilis

403 4246 545 4304 Deus
594 4247 649 4303 in
699 4250 901 4304 sanctis
943 4247 1141 4305 suis".
1181 4267 1201 4302 ›
1242 4247 1308 4304 Et
1348 4265 1367 4305 :
1419 4267 1439 4304 ‹
1483 4250 1585 4318 Qui
1629 4254 1860 4308 oderunt
1902 4264 1976 4322 te,

399 4339 649 4407 Domine,
683 4341 930 4405 oderam,
961 4351 1017 4396 et
1058 4355 1222 4412 super
1264 4341 1516 4399 inimicos
1559 4353 1682 4400 tuos
1728 4347 1977 4402 tabesce-

400 4427 524 4482 ham
540 4427 609 4483 θ’.
640 4446 659 4480 ι
692 4427 827 4483 Nam
863 4439 922 4484 ut
951 4431 1058 4484 Deo
1087 4429 1283 4485 charos
1310 4432 1566 4501 amplecti
1593 4443 1646 4489 et
1671 4435 1853 4491 colere
1879 4449 1978 4506 par

2069 563 2242 632 Stirpe
2295 563 2598 634 religiosis,
2642 565 2895 634 proxime
2939 563 3247 619 Iudaeorum
3305 563 3647 636 Synagogam

2071 654 2376 724 habitabat,
2408 655 2683 727 praecipuo
2729 666 2986 726 tanquam
3027 657 3355 726 patrimonio
3399 659 3650 727 aﬂ'ectus,

2069 747 2345 818 descripta
2389 750 2442 804 in
2491 749 2674 805 tabula
2713 748 2992 805 Dominica
3026 748 3200 821 eﬂigie
3236 750 3328 806 Dei
3361 761 3416 806 et
3450 750 3653 808 Serva-

2072 838 2208 896 toris
2251 838 2309 894 in
2355 839 2622 895 viviﬁcam
2664 853 2882 895 crucem
2929 839 3128 907 sulIixi,
3159 856 3280 911 quas
3317 843 3417 896 sub
3457 844 3651 898 aedium

2071 940 2216 988 tecto
2261 930 2511 988 sublimis
2560 931 2849 1003 pendebat.
2882 931 3010 987 Inde
3053 947 3174 986 cum
3219 933 3510 1003 aliquando
3551 935 3655 989 mi-

2070 1036 2234 1092 grare
2267 1036 2407 1093 opus
2442 1022 2690 1086 haberet,
2722 1031 3008 1093 exportata
3040 1023 3246 1093 reliqua
3282 1025 3431 1079 omni
3468 1026 3654 1094 supel-

2071 1114 2276 1180 lectile,
2309 1113 2533 1168 unicum
2580 1112 2727 1167 illum
2774 1113 3018 1169 divinum
3065 1114 3378 1169 thesaurum
3422 1115 3652 1186 eﬂigiem

2074 1207 2408 1273 Servatoris,
2444 1206 2632 1262 nescio
2675 1207 2836 1272 unde,
2867 1217 2922 1262 et
2954 1221 3064 1276 quo
3100 1208 3280 1272 modo,
3316 1207 3499 1262 divina
3530 1208 3657 1279 qui-

2074 1302 2194 1356 dem
2231 1311 2382 1355 certe
2413 1299 2814 1369 procuratione,
2845 1298 3046 1355 oblitus
3074 1298 3385 1368 reliquerat.
3417 1298 3494 1352 Ita
3521 1299 3659 1352 emi-

2074 1402 2266 1462 grante
2312 1392 2436 1460 pio,
2477 1390 2747 1460 extemplo
2797 1390 3114 1461 itnmigrans
3155 1389 3410 1456 Judmus,
3453 1391 3660 1460 aliquot

2076 1495 2198 1556 post
2245 1486 2440 1541 diebus
2487 1499 2672 1538 mensa
2725 1483 2986 1538 instructa
3035 1486 3291 1553 epipara,
3331 1499 3656 1555 congregem

2075 1575 2327 1633 Juda'um
2363 1577 2428 1631 ad
2465 1575 2772 1632 convivium
2807 1585 2986 1629 vocat.
3019 1574 3136 1642 Quo
3172 1587 3460 1644 praesente,
3495 1575 3658 1630 simul

2078 1672 2240 1722 anvbo
2285 1667 2390 1722 laeti
2441 1665 2648 1735 epulari
2695 1683 2710 1720 :
2760 1681 2991 1734 cumque
3039 1665 3319 1734 epulantes
3369 1683 3463 1735 per
3507 1676 3659 1722 toros

2082 1761 2520 1823 discumberent,
2574 1770 2826 1821 vocatus,
2875 1768 2929 1812 ut
2983 1773 3101 1811 mos
3151 1767 3263 1824 est,
3307 1758 3662 1814 fatnili..rdms

2081 1852 2252 1906 oculis
2283 1851 2335 1904 in
2393 1862 2593 1906 lectum
2628 1850 2897 1917 Sublatus,
2945 1851 3106 1904 amici
3140 1852 3354 1905 domum
3393 1853 3662 1906 (UI'IOSIIIS

2081 1947 2568 2011 circumspectare;
2603 1954 2654 1996 et
2682 1944 2796 1997 acie
2827 1945 2878 1996 in
2908 1944 3197 2012 imaginem
3227 1944 3467 2012 conjecta
3491 1984 3505 2008 ,
3535 1959 3660 1998 eum

2080 2049 2222 2102 esse,
2250 2050 2409 2104 quem
2453 2035 2689 2105 majores
2731 2036 2782 2090 in
2823 2053 3040 2092 crucem
3079 2036 3319 2107 egissent
3352 2047 3659 2105 perspecto,

2081 2141 2390 2196 quanquam
2439 2125 2638 2181 efferus
2683 2126 2828 2196 jam,
2869 2139 2925 2183 et
2973 2130 3026 2184 in
3083 2129 3332 2184 tetricum
3387 2139 3660 2190 mutatus,

2081 2217 2251 2272 sectis
2281 2232 2418 2286 pene
2447 2234 2509 2273 ac
2545 2221 2717 2289 ruptis
2748 2220 2908 2275 ilibus
2928 2261 2943 2286 ,
2977 2231 3154 2280 tamen
3184 2240 3251 2278 ne
3279 2222 3454 2278 amico
3484 2221 3663 2290 palam

2081 2305 2258 2372 ﬁeret,
2290 2308 2484 2361 iterum
2524 2307 2768 2363 laetitiam
2815 2311 3028 2367 mentiri
3077 2323 3130 2366 et
3173 2313 3391 2382 lingere.
3419 2311 3661 2366 Tandem

2083 2395 2354 2464 impotens
2388 2396 2494 2460 sui,
2523 2409 2574 2450 et
2610 2398 2687 2451 ira
2720 2399 2915 2464 victus,
2950 2402 3092 2470 quod
3127 2403 3387 2456 hactenus
3417 2404 3666 2464 contine-

2080 2484 2193 2552 bat,
2223 2489 2434 2555 aperire
2476 2503 2736 2543 arcanum
2774 2509 2788 2545 :
2828 2506 3026 2546 vocare
3068 2492 3360 2559 hominem,
3391 2505 3443 2548 et
3478 2495 3663 2549 divina

2081 2574 2256 2645 efﬁgie
2313 2578 2481 2647 digito
2545 2588 2796 2647 ostensa,
2848 2597 3038 2652 rogare
3097 2583 3252 2651 cujus
3310 2584 3664 2641 simulacrum

2081 2676 2247 2732 esset,
2274 2683 2342 2722 an
2391 2684 2496 2723 non
2542 2669 2829 2736 Nazareni,
2862 2689 2929 2726 an
2975 2688 3080 2728 non
3122 2673 3350 2741 Galiltei,
3380 2693 3446 2730 an
3490 2693 3593 2730 non
3631 2692 3662 2731 a

2085 2760 2384 2830 majoribus
2421 2762 2567 2817 cruci
2614 2763 2793 2817 aiIixi?
2833 2765 2986 2820 Itane
3025 2767 3188 2821 vero?
3247 2769 3440 2837 inquit,
3495 2772 3667 2824 versi-

2083 2853 2260 2922 pellis,
2289 2854 2379 2922 qui
2413 2855 2512 2909 hoc
2542 2855 2659 2911 loco
2685 2857 2782 2922 sis,
2814 2859 3178 2914 Christianam
3207 2878 3422 2932 quoque
3453 2863 3669 2933 religio-

2085 2955 2204 2992 nem
2237 2941 2424 2995 colas?
2455 2943 2547 2998 Ille
2574 2943 2731 3014 ineps
2761 2947 2995 3010 consilii,
3024 2963 3087 3002 ea
3111 2951 3325 3020 quidem
3357 2952 3435 3007 sic
3465 2952 3666 3009 habere

2084 3031 2266 3100 fateri,
2301 3043 2557 3090 caeterum
2592 3035 3001 3094 Christianismi
3036 3042 3246 3097 crimen
3280 3043 3381 3098 sibi
3419 3045 3668 3102 conscire

2088 3123 2325 3193 nullum;
2353 3124 2465 3195 jam
2496 3127 2622 3184 inde
2648 3143 2678 3182 a
2705 3131 2944 3199 proavis,
2966 3143 3022 3186 ut
3045 3133 3156 3202 ipse
3181 3135 3663 3203 nosset,.Iuda=:um,

2077 3226 2133 3268 et
2159 3215 2409 3273 Mosaicae
2437 3217 2539 3290 legi
2563 3220 2648 3276 vel
2675 3222 2727 3276 in
2755 3221 3025 3279 lanienam
3051 3225 3347 3283 addictum.
3373 3228 3666 3300 Postquam

2080 3321 2207 3363 vero
2257 3311 2506 3366 oratione
2556 3327 2664 3368 non
2717 3315 3030 3383 persuadet,
3069 3317 3138 3372 ad
3188 3334 3380 3389 preces
3432 3321 3667 3392 denique

2078 3414 2384 3470 conversus
2424 3404 2707 3472 obtestari,
2742 3421 2810 3463 ne
2847 3407 3147 3481 Synagogas
3189 3411 3536 3484 patefaceret,
3571 3416 3668 3472 sed

2079 3493 2183 3548 sibi
2229 3494 2330 3549 soli
2377 3495 2632 3554 haberet.
2664 3497 2948 3556 Pollicitus
2981 3515 3134 3572 ergo,
3165 3503 3258 3558 sed
3292 3504 3418 3562 dolo
3451 3515 3507 3562 et
3538 3522 3668 3579 per-

2073 3587 2245 3657 jurio,
2275 3589 2388 3644 abit
2419 3591 2567 3656 inde,
2594 3601 2742 3648 recta
2768 3594 2834 3650 ad
2870 3593 3212 3668 Synagogam
3242 3611 3515 3670 properat,
3544 3617 3669 3673 qua

2078 3689 2134 3736 et
2165 3683 2466 3751 cujusmodi
2501 3699 2611 3753 qua
2639 3686 2857 3756 viderit,
2891 3703 2996 3757 qua
3029 3689 3250 3757 dixerit,
3281 3701 3552 3750 recenset.
3584 3692 3666 3752 Illi

2079 3772 2148 3826 iis
2179 3773 2397 3841 auditis,
2433 3773 2708 3831 furibundi
2745 3778 2812 3832 ad
2843 3779 2988 3834 aedes
3019 3794 3049 3834 e
3082 3781 3309 3850 vestigio
3343 3783 3661 3840 convolant.

2085 3861 2187 3919 Ubi
2238 3880 2360 3934 quae
2414 3866 2823 3935 intellexerant,
2871 3885 3001 3926 vera
3059 3873 3271 3940 vident,
3319 3873 3562 3944 homini,
3607 3888 3670 3933 ut

2082 3957 2399 4014 Christiano
2443 3959 2674 4027 scilicet,
2709 3960 2962 4028 illudunt,
2994 3973 3048 4019 et
3083 3964 3476 4023 subsannatum
3519 3981 3664 4026 coetu

2081 4050 2325 4120 exigunt,
2347 4065 2412 4105 ac
2434 4053 2804 4121 proscribunt.
2823 4053 2992 4110 Porro
3014 4064 3216 4124 autem,
3235 4072 3357 4128 qua:
3377 4058 3430 4114 in
3452 4075 3664 4117 sacram

2079 4157 2144 4199 ac
2183 4142 2417 4198 divinam
2463 4141 2691 4213 elligiem
2735 4146 3052 4213 moliuntur,
3089 4149 3216 4217 quis
3253 4152 3370 4208 sine
3414 4151 3669 4226 Iacrymis

2080 4235 2306 4290 narret?
2356 4235 2644 4307 Dereptam
2693 4237 2749 4292 in
2797 4239 2991 4309 primis
3045 4240 3195 4295 humi
3247 4242 3499 4313 adigunt;
3552 4253 3664 4300 tum

2080 4325 2280 4393 quibus
2319 4325 2584 4396 exemplis
2621 4327 2856 4398 majores
2891 4329 3062 4385 vestri
3104 4346 3282 4387 meum
3315 4331 3534 4401 Iesum,
3569 4336 3666 4392 iis-

2079 4418 2317 4488 demque
2367 4419 2486 4490 ejus
2539 4419 2913 4476 simulacrum"
2949 4424 3230 4495 accipiunt
3281 4441 3297 4484 :
3354 4425 3663 4498 insputant,

401 4525 510 4583 est,
537 4517 609 4573 ita
645 4518 870 4576 infestos
902 4523 1142 4575 aversari
1175 4529 1231 4576 et
1261 4522 1462 4579 odisse.
1485 4523 1576 4578 Ait
1603 4525 1802 4596 quippe
1831 4528 1971 4584 idem

2079 4525 2289 4582 pugnos
2329 4520 2386 4568 et
2419 4511 2608 4582 alapas
2655 4512 2931 4582 ingerunt,
2963 4526 3305 4585 scurrantur,
3335 4517 3406 4574 fel
3445 4529 3500 4576 et
3538 4535 3665 4576 ace-

407 4607 678 4680 Propheta
725 4627 740 4664 :
791 4627 811 4662 t
862 4611 991 4668 Mihi
1035 4622 1217 4668 autem
1265 4614 1426 4670 nimis
1467 4615 1808 4675 honoriﬁcati
1851 4628 1980 4677 sunt

398 4701 564 4757 amici
594 4702 691 4769 tui,
722 4703 863 4759 Deus
879 4703 948 4758 ⁸³.
982 4721 1004 4758 ι

963 4837 1192 4896 CAPUT
1230 4839 1437 4899 XLIV."

398 4946 658 5019 Exempla
727 4951 832 5006 duo
893 4954 1154 5078 perﬁdia
1192 4955 1506 5079 dtcdarorum
1569 4959 1628 5015 in
1692 4960 1979 5030 imaginem

1082 5058 1116 5079 υ
1161 5043 1232 5079 m
1257 5044 1296 5079 ι.

1082 5043 1296 5082 δηηση.

467 5136 651 5208 Beryti
691 5136 779 5210 (ea
815 5137 949 5195 urbs
981 5148 1066 5195 est
1101 5155 1208 5196 non
1244 5141 1436 5213 procul
1469 5143 1538 5198 ab
1569 5142 1763 5200 illustri
1788 5145 1981 5201 Antio-

397 5229 545 5300 chia)
595 5230 703 5285 tale
750 5231 1024 5301 quoddam
1073 5233 1318 5291 insolens
1363 5235 1682 5291 miraculum
1731 5239 1979 5308 contigit,

397 5320 702 5390 voluptatis
735 5324 1075 5396 terrorisque
1107 5325 1348 5394 plenum,
1377 5337 1433 5383 et
1461 5329 1603 5399 quod
1639 5330 1830 5386 referri
1866 5345 1981 5386 me-

397 5421 602 5469 realur.

473 5594 520 5628 ⁸³
543 5593 956 5661 Jerem.tv,15.
1030 5597 1078 5631 ⁸⁸
1101 5598 1204 5652 Isa.
1230 5614 1353 5664 va,
1380 5600 1469 5656 ll.

403 5663 452 5697 ”
474 5666 608 5723 ibid.
682 5669 729 5700 '°
752 5670 885 5726 ibid.
911 5669 1002 5725 51.

1544 5601 1591 5635 ⁸⁸
1617 5601 1724 5657 Isa.
1746 5618 1896 5671 mn,
1923 5605 2010 5661 IO.

1080 5669 1122 5702 "
1149 5671 1294 5726 PSaI.
1317 5686 1484 5739 van,
1506 5672 1597 5727 ⁸56.
1672 5673 1719 5706 ’³
1740 5669 1889 5730 Psal.
1913 5693 2141 5746 xxxvtn,
2163 5680 2251 5735 2|.

2083 4612 2195 4657 tum
2228 4602 2538 4673 propinant.
2565 4600 2770 4659 Aderat
2799 4606 3051 4678 spongia,
3081 4622 3181 4664 nec
3214 4609 3401 4665 deerat
3431 4611 3663 4668 arundo.

2081 4693 2266 4750 Clavis
2293 4708 2488 4750 manus
2532 4695 2806 4766 pedesque
2836 4697 3059 4770 aﬂigunt
3090 4702 3290 4772 (neque
3318 4702 3463 4758 enim
3493 4718 3530 4774 a_
3552 4703 3666 4758 cla-

2085 4785 2169 4842 Vis
2197 4783 2550 4857 abstinetur),
2584 4785 2755 4856 spinis
2782 4798 3068 4859 coronant,
3102 4790 3258 4847 hasta
3291 4806 3322 4847 e
3353 4791 3518 4852 latere
3536 4793 3662 4864 (heu

2086 4873 2427 4946 proﬂigatam
2469 4877 2524 4932 in
2574 4880 2834 4935 extremis
2881 4881 3166 4938 audaciam
3191 4881 3230 4954 ι)
3261 4885 3580 4957 sanguinem
3610 4894 3666 4943 et

2086 4982 2287 5036 aquam
2319 4969 2559 5039 prolicit,
2588 4985 2710 5039 qua:
2739 4986 2826 5027 res
2861 4971 3079 5029 Christo
3111 4976 3316 5030 cultum
3351 4991 3416 5032 ac
3444 4977 3668 5032 celebri-

2085 5069 2250 5116 tatem
2288 5062 2524 5131 paravit.
2555 5062 2695 5118 Nam
2736 5074 3032 5135 conspecto
3074 5067 3267 5137 grandi
3309 5077 3362 5123 et
3398 5069 3669 5125 horrendo

2083 5151 2372 5219 miraculo,
2403 5162 2690 5224 postquam
2721 5156 3073 5228 scaturiginis
3105 5157 3347 5228 periculo‘
3379 5158 3544 5227 facto,
3572 5173 3670 5215 ex-

2083 5243 2307 5314 plorata:
2334 5244 2496 5301 fidem
2528 5261 2615 5303 res
2643 5246 2840 5315 fecere,
2865 5247 3056 5305 morbo
3083 5250 3231 5305 omni
3264 5258 3426 5321 atque
3450 5252 3667 5322 aegritu-

2087 5338 2216 5393 dine
2249 5340 2514 5405 curanda,
2543 5346 2597 5395 et
2628 5341 2933 5396 daemonum
2971 5351 3147 5396 turma
3183 5345 3370 5412 procul
3410 5345 3664 5409 arcenda,

2091 5429 2147 5484 in
2194 5427 2487 5500 fugamque
2523 5430 2802 5498 vertenda,
2836 5439 2948 5488 toto
2993 5431 3198 5502 animo,
3229 5442 3340 5491 tota
3381 5447 3560 5492 mente
3598 5435 3667 5490 ad

2117 5608 2164 5641 ⁸⁸
2188 5609 2296 5665 Isa.
2320 5624 2488 5675 xxvu,
2515 5612 2565 5666 Ι.

2400 5613 2620 5692 ρῳ..-
2661 5614 2705 5648 ⁸⁷
2727 5613 2873 5674 Psal.
2898 5632 3012 5688 xxi,
3034 5617 3129 5676 28.
3232 5618 3280 5654 ⁸⁸
3303 5619 3434 5679 ibid.
3457 5619 3548 5690 29,
3571 5620 3664 5680 50.

2330 5682 2376 5713 ”
2397 5682 2527 5737 ibid.
2553 5684 2642 5740 17.
2996 5682 3007 5688 ⁷
3459 5724 3461 5726 -

479 5799 594 5882 (57)
633 5803 858 5877 Alludit,
890 5807 1103 5878 opinor,
1133 5809 1203 5868 ad
1241 5811 1364 5873 lsai.
1396 5827 1486 5886 ιι,
1518 5813 1572 5875 8.
1607 5812 1743 5875 Vide
1776 5816 2106 5893 Nysscnum,
2133 5818 2209 5878 De
2235 5821 2554 5894 virginitate,
2577 5839 2698 5898 cap.
2726 5824 2814 5885 l8.
