4044 6436
336 333 448 396 873

1406 328 1802 390 DIA'IJOGUS
1832 325 2139 386 CONTRA
2172 324 2501 387 JUDfEOS.

3483 322 3593 384 87-1

319 445 598 499 Christum
634 439 849 505 mutati,
878 439 1145 510 quasique
1180 437 1482 504 reformati,
1518 452 1680 493 sacro
1724 436 1903 506 bapti-
1934 438 1980 493 Α
2020 431 2159 489 Vere
2197 435 2363 499 enim,
2398 435 2487 502 qui
2532 432 2714 487 animo
2753 432 2820 488 ad
2860 431 3254 503 primogenium
3295 431 3590 499 exemplar,

322 552 445 591 Sino
474 543 601 588 sunt
630 532 831 589 aﬂecti.

398 646 550 701 Talia
584 652 710 698 sunt
740 640 953 698 Domini
989 639 1116 695 Jesu
1176 639 1377 694 Christi
1413 638 1692 694 hominum
1725 648 1914 689 aman-

328 735 555 801 tissimi,
580 732 888 803 Unigeniti,
918 731 1099 788 Patris
1134 729 1316 796 Verbi,
1349 728 1552 796 majora
1584 726 1912 798 cogitatione

323 841 491 896 atque
536 826 720 882 verbis
762 839 961 881 arcana
1010 842 1027 880 :
1074 833 1355 892 tantopere
1397 821 1466 877 de
1509 819 1767 891 ﬁgmento
1809 832 1912 873 suo

324 921 612 993 sollicitus,
647 920 920 976 neminem
954 918 1066 974 vult
1092 918 1311 990 perire,
1349 916 1442 971 sed
1477 927 1663 969 omnes
1698 913 1763 967 ad
1798 912 1911 983 veri

323 1011 697 1077 cognitionem
726 1011 938 1065 venire.
972 1011 1147 1078 Atque
1167 1010 1280 1063 haec
1309 1006 1524 1077 quidem
1556 1003 1765 1074 Beryti.

401 1100 567 1156 Nefas
612 1116 742 1157 vero
783 1103 857 1156 sit
901 1101 1128 1156 alterum
1167 1096 1658 1163 Constantinopoli,
1693 1095 1905 1151 urbium

333 1196 562 1259 regitta‘,
582 1193 909 1248 miraculum
937 1194 1152 1248 silentio
1178 1192 1477 1262 prmterire,
1495 1203 1618 1243 cum
1643 1189 1911 1258 superiori

315 1291 547 1336 narratu
582 1282 752 1337 nihilo
783 1284 849 1338 sit
879 1283 1139 1339 deterius.
1160 1282 1220 1336 In
1253 1289 1481 1352 angusto
1506 1288 1561 1332 et
1589 1276 1731 1332 fama
1767 1279 1906 1334 cele-

328 1376 412 1427 bri
446 1372 539 1427 Dei
571 1371 865 1442 Sapientiae
896 1373 1096 1444 templo
1128 1373 1194 1444 (si
1230 1373 1485 1443 templum
1512 1382 1599 1428 est
1627 1374 1910 1426 norninan-

314 1464 478 1528 dutn,
506 1479 572 1518 ac
601 1479 708 1518 non
738 1466 927 1535 potius
957 1464 1185 1518 alterum
1214 1464 1267 1517 in
1299 1474 1442 1518 terra
1470 1464 1690 1532 malum)
1722 1474 1911 1532 puteus

321 1560 433 1617 est,
461 1550 554 1621 qui
584 1551 730 1607 aliud
764 1551 922 1619 nihil,
948 1567 1109 1622 quam
1141 1554 1283 1622 quod
1314 1559 1416 1619 est,
1449 1562 1643 1623 puteus
1670 1553 1865 1608 dicitur
1888 1571 1908 1608 :

316 1642 705 1712 opistetuidem
748 1624 933 1700 bereus
979 1645 1122 1713 ejus,
1153 1644 1221 1698 ad
1264 1658 1425 1714 quem
1472 1645 1753 1711 sapientiae
1790 1661 1913 1715 pro-

325 1736 582 1801 fundum,
616 1735 1040 1791 immortalitatis
1074 1735 1217 1800 fons,
1250 1735 1604 1805 providentiae
1643 1735 1910 1790 inﬁnitum

2018 539 2123 578 non
2159 526 2226 579 ad
2262 525 2528 580 tincturus
2559 540 2624 580 ac
2657 524 2869 581 colores
2905 533 3208 588 intuentur,
3235 537 3423 577 verum
3470 534 3595 577 ante

2018 617 2216 674 saecula
2256 625 2311 672 et
2347 617 2788 686 iuaspeetabilem
2823 615 2994 672 Deum
3024 627 3374 671 venerantur.
3408 612 3595 683 Itaque

2018 707 2251 777 majores
2295 711 2466 763 nostri
2508 709 2820 764 cherubinis
2860 724 2928 763 ex
2972 722 3105 761 auro
3146 705 3313 761 nobili
3364 704 3591 758 materie

2015 801 2391 866 conforntatis,
2434 801 2577 857 haud
2622 802 2869 872 equidem
2915 815 3105 855 aurum
3148 800 3456 866 coluerunt,
3495 801 3589 854 sed

2014 892 2366 959 cherubinos,
2399 906 2537 961 quos
2584 902 2642 944 ut
2684 892 2924 945 sanctius
2957 891 3253 945 sacrarium
3286 891 3589 957 cingerent,

2010 984 2314 1039 ﬁnxerunt.
2344 984 2422 1038 Ac
2449 984 2517 1039 de
2547 982 2874 1052 imaginibus
2899 982 3114 1051 quidem
3140 981 3422 1050 princ-lare.

2086 1095 2447 1162 Quamobrem
2474 1109 2606 1150 vero
2634 1092 3051 1148 circumcisione
3079 1091 3381 1160 repudiata,
3412 1090 3590 1156 bapti-

2017 1196 2167 1242 zatos
2197 1202 2318 1240 cum
2351 1185 2460 1240 Deo
2485 1187 2799 1251 societatem
2829 1182 3154 1239 contrahere
3173 1181 3508 1251 perhibetis?

2082 1304 2303 1358 (ὶωιιετ.
2335 1301 2415 1357 De
2454 1299 2869 1356 circumcisione
2916 1298 3091 1353 multa
3140 1295 3333 1362 locuti,
3363 1304 3419 1351 et
3458 1311 3595 1366 quo-

2014 1397 2174 1453 mch
2211 1412 2328 1449 eam
2372 1393 2721 1464 repudiemus
2756 1395 3154 1455 demonstrato,
3188 1403 3297 1445 non
3333 1398 3417 1444 est
3450 1390 3593 1459 quod

2012 1490 2081 1542 de
2108 1504 2173 1543 eo
2202 1501 2417 1541 rursum
2448 1484 2765 1540 referamus.
2836 1483 2909 1539 De
2960 1481 3234 1552 baptismo
3285 1495 3416 1537 vero
3454 1480 3597 1551 agite

2012 1579 2278 1649 prolixius
2319 1578 2673 1632 disseramus.

2590 1709 2818 1767 CAPUT
2856 1708 3020 1771 XLV.

319 1825 582 1894 pelagus,
630 1825 1018 1882 Samaritidem
1070 1826 1371 1893 allocutus,
1421 1842 1617 1895 aquam
1668 1826 1913 1882 consulto

2020 1810 2091 1864 De
2114 1811 2374 1880 ῡαριὶδιιιο
2396 1809 2821 1864 Christianorum
2848 1817 2896 1861 et
2918 1806 3032 1877 ejus
3057 1822 3174 1862 cum
3194 1806 3602 1861 circumcisione

322 1917 569 1983 petebat,
605 1917 695 1987 qui
746 1933 864 1973 eam
907 1918 1068 1973 vellet
1112 1917 1177 1971 ad
1228 1915 1325 1971 Dei
1375 1918 1581 1973 notitia:
1626 1918 1800 1972 vivam
1850 1933 1915 1973 ac

322 2009 716 2065 scaturientem
759 2024 955 2079 aquam
1010 2011 1317 2075 traducere,
1349 2019 1402 2064 et
1447 2008 1606 2079 quasi
1648 2009 1913 2065 derivare.

330 2096 410 2154 Eo
464 2098 679 2170 piorum
737 2097 1025 2154 multitudo
1081 2097 1420 2162 conﬂuebat,
1477 2097 1693 2153 insitam
1741 2095 1795 2149 in
1851 2111 1916 2152 eo

324 2205 543 2244 sacram
576 2190 684 2244 vim
712 2188 1057 2261 percepturi;
1088 2197 1142 2247 et
1171 2187 1333 2245 simul
1359 2190 1452 2260 qui
1485 2203 1647 2257 supra
1677 2187 1917 2242 orienta-

324 2279 431 2335 Iem
467 2290 680 2350 portam
715 2281 1050 2351 descriptum
1085 2281 1139 2336 in
1178 2280 1381 2348 tabula,
1417 2290 1473 2336 et
1510 2280 1657 2335 velut
1690 2279 1915 2334 dedica-

329 2383 444 2426 tum
476 2373 700 2442 pictoris
731 2388 891 2426 manu
916 2372 1264 2427 Dominicum
1291 2371 1643 2426 simulacrum
1670 2367 1914 2423 venerari

326 2464 747 2528 contenderent,
769 2478 877 2533 quo
908 2463 1127 2518 nomine
1149 2463 1326 2532 magis
1355 2462 1517 2517 etiam
1549 2459 1913 2517 conﬂuebant.

328 2551 553 2609 Judaats
584 2568 713 2608 vero
744 2555 988 2624 (mittam,
1015 2553 1195 2609 nescio
1223 2553 1520 2624 quomodo,
1542 2550 1658 2607 Deo
1686 2563 1835 2607 cene
1858 2549 1916 2605 id

327 2653 559 2713 agente,
603 2654 659 2698 et
707 2643 823 2713 ipse
867 2643 1131 2711 templum
1182 2644 1496 2712 ingressus,
1533 2640 1916 2697 venerabundo

327 2735 481 2789 omni
535 2745 678 2790 (datu
733 2745 1058 2803 conSpecto,
1110 2735 1309 2790 invidia
1362 2746 1568 2801 tactus,
1613 2744 1670 2789 et
1718 2734 1918 2803 quibus

333 2836 519 2891 natus,
555 2838 606 2880 et
651 2842 756 2895 qna
808 2828 1062 2895 Opinione
1113 2825 1254 2881 foret
1301 2827 1534 2896 prodere
1583 2826 1914 2882 stimulatur.

327 2921 475 2987 Quin
532 2920 669 2973 adeo
715 2919 892 2989 prodit
944 2934 1182 2990 quoque.
1230 2916 1366 2971 Nam
1416 2917 1626 2973 exteris
1676 2931 1706 2971 a
1756 2926 1918 2984 puteo

333 3009 961 3075 discedentibus,solus
1008 3010 1281 3065 occultum
1328 3010 1616 3065 transitum
1658 3009 1916 3075 rimatus,

327 3114 619 3173 postquam
660 3118 689 3156 a
733 3117 900 3171 scopo
943 3117 1048 3156 non
1093 3101 1391 3165 aberravit,
1422 3101 1771 3156 securitatem
1817 3115 1918 3154 na-

327 3201 484 3257 ctns,
518 3193 706 3258 irruit,
741 3204 795 3248 et
839 3194 1205 3265 sanguinariis
1250 3192 1454 3259 oculis,
1489 3192 1705 3255 animo,
1736 3199 1917 3247 mente

327 3282 551 3352 igneum
595 3285 830 3347 intuens,
868 3284 1045 3353 ignem
1090 3282 1328 3353 spirans,
1357 3292 1601 3338 sustento
1639 3284 1697 3337 in
1743 3291 1915 3348 tuam,

324 3383 538 3426 mterne
570 3372 710 3439 Rex,
741 3376 1028 3442 imaginem
1064 3373 1239 3429 cultro
1299 3373 1444 3429 ferit.
1472 3371 1633 3430 Unde
1669 3374 1917 3429 insolenti

336 3464 603 3520 miraculo
646 3468 925 3538 sanguinis
965 3467 1083 3520 rivo
1125 3465 1428 3536 tlepluettte,
1454 3476 1512 3521 et
1544 3480 1833 3535 percussor
1865 3475 1921 3519 et

320 3555 577 3612 divinum
625 3557 797 3611 solum
844 3566 1218 3611 cruentantur.
1250 3555 1348 3611 Ille
1388 3556 1614 3621 factum,
1650 3566 1710 3610 ut
1753 3572 1918 3626 opor-

334 3649 513 3708 tebat.
545 3664 652 3703 non
687 3650 1012 3719 recogitans,
1045 3649 1137 3703 scd
1173 3660 1366 3703 contra
1403 3651 1578 3718 magis
1613 3648 1917 3718 perfureus,

332 3740 645 3795 detractam
675 3741 987 3810 imaginem,
1014 3739 1176 3794 inﬁxo
1204 3741 1380 3795 adhuc
1406 3742 1599 3805 cultro,
1621 3742 1672 3795 iu
1702 3751 1918 3810 puteum

348 3832 651 3901 demergit,
690 3832 805 3901 ipse
846 3846 950 3900 qua
998 3833 1158 3900 pedes
1198 3831 1471 3895 ferebant,
1510 3833 1631 3886 inde
1671 3832 1911 3903 aufugit,

296 3910 301 3913 ⁷
340 3922 519 3977 latere
559 3938 886 3993 properans,
917 3931 974 3978 nt
1012 3922 1251 3992 putabat.
1287 3922 1482 3979 Verum
1515 3923 1613 3993 qui
1653 3924 1921 3993 sapientes

325 4031 439 4070 sua
486 4017 722 4083 ipsorum
772 4015 1067 4069 calliditate
1109 4018 1274 4084 capit,
1308 4015 1468 4085 bnjns
1506 4030 1722 4085 quoque
1759 4029 1921 4071 cona-

334 4120 457 4160 tum
503 4106 683 4176 palam
733 4106 886 4161 fecit.
920 4106 1060 4159 Nam
1102 4122 1225 4161 cum
1272 4107 1537 4177 sanguine
1577 4122 1641 4160 ex
1686 4107 1923 4176 imagine

327 4203 594 4268 ruberet,
641 4201 909 4270 planeque
961 4197 1348 4268 sanguinarius
1394 4199 1613 4267 quidem
1661 4213 1726 4252 ac
1773 4196 1923 4252 vafer

321 4294 549 4361 Ingeret
592 4292 891 4356 neminem,
925 4302 1174 4360 egressus
1217 4289 1286 4343 ab
1332 4288 1756 4359 ingredientibus
1796 4288 1920 4344 reli-

328 4385 508 4454 giosis
561 4372 1023 4454 comprehensus,
1060 4382 1332 4437 homicidii
1384 4380 1708 4451 postulatur.
1753 4380 1923 4451 Negat

2631 1889 2978 1956 comparatio.

2088 2006 2336 2073 Ostendi,
2364 2007 2506 2073 quod
2536 2020 2632 2061 vos
2654 2019 2878 2076 quoque
2913 2020 2942 2058 a
2982 2018 3070 2060 me
3104 2012 3267 2075 atque
3302 2018 3331 2057 a
3367 2002 3598 2058 veritate

2019 2098 2339 2167 snﬂ'rag‘turn
2394 2097 2633 2162 tulistis,
2669 2112 2757 2151 res
2804 2094 3103 2164 Mosaicae,
3138 2095 3245 2150 mei
3287 2092 3597 2150 Servatoris

2016 2191 2224 2245 Christi
2247 2189 2454 2261 ﬁguras
2481 2188 2744 2258 quasdam
2774 2187 2961 2244 fuisse.
2979 2185 3113 2242 Nam
3141 2187 3594 2257 quemadmodum

2019 2291 2285 2350 praestans
2316 2280 2511 2348 pictor,
2541 2279 2593 2333 in
2627 2278 2818 2348 primis
2851 2278 3143 2343 inumbrat,
3181 2288 3290 2331 tum
3326 2279 3597 2332 crassiore

2018 2375 2251 2449 quadam
2293 2374 2529 2428 tinctura
2584 2386 2649 2426 ae
2686 2370 2958 2425 coloribus
2991 2385 3303 2439 expressam
3336 2370 3446 2424 reri
3481 2368 3594 2424 eﬂi—
3682 2360 3687 2363 ⁷

2017 2467 2156 2535 g‘iem
2187 2471 2575 2535 repra-sentat;
2610 2462 2678 2516 ad
2705 2477 2826 2517 eum
2854 2463 3074 2516 modum
3105 2472 3159 2516 et
3185 2473 3388 2515 naturae
3416 2476 3595 2515 rerum

2015 2557 2196 2612 Omnis
2223 2556 2555 2611 architectus
2587 2553 2751 2618 Deus,
2780 2569 2876 2623 per
2914 2552 3114 2607 Mosem
3155 2562 3210 2608 et
3243 2553 3412 2622 legem
3454 2557 3599 2608 velut

2018 2649 2337 2706 deformatis
2378 2662 2500 2718 quae
2541 2647 2643 2703 sub
2681 2646 2912 2717 gratiam
2954 2645 3243 2712 caderent,
3287 2662 3382 2713 per
3411 2645 3597 2701 Jesum

2018 2743 2296 2800 Christum
2348 2755 2514 2810 porro
2565 2754 2671 2794 non
2724 2737 2965 2792 tinctura
3046 2753 3111 2791 ac
3162 2736 3463 2799 coloribus,
3507 2739 3600 2791 sed

2017 2832 2349 2905 evangelicis
2380 2831 2696 2902 praeceptis,
2731 2831 2943 2900 spirans
2982 2830 3253 2899 quoddam
3288 2846 3352 2884 ac
3421 2832 3599 2883 vivum

2026 2927 2140 2981 veri
2190 2922 2544 2980 simulat-rum
2594 2920 2891 2976 dedicarit.
2932 2918 3206 2973 Creterum
3248 2929 3315 2972 ut
3360 2919 3414 2972 in
3467 2919 3506 2972 ὃ
3533 2935 3601 2973 na

2021 3019 2192 3073 nubes
2218 3026 2270 3071 et
2331 3030 2488 3070 voces
2514 3023 2678 3082 atque
2707 3013 2846 3066 tuba:
2878 3011 2972 3065 Dei
3009 3011 3099 3063 ad'
3140 3025 3239 3064 nos
3276 3011 3600 3065 descensum

2020 3110 2225 3182 liquido
2252 3106 2703 3178 designabant“;
2737 3106 2810 3161 ita
2839 3115 2894 3159 et
2918 3103 3021 3156 alia
3053 3102 3180 3157 olim
3211 3104 3443 3172 plurima
3473 3104 3602 3158 Ser-

2020 3204 2221 3259 vatoris
2253 3204 2355 3257 mei
2388 3199 2823 3281 procurationem
2858 3197 3149 3251 notabant.
3177 3196 3318 3267 Ergo
3357 3206 3514 3266 typos
3544 3209 3601 3251 ct

2017 3295 2266 3366 exempla
2312 3293 2546 3357 cernite,
2582 3293 2724 3346 unde
2766 3292 2833 3344 ad
2879 3291 3167 3343 veritatem
3213 3289 3508 3342 ducamiui.
3541 3286 3599 3342 In

2018 3387 2134 3458 lege
2165 3383 2511 3441 circumcisio
2531 3384 2603 3449 ”,
2633 3383 2686 3435 in
2717 3382 2888 3453 gratia
2946 3378 3171 3432 ablatio.
3197 3377 3312 3432 Illic
3343 3379 3602 3447 pelliculae

2019 3488 2389 3548 segmentum,
2424 3475 2514 3531 hic
2544 3476 2746 3543 peccati
2775 3472 3071 3542 depositio;
3100 3470 3205 3524 illic
3233 3470 3603 3525 circumcisio-

2021 3571 2106 3624 nis
2132 3568 2323 3634 culter,
2347 3567 2659 3638 religiosum
2686 3576 2739 3619 et
2766 3564 3125 3634 irreligiosum
3154 3562 3330 3631 palam
3356 3561 3598 3629 faciens,

2021 3663 2107 3717 hic
2136 3660 2435 3732 disciplinae
2463 3660 2608 3715 acies
2645 3668 2849 3712 rectum
2887 3671 2916 3709 a
2946 3669 3119 3725 pravo
3156 3654 3459 3709 dissecatis.
3488 3653 3603 3707 ltlie

2020 3754 2137 3810 sine
2168 3754 2299 3810 vitio
2335 3769 2507 3823 agnus
2545 3760 2846 3815 mactatus,
2882 3734 2974 3803 hic
3014 3763 3185 3803 (‘a‘SIIS
3223 3747 3342 3802 sine
3381 3757 3603 3814 peccato

2019 3845 2292 3903 Christus.
2330 3844 2441 3900 Illic
2484 3844 2608 3914 agni
2655 3855 2850 3898 cruore
2895 3848 3081 3909 postes
3123 3839 3482 3909 unguntur“,
3513 3838 3603 3892 hic

2022 3939 2311 3995 sacrilicati
2371 3937 2572 3994 Christi
2636 3943 2866 4004 augusto
2928 3931 3191 4003 sanguine
3246 3931 3489 3986 actiones
3543 3942 3601 3986 et

2022 4031 2307 4102 disciplina
2352 4029 2730 4100 obsignantur,
2759 4026 2817 4081 id
2865 4035 2968 4092 est,
3003 4041 3123 4094 qua:
3166 4024 3219 4078 in
3268 4023 3507 4083 actione.
3545 4033 3602 4077 et

2022 4136 2141 4191 quae
2197 4120 2248 4173 itt
2297 4117 2752 4186 contemplatione
2797 4115 2970 4184 posita
3022 4115 3194 4167 virtus
3241 4123 3355 4176 est,
3396 4113 3597 4183 quibus

2022 4213 2173 4284 quasi
2205 4212 2447 4282 quaedam
2480 4207 2852 4262 commissurae
2880 4205 3048 4275 posti,
3076 4204 3408 4260 Christiana:
3442 4205 3603 4258 disci.

2024 4305 2184 4374 plinte
2219 4303 2364 4358 velut
2403 4299 2711 4371 obligantur
2765 4309 2822 4352 et
2859 4298 3258 4367 componimur.
3286 4297 3400 4351 Illic
3433 4298 3600 4351 durus

2023 4397 2237 4452 Pharao
2267 4393 2539 4450 Israelitas
2577 4403 2885 4462 oppugnat;
2926 4390 3015 4445 hic
3056 4389 3395 4445 Christianos
3438 4388 3600 4443 Sata-

321 4476 720 4537 Itomieidinm,
751 4473 1139 4529 Christicidam
1176 4475 1321 4528 serio
1356 4488 1414 4527 se
1446 4471 1755 4541 proﬁtetur.
1790 4471 1915 4542 Ejus

2025 4504 2153 4555 nas,
2188 4487 2276 4542 ille
2322 4485 2597 4540 hominum
2647 4498 2776 4537 osor
2826 4493 2992 4551 atque
3039 4482 3376 4536 zizaniorum
3423 4493 3597 4536 sator.

337 4573 419 4621 ni
456 4566 596 4621 l‘arna
632 4568 819 4621 urbem
854 4563 1068 4618 omnem
1104 4565 1266 4619 celeri
1303 4565 1384 4618 ala
1418 4579 1725 4634 permensa,
1756 4566 1916 4633 vulgo

324 4660 401 4713 ad
439 4669 658 4726 puteum
698 4659 1062 4723 concurritur,
1095 4657 1185 4711 ubi
1226 4671 1551 4722 convenere,
1582 4656 1846 4711 subducta
1885 4671 1916 4711 e

324 4762 534 4823 puteo,
582 4750 764 4804 adhuc
811 4749 1075 4815 sanguine
1121 4760 1405 4815 manante,
1445 4763 1600 4803 sacra
1649 4747 1913 4817 imagine,

320 4846 565 4913 hymnos
624 4852 678 4894 et
726 4840 971 4894 carmina
1032 4839 1328 4905 modulati,
1379 4856 1500 4894 cum
1559 4837 1806 4908 precibus
1862 4848 1916 4892 et

319 4933 592 5001 lacrymis
622 4932 812 4986 eodem
847 4947 954 5002 quo
983 4942 1128 4996 ante,
1159 4931 1275 4986 loco
1308 4931 1660 4999 suspendunt.
1693 4928 1912 4985 Iudaeus

320 5025 461 5094 facti
492 5026 786 5093 pmnitens,
811 5025 1065 5092 pietatem
1090 5024 1403 5092 perdoctus,
1432 5023 1498 5076 ad
1522 5021 1913 5091 Christumque

320 5126 621 5183 receptus,
656 5130 781 5169 enm
829 5114 980 5170 omni
1026 5115 1263 5179 familia,
1296 5128 1453 5169 sacro
1488 5113 1914 5186 regenerationis

314 5211 553 5264 lavacro
582 5207 835 5263 aﬂlcitur.

402 5320 545 5384 Quid
583 5319 800 5373 dicitis?
841 5321 1079 5375 Ita-ccine
1121 5318 1253 5374 eatis
1293 5327 1441 5381 sunt,
1473 5333 1539 5370 an
1583 5327 1637 5371 et
1670 5316 1914 5385 plutibtts

310 5411 669 5481 argumentis
698 5410 904 5480 egetis?

394 5509 525 5557 Jun.
556 5502 649 5555 Pie
684 5503 1010 5572 imaginibus
1042 5502 1244 5558 cultum
1277 5501 1523 5571 praeStari
1556 5499 1908 5556 centitemur.

397 5715 447 5746 "
472 5712 646 5768 Exod.
670 5711 896 5777 xrx,17,
924 5709 1008 5766 18.
1080 5710 1127 5743 ’⁵
1166 5710 1302 5766 Gen.
1326 5725 1459 5775 xru,
1491 5708 1572 5762 I2.

655 5832 922 5894 Pri-nou.
962 5833 1077 5894 Gn.
1115 5827 1428 5892 CXXXIII.

2024 4579 2140 4634 Illic
2175 4590 2411 4651 veterem
2446 4575 2748 4630 Israelitam
2794 4575 2967 4629 nubes
3008 4575 3073 4626 atl
3121 4583 3432 4627 terrestrem
3472 4572 3599 4627 Ilie-

2026 4671 2350 4741 rosolymam
2399 4668 2616 4731 (luctat,
2670 4666 2754 4722 ltic
2799 4664 3114 4741 Servuloris
3163 4681 3291 4719 caro
3339 4665 3597 4719 novitiutn

2023 4764 2325 4817 Israelitarn
2378 4761 2445 4815 ad
2488 4760 2773 4815 cwlestem
2822 4757 3047 4812 Sioncnt
3096 4757 3439 4812 transmittit.
3489 4755 3525 4809 II
3555 4759 3600 4810 ie

2024 4857 2177 4925 ignea
2235 4855 2528 4920 columna,
2591 4853 2678 4907 hic
2728 4852 2909 4905 divina
2966 4850 3123 4919 ignea
3176 4860 3397 4913 natura,
3445 4863 3470 4902 s
3508 4865 3602 4903 car

2024 4947 2281 5017 Spiritus.
2310 4945 2425 5001 Illic
2462 4943 2732 5000 Israelites
2774 4959 2924 4998 mare
2963 4939 3209 4996 Rubrum
3253 4956 3593 5010 permensus.

2022 5038 2292 5093 Pharaoni
2340 5035 2794 5092 tumulisternium
2838 5048 3035 5104 aquam
3087 5033 3440 5102 compararit,
3480 5030 3596 5098 ipse

2024 5132 2310 5186 interitum
2347 5129 2532 5185 salvus
2564 5126 2782 5197 eﬂ‘ugit;
2819 5126 2909 5180 hic
2941 5124 3140 5180 Christi
3174 5124 3392 5177 nomine
3431 5138 3591 5175 censa

2023 5222 2355 5277 universitas
2405 5234 2501 5290 per
2552 5219 2878 5288 baptismum
2930 5232 3052 5271 cum
3103 5217 3318 5270 Christo
3363 5213 3591 5282 sepulta,

2023 5314 2382 5372 immortalem
2425 5314 2591 5368 vitam
2634 5327 2699 5365 co
2738 5312 2979 5366 redivivo
3022 5316 3306 5363 consecuta
3349 5319 3448 5361 est.
3478 5305 3594 5361 Illic

2022 5421 2160 5476 aqua
2191 5404 2356 5460 Musis
2388 5403 2658 5474 precibus,
2686 5401 2846 5456 ﬂante
2877 5410 3063 5454 austro
3096 5397 3591 5464 vehementissimo,

2022 5503 2210 5556 dextra
2238 5514 2299 5553 ac
2326 5497 2547 5559 sinistra
2574 5497 2626 5550 in
2656 5510 2869 5549 murum
2896 5492 3201 5558 concrevit;
3233 5490 3317 5544 hic
3347 5488 3581 5559 Spiritus

1648 5708 1693 5740 "
1715 5705 1889 5762 Exod.
1917 5721 2015 5771 xu,
2042 5705 2093 5770 5,
2118 5704 2205 5759 ‘22.

3046 5816 3121 5879 28
