4044 6400
443 265 552 327 875

1659 263 2089 324 ANDIIONICI
2136 262 2484 326 COMNENI

3619 268 3729 330 826

455 393 554 452 per
584 392 804 450 aquam,
831 376 1084 433 vitiorum
1119 377 1271 448 quasi
1304 377 1576 448 quoddam
1611 393 1758 431 mare
1795 378 2037 432 Itnbrum
2069 395 2111 449 Α
2141 378 2470 447 baptismum
2512 379 2811 448 delinquat,
2843 395 2910 433 nc
2950 381 3223 451 desperet,
3255 380 3526 452 siquidem
3565 385 3726 454 igno-

452 474 508 528 in
560 473 763 526 siccum
816 471 1053 539 redegit,
1103 479 1261 539 rupto
1315 481 1662 539 peccatorum
1721 481 2029 524 nostrorum

445 561 834 633 chirographo.
864 560 979 616 Illic
1011 563 1160 631 virga
1197 560 1396 615 reﬁuas
1422 561 1598 614 undas
1621 562 1828 629 coegit,
1861 561 1945 614 Itic
1977 560 2032 614 in

445 654 695 710 Calvaria
769 654 945 708 deﬁxa
989 667 1120 724 crux
1169 652 1435 706 Adantum
1482 661 1652 706 totutn
1699 653 1752 704 itt
1795 651 2029 720 priorem

442 748 780 802 nobilitatem
831 730 1069 800 restituit
1117 763 1131 800 :
1184 744 1476 808 Israelites,
1509 745 1611 799 nisi
1661 745 1795 797 mari
1848 743 2030 797 Rubro

443 841 693 911 traiecto,
733 841 1048 910 angelorum
1102 853 1243 909 pane
1289 839 1436 895 vesci
1485 856 1588 894 non
1635 848 1878 909 poterat;
1929 853 2029 894 nec

451 948 581 989 vero
617 933 819 988 CIII'ISti
857 933 1109 1002 populus,
1144 933 1408 1000 sanguine
1441 941 1495 986 et
1528 947 1667 1001 aqua
1699 932 1825 984 viva
1851 941 2028 1001 potest

446 1024 579 1089 ftui,
615 1027 717 1080 nisi
761 1035 1108 1094 peccatorum
1153 1027 1318 1078 rubro
1360 1033 1614 1093 tanquam
1660 1033 1791 1078 testu
1833 1022 2026 1078 defun-

439 1129 558 1174 ctus
576 1119 645 1173 9'.

507 1208 634 1264 Jun.
681 1209 789 1263 Cur
841 1217 900 1262 ut
953 1221 1058 1264 nos
1114 1206 1584 1262 circumcisionem
1645 1221 1754 1260 uno
1808 1221 2022 1277 semper

439 1301 679 1364 nomine,
717 1313 871 1367 teque
913 1307 963 1354 et
1012 1311 1107 1352 vos
1152 1299 1474 1366 baptismum
1518 1313 1622 1353 non
1666 1300 1893 1363 vocatis,
1927 1300 2021 1353 sed

440 1393 627 1447 multis
658 1409 721 1446 ac
749 1390 1014 1446 diversis?

519 1486 746 1540 Cnats'r.
780 1483 1040 1552 Expedita
1072 1483 1308 1540 solutio:
1346 1483 1433 1539 ilia
1486 1498 1580 1552 per
1621 1499 1787 1538 unum
1837 1485 2018 1539 Mosi'n

441 1578 653 1644 prodita
689 1587 808 1642 cst,
842 1575 956 1628 haec
993 1591 1021 1628 a
1056 1573 1249 1639 Patre,
1277 1573 1416 1629 Filio
1453 1584 1509 1629 et
1565 1576 1768 1645 Spiritu
1811 1586 2016 1630 sancto.

443 1668 709 1722 Prmterea
764 1667 948 1722 multis
995 1681 1054 1720 ac
1101 1667 1336 1722 diversis
1385 1667 1502 1734 ejus
1551 1666 1604 1720 in
1656 1682 1754 1722 nos
1803 1667 2010 1732 ofﬁciis,

2137 483 2319 526 scetur
2363 472 2412 526 ei
2456 475 2622 527 animi
2666 475 2868 537 seelus,
2909 475 3188 540 vitiosum,
3229 476 3473 544 inquam,
3510 480 3722 548 COgita-

2137 571 2270 629 tum,
2298 574 2353 619 ct
2383 566 2800 629 consceleratio,
2834 582 2930 635 per
2955 567 3382 624 confessionem.

2207 656 2312 712 Sed
2337 659 2622 713 audiamus
2679 661 2804 727 quid
2845 661 3008 716 Isaias
3041 662 3228 716 dicat:
3257 682 3275 716 ι
3313 664 3501 718 Faciet
3534 663 3718 720 Domi-

2132 769 2232 809 nus
2267 754 2511 810 Sabaoth
2532 755 2785 810 omnibus
2813 756 3063 822 gentibus
3085 772 3246 825 super
3272 767 3506 813 montem
3533 761 3723 826 istum,

2137 848 2365 901 induent
2414 846 2678 908 lanitium,
2726 860 2995 916 ungentur
3051 859 3351 917 unguento,
3417 849 3603 904 bibent
3645 856 3726 904 vi-

2129 954 2257 992 num
2299 939 2320 970 ⁸
2354 957 2368 1003 ;
2426 957 2444 990 ι
2501 939 2680 1008 gaudii
2717 941 2974 992 amictum
3027 939 3293 1009 baptisma
3323 942 3584 1007 innuens;
3617 960 3726 996 un-

2127 1039 2410 1100 guentum,
2465 1028 2596 1084 illud
2645 1045 2857 1084 sacrum
2891 1046 2999 1100 quo
3028 1032 3285 1099 baptizati
3342 1031 3720 1102 intinguntur;

2133 1122 2335 1184 vinum,
2366 1121 2701 1176 Dominicmn
2722 1122 3062 1192 sanguinem.
3087 1121 3148 1175 Et
3175 1139 3387 1177 rursum
3424 1140 3440 1178 :
3475 1144 3491 1176 t
3531 1124 3725 1178 Ablnet

2132 1209 2389 1265 Dominus
2416 1213 2628 1265 sotdent
2657 1211 2888 1265 Iil‘orum
2916 1219 2968 1265 et
2997 1211 3228 1265 filiarum
3255 1213 3297 1265 ⁹.
3333 1231 3352 1264 ι
3380 1213 3442 1266 Et
3476 1214 3677 1268 iterum
3703 1225 3716 1261 :

2134 1323 2151 1354 ι
2196 1303 2311 1358 Ειὶι
2363 1305 2624 1372 inaqttosa
2652 1305 2704 1358 itt
2743 1306 2985 1374 paludes,
3026 1316 3080 1360 et
3115 1307 3166 1358 in
3186 1305 3403 1359 sitiente
3435 1314 3578 1359 terra
3611 1308 3724 1361 etit

2125 1396 2248 1452 fons
2299 1398 2560 1465 aqua)”;
2621 1415 2640 1449 ι
2698 1398 2955 1466 inaquosa
3009 1407 3065 1451 et
3117 1397 3436 1461 siticulosa,
3478 1400 3720 1467 gentium

2125 1487 2380 1558 populum
2445 1487 2710 1556 appellat;
2757 1486 2958 1542 fontem
3015 1502 3165 1553 vero,
3193 1502 3405 1541 sacrum
3432 1487 3718 1556 baptisma,

2125 1591 2183 1632 ut
2215 1588 2438 1649 apparet
2468 1594 2534 1634 ex
2559 1580 2909 1646 sequentibus
2943 1597 2956 1632 :
2994 1597 3012 1630 ‹
3050 1575 3117 1631 Ει
3154 1573 3352 1632 οι·πίὺί
3383 1579 3462 1630 via
3494 1581 3718 1642 munda,

2121 1681 2176 1725 et
2232 1672 2320 1724 via
2380 1681 2566 1725 sancta
2624 1669 2907 1723 vocabitur
2939 1669 3002 1723 ι’.
3066 1687 3085 1720 ι
3121 1669 3252 1734 Quae
3299 1669 3412 1722 hcce
3471 1678 3554 1721 Bal.
3585 1669 3717 1718 via.’

445 1761 640 1813 multas
689 1771 902 1830 quoque
952 1772 1016 1812 ac
1067 1757 1308 1812 diversas
1359 1757 1794 1813 nomenclaturas
1851 1767 2013 1828 atque
2045 1734 2090 1796 Β
2125 1762 2444 1833 Evangelica
2469 1760 2772 1830 disciplina.
2799 1760 2914 1814 .lam
2946 1776 3044 1831 per
3065 1777 3186 1814 eum
3225 1761 3302 1814 ait
3335 1762 3474 1814 Deus
3507 1777 3521 1814 :
3561 1779 3577 1810 ι
3603 1761 3717 1828 ligo

439 1848 707 1904 beneﬁcia
737 1849 986 1904 facimus.

999 1944 1232 2000 CAPUT
1274 1945 1457 2002 XLVI.

534 2037 737 2105 Quibus
769 2037 895 2092 olim
926 2039 1227 2094 nominibus
1260 2039 1526 2108 baptisma
1563 2041 1919 2112 designatum.

518 2132 701 2201 Itaque
729 2130 840 2200 (58)
875 2132 1100 2193 donum,
1125 2130 1325 2197 lumen,
1352 2131 1641 2201 baptisma,
1665 2143 2022 2202 unguentum,

435 2223 871 2293 regenerationis
919 2223 1218 2287 lavacrum,
1259 2224 1687 2280 immortalitatis
1733 2228 2021 2291 amictum,

434 2312 670 2380 signum,
707 2311 945 2365 breviter
987 2311 1246 2381 quidquid
1293 2322 1578 2383 augustum
1627 2326 1734 2379 est,
1772 2316 2024 2370 nomina-

434 2418 582 2466 mus,
616 2403 844 2458 vocibus
892 2416 924 2457 θ
968 2403 1356 2472 prOpItetat-um
1405 2405 1646 2466 oraculis
1693 2406 2018 2476 desumptis.

433 2495 643 2549 Donum
675 2494 725 2547 in
757 2493 968 2564 primis,
993 2503 1049 2547 ιιι
1080 2491 1247 2549 Isaias
1275 2496 1473 2551 clamat
1501 2512 1516 2549 :
1558 2514 1576 2549 ι
1610 2495 1815 2552 Omnes
1840 2497 2028 2552 sitien-

446 2595 555 2650 tcs,
580 2586 758 2640 venite
786 2585 854 2639 ad
881 2600 1050 2654 aquas
1082 2603 1096 2640 :
1132 2593 1185 2638 et
1211 2587 1300 2654 qtti
1331 2602 1439 2641 non
1471 2587 1684 2642 habetis
1713 2599 2022 2656 argentum,

436 2683 767 2745 properate,
813 2673 980 2728 emite
1039 2673 1244 2742 absque
1301 2684 1524 2744 argento
1575 2684 1630 2730 et
1685 2675 1947 2745 pretio".
1995 2695 2024 2724 υ

435 2769 638 2822 Lumen
669 2805 684 2831 ,
717 2777 774 2820 ttt
804 2765 872 2821 tle
903 2780 967 2822 eo
998 2763 1166 2819 David
1197 2765 1454 2834 praedicat
1491 2783 1504 2820 :
1545 2787 1574 2815 α
1613 2766 1875 2822 Dominus
1906 2765 2027 2820 illu-

425 2859 657 2914 minatio
715 2873 828 2914 mea
891 2865 944 2913 et
982 2856 1126 2912 salus
1163 2873 1304 2923 mea,
1339 2873 1496 2928 quem
1545 2859 1841 2916 timebo”?
1889 2877 1910 2912 ι
1962 2859 2028 2915 Et

433 2963 645 3004 rursum
685 2965 701 3003 :
740 2967 759 3002 ι
799 2947 1057 3004 Dominus
1087 2947 1353 3002 illuminat
1410 2947 1600 3004 faciem
1628 2950 1963 3020 prudentis‘.
2000 2967 2020 3002 ι

2125 1871 2269 1920 sum,
2326 1869 2427 1924 ego
2483 1869 2625 1917 smn,
2653 1853 2743 1921 qui
2804 1852 2954 1906 deleo
2990 1851 3300 1920 iniquitates
3345 1861 3464 1904 tuas
3497 1862 3715 1918 propter

2123 1959 2233 2010 tne,
2270 1953 2324 1999 et
2366 1959 2471 1998 non
2527 1944 2876 1998 recordabar.
2901 1942 2979 1996 Tu
3013 1958 3142 1996 vero
3165 1953 3457 2008 tuemento,
3489 1954 3543 1994 et
3575 1943 3694 2010 judi

2125 2051 2308 2090 cemur
2331 2035 2488 2089 simul
2510 2036 2605 2089 η.»
2629 2034 2898 2088 Etiterum
2933 2051 2948 2088 :
2980 2052 2998 2084 ι
3030 2033 3178 2088 Dabo
3202 2049 3395 2103 aquam
3445 2035 3495 2086 in
3523 2032 3612 2088 siti
3649 2037 3717 2086 ii;

2123 2125 2215 2197 qui
2275 2125 2552 2181 ambulant
2592 2125 2644 2180 itt
2689 2127 2948 2195 inaquosa
2985 2144 2999 2181 :
3033 2139 3087 2181 et
3140 2126 3410 2194 important
3453 2125 3714 2194 Spiritum

2124 2234 2304 2275 meum
2354 2235 2518 2289 super
2549 2234 2734 2273 semen
2792 2227 2967 2282 tuum,
3027 2229 3080 2272 et
3118 2217 3523 2273 bcnetlictiones
3565 2233 3716 2272 meas

2123 2325 2287 2382 super
2336 2311 2475 2366 ﬁlios
2525 2319 2646 2365 tuos
2684 2310 2748 2364 ".
2790 2327 2809 2362 ι
2849 2309 2913 2362 Et
2937 2311 3168 2364 iterum:
3203 2327 3222 2360 (
3278 2308 3562 2363 Miserator
3589 2309 3714 2362 illo-

2125 2419 2246 2457 rum
2294 2401 2641 2457 miserebitur
2709 2401 2946 2466 illorum,
2991 2409 3045 2455 et
3094 2416 3189 2470 per
3233 2403 3409 2456 fontes
3451 2415 3715 2468 aquarum

2129 2497 2282 2550 ducet
2346 2495 2467 2548 illos
2493 2494 2556 2548 “.
2609 2513 2627 2546 ι
2661 2493 2812 2559 Quod
2860 2493 2904 2548 si
2964 2491 3271 2548 Judazorum
3363 2491 3584 2562 quidam
3648 2492 3718 2545 (ιι

2128 2581 2277 2638 Hara
2307 2591 2362 2638 et
2397 2582 2634 2637 fontibus
2664 2583 2718 2637 in
2751 2581 2888 2635 Elim
2928 2581 2995 2645 ",
3032 2582 3145 2635 hazc
3180 2580 3498 2650 prophetam
3529 2580 3716 2635 dicere

2126 2677 2467 2739 existimant,
2527 2674 2638 2728 falli
2685 2690 2744 2730 se
2782 2674 2960 2730 sciant
2989 2691 3002 2727 :
3031 2687 3204 2743 neque
3241 2671 3382 2726 enim
3408 2687 3471 2725 ea
3508 2684 3714 2740 tempe-

2127 2777 2291 2828 state.
2336 2767 2428 2822 sed
2457 2767 2624 2821 multo
2653 2776 2774 2836 post
2797 2766 2962 2821 Isaias
2986 2765 3079 2818 fuit
3115 2781 3128 2818 :
3165 2779 3259 2818 nec
3283 2765 3376 2835 qui
3399 2765 3464 2819 de
3489 2774 3716 2832 pramer-

2128 2859 2219 2916 itis
2250 2859 2406 2925 dicit,
2441 2860 2698 2930 pt‘0plteta
2742 2859 3018 2914 habendus
3048 2867 3151 2920 cst,
3191 2857 3285 2911 sed
3319 2857 3412 2926 qui
3474 2857 3538 2910 de
3565 2855 3682 2908 I’uttt
3705 2885 3720 2894 -

2129 2950 2226 3017 ris,
2261 2963 2430 3020 quare
2461 2950 2528 3003 de
2574 2950 2844 3018 baptismo
2873 2950 3018 3017 quod
3069 2947 3424 3017 praesagicrit,
3451 2945 3712 3008 OSteudit,

425 3041 758 3095 Prudentem
806 3040 1030 3095 omnino
1073 3039 1373 3109 appellans,
1403 3041 1492 3110 qui
1531 3041 1635 3095 vim
1670 3041 1809 3097 sacri
1844 3042 2019 3114 bapti-
2043 3082 2087 3140 Ε
2127 3047 2271 3117 quod
2298 3046 2408 3101 ait:
2439 3063 2456 3097 ι
2479 3043 2668 3108 Ducet,
2700 3062 2719 3096 ι
2747 3059 2850 3098 non
2881 3053 3084 3108 autem,
3113 3045 3284 3097 duxit.

431 3133 622 3189 sinatis
671 3133 889 3190 calleat.
935 3131 1220 3202 Baptisma
1271 3148 1400 3188 vero
1447 3134 1669 3201 dicitur,
1706 3144 1766 3190 ut
1809 3135 1862 3190 in
1908 3151 2017 3206 quo

429 3233 649 3294 peccata
705 3224 1075 3291 tumulentur,
1126 3227 1587 3293 quemadmodum
1642 3229 1776 3281 mari
1829 3228 2016 3285 Rubro

431 3317 770 3372 Pharaonem
821 3318 985 3372 tluxit
1033 3327 1195 3388 atque
1248 3319 1430 3373 obruit
1473 3318 1672 3374 Moses.
1717 3318 2014 3375 Lavacrum

429 3426 496 3463 ex
561 3411 665 3465 hac
727 3409 881 3464 Isaiae
945 3411 1214 3466 sententia
1281 3427 1298 3464 :
1371 3429 1392 3463 ι
1460 3411 1780 3478 Lavantini,
1831 3413 2014 3468 mundi

429 3503 667 3554 cstotc'.
704 3519 723 3551 ι
768 3499 1113 3571 Unguentum
1166 3502 1308 3570 quod
1339 3501 1577 3558 caelestis
1609 3501 2014 3574 Ilierosolymaz,

429 3591 708 3660 divinique
748 3591 900 3661 regni
951 3589 1192 3645 btetedes
1233 3590 1337 3645 Itoc
1382 3592 1588 3647 inuncti
1632 3605 2012 3663 agnoscantur.

431 3683 509 3735 Ita
558 3682 704 3736 enim
753 3691 803 3735 et
843 3681 1037 3735 Elisceo
1081 3679 1196 3750 (39)
1241 3681 1348 3734 vati
1397 3683 1472 3736 ait
1512 3683 1651 3740 Deus
1696 3706 1710 3742 :
1769 3705 1788 3738 ι
1837 3686 2019 3755 Unges

429 3772 682 3828 Elismutn
720 3772 1041 3842 prophetam
1074 3785 1173 3841 pro
1206 3781 1257 3826 te
1275 3769 1321 3824 ³.
1361 3789 1381 3824 ι
1421 3769 1850 3830 Immorta'itatis
1881 3776 2019 3831 ami-

428 3875 574 3922 ctum
595 3878 849 3919 vocamus
866 3879 934 3919 ex
963 3877 1030 3920 eo
1055 3861 1254 3920 Psaltis
1283 3863 1416 3935 regii
1451 3865 1665 3921 edicto:
1700 3884 1718 3918 ‹
1758 3867 2018 3925 Dominus

432 3957 699 4027 regnavit,
732 3958 984 4014 decorem
1031 3955 1250 4012 indutus
1297 3958 1443 4013 est".
1485 3976 1506 4011 ι
1554 3957 1690 4013 Tum
1735 3967 1914 4014 autem
1959 3969 2018 4015 ut

434 4051 691 4107 ostendat
727 4064 881 4121 arque
923 4050 1154 4107 amictos
1191 4059 1246 4106 et
1279 4049 1485 4107 Christi
1524 4051 1784 4116 bacredes,
1813 4049 1963 4106 addit
2000 4068 2014 4106 :

433 4165 452 4197 ι
498 4144 708 4200 Etenim
751 4143 988 4198 ﬁrmavit
1023 4143 1213 4200 orbem
1259 4153 1440 4209 terrae,
1470 4143 1682 4198 scilicet
1720 4143 1821 4198 hoc
1865 4145 2016 4213 regio

429 4235 664 4304 amictu,
718 4235 810 4305 qui
868 4250 974 4290 non
1028 4235 1516 4292 commovebitur“.
1571 4253 1590 4287 ι
1650 4234 1909 4302 Signum,
1959 4243 2018 4290 ut

436 4331 666 4388 dominii
711 4341 921 4397 notam,
953 4331 1416 4401 quemadmodum
1457 4331 1523 4386 de
1566 4345 1632 4386 eo
1676 4331 1844 4385 David
1889 4346 2017 4401 pro-

2187 3138 2270 3193 Ad
2298 3137 2543 3195 eumdem
2589 3137 2806 3191 modum
2847 3145 2898 3191 et
2939 3135 3190 3190 Micbazas
3225 3151 3239 3188 :
3276 3151 3296 3186 ι
3355 3132 3510 3200 Quis,
3547 3131 3712 3198 Deus,

2121 3228 2317 3285 similis
2377 3229 2478 3294 lui,
2506 3229 2600 3300 qui
2639 3227 2822 3282 aufers
2884 3229 3247 3296 iniquitatem,
3276 3238 3327 3280 et
3355 3228 3554 3279 transis
3585 3241 3713 3291 pet:-

2119 3329 2301 3375 calum
2346 3320 2698 3389 reliquiarum
2735 3320 3069 3373 Itazreditatis
3125 3318 3275 3372 tuae?
3308 3333 3413 3370 non
3449 3315 3714 3370 immittet

2119 3411 2259 3468 ultra
2287 3411 2527 3467 furoreru
2559 3413 3018 3482 suum,quoniam
3053 3410 3242 3466 voicns
3267 3408 3701 3464 misericordiam

2121 3511 2236 3558 est.
2305 3503 2628 3558 Revertetur
2687 3513 2740 3556 et
2785 3503 3129 3556 miserebitur
3168 3500 3338 3555 nostri
3397 3517 3411 3555 :
3479 3503 3716 3566 deponet

2120 3595 2438 3666 iniquitates
2482 3603 2540 3649 et
2598 3593 2845 3665 projiciet
2893 3594 2944 3646 itt
2987 3591 3308 3661 profundum
3360 3591 3529 3645 maris
3579 3589 3644 3642 ¹⁶.
3685 3607 3705 3640 ι

2118 3684 2284 3742 .Ioelis
2305 3700 2435 3740 vero
2465 3685 2530 3740 de
2558 3685 2953 3754 baptismohrec
2973 3695 3096 3737 sunt
3123 3685 3284 3737 verba
3314 3701 3327 3737 :
3372 3699 3391 3734 ‹
3424 3681 3480 3736 In
3509 3680 3595 3735 illa
3623 3681 3715 3734 die

2123 3777 2409 3832 stillabant
2445 3785 2656 3830 montes
2688 3775 3047 3841 dulcedinem,
3081 3785 3135 3829 et
3152 3773 3493 3829 collesﬁuent
3519 3773 3657 3826 lacte
3695 3789 3713 3828 :

2122 3879 2181 3926 et
2227 3883 2324 3930 per
2364 3883 2556 3923 omnes
2622 3869 2768 3922 rivos
2811 3865 2947 3922 Juda
2991 3868 3144 3921 ibunt
3194 3879 3333 3936 aqua
3363 3881 3377 3919 :
3407 3874 3459 3920 et
3492 3863 3615 3920 fons
3643 3867 3715 3920 de

2121 3962 2283 4017 domo
2330 3959 2545 4014 Domini
2577 3959 2889 4032 egredietur
2937 3959 3001 4012 ".
3037 3977 3056 4010 ι
3115 3958 3248 4025 Quis
3303 3958 3392 4012 ltie
3431 3967 3516 4012 est
3534 3956 3712 4011 Ionse

2121 4051 2218 4109 Dei
2257 4051 2456 4121 templo
2531 4051 2820 4120 prodiens?
2887 4049 3117 4106 Omnino
3171 4051 3224 4104 in
3267 4049 3506 4105 Ecclesia
3555 4063 3714 4104 sacra

2121 4147 2352 4220 piscina,
2399 4159 2504 4214 qua
2561 4145 2761 4200 tinctus
2835 4143 3011 4198 omnis
3051 4141 3391 4198 Christianus
3441 4151 3613 4197 Ctetus
3655 4143 3711 4195 irt

2120 4237 2464 4308 adoptionem
2520 4247 2820 4299 recreatur,
2899 4236 3135 4290 caelestis
3199 4235 3382 4304 gloriae
3450 4234 3714 4302 regnique

2119 4328 2324 4386 Christi
2360 4329 2602 4384 hmredes
2631 4329 2924 4397 designati.
2959 4326 3026 4380 Et
3061 4325 3130 4381 de
3168 4327 3357 4380 eodem
3391 4325 3714 4392 baptismate

431 4423 617 4476 ﬁtetur
647 4439 660 4476 :
696 4439 719 4473 ι
758 4421 1041 4492 Signatum
1060 4430 1144 4476 est
1169 4436 1334 4490 super
1358 4436 1455 4476 nos
1486 4420 1667 4476 lumen
1700 4421 1878 4476 vultus
1909 4421 2013 4486 tui,
2040 4419 2093 4480 D
2120 4423 2311 4478 scribit
2363 4421 2530 4477 David
2563 4438 2576 4474 :
2620 4439 2639 4473 ι
2698 4419 2811 4475 Vox
2843 4419 3058 4474 Domini
3113 4433 3276 4487 super
3340 4431 3533 4484 aquas,
3568 4414 3712 4467 Detts

439 4513 685 4580 Domine,
712 4513 907 4567 dedisti
951 4513 1192 4568 Iretitiam
1233 4513 1285 4568 in
1327 4514 1492 4568 corde
1532 4528 1651 4569 meo
1670 4512 1709 4564 ⁸.
1747 4532 1766 4565 ι
1809 4512 2017 4579 Quibus

442 4603 620 4659 verbis
667 4618 837 4659 sacrae
880 4604 1158 4659 tinctionis
1198 4604 1304 4659 vim
1348 4603 1588 4658 declarat
1631 4621 1647 4654 :
1686 4602 1801 4657 Non
1841 4605 2011 4670 enim,

438 4695 633 4764 inquit,
657 4695 834 4752 solum
867 4704 961 4751 tuo
992 4695 1207 4750 nomine
1233 4710 1333 4749 nos
1364 4695 1589 4765 signasti
1633 4704 1687 4749 et
1715 4694 2016 4761 illustrasti,

449 4788 542 4838 sed
577 4786 720 4840 enim
755 4784 992 4848 animum
1024 4800 1200 4839 meum
1229 4784 1500 4854 voluptate
1525 4783 1752 4840 effecisti
1787 4797 1804 4838 :
1835 4784 1885 4838 id
1912 4793 2016 4850 est,

437 4890 654 4929 t-ttlllelll
683 4876 955 4945 signatum
987 4891 1140 4930 noxa:
1166 4875 1322 4930 venia
1351 4877 1606 4945 diytatus
1633 4891 1712 4930 es.
1739 4874 1883 4930 Idem
1911 4875 2017 4930 alio

435 4967 651 5024 I’saiuto
689 4985 708 5022 ι
748 4985 768 5020 s
806 4967 922 5022 Dixi
963 4987 975 5021 :
1019 4967 1330 5022 Conﬁtebor
1360 4967 1646 5022 adversum
1685 4982 1770 5021 me
1806 4967 2018 5036 injusti-

438 5062 567 5114 tiam
619 5076 792 5115 meam
839 5061 1068 5116 Domino
1120 5078 1134 5115 :
1175 5071 1230 5116 et
1274 5072 1331 5116 tu
1381 5061 1637 5115 remisisti
1684 5059 2015 5128 impietatem

435 5155 642 5224 peccati
681 5155 783 5209 mei
803 5155 842 5209 ⁷.
882 5174 900 5207 ι
942 5152 1056 5210 IIoc
1091 5155 1279 5209 dict-ns
1318 5173 1332 5210 :
1362 5154 1515 5220 Quod
1547 5152 1592 5206 si
1623 5153 1744 5222 quis
1783 5151 1863 5205 vel
1897 5160 2018 5220 post

412 5279 433 5316 Ι

415 5324 428 5361 δ
506 5340 550 5370 ’⁷
581 5337 745 5392 Exod.
777 5353 933 5392 t-xvt.
1010 5337 1056 5368 "'
1081 5337 1182 5390 Isa.
1213 5351 1300 5399 ιν,
1327 5336 1375 5387 I.
1452 5335 1497 5367 θ’
1524 5333 1664 5387 Psal.
1692 5349 1839 5393 xxvi.
1875 5333 1922 5388 I.

435 5425 567 5472 seu,
596 5411 641 5462 I.
719 5409 739 5440 '
762 5409 888 5462 ibid.
967 5408 986 5436 “
1011 5406 1150 5460 I’s:-|.
1180 5422 1329 5471 xui,
1485 5407 1503 5435 ⁷
1530 5405 1669 5458 I‘sal.
1698 5420 1766 5458 tv.
1795 5404 1848 5458 7.

1018 5477 1060 5508 ³³
1090 5475 1188 5531 Isa.
1228 5493 1369 5538 λων,
1401 5476 1452 5529 5.
1533 5475 1575 5505 ¹⁸
1600 5475 1702 5530 Is-t.
1734 5489 1820 5529 XL.
1857 5475 1942 5528 10.

1319 5547 1361 5578 ¹⁹
1393 5547 1534 5600 ΡειιΙ.
1571 5561 1622 5610 I.,
1665 5547 1715 5599 4.

441 5483 484 5510 ⁸⁸
519 5483 616 5533 Isa.
662 5493 813 5540 XLIII,
849 5477 937 5530 9.5.

440 5565 519 5614 tn,
556 5551 640 5601 I8.
722 5549 762 5579 η
802 5547 944 5602 I’sal.
973 5562 1161 5611 xxvnt,
1186 5548 1242 5602 5.

515 5711 628 5785 (38)
661 5710 916 5765 Nazianz.
954 5711 1072 5767 vide
1101 5712 1156 5768 in
1190 5709 1248 5766 S.
1283 5709 1579 5780 Baptisn‘a.

1946 5404 1966 5435 ς
1997 5333 2014 5435 ς
2043 5332 2180 5388 Psat.
2211 5334 2426 5435 exiges1

1995 5407 2092 5456 Isa.
2127 5421 2253 5466 xxv,
2287 5407 2338 5459 6.
2417 5408 2437 5438 ⁹
2474 5407 2575 5458 Isa.
2604 5421 2668 5459 ιν.

2059 5475 2102 5506 ¹⁸
2143 5475 2314 5528 Exn-1.
2351 5492 2437 5537 xv,
2467 5477 2556 5539 25,
2579 5476 2668 5529 2|.

1795 5547 1840 5575 ³⁸
1878 5546 2008 5599 Ibid.
2044 5545 2096 5600 9.

2125 4513 2231 4584 maj
2271 4514 2426 4568 statis
2489 4513 2720 4567 intonuit
2776 4531 2790 4566 :
2837 4510 3096 4566 Dominus
3157 4524 3322 4580 super
3364 4523 3534 4578 aquas
3558 4507 3714 4562 mni-

2124 4605 2293 4661 tas“.
2332 4621 2354 4658 ι
2389 4601 2456 4657 Et
2522 4618 2742 4657 rursum
2771 4621 2784 4657 :
2816 4601 3105 4670 «Amplius
3129 4601 3244 4656 lava
3290 4615 3375 4655 me
3406 4601 3473 4653 ab
3511 4599 3716 4666 iniqui-

2125 4706 2234 4752 tate
2275 4711 2415 4759 mea,
2481 4706 2535 4749 et
2590 4709 2620 4748 a
2675 4701 2894 4763 peccato
2951 4709 3076 4750 meo
3115 4692 3311 4748 munda
3370 4706 3456 4746 me
3488 4691 3553 4743 ".
3593 4707 3611 4740 ι
3645 4689 3719 4744 Et

2129 4787 2287 4855 paulo
2352 4795 2474 4854 post
2514 4802 2527 4838 :
2565 4803 2583 4836 ε
2635 4784 2904 4854 Asperges
2963 4798 3050 4840 me
3106 4784 3359 4854 Ityssotio,
3403 4790 3455 4837 et
3484 4783 3714 4835 munda-

2129 4878 2275 4933 bor:
2326 4877 2530 4931 Iavabis
2585 4891 2690 4941 me,
2726 4887 2779 4930 et
2802 4891 2966 4947 super
3023 4878 3199 4932 nivem
3257 4871 3636 4929 dealbabor".
3684 4888 3708 4923 ι

2129 4968 2270 5033 Quin
2329 4981 2426 5035 per
2469 4965 2806 5020 Ezecltielem
2867 4981 3082 5036 quoque
3146 4966 3287 5021 Deus
3364 4961 3649 5018 confirmat
3693 4978 3712 5016 :

2139 5077 2158 5111 ι
2195 5057 2477 5112 Eﬂ'undam
2509 5071 2668 5127 super
2699 5072 2794 5112 vos
2845 5072 3039 5126 aquam
3071 5059 3348 5120 mundam,
3378 5065 3434 5110 et
3487 5053 3718 5109 munda-

2127 5151 2316 5206 bimini
2352 5151 2421 5204 ab
2444 5150 2695 5205 omnibus
2725 5149 3148 5222 inquinamentis
3180 5150 3374 5205 vestris
3403 5148 3504 5202 “.t

2524 5338 2543 5365 ²
2571 5333 2670 5388 Isa.
2699 5351 2739 5394 I,
2771 5333 2852 5387 I6.

2417 5408 2437 5438 ⁹
2474 5405 2575 5458 Isa.
2604 5404 2752 5467 tv,4.
2834 5406 2875 5435 "
2915 5405 3014 5458 Isa.
3077 5422 3241 5462 xxxv,
3280 5406 3328 5457 7.

2773 5477 2816 5507 ¹⁶
2842 5475 3002 5532 Micb.
3038 5492 3133 5544 vn,
3184 5474 3270 5541 18,
3303 5474 3391 5529 I9.

2177 5548 2218 5577 "
2257 5544 2454 5601 Ezeelt.
2491 5561 2675 5608 xxxvt,
2706 5546 2795 5601 95.

2931 5335 2950 5366 ³
2975 5335 3036 5390 IlI
3071 5335 3200 5399 Reg.
3225 5349 3340 5399 six,
3364 5332 3447 5388 I6.
3523 5331 3545 5364 ⁸
3569 5332 3718 5390 PsaI.

3148 5351 3200 5404 g.
3225 5351 3340 5399 XIX,
3364 5351 3447 5388 to.
3523 5351 3545 5364 ν
3569 5351 3716 5390 I'sal.

3155 5423 3241 5462 xv,
3280 5406 3328 5457 7.
3411 5405 3450 5436 ¹¹
3489 5402 3620 5457 ΙΙ›Ῐ‹Ι.
3657 5404 3716 5460 8.

3184 5474 3270 5527 18.
3303 5474 3391 5527 I9.
3499 5475 3539 5506 "
3579 5472 3716 5527 loci.

3613 5487 3719 5533 (μοι.

2196 5708 2310 5782 ('59)
2346 5707 2456 5764 luto
2488 5707 2634 5761 Elian
