4044 6416
390 300 508 362 εἶτ

1463 296 1855 360 DIALOGUS
1893 299 2192 360 CONTRA
2227 301 2553 362 IUL/EOS.

3566 298 3642 360 78

457 410 574 468 Jatn
607 425 735 464 vero
760 410 810 464 In
842 407 990 464 Mara
1006 411 1052 442 "
1087 423 1223 479 aqua
1254 422 1463 471 amara,
1498 418 1778 479 peccatum
1814 422 1969 461 ama-
2000 419 2042 468 Α
2075 409 2291 478 genitus
2321 408 2414 464 Dei
2442 409 2611 464 Filius
2637 408 2916 464 duodecim
2963 407 3234 478 apostolos
3268 423 3283 460 :
3318 424 3339 459 ι
3371 406 3452 462 Ad
3482 422 3644 476 quem

388 521 509 558 rum
561 502 807 565 notabat,
858 500 1287 569 regenerationis
1327 501 1541 555 lavacro
1583 513 1649 553 ac
1707 499 1969 567 pmniten-

389 596 463 649 tia
495 596 547 648 in
578 593 922 647 dulcedinem
957 590 1295 647 vertendum.
1332 590 1504 645 Porro
1561 599 1742 645 autem
1765 588 1969 645 duode-

380 685 497 740 cim
558 683 737 739 fontes
804 683 861 738 in
933 682 1067 736 Elim
1125 683 1192 747 ³³,
1246 683 1525 738 duodecim
1600 680 1966 751 apostolorum

384 776 644 832 doctrina:
674 789 871 846 aquam
904 774 1283 844 designabant,
1313 774 1609 844 itidemque
1632 773 1965 843 reliquorum

379 868 726 939 septuaginta
786 867 998 937 paltutc.
1056 864 1321 921 Caeterum
1355 880 1495 921 arcte
1548 880 1645 935 per
1675 864 1965 921 Iordanem

384 960 633 1031 trajectio
664 974 691 1011 a
724 957 925 1013 ludatis
964 956 1131 1024 facta,
1195 957 1334 1012 sacri
1374 957 1627 1026 baptismi
1653 957 1757 1008 vim
1788 964 1969 1009 osten-

379 1051 465 1106 dit
500 1068 515 1105 :
550 1065 675 1102 nam
738 1063 835 1117 per
857 1048 1166 1102 sacerdotes
1199 1062 1338 1116 aqua
1385 1056 1441 1100 et
1484 1045 1675 1117 spiritu
1711 1044 1962 1111 recreati,

377 1157 536 1213 reque
565 1150 618 1196 et
659 1155 760 1195 nos
814 1150 1115 1207 peccatum,
1175 1147 1232 1193 ut
1259 1138 1418 1194 Jesus
1445 1139 1586 1192 ﬁlius
1639 1136 1783 1191 Nave
1825 1134 1967 1191 Jeri—

381 1238 666 1297 clmntem,
695 1232 989 1286 evertimus
1014 1246 1078 1286 ac
1104 1230 1500 1299 dcspoliamus,
1535 1231 1585 1284 id
1611 1233 1752 1284 enim
1797 1228 1965 1296 signi-

378 1323 651 1393 cat,quod
680 1324 757 1376 ait
795 1326 1052 1394 propheta
1084 1342 1098 1378 :
1146 1342 1164 1375 ι
1201 1324 1332 1390 Qua:
1368 1334 1547 1378 autem
1577 1322 1960 1387 descendebat,

378 1417 663 1472 descendit
691 1415 742 1470 itt
773 1430 921 1470 mare
950 1417 1149 1481 Araba,
1177 1430 1326 1471 mare
1343 1414 1491 1478 salis,
1514 1415 1685 1469 donec
1711 1414 1763 1469 in
1800 1414 1961 1468 linem

376 1507 575 1562 defecit
604 1505 707 1575 “‘;
750 1525 769 1558 ι
832 1507 1018 1571 idest,
1078 1506 1290 1561 violatae
1333 1505 1458 1559 olim
1500 1505 1629 1575 legis
1678 1514 1961 1574 peccatum

378 1600 449 1653 ad
498 1599 822 1653 immensum
888 1598 981 1653 Dei
1027 1597 1382 1652 humanitatis
1411 1596 1630 1665 pelagus
1667 1597 1958 1664 dilapsum,

379 1689 710 1755 demanat-it,
752 1689 924 1745 donec
978 1691 1194 1744 tandem
1252 1688 1577 1743 exstinctum
1619 1697 1720 1741 est.
1766 1687 1960 1743 Sacer-

2070 497 2251 553 factus
2272 510 2357 555 est
2387 515 2564 555 sermo
2587 499 2820 567 Domini,
2857 501 3044 556 dicens
3075 518 3091 558 :
3126 500 3289 556 Israel
3312 501 3415 556 erit
3446 516 3643 557 nomen

2070 599 2219 643 tuum
2247 590 2351 642 υ.»
2385 589 2477 643 llle
2507 589 2723 658 quidem
2755 591 2961 644 audivit
2999 605 3057 645 se
3085 603 3316 646 mentem
3348 590 3486 655 fore,
3524 607 3645 662 qua:

2073 680 2241 735 Deum
2296 687 2447 734 esset
2503 682 2683 735 visora
2712 698 2726 734 :
2759 680 2844 736 hic
2874 681 3018 736 Deus
3052 691 3156 748 est,
3202 698 3361 750 quem
3394 682 3646 739 cmlcstes

2065 785 2253 827 Omnes
2274 780 2480 826 tuentes
2507 772 2731 827 adorent
2756 781 2810 826 et
2839 773 3163 827 collaudem.
3195 772 3598 827 Etzt/Ed-licav
3626 783 3648 828 t

2067 862 2295 930 lapides,
2353 871 2409 916 et
2433 862 2641 917 curavit
2687 862 2858 916 altare
2907 863 3167 916 dirutum.
3203 881 3221 914 ι
3252 864 3343 917 lllc
3406 864 3645 919 dirutum

2077 952 2171 1009 Dei
2210 953 2377 1007 altare
2403 953 2705 1018 instaurat;
2732 953 2818 1007 hic
2851 953 3158 1023 ﬁgmentum
3210 970 3364 1009 suum
3410 954 3644 1009 lacerum

2069 1058 2167 1113 per
2216 1047 2515 1099 doctrinam
2574 1045 2949 1115 apostolorum
3006 1045 3299 1114 componit.
3339 1063 3359 1098 ‹
3393 1044 3648 1115 Fecitque

2067 1152 2221 1206 aquae
2265 1138 2482 1192 ductum
2536 1137 2692 1206 quasi
2743 1151 2842 1207 per
2888 1136 3022 1190 duas
3061 1136 3444 1190 aratiunculas.
3477 1154 3498 1188 ι
3535 1136 3648 1190 lllic

2064 1232 2255 1289 scrobs
2321 1248 2448 1298 una,
2487 1247 2607 1301 qua:
2655 1232 2760 1287 duo
2788 1241 2906 1286 sata
2934 1229 3157 1285 seminis
3200 1240 3438 1295 caperet,
3474 1229 3564 1284 hic
3592 1230 3647 1283 in

2066 1342 2172 1380 una
2222 1340 2450 1396 persona
2477 1325 2601 1380 dum
2629 1334 2858 1389 naturae,
2899 1323 3079 1378 divina
3134 1329 3186 1374 et
3216 1322 3446 1375 humana
3485 1321 3647 1376 simul

2062 1420 2387 1473 exstiterunt
2422 1436 2435 1471 :
2469 1416 2555 1473 (In
2590 1418 2818 1473 circuitu
2842 1419 3028 1474 altaris
3056 1418 3141 1483 ³⁹;
3174 1435 3193 1468 ι
3218 1430 3367 1470 aratn
3404 1415 3492 1469 hic
3525 1413 3649 1468 Cal-

2065 1512 2228 1564 varite
2251 1511 2451 1572 locum,
2484 1512 2540 1567 itt
2586 1527 2695 1581 quo
2724 1521 2948 1582 augusta
2974 1527 3105 1568 crux
3144 1509 3322 1567 tit-lixa
3352 1518 3454 1569 est.
3487 1506 3648 1560 intel-

2063 1602 2190 1671 lige.
2243 1619 2265 1653 ί
2330 1602 2393 1655 Et
2444 1602 2912 1671 eomposuitligua
2945 1619 3108 1673 super
3158 1603 3330 1655 altare
3379 1596 3522 1669 quod
3573 1597 3650 1651 fe-

2063 1696 2140 1748 cit
2199 1694 2267 1747 ³⁸.
2336 1712 2355 1745 ι
2417 1692 2609 1764 Ligna,
2672 1710 2764 1750 seu
2798 1695 3007 1749 assulas
3040 1710 3074 1751 e
3122 1694 3268 1763 ligno
3297 1692 3469 1748 scisso
3495 1703 3651 1745 vctat

381 1783 537 1837 dotes
565 1796 698 1837 vero
736 1783 788 1836 in
816 1780 1053 1837 Iordane
1082 1783 1420 1846 resistentes,
1453 1781 1674 1848 pedibus
1712 1790 1955 1836 extrema
1984 1774 2031 1833 Β
2064 1785 2338 1840 hominum
2371 1801 2560 1853 noxas,
2603 1801 2740 1856 quas
2771 1785 3030 1841 Dominus
3066 1796 3254 1841 noster
3275 1786 3421 1840 cruci
3460 1783 3651 1838 atlixus

377 1890 519 1944 aqua
562 1874 768 1938 tinctis,
811 1872 1141 1944 signiﬁcant,
1192 1873 1408 1943 opinor,
1440 1886 1467 1924 a
1500 1881 1726 1941 peccato
1771 1872 1961 1928 abesse

379 1966 673 2021 neminem.
703 1966 858 2033 Quod
897 1977 1074 2020 autem
1123 1965 1417 2021 Jordanem
1444 1962 1587 2018 Elias
1648 1963 1847 2019 ntelote
1875 1979 1961 2020 se-

382 2061 515 2127 mel,
573 2061 801 2117 Elisaeus
852 2061 939 2117 bis
994 2052 1206 2128 trajecit
1239 2059 1306 2126 “,
1341 2061 1493 2114 trime
1524 2060 1576 2114 in
1620 2073 1773 2115 sacra
1807 2060 1961 2114 ablu-

378 2157 531 2211 tione
567 2154 925 2210 demersionis
956 2155 1009 2209 in
1042 2169 1238 2210 nomen
1280 2152 1381 2209 SS.
1415 2152 1699 2208 Trinitatis
1728 2152 1869 2207 vires
1906 2161 1963 2209 et

379 2247 675 2303 ellicaciam
724 2245 1081 2316 praenotahat.
1133 2259 1239 2316 qua
1297 2246 1524 2302 mortale
1581 2262 1646 2303 ac
1697 2248 1959 2303 caducum

383 2341 750 2407 incorruptam
802 2337 1263 2393 immortalitatem
1345 2339 1542 2394 induit.
1595 2340 1781 2410 Neque
1834 2355 1962 2395 vero

378 2429 527 2484 aliud
556 2431 692 2484 velle
722 2430 850 2484 tnihi
876 2431 1087 2485 videtur
1117 2429 1375 2497 Naaman,
1407 2433 1610 2502 septies
1643 2433 1694 2487 in
1723 2430 1963 2487 Jordane

378 2522 524 2577 ablui
582 2522 766 2592 jussus
820 2523 891 2588 ",
921 2537 1083 2593 quam
1124 2506 1457 2590 conandum,
1495 2532 1553 2578 ut
1602 2524 1654 2579 in
1704 2525 1807 2580 hac
1838 2534 1961 2579 tan-

370 2627 538 2682 quam
585 2613 886 2681 septimana
916 2614 1025 2667 vita
1057 2653 1073 2680 ,
1104 2613 1342 2682 peccatis
1391 2615 1644 2671 omnibus
1681 2615 1960 2683 abstersis,

377 2720 475 2775 per
526 2713 733 2772 septem
770 2705 1004 2773 Spiritus
1055 2706 1194 2760 dona
1253 2703 1355 2760 SS.
1401 2704 1678 2773 Trinitati,
1736 2690 1798 2763 :et
1852 2717 1967 2765 tres

376 2796 573 2852 anima:
620 2797 909 2868 potentias,
940 2807 995 2851 et
1029 2796 1421 2854 elementorum
1463 2804 1708 2872 corporis
1733 2813 1962 2874 quater-

381 2888 599 2943 nionem
644 2887 842 2943 olIeras
871 2889 1097 2957 integra,
1148 2889 1452 2945 oblitterata
1487 2894 1665 2963 priore
1700 2895 1848 2949 velut
1879 2896 1960 2952 le-

371 2991 496 3046 pra.
551 2975 689 3042 Quin
731 2975 919 3044 Jacob,
947 2992 1146 3048 parens
1202 2990 1407 3046 vester,
1442 2980 1636 3038 baculo
1668 2982 1958 3041 Jordanem

380 3083 490 3122 non
556 3068 671 3138 ipse
725 3077 956 3133 tantum,
980 3069 1267 3139 omnisque
1305 3070 1422 3140 ejus
1460 3074 1667 3130 familia
1702 3077 1955 3146 transiit;

381 3159 480 3212 sed
523 3173 652 3212 oves
676 3174 915 3227 quoque,
966 3176 1031 3214 ac
1061 3162 1248 3225 boves,
1283 3173 1340 3216 ut
1365 3167 1698 3232 ostenderet,
1740 3183 1846 3222 non
1870 3183 1958 3223 so-

370 3248 484 3302 lum
515 3264 546 3302 a
569 3248 679 3304 Deo
709 3249 933 3315 electos,
985 3253 1079 3306 sed
1106 3253 1267 3308 etiant
1302 3255 1395 3323 qui
1445 3256 1603 3310 bruta
1638 3266 1693 3311 et
1718 3260 1956 3314 amentia

374 3341 583 3395 scelera
641 3352 939 3411 patrarent,
993 3353 1267 3414 purgatos,
1302 3347 1501 3404 Christi
1533 3350 1844 3406 eohmredes
1876 3352 1959 3408 ef-

373 3432 577 3485 l‘ectum
614 3432 702 3486 iri.
736 3431 1160 3490 llierichnntinte
1228 3451 1442 3505 qu0que
1502 3442 1717 3495 steriles
1782 3457 1956 3510 aqua},

373 3523 490 3577 sale
527 3524 596 3577 ab
632 3523 823 3578 Elisan
865 3522 1262 3595 fecumlatte“,
1300 3528 1536 3597 priorem
1560 3528 1812 3586 Ecclesia:
1850 3542 1960 3587 ste-

375 3614 633 3669 rilitatem
690 3614 1090 3679 monstrabant,
1127 3631 1249 3685 qua:
1294 3617 1538 3675 habenda
1576 3621 1769 3676 deimle
1801 3622 1960 3677 Ωιιτί-

378 3719 474 3763 sto
524 3706 629 3762 lide
699 3706 953 3777 centuplo
1006 3707 1187 3776 plores
1218 3708 1437 3773 liberos,
1483 3726 1643 3781 quam
1674 3727 1958 3783 synagoga:

380 3797 579 3851 marito
616 3806 697 3851 cst
756 3806 879 3868 post
944 3799 1102 3853 enixa
1140 3798 1279 3870 (40).
1311 3798 1507 3855 Verum
1543 3810 1598 3856 ut
1631 3804 1864 3872 apertius
1891 3804 1961 3859 tle

374 3888 467 3940 his
497 3898 816 3954 statuamus,
846 3888 1086 3943 vaticinii
1120 3889 1282 3945 verba
1312 3904 1377 3945 ex
1404 3890 1554 3948 libris
1590 3892 1795 3965 Regum
1837 3912 1961 3966 per-

368 3993 696 4050 sequamur.
728 3981 818 4034 Sic
850 3980 993 4036 enim
1026 3982 1247 4037 habent.

936 4071 1166 4128 CAPUT
1206 4072 1394 4131 XLVII

697 4161 833 4217 Elite
884 4179 1001 4218 cum
1027 4162 1239 4219 Christo
1293 4169 1637 4236 comparatio.

456 4270 480 4305 ς
508 4252 654 4309 Dixit
702 4253 847 4309 Elias
895 4255 963 4310 ad
998 4259 1253 4326 populum
1286 4275 1300 4311 :
1348 4261 1603 4314 Accedite
1658 4264 1724 4316 ad
1763 4279 1864 4319 me.
1891 4264 1961 4319 Et

368 4347 611 4401 accessit
670 4347 850 4403 omnis
899 4349 1127 4417 populus
1178 4350 1246 4404 ad
1301 4365 1423 4405 eum
1474 4352 1541 4406 ³⁷.
1580 4371 1600 4403 ι
1641 4353 1783 4410 Sane
1815 4357 1959 4413 Elias

2065 1874 2117 1929 in
2168 1890 2229 1929 se
2259 1879 2481 1947 recepit,
2538 1887 2593 1932 et
2652 1877 2743 1947 qui
2790 1876 2930 1947 ignis
2989 1877 3210 1948 quidam
3245 1885 3388 1932 esset
3413 1877 3646 1944 divinus,

2066 1969 2295 2034 exussit,
2352 1981 2408 2022 ut
2462 1971 2538 2023 ait
2621 1970 2884 2040 propheta
2926 1985 2942 2024 :
2980 1989 3000 2022 ι
3070 1968 3380 2038 [.anguores
3432 1980 3649 2025 nostros

2065 2061 2183 2131 ipse
2242 2062 2359 2117 tulit
2396 2054 2461 2117 ".
2500 2081 2519 2114 ι
2547 2093 2618 2103 -
2647 2081 2665 2115 ι
2695 2063 2997 2135 Divisitque
3018 2078 3117 2135 per
3158 2065 3399 2119 membra
3432 2065 3645 2128 bovem,

2056 2155 2120 2202 et
2173 2151 2351 2218 posuit
2403 2165 2567 2219 super
2622 2151 2786 2221 ligna.
2850 2170 2870 2204 ι
2928 2152 2988 2208 Id
3010 2160 3110 2221 est,
3159 2154 3373 2208 vitalem
3407 2154 3457 2207 in
3485 2167 3649 2209 cruce

2064 2250 2291 2293 mortem
2322 2242 2581 2295 sustinet.
2620 2241 2749 2312 tjEt
2773 2243 2847 2297 ait
2878 2243 3140 2313 :lmplete
3165 2253 3398 2312 quatuor
3425 2243 3648 2314 hydrias

2066 2344 2226 2398 aqua,
2275 2342 2330 2385 et
2394 2331 2601 2388 fundite
2665 2349 2828 2403 super
2878 2336 3275 2398 holocausmm,
3314 2346 3370 2389 et
3397 2351 3555 2405 super
3582 2335 3649 2389 li-

2063 2436 2166 2492 gna
2195 2423 2261 2477 ³³.
2306 2441 2326 2475 ι
2365 2423 2510 2479 Duas
2539 2426 2832 2496 amphoras
2876 2439 3127 2498 gratiam.
3155 2442 3277 2498 quae
3313 2444 3410 2499 per
3447 2445 3645 2499 aquam

2065 2523 2122 2568 et
2181 2512 2444 2583 Spiritum
2508 2527 2814 2585 prmstetur,
2871 2519 3161 2587 significat,
3188 2520 3644 2589 quemadmodum

2065 2618 2218 2659 meus
2275 2603 2533 2659 Salvator
2586 2610 2752 2677 atque
2809 2606 2952 2664 Dens
3013 2609 3298 2664 continuat
3361 2608 3544 2678 ",qui
3577 2626 3645 2665 ex

2064 2713 2201 2764 aqua
2237 2706 2291 2752 et
2322 2697 2529 2767 Spiritu
2561 2708 2722 2754 natus
2743 2715 2848 2755 non
2876 2701 2966 2767 sit,
2989 2717 3095 2757 non
3129 2716 3288 2771 posse
3316 2703 3383 2756 ad
3405 2702 3646 2757 divinum

2066 2806 2287 2860 regnum
2344 2792 2570 2847 intrare.
2626 2811 2646 2845 ‹
2690 2792 3032 2861 Rursumque
3115 2792 3298 2847 dixit:
3333 2793 3509 2848 Etiam
3559 2810 3649 2849 se-

2061 2885 2240 2939 cundo
2263 2883 2443 2940 facile.
2468 2883 2567 2951 Qui
2594 2900 2717 2939 cum
2748 2885 3006 2941 fecissent
3038 2888 3299 2951 secundo,
3322 2887 3397 2940 ait
3422 2904 3436 2941 :
3466 2887 3645 2942 Etiam

2066 2974 2231 3030 tertio
2281 2974 2334 3028 id
2361 2974 2534 3044 ipsum
2557 2972 2741 3029 facile.
2765 2974 3144 3044 Feceruntque
3177 2976 3336 3031 tertio
3362 2976 3428 3031 ⁸⁸.
3478 2995 3496 3028 ι
3534 2975 3650 3032 Hoc

2064 3064 2368 3123 divinitatis
2429 3067 2779 3137 tergeminam
2856 3066 3194 3134 majestatem
3245 3069 3502 3137 ostendit,
3569 3070 3647 3123 ttti

2065 3168 2285 3209 rursum
2337 3167 2490 3209 meus
2537 3152 2696 3209 Jesus
2739 3154 3020 3223 discipulis
3069 3156 3344 3226 praecepit,
3376 3158 3515 3212 irent
3545 3159 3647 3212 do-

2060 3256 2206 3301 ctum
2242 3260 2430 3300 omnes
2461 3255 2669 3314 gentes,
2696 3259 2899 3316 eosque
2929 3247 3265 3315 baptizarent
3320 3249 3373 3303 in
3426 3251 3646 3306 nomine

2060 3337 2257 3402 Patris,
2281 3348 2334 3392 et
2353 3337 2494 3403 Filii,
2518 3346 2572 3392 et
2600 3336 2836 3408 Spiritus
2860 3338 3034 3392 sancti
3059 3337 3125 3391 ³⁸.
3168 3356 3189 3392 ι
3239 3339 3307 3394 Et
3348 3342 3648 3397 currebant

2062 3444 2217 3498 aqum
2301 3429 2506 3483 circum
2590 3428 2802 3495 altare;
2878 3435 2935 3484 et
2994 3428 3135 3484 fossa
3216 3446 3368 3502 aqua:
3453 3434 3647 3491 ductus

2060 3522 2263 3592 repleta
2326 3532 2411 3577 est
2469 3522 2536 3578 ³⁷.
2599 3540 2618 3573 ι
2675 3519 2817 3601 Nam
2870 3523 3110 3589 repletus
3177 3533 3260 3580 est
3324 3525 3470 3581 orbis
3527 3536 3642 3580 lur-

2061 3627 2248 3668 rarttm
2304 3611 2397 3668 Dei
2433 3628 2598 3682 regno
2640 3623 2802 3683 atque
2833 3614 3028 3681 gloria.
3074 3615 3133 3669 Et
3156 3616 3477 3671 exclamavit
3504 3618 3647 3673 Elius

2065 3706 2119 3759 in
2164 3705 2384 3772 caelum,
2441 3716 2496 3761 et
2524 3706 2661 3761 dixit
2690 3725 2704 3757 :
2733 3724 2753 3758 ι
2807 3706 3031 3762 Domine
3064 3708 3203 3763 Dt-us
3263 3710 3557 3775 Abraham,
3591 3724 3647 3766 et

2056 3796 2234 3862 lsaac,
2264 3806 2318 3853 et
2350 3796 2534 3863 Israel,
2567 3797 2762 3853 exaudi
2799 3812 2906 3863 me,
2945 3797 3239 3855 Domine”.
3268 3818 3290 3853 ι
3328 3800 3452 3857 llazc
3481 3802 3644 3858 Elias.

2060 3891 2126 3943 At
2154 3888 2480 3959 Unigenitus
2518 3890 2608 3945 Dei
2642 3889 2813 3944 oculis
2840 3890 2892 3942 in
2923 3890 3120 3944 caelum
3149 3890 3397 3959 sublatis,
3444 3892 3648 3948 clama-

2064 3985 2134 4035 vit
2171 3998 2186 4036 :
2221 3999 2241 4032 r
2296 3980 2478 4048 Pater,
2527 3983 2669 4052 quod
2724 3981 2915 4036 dedisti
2973 3981 3129 4046 mihi,
3161 3981 3282 4036 volo
3311 3983 3490 4038 utubi
3524 4000 3645 4041 sum

2063 4096 2185 4150 ego,
2234 4090 2290 4134 et
2355 4081 2427 4135 illi
2486 4081 2875 4143 sintmecttm,
2934 4089 2994 4134 ιιι
3076 4081 3297 4136 videant
3341 4082 3646 4141 claritatem

2062 4186 2264 4236 meam,
2336 4186 2500 4241 quam
2601 4170 2798 4226 dedisti
2857 4172 2989 4226 mihi
3022 4181 3149 4227 ante
3204 4174 3644 4233 constitutionem

2065 4264 2247 4316 tuttudi
2284 4281 2299 4318 τ
2329 4275 2394 4319 ut
2451 4263 2562 4319 sint
2601 4278 2788 4326 unum,
2817 4264 2957 4321 sicut
3019 4278 3073 4323 et
3102 4285 3198 4324 nos
3227 4286 3391 4324 unum
3434 4286 3644 4326 sumus.

2062 4354 2180 4410 Noo
2207 4371 2305 4425 pro
2334 4357 2414 4411 eis
2461 4346 2642 4414 autem
2665 4371 2800 4427 rogo
2835 4368 3065 4426 tantum,
3102 4361 3195 4415 sed
3225 4370 3277 4415 et
3302 4378 3402 4432 pro
3428 4363 3529 4431 eis,
3551 4364 3645 4433 qui

375 4436 483 4487 hac
521 4433 666 4488 obita
722 4433 1019 4499 iunctione,
1064 4449 1254 4493 coorto
1303 4440 1459 4508 quasi
1495 4443 1724 4508 quoda-u
1769 4453 1955 4503 terrte-
1984 4446 2037 4506 D
2063 4447 2320 4501 credituri
2344 4461 2468 4503 sunt
2493 4464 2589 4519 per
2612 4453 2832 4506 verbum
2856 4468 3045 4506 eorum
3078 4453 3129 4507 in
3162 4469 3246 4508 me
3281 4454 3349 4510 ³⁸.
3400 4473 3419 4506 ι

373 4530 548 4585 motu,
606 4524 758 4592 ignea
810 4526 1072 4596 quadriga
1116 4527 1168 4581 itt
1200 4528 1398 4582 cadum
1428 4529 1721 4586 subvectus
1740 4542 1863 4603 est;
1901 4547 1958 4592 at

372 4624 567 4667 contra
621 4630 683 4668 ac
709 4613 1008 4671 mirabilius
1069 4617 1246 4686 opifex
1273 4618 1360 4673 ille
1383 4620 1527 4686 ctnli,
1568 4622 1840 4681 inclinatis
1863 4628 1957 4681 bc-

376 4704 542 4773 nigne
569 4706 722 4761 cmlis
753 4708 1063 4777 degressus,
1093 4719 1147 4763 et
1194 4712 1424 4766 vehiculi
1451 4715 1731 4783 cujusdam
1763 4718 1954 4785 instar,

372 4807 570 4852 natura
636 4809 907 4868 suscepta,
958 4800 1201 4855 studiose
1244 4818 1432 4860 omnes
1486 4808 1553 4861 ad
1596 4823 1654 4863 se
1684 4812 1956 4868 attrahere

372 4887 559 4956 gestit.
589 4887 776 4957 Itaque
810 4906 823 4941 :
863 4906 884 4939 ι
924 4887 1133 4953 Vertite,
1190 4889 1381 4961 inquit,
1409 4893 1474 4944 atl
1508 4909 1615 4960 tne,
1648 4910 1835 4952 omnes
1865 4899 1954 4967 qui

373 4976 657 5037 laboratis,
684 4985 737 5030 et
765 4977 970 5030 onerati
1011 4978 1178 5043 estis;
1211 4989 1265 5031 et
1302 4994 1399 5049 ego
1432 4980 1667 5035 relictam
1716 4997 1810 5038 vos
1830 4984 1894 5037 ".
1934 5004 1953 5037 ι

370 5095 450 5105 --
483 5083 504 5118 r
562 5066 629 5119 Et
662 5067 780 5121 tulit
821 5066 1102 5121 duodecim
1146 5070 1347 5138 lapides
1368 5070 1522 5139 juxta
1548 5088 1831 5129 numerum
1859 5078 1959 5130 tri-

375 5164 544 5215 buum
577 5160 811 5214 ﬁliorum
837 5157 1028 5216 Iacob.
1060 5179 1080 5213 ι
1139 5160 1287 5217 Eiias
1313 5163 1593 5220 duodecim
1636 5183 1790 5234 saxa,
1838 5171 1960 5225 uni-

449 5347 495 5377 ²¹
529 5344 821 5415 Exoriarv,
850 5344 942 5400 ‘23.
1020 5345 1065 5378 ’³
1102 5347 1233 5401 Ibid.
1263 5345 1355 5401 27.
1433 5350 1500 5381 ⁸³·
1527 5348 1695 5405 Iosue
1750 5366 1833 5415 ιιι,
1858 5352 1946 5408 16.

373 5434 436 5478 ιι,
465 5415 553 5468 21.
630 5414 674 5445 ³⁷
700 5413 762 5465 Ill
797 5416 927 5481 Reg.
981 5432 1135 5479 xrttt,
1171 5418 1258 5472 50.
1332 5418 1383 5450 ³⁸
1410 5419 1597 5475 Matth.
1639 5437 1717 5485 ιι,
1751 5413 1841 5476 ‘28.

372 5500 530 5550 xvttt,
561 5485 680 5555 54.,
728 5485 773 5555 ’1
796 5485 898 5539 lsa.
927 5501 1041 5544 Llll.
1071 5487 1124 5540 4.
1201 5488 1336 5543 ³³111
1376 5490 1505 5555 Reg.
1535 5505 1686 5555 xvttt,
1716 5492 1804 5545 51.

447 5744 560 5820 (40)
593 5746 725 5805 Vide
745 5746 899 5804 lsaiae
942 5765 1053 5820 Liv,
1082 5751 1124 5806 Ι.

2047 5352 2093 5433 ff
2126 5353 2193 5433 [ν
2222 5355 2438 5424 Reg.tr,
2472 5359 2525 5433 8_,
2560 5360 2649 5415 14.
2723 5361 2774 5393 ’⁸
2805 5362 2871 5416 IV
2899 5362 3031 5433 Reg.
3058 5380 3110 5429 ν,
3141 5364 3221 5420 Ιοο

1947 5423 2090 5500 1-91"
2130 5423 2448 5500 Regum".
2487 5423 2546 5500 31
2589 5447 2740 5500 le‘l-

1881 5493 1928 5524 ”
1953 5491 2114 5550 Joau.
2142 5491 2237 5554 ιιιῖ
2262 5497 2317 5549 5.

374 5556 561 5612 ιε-ιεθ.
635 5554 681 5588 ετ
707 5552 778 5610 ιιι
807 5556 938 5626 ueg.
963 5572 1122 5625 XVIII,
1165 5558 1253 5614 55.
1331 5552 1684 5643 ⁸⁸11111.5ϋ.ί
1743 5552 2359 5635 "Joau.xvn,2i-‘26.
2431 5568 2476 5603 ια
2507 5552 2574 5625 ιιι
2608 5552 2746 5641 se};
2770 5552 3077 5641 "x’iiiifz'ts.

2140 4555 2159 4588 ι
2198 4535 2406 4591 Exaudi
2468 4553 2553 4595 me
2594 4538 2754 4593 hodie
2811 4541 2862 4593 itt
2896 4541 3040 4611 igne,
3095 4551 3150 4596 ct
3184 4543 3358 4597 discat
3415 4545 3647 4614 populus

2058 4627 2166 4682 iste
2192 4627 2387 4692 omnis,
2411 4630 2535 4695 quia
2581 4636 2638 4685 tu
2678 4629 2826 4687 solus
2847 4631 3103 4687 Dominus
3126 4631 3267 4690 Deus
3311 4631 3475 4690 lsrael
3513 4634 3581 4691 “.
3620 4656 3639 4689 ι

2065 4718 2232 4782 Elias,
2274 4719 2365 4788 qui
2425 4720 2589 4775 homo
2614 4731 2754 4788 erat,
2804 4723 3110 4779 exhibendo
3166 4725 3287 4797 igne
3334 4726 3644 4795 exauditus,

2070 4810 2261 4874 Deum,
2321 4812 2411 4880 qui
2468 4812 2608 4883 ignis
2659 4815 2876 4885 quidam
2930 4824 3033 4881 est,
3069 4818 3342 4872 hominem
3370 4817 3486 4873 ﬁeri
3520 4834 3625 4886 pre-

2070 4910 2226 4954 catttr
2256 4919 2271 4953 :
2303 4901 2391 4956 ille
2437 4917 2567 4957 vero
2627 4905 2717 4972 qui
2750 4913 2804 4959 et
2841 4906 2982 4960 Deus
3022 4914 3075 4960 et
3109 4908 3271 4975 ignis,
3322 4908 3484 4962 homo
3531 4909 3644 4964 lieri

2064 5001 2343 5064 assumpta
2391 5011 2509 5050 mea
2537 5012 2700 5053 carne
2724 5000 2913 5064 voluit,
2941 5010 2993 5054 ut
3022 5000 3088 5055 ab
3127 5015 3331 5055 retento
3372 5005 3492 5070 igne
3518 5002 3648 5053 libr-

2067 5093 2217 5136 raret
2249 5101 2265 5137 :
2296 5102 2315 5134 ε
2354 5084 2421 5139 Et
2443 5101 2544 5151 ego
2578 5102 2765 5143 servus
2801 5098 2925 5145 tuus
2942 5089 3006 5145 “.
3042 5108 3060 5141 ι
3091 5089 3229 5145 Vere
3258 5092 3324 5143 de
3354 5105 3412 5145 se
3463 5089 3644 5146 Elias:

2064 5175 2207 5243 quod
2288 5178 2353 5229 ad
2430 5180 2715 5236 sublimem
2767 5196 2986 5239 sensum
3020 5182 3065 5236 si
3100 5182 3370 5249 trahatur,
3419 5181 3643 5235 nimum

3324 5367 3369 5439 ',‘
3405 5365 3470 5439 l‘.’
3507 5366 3637 5439 Bas.

3308 5438 3351 5470 “
3399 5436 3464 5492 Ill
3505 5436 3637 5503 Reg.

3134 5507 3181 5538 ³⁸
3213 5505 3408 5563 Matth.
3445 5524 3638 5575 nvttt,

2848 5434 2894 5465 ³ο
2922 5432 3058 5491 “illi.
3091 5436 3180 5491 5‘2.

2386 5500 2392 5506 “
2425 5499 2472 5569 1³
2501 5499 2564 5553 lll
2606 5499 2739 5569 Reg.
2767 5518 2919 5566 xvnt,
2951 5505 3041 5560 54.
