4044 6402
401 259 471 318 931
482 261 509 319 ’1

1609 265 2030 326 ANDRONICI
2071 267 2416 329 COMNENI

3547 280 3657 344 880

397 376 574 432 audax
625 377 712 432 sit.
742 376 870 430 Nam
917 378 1016 433 etsi
1051 377 1268 448 quidam
1311 394 1413 433 non
1439 378 1770 444 dubitarunt,
1813 391 1972 448 atque
2003 387 2046 442 Λ
2079 386 2313 437 t'lltttilttll
2360 401 2554 455 corpus
2586 397 2872 445 nascentes
2895 391 3169 447 terres-tris
3197 393 3486 463 imaginem
3533 399 3660 452 tuli-

396 469 512 522 ausi
566 468 699 522 adeo
743 477 868 521 sunt
927 469 1248 524 confirmare
1297 486 1362 525 ex
1399 472 1594 525 Christi
1630 487 1861 540 persona
1887 472 1967 523 di-

374 575 561 627 clum,
590 561 825 614 scilicet:
853 579 870 612 ‹
907 559 1039 626 Quia
1070 576 1169 631 ego
1201 577 1389 616 servus
1442 572 1583 624 tnus,
1613 576 1664 615 et
1701 564 1840 617 filius
1869 579 1965 616 an-

390 653 525 705 cilia:
555 664 656 706 tua:
690 651 765 704 “z
801 651 853 705 iit
881 660 1056 705 mente
1081 652 1209 706 illud
1233 652 1490 707 habentes
1516 671 1528 706 :
1559 671 1575 704 ς
1605 652 1762 708 Pater
1794 654 1965 720 major

390 758 475 795 tne
502 752 583 794 est
617 742 682 804 δ’,
733 759 750 792 ι
799 751 852 794 at
882 740 1050 794 multo
1069 741 1187 810 plus
1219 743 1442 796 interest
1466 743 1798 797 discriminis
1825 744 1964 797 inter

387 833 681 887 dominium
701 835 1100 896 etservitntem,
1124 849 1283 904 quant
1328 851 1545 890 causam
1574 849 1625 890 et
1656 846 1958 890 causatum.

388 928 567 991 Quare
593 925 858 980 silendum
886 927 1085 995 potius,
1113 943 1175 980 ac
1199 927 1648 982 considerandum
1672 937 1774 991 est,
1801 943 1959 995 quam

384 1019 678 1082 curiosius,
725 1032 824 1072 nec
874 1018 1008 1070 citra
1060 1017 1357 1086 periculum
1414 1018 1750 1087 agitandum.
1811 1038 1829 1071 ι
1894 1019 1959 1072 Ει

385 1118 604 1176 propter
657 1117 709 1161 te
747 1105 861 1161 haec
884 1106 1064 1160 omnia
1098 1105 1196 1160 feci
1223 1105 1287 1160 ⁵³.
1321 1124 1338 1156 ι
1370 1105 1597 1176 PrOpter
1654 1117 1726 1170 te,
1761 1107 1956 1178 inquit,

388 1199 439 1249 in
491 1211 704 1251 crucem
757 1211 874 1249 sum
923 1193 1144 1250 sufﬁxus
1177 1212 1191 1250 :
1226 1213 1247 1248 ι
1297 1195 1363 1251 Ut
1394 1208 1723 1268 cognoscant
1756 1209 1825 1263 te,
1869 1214 1958 1252 so-

387 1289 491 1341 lum
554 1287 720 1342 Deum
775 1303 983 1354 verum,
1038 1297 1093 1342 et
1141 1303 1298 1357 quem
1343 1289 1536 1343 misisti
1577 1288 1757 1344 Jesum
1797 1290 1954 1345 Chri-

383 1392 548 1434 stum.
601 1398 620 1432 ι
652 1380 716 1434 Et
749 1394 960 1433 rursum
993 1397 1006 1433 :
1043 1398 1062 1431 ‹
1094 1378 1241 1449 Opus
1261 1382 1649 1447 consummavi,
1694 1383 1836 1450 quod
1864 1379 1955 1435 de-

385 1472 509 1526 disti
546 1471 698 1536 milti,
723 1481 782 1526 ut
807 1470 1001 1525 faciam
1034 1470 1102 1526 “.
1136 1489 1155 1522 ›
1191 1499 1260 1510 --
1292 1489 1311 1524 ι
1353 1470 1418 1525 Ει
1448 1474 1958 1528 tuconvertisti'cor

385 1564 564 1632 populi
624 1563 787 1633 hnjns
823 1572 942 1632 post
973 1571 1022 1618 te
1068 1563 1136 1618 “.
1181 1581 1200 1614 ι
1231 1561 1537 1618 Jndaeorum
1571 1566 1868 1619 caecitatem
1903 1573 1956 1618 ct

385 1656 739 1726 pervicaciam
800 1663 970 1722 notat,
1027 1655 1476 1725 quemadmodum
1527 1657 1656 1711 etin
1699 1672 1859 1711 cruce
1881 1659 1958 1710 ait

386 1747 677 1803 bnntinns:
720 1766 740 1798 ε
787 1745 968 1812 Pater,
993 1747 1203 1802 dimitte
1238 1747 1344 1802 illis
1377 1767 1390 1802 :
1426 1763 1530 1802 non
1567 1749 1709 1802 enim
1757 1750 1957 1814 sciunt,

381 1839 508 1907 qnid
549 1839 749 1892 faciunt
799 1838 1000 1892 “.—t
1042 1839 1106 1894 Et
1153 1841 1348 1895 cecidit
1373 1841 1512 1910 ignis
1560 1857 1586 1894 a
1623 1838 1849 1894 Domino
1889 1840 1958 1894 de

381 1933 518 1986 uelo
553 1931 652 1984 ι’.»
683 1929 886 1984 Videtis
919 1930 1267 1986 humanitatis
1287 1929 1487 1985 Christi
1528 1929 1957 1985 absolutionem?

379 2024 603 2077 (lu-litus
657 2022 908 2091 delapsus
935 2021 1073 2090 ignis
1098 2021 1398 2076 divinitatis
1427 2024 1744 2077 descensum
1799 2038 1957 2076 mon-

377 2132 403 2168 s
435 2129 534 2178 rat,
594 2115 666 2166 nti
717 2114 933 2182 quidam
965 2115 1110 2166 inter
1145 2123 1358 2167 nostros
1400 2115 1576 2182 magni
1608 2113 1842 2167 nominis
1875 2114 1954 2166 itt-

380 2209 496 2274 ettit
528 2225 540 2259 :
579 2224 596 2256 ι
641 2207 778 2259 Dens
802 2216 984 2260 noster
1017 2206 1156 2274 ignis
1185 2216 1302 2272 est;
1328 2215 1383 2260 et
1408 2207 1622 2275 quidem
1665 2207 1805 2274 ignis
1825 2221 1956 2260 con-

379 2313 598 2352 sumens
656 2297 704 2332 ⁸⁸
739 2317 758 2349 ι
793 2297 1015 2368 flagitia.
1050 2315 1070 2349 ς
1102 2297 1168 2350 Et
1187 2296 1470 2353 devoravit
1516 2297 1859 2364 holocausta,
1902 2308 1957 2352 et

380 2391 543 2457 ligna,
598 2397 655 2442 et
711 2403 905 2458 aquam
967 2387 1218 2452 aﬂusam,
1267 2398 1324 2443 et
1373 2402 1568 2458 aquam
1595 2389 1645 2443 itt
1687 2389 1957 2442 mari:et

381 2481 609 2549 l..pidi-s,
646 2489 700 2534 et
751 2489 950 2534 terram
982 2480 1139 2534 linxit
1192 2481 1348 2550 ignis.
1388 2500 1407 2533 ι
1468 2481 1580 2536 lloc
1612 2491 1952 2550 peccatorum

377 2568 799 2622 interneciOnem
886 2577 1048 2637 atque
1143 2567 1599 2624 oblitterationem
1671 2569 1952 2638 designat.

383 2679 402 2710 ι
457 2659 526 2713 Ει
570 2659 766 2713 cecidit
800 2661 976 2712 omnis
994 2659 1232 2729 populus
1267 2659 1322 2715 in
1354 2660 1544 2714 faciem
1579 2675 1759 2723 suam,
1791 2671 1845 2713 et
1875 2661 1958 2713 di-

376 2753 454 2804 xit
491 2769 504 2805 :
537 2749 678 2816 Vere
731 2750 988 2805 Dominus
1031 2751 1174 2805 Deus
1224 2751 1339 2821 ipse
1373 2761 1454 2805 cst
1502 2751 1642 2806 Dens
1667 2750 1733 2805 δ’.
1775 2770 1794 2802 ι
1819 2750 1953 2805 Nam

375 2845 518 2898 obita
542 2842 686 2896 vitali
714 2855 903 2908 morte,
927 2844 1170 2897 centurio
1225 2852 1280 2898 et
1300 2843 1348 2898 ei
1374 2853 1634 2908 astantes,
1664 2843 1952 2898 Dominunt

379 2945 618 2990 nostrum
644 2933 1124 2990 losum-Christum
1163 2949 1289 2989 vere
1314 2934 1404 2989 Dei
1437 2934 1629 2989 Filium
1674 2937 1948 2990 dixerunt.

375 3027 483 3082 Nec
512 3027 584 3080 illi
626 3027 819 3092 solum,
845 3026 936 3081 sed
963 3027 1188 3096 apostoli
1223 3042 1437 3098 quoque
1481 3037 1601 3098 post
1625 3028 1947 3099 supplicium

374 3121 500 3175 facti
525 3120 970 3174 coniirmatiores.
1005 3119 1280 3190 Siquidem
1307 3121 1382 3175 ait
1410 3121 1638 3176 dilectus
1667 3139 1679 3176 :
1715 3140 1734 3173 ι
1768 3120 1953 3190 Neque

373 3215 517 3267 cnim
557 3213 748 3268 fratres
778 3211 894 3280 ejus
921 3212 1212 3267 credebant
1243 3213 1296 3266 itt
1327 3229 1450 3268 eum
1474 3214 1543 3271 ⁵⁸.
1581 3233 1599 3266 ι
1631 3214 1768 3281 Quin
1800 3217 1950 3272 orbis

372 3308 506 3360 adeo
563 3315 830 3360 terrarum
878 3304 1045 3358 multo
1095 3307 1266 3375 magis
1302 3303 1588 3377 .Unigcniti
1621 3309 1948 3379 praeconium

373 3415 493 3454 cum
532 3399 712 3452 Lelilia
737 3399 993 3468 suscepit,
1013 3407 1069 3452 ut
1093 3399 1158 3453 de
1175 3414 1239 3454 eo
1271 3401 1479 3468 prolixe
1499 3411 1727 3455 testatur
1753 3403 1948 3460 Isaias:

380 3507 398 3538 ι
458 3489 909 3541 Antbnlahnntin
937 3489 1275 3557 ea.(sc'tlicet
1314 3489 1708 3561 Hierosolyma)
1739 3496 1952 3548 redem-

375 3581 450 3649 pti
497 3595 526 3631 a
557 3578 784 3634 Domino
832 3579 1101 3648 (pretioso
1135 3581 1439 3653 sanguine),
1483 3592 1537 3638 et
1569 3595 1952 3639 convertentur

375 3679 430 3724 et
470 3669 760 3724 venientia
810 3667 938 3724 Sion
971 3670 1090 3724 “.-t
1128 3671 1183 3726 Id
1208 3682 1312 3739 est,
1348 3673 1416 3728 ab
1436 3690 1665 3730 erronea
1689 3678 1952 3746 supersti-

376 3773 544 3824 tione,
595 3762 698 3816 lteti
731 3771 893 3830 atque
917 3773 1141 3818 ovantes
1172 3764 1238 3818 ad
1288 3765 1562 3820 Christum
1591 3768 1828 3836 venient,
1855 3784 1953 3838 per

375 3852 492 3921 ejus
521 3853 973 3908 resurrectionem
1009 3854 1359 3909 constabiliti.
1432 3874 1451 3908 ι
1488 3856 1554 3911 Ει
1592 3857 1774 3913 laetitia
1808 3874 1953 3914 sem-

377 3944 588 4011 piterna
640 3955 802 4009 super
857 3953 1018 4012 caput
1073 3957 1282 3998 eorum.
1328 3961 1347 3994 ι
1376 3944 1718 4012 Gaudebunt,
1753 3946 1950 4016 inquit,

371 4046 533 4100 super
567 4031 841 4100 agnitione
863 4035 946 4088 sui
969 4033 1293 4103 capitis,qui
1335 4034 1585 4092 Christus
1605 4047 1710 4092 est.
1745 4056 1764 4090 ι
1798 4036 1952 4094 Cau-

368 4124 514 4175 dium
547 4132 605 4176 et
644 4122 892 4177 laetitiam
945 4124 1308 4180 obtinebunt:
1346 4144 1365 4178 ι
1403 4127 1452 4182 id
1480 4137 1585 4193 est,
1644 4129 1752 4184 lteti
1788 4141 1952 4200 atque

368 4213 724 4268 cxultabundi
782 4225 1105 4276 assertorem
1155 4232 1311 4274 suum
1347 4220 1748 4288 praedicabunt.
1804 4241 1824 4276 ι
1883 4224 1951 4278 Ει

370 4305 540 4374 fugiet
559 4307 709 4360 dolor
729 4316 782 4361 et
813 4309 1044 4377 gemitus
1066 4310 1134 4362 ⁸³.
1169 4329 1191 4362 ο
1243 4311 1491 4368 Dolorem
1536 4314 1740 4369 nullunt
1787 4326 1949 4387 atque

369 4399 624 4467 gemitum
678 4399 729 4452 iit
788 4400 855 4454 iis
913 4402 1177 4471 reliquum
1220 4405 1334 4458 fore
1381 4407 1686 4471 conﬁrmat,
1714 4423 1942 4478 quorum
1977 4411 2020 4468 D

367 4503 531 4557 super
575 4490 748 4558 capite
797 4491 1052 4561 gaudium
1090 4507 1323 4560 perenne
1356 4499 1446 4549 sit.
1473 4494 1584 4551 Nec
1622 4512 1749 4552 Vero
1775 4501 1948 4554 otiose

369 4580 544 4632 dixit:
583 4597 600 4629 I
673 4594 834 4649 super
890 4591 1070 4650 caput,
1123 4601 1141 4634 ι
1189 4586 1282 4638 sed
1328 4590 1657 4656 utgaudinm
1703 4591 1942 4644 omnium

367 4670 688 4738 gaudiorum
743 4673 1235 4729 eminentissimum
1298 4679 1618 4737 declararet.
1671 4681 1820 4748 Quod
1851 4688 1944 4736 ad-

368 4763 446 4811 dit
474 4777 487 4813 :
519 4779 536 4811 t
565 4759 768 4815 Lietitia
793 4765 1140 4832 sempiterna,
1173 4785 1189 4817 t
1211 4768 1261 4820 td
1289 4773 1626 4839 copertinet,
1655 4790 1717 4826 ne
1742 4777 1792 4828 id
1818 4792 1946 4845 gau-

365 4857 536 4920 nitttn,
571 4857 840 4924 baptismi,
869 4859 1106 4926 inquam,
1154 4864 1378 4928 gratiam
1416 4867 1673 4921 caducam
1714 4883 1774 4923 ac
1801 4879 1939 4923 tuu-

366 4951 634 5016 porariant
696 4953 966 5018 crederes,
1014 4957 1107 5009 sed
1164 4973 1406 5026 perenne
1448 4975 1508 5012 ae
1531 4964 1936 5032 sempiternum.

366 5044 498 5094 l\:ttn
561 5054 619 5096 ut
662 5045 812 5112 prior
857 5046 1095 5101 Adatnns
1140 5049 1380 5104 violanda
1435 5051 1550 5120 lege
1589 5056 1936 5123 temporalem

365 5135 518 5189 nobis
567 5148 796 5192 mortem
823 5139 1163 5206 conciliavit;
1220 5142 1290 5194 ita
1321 5155 1370 5195 et
1393 5141 1662 5210 Christus,
1689 5147 1777 5215 qui
1805 5147 1940 5201 alter

361 5241 442 5281 cst
490 5231 747 5298 Adamus,
775 5232 890 5284 sine
918 5232 1048 5285 vitio
1075 5246 1412 5300 corporatus,
1462 5253 1752 5302 perennent
1779 5251 1939 5309 atque

360 5320 726 5391 incorruptam
785 5324 1246 5379 immortalitatem
1303 5327 1548 5380 contulit.
1582 5330 1657 5384 Ac
1687 5333 1936 5388 t'elntse-

427 5547 470 5580 “
510 5548 649 5601 Psal.
683 5564 806 5614 cxv,
851 5550 936 5604 16.

358 5617 450 5672 57.
524 5619 569 5649 ⁸⁸
605 5621 735 5673 an.
767 5636 918 5681 niti,

356 5689 410 5742 5.
487 5689 530 5720 "
565 5687 668 5742 lsa.
705 5706 843 5754 aut;
905 5690 960 5744 9.

1011 5550 1056 5582 δ’
1085 5551 1240 5606 Juan.
1271 5569 1380 5615 xtv,
1411 5555 1502 5610 28.

524 5619 580 5694 _‘°_
605 5621 735 5673 an.
767 5636 931 5694 tum,
969 5621 1060 5694 54.
1115 5623 1180 5694 7"
1220 5626 1284 5676 111
1313 5625 1443 5694 Reg.

1493 5643 1645 5693 xvttt,
1683 5629 1770 5682 58.

1037 5692 1081 5724 "
1111 5693 1243 5748 Ibid.
1283 5696 1368 5749 10.

1975 3070 2022 3134 C

1580 5557 1624 5588 ”
1663 5556 1728 5610 111
1773 5561 1900 5632 Reg.
1938 5581 2091 5629 xvttt,
2138 5567 2225 5621 56.

1590 5643 1622 5666 ιι
1683 5629 1751 5666 ΞΩ
1853 5635 1895 5664 «ιε
1932 5639 2056 5666 ειη...
2232 5640 2252 5666 c1

1493 5643 1645 5693 νει-ιιι,
1683 5639 1770 5682 58.
1853 5639 1895 5664 ’⁸⁸
1932 5639 2083 5690 lteut.
2112 5655 2160 5691 tv
2184 5679 2197 5701 ,
2232 5640 2320 5694 ‘24.

1473 5697 1519 5729 ⁸³
1550 5701 1724 5754 Calai.
1767 5719 1844 5772 ili,
1896 5703 1986 5759 27.
2091 5711 2136 5740 δ’
2181 5709 2311 5764 Luc.

2079 489 2234 540 mus;
2282 476 2360 529 sic
2393 491 2488 544 per
2525 479 2850 546 baptismum
2891 483 3142 546 recreati,
3187 485 3422 540 i-(elestis
3464 487 3657 558 imagi-

2075 579 2196 617 nem
2277 566 2600 623 induimus:
2663 588 2683 621 ι
2745 569 3060 640 Quicunque
3141 575 3287 628 enim
3330 576 3382 628 in
3435 575 3657 633 Clitisto

2071 657 2500 727 b.tptiz.ttiestis,
2523 663 2798 717 Christum
2825 664 3073 720 induistis
3100 667 3168 719 ⁸³.
3197 684 3222 717 τ

2141 780 2316 846 Atque
2340 779 2451 832 Ita'c
2471 779 2605 832 satis
2629 794 2749 833 esse
2783 781 2849 833 de
2883 780 3147 849 baptismo
3196 781 3466 836 existimo.
3500 782 3655 848 Quod

2069 869 2112 923 si
2165 869 2306 921 enim
2339 885 2403 921 ex
2456 869 2540 922 Itis
2583 870 2868 924 veritatem
2934 886 3037 924 non
3087 871 3422 938 percepistis,
3476 889 3574 926 nec
3606 873 3656 926 si

2069 959 2217 1028 plura
2258 959 2520 1014 addamus
2557 961 2796 1030 quidem,
2839 953 3167 1032 percipietis.
3222 963 3278 1016 ld
3311 966 3446 1018 adeo
3474 965 3660 1021 Domi-

2069 1067 2169 1106 nus
2209 1051 2544 1120 signiﬁcans,
2594 1052 2662 1106 de
2702 1053 2854 1107 vobis
2871 1055 3162 1108 confirmat
3195 1073 3207 1108 :
3249 1073 3268 1106 ι
3303 1055 3358 1110 Si
3383 1055 3568 1111 Mosen
3599 1069 3657 1112 et

2065 1143 2360 1211 prophetas
2417 1159 2520 1196 non
2573 1145 2819 1208 attdittnt,
2874 1160 3052 1214 neque
3109 1147 3154 1200 si
3180 1146 3300 1213 quis
3339 1162 3404 1202 ex
3431 1149 3658 1204 mortuis

2067 1235 2450 1299 resurrexerit,
2515 1238 2736 1291 credent
2765 1238 2835 1291 ⁵⁵.
2872 1257 2890 1290 t
2925 1238 3107 1307 Itaque
3158 1251 3213 1292 et
3255 1254 3353 1294 nos
3412 1242 3658 1309 disputa-

2068 1326 2270 1380 tionem
2306 1329 2370 1380 de
2390 1327 2656 1393 baptismo
2681 1329 3054 1382 terminemus.

2134 1440 2256 1496 Jun.
2284 1440 2488 1509 Ecquid
2525 1457 2653 1496 vero
2676 1442 2926 1511 prohibet
2981 1441 3200 1498 Christo
3248 1443 3405 1498 fidem
3431 1445 3652 1510 habere,

2064 1545 2299 1601 cumque
2335 1535 2741 1594 verum'Dettm,
2777 1545 2829 1586 et
2856 1532 2950 1588 Dei
2987 1533 3209 1599 Filium,
3262 1535 3501 1603 ejusdem
3528 1553 3650 1590 cunt

2064 1623 2224 1678 Patre
2275 1633 2503 1688 naturae,
2548 1625 2816 1690 confiteri,
2859 1637 3020 1695 atque
3084 1626 3300 1680 interim
3355 1625 3651 1682 Mosaicam

1992 1745 2032 1800 Β
2065 1730 2279 1785 quoque
2331 1715 2498 1784 legem
2562 1717 2696 1770 tueri
2766 1732 2830 1771 ac
2876 1719 3153 1782 retinere;
3213 1727 3270 1771 ut
3313 1719 3365 1771 itt
3396 1721 3651 1774 omnibus

2064 1815 2351 1873 utrumque
2393 1820 2604 1860 servem
2655 1816 2710 1860 et
2777 1807 3098 1876 amplectar,
3175 1808 3389 1862 futurus
3418 1810 3649 1863 duorum

2061 1901 2330 1956 bonorum
2381 1903 2658 1956 consors?
2702 1901 2936 1956 Omnino
2985 1902 3182 1955 nullam
3239 1918 3301 1956 ea
3353 1917 3438 1956 res
3496 1903 3652 1957 nobis

2063 1993 2534 2062 reprehensionem
2587 1994 2789 2057 inuret,
2856 2008 3030 2062 neque
3083 1994 3332 2048 dicturus
3381 2005 3465 2050 est
3485 1996 3648 2065 quis-

2060 2097 2244 2152 quam,
2286 2086 2428 2152 quod
2457 2084 2658 2138 bonum
2694 2094 2797 2148 est,
2823 2085 2872 2136 id
2893 2085 3091 2138 bonum
3115 2101 3221 2138 nou
3261 2100 3403 2139 csse.

2128 2194 2355 2250 Cunts'r.
2405 2194 2548 2248 Sane
2591 2194 2736 2248 enim
2799 2193 3034 2263 perbene
3059 2207 3162 2262 εει,
3201 2195 3244 2250 εἰ
3278 2211 3382 2249 non
3414 2196 3646 2250 duorum

2059 2287 2240 2351 modo,
2287 2286 2382 2340 sed
2432 2286 2596 2340 etiam
2630 2285 2860 2354 plurittnt
2924 2286 3186 2340 bonorum
3227 2296 3536 2341 consortem
3597 2298 3651 2341 te

2059 2389 2308 2446 praastes.
2357 2375 2464 2432 Sed
2520 2391 2618 2430 nec
2666 2376 2953 2444 utriusque
2996 2375 3242 2430 nodtiam
3267 2391 3465 2444 capere
3497 2388 3652 2444 pou--

2060 2469 2184 2532 stis,
2219 2481 2316 2520 nec
2347 2477 2656 2521 sanctorum
2684 2467 2968 2535 quisquam
3002 2465 3052 2520 id
3099 2465 3387 2535 permittit,
3414 2478 3504 2518 aut
3535 2465 3652 2534 ipse

2060 2558 2112 2611 itt
2140 2557 2326 2626 primis
2352 2556 2622 2622 Christus,
2647 2546 2800 2624 coju's
2824 2555 2937 2608 haec
2963 2557 3233 2609 sententia
3253 2565 3335 2610 est
3371 2574 3384 2610 :
3425 2575 3444 2607 ι
3480 2553 3648 2610 Nemo

2057 2659 2236 2719 potest
2256 2648 2464 2703 duobus
2487 2648 2718 2702 dominis
2745 2649 2949 2702 servire
2978 2665 2992 2702 :
3021 2658 3113 2700 aut
3142 2647 3286 2700 enim
3320 2662 3491 2700 unum
3519 2646 3648 2700 odio

2061 2742 2307 2806 habebit,
2367 2750 2420 2794 et
2486 2738 2714 2792 alterum
2770 2738 3106 2807 diliget;ant
3129 2753 3292 2790 unum
3337 2736 3647 2800 sustinebit,

2057 2849 2112 2894 et
2139 2840 2363 2893 alterum
2388 2845 2698 2890 contemnet
2724 2836 2790 2887 ⁸⁸.
2825 2853 2843 2887 t
2870 2833 3138 2889 Praeterea
3165 2835 3362 2889 bonum
3384 2835 3649 2889 hactenus

2059 2928 2260 2982 bonum
2305 2937 2411 2989 est,
2456 2927 2500 2980 si
2560 2926 2718 2990 alteri
2766 2926 2906 2980 bono
2933 2941 3036 2980 non
3061 2927 3132 2980 sit
3163 2925 3359 2990 fraudi,
3388 2935 3552 2994 atque
3576 2925 3643 2979 ad

2059 3020 2286 3090 potioris
2335 3019 2746 3074 dissolutionem
2800 3026 3193 3088 comparatum.
3219 3017 3314 3072 Siti
3341 3029 3528 3072 contra
3559 3017 3645 3071 fa—

2055 3113 2181 3178 ciat,
2248 3111 2446 3181 poterit
2478 3110 2767 3180 idquidetu
2838 3109 3070 3164 fortasse
3129 3109 3399 3163 nonnullis
3440 3108 3644 3162 bonum

2054 3205 2250 3270 videri,
2303 3204 2512 3259 functio
2558 3214 2704 3257 certe
2727 3217 3067 3273 nequaquam
3095 3201 3235 3256 bona
3275 3210 3376 3257 est.
3420 3199 3554 3254 Nam
3588 3211 3646 3256 et

2055 3296 2411 3368 philosophus
2440 3296 2658 3364 quidam
2687 3293 2886 3348 bonum
2914 3304 3099 3347 censet
3135 3307 3238 3347 non
3267 3306 3391 3347 esse
3420 3290 3643 3353 bonum,

2055 3390 2101 3445 si
2165 3404 2230 3443 eo
2262 3388 2397 3442 bene
2431 3402 2534 3441 non
2587 3385 2836 3455 fungare.
2886 3381 3004 3437 Jam
3054 3398 3183 3437 vero
3219 3391 3274 3436 ut
3318 3397 3426 3434 non
3466 3383 3645 3435 omnis

2059 3479 2324 3535 dissensio
2379 3477 2638 3548 pessima,
2675 3477 2769 3531 sed
2804 3475 3068 3529 interdum
3123 3474 3258 3527 adeo
3284 3471 3490 3540 optima
3521 3481 3640 3526 est:

2056 3570 2130 3624 ita
2157 3584 2262 3622 non
2287 3568 2463 3622 omnis
2493 3565 2784 3622 concordia
2814 3565 3041 3634 optima,
3083 3563 3212 3632 quin
3239 3573 3292 3616 et
3324 3561 3641 3628 plerumque

2057 3660 2440 3717 nocentissima
2473 3669 2576 3713 est.
2614 3659 2719 3712 Sed
2762 3656 2956 3724 utejns
3007 3656 3287 3711 sententia:
3310 3655 3417 3706 vim
3479 3667 3642 3719 aper-

2057 3753 2166 3809 tius
2193 3751 2500 3818 ostendam,
2533 3751 2750 3806 tentabo
2777 3764 2888 3804 rent
2913 3749 3178 3818 exemplis
3202 3745 3503 3802 declarare.

2595 3921 2825 3980 CAPUT
2849 3920 3082 3978 XLVlli.

2291 4090 2443 4161 Legi:
2482 4088 2678 4143 Christi
2707 4104 2824 4142 cum
2864 4086 3009 4144 Mose
3051 4086 3395 4156 comparatio.

2122 4244 2256 4299 Tres
2303 4241 2449 4312 leges
2491 4235 2592 4294 SS.
2627 4237 2911 4292 Trinitatis
2947 4236 3203 4308 majestas
3233 4237 3468 4305 rrodidit
3496 4255 3510 4291 :
3539 4252 3635 4290 na-

2053 4335 2302 4399 turalem,
2349 4339 2601 4401 scriptam
2677 4341 2732 4385 et
2764 4329 3081 4397 spiritalem.
3128 4327 3322 4381 Earum
3372 4328 3633 4383 naturalis

2052 4427 2222 4480 instar
2242 4434 2325 4478 est
2355 4423 2636 4477 domestici
2664 4420 2826 4489 ignis.
2854 4419 2990 4474 Nam
3023 4435 3144 4474 cum
3186 4421 3333 4489 prius
3368 4421 3420 4473 itt
3448 4431 3620 4488 poste-

2052 4516 2256 4569 riorum
2303 4515 2533 4566 duarum
2573 4511 2910 4582 ignoratione
2947 4511 3190 4565 homines
3224 4512 3501 4579 degerent,
3534 4526 3634 4564 na-

2052 4607 2209 4661 turali
2262 4606 2398 4675 lege,
2421 4605 2574 4674 qnasi
2628 4605 2862 4673 quodam
2892 4603 3186 4657 domestico
3210 4602 3352 4669 igne,
3385 4601 3630 4673 aliquan-

2053 4703 2219 4770 tisper
2245 4699 2719 4754 collustrahantur.
2758 4696 2956 4750 Deinde
2973 4695 3113 4748 edita
3151 4694 3476 4762 scriptaest,
3508 4709 3630 4763 quae

2051 4795 2241 4844 umbra
2306 4791 2550 4856 quaedam
2608 4798 2770 4854 atque
2825 4783 3128 4852 exemplum
3175 4792 3320 4837 esset
3345 4782 3625 4852 spiritalis,

2047 4885 2188 4937 luna:
2270 4887 2576 4947 comparata
2638 4878 2845 4931 lumini.
2893 4873 3144 4929 Caelestis
3196 4884 3375 4926 autem
3422 4873 3508 4925 illa
3570 4883 3628 4925 et

2049 4974 2331 5045 spiritalis,
2395 4982 2556 5038 atq-ue
2609 4986 2637 5022 a
2677 4985 2802 5022 vero
2836 4968 3060 5039 iustitia:
3086 4967 3209 5020 Sole
3242 4965 3502 5035 profeCIa,
3535 4980 3628 5016 sn-

2045 5083 2131 5135 pet
2161 5064 2327 5118 solent
2361 5061 2579 5122 eiinlsit,
2615 5070 2668 5112 et
2711 5062 2984 5114 hominum
3020 5071 3227 5110 mentes
3253 5057 3480 5125 quadam
3503 5063 3624 5105 tat.-

2043 5173 2201 5225 quatu
2261 5155 2378 5207 luce
2401 5163 2560 5221 atque
2595 5150 2789 5218 iubare
2812 5150 3067 5219 perfudit,
3101 5151 3167 5200 ad
3214 5149 3462 5214 viamque
3484 5145 3625 5199 veri-

2045 5249 2169 5301 tatis
2207 5247 2442 5299 dednvit.
2505 5244 2673 5312 igitur
2739 5244 2908 5296 bonus
2946 5249 3028 5293 est
3079 5251 3136 5294 et
3185 5239 3516 5292 domesticus
3564 5237 3620 5289 in

2047 5338 2286 5394 tenebris
2311 5352 2576 5406 apparens
2602 5337 2735 5404 ignis
2753 5376 2766 5401 ,
2799 5338 2890 5390 sed
2920 5335 3108 5390 melior
3134 5337 3305 5403 inure;
3344 5337 3475 5392 solis
3496 5345 3621 5390 tero

2330 5569 2375 5601 “
2417 5569 2576 5623 Jaan.
2648 5584 2781 5624 xvu.
2826 5571 2882 5635 5,
2924 5569 2977 5623 4.
3087 5569 3134 5600 ι’
3167 5567 3229 5622 111
3277 5567 3408 5633 ltcg.
3462 5583 3620 5620 xvnt.

2417 5643 2461 5671 ”
2502 5641 2566 5693 Ill
2599 5639 2728 5704 Reg.
2755 5656 2911 5703 xvm,
2938 5641 3027 5705 58,
3070 5640 3158 5694 59.
3239 5641 3284 5671 ⁵⁸³
3317 5641 3474 5695 Joatt.
3521 5651 3618 5694 Vit,

2091 5711 2136 5740 δ’
2181 5709 2311 5764 Luc.
2355 5727 2463 5779 xvr,
2498 5711 2584 5765 5|.
2665 5711 2710 5742 ⁵⁸
2750 5710 2940 5766 Μιιιὴ.
2973 5727 3047 5776 t't,
3093 5713 3176 5766 ii.
