4044 6432
377 446 478 510 881

1440 443 1824 507 DIALOGUS
1853 442 2156 503 CONTRA
2192 446 2509 509 JUDEOS

3532 439 3641 503 88?.

381 565 563 620 multis
585 562 827 636 partibus
846 552 1079 629 clarior,
1102 553 1299 634 quippe
1322 565 1962 635 ntrumqueobt‘uscans;
1996 569 2039 622 A
2070 564 2183 620 dies
2209 568 2450 629 venient,
2481 567 2610 622 dicit
2651 566 2909 622 Dominus
2936 584 2949 620 :
2982 574 3035 622 et
3077 565 3265 620 teriam
3292 564 3474 620 domui
3505 562 3641 618 Iuda

378 671 629 713 caeterum
686 658 1021 727 illejustitta:
1062 655 1205 712 Solis
1237 657 1320 710 vel
1347 657 1523 725 ipsum
1563 658 1729 712 solem
1762 658 1969 711 exstinc

381 751 513 816 gnit.
554 749 666 804 Nec
690 749 912 817 injuria,
947 748 1210 815 siquidem
1241 763 1375 818 opus
1395 763 1555 803 omne
1604 749 1966 818 reditopiliri.

383 848 458 893 Ac
483 840 936 911 quemadmodum
966 838 1076 908 141)
1102 839 1326 894 meridie
1344 840 1633 905 constanti,
1673 841 1956 908 splendide

381 933 683 985 rollttcenle
747 930 883 993 sole,
936 930 1219 984 domestici
1251 931 1388 999 ignis
1446 946 1577 986 usus
1606 947 1714 985 non
1742 932 1969 994 est;sic

395 1041 428 1093 p
467 1034 745 1092 stevqnam
782 1022 1005 1089 justitite
1056 1021 1147 1075 Sol
1202 1021 1397 1089 illuxit,
1460 1024 1725 1091 ctgratire
1768 1023 1968 1076 veritas

380 1127 462 1169 est
503 1118 735 1180 detecta,
776 1125 883 1167 tum
915 1114 1198 1178 naturalis,
1219 1123 1331 1168 tum
1367 1117 1564 1184 scripta
1599 1114 1683 1168 lex
1734 1116 1964 1183 abroga-

385 1221 469 1261 tm.
510 1204 863 1261 Adeumdem
888 1207 1101 1261 modum
1135 1206 1303 1275 legale
1332 1206 1562 1269 Pascha,
1597 1218 1653 1260 ut
1683 1207 1967 1276 theologus

383 1299 605 1368 quidam
639 1306 857 1352 nostras
887 1299 980 1362 ait,
1007 1297 1235 1365 exempli
1291 1299 1596 1366 exemplum
1621 1306 1739 1352 erat
1773 1298 1966 1351 obscu-

384 1392 519 1443 rius.
574 1386 693 1442 Jam
754 1387 975 1454 Paulus,
1028 1389 1129 1442 mei
1180 1389 1391 1442 Christi
1450 1403 1534 1454 es,
1573 1387 1963 1453 Benjaminensi

392 1480 536 1533 tribu
565 1490 737 1543 ortus,
765 1480 1102 1547 aliquatenus
1137 1494 1233 1533 nos
1278 1480 1481 1543 videre,
1540 1489 1595 1532 et
1624 1480 1965 1549 aliquatenus

386 1571 671 1623 vaticinari
702 1572 860 1625 docet
881 1572 1030 1636 5"";
1064 1581 1118 1624 at
1147 1586 1268 1625 eum
1297 1572 1618 1625 successerit
1643 1570 1968 1639 perfectum,

384 1662 863 1732 tomaliquatenus
891 1664 995 1718 hoc.
1020 1664 1251 1718 deletum
1285 1663 1373 1721 iri.
1409 1664 1591 1730 Quare
1618 1674 1676 1716 nt
1706 1665 1965 1730 perfecta:

384 1750 527 1803 illius
576 1763 773 1806 nostra:
829 1753 1239 1808 restaurationis
1296 1755 1483 1809 umbra
1520 1769 1584 1808 ac
1628 1752 1831 1825 efﬁgies
1859 1764 1961 1817 est,

383 1840 643 1911 quidquid
686 1843 737 1897 in
777 1844 955 1900 medio
998 1845 1227 1914 positum
1267 1853 1375 1911 est,
1422 1848 1491 1899 ita
1522 1861 1651 1900 sane
1680 1846 1961 1901 iuvectain

384 1935 571 1986 orbem
637 1937 907 1989 terrar‘um
973 1937 1199 2007 spiritali
1257 1938 1395 2007 lege,
1444 1938 1585 1992 nulla
1642 1938 1748 1992 alia
1804 1951 1966 2006 porro

390 2037 533 2090 Opus
562 2024 845 2084 habemus.
893 2023 1078 2096 Neque
1105 2043 1233 2083 vero
1260 2031 1342 2084 vel
1394 2029 1659 2083 tantillum
1710 2028 1967 2099 spiritalis

387 2130 416 2164 a
451 2116 649 2182 scripta
681 2118 978 2185 discrepat,
1014 2121 1145 2187 qttin
1180 2122 1360 2189 potius
1397 2122 1683 2175 conﬁrmat
1711 2136 1776 2176 ac
1807 2121 1968 2175 resti-

389 2204 526 2272 tuit;
562 2208 615 2262 id
647 2210 787 2277 quod
819 2220 1049 2266 testatur
1075 2222 1126 2266 et
1158 2213 1504 2280 meusJesns,
1539 2216 1591 2269 in
1615 2216 1729 2270 haec
1752 2218 1920 2269 Verba
1947 2231 1963 2270 :

394 2317 413 2349 ι
452 2297 628 2355 Nolite
685 2316 896 2370 putare,
949 2310 1206 2374 quoniam
1256 2309 1375 2362 veni
1407 2308 1615 2362 solvere
1646 2307 1839 2377 legem,
1875 2317 1967 2361 aut

385 2393 713 2460 Prophetas;
769 2412 873 2450 non
934 2399 1053 2452 veni
1118 2399 1348 2463 solvere,
1378 2400 1470 2454 sed
1516 2399 1808 2468 adimplere
1837 2400 1901 2453 ⁸⁸.
1940 2417 1958 2451 ι

390 2483 568 2552 Atque
604 2495 661 2539 ut
691 2488 1008 2555 explicatius
1033 2491 1280 2556 videatis,
1315 2493 1447 2562 ipsis
1467 2492 1644 2546 verbis
1676 2492 1961 2546 veritatem

385 2590 411 2627 s
443 2584 713 2635 atnamus.
770 2579 911 2648 Ergo
940 2589 993 2635 et
1047 2581 1207 2637 habet
1234 2583 1355 2636 lex:
1391 2600 1410 2634 ι
1444 2583 1579 2637 Audi
1614 2581 1780 2637 Israel
1810 2601 1824 2638 :
1855 2584 1963 2637 Do-

387 2666 569 2720 minus
626 2666 765 2722 Deus
821 2677 963 2732 tuus,
1022 2670 1280 2726 Dominus
1312 2689 1448 2727 unus
1488 2684 1589 2727 est.
1634 2673 1831 2745 Diliges
1867 2675 1968 2728 Do-

384 2752 591 2806 minum
644 2754 810 2810 Deum
867 2766 1012 2811 tuum
1046 2774 1110 2814 ex
1164 2770 1273 2815 tota
1307 2763 1485 2815 anima
1516 2774 1629 2825 tua,
1675 2773 1727 2816 et
1758 2779 1822 2817 ex
1854 2773 1963 2817 tota

384 2843 696 2899 fortitudine
747 2857 833 2902 tna
884 2860 936 2903 et
966 2866 1028 2905 ex
1088 2861 1197 2907 tota
1230 2862 1407 2907 mente
1434 2865 1522 2906 tna
1560 2856 1626 2906 ⁸9.
1668 2875 1686 2905 ι
1726 2854 1792 2908 Ει
1843 2872 1963 2910 rur-

384 2952 503 2988 smu
540 2954 554 2990 :
609 2956 627 2988 ι
669 2937 864 3008 Diliges
898 2941 1201 3007 proximum
1225 2951 1371 2996 tuum
1400 2944 1543 2997 sicut
1575 2944 1803 3013 teipsum
1836 2946 1903 2998 σθ.
1942 2963 1961 2996 ι

2074 655 2250 709 fmdus
2283 672 2516 710 novum:
2550 671 2654 710 non
2694 657 2992 710 secundum
3026 666 3264 724 pactum,
3298 653 3437 723 quod
3465 654 3647 725 pepigi
3706 666 3707 669 ‘

2071 762 2196 803 cum
2228 749 2469 815 patribus
2513 764 2700 802 eorum
2737 750 2788 802 in
2837 750 2921 816 die
2999 764 3101 817 qua
3152 748 3478 819 apprehendi
3530 761 3645 799 ma-

2073 856 2201 893 num
2236 856 2446 902 eorum,
2506 846 2874 894 uteducerem
2910 854 3003 893 eos
3054 839 3120 892 de
3180 848 3330 893 terra
3377 837 3641 906 [Egypti'z

2072 942 2286 1000 pactum
2323 933 2465 1000 quod
2505 932 2712 985 irritum
2748 932 3009 985 fecerunt.
3048 930 3108 983 Et
3138 946 3236 999 ego
3283 930 3489 997 neglexi
3521 942 3638 991 eos,

2071 1023 2201 1077 dicit
2235 1024 2514 1077 Dominus.
2560 1023 2667 1077 Sed
2717 1022 2817 1075 hoc
2844 1022 2945 1074 crit
2997 1029 3232 1087 paetum,
3266 1021 3406 1087 quod
3452 1018 3641 1069 feriam

2070 1130 2193 1169 cum
2235 1115 2394 1169 domo
2452 1114 2661 1169 Israel:
2709 1114 2839 1168 Post
2882 1110 2997 1166 dies
3036 1111 3174 1175 illos,
3207 1109 3643 1168 dicitDominns,

2071 1208 2209 1262 dabo
2241 1207 2414 1274 legem
2452 1222 2626 1261 meam
2657 1205 2712 1260 in
2743 1201 3046 1259 visceribus
3070 1217 3285 1265 eorum,
3317 1202 3453 1254 etin
3484 1201 3646 1253 corde
3680 1206 3683 1209 ‘

2068 1315 2256 1355 eorum
2314 1298 2547 1356 scribam
2586 1314 2751 1355 eam:
2803 1310 2859 1353 et
2886 1312 2980 1353 ero
2998 1298 3087 1351 eis
3143 1296 3193 1348 in
3230 1293 3423 1357 Deum,
3466 1303 3520 1347 et
3544 1292 3653 1360 ipsi

2069 1400 2227 1446 erunt
2256 1391 2389 1447 mihi
2426 1392 2477 1444 in
2512 1390 2791 1461 populttm.
2850 1390 2918 1444 Et
2967 1404 3073 1443 non
3117 1386 3330 1441 docebit
3358 1384 3505 1438 ultra
3562 1383 3644 1434 vir

2070 1487 2372 1554 proximum
2405 1502 2583 1549 suum,
2637 1495 2692 1540 et
2750 1484 2834 1539 vir
2893 1484 3114 1538 fratrem
3171 1497 3353 1541 suum.
3417 1481 3645 1533 dicens:

2048 1577 2347 1646 Cognosce
2379 1574 2706 1634 Dominum;
2771 1588 2959 1628 omnes
2991 1572 3136 1627 enim
3198 1575 3533 1639 cognoscent
3560 1582 3646 1619 me

2069 1684 2099 1723 a
2131 1668 2363 1722 minimo
2382 1681 2570 1721 eorum
2594 1679 2765 1735 usque
2789 1666 2855 1718 ad
2888 1665 3205 1726 maximum,
3244 1663 3318 1715 ait
3339 1661 3600 1715 Dominus
3629 1676 3646 1712 :
3708 1679 3719 1688 -

2067 1759 2192 1829 quia
2222 1757 2554 1828 propitiabor
2582 1756 2851 1825 iniquitati
2870 1770 3081 1821 eorum,
3113 1764 3169 1809 et
3208 1754 3418 1822 peccati
3449 1766 3640 1807 eorum

2071 1865 2176 1904 non
2223 1849 2567 1903 memorabor
2617 1846 2853 1918 amplius
2884 1846 2952 1899 ⁸⁵.
2995 1863 3016 1896 ι
3066 1845 3130 1899 Et
3160 1859 3257 1913 per
3301 1841 3639 1896 Ezechielem

2073 1940 2212 1995 Deus
2240 1956 2254 1994 :
2286 1959 2305 1992 ι
2334 1938 2683 1994 Recordabar
2707 1954 2805 2009 ego
2836 1937 2977 2009 pacti
3016 1936 3117 1991 mei
3144 1945 3320 1991 tecum
3359 1936 3411 1988 in
3456 1934 3647 1988 diebus

2068 2033 2445 2089 adolescentiae
2483 2042 2627 2086 tuae:
2686 2041 2742 2086 et
2774 2028 3047 2085 suscitabo
3080 2027 3173 2082 tibi
3235 2036 3459 2107 pactum.
3500 2040 3646 2081 sem—

2068 2127 2339 2195 piternum
2365 2125 2433 2179 ⁶⁶.
2471 2143 2488 2176 ι
2525 2122 2594 2177 Ει
2620 2137 2831 2177 rursum
2859 2138 2873 2175 :
2918 2139 2936 2171 ι
2967 2119 3084 2174 Non
3145 2118 3449 2187 iactabitur
3481 2116 3642 2170 dein-

2067 2231 2193 2285 ceps
2238 2216 2342 2271 hoc
2394 2215 2773 2285 proverbium:
2835 2210 2919 2266 Me
2973 2210 3179 2265 scelera
3248 2217 3531 2276 parentum
3588 2205 3641 2258 in

2070 2307 2208 2361 ﬁlios
2241 2313 2296 2361 et
2327 2305 2621 2375 abnepotes
2654 2302 2926 2373 persequi,
2987 2300 3080 2355 sed
3111 2298 3201 2369 qui
3238 2312 3395 2351 uvam
3424 2296 3635 2350 ederint

2067 2401 2343 2461 acerbam,
2397 2410 2585 2451 eorum
2620 2395 2804 2450 dentes
2850 2392 3142 2461 stupebnut
3166 2390 3233 2444 ".
3275 2408 3292 2439 ι
3330 2387 3397 2442 Et
3422 2387 3637 2440 Isaias:

2073 2509 2091 2543 ι
2131 2489 2324 2545 Vetera
2356 2488 2669 2554 ﬂuxerunt;
2726 2500 2862 2542 nova
2912 2497 3131 2555 quoque
3171 2495 3270 2549 ego
3323 2478 3633 2532 annuntio:

2067 2593 2358 2652 antequam
2414 2583 2681 2643 oriantur,
2718 2578 2902 2633 audita
2935 2576 3086 2630 vobis
3114 2572 3306 2628 faciam
3346 2569 3413 2623 ⁸⁸.
3456 2588 3474 2621 ι
3511 2567 3638 2622 “me

2065 2675 2310 2729 elocutus
2341 2672 2604 2743 propheta
2643 2669 2861 2738 subjicit
2888 2685 2902 2724 :
2945 2684 2964 2719 ι
2994 2666 3219 2721 Cantate
3254 2660 3481 2715 Domino
3512 2674 3643 2713 can-

2070 2767 2234 2820 ticum
2288 2779 2483 2818 novum
2519 2764 2583 2817 ⁶⁹.
2623 2780 2642 2814 ι
2695 2760 2965 2827 Quoniam
3017 2757 3161 2812 enim
3206 2764 3392 2808 vetera
3461 2750 3641 2805 illuxe-

2069 2867 2234 2925 runt;
2292 2864 2347 2913 et
2378 2871 2500 2926 qua:
2554 2855 2784 2909 obscure
2830 2853 2959 2907 olim
3022 2849 3250 2919 ﬁgurata
3302 2856 3447 2911 sunt,
3502 2859 3645 2898 nunc

2068 2949 2273 3019 liquido
2324 2956 2448 3003 sunt
2477 2947 2737 3018 perfecta.
2788 2964 2807 2997 ι
2843 2945 3072 2999 Cantate
3105 2940 3336 2994 Domino
3364 2938 3635 2993 canticum

385 3027 583 3081 Είιάθιη
644 3027 757 3097 (η)
812 3045 943 3085 sane
1004 3030 1266 3087 Dominus
1308 3044 1363 3088 et
1416 3034 1469 3088 in
1553 3035 1724 3089 sancti
1810 3035 1966 3090 Lucae
2060 3057 2287 3096 novum.
2326 3059 2344 3091 ι
2381 3041 2520 3093 Idem
2561 3051 2766 3107 porro:
2834 3054 2852 3088 ι
2890 3033 3236 3101 I’rincipatus
3283 3029 3399 3099 ejus
3437 3029 3643 3097 gloriﬁ-

392 3118 702 3187 Ilvangelio.
764 3120 947 3190 Neque
998 3122 1113 3176 haec
1165 3124 1357 3190 solum,
1390 3126 1482 3179 sed
1507 3126 1656 3180 addit
1684 3143 1699 3181 :
1732 3145 1755 3207 ι
1792 3126 1849 3180 In
1880 3128 1964 3183 his

2068 3142 2223 3188 catur
2275 3146 2459 3200 supra,
2495 3142 2798 3197 nomenque
2834 3126 2949 3193 ejus
2992 3125 3293 3194 gloriticant
3326 3139 3354 3174 a
3406 3123 3642 3177 summi-

393 3211 605 3266 duobus
654 3213 923 3269 mandatis
974 3214 1222 3271 universa
1280 3216 1363 3270 lex
1404 3218 1600 3286 pendet
1630 3227 1685 3273 et
1728 3220 1962 3289 prophe-
1988 3232 2032 3291 ο
2070 3232 2182 3293 tate
2221 3234 2417 3278 terrae:
2486 3221 2577 3290 qui
2607 3220 2943 3275 descendunt
2997 3218 3049 3271 in
3082 3231 3250 3280 mare,
3287 3225 3335 3269 et
3378 3214 3635 3283 navigant.

384 3311 454 3356 tat
484 3304 547 3357 ⁸⁸.
578 3323 597 3355 ι
634 3304 724 3358 Illa
753 3307 973 3375 antiqua
1006 3308 1135 3361 dicit
1167 3325 1182 3362 :
1209 3306 1326 3363 Non
1353 3310 1569 3365 occides
1602 3327 1617 3377 ;
1648 3311 1958 3377 Christiana

382 3394 544 3447 etiam
593 3410 760 3465 genas
805 3396 1106 3453 volentibus
1130 3399 1292 3456 ferire
1341 3402 1586 3471 porrigit.
1616 3402 1751 3457 Illa:
1787 3422 1805 3455 ι
1842 3403 1959 3458 Νοη

385 3487 783 3553 ιιιωοιιειιιειίες
828 3508 846 3540 ι
885 3491 1041 3545 haec:
1085 3510 1105 3543 ι
1151 3491 1227 3546 Ne
1252 3494 1602 3562 concupisces
1662 3495 1895 3565 quidem.
1934 3514 1955 3550 ι

382 3582 477 3634 Illa
512 3597 567 3634 τι
604 3583 717 3639 Νοη
748 3585 1014 3643 Iuraberis
1041 3589 1085 3620 θ’
1111 3605 1125 3654 ;
1156 3607 1175 3641 ι
1224 3589 1335 3643 lucc
1368 3589 1603 3660 litigare,
1636 3603 1688 3648 et
1720 3594 1959 3649 tunicam

383 3675 600 3731 auferre
651 3678 868 3741 volenti,
913 3681 1073 3735 etiam
1130 3691 1305 3751 togam
1344 3683 1626 3751 permittit.
1659 3683 1748 3738 Illa
1793 3687 1960 3743 :Non

382 3768 738 3837 cencupisees
767 3770 938 3824 aliena
970 3787 986 3836 ;
1029 3772 1143 3825 haec
1176 3789 1190 3826 :
1224 3773 1396 3827 Etiam
1424 3774 1567 3845 juste
1591 3788 1743 3843 parta
1776 3778 1961 3833 dimit-

385 3867 507 3924 tes;
552 3860 684 3913 illa:
712 3859 825 3916 Non
858 3862 1163 3931 pejerabis;
1222 3866 1518 3936 spiritualis
1553 3867 1708 3925 :Nec
1734 3884 1959 3941 parvum

383 3963 488 4002 nec
533 3965 786 4021 magnum
842 3950 1092 4021 jurabis;
1126 3968 1226 4009 ceu
1287 3956 1602 4024 iuramento
1660 3963 1959 4030 periurium

383 4050 624 4097 creante.

462 4131 557 4186 His
588 4147 654 4188 ac
701 4134 968 4192 similibus
998 4138 1063 4193 de
1111 4138 1292 4193 causis
1328 4139 1403 4193 ait
1441 4138 1733 4197 Salvator:
1773 4161 1792 4195 ι
1841 4143 1957 4199 Non

385 4224 511 4277 veni
532 4225 741 4280 solvere
762 4227 953 4297 legem,
979 4241 1068 4284 aut
1096 4233 1409 4301 pr0pbetas,
1430 4235 1523 4287 sed
1545 4234 1838 4304 adimplere
1856 4238 1922 4291 “.
1937 4257 1954 4289 ι

384 4312 446 4368 Id
497 4324 609 4381 est,
664 4319 837 4387 tueri,
899 4323 1266 4387 constabilire,
1330 4325 1566 4379 ﬁrmare.
1625 4326 1801 4396 Atque
1850 4329 1963 4383 haec

385 4422 496 4473 quo
540 4408 875 4477 exploratius
953 4428 1017 4467 ac
1059 4414 1315 4468 disertius
1370 4417 1671 4481 tradamus,
1726 4417 1962 4487 prophe-

388 4508 566 4550 tarum
627 4504 927 4558 sententias
961 4505 1015 4559 in
1043 4504 1278 4559 medium
1313 4504 1677 4575 proferamus.

953 4637 1185 4694 CAPUT
1216 4638 1403 4695 XLIX.

386 4772 686 4841 Prop/terte
723 4773 787 4828 de
813 4772 1056 4829 Iudaica:
1097 4775 1227 4855 tegis
1265 4774 1629 4847 abrogatione,
1676 4792 1768 4831 seu
1829 4789 1953 4832 eor-

1009 4858 1259 4900 rectrone.

464 4963 638 5019 Moses
684 4962 1142 5016 Deuteronomio:
1183 4979 1201 5013 ι
1234 4959 1462 5027 Quando
1490 4956 1957 5029 ingre=suslnerts

386 5068 613 5120 terram,
644 5070 807 5124 quam
843 5054 1100 5107 Dominus
1137 5052 1278 5106 Deus
1323 5063 1447 5108 tuus
1469 5054 1617 5107 dabit
1652 5056 1745 5109 tibi
1776 5096 1791 5122 ,
1822 5072 1955 5111 cave

386 5166 460 5202 ne
493 5148 691 5201 imitari
726 5148 863 5201 velis
931 5145 1364 5200 abominationes
1421 5146 1633 5200 illarum
1693 5148 1960 5217 gentium.

387 5239 497 5292 Sed
539 5242 853 5308 prophetam
908 5236 1192 5292 suscitabit
1225 5238 1319 5291 tibi
1353 5236 1611 5289 Dominus
1660 5237 1804 5290 sicut
1856 5256 1960 5305 me,

387 5333 567 5401 ipsum
612 5330 797 5384 audies
854 5330 909 5384 in
941 5330 1195 5383 omnibus
1223 5328 1289 5381 ⁸⁵.
1335 5344 1354 5379 ι
1420 5326 1682 5380 Jeremias
1714 5345 1726 5381 :
1764 5344 1782 5377 ι
1829 5327 1963 5382 Ecce

464 5508 582 5540 "-31
616 5505 633 5559 I
662 5505 770 5559 Cor
817 5519 936 5564 xm.
964 5504 1019 5566 9,
1056 5502 1141 5557 10.
1218 5500 1264 5533 ⁵⁸
1296 5501 1489 5555 Malllt-
1529 5516 1578 5562 ν,
1615 5501 1702 5554 I7-

387 5583 436 5614 ⁸³
490 5578 660 5631 Exod.
695 5591 785 5637 xx,
822 5574 978 5629 141(
1008 5592 1023 5641 ;
1058 5573 1241 5626 Matth.
1271 5589 1322 5631 v,
1365 5570 1576 5641 27,28.

388 5664 548 5718 siqu.
624 5647 892 5718 "Em-ch.
936 5639 1090 5718 xvttt,
1394 5639 1926 5718 "_Ezech._xvt,_6i).

387 5708 565 5784 ιι,ἰῖζι.
638 5717 684 5747 ⁷³
715 5716 820 5770 Is.t.
859 5731 967 5781 th,
1014 5715 1102 5768 20.
1198 5714 1245 5743 ’⁷³
1274 5711 1503 5765 Βειτιιι·1ι.
1547 5725 1628 5776 ιιι,
1656 5708 1744 5775 56,
1788 5709 1875 5763 57,.

463 5885 576 5957 (il)
616 5883 870 5938 Naziauz.
906 5882 957 5935 in
990 5880 1047 5937 S.
1086 5878 1309 5934 Pascha.

1777 5500 1822 5532 ⁸⁹
1855 5499 2010 5553 Deut.
2042 5514 2117 5557 vt.
2150 5500 2205 5553 4.

1678 5571 1721 5601 ⁸³
1754 5568 1941 5622 Matth.
1976 5586 2026 5626 ν.
2060 5573 2144 5624 I7.
2250 5572 2296 5601 “
2337 5569 2413 5622 De

1702 5656 1810 5694 xvt.
1839 5639 1926 5693 6i).
2004 5640 2047 5670 ⁸⁸
2080 5641 2178 5694 lsa.
2209 5654 2342 5694 xw.
2383 5640 2415 5693 9

2080 5676 2178 5694 ιο...
2214 5676 2342 5701 .w,
2384 5676 2437 5693 υ.

1952 5708 1997 5742 ⁷⁸
2028 5708 2258 5764 Batttch.
2292 5726 2367 5773 tv,
2395 5711 2445 5764 1.

2070 3316 2223 3379 illud,
2270 3323 2325 3369 et
2386 3311 2574 3368 insula).
2639 3310 2821 3366 multa:
2848 3310 2917 3365 ".
2955 3328 2975 3362 ι
3042 3308 3187 3363 Sane
3235 3307 3438 3362 Christi
3500 3321 3638 3360 nova

2068 3407 2155 3463 lex
2195 3415 2250 3462 et
2295 3420 2512 3462 sursum
2546 3404 2600 3459 in
2651 3402 2827 3466 cmlis,
2884 3402 3021 3455 etin
3087 3410 3229 3456 terra
3288 3399 3639 3469 prtedicatur.

2068 3495 2202 3551 Nam
2243 3496 2298 3550 iu
2362 3494 2669 3550 Servatoris
2729 3503 2849 3547 ortu
2927 3492 3101 3563 angeli
3164 3507 3285 3545 cum
3332 3492 3643 3560 pastoribus

2069 3589 2371 3644 laudantes.
2410 3586 2717 3643 canebant:
2764 3604 2784 3638 ι
2837 3584 3018 3640 Gloria
3069 3585 3122 3638 in
3173 3583 3451 3638 altissimis
3509 3584 3638 3645 Deo,

2067 3689 2123 3737 et
2168 3681 2222 3734 in
2253 3689 2394 3735 terra
2433 3694 2537 3749 pax
2593 3677 2903 3733 hominibus
2958 3678 3113 3737 bonae
3159 3676 3461 3739 voluntatis
3500 3677 3564 3728 ".'
3614 3695 3640 3728 ι

2067 3772 2235 3827 I‘saias
2263 3786 2392 3827 vero
2422 3771 2617 3826 iterum
2647 3783 2664 3822 :
2730 3788 2749 3821 ι
2780 3768 2967 3824 Veniet
3005 3769 3070 3823 de
3099 3768 3229 3823 Sion
3277 3769 3556 3835 liberator,
3585 3778 3640 3821 et

2068 3872 2371 3918 revertetur
2426 3865 2496 3918 ab
2525 3860 2799 3929 impietate
2832 3859 3019 3915 Jacob.
3073 3858 3139 3914 Et
3188 3861 3293 3915 hoc
3345 3861 3554 3914 eriteis
3610 3877 3641 3915 a

2066 3971 2157 4011 me
2185 3962 2587 4017 testamentum,
2626 3968 2747 4006 cum
2782 3967 2965 4007 eorum
2998 3967 3168 4007 noxas
3228 3954 3499 4013 sustulcro
3518 3954 3582 4005 ".
3620 3972 3638 4004 ι

2065 4046 2331 4103 Jeremias
2358 4045 2407 4100 ei
2442 4047 2768 4101 sententiae:
2806 4064 2825 4097 ι
2875 4045 2972 4099 llic
3001 4056 3079 4099 est
3136 4045 3278 4099 Dens
3319 4055 3526 4109 noster,
3586 4056 3642 4098 et

2068 4155 2175 4194 nou
2214 4139 2573 4194 aestimabitur
2627 4137 2765 4191 alius
2817 4137 3076 4191 adversus
3104 4152 3250 4191 emn.
3289 4135 3386 4190 llic
3422 4137 3641 4190 adiuve-

2069 4229 2149 4282 nit
2196 4243 2408 4283 onmem
2467 4228 2607 4280 viam
2661 4224 2961 4294 disciplina:
2998 4224 3128 4290 ",1
3176 4234 3232 4280 et
3262 4240 3380 4294 quae
3406 4240 3643 4294 sequun-

2067 4329 2199 4384 tur;
2237 4319 2425 4373 addit:
2460 4335 2479 4369 ι
2533 4316 2631 4371 llic
2672 4316 2809 4370 liber
2863 4318 3247 4369 mandatorum
3296 4316 3416 4378 Dei,
3451 4325 3505 4369 et
3556 4315 3641 4371 lex

2070 4427 2187 4481 qua:
2220 4420 2304 4466 est
2343 4411 2395 4463 in
2462 4419 2748 4462 aeternum.
2820 4407 3046 4470 Omnes,
3102 4407 3194 4480 qui
3260 4418 3443 4462 tenent
3495 4424 3641 4475 eam,

2071 4504 2390 4573 pervenient
2418 4502 2484 4555 ad
2518 4502 2677 4555 vitatu
2707 4500 2832 4569 :,qttl
2859 4508 3037 4555 autem
3060 4499 3461 4569 dereliquerunt
3492 4516 3637 4569 eam,

1992 4586 2039 4643 D
2068 4597 2120 4650 itt
2153 4605 2379 4649 mortem
2417 4594 2482 4649 ⁷⁸.
2524 4612 2543 4645 ι

2137 4689 2261 4745 Jun.
2311 4687 2468 4754 Quod
2500 4687 2545 4743 si
2576 4687 2773 4756 scripta
2822 4686 2929 4753 lex,
2956 4686 3431 4759 quemadmodum
3464 4689 3646 4755 perhi-

2067 4777 2231 4842 betis,
2278 4777 2416 4829 bona
2476 4790 2584 4829 non
2653 4784 2759 4837 est,
2811 4774 3161 4845 quamobrem
3224 4775 3357 4829 dixit
3418 4775 3645 4831 Moses?

2077 4891 2097 4924 ι
2139 4870 2422 4927 CuStodite
2482 4869 2627 4938 leges
2661 4884 2835 4929 meas.
2890 4879 3050 4938 atque
3095 4869 3322 4940 judicia,
3378 4886 3498 4942 qua:
3559 4870 3641 4925 I'a-

2071 4965 2220 5018 ciens
2257 4963 2440 5025 homo,
2476 4961 2616 5014 vivet
2648 4962 2700 5014 in
2739 4962 2817 5015 eis
2845 4961 2943 5015 ηπ
2984 4981 3003 5014 ι

2140 5055 2362 5108 Cums'r.
2401 5052 2514 5106 In.o
2568 5068 2697 5105 vero
2732 5053 2869 5107 bona
2921 5062 3006 5109 est
3031 5061 3083 5107 et
3113 5055 3400 5120 naturalis,
3430 5063 3483 5109 et
3506 5056 3642 5110 seri.-

2072 5156 2159 5214 pta
2187 5146 2295 5203 lex,
2337 5153 2393 5194 ut
2437 5142 2819 5211 pra-diximus;
2852 5144 2944 5197 sed
2990 5143 3218 5212 iustitia:
3268 5144 3393 5199 Sole
3424 5157 3638 5209 exorto,

2072 5238 2154 5291 lue
2195 5238 2481 5292 exstincta}
2510 5237 2892 5305 caligavernnl.
2926 5232 3007 5290 Ob
3042 5238 3093 5291 id
3144 5239 3286 5292 enim
3350 5254 3451 5291 non
3507 5239 3645 5293 dixit

2069 5328 2290 5383 Muses:
2342 5328 2619 5383 Cttslodite
2664 5328 2831 5396 legent
2874 5342 2971 5383 vos
3005 5328 3144 5383 hanc
3188 5344 3503 5398 perennem,
3547 5334 3639 5384 Sed

2281 5499 2527 5570 soinvit.
2581 5516 2691 5564 χιχ,
2734 5501 2821 5555 18.
2925 5503 2966 5534 ⁶¹
3001 5502 3189 5558 Matth.
3245 5520 3377 5566 χχιι.
3414 5504 3503 5570 39,
3556 5506 3625 5561 40

2250 5572 2296 5601 ⁸⁵
2337 5569 2493 5622 Deut.
2527 5587 2679 5631 xvttt,
2709 5571 2762 5630 9,
2794 5572 2880 5625 I5.
3004 5575 3048 5607 “
3086 5573 3286 5629 Jerem.
3340 5591 3503 5639 χχχι.
3552 5578 3642 5639 51..

2514 5642 2558 5711 ξ¹⁹
2593 5641 2724 5711 Ibid.
2765 5642 2850 5695 10.
2925 5643 2971 5675 ’θ
2999 5641 3133 5701 Ibitl.
3168 5645 3253 5711 II,
3278 5643 3364 5700 12.
3441 5647 3485 5678 ’⁸
3514 5645 3627 5703 Luc

2521 5710 2591 5741 ⁷⁸⁸
2629 5710 2800 5765 Levit.
2838 5729 2876 5776 ι.
2909 5712 2963 5770 5.

2148 5874 2258 5945 (42)
2292 5875 2543 5932 Nazianz.
2581 5875 2711 5931 ibid.
2748 5876 2891 5933 257a
