4042 6412
307 424 421 487 883

1511 427 1942 494 ANDRONICI
1978 427 2124 492 (3οΜ
2137 430 2325 494 NENl

3465 430 3586 496 884

313 538 695 606 temporariam
751 537 960 596 scilicet
1037 551 1442 610 conservatete,
1503 553 1560 600 et
1606 559 1704 615 per
1760 557 1882 597 eam
1912 543 1959 599 Δ
1989 545 2170 613 impiis
2199 545 2552 616 regnantibus
2581 545 2783 601 editum
2815 544 3131 602 vaticinium
3157 545 3468 617 oportebat.
3513 547 3572 602 Id

313 631 524 686 vivetis.
549 629 815 686 Caeterum
840 637 1221 704 temporariam
1247 637 1675 692 conservandam
1700 635 1886 700 fuisse,

315 741 513 783 uocent
543 742 662 796 quae
691 738 1032 797 sequuntur:
1081 746 1098 779 ι
1134 727 1458 798 Prophetam
1513 729 1787 784 suscitabo
1810 727 1892 781 eis

312 819 380 874 de
428 818 607 874 medio
655 817 880 872 fratrum
931 828 1144 872 tuorum
1199 819 1427 873 similem
1463 817 1579 872 tui:
1611 827 1666 874 et
1694 831 1887 886 ponam

311 912 476 964 verba
513 911 569 965 in
604 925 698 965 ore
723 908 862 977 ejus,
931 909 1286 980 loqueturque
1325 913 1391 964 ad
1423 925 1519 965 eos
1548 911 1891 978 omnia,qua

312 999 742 1071 praeceperoilli,
764 1001 859 1070 qui
894 1012 1076 1055 autem
1113 1003 1276 1057 verba
1306 1003 1446 1072 ejus,
1479 1018 1599 1073 quLe
1643 1003 1892 1071 loquetur

313 1091 366 1147 in
411 1093 630 1147 nomine
693 1109 837 1157 meo,
897 1093 1089 1149 audire
1145 1096 1403 1162 uoluet-it,
1463 1111 1564 1166 ego
1617 1096 1758 1150 ultor
1796 1108 1891 1149 ex-

311 1184 500 1239 sistam
529 1185 595 1237 ⁷⁵.
631 1203 651 1236 ›
707 1185 914 1252 Quibus
960 1187 1142 1242 verbis
1178 1187 1282 1243 etsi
1325 1203 1356 1244 e
1409 1189 1606 1243 vestris
1648 1187 1892 1257 plerique

310 1287 496 1332 Jesum
550 1281 719 1337 lilium
748 1278 898 1334 Nave
943 1278 1171 1350 intelligi
1219 1279 1467 1344 credunt,
1504 1279 1706 1334 frustra
1771 1279 1892 1348 opi-

313 1384 534 1429 nautur.
558 1373 742 1444 Neque
763 1375 906 1428 enim
944 1373 1105 1428 aliam
1127 1373 1299 1441 legem
1342 1374 1482 1430 filius
1509 1373 1658 1428 Nave
1696 1373 1888 1428 edidit.

313 1459 420 1516 Sed
453 1463 709 1518 nimirum
750 1462 885 1532 legis
923 1462 1352 1533 abrogationem,
1381 1462 1694 1532 Christique
1760 1477 1893 1519 con-

311 1553 659 1610 donatiouem
720 1554 896 1610 Moses
944 1554 1136 1618 edixit,
1183 1569 1307 1609 cum
1353 1557 1467 1609 ait:
1511 1572 1532 1606 ‹
1562 1553 1892 1624 Prophetam

314 1647 601 1702 suscitabit
659 1645 944 1712 Dominus,
975 1647 1117 1702 sicut
1167 1658 1274 1713 me,
1303 1665 1323 1698 ι
1373 1647 1424 1702 id
1457 1656 1561 1712 est,
1593 1647 1759 1702 alium
1815 1646 1894 1702 Ie-

312 1739 644 1808 gislatorem,
692 1739 783 1794 Dei
810 1749 864 1794 et
896 1739 1176 1794 hominum
1207 1748 1550 1811 sequestrum
1589 1757 1603 1794 :
1654 1757 1673 1792 ι
1710 1737 1891 1808 lpSum

311 1829 499 1886 audies
526 1829 574 1862 "
609 1848 629 1882 ι
660 1829 715 1886 in
741 1830 1015 1887 omnibus.

948 1944 1183 2002 CAPUT
1217 1948 1277 2000 L.

677 2058 752 2114 De
794 2061 1090 2132 evangelica
1134 2062 1244 2132 lege
1270 2063 1540 2118 vaticinia.

385 2171 589 2228 Videtis
639 2175 1093 2244 quemadmodum
1139 2176 1313 2232 Moses
1366 2194 1580 2248 quoque
1625 2179 1758 2252 legis
1804 2181 1902 2236 ab-

314 2266 652 2334 mgatiouem
693 2265 952 2329 :detexit?
992 2283 1113 2322 nant
1161 2270 1213 2322 ni
1255 2270 1569 2340 abroganda
1604 2280 1724 2326 erat
1779 2273 1890 2338 lex,

312 2370 488 2426 neque
506 2373 642 2426 opus
675 2369 794 2413 erat
828 2359 965 2413 alius
988 2359 1282 2431 legislator,
1325 2369 1379 2417 et
1402 2363 1632 2418 dixisset
1659 2363 1836 2421 Moses
1879 2384 1896 2421 :

314 2447 442 2503 llzcc
477 2449 702 2504 immota
765 2451 814 2504 in
847 2459 1111 2505 aeternum
1157 2452 1241 2507 lex
1273 2453 1452 2510 futura
1497 2469 1603 2522 est,
1642 2459 1900 2524 quemad-

318 2537 535 2592 ntodum
594 2539 661 2593 de
699 2539 952 2608 spiritali,
993 2540 1044 2594 id
1088 2550 1190 2604 est,
1239 2542 1550 2611 evangelica
1632 2544 1900 2601 Jeretnias

315 2629 562 2695 pra‘dixit
593 2644 606 2680 :
636 2648 655 2681 ι
697 2629 794 2684 llic
828 2630 964 2685 liber
991 2632 1364 2688 mandatorum
1393 2634 1514 2700 Dei,
1543 2644 1598 2688 et
1631 2635 1718 2690 lex
1781 2651 1901 2706 qua!

315 2730 398 2776 est
446 2721 500 2775 in
556 2730 840 2776 aeternum.
890 2740 908 2774 ι
959 2721 1214 2791 Idemque
1266 2723 1333 2778 de
1387 2727 1620 2779 eadem:
1680 2743 1700 2778 ι
1763 2726 1902 2781 Ecce

320 2813 436 2868 dies
493 2812 738 2879 veniunt,
791 2813 924 2868 dicit
979 2812 1275 2868 Dominus:
1330 2825 1386 2868 et
1417 2814 1698 2872 suscitabo
1731 2815 1898 2870 David

314 2919 534 2975 germen
576 2906 822 2975 justum:
869 2915 923 2959 et
952 2907 1201 2975 regnabit
1241 2906 1351 2960 Rex
1397 2908 1580 2976 justus
1632 2907 1686 2961 in
1730 2917 1893 2963 teter-

318 3015 442 3052 nutn
477 3000 545 3054 ".
591 3017 610 3052 ι
664 2998 999 3054 Malachias:
1063 3020 1081 3051 ί
1120 3002 1339 3053 Urietur
1376 3000 1534 3056 vobis
1575 3000 1895 3056 timentibus

316 3104 510 3145 nomen
545 3105 720 3146 meum
745 3089 838 3145 Sol
873 3091 1101 3164 iustitiae
1125 3092 1190 3144 ⁷⁸.
1219 3111 1237 3144 ι
1280 3093 1482 3146 Isaias:
1525 3110 1543 3143 α
1583 3091 1724 3146 Ecce
1758 3093 1899 3148 Deus

316 3192 500 3238 noster
549 3182 812 3253 judicium
841 3184 1106 3239 retribuet
1139 3185 1204 3240 ’⁸.
1245 3203 1262 3236 ι
1322 3185 1387 3238 Et
1427 3200 1686 3240 rursum:
1727 3204 1746 3237 ι
1789 3186 1900 3240 Au-

315 3271 450 3328 feret
491 3273 752 3328 Dominus
811 3273 952 3328 Deus
999 3275 1299 3345 Iacrymant
1336 3275 1404 3329 ab
1451 3276 1599 3329 omni
1637 3275 1803 3341 facie,
1844 3286 1899 3331 et

313 3371 658 3439 opprobrium
693 3369 874 3441 populi
913 3369 995 3423 sui
1026 3367 1240 3423 auferet
1290 3368 1354 3420 de
1401 3367 1656 3423 universa
1690 3378 1891 3424 terra.»

385 3457 555 3528 Igitur
603 3468 723 3514 orto
754 3455 990 3526 'jnstitia:
1042 3453 1198 3517 Sole,
1257 3468 1358 3508 non
1405 3453 1514 3519 jam
1560 3470 1724 3522 porro
1769 3457 1903 3526 legis

315 3551 599 3620 praeceptis
655 3549 975 3618 indigemus.
1045 3546 1223 3613 Quare
1283 3553 1336 3600 et
1399 3545 1536 3600 bona
1599 3555 1680 3601 est
1747 3562 1900 3602 sacra

315 3643 433 3707 lex,
465 3653 625 3712 atque
659 3641 954 3710 prophetat,
983 3648 1038 3691 et
1068 3639 1242 3692 instar
1279 3641 1500 3695 luminis
1523 3651 1671 3707 sunt,
1704 3651 1760 3694 ut
1785 3640 1899 3710 jam

317 3735 578 3790 diximus.
600 3731 734 3786 Nam
772 3731 863 3785 Dei
902 3729 1162 3794 Verbum,
1201 3738 1257 3782 et
1283 3727 1519 3798 Spiritus
1555 3744 1777 3788 sanctus
1808 3747 1903 3802 per

317 3828 607 3898 prophetas
653 3824 993 3894 loquebatur.
1040 3820 1148 3876 Sed
1197 3820 1281 3875 his
1332 3823 1600 3889 prtesidiis
1656 3823 1904 3878 homines

311 3918 536 3986 iustitia:
560 3917 698 3971 viam
732 3915 972 3984 reperire
1005 3910 1386 3982 nequiverunt.
1430 3914 1498 3970 Ut
1542 3915 1686 3969 enim
1735 3915 1905 3970 stellae

317 4022 480 4082 atque
506 4011 630 4065 luna
673 4023 772 4064 nec
797 4007 1133 4077 splendorem
1165 4007 1365 4062 habent
1398 4007 1628 4071 luciferi,
1662 4024 1757 4062 nec
1795 4018 1902 4062 tota

318 4114 477 4158 nocte
509 4103 709 4165 lucent,
756 4102 852 4156 sed
900 4115 1046 4154 nunc
1092 4113 1379 4171 apparent,
1424 4115 1566 4154 nunc
1603 4108 1900 4169 teguntur;

316 4209 568 4251 crczerum
587 4194 701 4250 sole
721 4203 914 4250 exorto
931 4194 982 4248 in
1013 4194 1252 4249 tenebris
1276 4203 1457 4247 manet
1481 4208 1658 4257 nemo,
1681 4194 1784 4247 n’si
1811 4195 1900 4262 qui

318 4287 512 4356 caliget
542 4302 606 4342 ac
631 4287 900 4350 excutiat,
934 4286 1004 4340 ita
1031 4292 1086 4338 et
1114 4293 1306 4348 coetus,
1341 4285 1432 4353 qui
1458 4283 1656 4338 Christi
1683 4284 1904 4338 nouvine

319 4391 592 4442 censetur,
629 4377 864 4431 divinant
901 4386 1088 4430 nactus
1122 4375 1318 4438 lucem,
1361 4389 1482 4427 cum
1510 4374 1734 4444 jttslilize
1779 4375 1904 4429 Sole

318 4470 536 4525 assidue
566 4469 891 4530 consuescit.
941 4483 1042 4524 nec
1093 4467 1378 4536 quisquam
1431 4467 1483 4520 in
1541 4468 1636 4521 Dei
1695 4468 1905 4537 ignora-

1997 637 2133 692 adeo
2160 653 2342 693 verum
2368 654 2490 695 esse
2517 655 2584 694 ex
2617 641 2965 709 sequentibus
2995 648 3240 709 apparet.

2074 746 2094 780 ι
2129 730 2348 796 Audite,
2373 729 2520 796 caeli,
2544 744 2596 784 et
2625 731 2850 785 auribus
2873 730 3110 799 percipe,
3134 740 3297 786 terra.
3329 751 3348 784 ι
3394 731 3588 788 Fabri-

1997 835 2116 874 cam
2153 819 2295 874 Deus
2323 827 2548 875 testatus
2578 821 2826 885 invocat,
2878 820 2920 874 si
2971 821 3189 888 quidem
3235 833 3354 876 erat
3394 822 3588 892 ingens

1997 920 2053 964 et
2081 910 2382 966 inauditum
2413 912 2618 965 crimen
2645 909 2848 965 Judzeis
2873 910 3184 980 objecturus
3210 928 3223 964 :
3265 931 3284 962 ι
3316 913 3587 979 Quoniam

2002 1001 2262 1056 Dominus
2302 1001 2509 1056 locutus
2541 1012 2625 1058 est
2656 1022 2670 1056 :
2707 1001 2873 1056 Filios
2917 1003 3154 1056 enutrivi
3203 1011 3258 1057 et
3301 1007 3586 1074 exaltavi;

1999 1092 2102 1162 ipsr
2131 1103 2308 1146 autem
2332 1102 2653 1161 spreverunt
2683 1110 2768 1148 me
2790 1092 2858 1159 ⁸¹,
2895 1114 2914 1147 ι
2957 1098 3041 1150 his
3080 1098 3294 1164 edictis,
3340 1109 3394 1152 et
3434 1097 3588 1154 defe-

1999 1185 2232 1240 ctionem
2285 1184 2562 1257 subjungit
2607 1203 2624 1240 :
2679 1203 2699 1238 t
2761 1187 3024 1254 Cognovit
3071 1188 3170 1245 bos
3223 1206 3592 1259 possessorem

2000 1293 2181 1342 suum,
2211 1287 2266 1332 et
2305 1278 2489 1334 asinus
2529 1293 2770 1349 praesepe
2814 1280 3019 1335 domini
3051 1282 3133 1336 sui
3164 1302 3176 1337 :
3213 1281 3381 1338 Israel
3408 1295 3592 1338 autem

2000 1385 2087 1424 me
2117 1384 2222 1423 non
2247 1369 2518 1437 cognovit,
2549 1379 2604 1424 et
2635 1372 2862 1440 pepulus
2889 1387 3044 1427 meus
3068 1388 3174 1427 non
3202 1374 3464 1428 intellexit
3484 1376 3587 1441 ",s

2000 1461 2092 1516 sed
2157 1459 2331 1515 brutis
2401 1459 2591 1516 bestiis
2655 1463 2980 1530 stupidiores
3035 1473 3163 1519 sunt
3247 1477 3411 1532 atque
3468 1465 3596 1520 bar-

1999 1551 2200 1608 diores.
2237 1572 2256 1606 ε
2292 1551 2386 1607 Vze
2427 1554 2572 1624 genti
2606 1553 2918 1622 peccatrici,
2947 1556 3143 1625 populo
3193 1558 3344 1627 gravi
3391 1558 3597 1627 iniqui-

2000 1651 2132 1709 tate,
2195 1645 2388 1700 semini
2441 1659 2695 1714 uequatn,
2747 1646 2870 1702 liliis
2913 1647 3221 1712 sceleratis,
3290 1665 3312 1701 ι
3368 1649 3587 1719 dignun‘

2001 1736 2282 1805 impietate
2328 1744 2386 1790 et
2443 1735 2728 1791 insolentia
2791 1737 3049 1806 probrum
3120 1748 3273 1793 vates
3326 1741 3596 1797 adhibuit.
3651 1751 3661 1758 '

2005 1845 2028 1878 ι
2064 1825 2438 1896 Dereliquistis
2482 1826 2801 1892 Dominum,
2845 1827 3052 1882 scilicet
3097 1827 3312 1882 Patrem
3357 1870 3373 1894 ,
3420 1839 3476 1884 et
3530 1831 3600 1883 ad

1925 1896 1972 1956 Β
2003 1920 2339 1976 iracundiam
2364 1920 2676 1976 concitastis
2701 1932 2949 1976 sanctum
2993 1919 3158 1976 Israel
3190 1921 3274 1987 ⁸³;
3321 1940 3341 1973 ι
3389 1921 3596 1991 Unige-

2002 2011 2172 2064 nitum
2203 2010 2318 2078 ejus
2342 2009 2536 2064 Filium
2573 2010 2829 2065 irritastis
2857 2028 2871 2065 :
2905 2011 3206 2066 irritatioue
3242 2027 3373 2066 vero
3425 2013 3608 2082 signi-

2005 2104 2130 2158 ficat
2172 2101 2582 2157 incontaminati
2621 2101 2866 2171 corporis
2907 2102 3259 2172 supplicium.
3296 2100 3434 2168 Quid
3483 2119 3604 2156 ant-

2002 2191 2146 2261 plius
2195 2190 2465 2246 addatis?
2519 2206 2626 2245 non
2687 2192 2916 2257 habent,
2977 2193 3121 2262 quod
3195 2193 3246 2247 itt
3316 2190 3595 2247 Christum

2001 2283 2220 2352 gravius
2259 2282 2564 2352 designent.

2079 2390 2098 2426 ο
2125 2370 2297 2427 Omtte
2319 2383 2478 2440 caput
2506 2372 2836 2441 languidum,
2857 2382 2910 2425 ct
2933 2387 3093 2426 omne
3115 2388 3207 2427 cor
3234 2387 3470 2428 atterens
3491 2372 3602 2428 ⁸³.»

2003 2465 2118 2520 lloe
2148 2465 2317 2520 David
2350 2465 2476 2520 olim
2522 2466 2779 2535 propheta
2822 2479 2906 2520 ρει
2939 2467 3334 2535 interpretatus
3359 2465 3413 2520 in
3448 2465 3593 2520 hanc

2002 2558 2326 2613 sententiam
2365 2573 2379 2610 :
2417 2574 2435 2607 ι
2475 2556 2838 2612 Convertctur
2889 2558 3040 2613 dolor
3085 2573 3271 2612 eorum
3325 2558 3379 2612 in
3434 2566 3598 2624 caput

2003 2662 2214 2712 eorum,
2243 2656 2298 2700 et
2324 2647 2376 2699 in
2407 2649 2663 2701 verticem
2692 2650 2931 2716 ipsorum
2979 2649 3234 2719 iniquitas
3261 2665 3448 2702 eorum
3501 2647 3600 2702 de-

2003 2742 2225 2796 scendet
2248 2739 2334 2804 ⁸⁸;
2377 2757 2396 2791 ›
2452 2740 2604 2807 quasi
2650 2739 2855 2794 diceret
2895 2757 2908 2794 :
2945 2738 3218 2810 Quidquid
3274 2739 3603 2794 tnoliatnini.

2004 2834 2057 2888 in
2086 2833 2248 2887 veStri
2281 2831 2474 2902 capitis
2497 2833 2790 2900 perniciem
2821 2835 2994 2896 cedet,
3030 2843 3318 2899 vestraque
3369 2831 3590 2901 injusti-

2005 2924 2076 2977 tia
2105 2925 2155 2976 in
2185 2932 2423 2978 vestrum
2464 2925 2701 2992 ipsorum
2730 2924 2990 2978 verticem
3033 2925 3358 2978 revolvetur.
3400 2944 3418 2975 ι
3472 2923 3595 2977 Non

2003 3016 2167 3068 estin
2196 3017 2277 3070 eis
2305 3030 2481 3084 neque
2517 3015 2731 3080 vulnus,
2772 3031 2947 3085 neque
2995 3017 3151 3069 livor.
3193 3013 3309 3070 Non
3351 3026 3436 3070 est
3479 3031 3598 3068 ma-

2007 3107 2179 3178 lagma
2211 3109 2514 3176 imponere,
2543 3122 2716 3176 neque
2736 3107 2935 3172 oleum,
2967 3123 3138 3176 neque
3173 3109 3434 3175 ligatnras
3457 3108 3528 3162 ⁸⁸⁸.
3570 3127 3591 3159 ι

2005 3198 2197 3252 Tutum
2225 3213 2445 3265 corpus.
2479 3197 2675 3268 inquit,
2708 3197 2859 3268 plaga
2896 3208 3000 3263 est,
3054 3214 3119 3254 ac
3163 3200 3394 3267 proinde
3440 3199 3598 3253 incu-

2007 3291 2209 3346 rabile.
2275 3289 2669 3356 Quamobrem,
2735 3305 2769 3344 ο
2825 3291 3135 3360 propheta?
3186 3291 3342 3357 Quod
3403 3288 3602 3344 Filium

2009 3401 2208 3450 meum,
2249 3401 2409 3450 quem
2451 3385 2625 3453 delegi
2653 3385 2837 3438 animo
2861 3401 2979 3438 meo
3005 3385 3410 3450 cltarissimutn,
3440 3400 3600 3455 pere-

2006 3488 2240 3533 merunt.
2276 3477 2461 3546 Itaque
2504 3478 2683 3532 videie
2713 3487 2764 3531 et
2813 3479 3051 3533 divinum
3080 3479 3402 3548 supplicium
3438 3495 3468 3534 c
3499 3494 3607 3534 vc-

2007 3569 2166 3639 stigio
2211 3582 2600 3638 consequens:
2635 3585 2654 3619 t
2693 3567 2863 3623 Terra
2923 3579 3102 3625 vestra
3159 3570 3397 3633 deserta,
3460 3569 3602 3622 civi-

2011 3671 2152 3714 tates
2208 3670 2406 3714 vestra:
2469 3675 2744 3715 succensa:
2800 3661 2908 3730 igni
2959 3678 2975 3717 :
3030 3661 3303 3729 regionem
3359 3673 3601 3715 vestram

2007 3766 2191 3806 coram
2221 3751 2372 3805 vobis
2408 3749 2566 3804 alieni
2595 3751 2876 3817 devorant,
2909 3763 2963 3806 et
2995 3751 3332 3806 desolabitur
3359 3753 3499 3806 sicut
3542 3751 3600 3804 itt

2009 3843 2258 3897 vastitate
2298 3841 2501 3898 hostili.
2539 3843 2603 3898 Ει
2633 3843 3038 3914 derelinquetur
3081 3846 3187 3899 lilia
3220 3845 3350 3900 Sion
3391 3855 3448 3898 ut
3479 3863 3602 3898 unt-

2009 3933 2290 3989 braculum
2343 3935 2395 3987 in
2427 3935 2604 3996 vinea,
2661 3943 2716 3988 et
2763 3936 2904 3989 sicut
2952 3936 3221 4006 tugurium
3265 3936 3316 3990 in
3346 3950 3606 3990 cucume-

2011 4028 2179 4093 rario,
2207 4037 2261 4081 et
2296 4026 2438 4080 sicut
2462 4027 2654 4081 civitas
2681 4042 2801 4095 qua:
2825 4037 3089 4080 vastatur.
3118 4026 3181 4078 Et
3205 4027 3306 4081 nisi
3337 4026 3601 4079 Dominus

2007 4119 2347 4173 exercituum
2385 4117 2693 4186 reliquisset
2737 4117 2892 4170 nobis
2920 4132 3126 4182 semen,
3157 4118 3311 4186 quasi
3359 4117 3594 4170 Sodoma

2009 4210 2323 4276 fuissemus,
2355 4219 2410 4265 et
2437 4211 2586 4278 quasi
2622 4209 2926 4264 Cornum-ba
2951 4209 3158 4264 similes
3190 4226 3430 4264 essemus
3457 4209 3522 4263 ⁸⁷.
3569 4226 3592 4260 ι

2007 4305 2076 4357 At
2101 4303 2350 4372 quamvis
2395 4302 2545 4357 Deus
2593 4300 2852 4354 Israelitis
2895 4315 3080 4356 semen
3134 4303 3398 4371 reliquum
3445 4301 3597 4363 fecit,

2011 4404 2188 4448 tamen
2220 4395 2348 4462 quin
2393 4393 2460 4448 ab
2506 4393 2803 4446 Sodomzeis
2830 4409 2892 4446 ac
2921 4391 3290 4448 Gomorrhmis
3331 4395 3599 4447 damnen-

2010 4497 2120 4549 tur,
2154 4503 2257 4542 non
2291 4485 2567 4554 elfugient.
2602 4486 2777 4555 Atque
2807 4486 2852 4539 ei
2877 4488 3158 4542 sententia:
3187 4503 3484 4541 censonum
3514 4496 3601 4540 est

320 4561 484 4617 tionis
525 4561 764 4616 tenebris
798 4571 1072 4625 versatur,
1114 4559 1204 4628 qui
1246 4575 1349 4614 non
1389 4558 1691 4613 voluntarie
1721 4576 1779 4614 se
1810 4562 1897 4616 ab-

2010 4578 2138 4632 illud
2175 4577 2280 4632 mei
2327 4577 2651 4641 Servatoris,
2683 4577 2748 4628 ad
2785 4575 3125 4630 Bethsaidatn
3156 4591 3171 4631 :
3222 4595 3240 4627 ι
3293 4576 3596 4630 ltetnissius

315 4656 526 4724 jungat.

927 4743 1156 4799 CAPUT
1200 4744 1282 4799 LI.

325 4862 495 4932 Caput
528 4862 754 4931 primum
785 4860 947 4914 Isaicc
972 4861 1234 4932 eleganter
1265 4862 1322 4914 in
1341 4860 1559 4915 laturos
1583 4871 1908 4928 relerqueiar

901 4941 947 4984 et
980 4931 1314 4999 explanatur.

425 5060 510 5099 am
542 5043 787 5112 abrogari
820 5056 1036 5112 quoque
1067 5041 1232 5112 legem
1270 5042 1452 5096 divino
1483 5040 1698 5096 Numini
1730 5041 1900 5095 visunt

322 5121 491 5191 Isaias
529 5135 790 5198 declarat,
848 5133 1076 5190 dicens:
1115 5153 1134 5184 ί
1171 5131 1320 5186 Visio
1352 5131 1524 5196 ls:titc,
1569 5133 1659 5186 lilii
1711 5133 1896 5197 Alnos,

321 5241 485 5293 quant
532 5225 668 5278 vidit
718 5239 879 5294 super
929 5225 1118 5278 .Iudatn
1175 5235 1227 5277 et
1281 5221 1579 5278 Jerusalem
1623 5223 1674 5276 in
1711 5223 1903 5278 diebus

321 5320 486 5378 θεῖαι.
518 5317 766 5382 loathan,
803 5319 985 5371 Achaz
1016 5329 1065 5372 et
1104 5317 1350 5371 Ezechia:
1383 5331 1564 5386 regum
1605 5313 1742 5371 Juda
1770 5315 1838 5368 ⁸⁸.
1878 5335 1897 5367 ι

322 5410 536 5463 I‘iorum
575 5424 758 5477 regum
800 5409 1058 5478 propheta
1086 5408 1354 5472 meminit,
1387 5406 1678 5461 ostendens
1708 5423 1811 5461 non
1833 5407 1902 5459 ob

325 5501 544 5567 legalcnt
589 5501 822 5569 aliquam
851 5519 1069 5564 noxam,
1101 5505 1192 5554 sed
1229 5500 1429 5554 Christi
1465 5501 1663 5555 caedent
1701 5499 1898 5554 divini—

326 5601 409 5645 tus
449 5607 662 5660 pmuam
717 5595 1061 5665 irrogandum
1097 5611 1110 5646 :
1152 5610 1273 5646 nam
1315 5593 1357 5645 si
1403 5601 1620 5660 prOpter
1672 5593 1898 5653 scelera,

389 5732 434 5764 ⁷⁸
471 5734 623 5785 Deut.
658 5747 812 5794 xvttt,
848 5733 929 5787 l8.
1009 5735 1051 5764 ⁷⁸
1083 5734 1234 5788 Deut.
1265 5748 1418 5795 xvn',
1453 5733 1537 5786 lii.

319 5800 365 5832 ⁸³
400 5801 500 5855 i~:t.
535 5818 568 5860 l,
608 5804 651 5853 Ι.
729 5803 771 5832 ⁸¹
805 5803 931 5855 iltitl.
960 5804 1012 5856 Ξ.
1121 5805 1167 5834 ⁸³
1203 5804 1326 5858 ilaitl.
1359 5805 1410 5857 ’5.
1517 5803 1563 5834 ⁸³
1594 5805 1720 5856 iltiul.
1763 5805 1806 5857 ί.

317 5871 362 5904 ⁸³
392 5872 675 5937 Μηιιιιδιι,
704 5872 792 5926 9i.
824 5873 1001 5930 ll"15a.
1035 5890 1070 5940 t,
1111 5876 1193 5942 Ill,
1227 5873 1312 5928 ll.
1389 5875 1434 5905 νο
1467 5874 1594 5930 ibid.
1641 5874 1723 5928 1'2.

1615 5736 1658 5764 ⁷⁷
1698 5732 1897 5786 .Icrcm.
1935 5749 2085 5793 vxzn.
2106 5735 2154 5788 5.

1911 5805 1957 5834 ⁸⁸
1991 5807 2121 5861 ibid.
2152 5805 2204 5860 5.

2012 4671 2114 4724 erit
2135 4669 2382 4724 Sodomis
2413 4666 2825 4730 etGontorrhis,
2848 4683 3012 4737 quam
3048 4668 3142 4721 tibi
3163 4668 3230 4721 ³⁸.
3271 4687 3289 4718 ι
3313 4667 3475 4736 quue
3504 4682 3600 4719 ve-

2015 4779 2131 4816 runt
2157 4777 2278 4818 esse
2304 4776 2334 4815 e
2361 4761 2614 4816 vaticinis
2646 4760 2878 4814 oracuiis
2907 4761 2997 4816 liet
3036 4760 3420 4827 manifestum;
3450 4761 3603 4815 addit

2011 4855 2152 4906 enim
2186 4869 2200 4904 :
2242 4871 2260 4903 t
2288 4851 2482 4906 Audite
2509 4851 2730 4904 verbum
2769 4849 3005 4918 Domini,
3028 4851 3300 4920 principes
3335 4850 3603 4904 Sodomo-

2015 4963 2153 5010 tutn,
2202 4945 2463 5015 percipite
2523 4945 2746 4999 auribus
2794 4944 2962 5014 legem
3008 4945 3101 5007 Dei
3140 4947 3334 5006 nostri,
3372 4944 3601 5013 populus

2010 5039 2350 5096 Gomorrlm.
2383 5039 2500 5103 Quo
2536 5037 2664 5091 tnilti
2699 5037 3096 5092 multitudinem
3131 5039 3471 5091 victimarum
3502 5051 3598 5090 ve-

2008 5143 2268 5195 strarum,
2321 5131 2452 5184 dicit
2498 5129 2795 5184 Dominus?
2835 5130 3163 5201 Sanguinem
3212 5139 3488 5182 taurorum
3543 5138 3603 5183 et

2011 5226 2282 5280 hircorum
2345 5225 2520 5288 nolo;
2591 5239 2766 5293 neque
2830 5225 3107 5285 Veniatis,
3172 5235 3230 5276 ut
3289 5223 3601 5292 appareatis

2009 5319 2140 5387 mihi
2166 5318 2231 5369 Μ’.
2268 5337 2286 5370 ι
2329 5318 2554 5383 Videtis,
2583 5317 2823 5372 Judaeum
2860 5333 3074 5372 omnem
3111 5314 3361 5370 Sodomae
3398 5332 3461 5370 ac
3484 5315 3600 5368 Co-

2010 5408 2241 5462 lliOl'l’illB
2273 5408 2584 5463 nominibus
2607 5407 2910 5465 infelicitat.
2944 5409 3044 5464 Ubi
3081 5408 3224 5462 enim
3254 5406 3499 5462 Sodomze
3521 5421 3591 5461 at:

2009 5497 2327 5552 Gomorrhtn
2357 5499 2464 5553 Deo
2489 5500 2680 5552 hostiis
2703 5515 2765 5552 ac
2789 5499 3139 5553 libaminibus
3175 5497 3379 5550 fiebat?
3415 5517 3433 5548 ι
3462 5496 3600 5562 Quis

2010 5592 2256 5660 quaesivit
2289 5593 2402 5645 hate
2429 5592 2494 5646 de
2524 5592 2771 5645 manibus
2804 5592 2998 5647 vestris
3022 5592 3110 5644 9°?
3148 5610 3165 5642 ι
3206 5591 3368 5658 Quasi
3407 5591 3593 5645 dicat:

3181 5737 3228 5766 ¹¹⁹
3259 5735 3358 5787 lsa.
3382 5752 3507 5792 xxv.
3537 5734 3595 5787 8.

3233 5808 3276 5838 ⁸⁷
3306 5807 3432 5861 ibid.
3475 5805 3600 5859 7-9.

2235 5736 2280 5766 7“
2305 5735 2530 5788 Malm-lt.
2557 5751 2628 5796 tv,
2659 5735 2694 5786 2
2720 5754 2733 5796 ;
2761 5735 2866 5787 Isa.
2905 5752 3018 5796 LIII,
3052 5738 3106 5790 4.

2281 5807 2323 5837 ⁸⁵
2357 5805 2497 5860 Psal.
2532 5822 2620 5871 vit,
2659 5807 2746 5863 17.
2820 5807 2864 5837 ‘3“
2893 5806 2993 5859 lsa.
3033 5823 3070 5870 ι,
3104 5808 3154 5861 li.
