4042 6394
336 401 448 468 885

1407 403 1794 466 DIALOGUS
1824 399 2130 463 CONTRA
2159 403 2500 468 JUDﬂOS.

3519 392 3627 466 836

332 516 505 577 Nemo
528 530 612 576 est
644 521 736 590 qui
768 521 1099 578 sacrificium
1133 522 1217 580 vel
1246 521 1312 578 ad
1341 523 1484 580 banc
1520 523 1923 594 abrogationem
1955 521 2003 578 Α
2029 523 2193 594 guine
2242 540 2361 582 uva:
2407 525 2630 596 pallium
2686 537 2843 582 suum
2877 523 2923 592 ί,
2963 522 3081 581 ι-ἰά·
3125 531 3238 589 est,
3281 535 3480 592 corpus
3529 531 3630 588 per

341 613 610 678 concitet,
660 612 747 668 vel
797 628 881 669 me
931 615 1168 684 instiget.
1197 634 1218 669 ι
1258 614 1713 672 Calcare'atrium
1744 629 1922 670 meum

341 720 448 758 non
496 705 783 774 apponetis
816 722 830 759 :
865 707 1122 776 quoniam
1174 709 1436 765 scelerate
1479 709 1534 764 id
1581 709 1923 766 inscenditis.

340 793 400 848 Si
428 794 671 850 otleratis
697 796 955 866 similam,
1000 814 1224 866 vanum,
1271 801 1555 857 incensum
1591 801 1927 857 abominatio

341 891 427 936 est
453 883 584 938 mihi
612 884 681 940 “.
720 902 740 936 ι
776 884 915 942 Ecce
944 889 1037 957 qui
1067 888 1241 960 legem
1272 905 1447 962 nuper
1468 900 1725 947 sanxerat
1759 890 1923 956 Deus,

343 978 486 1035 idem
513 993 656 1035 nunc
687 980 803 1050 ejus
837 982 1248 1054 abrogationem
1275 987 1532 1057 praefluit.
1563 986 1700 1042 Nam
1743 988 1928 1044 incen-

343 1085 489 1138 sum,
515 1073 658 1141 quod
686 1074 752 1128 ad
781 1073 1082 1144 jucundum
1114 1077 1338 1135 odorem
1377 1079 1792 1146 admovebatur,
1823 1095 1930 1134 non

344 1163 518 1220 solum
550 1164 728 1220 inanis
756 1165 969 1224 sumtus
1001 1167 1113 1224 Deo
1134 1167 1450 1240 deputatur,
1475 1169 1569 1225 sed
1601 1168 1764 1226 etiam
1798 1169 1928 1234 tale,

341 1270 376 1311 a
409 1271 519 1326 quo
565 1257 860 1315 abhorreat
892 1276 908 1314 :
947 1278 967 1312 ι
999 1257 1373 1328 Neomeniam,
1402 1270 1458 1318 et
1511 1259 1932 1330 Sahbatum,!et

347 1347 670 1405 festivitates
712 1349 850 1406 alias
896 1366 1005 1408 non
1053 1351 1247 1409 feram.
1307 1371 1330 1406 ι
1388 1353 1840 1426 Quandoquidem
1879 1356 1931 1410 in

346 1453 526 1494 nteum
571 1441 688 1511 pari
735 1453 926 1498 natura
969 1441 1165 1498 Filium
1240 1443 1661 1511 bacchabimini,
1708 1459 1828 1502 eam
1866 1443 1937 1502 ob

346 1543 465 1585 rem
516 1531 710 1586 horum
767 1531 1048 1588 interitum
1094 1535 1373 1604 denuntio,
1420 1548 1486 1591 ea
1533 1534 1732 1591 abhinc
1773 1549 1937 1605 porro

347 1635 457 1678 non
509 1623 852 1692 probaturus.
891 1643 910 1678 ι
946 1622 1244 1696 Ieiunium,
1272 1636 1327 1684 et
1353 1627 1548 1696 otium,
1575 1637 1628 1684 et
1650 1627 1812 1686 ferias
1844 1643 1938 1684 vc-

345 1721 490 1768 atras
528 1715 642 1769 odit
686 1718 866 1770 anima
910 1732 1028 1774 mea
1072 1719 1141 1773 ".
1180 1736 1200 1772 ι
1228 1718 1371 1785 Quid
1428 1719 1504 1776 ita
1561 1719 1756 1776 vates?
1792 1720 1936 1791 quod

347 1805 598 1875 unigena:
624 1805 719 1862 Dei
743 1809 863 1864 Filii
895 1811 1198 1881 ingressum
1228 1811 1282 1866 in
1313 1809 1740 1884 Hierosolymam
1773 1825 1939 1883 super

344 1897 495 1966 pullo
516 1897 756 1955 sedentis
786 1890 1057 1958 exsecrati
1085 1901 1344 1972 oderunt,
1371 1903 1424 1958 in
1457 1916 1570 1973 quo
1593 1902 1778 1974 potius
1803 1903 1940 1960 resto

346 1989 584 2060 gaudere
604 1991 862 2048 divinitus
887 2003 1016 2050 sunt
1038 1994 1216 2051 edocti
1245 2011 1259 2049 :
1285 1994 1552 2066 propheta
1575 1995 1719 2052 enim
1735 1995 1936 2064 inquit:

354 2099 376 2133 ι
417 2081 637 2138 Exsulta
668 2085 821 2152 satis,
874 2086 982 2141 filia
1027 2087 1159 2142 Sion
1192 2126 1209 2154 ,
1252 2086 1568 2156 jubila,iilia
1618 2083 1938 2142 Jerusalem.

353 2171 492 2227 Ecce
517 2171 631 2227 Rex
665 2185 786 2229 tuus
818 2176 966 2230 venit
991 2176 1085 2231 tibi
1116 2187 1456 2244 mansuetus,
1505 2178 1808 2233 ascendens
1849 2193 1940 2232 sn-

351 2278 448 2328 per
468 2263 698 2331 asinam,
728 2273 779 2319 et
808 2280 971 2333 super
1001 2266 1202 2334 pullum
1235 2267 1401 2322 filium
1435 2267 1602 2322 asina:
1632 2267 1698 2321 ⁸³.
1737 2285 1756 2319 ι

427 2371 447 2405 ι
486 2355 636 2410 Facti
673 2357 805 2411 estis
835 2356 965 2411 mihi
994 2357 1049 2412 in
1083 2356 1393 2413 satietatem
1414 2358 1482 2412 ³⁵.
1520 2375 1538 2408 ι
1575 2356 1648 2413 Ut
1671 2357 1815 2413 enim
1851 2369 1941 2411 su-

353 2447 594 2515 perﬂuus
643 2449 695 2502 in
735 2464 966 2518 corpore
1006 2451 1184 2514 cibus,
1231 2451 1324 2506 ubi
1374 2452 1599 2506 satietas
1643 2451 1809 2520 cepit,
1847 2465 1942 2519 per

354 2539 617 2594 vomitum
663 2553 696 2596 ο
735 2540 1016 2596 stomacho
1052 2541 1106 2597 in
1141 2551 1340 2596 terram
1374 2542 1627 2610 ejieitur;
1683 2542 1752 2594 ita
1790 2543 1942 2611 equi-

352 2632 476 2686 dem
533 2646 652 2698 vos,
693 2633 1130 2702 quandoquidem
1176 2635 1228 2688 in
1284 2635 1587 2690 satietatem
1634 2635 1764 2689 mihi
1811 2633 1938 2689 facti

349 2721 502 2789 estis,
531 2723 598 2778 de
629 2725 765 2780 meis
797 2725 1048 2780 manibus
1097 2725 1480 2796 projieiemini.
1522 2743 1540 2778 ι
1588 2724 1939 2796 Nequaquam

353 2814 493 2867 ultra
544 2815 812 2870 dimittam
868 2825 1088 2886 peccata
1139 2827 1339 2873 vestra.
1390 2816 1524 2872 Cum
1584 2817 1942 2873 extendcritis

353 2918 550 2960 manus
599 2915 831 2974 vestras,
884 2917 1126 2964 avertam
1180 2909 1365 2964 oculos
1411 2924 1562 2965 meos
1589 2924 1620 2964 a
1647 2909 1847 2965 vobis:
1887 2919 1942 2964 et

349 3012 476 3052 cum
521 2998 1013 3070 multiplicaveritis
1055 3003 1387 3065 orationem,
1442 3017 1546 3057 non
1595 3002 1887 3057 exaudiam
1923 3019 1938 3056 :

353 3107 548 3147 manus
577 3094 722 3147 enim
754 3105 948 3149 vestra:
979 3095 1242 3166 sanguine
1269 3095 1440 3163 plena:
1467 3103 1594 3150 sunt
1620 3097 1692 3150 ".
1743 3114 1762 3147 ι
1796 3095 1940 3151 Fru-

2029 626 2216 667 neeem
2247 612 2302 668 in
2324 613 2582 682 patibulo,
2613 621 2773 684 atque
2798 627 2898 685 per
2922 611 3270 682 sanguinem.
3305 609 3475 679 Igitur
3497 622 3629 678 per-

2029 705 2234 761 fectum
2286 715 2371 761 est
2411 705 2477 760 ad
2519 715 2824 762 extremum
2870 705 3090 762 Israelis
3133 703 3481 760 vaticinium.
3516 699 3626 755 Per

2027 797 2205 869 quos?
2229 794 2335 852 Per
2363 796 2651 866 pontifices
2677 804 2838 866 atque
2865 796 3202 859 sacerdotes,
3232 808 3462 865 quorum
3491 791 3564 846 illi
3593 807 3624 845 a

2029 887 2329 955 Simeonia,
2355 887 2410 943 hi
2443 887 2514 943 ab
2538 886 2782 943 Levitiea
2823 885 3273 957 tribu'originem
3315 882 3624 940 trahebant.

2029 980 2134 1049 Qui
2166 979 2383 1035 demum
2419 987 2472 1034 et
2499 977 2816 1047 prophetas,
2844 977 3102 1033 homines
3131 976 3362 1043 scilicet,
3396 975 3623 1030 interie-

2030 1078 2242 1138 cerunt,
2269 1076 2326 1127 et
2367 1068 2650 1125 Christum
2695 1068 2845 1124 velut
2889 1077 3108 1123 taunrm
3159 1076 3525 1129 enen-arum;
3573 1067 3626 1120 id

2033 1173 2136 1230 est,
2177 1176 2374 1234 corpus
2440 1170 2779 1233 assumptum
2818 1160 2894 1218 illi
2959 1160 3180 1232 quidem
3246 1160 3408 1218 morti
3456 1159 3630 1215 demi—

2033 1266 2242 1315 serunt.
2291 1255 2486 1316 Verum
2514 1273 2533 1308 ι
2572 1253 2854 1313 Excitatus
2904 1262 2992 1312 est
3045 1262 3304 1326 tanquam
3357 1254 3633 1308 dormiam

2034 1349 2318 1412 Dominus.
2379 1355 2638 1417 tanquam
2666 1353 2863 1417 potens
2889 1343 3211 1416 crapulatus
3261 1357 3292 1399 a
3345 1345 3477 1398 vino
3504 1345 3569 1411 ’ς
3608 1361 3624 1393 ι

2035 1440 2193 1511 cujus
2223 1454 2469 1508 regnum,
2501 1436 2800 1495 secundum
2830 1435 3153 1504 Jeremiam,
3191 1434 3337 1493 nulla
3371 1436 3634 1491 memoria

2035 1531 2474 1589 labefactabitur.

2107 1620 2232 1678 Jun.
2273 1621 2374 1690 Qui
2405 1637 2536 1680 vero
2568 1637 2679 1679 non
2707 1620 2785 1678 ait
2814 1637 2830 1676 :
2872 1639 2891 1674 ι
2928 1617 3401 1678 Consummabunt
3437 1618 3636 1688 iniqui-

2040 1721 2228 1780 tatem,
2259 1731 2278 1767 ι
2313 1715 2408 1769 sed
2443 1731 2459 1770 :
2493 1732 2514 1766 ι
2548 1712 3118 1772 Consummaverunt‘l
3153 1729 3175 1766 ι

2111 1805 2340 1862 Cuntsr.
2372 1804 2552 1861 Dixin’
2583 1805 2759 1874 vobis,
2781 1819 2969 1862 crasse
2995 1804 3051 1860 in
3079 1802 3274 1860 litteris
3306 1816 3522 1874 semper
3542 1801 3636 1856 de-

2045 1897 2210 1963 fixos,
2253 1910 2531 1967 nunquam
2563 1895 2622 1953 in
2652 1903 2890 1952 mentem
2915 1894 3236 1965 penetrare?
3261 1893 3482 1950 Scilicet
3509 1907 3636 1948 cum

2042 1989 2340 2060 prophetae,
2364 2002 2484 2059 qua:
2514 1997 2714 2044 eventu
2727 2003 2786 2042 ra
2820 1995 3026 2054 essent,
3061 2003 3168 2042 non
3213 1997 3272 2041 ut
3303 1985 3507 2049 futura,
3537 1986 3632 2039 sed

2040 2080 2190 2136 velut
2242 2079 2529 2149 praesentia
2573 2087 2880 2145 cernerent,
2937 2079 3005 2134 de
3068 2079 3266 2135 futuris
3308 2077 3534 2148 perinde
3567 2092 3632 2131 ac

2043 2173 2087 2227 si
2138 2183 2480 2245 gererentur,
2533 2173 2996 2245 praenuntiabant.
3043 2172 3127 2227 lta
3177 2174 3340 2228 etiam
3385 2172 3450 2226 de
3499 2169 3635 2226 Juda

2043 2265 2224 2320 dixit:
2263 2283 2282 2317 ι
2319 2265 2544 2322 Catulus
2588 2265 2762 2324 leonis
2783 2263 2922 2320 Juda
2971 2284 2987 2322 :
3025 2280 3094 2321 ex
3142 2263 3408 2334 germine,
3431 2262 3504 2316 illi
3536 2263 3634 2330 mi,

2044 2358 2334 2414 ascendisti
2362 2358 2408 2426 ³;
2443 2368 2528 2414 et:
2556 2377 2574 2411 ι
2611 2356 2729 2415 Non
2751 2360 3014 2414 ascendes
3039 2357 3081 2424 ⁸,
3116 2375 3134 2408 ι
3168 2355 3345 2412 futura
3381 2364 3636 2424 tauquam

2043 2451 2330 2520 praesentia
2367 2451 2692 2522 praevidens.

2116 2541 2223 2598 Sed
2277 2541 2732 2613 iucundissimum
2796 2540 3016 2597 lsraelis
3079 2539 3395 2595 vaticinium
3452 2537 3637 2593 nescio

2043 2649 2153 2704 quo
2186 2635 2346 2690 modo
2393 2635 2460 2688 ad
2508 2634 2650 2689 hanc
2699 2633 3121 2703 disputationem
3173 2647 3275 2687 nos
3319 2630 3634 2693 abstraxit;

2043 2740 2214 2796 quare
2244 2725 2437 2782 Isaiam
2469 2735 2778 2796 repetamus
2809 2745 2820 2781 :
2859 2743 2879 2778 ι
2917 2725 3222 2782 Subvenite
3251 2739 3514 2794 oppresso
3537 2725 3582 2790 ⁸;
3614 2743 3634 2774 ι

2043 2818 2138 2888 qui
2169 2833 2198 2872 a
2235 2819 2501 2889 discipulo
2531 2819 2802 2890 proditus,
2839 2833 2942 2874 nec
2967 2818 3145 2875 scelus
3173 2817 3415 2882 admisit,
3447 2831 3545 2873 nec
3581 2817 3634 2870 in

2045 2907 2164 2977 eius
2196 2923 2291 2966 ore
2327 2910 2577 2965 inventus
2611 2920 2696 2966 est
2717 2909 2890 2966 dolus.
2919 2910 3097 2979 Atque
3126 2908 3176 2963 id
3213 2907 3390 2963 Moses
3418 2922 3638 2979 quoque

2042 3001 2484 3074 vos'przedocuit,
2528 3002 2799 3072 siquidem
2837 3003 3082 3059 clamat:
3126 3020 3147 3055 ι
3188 3000 3506 3057 Maledictus
3547 3001 3639 3069 qui

2045 3096 2246 3166 accipit
2277 3108 2526 3160 munera,
2556 3103 2616 3148 ut
2650 3096 2918 3162 percutiat
2957 3095 3195 3150 animam
3227 3093 3510 3163 sanguinis
3550 3094 3636 3148 in-

351 3195 463 3239 stra
529 3186 755 3254 posthac
799 3185 1027 3255 jejunia,
1076 3197 1129 3243 et
1185 3186 1444 3256 Sabbata,
1511 3198 1676 3259 atque
1730 3189 1937 3244 Pascha
1967 3207 2010 3266 ρ
2043 3184 2290 3242 nocentis
2317 3184 2424 3245 ⁸..»
2457 3214 2528 3224 —
2567 3203 2586 3237 ι
2621 3183 2868 3241 Judicate
2919 3185 3146 3256 pupillo,
3185 3203 3204 3238 ι
3235 3184 3330 3254 qui
3376 3185 3428 3239 in
3487 3191 3633 3240 terra

349 3276 538 3340 obitis,
570 3293 677 3332 non
706 3277 876 3334 solum
911 3289 1132 3351 propter
1155 3291 1360 3345 vatum,
1392 3283 1486 3336 sed
1521 3283 1936 3338 audacissimam

351 3383 570 3438 quoque
594 3369 950 3425 amantissimi
984 3371 1403 3442 cbarissimique
1425 3370 1547 3426 Filii
1581 3387 1794 3427 necem.
1828 3371 1938 3426 Ita-

353 3475 462 3529 que
494 3461 688 3518 salutis
714 3463 802 3518 via
833 3474 1081 3532 superest
1111 3464 1281 3526 nulla,
1329 3479 1504 3533 neque
1537 3464 1590 3517 in
1625 3463 1740 3532 lege
1784 3463 1942 3535 quid-

353 3566 515 3618 quam
542 3554 815 3623 pratsidii;
854 3555 946 3610 sed
974 3555 1020 3610 si
1050 3555 1192 3610 illius
1219 3555 1348 3610 olim
1385 3555 1659 3611 felicitatis
1696 3555 1941 3611 barredes

356 3643 473 3697 ﬁeri
534 3646 698 3701 vultis
745 3663 762 3702 :
822 3667 840 3700 ι
884 3647 1189 3716 Lavamini,
1224 3647 1410 3702 mundi
1474 3656 1671 3713 estote,
1732 3647 1943 3703 auferte

354 3734 558 3788 malum
591 3737 980 3806 cogitationum
1008 3747 1312 3794 vestrarum
1346 3741 1413 3793 ab
1437 3738 1608 3794 oculis
1645 3739 1779 3794 meis
1801 3739 1868 3792 ⁸⁸.
1916 3756 1934 3789 ι

352 3827 469 3883 Nec
497 3828 860 3899 legislatorem
892 3847 1000 3894 me,
1032 3831 1166 3901 legis
1195 3840 1508 3903 legumento
1541 3832 1720 3889 colere
1747 3833 1800 3887 in
1827 3831 1945 3888 aui-

354 3937 504 3976 mum
537 3922 797 3979 inducite.
866 3943 885 3977 ι
925 3925 1124 3981 Discite
1172 3927 1310 3982 bene
1359 3926 1578 3992 facere,
1621 3945 1639 3980 ι
1689 3927 1783 3996 qui
1830 3925 1943 3997 jam

355 4012 489 4069 inde
546 4029 577 4068 a
636 4013 785 4070 Itlose
839 4018 1104 4071 hactenus
1163 4019 1301 4073 bene
1367 4018 1574 4074 fecistis
1637 4033 1944 4088 nunquam.

366 4123 386 4155 ι
424 4105 656 4172 Quaerite
681 4107 943 4176 judicium
968 4110 1036 4164 ".
1072 4128 1090 4162 ι
1130 4108 1227 4176 Ne,
1265 4119 1324 4164 ut
1373 4110 1606 4181 ingeniis
1644 4113 1778 4166 estis
1814 4125 1944 4164 san-

358 4199 656 4267 guinariis,
709 4215 828 4269 qme
875 4200 927 4254 in
981 4202 1301 4271 prophetas,
1343 4216 1406 4257 ea
1457 4203 1510 4256 in
1563 4202 1944 4258 cbarissimum

360 4287 544 4338 animo
578 4301 697 4340 meo
737 4286 934 4342 Filium
966 4289 1326 4358 designatote,
1366 4289 1460 4344 sed
1501 4289 1740 4355 lsraelis,
1781 4291 1946 4344 vestri

359 4378 620 4445 parentis,
638 4378 929 4432 verborum
948 4388 1275 4434 mementote
1299 4397 1314 4434 :
1342 4397 1360 4430 ι
1399 4379 1586 4436 Simon
1609 4389 1664 4436 et
1683 4380 1810 4436 Levi
1838 4381 1948 4434 fra-

363 4478 496 4531 tres,
544 4478 1063 4524 cousummaverunt
1113 4468 1456 4538 iniquitatem
1501 4488 1514 4524 :
1563 4471 1613 4526 in
1659 4473 1945 4527 consilium

2045 3288 2252 3348 patrem
2276 3291 2384 3332 non
2419 3275 2630 3332 habuit.
2669 3293 2690 3327 ι
2723 3275 3004 3332 Defendite
3037 3275 3256 3331 viduam
3280 3277 3324 3332 ".
3351 3293 3370 3328 ι
3400 3275 3638 3332 Uxorem

2041 3370 2299 3426 creditam
2329 3368 2550 3439 Josephi
2606 3369 2815 3440 sponsi.
2857 3387 2876 3420 ι
2916 3367 2983 3422 Et
3033 3369 3242 3435 venite,
3278 3368 3640 3438 disputemus,

2043 3463 2172 3519 dicit
2207 3462 2483 3517 Dominus.
2522 3479 2541 3515 ι
2577 3461 2738 3532 Atqui
2788 3463 2843 3516 itt
2888 3462 3129 3518 secundo
3163 3462 3399 3517 adventu
3437 3456 3638 3518 Christi

2044 3556 2338 3626 disputatio
2386 3571 2493 3611 non
2544 3565 2648 3612 est.
2696 3554 2837 3622 Quid
2887 3553 3053 3626 igitur
3097 3565 3210 3621 est,
3262 3552 3641 3624 disputemus?

2046 3647 2154 3704 Sua
2181 3663 2453 3719 quemque
2481 3648 2816 3704 conscientia
2869 3647 3084 3718 prodat,
3131 3657 3181 3704 et
3237 3647 3328 3716 qui
3378 3645 3641 3716 prmclare

2044 3738 2586 3805 currit,antrorsum
2629 3736 2960 3804 contendat;
3009 3737 3103 3807 qui
3151 3737 3420 3807 peccavit,
3451 3751 3644 3792 emen-

2045 3829 2321 3885 dationem
2347 3830 2681 3899 paenitudine
2712 3829 2985 3885 ostendat.
3018 3827 3114 3884 llis
3147 3827 3293 3884 enim
3322 3827 3586 3898 perfectis
3625 3845 3638 3881 :

2050 3939 2071 3973 ι
2114 3920 2170 3977 Si
2214 3921 2415 3976 fuerint
2440 3929 2662 3991 peccata
2705 3929 2885 3976 vestra
2912 3929 2974 3975 ut
3007 3921 3316 3986 coccinum,
3351 3921 3505 3990 quasi
3547 3920 3639 3974 nix

2047 4011 2448 4066 dt-albabuntur
2474 4026 2488 4062 :
2522 4019 2577 4064 et
2606 4013 2651 4062 si
2683 4009 2885 4064 fuerint
2909 4009 3068 4064 rubra
3097 4008 3257 4080 quasi
3291 4007 3640 4070 vermiculus,

2047 4103 2192 4158 velut
2213 4102 2338 4157 lana
2364 4102 2483 4160 alba
2515 4108 2678 4156 erunt
2701 4101 2744 4155 ⁸.
2780 4121 2798 4154 ι
2836 4101 3070 4156 Perinde
3101 4115 3166 4158 ac
3195 4101 3402 4157 diceret
3431 4117 3444 4154 :
3483 4100 3639 4166 Quod

2049 4196 2094 4252 si
2132 4195 2244 4268 (45)
2276 4195 2495 4266 punicei
2543 4194 2678 4251 estis
2716 4207 2963 4264 peccato,
3013 4195 3302 4263 minusque
3345 4193 3641 4263 sanguino-

2049 4287 2200 4353 lenti,
2237 4295 2298 4344 ut
2345 4286 2441 4342 nix
2487 4286 2781 4353 albescite;
2835 4286 2916 4342 sin
2963 4295 3113 4340 ostro
3161 4285 3389 4349 similes,
3429 4291 3482 4338 et
3516 4300 3642 4338 san-

2049 4381 2210 4451 guine
2242 4380 2409 4448 pleni,
2435 4379 2520 4435 vel
2557 4379 2696 4434 lana:
2727 4378 3018 4434 candorem
3051 4375 3377 4447 prmvertite.
3415 4374 3546 4430 ltem
3575 4375 3642 4428 de

2052 4486 2191 4527 novo
2236 4471 2458 4527 ftedere.
2496 4487 2516 4523 ι
2563 4468 2689 4525 llaec
2728 4468 2860 4524 dicit
2903 4467 3163 4523 Dominus
3199 4485 3214 4522 :
3263 4465 3644 4522 Servientibus

360 4574 546 4613 eorum
582 4574 690 4613 non
719 4560 903 4613 veniat
932 4560 1112 4613 anima
1146 4576 1262 4615 mea
1292 4576 1306 4614 :
1339 4569 1394 4617 et
1441 4562 1496 4616 in
1527 4565 1944 4632 congregatione
1977 4561 2020 4616 D
2052 4567 2180 4623 mihi
2214 4566 2495 4623 vocabitur
2524 4580 2720 4620 nomen
2765 4579 2985 4627 novum,
3035 4566 3120 4616 cui
3159 4559 3511 4616 benedicetur
3541 4576 3639 4616 su-

359 4666 549 4704 corum
583 4666 690 4705 non
719 4654 1051 4707 contendant
1076 4655 1285 4708 viscera
1321 4668 1462 4721 mea,
1496 4655 1620 4722 quia
1664 4658 1722 4711 in
1759 4656 1946 4711 furore

360 4757 460 4797 suo
494 4743 886 4798 interfecerunt
917 4743 1165 4799 homines
1199 4761 1219 4795 ι
1260 4743 1280 4815 (
1309 4745 1521 4801 scilicet
1555 4748 1848 4816 prophetas
1879 4747 1894 4809 )
1929 4767 1942 4803 :

364 4851 385 4883 ι
429 4841 484 4888 et
531 4834 584 4888 in
614 4833 908 4903 cupiditate
937 4850 1032 4890 sua
1080 4836 1549 4892 subnervaverunt
1607 4849 1820 4894 taurum
1863 4841 1938 4893 ⁸⁸»

362 4921 553 4989 (Deum
609 4932 664 4978 et
716 4924 989 4978 hominem
1038 4923 1270 4996 Jesum).
1324 4929 1578 4996 Idemque
1632 4932 1946 4987 convocatis

361 5014 478 5068 suis
523 5015 649 5070 filiis
690 5013 858 5069 Jacob
905 5015 1018 5071 ait:
1067 5035 1086 5068 ι
1131 5016 1589 5089 Congregamini;
1626 5040 1644 5073 ι
1679 5037 1786 5076 non
1835 5039 1944 5092 quo

363 5106 430 5158 de
467 5107 763 5162 sceleribus
811 5121 904 5161 vos
953 5122 1269 5178 coarguant,
1316 5109 1434 5176 sed,
1464 5128 1484 5160 ι
1524 5120 1583 5166 ιιι
1626 5115 1941 5169 annuntiem

361 5215 484 5269 qum
516 5212 736 5258 ventura
780 5212 904 5258 sunt
942 5204 1096 5259 vobis
1141 5203 1197 5258 in
1241 5203 1435 5260 diebus
1479 5206 1788 5262 novissimis
1811 5208 1880 5262 θ’.
1918 5226 1937 5260 ι

364 5293 443 5346 Ae
475 5295 779 5358 recensitis,
819 5311 940 5364 qua:
991 5294 1044 5349 in
1092 5292 1367 5350 Christum
1417 5297 1532 5350 ausi
1580 5307 1710 5353 sunt
1751 5298 1944 5366 Judaei,

367 5384 561 5438 addit:
599 5403 618 5435 ι
665 5385 894 5442 Lavabit
926 5387 979 5440 in
1018 5388 1142 5440 vino
1172 5385 1363 5441 stolam
1412 5402 1588 5457 suam,
1626 5399 1682 5444 ct
1729 5390 1782 5444 in
1816 5371 1945 5445 san-

2050 4675 2147 4731 per
2181 4669 2383 4714 terram
2409 4659 2469 4725 9;
2507 4676 2526 4710 ι
2577 4657 2899 4712 benedicent
2941 4656 3084 4710 enim
3127 4654 3293 4710 Deum
3333 4669 3544 4720 verum,
3587 4662 3642 4708 et

2051 4755 2141 4823 qui
2176 4752 2366 4821 iurant
2404 4766 2569 4822 super
2609 4759 2832 4815 terram,
2877 4749 3138 4820 jurabunt
3190 4748 3358 4804 Deum
3409 4761 3639 4808 verum;

2051 4846 2441 4901 obliviscentur
2492 4843 2636 4898 enim
2691 4843 3056 4898 tribulationis
3107 4840 3306 4909 prioris
3358 4839 3640 4910 (nimirum

2053 4939 2318 4995 idolorum
2350 4937 2759 5006 venerationis).
2800 4937 2862 4990 Et
2894 4937 3014 5005 quis
3046 4949 3207 5004 porro
3243 4934 3512 5001 Supremo
3540 4932 3640 4984 ob-

2053 5031 2316 5101 ganniat‘?
2357 5030 2431 5083 De
2477 5029 2728 5099 gentibus
2777 5043 2901 5082 vero
2948 5029 3062 5082 lucc
3104 5025 3347 5092 ejusdem
3390 5035 3474 5079 est
3518 5039 3641 5077 sen-

2056 5122 2218 5178 tentia
2245 5138 2260 5174 :
2299 5139 2318 5172 ι
2350 5119 2571 5190 Aperite
2603 5129 2809 5189 portas,
2853 5128 2908 5174 et
2937 5117 3274 5182 ingrediatur
3304 5129 3437 5185 gens
3465 5113 3638 5180 justo.

2053 5211 2363 5267 custodiens
2392 5210 2674 5265 veritatem
2714 5210 2780 5272 η,
2818 5229 2836 5261 ι
2889 5208 3309 5278 apprehendens
3349 5205 3638 5276 justitiam.

2055 5316 2244 5356 amans
2283 5316 2492 5370 pacem,
2522 5301 2779 5369 quoniam
2813 5298 3050 5368 speravit
3080 5298 3131 5352 in
3161 5297 3497 5356 te.Domine.

2127 5390 2394 5446 C:eterum
2442 5391 2623 5446 odisse
2677 5391 2844 5445 Deum
2870 5398 2996 5461 post
3042 5388 3250 5444 Christi
3308 5388 3640 5442 adventum.

435 5559 478 5590 "
512 5558 616 5612 lsa.
647 5575 686 5622 ι,
717 5559 799 5612 l5.
874 5562 919 5592 ⁹¹
955 5559 1084 5615 ibid.
1113 5563 1200 5617 Η.
1229 5562 1276 5592 ³³
1308 5561 1475 5616 Zacb.
1503 5578 1579 5627 Ix,
1612 5561 1678 5622 9;
1716 5562 1906 5618 Matth.
1939 5580 2052 5625 xxu.
2085 5566 2137 5619 5.
2216 5566 2260 5597 ⁵⁸
2290 5566 2446 5629 Isa.t,
2487 5567 2566 5620 l-i.
2645 5569 2690 5599 9"
2723 5566 2851 5619 ibid.
2875 5566 2960 5618 lii.
3036 5565 3083 5598 “
3114 5526 3241 5620 ibid:
3265 5563 3350 5618 16.
3427 5564 3476 5595 ¹¹⁷
3504 5559 3637 5620 ibid.

371 5629 459 5684 17.
532 5629 578 5660 νδ
613 5630 746 5682 Gen.
775 5645 919 5689 MJK,
949 5631 1002 5694 5,
1031 5631 1085 5684 (ἰ.
1160 5633 1206 5665 ⁹⁹
1237 5633 1364 5686 ibid.
1409 5633 1500 5688 Η.

366 5716 407 5765 I,
441 5699 526 5752 l7.
604 5700 624 5725 "
651 5699 803 5755 Deut.
838 5718 928 5765 xx,
957 5701 1050 5756 25.
1125 5704 1146 5735 ⁷
1180 5700 1280 5758 lsa.
1311 5719 1347 5766 l,
1387 5704 1466 5758 l7.

1577 5633 1597 5666 ⁸
1639 5633 1768 5688 ibid.
1799 5634 1885 5689 Η.

1549 5704 1568 5730 ⁵³
1606 5704 1732 5759 ibid.
1773 5705 1851 5757 l8.

439 5841 553 5911 (43)
585 5841 805 5899 Naziatt.
838 5844 887 5895 in
935 5841 1195 5912 Epiphau.

1964 5637 1985 5666 ²
2016 5635 2158 5691 Psal.
2195 5652 2400 5699 Lxxvu,
2425 5638 2513 5691 (iii.

1931 5707 1949 5735 ⁵
1981 5706 2081 5760 is».
2114 5724 2237 5768 LW.
2273 5708 2354 5769 l5,
2394 5709 2474 5762 lti.

2592 5637 2612 5668 ³
2643 5637 2778 5689 Gctt.
2815 5653 2960 5696 XLIV,
2994 5638 3048 5691 9.
3128 5635 3146 5666 ⁸
3185 5636 3314 5691 ibid.
3351 5635 3401 5687 4.
3481 5635 3501 5665 ⁸
3534 5635 3636 5688 Ιδλι.

2561 5709 2602 5738 ⁸ο
2639 5707 2740 5761 lsa.
2779 5723 2922 5767 ειμι,
2956 5711 3011 5762 2.
