4042 6406
330 405 434 470 887

1523 393 1952 456 ANDRONICI
1996 391 2342 453 COMNENI

3515 387 3627 445 853

339 517 595 574 Sabbatis
627 531 689 571 ac
711 515 952 572 Judaicis
980 515 1176 570 ritibus
1205 511 1477 574 addictos,
1529 511 1645 579 ipse
1690 515 1920 563 testatur
1945 506 1996 566 A
2022 523 2203 572 aures,
2247 519 2303 562 et
2342 522 2448 560 non
2487 505 2683 562 auditis
2707 506 2772 560 ’⁸.
2816 523 2836 558 ι
2873 504 3009 560 Tum
3055 501 3208 558 addit
3257 517 3322 557 ex
3375 516 3610 570 persona

337 619 433 681 per
469 610 782 665 Malachiam
812 625 825 661 :
861 629 880 660 ι
918 609 1034 663 Non
1069 618 1153 662 est
1191 606 1321 660 mihi
1368 605 1620 658 voluntas
1651 603 1703 655 in
1745 601 1920 665 vobis,

335 701 484 765 (liliis
511 699 694 768 Israel)
737 699 868 751 dicit
913 698 1172 751 Dominus
1217 695 1552 749 exercituum
1585 710 1597 745 :
1634 700 1688 745 et
1725 705 1922 744 munus

335 806 440 844 non
474 790 763 857 suscipiam
791 790 858 843 de
889 803 1048 841 manu
1099 795 1302 840 vestra.
1335 785 1418 839 Ah
1453 793 1573 837 ortu
1613 782 1760 837 enim
1792 779 1923 834 solis

334 897 501 948 usque
534 881 600 934 ad
645 895 924 943 occasum,
973 894 1224 947 magnum
1276 889 1356 931 est
1412 891 1607 930 nomen
1655 889 1833 928 meum
1869 874 1922 926 in

336 972 602 1042 gentibus,
639 974 776 1026 etin
825 974 972 1026 omni
1020 972 1135 1025 loco
1186 971 1549 1031 sacriﬁcatur,
1594 978 1648 1022 et
1697 967 1924 1021 oﬂ'ertur

340 1066 540 1118 nomini
594 1079 713 1118 tneo
763 1064 966 1118 oblatio
1008 1065 1238 1127 munda;
1267 1063 1392 1131 quia
1435 1077 1684 1131 maguum
1713 1071 1798 1115 est
1825 1077 1924 1114 no-

337 1170 458 1209 men
488 1169 663 1208 meum
698 1154 748 1208 in
777 1154 1021 1222 gentibus
1046 1155 1108 1207 “.
1130 1172 1149 1204 ι
1193 1154 1323 1208 Vivo
1353 1168 1474 1222 ego,
1506 1154 1634 1208 dicit
1667 1151 1930 1206 Dominus

335 1247 706 1316 omnipotens.

944 1375 1176 1432 CAPUT
1217 1373 1325 1429 LII.

338 1516 418 1572 De
461 1516 691 1586 gentium
745 1517 1078 1569 conrersioue
1130 1527 1176 1566 et
1232 1514 1540 1567 Juda’orum
1598 1513 1928 1582 pervicacia,

599 1603 602 1606 λ
982 1587 1287 1653 praphetiw.

409 1698 586 1766 Quare
617 1715 736 1752 cum
771 1697 997 1751 Domino
1032 1697 1142 1751 Deo
1169 1696 1527 1764 omnipotenti
1554 1693 1922 1749 exsecrabiles

338 1791 446 1845 sint
471 1790 710 1844 Judaiea:
741 1790 1027 1845 Iibationes
1072 1799 1234 1854 atque
1281 1787 1571 1851 sacriﬁcia,
1617 1786 1756 1852 apud
1787 1801 1924 1854 quas

2029 601 2121 655 Dei
2159 618 2172 656 :
2209 618 2227 652 ι
2260 601 2411 666 Quod
2438 599 2482 654 si
2514 613 2599 653 nte
2628 613 2736 652 non
2769 596 3048 660 timebitls,
3079 595 3167 664 qui
3208 595 3364 664 posui
3392 609 3619 647 arenam

2033 693 2322 749 terminum
2379 692 2534 755 mari,
2591 703 2920 762 praeceptum
2983 690 3406 758 sempiternum,
3471 689 3615 755 quoi

2030 803 2134 842 non
2185 786 2480 856 prateribit
2513 785 2598 848 ",
2641 805 2660 838 ι
2717 785 2836 839 hinc
2885 792 2941 837 et
2991 783 3105 836 haec
3158 781 3408 850 patienda
3465 783 3622 833 vobis

2030 889 2213 934 erunt.
2242 877 2305 930 Et
2333 892 2428 947 per
2451 875 2645 931 Isaiam
2681 877 2866 930 itidem
2904 875 3045 927 Deus
3077 887 3093 926 :
3135 890 3154 923 ε
3204 873 3614 938 Αρβτιδρὶιιεμιθὶ

2027 968 2260 1038 populus
2289 969 2393 1024 iste
2419 984 2514 1023 ore
2559 984 2679 1031 suo,
2711 978 2765 1023 et
2806 968 2966 1022 labiis
3020 967 3132 1020 suis
3183 951 3448 1032 gluriiicat
3480 984 3565 1018 tne
3605 984 3621 1025 ;

2030 1075 2126 1115 cor
2178 1069 2358 1116 autem
2407 1061 2524 1130 ejus
2573 1060 2730 1131 longe
2781 1071 2865 1115 est
2919 1077 2947 1113 a
2997 1074 3102 1112 me.
3141 1059 3386 1130 (Frustra
3434 1073 3619 1111 autem

2030 1151 2216 1205 colunt
2247 1167 2332 1205 me
2367 1151 2627 1207 docentes
2669 1152 2948 1206 hominum
2999 1161 3268 1220 praecepta
3323 1159 3481 1219 atque.
3518 1153 3620 1202 do-

2030 1242 2285 1312 ctrinam)
2328 1252 2381 1296 et
2419 1245 2714 1299 timuerunt
2771 1260 2855 1298 tne
2904 1245 3160 1298 mandata
3213 1245 3487 1295 hominum
3565 1252 3624 1294 et

2033 1333 2314 1388 doctrinis.
2346 1333 2638 1403 Propterea
2693 1351 2822 1389 ecce
2869 1336 3120 1403 adjiciam
3168 1345 3224 1386 iit
3281 1333 3612 1387 transferam

2033 1425 2290 1495 popqum
2328 1425 2514 1490 istum,
2546 1437 2598 1478 et
2629 1425 2950 1480 transferam
2989 1440 3133 1480 eos:
3169 1436 3225 1479 et
3264 1427 3480 1493 perdam
3525 1441 3622 1476 sa-

2032 1517 2291 1586 pientiain
2346 1517 2671 1583 sapientium
2701 1557 2716 1581 ,
2764 1529 2818 1571 et
2865 1519 3211 1586 prudentiam
3268 1517 3621 1586 pntdentium

2035 1609 2366 1662 abscondam
2399 1609 2468 1663 '°.
2519 1608 2659 1675 Quia
2711 1610 2944 1678 pepulus
2995 1608 3310 1662 inobediens
3363 1617 3468 1668 est,
3526 1608 3624 1660 lilii

2036 1698 2346 1766 mendaces,
2379 1699 2472 1769 qui
2507 1700 2695 1754 nolunt
2729 1702 2920 1754 audire
2950 1700 3118 1768 legem
3151 1699 3242 1752 Dei
3270 1717 3282 1751 :
3307 1700 3399 1768 qui
3432 1700 3627 1758 dicunt

2033 1794 2311 1862 prophetis
2364 1812 2377 1847 :
2444 1791 2620 1848 Nolite
2685 1794 3013 1848 aununtiare
3073 1795 3228 1847 nobis
3286 1809 3406 1862 qua:
3472 1804 3623 1846 recta

339 1893 525 1955 gi‘nles
557 1884 624 1936 ab
656 1895 777 1935 ortu
812 1882 943 1936 solis
971 1882 1036 1935 ad
1070 1897 1325 1936 occasum
1355 1879 1496 1933 Deus
1527 1877 1856 1938 celebratur,
1889 1895 1919 1931 a
1959 1856 2002 1915 Β
2031 1895 2156 1940 sunt
2185 1904 2200 1940 :
2233 1887 2326 1939 sed
2361 1886 2640 1955 loquimini
2683 1887 2837 1940 nobis
2885 1887 3178 1955 placentia,
3232 1887 3407 1938 videte
3462 1885 3624 1938 nobis

337 1976 640 2044 quibusth
682 1975 806 2028 huic
835 1972 1037 2026 nomini
1065 1971 1272 2026 suilitus
1307 1971 1528 2025 :tll’ertur
1548 1971 1570 2024 '!
1593 1968 1862 2024 Nimirum
1892 1985 1922 2023 a

338 2069 496 2122 nobis
516 2065 865 2122 Chris'ianis.
899 2067 975 2120 De
1003 2067 1340 2120 reiractariis
1392 2080 1524 2118 vero
1550 2072 1604 2118 et
1636 2065 1928 2120 incircum-

339 2159 466 2213 cisis
489 2159 713 2224 .lthl;riS-,
739 2159 1044 2212 volentibus
1071 2158 1230 2210 etiam
1265 2169 1384 2222 post
1407 2156 1605 2210 Christi
1633 2159 1924 2209 adventum

339 2248 479 2304 ritus
513 2260 676 2319 atque
710 2249 944 2302 Sahhata
977 2248 1141 2311 tueri,
1171 2248 1354 2300 audite
1390 2248 1518 2316 quid
1570 2247 1710 2300 idem
1757 2247 1927 2301 Isaias

341 2341 587 2396 scribat:
623 2359 644 2392 ι
683 2339 771 2394 Va:
808 2343 899 2407 qui
937 2341 1148 2393 trahitis
1189 2339 1532 2408 iniquitatem
1581 2339 1634 2392 in
1671 2339 1929 2394 funiculis

343 2431 617 2492 vanitatis,
655 2441 704 2480 et
737 2431 890 2496 quasi
923 2431 1195 2482 vinculum
1227 2429 1450 2496 plaustri
1481 2441 1788 2496 peccatum.
1824 2429 1928 2496 Qui

343 2521 524 2576 dicitis
559 2539 572 2575 :
615 2521 880 2578 Festinet.
915 2533 968 2572 et
1000 2522 1108 2574 cito
1157 2520 1337 2573 veni-tt
1377 2535 1514 2588 opus
1552 2520 1690 2584 ejus,
1743 2531 1801 2574 ut
1850 2521 1932 2571 vi-

341 2612 614 2666 deamus:
653 2621 708 2666 et
742 2611 1047 2680 appropiet,
1076 2619 1128 2664 et
1178 2609 1358 2662 veniat
1411 2610 1702 2664 consilium
1752 2609 1929 2663 saneti

345 2701 532 2764 lsrael,
562 2710 616 2755 et
645 2701 884 2755 sciemus
937 2701 1086 2754 illud.
1138 2697 1228 2753 Va:
1264 2700 1351 2766 qui
1386 2699 1566 2754 dicitis
1601 2699 1798 2752 malum
1834 2701 1931 2753 bo-

344 2809 499 2856 num,
532 2804 583 2846 et
619 2794 817 2844 bonum
861 2793 1060 2844 malum
1097 2810 1112 2845 :
1150 2801 1411 2856 ponentes
1453 2791 1704 2846 tenebras
1735 2790 1930 2855 lucem,

341 2900 392 2936 et
431 2884 602 2938 lnrein
651 2883 908 2937 tenebras
941 2899 955 2934 :
993 2893 1254 2950 ponentes
1289 2897 1532 2935 amarum
1570 2883 1622 2936 in
1664 2881 1841 2949 dulce,
1881 2892 1936 2938 et

345 2977 497 3029 dulce
521 2976 578 3028 in
620 2991 865 3028 amarum
903 2974 963 3027 ι’.
997 2993 1012 3024 ι
1038 2974 1180 3028 Idem
1215 2989 1428 3027 rursum
1459 2989 1472 3024 :
1512 2991 1530 3024 ι
1569 2973 1826 3042 Captivus
1843 2991 1937 3042 po-

342 3069 500 3135 pulus
541 3083 692 3121 meus
723 3067 895 3121 iactus
933 3076 1014 3122 est
1045 3083 1060 3120 :
1095 3083 1158 3120 eo
1193 3068 1333 3134 quod
1377 3066 1480 3135 ipsi
1515 3081 1619 3120 non
1666 3082 1936 3135 cognove-

2027 1991 2244 2031 errores
2271 1977 2338 2031 ἰ.
2403 1995 2422 2028 ›
2481 1976 2674 2032 Iisdem
2731 1992 2826 2044 per
2881 1977 3076 2030 Oscam
3131 1976 3364 2028 minatur
3421 1977 3616 2029 lleus:

2035 2085 2053 2117 r
2089 2067 2405 2136 Expandam
2440 2081 2601 2134 super
2623 2082 2716 2122 eos
2746 2078 2860 2120 rete
2891 2081 3068 2120 meum
3101 2083 3114 2119 :
3153 2065 3308 2131 quasi
3337 2064 3616 2116 volucrem

2028 2159 2150 2212 (νωιί
2195 2159 2470 2212 detraham
2519 2175 2638 2222 eos,
2689 2159 2889 2212 caedant
2937 2172 3048 2223 eos,
3101 2157 3389 2224 corripiant
3441 2171 3535 2210 eos
3569 2155 3626 2209 in

2032 2251 2215 2304 auditu
2249 2250 2616 2304 tribulatioais
2649 2266 2855 2304 eorum.
2905 2249 2994 2303 Va:
3037 2251 3116 2304 eis
3143 2250 3400 2318 quoniam
3441 2263 3626 2302 recesn

2031 2347 2219 2393 serunt
2282 2355 2311 2390 a
2383 2355 2490 2404 tne,
2549 2339 2848 2393 meticulosi
2907 2345 3070 2402 sunt,
3131 2338 3388 2408 quoniam
3456 2337 3624 2403 impie

2032 2440 2261 2499 egerunt
2288 2432 2340 2484 in
2381 2447 2513 2485 tne:
2555 2442 2610 2485 et
2651 2447 2750 2498 ego
2801 2430 3004 2484 redemi
3040 2445 3133 2484 eos
3167 2445 3186 2483 :
3217 2436 3264 2482 et
3317 2427 3415 2494 ipsi
3456 2427 3624 2480 locuti

2045 2531 2176 2576 sunt
2223 2532 2411 2575 contra
2462 2538 2547 2575 uie
2592 2522 2867 2574 mendacia
2916 2537 2931 2574 :
2981 2529 3037 2574 et
3085 2537 3192 2575 non
3251 2521 3629 2573 clamaverunt

2045 2614 2109 2664 ad
2141 2627 2225 2664 tne
2260 2612 2420 2664 corda
2455 2629 2639 2664 eorum
2668 2613 2768 2664 η.»
2797 2611 3140 2678 Rursumque
3167 2626 3260 2680 per
3289 2609 3578 2664 L-remiaut
3609 2627 3629 2666 :

2042 2721 2058 2752 ι
2099 2703 2178 2755 \Ie
2209 2703 2608 2770 dereliquerunt
2654 2702 2854 2754 lontem
2889 2717 3044 2768 aqua:
3076 2702 3230 2765 virm,
3263 2711 3317 2752 ct
3366 2701 3622 2754 finierunt

2037 2794 2140 2848 sibi
2169 2795 2434 2848 cisternas
2457 2794 2522 2846 ".
2559 2813 2576 2844 ι
2609 2793 2673 2846 Ει
2698 2792 2844 2846 Isaiae
2875 2794 2942 2847 de
2971 2793 3085 2862 lege
3113 2793 3228 2846 htec
3255 2803 3384 2846 sunt
3415 2795 3576 2846 verba
3609 2813 3624 2847 :

2043 2905 2061 2936 ι
2098 2885 2156 2939 ln
2189 2885 2275 2939 die
2325 2885 2416 2938 illo
2465 2885 2568 2938 erit
2623 2886 2706 2937 lux
2756 2885 2896 2938 luna:
2952 2886 3094 2939 sicut
3140 2885 3225 2936 lux
3259 2885 3408 2943 solis,
3445 2895 3499 2936 et
3527 2884 3620 2938 lux

2038 2977 2169 3031 Solis
2203 2976 2305 3030 erit
2354 2977 2661 3045 septuplutn
2697 2977 2746 3028 in
2780 2977 2887 3035 die,
2923 2974 3140 3043 quando
3191 2975 3468 3028 sanaverit
3518 2973 3624 3026 Do-

2041 3068 2222 3119 minus
2261 3067 2642 3119 contritiouem
2697 3065 2872 3133 populi
2911 3065 3017 3127 siti,
3065 3072 3118 3116 et
3175 3065 3415 3117 dolorem
3459 3062 3632 3131 plagm

345 3168 468 3213 runt
501 3159 781 3213 Dominum
818 3159 880 3210 ¹³.
917 3177 941 3209 ›
989 3157 1102 3212 Non
1156 3156 1315 3220 dixit,
1369 3159 1509 3225 quod
1559 3177 1577 3209 ι
1619 3171 1701 3211 me
1753 3176 1772 3209 ι
1827 3173 1932 3212 non
1961 3195 2004 3253 ο
2039 3157 2154 3226 ejus
2195 3158 2426 3212 curabit.
2473 3158 2608 3211 liene
2654 3172 2848 3209 nomen
2903 3156 3116 3208 Domini
3155 3155 3297 3208 venit
3335 3166 3454 3224 post
3488 3167 3627 3207 tent-

344 3251 660 3317 agnoverit;
713 3251 806 3303 sed
857 3249 1000 3317 quod
1040 3269 1057 3301 ι
1105 3249 1388 3303 Dominum
1425 3265 1442 3300 ι
1477 3264 1580 3304 non
1621 3250 1922 3318 agnoverit,

338 3342 394 3392 id
423 3350 527 3403 est,
558 3338 906 3409 Uuigcnitutn
943 3339 1057 3394 Dei.
1099 3340 1161 3393 Et
1195 3340 1388 3392 iterum
1423 3356 1442 3392 :
1480 3357 1499 3390 ι
1535 3337 1709 3393 Radix
1737 3354 1927 3394 eorum

341 3431 496 3501 quasi
530 3432 724 3496 lanugo
754 3431 861 3484 erit
895 3447 909 3483 :
944 3440 997 3483 et
1044 3445 1262 3498 germen
1309 3441 1501 3482 eorum
1543 3430 1696 3498 quasi
1752 3430 1930 3499 pulvis

342 3539 501 3576 ascen
526 3525 616 3576 li-t.
633 3522 955 3586 Abjecerunt
981 3521 1122 3574 enim
1147 3519 1316 3588 legem
1338 3518 1548 3573 Domini
1569 3520 1928 3583 exercituum,

339 3627 395 3667 et
421 3612 694 3681 eloquium
724 3613 895 3666 sancti
930 3610 1094 3666 Israel
1123 3610 1637 3678 blaSpItemavi-runt
1664 3612 1751 3665 η’.
1795 3629 1818 3663 ι

415 3700 624 3757 Videtis
655 3711 710 3755 ttt
759 3704 954 3770 partim
997 3701 1198 3766 Patris,
1231 3702 1427 3770 partim
1454 3699 1576 3754 Filii
1617 3701 1748 3754 iram
1799 3718 1928 3773 pro-

340 3794 500 3861 pheta
525 3792 836 3847 describat?
870 3792 1004 3847 Nam
1036 3791 1324 3846 Dominum
1347 3791 1684 3845 exercituum
1714 3788 1926 3845 Patrem

341 3886 594 3956 appellat,
626 3888 756 3956 quin
790 3900 1010 3940 causam
1039 3886 1189 3939 addit
1221 3887 1338 3946 irae,
1370 3883 1638 3951 siquidem
1673 3882 1928 3937 traditam

340 3994 369 4032 a
405 3979 549 4033 Mose
597 3981 769 4049 legem
802 3978 1024 4043 exsequi
1078 3975 1384 4030 noluerunt.
1436 3973 1700 4028 (Ξωιρι-ιιηι
1743 3973 1927 4027 Domi-

340 4085 468 4122 num
503 4068 865 4124 Israelitarnm
897 4067 1086 4133 Deum,
1119 4066 1312 4120 Filium
1353 4064 1642 4134 signiﬁcat,
1686 4063 1874 4118 dicens
1910 4081 1926 4119 :

344 4178 363 4211 σ
397 4160 500 4212 Sed
526 4159 801 4228 eloquium
830 4157 1044 4211 Domini
1081 4157 1437 4210 irritaverunt
1464 4155 1529 4208 ".
1567 4172 1584 4206 ι
1619 4154 1928 4208 Doctrinam

337 4253 481 4304 enim
515 4261 568 4306 et
600 4267 812 4306 sacrum
844 4250 1045 4306 Christi
1077 4249 1427 4318 Evangelium
1459 4249 1724 4301 exsecrati
1757 4255 1924 4300 sunt:

345 4364 363 4392 ο
396 4344 517 4398 Ideo
558 4345 732 4398 iratus
761 4355 844 4398 est
870 4346 1019 4397 furor
1055 4340 1262 4394 Domini
1299 4341 1350 4392 itt
1393 4339 1645 4408 populum
1681 4355 1859 4394 suum.
1903 4359 1922 4390 ι

336 4437 598 4491 Incensus
633 4435 793 4507 Pater
833 4445 916 4488 est
967 4451 1070 4487 non
1122 4435 1389 4486 honorato
1433 4431 1592 4494 Filio,
1641 4448 1704 4484 ac
1749 4433 1826 4485 sic
1865 4423 1931 4485 ne.

2036 3267 2137 3320 pus
2191 3261 2298 3305 :et
2340 3248 2578 3303 Suiritus
2639 3249 2754 3314 ejus
2808 3247 2947 3303 sicut
3002 3261 3143 3316 aqua
3199 3246 3252 3300 in
3308 3248 3446 3300 Valle
3503 3257 3620 3300 tra-

2034 3342 2168 3396 hens
2195 3340 2264 3394 “.
2299 3357 2318 3391 ι

2107 3432 2251 3486 Sane
2282 3431 2501 3500 quidem
2558 3439 2612 3482 et
2658 3427 2740 3482 lex
2797 3428 2937 3482 bona
2968 3434 3091 3493 est;
3135 3427 3231 3483 sed
3266 3425 3466 3482 Christi
3515 3424 3626 3478 dis-

2033 3523 2228 3592 ciplina
2285 3524 2402 3577 sine
2471 3522 2878 3588 COmpuratione
2949 3521 3160 3574 melior.
3236 3520 3426 3588 Neque
3481 3532 3618 3572 vero

2033 3616 2316 3669 audientes
2338 3613 2694 3682 septuplicem
2731 3612 2968 3664 futuram
3002 3611 3132 3666 solis
3168 3610 3364 3673 lucent,
3408 3609 3620 3664 Christi

2033 3706 2374 3776 disciplinain
2440 3705 2538 3773 legi
2598 3703 2844 3771 septuplo
2907 3713 3182 3756 antestare
3246 3717 3370 3754 cum
3436 3701 3626 3754 animo

2032 3809 2238 3868 putate.
2271 3798 2376 3850 Sed
2431 3797 2674 3863 proiecto
2729 3794 2915 3856 Isaias,
2972 3797 3062 3862 qui
3121 3793 3308 3862 legalis
3352 3801 3515 3855 esset,
3564 3801 3626 3844 et

2032 3885 2204 3954 legem
2233 3897 2451 3936 servare
2482 3883 2641 3936 vellet
2683 3883 2786 3948 (est
2826 3893 3004 3936 autem
3046 3884 3183 3951 apud
3214 3884 3410 3952 legales
3444 3897 3619 3949 angit-

2031 3991 2150 4034 stus
2181 3977 2575 4046 septenarius),
2604 3991 2664 4031 ea
2690 3975 2958 4031 sententia
2999 3977 3349 4043 septuplicem
3382 3975 3620 4026 futuram

2034 4067 2165 4121 solis
2215 4066 2415 4131 lucem,
2449 4067 2819 4135 septenarinm
2869 4067 3265 4117 cohonestavit.
3301 4063 3462 4117 Certe
3498 4075 3624 4131 post

2033 4158 2242 4214 Christi
2297 4159 2584 4211 adventum
2631 4157 2851 4210 tninime
2903 4156 3216 4210 duraturam
3263 4155 3454 4224 legem,
3504 4157 3622 4222 ipse

2035 4260 2225 4302 aurtur
2250 4259 2332 4302 est
2379 4249 2432 4300 in
2468 4250 2581 4302 haec
2627 4249 2818 4300 dicta:
2856 4265 2874 4296 ι
2917 4245 3055 4300 Ez'ce
3106 4245 3509 4300 confundcntur
3560 4257 3620 4300 et

2034 4341 2356 4393 cruhescent
2386 4354 2601 4401 omnes,
2630 4337 2722 4408 qni
2778 4347 3017 4406 pugnant
3064 4339 3352 4390 adversum
3387 4348 3437 4391 te
3473 4339 3539 4400 ",
3587 4355 3612 4388 ι

2037 4433 2259 4486 abibunt
2287 4447 2408 4484 cum
2443 4431 2736 4500 ignominia
2765 4445 2780 4483 :
2817 4431 3027 4483 scilicet
3061 4429 3149 4496 qui
3198 4428 3400 4483 Christi
3436 4429 3618 4482 Evan-

338 4530 452 4592 ipse
483 4527 701 4596 quidem
731 4528 1049 4587 honoratus;
1071 4540 1189 4576 nam
1213 4523 1304 4591 qui
1330 4521 1523 4576 Filium
1551 4539 1651 4574 non
1679 4526 1932 4588 honorat,
1967 4528 2009 4582 ι)
2041 4524 2180 4590 gt-lio
2213 4538 2319 4576 non
2351 4523 2650 4584 adhaerent,
2683 4523 2775 4575 sed
2810 4520 3057 4582 illosaic:e
3111 4521 3236 4589 legi,
3270 4539 3387 4588 qttte
3423 4524 3618 4577 umbra

336 4634 460 4672 cum
495 4633 596 4673 nec
628 4615 844 4670 Patrem
877 4617 1148 4668 honorare
1179 4627 1264 4668 est
1297 4630 1543 4669 necesse.
1588 4635 1604 4665 ε
1649 4615 1711 4668 Et
1739 4627 1926 4668 exten-

339 4712 418 4766 dit
449 4725 669 4764 manum
704 4723 856 4762 suam
884 4721 1045 4773 Super
1076 4722 1222 4766 eum,
1255 4715 1307 4757 et
1335 4707 1600 4772 percussit
1636 4721 1756 4757 cum
1790 4705 1853 4756 ¹⁵.
1899 4723 1917 4754 ι

339 4804 486 4861 Idem
536 4803 601 4854 de
628 4798 829 4854 Judmis
860 4814 888 4851 a
919 4797 1020 4851 lide
1052 4797 1241 4849 alienis
1273 4813 1286 4848 :
1331 4797 1576 4850 «Audite
1615 4797 1921 4859 audientes,

339 4903 396 4949 et
421 4893 588 4948 nolite
613 4889 912 4958 intelligere
950 4907 962 4942 :
998 4897 1052 4942 et
1091 4888 1270 4940 videte
1305 4887 1593 4948 visionem,
1646 4898 1698 4941 et
1755 4888 1921 4942 nolite

341 5003 688 5060 cognoscere.
759 4986 1118 5040 Iterassatum
1173 4970 1267 5036 est.
1306 4984 1447 5034 enim
1481 4999 1574 5036 cor
1613 4984 1787 5051 populi
1821 4985 1925 5036 liu-

339 5097 477 5152 jus:
522 5079 742 5134 auribus
785 5078 896 5130 suis
951 5076 1186 5145 graviter
1232 5074 1519 5127 audierunt
1567 5091 1580 5125 :
1637 5085 1691 5128 et
1739 5076 1925 5130 oeulos

345 5175 812 5240 (‘0!llpi't‘SSl.‘l‘lIlll,
851 5182 915 5222 ne
957 5165 1095 5217 forte
1145 5165 1360 5216 videant
1394 5165 1586 5220 oculis.
1623 5175 1676 5217 (δι
1705 5165 1924 5218 auribus

345 5265 585 5327 audiant,
619 5271 672 5316 et
713 5261 876 5314 corde
926 5257 1244 5324 intelligant,
1292 5265 1346 5307 et
1394 5265 1714 5307 convertant
1749 5270 1826 5316 se,
1869 5265 1924 5308 et

345 5371 528 5408 saltent
556 5371 650 5409 ωε
682 5355 743 5410 ¹⁶.
780 5372 798 5405 ι
846 5352 1019 5406 Moses
1049 5350 1159 5403 ait:
1202 5368 1218 5398 ι
1256 5346 1487 5416 Populus
1527 5346 1718 5400 stultus
1748 5356 1799 5399 et
1838 5348 1924 5402 itt-

345 5448 548 5515 sipieus
578 5448 677 5500 ν’.»
712 5444 976 5499 Jeremias
1011 5461 1023 5493 :
1064 5460 1083 5493 t
1111 5441 1310 5510 Populo
1344 5441 1528 5503 stulte,
1559 5440 1647 5507 qui
1685 5454 1788 5492 non
1820 5440 1919 5492 ha-

348 5539 444 5592 bes
475 5555 609 5592 mr:
652 5539 740 5606 qui
798 5537 1052 5590 habentes
1091 5536 1302 5595 orttltzs,
1347 5540 1400 5583 ct
1447 5547 1548 5583 non
1599 5529 1788 5582 \ilctis
1821 5548 1832 5583 :
1871 5538 1926 5582 et

421 5702 461 5789 δι’
499 5696 791 5789 Malacini.
835 5695 922 5789 ΗΕ
958 5695 1038 5789 11.
1141 5697 1180 5726 ¹²
1213 5689 1314 5746 Ιέξι.
1345 5709 1397 5789 \l':
1439 5690 1616 5789 I8|-‘9.0..
1715 5690 1758 5720 ¹³
1790 5690 1926 5786 ibid.‘

2034 5726 2044 5752 ,
2104 5705 2212 5743 sec.
2259 5687 2419 5742 LXX.
2518 5685 2850 5740 "‘ihidﬂi.
2955 5689 2995 5718 "
3030 5686 3156 5740 ibid.

2099 5760 2284 5789 19:I.:.l
2339 5761 2407 5789 νδ.)
2539 5758 2685 5789 ηιμ.
2746 5773 2868 5789 vut-
2936 5760 2996 5789 ιτ
3050 5756 3112 5789 ll,

1819 5778 1866 5814 ν.
1922 5763 2013 5814 '2'.
2099 5763 2140 5791 ¹⁹
2176 5763 2308 5812 ibid.
2339 5763 2367 5810 Ξ

1785 5834 1827 5862 3"
1859 5831 1959 5886 lsa.
1993 5848 2119 5894 xxx,
2156 5832 2244 5890 “25,
2278 5830 2367 5882 27.

351 5765 398 5797 "
436 5764 620 5819 ham.
655 5769 802 5818 ll-II.
884 5767 922 5794 ”
963 5767 1112 5817 lle-it.
1149 5782 1316 5819 vult.
1358 5767 1411 5817 ti.
1492 5764 1531 5792 ”
1575 5762 1776 5813 λιιι-μευ.
1819 5778 1866 5814 ν.

353 5835 517 5902 9,10.
598 5837 640 5865 "
673 5838 805 5889 Osee
838 5853 928 5899 \ll,
963 5837 1022 5887 1.!
1066 5838 1146 5892 ll.
1226 5837 1268 5866 “
1301 5837 1492 5889 Jct'eai.
1529 5851 1584 5897 tt,
1627 5835 1704 5886 15.

2029 4616 2274 4684 ιιιιίιξιιςιιιι
2327 4631 2464 4669 vera:
2511 4619 2702 4683 gratia:
2757 4623 2896 4666 crat.
2949 4613 3135 4683 Neque
3189 4615 3424 4667 alienum
3474 4631 3620 4682 esse,

2026 4710 2168 4776 quod
2196 4709 2454 4773 dicimus,
2482 4708 2677 4773 Isaias,
2701 4719 2754 4761 ut
2788 4717 2911 4761 ante
2941 4712 3302 4772 ostendimus,
3330 4710 3610 4765 declarat:

2031 4817 2050 4851 ι
2087 4802 2218 4868 Quis
2247 4801 2406 4855 estin
2439 4802 2612 4865 vobis,
2645 4801 2736 4869 qui
2769 4803 2957 4856 timeat
2991 4801 3327 4856 Dominum?
3358 4804 3615 4856 exaudiat

2027 4908 2212 4947 v0cem
2240 4893 2389 4961 pueri
2415 4893 2534 4960 ejus
2563 4894 2631 4946 '°.
2670 4911 2689 4943 ι
2726 4891 2894 4961 Igitur
2928 4907 3052 4945 cum
3084 4891 3177 4945 Dei
3227 4891 3477 4946 voluntas
3517 4894 3611 4954 sit,

2032 4999 2223 5039 Omnes
2250 4983 2331 5038 sui
2364 4983 2482 5036 Filii
2516 4999 2701 5036 vocem
2735 4983 2943 5046 audire,
2994 4983 3185 5036 merito
3213 4983 3301 5049 qui
3343 4998 3466 5036 eum
3499 4998 3610 5036 non

2031 5075 2276 5140 audiunt,
2313 5089 2375 5129 ac
2407 5073 2698 5143 repellunt,
2731 5074 2884 5125 ibtmt
2915 5073 3283 5136 ignominiosi.

2615 5209 2839 5265 CAPUT
2881 5209 3014 5263 Llll.

2342 5327 2599 5380 Valicinia
2636 5330 2700 5378 de
2739 5325 2942 5379 Christi
2979 5323 3292 5378 Natiritale.

2097 5441 2326 5493 ltursum
2359 5454 2453 5506 per
2484 5438 2734 5491 cuindcm
2773 5437 2847 5489 ait
2885 5435 3078 5490 Deus.r
3120 5439 3309 5489 .\udne
3351 5454 3455 5499 me,
3497 5452 3603 5504 po-

2031 5530 2188 5598 pulus
2225 5545 2371 5582 meus
2408 5545 2422 5581 :
2463 5538 2515 5582 ct
2561 5543 2738 5597 rcges,
2789 5529 2854 5578 ad
2892 5542 2975 5579 me
3029 5527 3250 5579 auribus
3298 5529 3556 5578 attendite
3591 5540 3608 5580 :

3273 5686 3314 5716 ¹⁵
3350 5685 3474 5738 il‘itl.
3515 5683 3607 5738 25,

2539 5758 2584 5789 ’⁸
2611 5759 2711 5811 Isa.
2746 5773 2895 5817 xvtv,
2936 5760 3016 5817 l3,
3050 5756 3133 5808 14.
3237 5757 3275 5784 ²¹
3313 5755 3412 5806 lsa.
3480 5769 3610 5808 xxx.

2447 5830 2490 5858 "
2522 5827 2621 5881 Iszt.
2659 5843 2767 5891 XLI,
2803 5828 2882 5881 ll.
2963 5830 3007 5858 “
3042 5827 3139 5879 ls.t.
3172 5842 3221 5892 ιι,
3261 5828 3344 5878 111.

2099 5761 2140 5791 ¹⁹
2176 5760 2308 5812 iltitl.
2339 5761 2427 5812 “2‘2.
