4042 6398
348 369 457 434 883

1405 378 1527 440 DlA
1541 381 1788 445 LOGUS
1820 387 2124 450 CONTRA
2162 394 2499 456 JUDJEOS.

3517 393 3624 460 890

348 488 476 586 quia
529 487 610 542 lex
661 505 709 586 τι-
736 505 822 544 me.
869 493 1194 562 egredietur,
1237 503 1292 551 et
1331 496 1595 568 judicium
1649 519 1824 558 meum
1878 507 1930 561 in
1959 507 2011 568 Δ
2035 521 2089 566 et
2119 511 2326 568 tolleris
2356 515 2422 568 de
2445 512 2849 583 dispensatione
2873 522 2964 570 tua
2995 521 3050 569 et
3082 512 3148 570 de
3176 514 3342 586 gradu
3371 521 3463 569 tuo
3487 514 3553 569 ³⁷.
3589 533 3610 567 ι

351 578 524 633 lucem
569 582 832 652 gentium.
871 586 1282 658 Appropinquat
1332 591 1444 647 cito
1492 594 1701 663 jnstitia
1761 613 1927 654 mea:

347 680 402 721 et
447 671 756 734 egredietur
787 675 926 754 sicut
952 676 1063 745 lux,
1098 679 1338 736 salutare
1371 697 1546 738 memn
1578 702 1591 738 :
1628 697 1683 740 et
1722 688 1772 741 in
1807 689 1932 744 bra-

348 763 473 814 chio
521 779 643 818 meo
690 776 876 836 gentes
913 775 1206 837 sperabunt
1232 775 1298 827 ³⁷.
1334 793 1352 824 ι
1394 776 1650 833 Michmas
1681 779 1748 832 de
1789 797 1930 836 novo

351 850 580 938 imitate,
617 851 928 924 Evangelia,
961 857 1202 925 inquam,
1238 861 1463 926 Christi,
1493 865 1569 917 ait
1603 882 1616 918 :
1649 883 1668 916 ι
1701 865 1765 920 Ει
1789 870 1927 924 erit:

348 937 403 990 lu
436 937 729 995 novissimo
755 944 961 997 dierum
992 947 1098 1000 erit
1135 965 1288 1003 mons
1315 950 1506 1004 domus
1546 953 1757 1008 Domini
1792 972 1930 1024 prte-

347 1042 569 1100 paratus
619 1034 673 1088 in
735 1037 938 1091 vertice
997 1040 1300 1107 montium,
1354 1054 1408 1097 et
1461 1046 1709 1100 sublimis
1768 1064 1932 1119 super

346 1127 561 1182 colles:
596 1135 649 1180 et
699 1127 870 1182 ﬂuent
923 1132 988 1182 ad
1039 1147 1160 1184 eum
1227 1135 1404 1202 populi
1459 1146 1510 1190 et
1562 1142 1928 1205 properahuat

345 1226 533 1285 gentes
582 1220 782 1285 multm,
838 1231 890 1275 et
941 1221 1162 1275 dicent:
1198 1221 1406 1290 Venite,
1444 1231 1808 1284 ascendamus
1858 1233 1925 1286 ad

348 1320 584 1362 montem
629 1309 858 1376 Domini,
902 1323 955 1366 et
991 1313 1058 1366 ad
1089 1314 1307 1368 domum
1347 1315 1437 1370 Dei
1476 1316 1729 1373 Jacob”.
1764 1339 1783 1372 ι
1823 1322 1925 1377 Ubi

355 1420 374 1452 ι
433 1412 668 1456 montem
723 1403 934 1458 Domini
974 1423 992 1456 ι
1033 1417 1190 1460 vocat
1242 1406 1576 1477 Deiparam:
1624 1430 1642 1463 ι
1703 1414 1924 1468 Domum

349 1492 441 1547 Dei
484 1493 649 1549 Jacob
688 1515 706 1548 ι
743 1505 798 1549 et
834 1496 1051 1552 Davidis
1083 1499 1212 1554 dicit
1243 1499 1538 1558 Bethleem.
1586 1504 1639 1558 ld
1692 1512 1834 1560 enim
1873 1515 1928 1561 et

346 1583 519 1639 Lucas
547 1587 878 1656 evangelista
912 1589 1070 1644 ἀοι-ει
1102 1591 1154 1644 iu
1190 1593 1304 1646 haec
1337 1599 1501 1648 verba
1531 1613 1545 1648 :
1587 1615 1606 1648 ι
1664 1598 1925 1653 Ascendit

341 1691 523 1734 autem
579 1691 633 1736 et
673 1681 876 1752 JOSPplt
925 1685 1143 1741 Galilaea
1179 1689 1247 1744 de
1293 1691 1514 1746 civitate
1565 1676 1834 1748 Nazareth
1869 1695 1920 1749 in

339 1769 578 1826 Judaeum
619 1773 892 1828 civitatem
943 1777 1133 1838 David.
1168 1796 1286 1849 quze
1339 1792 1564 1837 v0catur
1600 1784 1873 1839 Bethleem
1905 1805 1919 1841 :

339 1879 406 1918 eo
435 1866 578 1936 quod
606 1879 750 1922 esset
777 1869 844 1924 de
872 1870 1034 1926 domo
1059 1882 1112 1928 et
1145 1874 1344 1928 fatuilia
1374 1877 1563 1939 David,
1609 1889 1665 1932 ιιι
1698 1882 1925 1949 proﬁte-

339 1965 490 2012 retur
517 1975 639 2013 cum
669 1959 833 2014 Maria
869 1964 1188 2032 desponsata
1218 1969 1320 2022 sibi
1349 1985 1514 2028 tutore
1541 1971 1629 2027 "2
1671 1991 1689 2022 ι

412 2051 518 2104 Sed
544 2054 776 2108 vaticina
809 2056 1009 2126 scripta
1045 2068 1398 2117 retraetemus
1427 2080 1441 2117 :
1473 2081 1491 2114 ι
1528 2065 1922 2133 Ascendamus,

339 2141 579 2211 inquam,
608 2145 673 2198 ad
702 2146 920 2201 domum
956 2150 1050 2205 Dei
1091 2149 1283 2217 Jacob,
1334 2163 1389 2210 et
1437 2157 1655 2210 docebit
1703 2174 1802 2212 nos
1856 2161 1922 2215 de

337 2236 443 2288 viis
486 2238 608 2290 suis.
655 2246 710 2294 et
753 2239 954 2295 ibimus
1013 2243 1066 2297 in
1111 2245 1317 2302 semitis
1362 2247 1514 2317 ejus;
1559 2270 1575 2300 ι
1619 2251 1716 2303 vim
1760 2260 1923 2321 atque

335 2329 541 2380 semitae
593 2345 808 2384 sacrum
861 2334 1208 2402 Evangelium
1259 2349 1362 2392 est.
1431 2359 1448 2392 ι
1489 2342 1622 2408 Quia
1674 2344 1740 2397 de
1779 2343 1920 2398 ‘Sion

340 2424 648 2490 egredietur
680 2424 786 2485 lex,
816 2434 871 2503 et
908 2428 1128 2481 verbum
1169 2428 1378 2483 DOlllllll
1405 2434 1468 2486 de
1489 2431 1791 2488 Jerusalem
1815 2439 1915 2490 ³³.»

337 2511 476 2565 Ecce
509 2514 576 2566 ali
603 2531 670 2568 tm
706 2515 872 2586 legem
908 2533 1010 2572 non
1045 2521 1112 2572 ab
1144 2520 1295 2585 Sina,
1343 2532 1400 2574 ιιι
1439 2523 1695 2592 Mosaica,
1730 2527 1822 2581 sed
1851 2527 1922 2582 ab

340 2601 707 2674 Hierosolyma
761 2608 1102 2676 proiectam;
1151 2613 1420 2679 siquidem
1482 2617 1569 2668 illa
1628 2628 1813 2682 vetus,
1867 2629 1922 2675 et

340 2696 558 2790 lllishaea
587 2699 860 2768 antiquior
890 2719 905 2755 :
939 2701 1052 2754 haec
1080 2717 1268 2756 recens
1300 2715 1346 2755 et
1377 2703 1599 2760 Michzea
1629 2709 1918 2775 posterior,

335 2789 401 2848 de
434 2805 539 2858 qua
591 2789 711 2856 lege
755 2806 817 2844 ac
853 2791 1165 2860 legislature
1217 2793 1391 2848 Moses
1437 2796 1638 2865 liquido
1672 2800 1871 2854 clamat
1904 2818 1918 2855 :

339 2895 356 2926 ι
402 2875 726 2943 Prophetam
773 2879 1057 2932 suscitahit
1103 2880 1197 2933 tibi
1257 2882 1514 2936 Dominus
1565 2885 1706 2939 sicut
1739 2902 1860 2953 me;
1893 2906 1912 2940 ι

332 2967 494 3018 alium
523 2982 561 3020 sv
585 2968 729 3022 ilicet
763 2968 1148 3032 legislatorem.
1186 2989 1203 3021 ι
1247 2973 1302 3026 Ει
1337 2989 1674 3045 quascunque
1700 2979 1916 3045 dixerit,

334 3051 510 3118 ipsum
545 3055 778 3108 audietis
809 3056 874 3108 ³ο.
913 3075 932 3107 ι
977 3058 1033 3110 Et
1065 3057 1332 3114 Jeremias
1361 3078 1375 3115 :
1420 3082 1439 3114 ι
1486 3062 1688 3120 Omnes
1713 3083 1919 3137 cogno-

2033 603 2166 658 Nam
2194 605 2406 661 Sobnas
2435 607 2768 662 tantumdem
2808 617 2897 664 est
2926 610 2935 656 ι
2962 621 3028 662 ac
3062 607 3107 662 si
3133 607 3290 664 dicas
3322 625 3335 662 :
3375 627 3392 660 ι
3441 607 3616 663 Foras

2037 695 2288 751 abscede.
2327 714 2347 748 ι

2107 832 2176 883 At
2204 829 2272 884 de
2308 844 2445 883 novo
2482 829 2683 884 Christi
2725 829 2930 885 findere
2973 830 3164 884 scribit
3198 845 3361 898 porro
3389 831 3557 885 Isaias
3596 847 3614 885 :

2038 940 2057 973 ι
2124 921 2190 976 Ει
2243 923 2349 976 erit
2409 922 2461 976 in
2516 923 2602 975 die
2651 922 2735 975 illa
2794 940 2808 977 :
2873 921 3094 976 Vocaho
3153 938 3373 976 servum
3437 939 3616 977 meum

2032 1012 2284 1076 Eliacim,
2324 1011 2490 1065 ﬁlium
2525 1011 2828 1078 llelcizc,.et
2852 1013 3070 1067 induam
3104 1013 3252 1066 illum
3289 1016 3470 1068 tunica
3504 1025 3616 1077 tua,

2031 1115 2085 1157 et
2113 1103 2329 1174 cingulo
2361 1114 2453 1158 tuo
2478 1103 2796 1158 confortabo
2825 1119 2971 1170 eum,
3005 1115 3062 1159 et
3108 1113 3427 1173 potestatem
3467 1115 3616 1161 tuam

2031 1195 2173 1249 dabo
2208 1194 2260 1248 in
2291 1210 2454 1249 manu
2485 1192 2601 1261 ejus
2627 1209 2644 1247 :
2669 1204 2723 1249 et
2750 1196 2854 1249 erit
2878 1197 3030 1264 quasi
3060 1205 3211 1260 pater
3246 1196 3619 1251 habitantibus

2029 1286 2350 1351 Jerusalem,
2415 1297 2469 1341 et
2519 1287 2701 1342 domui
2760 1285 2923 1341 Juda.
2970 1287 3036 1341 Et
3091 1288 3231 1342 dabo
3280 1289 3327 1342 ci
3388 1287 3617 1358 gloriam

2033 1377 2224 1442 David,
2251 1387 2304 1432 et
2332 1378 2746 1448 principabitur,
2778 1387 2834 1433 et
2867 1393 2973 1432 non
3001 1379 3104 1432 erit
3131 1379 3221 1447 qui
3250 1378 3617 1433 contradicat.

2029 1469 2096 1524 Et
2129 1479 2361 1525 statuam
2387 1487 2509 1525 eum
2546 1471 2840 1541 principem
2869 1471 2919 1524 in
2957 1471 3084 1524 loco
3117 1471 3257 1526 ﬁdeli
3295 1487 3308 1524 :
3348 1479 3402 1526 et
3430 1471 3532 1525 erit
3562 1472 3614 1524 in

2033 1566 2228 1621 solium
2263 1566 2448 1635 gloriae
2479 1565 2671 1618 domus
2705 1563 2879 1634 patris
2905 1561 3052 1630 eius;
3091 1571 3146 1617 et
3183 1571 3346 1616 erunt
3373 1562 3615 1631 penden-

2030 1664 2112 1709 tes
2163 1656 2232 1710 ab
2272 1669 2338 1710 eo
2385 1655 2436 1708 in
2486 1655 2573 1709 die
2620 1653 2710 1708 illa
2737 1654 2804 1707 ⁸⁸.
2843 1669 2863 1705 ι
2913 1651 3100 1721 Neque
3147 1653 3310 1707 aliter
3358 1652 3428 1708 de
3474 1668 3614 1707 nova

2029 1746 2274 1802 Ecclesia
2308 1747 2448 1801 idem
2483 1762 2511 1799 a
2552 1745 2661 1801 Deo
2706 1743 2999 1800 denuntiat
3036 1759 3050 1798 :
3091 1762 3110 1797 ι
3156 1743 3402 1799 Dilalabo
3436 1744 3614 1798 locum

1956 1851 1995 1904 Β
2026 1839 2239 1893 tentorii
2269 1838 2365 1902 tui,
2401 1846 2453 1891 et
2481 1837 2632 1907 palos
2658 1845 2780 1891 tuos
2811 1834 3184 1900 consolidabo,
3211 1835 3277 1889 ad
3335 1836 3613 1890 dexteram

2028 1940 2081 1984 et
2120 1930 2186 1985 ad
2217 1924 2498 1984 Sinistram
2533 1928 2827 1983 extendam
2873 1937 2926 1982 et
2975 1940 3162 1982 semen
3193 1936 3346 1981 tuum
3377 1926 3613 1981 haeredi-

2027 2023 2159 2077 tabit
2189 2030 2377 2093 gentes
2403 2021 2468 2075 ⁸³.
2508 2039 2527 2072 ι

2095 2159 2162 2213 Ει
2191 2159 2257 2213 de
2291 2173 2424 2214 nova
2455 2156 2852 2227 Hierosolyma:
2881 2175 2898 2207 ι
2919 2155 3252 2222 lllutninare,
3275 2155 3608 2219 illuminare,

2021 2247 2359 2316 Jerusalem;
2397 2247 2524 2318 quia
2572 2249 2720 2302 venit
2773 2246 2952 2298 lumen
2992 2255 3177 2311 tuum,
3214 2255 3268 2300 et
3299 2245 3466 2316 gloria
3507 2243 3612 2299 Do-

2025 2342 2154 2395 mini
2180 2357 2340 2411 super
2371 2347 2424 2394 te
2452 2350 2570 2394 orta
2604 2349 2706 2394 est.
2742 2337 2874 2404 Quia
2915 2351 3044 2393 ecce
3079 2340 3318 2392 tenebrae
3361 2338 3611 2406 operient

2025 2444 2251 2499 terram,
2282 2443 2336 2488 et
2366 2434 2542 2502 caligo
2569 2433 2796 2502 populos
2824 2451 2838 2485 :
2875 2448 3040 2502 super
3082 2441 3133 2486 te
3174 2442 3353 2486 autem
3404 2431 3611 2484 orietur

2025 2525 2303 2591 Dominus,
2342 2535 2396 2579 et
2430 2524 2599 2594 gloria
2641 2525 2760 2594 ejus
2790 2525 2844 2579 in
2892 2535 2944 2578 te
2988 2522 3284 2577 videbitur;
3319 2521 3386 2574 Et
3414 2522 3608 2576 ambu-

2022 2617 2212 2672 lahunt
2240 2626 2424 2688 gentes
2455 2618 2505 2671 in
2537 2617 2743 2673 lumine
2767 2627 2879 2682 tuo,
2913 2626 2966 2672 et
3017 2630 3172 2682 reges
3219 2615 3272 2667 in
3322 2614 3611 2683 splendore

2022 2719 2178 2765 ortus
2232 2709 2328 2762 tui.
2367 2707 2508 2763 Leva
2564 2709 2615 2762 in
2669 2709 2900 2762 circuitu
2944 2705 3133 2762 oculos
3190 2713 3332 2768 tuos,
3382 2714 3438 2760 et
3487 2705 3610 2760 vide

2020 2811 2378 2874 ccttgregatos
2405 2803 2544 2857 ﬁlios
2576 2809 2730 2865 tuos;
2766 2811 3032 2856 venerunt
3074 2813 3266 2854 omnes
3299 2799 3392 2852 ﬁlii
3431 2799 3506 2852 tui
3541 2799 3608 2852 de

2021 2893 2196 2964 longe.
2227 2903 2280 2948 et
2311 2893 2433 2946 liliaa
2467 2902 2571 2946 tuae
2603 2907 2768 2960 super
2801 2893 3058 2946 humeros
3083 2891 3448 2959 portabuntur
3472 2889 3541 2942 ⁵ο.
3579 2907 3600 2941 ι

2022 2987 2087 3040 Ει
2122 2986 2289 3040 David
2321 2986 2386 3040 de
2410 2985 2615 3040 Christi
2645 2984 2884 3039 Ecclesia
2920 2999 2936 3042 ;
2981 3001 2999 3034 ι
3041 2983 3204 3048 Audi,
3230 2983 3360 3049 ﬁlia,
3391 2982 3608 3037 et'vide

2021 3088 2076 3132 et
2124 3077 2324 3132 inclina
2381 3091 2570 3131 aurem
2619 3085 2816 3130 tuam:
2859 3083 2915 3130 et
2964 3074 3295 3129 obliviscere
3349 3072 3606 3141 populum

332 3155 487 3196 sca-nt
535 3159 618 3196 u-e
651 3162 676 3196 a
715 3148 943 3201 minimo
987 3164 1174 3202 eorum
1227 3168 1398 3220 u-que
1448 3154 1514 3208 ad
1566 3157 1858 3212 maximum
1897 3179 1911 3215 :

2021 3178 2191 3232 tttum,
2223 3186 2244 3220 ι
2283 3167 2333 3222 id
2353 3176 2457 3229 est,
2494 3165 2690 3236 impios
2723 3166 2957 3237 majores
2981 3176 3122 3229 tuos,
3148 3184 3167 3217 ι
3190 3173 3244 3219 et
3270 3165 3486 3220 domum
3512 3179 3605 3233 pa-

330 3233 453 3286 iduo
485 3251 587 3287 non
615 3236 828 3288 docebit
856 3239 995 3291 ultra
1033 3240 1118 3293 vir
1151 3243 1454 3309 proximum
1484 3261 1664 3309 suum,
1688 3247 1913 3308 dicens:

329 3328 606 3390 Cognosce
637 3328 920 3382 Dominum
945 3333 1012 3385 ³¹.
1041 3351 1058 3384 ι
1086 3331 1182 3388 Cui
1212 3335 1381 3389 Isaias
1412 3338 1579 3402 probe.
1609 3354 1872 3396 rcusanat
1898 3360 1912 3396 :

337 3437 356 3469 ι
399 3418 567 3472 Erunt
597 3435 788 3476 omnes
815 3425 1072 3481 tlocibiles
1102 3427 1198 3482 Dei
1233 3429 1297 3482 ³¹.
1342 3450 1359 3482 ι
1394 3430 1453 3482 Et
1497 3431 1664 3486 David
1699 3450 1714 3487 :
1751 3453 1770 3485 ‹
1806 3437 1916 3489 Ho-

329 3512 420 3564 die
443 3513 484 3565 si
520 3529 704 3566 vocrm
742 3513 860 3581 eius
904 3518 1211 3581 audieritis,
1244 3521 1412 3576 nolite
1445 3524 1716 3579 obdurare
1749 3527 1912 3581 corda

327 3612 502 3654 vestra
551 3621 566 3657 :
619 3605 757 3659 sicut
825 3607 875 3658 iu
933 3611 1350 3667 exacerbatione
1411 3616 1708 3671 secundum
1773 3621 1912 3674 diem

325 3701 474 3746 tenta
505 3695 642 3749 iouis
693 3697 744 3750 in
793 3700 1046 3763 deserto;
1081 3702 1168 3756 ubi
1219 3713 1568 3762 tentavcrnnt
1607 3725 1696 3764 me
1733 3722 1914 3779 patres

323 3786 492 3838 vestri
525 3785 591 3839 ³³.
650 3805 670 3839 ι
735 3790 798 3841 Ει
850 3791 1045 3846 iterum
1077 3807 1093 3845 :
1130 3811 1148 3844 ι
1216 3793 1388 3859 Quam
1439 3797 1612 3852 dulcia
1667 3798 1912 3858 faucibus

322 3876 462 3929 meis
497 3877 710 3947 eloquia
760 3889 875 3944 tua,
905 3899 1071 3953 super
1113 3886 1214 3937 mel
1248 3888 1328 3939 ori
1383 3905 1499 3943 meo
1529 3890 1594 3943 ³⁸.
1637 3909 1654 3943 ι
1696 3892 1756 3946 Ει
1799 3892 1908 3948 alio

322 3967 442 4022 loco
473 3986 486 4020 :
527 3988 546 4021 ι
595 3971 816 4038 Eloqnia
853 3975 1084 4038 Domini,
1135 3977 1347 4048 eloquia
1381 3993 1536 4034 casta
1571 4000 1584 4036 :
1621 3996 1910 4054 argentum

324 4060 446 4131 igne
498 4065 916 4132 examinatum,
987 4070 1273 4137 probatnnt
1347 4081 1545 4137 terra),
1625 4089 1908 4146 purgatum

323 4157 631 4225 septuplum
663 4159 730 4224 ³⁵,
773 4178 791 4210 ι
831 4161 880 4212 id
913 4173 1015 4226 est,
1052 4162 1336 4230 ejusmodi,
1364 4181 1486 4234 qua:
1530 4167 1780 4223 Mosaicae
1808 4173 1908 4240 legi

322 4249 660 4316 prterellanl,
701 4253 1158 4316 quemadmodum
1201 4254 1380 4312 Moses
1421 4258 1650 4324 ipsemet
1688 4277 1753 4314 ex
1815 4263 1906 4317 Dei

322 4351 554 4403 persona
610 4343 934 4396 conlirmat:
975 4361 992 4392 ι
1025 4342 1125 4408 Qui
1178 4353 1358 4398 autem
1392 4346 1555 4401 verba
1603 4349 1741 4418 ejus,
1791 4368 1908 4417 qnze

323 4431 579 4500 loquetur
608 4432 658 4485 in
695 4436 912 4489 nomine
944 4450 1084 4500 meo,
1126 4438 1313 4491 audire
1341 4439 1607 4506 noluerit;
1639 4459 1740 4512 ego
1766 4445 1910 4498 ultor

2022 3258 2119 3311 tris
2152 3258 2250 3321 tui,
2288 3274 2308 3308 ι
2363 3256 2571 3321 id.est,
2622 3255 2840 3309 nidores
2891 3265 2947 3309 et
2999 3254 3187 3309 altaria
3229 3255 3602 3314 obliviscere:

2020 3364 2144 3402 nam
2194 3349 2236 3402 si
2289 3348 2405 3403 haec
2455 3346 2648 3403 feceris
2678 3386 2694 3412 ,
2746 3365 2764 3398 ι
2798 3346 3158 3415 Concupiscet
3204 3361 3298 3400 rex
3350 3346 3603 3401 decorem

2019 3445 2173 3492 tuum
2205 3455 2218 3492 :
2261 3439 2516 3508 quoniam
2551 3437 2667 3506 ipse
2701 3447 2784 3492 est
2812 3437 3073 3493 Dominus
3111 3436 3254 3492 Deus
3289 3447 3449 3505 tuus;
3485 3454 3506 3489 ι
3549 3447 3604 3491 ct

2019 3527 2271 3582 adorabis
2340 3531 2488 3583 eum.
2551 3527 2730 3596 Atque
2785 3535 2845 3580 ut
2904 3526 3225 3597 explicatius
3294 3526 3605 3581 ostenderet

2015 3619 2163 3688 loqui
2200 3635 2258 3674 se
2283 3619 2348 3674 de
2376 3618 2613 3690 gentium
2639 3617 2900 3683 Ecclesia,
2933 3619 3085 3673 addit
3113 3635 3128 3673 :
3171 3636 3190 3670 ι
3225 3617 3290 3672 Ει
3320 3617 3440 3673 ﬁlize
3473 3617 3604 3688 Tyri

2017 3711 2068 3764 in
2103 3713 2420 3767 muneribus
2445 3713 2489 3744 “
2515 3722 2532 3781 ;
2561 3729 2581 3765 ι
2616 3711 2792 3783 Tyrus
2815 3711 3012 3780 quippe
3041 3713 3281 3778 gentium
3315 3712 3472 3767 sedes
3497 3721 3604 3766 est.

2014 3804 2161 3858 Idem
2195 3819 2410 3859 rursum
2443 3820 2458 3857 :
2497 3820 2516 3855 ι
2543 3802 2784 3858 Laudate
2805 3802 3117 3869 Dominum,
3145 3819 3339 3858 omnes
3374 3810 3598 3873 gentes:

2015 3897 2232 3949 laudate
2263 3912 2411 3960 eum,
2445 3911 2637 3950 omnes
2664 3897 2874 3966 populi,
2911 3913 2930 3948 ι
2968 3896 3018 3950 id
3062 3903 3168 3961 est,
3192 3895 3352 3950 simul
3385 3909 3598 3958 omnes,

2012 3986 2205 4054 Judwi,
2239 3988 2485 4055 Grmcus,
2538 3990 2632 4042 sed
2664 4003 2855 4043 omnes
2901 3988 3121 4042 omnino
3153 3996 3341 4056 gentes
3374 4003 3390 4042 :
3431 3988 3602 4054 siqui-

2013 4080 2134 4132 dem
2171 4093 2273 4133 non
2313 4078 2424 4146 jam
2475 4094 2634 4149 porro
2681 4078 3026 4135 circumcisio
3106 4087 3202 4131 aut
3253 4078 3595 4146 praeputium,

2013 4186 2117 4225 non
2148 4171 2382 4227 servitus
2410 4179 2504 4226 aut
2533 4171 2756 4227 libertas
2787 4180 2888 4226 est.
2923 4189 2943 4222 ι
2977 4168 3242 4236 Quoniam
3276 4169 3600 4224 conﬁrmata

2011 4275 2096 4323 est
2148 4280 2314 4334 super
2373 4279 2473 4320 nos
2521 4265 2896 4320 misericordia
2955 4263 3108 4331 ejus;
3153 4279 3172 4312 ι
3230 4278 3352 4316 nam
3413 4263 3597 4318 omnia

2009 4360 2234 4426 Christi,
2265 4367 2320 4413 et
2368 4359 2421 4412 in
2470 4359 2720 4413 omnibus
2768 4358 3060 4427 Christus;
3092 4378 3110 4412 ι
3145 4370 3199 4413 et
3243 4356 3446 4410 veritas
3495 4354 3600 4408 Do-

2015 4454 2146 4506 mini
2186 4459 2368 4506 manet
2400 4450 2451 4504 in
2489 4460 2753 4504 aeternum
2774 4449 2860 4504 “z
2896 4469 2914 4500 ι
2968 4453 3058 4505 Dei
3117 4452 3399 4504 veritatem
3438 4447 3598 4500 Chri.

319 4524 581 4577 exsistam
616 4525 683 4578 ³⁸.
726 4545 744 4577 ι
782 4525 841 4578 Ει
877 4542 973 4596 per
1007 4526 1199 4592 Isaiam
1239 4529 1418 4585 Dens:
1461 4549 1479 4582 ι
1523 4531 1688 4596 Vade,
1725 4535 1902 4605 ingre-

2018 4552 2151 4600 stum
2188 4543 2440 4613 appellat,
2473 4556 2567 4596 ceu
2619 4541 2786 4595 Deum
2812 4557 3000 4597 verum
3029 4557 3058 4598 e
3091 4542 3200 4596 Deo
3231 4556 3378 4606 vero,
3407 4555 3600 4609 quent-

321 4618 451 4669 dere
474 4619 539 4670 ad
577 4621 833 4688 eum,qni
869 4620 1077 4674 habitat
1103 4623 1152 4675 in
1185 4625 1635 4690 tabernaculo,ad
1665 4629 1901 4684 Sohnam

319 4711 666 4777 praepositum
706 4711 906 4780 templi,
944 4723 996 4767 et
1029 4713 1179 4767 dices
1205 4715 1270 4768 ad
1304 4731 1428 4770 eum
1461 4734 1474 4771 :
1515 4719 1652 4783 Quid
1694 4721 1786 4774 tibi
1818 4731 1902 4776 est

320 4799 455 4852 hic?
490 4801 614 4866 quia
647 4803 895 4856 excidisti
931 4804 1026 4858 tibi
1063 4805 1150 4859 hic
1178 4811 1510 4875 sepulcrum,
1560 4809 1807 4864 excidisti
1847 4812 1898 4864 in

316 4889 533 4943 excelso
574 4891 889 4947 memoriale
923 4893 1234 4961 diligenter,
1270 4897 1323 4950 in
1372 4908 1522 4966 petra
1574 4900 1900 4955 tabernacu-

317 4981 425 5032 luu
465 4979 597 5035 tibi?
643 4983 779 5038 Ecce
812 4985 1070 5039 Dominus
1134 4987 1374 5042 Sabaoth
1437 4990 1614 5058 ejiciet
1641 5003 1694 5046 et
1722 5003 1908 5048 contc-

320 5086 403 5128 ret
457 5078 670 5140 virum;
711 5087 766 5131 et
822 5078 1034 5132 auferet
1089 5080 1283 5133 stolam
1339 5093 1509 5152 tuam,
1564 5096 1620 5139 ct
1679 5085 1902 5141 infulam

319 5175 489 5230 tuam,
524 5179 577 5222 et
609 5183 865 5221 cumnam
912 5177 1055 5237 tuam
1096 5169 1389 5239 gloriosam
1424 5191 1438 5229 :
1479 5184 1534 5228 et
1574 5179 1822 5248 projiciet
1850 5189 1902 5235 te

315 5259 371 5308 in
423 5260 694 5327 regimtem
752 5273 998 5326 magnam
1067 5268 1122 5312 et
1166 5261 1524 5330 immensam;
1561 5275 1617 5320 et
1665 5269 1733 5320 ibi
1791 5285 1905 5323 mo-

313 5349 471 5402 rieris
501 5366 514 5401 :
561 5361 614 5401 et
645 5350 894 5418 projiciet
915 5365 1137 5403 currum
1176 5360 1324 5404 tuum
1357 5355 1622 5422 optimmn
1660 5359 1710 5412 in
1747 5360 1897 5426 igno-

313 5438 560 5507 miniam,
592 5451 647 5496 et
669 5441 888 5495 domum
914 5442 1174 5512 principis
1200 5445 1274 5496 ιιιὶ
1299 5445 1348 5496 in
1379 5449 1842 5506 conculcationem
1881 5473 1894 5507 :

387 5626 433 5658 ⁸⁷
468 5626 574 5680 lsa.
601 5643 674 5688 LI,
704 5627 758 5680 4.

312 5698 360 5730 ”
394 5697 494 5750 ls’a.
527 5699 947 5763 Liv,13;Joan.
978 5715 1050 5758 Vl,
1080 5698 1164 5751 45.

335 5768 420 5818 19.
499 5769 542 5798 ³⁷
572 5768 671 5820 Ιετι.
704 5786 835 5827 χχιι,
873 5770 1050 5824 1516.

721 5839 768 5872 ⁸³
795 5838 952 5895 Joan.
984 5855 1096 5898 xw.
1127 5841 1178 5892 6.

1242 5699 1287 5729 ³³
1317 5696 1459 5751 psztl.
1503 5715 1642 5758 XCIV,
1688 5702 1741 5762 8,
1779 5704 1832 5758 9.

313 5856 342 5891 ιζ
359 5853 466 5893 xvi.
506 5838 556 5896 Ι.
585 5837 639 5893 ‘2.

837 5628 881 5660 ³³
915 5629 998 5681 lllic
1021 5628 1074 5681 ll.
1103 5644 1173 5685 Iv.
1210 5627 1256 5679 Ι.
1317 5629 1381 5658 ’⁸⁸⁸
1416 5628 1542 5680 lue.
1579 5646 1636 5692 ll,
1670 5631 1721 5689 -ί,
1757 5633 1808 5684 ὅ.
1854 5635 1899 5665 ³³
1937 5634 2098 5688 Μία-Ιι.
2129 5651 2199 5694 ιν,
2224 5634 2279 5687 2.

1909 5705 1952 5735 ³⁸
1987 5707 2126 5758 l’sal.
2157 5721 2343 5765 (tum,
2387 5705 2510 5755 105.

1142 5769 1185 5798 ³⁸
1218 5769 1345 5820 ihil.
1379 5771 1544 5821 '20-'11
1609 5773 1652 5801 ³³
1691 5770 1789 5824 lsi.
1827 5789 1936 5835 LIV,
1965 5776 2014 5827 '2.

1255 5840 1297 5869 ⁸³
1340 5839 1440 5893 1ηη,
1487 5857 1671 5904 xxvtn,
1713 5843 1809 5906 lti;
1855 5843 1872 5896 ι
1907 5846 2049 5900 lctr.
2087 5863 2140 5908 ll,
2176 5847 2227 5898 6.

2010 4637 2299 4691 admodum
2346 4633 2596 4690 Christus
2644 4633 2759 4703 ipse
2815 4634 2884 4688 de
2933 4650 2990 4688 se
3038 4636 3362 4689 conﬁrmat:
3403 4652 3422 4685 ι
3489 4632 3601 4702 Ego

2008 4745 2126 4785 sum
2177 4729 2286 4790 via,
2338 4727 2542 4782 veritas
2582 4737 2638 4782 et
2679 4728 2790 4782 vita
2818 4726 2923 4790 ⁸³.»
2953 4727 3017 4782 de
3059 4742 3233 4796 eoque
3281 4741 3494 4781 rursum
3531 4724 3598 4776 ad

2011 4837 2206 4877 novam
2242 4822 2369 4877 Sion
2413 4824 2490 4875 ait
2530 4820 2739 4876 Isaias:
2777 4837 2797 4872 ι
2840 4818 2977 4874 Ecce
3004 4835 3104 4890 ego
3133 4822 3339 4872 mittam
3371 4819 3424 4872 in
3477 4816 3602 4869 lun-

2008 4912 2278 4966 damentis
2308 4911 2441 4966 Sion
2475 4912 2704 4981 lapidem
2747 4911 3056 4981 probatum,
3097 4911 3406 4979 angularem
3435 4947 3449 4970 ,
3474 4922 3599 4976 pre-

2011 5003 2247 5057 tiosum:
2291 5012 2344 5056 et
2399 5004 2487 5072 qui
2543 5004 2835 5057 crediderit
2887 5003 2941 5057 in
2986 5017 3106 5057 eum
3157 5017 3260 5054 non
3296 4996 3591 5052 confunde-

2009 5100 2096 5145 tur
2120 5091 2165 5124 “
2201 5111 2217 5143 ι
2260 5095 2312 5147 in
2343 5103 2629 5148 retentum.
2658 5092 2804 5146 ldetn
2835 5092 2900 5145 ad
2930 5092 3179 5145 eamdem
3218 5106 3232 5143 :
3271 5107 3289 5139 ι
3325 5089 3462 5142 Ecce
3495 5101 3595 5154 ego

2009 5196 2253 5247 pra-paro
2285 5183 2378 5236 tibi
2407 5182 2803 5236 carbunculum
2849 5181 3086 5250 lapidem
3122 5190 3294 5241 tuum,
3321 5188 3374 5232 et
3409 5178 3597 5230 [ειιι.1;ι-

2009 5284 2192 5326 menta
2250 5282 2339 5326 tua
2377 5274 2687 5343 sapphirum
2720 5292 2733 5327 :
2765 5284 2818 5328 et
2841 5288 3034 5342 ponam
3074 5270 3473 5342 pronuguacnla
3505 5281 3593 5322 tua

2001 5364 2180 5432 jaspiu
2239 5379 2252 5416 :
2290 5374 2342 5416 ct
2377 5374 2561 5433 portas
2595 5373 2712 5417 tuas
2748 5363 2953 5432 lapides
2980 5361 3254 5432 chrystalli
3292 5379 3305 5414 :
3342 5370 3394 5414 et
3424 5360 3594 5411 ambi-

2017 5467 2124 5507 tuzn
2171 5472 2378 5508 tuurutn
2427 5465 2577 5509 tuum
2625 5455 2826 5525 lapides
2877 5455 3100 5516 electos,
3139 5463 3189 5506 et
3229 5466 3418 5505 omnes
3456 5452 3593 5502 ﬁlios

3010 5637 3052 5667 ³⁸
3085 5634 3285 5689 ,Ιιιι-ιιηι.
3329 5649 3476 5695 “tu,
3532 5636 3583 5689 τί.

3173 5707 3215 5737 ⁸⁸
3251 5707 3399 5759 Deut.
3437 5722 3590 5766 κννι,

3174 5777 3282 5828 .l5.
3362 5776 3407 5806 u
3441 5775 3586 5828 Peal.

3487 5792 3586 5830 ei“.

2362 5633 2406 5664 ³⁰
2441 5634 2593 5685 Deut.
2649 5651 2800 5695 ιιι-ιιι,
2848 5637 2927 5688 l‘i.

2637 5705 2682 5734 ³⁸
2715 5708 2853 5760 νει..
2896 5723 2972 5767 λι,
3009 5707 3058 5760 7.

2100 5777 2144 5805 ⁸ο
2186 5783 2282 5828 1ς;ι.
2325 5791 2411 5838 υς,
2449 5774 2493 5836 l,
2536 5773 2590 5827 ΞΖ.
2672 5776 2716 5805 δι
2751 5777 2892 5831 l‘sal.
2926 5794 3068 5841 κων,
3108 5777 3282 5839 ll,l5.
