4042 6414
329 344 338 357 ’
371 389 475 455 891

1539 406 1640 469 AN
1649 407 1859 471 DRON
1864 406 1972 469 lCI
1994 405 2347 471 COMNENI

3533 407 3647 474 892

375 514 500 560 tuos
527 505 820 578 discipulos
847 511 941 568 Dei
975 529 991 569 :
1026 523 1082 570 et
1112 514 1166 570 in
1200 515 1366 571 multa
1400 530 1533 586 pace
1562 520 1653 575 ﬁlii
1684 522 1784 589 tui,
1811 523 1944 578 etin
1976 528 2023 585 Α
2051 522 2282 578 ﬁliorum
2319 521 2489 581 Israel
2525 520 2581 580 in
2621 538 2826 582 escam.
2857 523 2924 581 Et
2963 532 3026 581 ut
3063 524 3194 597 quid
3236 525 3524 595 respexisti
3579 528 3637 583 in

369 597 577 664 j-istitia
605 601 978 672 aediﬁcaberis,
1010 610 1203 663 recede
1228 609 1296 664 ab
1326 609 1510 678 iniquo
1542 612 1606 666 “.
1653 633 1673 665 ι

449 710 658 769 Videtis
681 724 739 770 nt
760 718 997 786 gentium
1026 721 1328 778 Ecclesiam
1365 725 1630 795 prepheta
1656 728 1959 798 signiﬁcet?

376 818 497 856 nam
532 819 655 860 cum
692 805 1112 882 Hierosolymam
1144 825 1349 879 mouet,
1377 816 1644 872 abstineat
1672 834 1701 872 a
1733 822 1959 877 sceleri-

381 892 503 959 bus,
534 893 845 955 Iudaeorum
893 902 1233 960 calamitates
1269 916 1326 960 et
1365 907 1809 976 internetionem,
1836 929 1958 982 qnte

378 997 475 1037 eos
505 986 781 1050 manebat,
814 1004 843 1042 a
874 991 1169 1048 sceleribus
1200 1010 1305 1050 non
1338 999 1698 1065 abstinentes,
1732 1003 1904 1061 innuit
1939 1022 1956 1060 :

381 1091 400 1124 ι
437 1073 503 1128 Ει
529 1083 710 1131 terror
737 1094 843 1134 non
875 1084 1331 1154 appropinquabit
1357 1090 1451 1143 tibi
1472 1091 1539 1154 ",
1573 1109 1593 1142 ι
1630 1094 1681 1146 id
1715 1103 1818 1159 est,
1841 1111 1958 1152 see-

376 1163 582 1221 leribus
624 1166 906 1226 abstinens
946 1189 1144 1242 expers
1186 1179 1412 1235 terroris
1453 1183 1705 1252 agitabis.
1746 1202 1766 1237 t
1818 1184 1959 1242 Ecce

377 1257 635 1328 proselyti
669 1263 931 1318 accedent
965 1267 1031 1320 ad
1068 1275 1120 1321 te
1150 1280 1251 1335 per
1284 1286 1399 1337 tne;
1444 1291 1464 1325 ι
1506 1288 1602 1343 per
1636 1291 1745 1343 me,
1780 1278 1955 1348 inquit

376 1346 653 1417 Christus,
681 1362 871 1421 gentes
903 1365 956 1410 et
985 1355 1217 1415 diversis
1253 1360 1450 1432 linguis
1486 1365 1765 1429 loquentes
1800 1346 1869 1424 ad
1903 1382 1956 1426 te

374 1441 783 1500 commeabant.
820 1463 840 1499 ι
880 1446 943 1501 Ει
973 1449 1152 1506 coloni
1186 1465 1349 1508 erunt
1380 1457 1476 1523 tui,
1508 1469 1563 1512 et
1589 1460 1653 1513 ad
1685 1468 1738 1517 te
1766 1464 1957 1519 confu-

374 1529 604 1598 gient".
634 1552 656 1587 ι
688 1533 821 1590 Nam
853 1538 905 1593 in
935 1540 1214 1598 Dominico
1238 1546 1506 1615 supplicio
1533 1563 1743 1607 cuncta:
1768 1569 1956 1625 gentes

377 1619 804 1694 Hierosolymam
850 1629 1128 1697 profectas,
1162 1648 1225 1689 ac
1267 1650 1645 1707 comprecatar,
1681 1619 1948 1716 hodieque

376 1724 745 1772 revertuntur.
775 1715 883 1773 Sed
913 1720 1020 1776 erit
1048 1722 1138 1778 hic
1164 1725 1306 1795 lapis
1331 1728 1581 1795 gentibus
1609 1734 1675 1786 ad
1708 1715 1954 1792 resurre-

373 1800 633 1870 ctionem,
665 1805 865 1865 ludatis
901 1812 969 1866 ad
1010 1815 1222 1870 ruinam
1272 1836 1288 1874 :
1333 1822 1531 1876 etenim
1573 1840 1638 1878 ex
1681 1833 1956 1899 prephette

2066 614 2345 668 incensum
2378 629 2579 680 meum,
2607 616 2741 670 etin
2774 614 3103 671 sacriﬁcium
3134 632 3311 671 meum
3344 618 3642 685 impudenti

2064 704 2255 760 oculo?
2282 705 2341 760 Et
2363 705 2677 775 gloriﬁcasti
2703 708 2845 763 Illius
2871 720 2992 763 tuos
3014 725 3177 774 super
3197 725 3301 773 me,
3322 709 3644 765 benedicere

2066 797 2132 849 de
2174 796 2470 865 primordio
2511 797 2691 851 omnis
2735 799 2991 854 sacriﬁcii
3035 798 3205 855 Israel
3248 800 3300 854 in
3347 812 3639 871 conspectu

2066 886 2223 940 meo?
2246 884 2480 957 Propter
2507 889 2611 944 hoc
2643 889 2760 945 lucc
2795 890 2926 947 dicit
2958 892 3217 949 Dominus
3247 891 3392 948 Deus
3424 891 3588 948 Israel
3623 913 3637 948 :

2067 974 2208 1037 Dixi,
2244 977 2437 1032 domus
2483 988 2595 1045 tua,
2629 991 2683 1035 et
2731 982 2925 1037 domus
2973 980 3152 1037 Patris
3203 986 3279 1037 tui
3331 983 3641 1039 transibunt

2062 1082 2243 1121 eorum
2288 1082 2374 1123 me
2427 1083 2597 1139 usque
2644 1071 2695 1125 in
2746 1073 3155 1143 sempiternum.
3190 1073 3255 1128 Et
3301 1088 3448 1128 nunc
3495 1073 3643 1129 dicit

2067 1157 2324 1214 Dominus
2368 1176 2384 1215 :
2422 1158 2774 1231 Nequaquam
2816 1180 2833 1219 :
2876 1165 3132 1232 quoniam
3174 1175 3382 1220 tantum
3427 1163 3637 1235 gloriiiv

2064 1259 2248 1305 rantes
2293 1267 2382 1308 me
2420 1252 2756 1322 gloriﬁcabo,
2794 1265 2850 1311 et
2893 1255 2987 1326 qui
3035 1256 3244 1326 spernit
3287 1273 3391 1322 me,
3434 1258 3643 1313 honore

2064 1342 2385 1411 privabitur.
2409 1343 2549 1402 Ecce
2572 1347 2688 1403 dies
2715 1350 2958 1413 veniunt,
2981 1358 3036 1406 et
3055 1351 3432 1406 exterminabo
3454 1367 3642 1407 semen

2064 1444 2236 1502 tuum,
2267 1448 2322 1493 et
2363 1453 2550 1495 semen
2592 1441 2786 1498 domus
2829 1443 3002 1512 patris
3041 1443 3143 1510 tui,
3179 1453 3234 1499 et
3269 1459 3374 1500 non
3408 1446 3512 1499 erit
3544 1446 3644 1499 tibi

2061 1542 2223 1582 senex
2254 1530 2305 1583 in
2336 1532 2497 1588 domo
2526 1547 2645 1589 mea
2675 1535 2927 1590 omnibus
2972 1534 3183 1591 diebus.
3207 1535 3271 1591 Et
3296 1536 3440 1591 viros
3464 1546 3647 1591 exter-

2060 1620 2280 1676 tninabo
2314 1622 2383 1677 ab
2413 1623 2571 1679 altari
2607 1640 2749 1691 meo,
2778 1635 2843 1681 ut
2876 1627 3138 1682 deﬁciant
3172 1626 3312 1682 oculi
3348 1643 3556 1695 eorum,
3588 1638 3648 1683 et

2060 1710 2260 1766 drﬂuat
2303 1713 2482 1769 anima
2535 1731 2747 1771 eorum.
2782 1716 2849 1772 Et
2890 1719 3068 1775 omnis
3116 1719 3209 1791 qui
3264 1720 3533 1789 supererit
3573 1734 3645 1775 ex

2063 1803 2224 1857 domo
2258 1814 2369 1872 tua,
2397 1806 2606 1866 cadent
2627 1810 2678 1863 iu
2715 1809 2985 1879 rontpha’a
3021 1811 3279 1866 virorum.
3307 1810 3377 1865 Et
3405 1811 3509 1865 hoc
3544 1812 3644 1866 tibi

381 1900 561 1945 mente
592 1907 731 1960 unus
765 1896 1014 1971 idemque
1048 1903 1184 1974 lapis
1213 1910 1320 1963 em
1349 1886 1694 1981 οπεηείοηίεξ
1715 1886 1952 1987 eam“,
1990 1886 2031 1943 Β
2056 1895 2301 1965 signum,
2324 1900 2466 1969 quod
2507 1902 2687 1957 veniet
2729 1917 2894 1974 super
2937 1905 3075 1958 duos
3112 1904 3251 1959 ﬁlios
3290 1914 3432 1971 tuos,
3463 1904 3641 1975 Opimi

371 1984 608 2039 scandali
628 1984 695 2041 ⁸³.

422 2092 587 2186 'Quid
639 2098 809 2171 igitur
848 2104 1032 2163 dicent
1077 2116 1395 2184 aerumnosi,
1430 2134 1553 2175 cum
1606 2123 1869 2183 illustrem
1922 2145 1954 2186 ο

370 2185 528 2241 emlis
571 2190 951 2255 adventantem
993 2198 1271 2260 Christum
1312 2210 1591 2280 videlmnt,
1621 2218 1954 2290 audicnlqne

372 2277 428 2330 in
476 2293 684 2336 summa
736 2288 1021 2359 majestate
1067 2296 1318 2355 all‘antem
1373 2304 1523 2372 illos,
1560 2312 1648 2378 qui
1701 2328 1761 2367 se
1807 2316 1953 2372 velut

374 2382 662 2472 angustum
716 2388 768 2434 et
818 2385 1131 2453 angularem
1183 2391 1412 2461 lapident
1461 2410 1586 2454 sunt
1629 2404 1954 2472 atuplexatt?

377 2475 400 2512 ι
432 2459 642 2531 Venite,
694 2468 964 2530 benedicti
1016 2477 1191 2536 Patris
1238 2459 1363 2547 tnei,
1399 2491 1669 2556 possidete
1705 2459 1948 2564 paratum

369 2553 523 2608 vobis
548 2571 771 2627 regnum
791 2562 856 2616 δ’.
886 2582 904 2616 ι
948 2566 1199 2627 Sinistris
1223 2591 1373 2643 vero,
1398 2580 1489 2647 qui
1522 2584 1572 2635 in
1603 2598 1792 2638 saxum
1821 2588 1950 2644 illttd

370 2648 715 2718 impegerunt
743 2664 799 2711 et
829 2655 1194 2731 nll‘euderunt,
1225 2668 1528 2730 dicentem?
1564 2695 1582 2728 ι
1626 2677 1891 2735 Discedite
1922 2701 1950 2736 a

290 2786 293 2789 ,
371 2752 459 2792 tne
499 2742 772 2801 maledicti
822 2749 874 2803 iu
920 2753 1098 2823 ignem
1148 2768 1432 2829 aeternum,
1468 2768 1558 2834 qni
1601 2779 1828 2837 paratus
1869 2784 1953 2830 est

370 2828 588 2887 diabolo
634 2844 689 2890 et
732 2841 941 2909 angelis
990 2845 1105 2914 ejus
1128 2848 1197 2903 '°.
1250 2869 1269 2904 ι
1325 2828 1616 2920 Quomodo
1661 2872 1773 2917 tum
1825 2828 1951 2922 facti

373 2924 703 2988 patuitentes
742 2948 853 3000 pra)
894 2936 1058 2992 animi
1102 2944 1347 3012 angustia
1388 2958 1629 3017 getuent,
1666 2962 1719 3007 et
1754 2954 1949 3011 iterum

368 3023 533 3114 atque
565 3016 759 3074 iterum
794 3037 1041 3093 repetent
1073 3047 1089 3086 :
1134 3050 1154 3084 ι
1192 3031 1297 3090 Hic
1328 3045 1431 3101 est,
1465 3054 1626 3110 quem
1663 3043 1951 3114 aliquando

2055 1996 2111 2043 et
2142 1989 2373 2046 Phinees
2401 2010 2416 2048 :
2449 2008 2553 2047 una
2583 1994 2671 2050 die
2699 1996 3001 2051 morientur
3026 1997 3190 2053 ambo
3209 1998 3276 2053 ⁸⁸.
3314 2016 3335 2051 ι

2132 2105 2258 2163 Jun.
2290 2107 2407 2163 Non
2444 2110 2497 2164 in
2532 2112 2779 2179 quemvis
2816 2111 3098 2169 lsraelitici
3137 2114 3352 2182 generis
3383 2117 3642 2171 sacerdo-

2056 2210 2187 2264 tem.
2215 2204 2308 2256 sed
2341 2203 2393 2256 in
2428 2202 2548 2257 Ileli
2580 2205 2778 2270 solum,
2805 2205 2913 2260 hoc
2941 2205 3177 2261 edictum
3207 2209 3430 2276 expetit.

2125 2292 2349 2347 Cumsr.
2406 2291 2626 2345 Minime
2673 2296 2937 2363 gentium.
2986 2294 3122 2350 Male
3172 2312 3358 2352 sacras
3408 2298 3644 2354 Litteras

2054 2384 2376 2455 intelligitis.
2403 2384 2537 2439 Nam
2570 2387 2614 2441 si
2651 2388 2702 2440 in
2736 2388 2853 2442 Ilcli
2887 2391 3057 2445 solum
3087 2393 3409 2460 expetebat;
3439 2394 3642 2448 dictum

2053 2478 2289 2543 oportuit
2323 2494 2337 2530 :
2376 2497 2394 2530 ι
2433 2478 2819 2535 Extermiuabo
2848 2497 3033 2537 semen
3065 2497 3236 2539 tnunt.
3274 2504 3293 2536 ι
3330 2485 3483 2540 Nunc
3512 2502 3644 2541 vero

2053 2569 2206 2622 addit
2235 2588 2248 2624 :
2288 2589 2305 2621 ι
2344 2571 2408 2625 Et
2436 2587 2621 2626 semen
2655 2574 2851 2627 domus
2882 2576 3052 2643 patris
3082 2577 3156 2631 tui
3195 2595 3209 2632 :
3243 2598 3261 2630 ι
3297 2579 3640 2648 Levi-procul

2055 2661 2221 2716 dubio
2257 2672 2449 2716 notans
2493 2676 2701 2733 patrem
2744 2668 2935 2722 domus
2979 2669 3114 2723 IIeli.
3149 2669 3275 2724 Ideo
3317 2672 3643 2740 praedzxerat

2055 2752 2139 2804 vir
2167 2751 2255 2805 Dei
2289 2769 2306 2809 :
2348 2771 2368 2805 ι
2404 2755 2548 2824 Elcgi
2584 2756 2803 2813 domum
2841 2764 3010 2829 patris
3046 2761 3123 2815 ttti
3158 2776 3221 2817 ex
3258 2764 3511 2818 omnilins
3545 2764 3641 2816 tri-

2054 2839 2227 2895 bubus
2265 2845 2430 2899 Israt-I
2473 2847 2605 2901 mihi
2652 2849 2702 2902 in
2745 2850 3107 2906 sacerdotem.
3141 2870 3161 2904 ι
3197 2853 3376 2919 Quare
3410 2869 3507 2922 pro
3538 2856 3641 2909 de-

2055 2933 2197 2990 lectu
2229 2936 2431 2990 editqu
2464 2954 2678 3009 quoque
2710 2951 2794 2996 est
2827 2943 3062 2999 edictum
3089 2963 3104 3013 ;
3141 2947 3407 3017 siquidem
3438 2951 3587 3005 addit
3626 2971 3640 3005 :

2060 3044 2080 3079 ι
2132 3026 2524 3084 Extermlnabo
2572 3046 2760 3087 semen
2810 3034 3003 3091 domus
3049 3039 3251 3106 patris,
3282 3048 3335 3093 et
3379 3056 3484 3094 non
3530 3045 3645 3096 eris

368 3102 655 3165 habuimus
677 3113 728 3167 in
753 3114 1082 3184 derisum,et
1106 3124 1159 3179 in
1184 3102 1586 3187 similitudinem
1612 3102 1947 3207 impropcrii.
2052 3121 2313 3190 propheta
2351 3124 2403 3177 i"
2440 3122 2602 3179 domo
2638 3139 2755 3179 “"3"
2790 3127 3040 3183 0"“‘ibus
3063 3130 3269 3186 δίδωθι
3317 3150 3336 3183 ⁸
3374 3133 3487 3199 ρ¹¹³
3511 3149 3643 3188 ⁵θ¹¹⁶

371 3195 478 3254 Nos
510 3199 763 3260 insensati
795 3215 935 3266 viam
969 3214 1109 3270 illius
1138 3219 1544 3281 mstimabamus
1573 3227 1863 3298 insaniam,
1893 3242 1948 3288 et

2060 3212 2223 3267 lentia
2254 3216 2622 3269 omnimodam
2651 3218 2995 3272 sacerdotum
3028 3222 3435 3292 abrogationent
3468 3227 3642 3294 signi-

366 3289 524 3345 linem
546 3293 685 3350 illius
698 3299 815 3354 sine
833 3301 1052 3360 honore.
1073 3306 1209 3363 Ecce
1226 3316 1492 3378 quomodo
1507 3331 1847 3388 cotnpntatus
1866 3334 1949 3379 est

2058 3307 2214 3374 Iit-at;
2245 3323 2477 3379 eamque
2505 3313 2862 3379 prmsentieus
2886 3324 2939 3367 et
2966 3312 3131 3369 David
3163 3317 3239 3371 ait
3266 3336 3279 3372 ε
3314 3337 3334 3369 ι
3370 3319 3426 3373 Iu
3455 3318 3638 3374 Eccle-

367 3379 668 3445 inm-ﬁlios
695 3387 813 3458 ονε,
835 3404 886 3448 ει
916 3395 1059 3452 imm.
1091 3414 1306 3458 Faunos
1338 3420 1458 3461 sors
1490 3379 1776 3467 “nugas”
1814 3417 1952 3484 Ergo
2052 3396 2151 3451 siis
2197 3397 2503 3454 benedicite
2547 3399 2654 3454 Deo
2698 3400 2925 3457 Domino
2947 3405 3014 3459 ⁸⁷.
3061 3423 3079 3456 ι
3126 3405 3261 3460 Nam
3303 3407 3355 3461 in
3402 3409 3638 3462 Mosaict

367 3476 671 3531 erravimus
718 3497 746 3534 a
801 3483 886 3538 via
934 3489 1215 3557 veritatis,
1247 3505 1301 3548 et
1342 3495 1571 3565 justitiae
1616 3502 1796 3559 lumen
1844 3524 1948 3563 non

368 3559 505 3615 luxit
540 3566 713 3621 nobis.
744 3573 953 3627 Lassati
978 3591 1164 3633 sumus
1197 3581 1248 3634 in
1282 3559 1363 3636 via
1399 3586 1697 3657 iniquitatis
1738 3603 1791 3648 et
1821 3559 1945 3665 per:

365 3650 586 3707 ditionis
620 3674 634 3711 :
669 3659 807 3714 viam
841 3673 1020 3719 autem
1054 3665 1262 3724 Domini
1299 3673 1665 3743 ignoravimus
1682 3683 1749 3738 εί.
1784 3650 1948 3741 ι’δεε]

371 3756 480 3796 ιιιιιι
507 3746 587 3798 eis
612 3748 822 3807 inutilis
847 3757 950 3810 erit
976 3757 1155 3814 ﬂetus.
1180 3761 1313 3818 Nam
1340 3782 1540 3835 sponso
1568 3771 1621 3825 in
1655 3774 1947 3831 thalamum

371 3835 643 3905 ingresso,
664 3842 1025 3914 omnibusque
1057 3852 1301 3910 convivis
1330 3870 1451 3910 cum
1479 3874 1545 3914 co
1571 3865 1948 3933 gaudentibus,

369 3924 591 3982 thalami
629 3930 771 3988 fores
806 3934 1005 3992 clausa:
1037 3951 1198 3996 erunt
1232 3958 1418 4012 porro,
1450 3957 1508 4002 ut
1538 3950 1669 4006 olim
1712 3957 1946 4022 paradisi

367 4016 615 4076 ﬂammeo
652 4038 784 4080 ense
823 4030 1196 4089 custodian".
1230 4035 1312 4089 Alt
1349 4042 1564 4107 quoties
1601 4045 1786 4101 miseri
1824 4063 1946 4103 cum

369 4111 623 4181 lamymis
671 4117 1038 4177 inelamabnut
1082 4141 1097 4178 :
1146 4143 1165 4178 ι
1218 4127 1471 4198 Domine,
1506 4132 1760 4204 Domine,
1798 4143 1945 4210 aperi

367 4201 552 4268 nobis;
589 4223 606 4255 ι
645 4208 912 4276 siquidem
947 4221 1001 4268 et
1028 4228 1155 4270 caro
1184 4233 1245 4273 es
1275 4220 1340 4275 de
1370 4237 1535 4279 carne
1566 4239 1777 4294 nostra,
1803 4242 1854 4287 et
1885 4248 1948 4289 os

372 4292 439 4346 de
465 4296 680 4354 ossibus
713 4304 938 4369 uestris,
961 4309 1051 4376 qui
1078 4312 1296 4377 quidem
1329 4327 1393 4367 ex
1425 4317 1721 4385 majoribus
1750 4325 1948 4379 nostris

361 4396 516 4441 ortus
550 4386 751 4446 fueras.
784 4391 891 4448 Sed
924 4413 1017 4452 eos
1053 4400 1188 4462 Rex.
1223 4403 1472 4474 idemque
1508 4409 1648 4463 Deus
1692 4412 1940 4483 alloque-

367 4483 495 4529 tur:
532 4495 549 4527 ι
588 4478 755 4533 Amen
789 4483 909 4537 dico
937 4488 1109 4554 vobis,
1135 4493 1318 4547 nescio
1346 4509 1439 4551 vos
1461 4497 1527 4551 ⁸³.
1566 4519 1584 4550 ι
1613 4532 1677 4543 ——
1709 4521 1728 4554 ι
1764 4503 1947 4561 Disce-

364 4566 474 4619 dite
513 4582 543 4621 a
585 4586 670 4628 me
717 4573 809 4640 qui
851 4591 1070 4644 operam

365 4670 460 4706 vos
495 4667 622 4712 ante
658 4670 890 4721 testatus
918 4684 1035 4723 sum
1075 4688 1089 4724 :
1134 4690 1151 4722 ι
1193 4674 1291 4738 Qui
1326 4686 1604 4749 negaverit
1640 4701 1723 4740 me
1757 4703 1941 4743 coram

368 4748 699 4818 hominibus,
735 4759 947 4826 negabo
985 4772 1041 4816 et
1074 4779 1174 4835 ego
1214 4783 1563 4832 eumcoram
1602 4776 1763 4833 Patre
1798 4796 1940 4846 meo,

361 4840 463 4933 qni
487 4841 536 4895 itt
568 4846 720 4902 cmlis
751 4860 832 4903 est
851 4850 915 4906 ⁸⁵.
954 4873 973 4905 ι
1009 4854 1187 4925 Atque
1215 4861 1327 4917 haec
1355 4867 1572 4933 quidem
1605 4871 1684 4923 sic
1716 4840 1941 4928 habent.

430 4931 695 4991 Caeterum
731 4937 1039 5011 Regnorum
1071 4952 1277 5019 primus
1306 4958 1377 5010 ait
1413 4975 1429 5012 :
1471 4978 1490 5011 ι
1528 4959 1685 5016 Venit
1718 4964 1799 5017 vir
1837 4964 1928 5021 Dei

364 5025 428 5076 ad
465 5024 581 5081 lleli
614 5035 977 5102 sacerdotem,
1007 5050 1062 5096 et
1094 5044 1172 5097 ait
1200 5046 1268 5099 ad
1303 5063 1424 5102 eum
1463 5073 1475 5106 :
1515 5052 1635 5107 "are
1670 5055 1800 5110 dicit
1831 5056 1967 5111 Du»

366 5115 545 5173 minus
588 5121 906 5195 :Numquid
942 5147 1044 5186 non
1080 5146 1265 5204 aperte
1299 5144 1564 5197 revelatus
1599 5162 1715 5199 sum
1751 5148 1934 5203 domui

363 5217 534 5280 patris
564 5219 679 5271 tui?
704 5232 755 5274 et
786 5224 920 5295 elegi
954 5243 1073 5280 cum
1099 5244 1166 5284 ex
1196 5233 1448 5290 omnibus
1484 5236 1729 5293 tribubus
1767 5238 1934 5296 Israel

366 5306 496 5360 mihi
533 5309 585 5363 in
620 5316 977 5381 sacerdotem,
1006 5327 1062 5370 nt
1089 5322 1409 5378 ascenderet
1438 5326 1502 5377 ad
1534 5326 1706 5381 altare
1740 5345 1940 5401 meum,

364 5407 416 5450 et
445 5398 683 5458 adoleret
719 5407 845 5460 tuilti
877 5408 1182 5474 incensum,
1207 5423 1263 5466 et
1288 5425 1525 5483 portaret
1553 5420 1727 5485 ephnd
1759 5436 1939 5475 coram

365 5490 492 5543 me?
518 5489 581 5544 Et
609 5493 728 5548 dedi
761 5497 941 5553 detnni
972 5502 1141 5569 patris
1172 5503 1245 5555 tui
1278 5506 1482 5571 Omnia,
1507 5522 1625 5575 qua:
1655 5519 1778 5562 sunt
1804 5509 1942 5579 ignis

435 5672 480 5705 ⁴⁸
505 5674 607 5730 lsa.
636 5694 742 5743 Ltv,
781 5682 958 5737 Il-l5.

367 5743 457 5797 41.
499 5748 573 5827 ..⁸³
612 5754 733 5814 halt.
767 5768 816 5811 v,
845 5754 957 5808 5-7.

370 5826 433 5878 tt,
460 5816 623 5872 27—55

1066 5687 1109 5717 ⁸⁵
1136 5689 1262 5742 iltitl.
1296 5690 1379 5743 Η.
1458 5691 1500 5723 ⁵⁷
1531 5693 1658 5745 ilttel.
1698 5695 1775 5746 I5.

1035 5760 1078 5788 δ’
1110 5758 1244 5812 Gt-n.
1278 5776 1358 5819 Ill,
1390 5762 1478 5813 at.

1856 5695 1899 5726 ‘3
1929 5695 2026 5748 Isa.
2056 5713 2175 5759 vttt,
2214 5698 2302 5760 li;
2352 5699 2503 5752 ιιοτυ.
2537 5714 2590 5756 x,
2617 5699 2707 5753 53.

1856 5781 1977 5818 xxv.
2009 5766 2092 5818 II.
2127 5767 2209 5818 I2.
2287 5769 2332 5798 ⁸³
2362 5768 2549 5818 ἷιιιιιιι.
2581 5778 2707 5818 vn.‘

1556 5765 1602 5794 ³³
1635 5765 1799 5819 Matth
1853 5781 1977 5820 xxv.
2009 5766 2093 5820 II.
2127 5767 2209 5820 l2.

724 5822 766 5851 ⁸⁷
795 5821 932 5880 l‘s.l.
962 5843 1125 5889 van,
1158 5831 1247 5884 27.
1325 5834 1369 5863 "
1398 5832 1539 5887 I‘sal.
1569 5848 1783 5900 CIXM’l,
1811 5835 1874 5903 4;
1908 5853 1949 5890 ι)

2057 5805 2093 5830 .,
2130 5805 2209 5820 ....
2706 5805 2787 5823 ω.
2945 5805 3074 5823 μαι.
3112 5805 3206 5830 η...
3238 5805 3288 5826 ν.
3439 5805 3457 5820 ι
3482 5805 3615 5824 ην.

2057 5837 2096 5890 3.
2174 5839 2220 5870 ’⁸³
2250 5837 2448 5892 Jcrcm.
2486 5854 2566 5902 ιιι,
2600 5838 2679 5895 l5.
2760 5841 2802 5872 ⁶⁰
2832 5841 2933 5895 Isa.
2960 5856 3046 5905 ωε,
3083 5841 3165 5895 l7.
3243 5842 3283 5873 “
3321 5844 3421 5898 lsa.
3449 5855 3535 5907 LV,

2053 3486 2170 3554 lege
2211 3502 2317 3542 non
2366 3490 2623 3545 sacerdos
2663 3502 2784 3546 erat
2823 3505 2979 3549 extra
3020 3498 3275 3566 templqu
3322 3496 3639 3570 Hierosoly-

2055 3578 2178 3641 mis,
2203 3593 2311 3632 uon
2344 3580 2611 3647 pontifex,
2640 3598 2746 3636 non
2779 3584 3099 3652 immolatio,
3129 3603 3236 3642 non
3269 3588 3499 3653 snllitus,
3527 3606 3638 3644 non

2053 3662 2433 3734 libamentum,
2464 3672 2594 3739 quin
2630 3681 2685 3727 et
2713 3671 2985 3745 Babylone
3013 3678 3343 3743 cxsulautes,
3374 3681 3426 3733 iu
3459 3681 3635 3733 aliena

2058 3765 2201 3808 terra
2246 3757 2357 3813 Deo
2389 3763 2637 3817 carmina
2668 3763 2868 3822 offerre
2895 3768 3147 3838 religioni
3186 3773 3539 3829 habebant".
3569 3776 3635 3832 At

2051 3862 2196 3902 nunc
2238 3851 2305 3904 ab
2350 3862 2470 3905 ortu
2515 3863 2570 3908 et
2612 3870 2834 3922 occasu,
2873 3861 2941 3912 ab
2984 3863 3237 3930 aquilone
3282 3872 3444 3934 atque
3492 3870 3634 3922 mari

2049 3950 2235 3993 coacta
2287 3950 2340 3995 et
2386 3946 2733 4002 cottstabilita
2786 3960 2871 4005 est
2915 3950 3183 4007 Ecclesia.
3234 3954 3444 4023 Ubique
3483 3959 3633 4011 enim

2051 4032 2283 4099 templa,
2319 4036 2666 4103 patriarchae,
2701 4042 3013 4110 pontiﬁces,
3047 4049 3356 4103 sacerdotes
3393 4064 3456 4103 ac
3528 4048 3633 4101 Le-

2051 4122 2178 4175 vita:
2211 4125 2522 4191 frequentes
2553 4145 2565 4182 :
2599 4128 2650 4180 in
2681 4131 2933 4187 omnibus
2962 4148 3066 4202 qua
3099 4136 3255 4196 viris,
3280 4150 3384 4203 qua
3413 4137 3636 4191 urbibus

2047 4211 2268 4268 assidue
2302 4217 2638 4271 incruentam
2674 4220 2907 4275 hostiam
2943 4223 3217 4278 immolari
3251 4241 3464 4289 cernas,
3493 4236 3625 4280 toto-

2047 4320 2151 4372 que
2194 4306 2325 4359 orbe
2370 4317 2635 4363 terrarum
2679 4311 2769 4365 Dei
2809 4327 3003 4368 nomen
3040 4315 3247 4371 laudari
3282 4326 3445 4385 atque
3479 4319 3631 4373 cele-

2047 4396 2217 4451 brari.

2640 4515 2883 4581 CAPUT,
2911 4518 3040 4576 LIV.

2049 4625 2350 4697 Pt'ophetin:
2395 4630 2460 4684 de
2517 4630 2723 4701 objecta
2779 4634 2925 4716 plebe
2980 4635 3245 4702 Judaica,
3298 4648 3344 4692 et
3400 4643 3630 4707 gentium

2691 4716 2984 4759 υοταιιοηε.

2120 4789 2330 4859 Quippe
2375 4790 2451 4844 ait
2493 4808 2591 4861 per
2631 4792 2927 4850 Jeremiam
2970 4796 3114 4853 Deus
3157 4815 3173 4854 :
3223 4819 3241 4851 ι
3296 4800 3441 4855 Dabo
3481 4801 3628 4856 vobis

2049 4887 2301 4947 pastores
2324 4879 2474 4947 juxta
2508 4896 2604 4936 cor
2631 4899 2829 4951 meum,
2858 4897 2912 4940 et
2941 4898 3160 4954 paseent
3194 4904 3289 4943 vos
3324 4893 3628 4946 scientiam

2050 4968 2297 5023 det-trina
2319 4969 2386 5023 ⁵ο.
2427 4987 2446 5022 ι
2482 4968 2546 5022 Ει
2578 4986 2672 5039 per
2703 4973 2931 5030 Isaiam:
2965 4994 2984 5030 ‹
3015 4977 3163 5049 Dabo
3199 4980 3469 5047 principes
3507 4990 3627 5036 tuos.

2047 5060 2100 5114 in
2135 5077 2287 5129 pace,
2315 5073 2367 5115 et
2403 5064 2688 5134 episcopos
2727 5077 2848 5121 tnos
2879 5068 2930 5122 itt
2960 5070 3261 5139 justitia“.
3301 5091 3320 5124 ι
3362 5072 3621 5126 Rursum-

2043 5164 2149 5218 que
2177 5150 2243 5204 dc
2269 5153 2621 5208 credentibus
2650 5154 2851 5211 Judacis
2882 5173 2895 5211 :
2934 5175 2953 5208 ι
2994 5157 3138 5213 Vivet
3174 5159 3228 5212 in
3262 5161 3414 5215 hortis
3443 5163 3626 5214 anima

2046 5245 2247 5298 vestra,
2276 5248 2330 5291 et
2362 5241 2692 5295 constituam
2725 5244 2878 5299 vobis
2915 5254 3296 5301 testamentum
3331 5261 3622 5306 :eteruum.

2043 5337 2233 5382 Sancta
2274 5329 2443 5384 David
2484 5332 2657 5386 ﬁdelia
2679 5333 2745 5389 σί.
2790 5352 2808 5386 ι
2856 5336 2997 5389 Idem
3034 5336 3229 5391 iterum
3271 5356 3284 5391 :
3329 5359 3347 5390 ι
3387 5342 3621 5405 ριιιιοτὶιε

2045 5418 2364 5484 Dominum,
2411 5434 2465 5476 et
2509 5424 2563 5478 in
2617 5425 2937 5482 inveniendo
2987 5429 3235 5483 invocato
3285 5446 3449 5497 cum;
3498 5436 3622 5500 quia

2052 5512 2278 5567 multum
2322 5515 2551 5569 dimittet
2596 5528 2816 5584 peccata
2855 5527 3055 5574 vestra.
3088 5519 3271 5587 Neque
3311 5523 3455 5575 enim
3495 5536 3619 5576 sunt

3410 5699 3454 5730 ⁵⁸
3488 5700 3615 5751 illiti.

3368 5771 3412 5801 ⁸⁸
3439 5767 3457 5820 I
3482 5769 3616 5824 Rea.

2784 5700 2826 5730 ‘9
2861 5699 3046 5753 llhtth.
3082 5716 3209 5765 xxv,
3242 5700 3331 5754 Si.

2287 5769 2332 5798 δι
2362 5768 2549 5820 ἷιιιιιιι.
2581 5784 2672 5827 vn,
2701 5770 2787 5823 2'5.
2867 5772 2911 5801 ⁸⁵
2945 5769 3074 5823 an.
3111 5787 3206 5830 xu.
3236 5772 3288 5826 9.
