4042 6402
302 407 412 472 833

1341 420 1735 486 DIALOGUS
1763 423 2078 487 CONTRA
2111 424 2444 490 JUDEOS.

3480 424 3592 492 894

305 525 671 598 cogitationes
703 542 862 597 mete,
894 529 1040 587 sicut
1070 530 1428 603 cogitationes
1457 546 1683 606 vestrae;
1720 553 1898 608 neque
1925 544 1974 602 Α
2003 555 2067 597 eo
2122 542 2412 612 portabitis
2464 539 2733 613 primitias
2788 524 2853 600 et
2900 540 3173 601 sacriﬁcia
3224 546 3408 601 vestra
3429 543 3500 612 ",
3559 553 3584 591 ι

301 620 409 676 τίω
453 629 674 684 vestrm,
715 620 818 678 via:
864 636 1033 690 mem,
1077 624 1207 680 dicit
1260 626 1543 686 Dominus.
1596 628 1704 684 Sed
1757 629 1901 684 sicut

310 714 480 769 distat
529 712 728 772 caelum
779 729 812 770 a
860 724 1037 783 terra,
1074 717 1157 773 sic
1203 718 1373 775 distat
1412 720 1500 775 via
1551 734 1669 777 mea
1720 736 1750 775 a
1800 723 1904 777 viis

317 806 543 872 vestris,
572 815 630 861 et
657 807 1017 878 cogitationes
1047 826 1179 866 mere
1212 826 1242 865 a
1273 812 1528 868 cordibus
1554 814 1751 869 vestris
1767 815 1834 869 ⁶¹.
1874 832 1895 866 ι

316 897 385 950 Et
415 912 628 953 rursum
663 914 679 952 :
713 915 735 950 t
775 897 901 954 Haec
932 899 1065 955 dicit
1092 901 1355 959 Dominus
1393 921 1410 960 :
1446 904 1727 961 Custodite
1754 907 1902 974 judi-

312 990 485 1054 cium,
513 999 569 1045 et
602 989 764 1046 facite
788 990 1085 1061 justitiam,
1115 996 1242 1063 quia
1272 996 1425 1067 juxta
1461 1008 1544 1052 est
1577 997 1722 1053 salus
1755 1012 1900 1054 mea.

311 1078 517 1136 Domus
578 1095 703 1137 mea
763 1082 960 1140 domus
1018 1087 1284 1142 orationis
1345 1089 1628 1144 vocabitur
1688 1090 1901 1147 cunctis

305 1172 520 1243 populis
535 1172 604 1229 “.
636 1192 658 1227 ι

385 1287 464 1343 De
492 1287 632 1359 legis
653 1303 789 1346 vero
821 1288 1179 1363 abrogatione
1206 1293 1399 1348 Oscam
1430 1294 1751 1367 prephetam
1781 1311 1902 1352 mo-

306 1380 431 1435 nuit
463 1379 628 1448 Deus,
660 1382 714 1437 in
751 1383 891 1438 hanc
920 1384 1246 1439 sententiam
1283 1403 1299 1440 :
1346 1404 1367 1438 ι
1410 1385 1579 1452 Vade,
1609 1403 1765 1445 sume
1798 1389 1899 1447 tibi

310 1488 537 1530 uxorem
580 1473 1038 1545 fornicationum;
1086 1487 1142 1532 et
1187 1477 1274 1535 fac
1320 1478 1415 1536 tibi
1466 1480 1606 1536 iilios
1651 1480 1896 1537 fornica-

311 1562 548 1629 tiouum,
577 1564 706 1635 quia
738 1566 1022 1624 Iornicans
1053 1568 1415 1625 fornicabitur
1444 1571 1801 1646 (SyuagOga).
1831 1572 1899 1629 Et

310 1655 464 1719 abiit,
491 1664 547 1711 et
575 1657 787 1727 accepit
815 1657 1020 1716 Gnmer
1049 1661 1217 1716 ﬁliam
1251 1661 1524 1719 Debclaim
1562 1681 1580 1723 :
1615 1675 1668 1720 et
1695 1681 1898 1723 conce-

313 1749 416 1818 pit,
442 1759 497 1805 ct
527 1752 738 1820 peperit
762 1755 810 1808 ei
840 1754 1007 1809 tilium
1040 1774 1057 1812 :
1086 1765 1143 1813 et
1168 1756 1306 1813 dixit
1338 1758 1599 1813 Dominus
1628 1760 1696 1813 ad
1723 1773 1849 1815 eum
1884 1781 1897 1817 :

2006 633 2318 691 Salomonis
2359 634 2618 706 templum
2660 648 2887 705 prorsus
2926 634 3185 693 innuens.
3212 635 3283 692 At
3316 635 3411 693 ubi
3442 651 3590 694 nunc

2003 725 2167 781 hodie
2224 725 2486 797 templum
2537 725 2710 782 illud?
2758 726 2851 783 ubi
2907 726 3234 797 pontiﬁces?
3276 729 3591 787 sacerdotes

2006 818 2140 873 ubi?
2174 818 2265 873 ubi
2300 818 2394 888 qui
2428 818 2742 875 sacerdotes
2783 827 2986 891 ungant
3014 827 3071 876 et
3101 819 3461 891 inaugurent?
3494 820 3591 877 ubi
3680 816 3687 823 ’

2002 927 2171 970 cornu
2213 910 2356 968 olei?
2390 910 2522 979 Quae
2552 910 2637 966 lex
2674 909 2913 966 Massica
2950 910 3212 980 profanos
3246 914 3497 982 permisit
3531 913 3588 967 iu

2002 1005 2319 1061 sacerdotes
2373 1002 2726 1071 consecrari,
2774 1002 3051 1073 illegitime
3110 1013 3266 1059 extra
3327 1005 3588 1075 templum

2006 1096 2566 1168 Hicrosolymitanum
2592 1095 2649 1152 in
2672 1097 3051 1154 communibus
3073 1096 3280 1153 aedibus
3301 1097 3594 1153 collectos?

2003 1187 2231 1245 Habetis
2266 1203 2398 1245 ecce
2436 1187 2664 1260 proiecti
2707 1188 3003 1245 sacerdotii
3044 1197 3384 1259 argumenta.
3414 1187 3596 1256 Quare

2002 1279 2053 1336 si
2102 1280 2357 1335 sacerdos
2404 1294 2510 1335 non
2560 1290 2681 1345 est,
2714 1291 2906 1335 omnes
2951 1277 3115 1349 igitur
3156 1275 3331 1333 Judaei
3377 1278 3596 1335 adulte-

2001 1380 2215 1437 rautur,
2250 1381 2414 1440 atque
2454 1385 2524 1426 ex
2566 1369 2837 1426 adulterio
2883 1377 3205 1435 nascuntur,
3239 1383 3368 1439 ergo
3409 1368 3591 1437 spurii

2000 1475 2221 1528 omnes,
2257 1472 2314 1517 at
2357 1461 2578 1533 spurius
2622 1476 2693 1517 ex
2733 1460 2853 1532 lege
2893 1459 3063 1517 Mosis
3106 1462 3175 1516 ad
3220 1461 3593 1517 sacerdotium

2002 1567 2108 1609 non
2154 1553 2465 1610 asciscitur.
2500 1553 2566 1611 Et
2595 1553 2800 1624 alioqui
2831 1553 3090 1609 sacerdos
3122 1553 3284 1625 plane
3317 1553 3520 1621 dicitur
3552 1568 3584 1607 a

2000 1646 2175 1702 sacris
2219 1644 2511 1712 faciundis,
2546 1646 2602 1702 id
2647 1654 2753 1714 est,
2785 1645 3115 1701 mactandis.
3150 1646 3249 1702 Sin
3300 1646 3477 1701 hostia
3527 1654 3587 1698 et

1992 1752 2157 1795 sacra
2195 1753 2305 1794 non
2346 1737 2486 1804 sint,
2518 1752 2621 1794 nec
2658 1738 2914 1795 sacerdos
2951 1737 3170 1809 quidem
3211 1746 3319 1799 est.
3364 1736 3471 1792 nisi
3504 1735 3599 1807 qui

317 1843 467 1898 Voca
498 1859 698 1900 nomen
732 1844 850 1915 ejus
878 1844 1127 1903 Jezrahel
1166 1869 1180 1904 :
1220 1849 1475 1917 quoniam
1510 1848 1689 1905 adhuc
1723 1846 1898 1905 modi—

2009 1831 2142 1888 falso
2179 1832 2439 1889 sacerdos
2473 1830 2581 1887 dici
2617 1830 2876 1902 postulet.
2907 1829 3096 1900 Itaque
3126 1829 3172 1885 si
3207 1827 3374 1897 Ozias,
3407 1845 3600 1900 quam-

313 1946 464 1998 cum,
493 1942 550 1988 et
586 1933 823 1990 ulciscar
865 1937 1186 2007 sanguinem
1229 1934 1442 1993 Jezrael
1480 1952 1646 2008 super
1683 1938 1903 1995 domum

309 2023 453 2079 Juda
494 2043 510 2081 :
545 2035 602 2082 et
634 2028 739 2083 erit
772 2027 831 2084 in
866 2028 953 2085 die
990 2030 1101 2097 illa,
1129 2030 1414 2100 quiescere
1448 2031 1641 2085 faciam
1678 2046 1905 2102 regnum

319 2115 520 2173 domus
554 2116 725 2174 Israel
771 2137 788 2176 :
828 2130 883 2176 et
920 2130 1202 2176 conteram
1243 2135 1430 2177 arcum
1472 2120 1640 2179 Israel
1678 2122 1735 2177 in
1769 2121 1907 2177 valle

312 2206 617 2266 Jezrael“.
673 2230 695 2264 ι
748 2211 964 2269 chrael
1011 2222 1190 2269 autem
1246 2214 1393 2270 ultor
1442 2214 1706 2272 redditur.
1763 2233 1783 2267 ι
1838 2215 1905 2270 Et

310 2305 574 2374 concepit
608 2304 806 2372 adhuc,
835 2314 888 2359 et
922 2307 1135 2376 peperit
1160 2307 1349 2373 tiliam,
1376 2315 1433 2362 et
1459 2307 1596 2362 dixit
1623 2308 1673 2363 ei
1712 2325 1727 2363 :
1757 2305 1904 2364 Voca

314 2409 512 2450 nomen
540 2396 661 2466 eius
708 2398 928 2464 Absque
989 2398 1359 2455 misericordia
1385 2417 1399 2455 :
1423 2394 1548 2469 quia
1578 2416 1681 2454 non
1713 2402 1903 2456 addam

316 2485 461 2539 ultra
490 2486 740 2542 misereri
770 2488 954 2544 domui
983 2487 1172 2556 Israel,
1199 2490 1293 2546 sed
1324 2491 1621 2546 adversans
1648 2494 1906 2548 adversa-

318 2577 426 2631 bor
452 2578 525 2632 ei.
558 2579 626 2634 Et
656 2580 952 2636 ablactavit
977 2597 1122 2650 eam,
1149 2598 1270 2653 quae
1296 2593 1410 2638 erat
1442 2583 1660 2655 Absque
1694 2586 1907 2641 miseri-

317 2667 542 2734 cordia;
576 2678 630 2724 et
659 2671 908 2742 concepit
934 2671 1112 2728 adhuc
1142 2683 1196 2728 et
1223 2673 1430 2744 peperit
1454 2674 1647 2732 ﬁlium.
1677 2676 1744 2732 Et
1770 2677 1907 2733 dixit

310 2758 461 2814 Deus
492 2778 507 2816 :
538 2761 685 2818 Voca
747 2778 942 2818 nomen
993 2764 1113 2834 ejus
1167 2765 1280 2822 Non
1314 2767 1544 2836 populus
1570 2784 1750 2837 meus;
1780 2770 1906 2840 quia

312 2865 416 2906 vos
465 2867 572 2906 non
624 2853 855 2922 populus
906 2870 1082 2924 meus,
1117 2866 1171 2911 et
1218 2873 1319 2928 ego
1365 2874 1471 2915 non
1524 2875 1623 2917 ero
1662 2864 1907 2917 vester“

313 2943 529 3013 (Deus).
562 2962 583 2996 ι
632 2944 785 2999 Idem
831 2947 897 3000 de
936 2946 1220 3018 Syuagoga
1259 2967 1275 3005 :
1318 2968 1337 3002 ι
1377 2949 1626 3009 Judicate
1673 2963 1905 3011 matrem

312 3045 582 3100 vestram,
607 3035 851 3105 judicate
881 3054 896 3092 :
922 3041 1186 3108 quoniam
1222 3043 1341 3111 ipsa
1374 3059 1481 3099 non
1511 3062 1649 3102 uxor
1676 3061 1824 3117 mea,
1851 3062 1907 3104 et

316 3142 423 3197 ego
465 3142 573 3183 non
605 3128 689 3183 vir
721 3128 841 3197 ejus
862 3131 930 3186 “.
971 3148 993 3184 ι
1033 3132 1260 3204 Aliaque
1302 3150 1410 3190 non
1453 3152 1623 3206 pauca
1666 3141 1768 3196 sub
1809 3140 1904 3198 Dei

2015 1924 2100 1980 vis
2146 1923 2295 1994 regie
2341 1922 2588 1990 inuncta,
2621 1921 2958 1979 thuribulum
3004 1922 3262 1978 tractanti
3306 1922 3447 1978 Deus
3490 1936 3597 1977 non

2015 2014 2347 2086 pepercit",
2376 2023 2584 2067 tantum
2615 2011 2760 2083 quod
2789 2011 3144 2069 sacerdotalis
3172 2026 3277 2067 non
3308 2018 3475 2077 esset,
3502 2010 3598 2065 sed

2013 2116 2067 2164 et
2094 2108 2301 2179 lcpram
2338 2107 2586 2173 immisit,
2615 2113 2671 2161 et
2698 2104 3015 2178 prophetias
3044 2118 3111 2159 eo
3142 2103 3434 2174 superstite
3465 2116 3598 2158 cou-

2017 2202 2206 2269 tinuit;
2239 2218 2361 2273 quae
2394 2211 2708 2273 quantaque
2741 2200 2883 2256 mala
2918 2214 3015 2256 eos
3046 2214 3152 2254 non
3188 2208 3475 2261 maneant,
3506 2197 3596 2267 qui

2014 2307 2298 2349 sacrorum
2370 2302 2636 2361 exsortes,
2673 2292 2727 2346 in
2776 2306 2932 2346 sacra
2978 2289 3256 2355 invadant,
3291 2297 3346 2344 et
3390 2286 3597 2343 Pascha

2015 2393 2178 2456 atque
2226 2386 2360 2441 festa
2410 2389 2618 2455 agitare
2662 2394 2816 2440 extra
2866 2382 3414 2455 Hierosolymitanum
3457 2391 3596 2435 tem-

2013 2474 2161 2544 plum
2198 2474 2491 2542 inceptent,
2529 2474 2701 2544 legem
2732 2473 3009 2531 custodire
3039 2474 3107 2544 (si
3146 2472 3358 2544 superis
3394 2472 3593 2542 placet)

2013 2565 2231 2623 interim
2261 2583 2321 2622 se
2343 2567 2663 2642 jactantcsi

2084 2679 2207 2738 Jun.
2240 2682 2496 2751 Ereptum
2535 2680 2691 2738 nobis
2719 2680 3059 2753 pontiﬁcium
3087 2680 3242 2752 juxta
3273 2693 3339 2737 ac
3372 2694 3595 2752 regnum

2014 2776 2360 2842 conﬁtemur,
2395 2775 2504 2845 jam
2559 2776 2685 2831 inde
2732 2776 2803 2833 ab
2852 2790 2919 2831 eo
2967 2785 3239 2846 tempore,
3277 2790 3386 2845 quo
3434 2773 3599 2829 tantis

2016 2847 2272 2938 urgemur
2315 2869 2475 2923 malis
2517 2885 2544 2921 a
2588 2867 2715 2923 Tito
2757 2864 3127 2922 Romanorum
3174 2868 3417 2936 principe
3464 2864 3599 2920 sub-

2000 2963 2152 3029 ‘acti;
2182 2971 2236 3018 et
2265 2963 2492 3019 omnino
2528 2963 2763 3018 fortasse
2794 2970 2909 3030 est,
2943 2973 3003 3017 ut
3038 2977 3136 3017 nos
3181 2960 3313 3031 legis
3347 2961 3599 3015 custodes

2016 3056 2318 3126 decipiant,
2355 3072 2419 3110 ne
2449 3054 2806 3126 praerogativa
2836 3054 3058 3110 honoris
3086 3052 3456 3109 detur-bentur.
3489 3050 3596 3105 Sed

2014 3162 2254 3211 oramus,
2286 3158 2335 3201 et
2368 3146 2574 3203 Christi
2616 3146 2878 3217 supplicia
2927 3146 3080 3201 nobis
3120 3145 3383 3207 edissere,
3416 3151 3469 3197 et
3500 3140 3595 3212 qui

321 3233 553 3289 persona
603 3218 889 3289 iracunda,
923 3225 1182 3293 propheta
1237 3224 1548 3295 denuntiat,
1603 3231 1761 3300 quale
1805 3233 1907 3290 hoc
1934 3246 1980 3307 α
2014 3238 2080 3293 de
2121 3239 2229 3304 his,
2257 3238 2430 3309 deque
2468 3236 2588 3307 ejus
2627 3237 3036 3294 resurrectione
3070 3234 3433 3290 vaticineutur
3463 3246 3595 3302 pro-

317 3318 412 3364 est
441 3328 456 3365 :
492 3329 512 3363 ‹
546 3309 645 3366 Vir
671 3328 779 3368 non
809 3314 955 3370 eruit
978 3331 1097 3370 eam
1125 3317 1192 3371 de
1218 3332 1379 3372 manu
1411 3336 1525 3375 mea
1563 3339 1579 3375 :
1609 3330 1664 3377 et
1689 3339 1912 3380 cessare

321 3402 522 3458 faciam
577 3422 740 3463 omne
791 3409 1045 3479 gaudium
1103 3411 1254 3478 ejus,
1304 3413 1703 3473 solemnitatem
1761 3421 1907 3489 ejus,

318 3497 665 3552 ncomcniam
715 3500 863 3568 ejus,
903 3500 1201 3557 Sabbatum
1251 3505 1399 3571 ejus,
1436 3515 1492 3560 et
1536 3510 1720 3564 outnia
1772 3510 1909 3568 festa

320 3599 570 3657 tempora
622 3589 742 3661 ejus
792 3610 806 3647 :
856 3602 911 3648 et
958 3594 1190 3650 visitabo
1240 3612 1404 3668 super
1441 3614 1558 3654 eam
1604 3601 1718 3658 dies
1761 3603 1909 3659 Baa-

318 3678 413 3731 lim
433 3681 500 3735 ⁸⁷.
540 3700 560 3732 ι

391 3793 458 3847 Et
482 3794 549 3849 de
576 3796 876 3853 incredulis
898 3797 1101 3856 Judazis
1124 3799 1374 3858 Christus
1403 3821 1418 3860 :
1453 3824 1471 3857 ι
1504 3804 1710 3862 Mittam
1739 3824 1909 3877 super

319 3901 416 3940 eos
444 3896 559 3940 rete
591 3903 770 3941 meum
809 3905 826 3943 :
860 3900 919 3943 ut
952 3891 1197 3947 volatilia
1235 3895 1383 3960 cteli,
1410 3897 1696 3955 detraham
1734 3901 1856 3957 illos
1889 3921 1904 3958 :

325 3976 622 4045 corripiam
650 3993 744 4031 eos
771 3978 823 4031 in
853 3981 1035 4035 auditu
1063 3983 1427 4042 tribulationis
1457 4003 1666 4046 eorum.
1690 3991 1779 4047 Va:
1805 3997 1903 4061 cis,

323 4069 580 4133 quoniam
610 4070 922 4125 resilierunt
950 4088 980 4127 a
1008 4089 1117 4130 me.
1145 4075 1444 4133 Meticulosi
1476 4092 1621 4148 sunt,
1648 4087 1904 4153 quoniam

317 4157 484 4230 impie
522 4174 753 4232 egerunt
797 4166 849 4219 in
891 4183 997 4222 me.
1027 4169 1144 4239 Ego
1187 4185 1316 4226 vero
1361 4175 1564 4229 redemi
1605 4192 1699 4232 eos
1744 4195 1756 4231 :
1804 4179 1902 4248 ipsi

320 4270 449 4310 vero
508 4256 668 4311 locuti
730 4266 858 4313 sunt
903 4273 1092 4315 contra
1149 4278 1236 4319 me
1287 4268 1566 4322 mendacia
1618 4285 1633 4322 :
1696 4277 1751 4323 et
1797 4287 1903 4325 non

319 4346 695 4403 clamareruut
723 4351 791 4404 ad
828 4366 914 4406 me
947 4354 1112 4408 corda
1144 4370 1335 4411 eorum
1369 4375 1384 4425 ;
1418 4359 1511 4413 sed
1543 4358 1679 4413 mala
1714 4371 1903 4416 contra

323 4454 408 4494 me
439 4443 814 4512 cogitaverunt
840 4461 857 4498 :
887 4446 1090 4502 idcirco
1122 4449 1406 4504 tradentur
1432 4450 1482 4503 in
1514 4452 1765 4521 gentibus
1781 4452 1848 4507 ⁸⁸.
1876 4471 1895 4506 ι

317 4533 488 4587 Amos
540 4534 655 4587 hmo
710 4536 948 4591 minatur
992 4554 1010 4596 :
1072 4557 1107 4593 ‹.
1154 4538 1297 4596 Ecca
1352 4542 1620 4597 mandabo
1670 4558 1800 4611 ego,
1850 4555 1903 4597 ct

2014 3330 2214 3402 phetae.

2617 3460 2844 3519 CAPUT
2884 3459 2996 3517 LV.

2085 3599 2389 3670 Prop/retia:
2419 3600 2483 3654 de
2513 3597 2710 3654 Christi
2737 3609 2902 3653 morte
2932 3607 3089 3666 atque
3120 3597 3516 3651 resurrectione.

2086 3713 2312 3770 Cuntsr.
2345 3712 2639 3768 Sciendum
2674 3712 2727 3767 in
2763 3710 2955 3782 primis
2989 3719 3093 3774 est,
3130 3711 3272 3779 quod
3306 3725 3449 3780 saepe
3480 3709 3591 3778 jam

2013 3806 2289 3872 diximus,
2339 3814 2592 3861 naturam
2627 3805 2863 3859 divinam
2898 3818 3212 3872 oppressum
3248 3803 3532 3872 tyrannide
3565 3818 3593 3853 a

2011 3894 2230 3950 diabolo
2258 3894 2444 3949 videre
2473 3909 2626 3948 suum
2656 3895 2972 3962 ﬁgmentum
3007 3890 3407 3961 non'potuisse,
3434 3891 3599 3960 igitur

2010 3984 2188 4040 visum
2236 3992 2321 4038 est
2364 3981 2538 4047 Patri,
2577 3992 2636 4035 ut
2677 3995 2810 4036 suus
2859 3982 2959 4033 sibi
2994 3978 3318 4046 Unigenitus
3361 3979 3595 4032 animam

2012 4083 2176 4144 atque
2220 4087 2416 4142 corpus
2462 4088 2528 4126 ex
2574 4086 2790 4140 semper
2820 4070 3039 4135 Virgine
3073 4070 3239 4123 Maria
3274 4068 3597 4137 susciperet,

2013 4169 2428 4235 impermutatus
2463 4174 2625 4232 atque
2656 4162 2995 4224 inconfusus,
3032 4162 3279 4230 citraque
3313 4169 3595 4228 peccatum

2012 4257 2284 4326 perfectus
2349 4257 2512 4310 homo
2572 4252 2762 4317 ﬁeret,
2821 4269 2928 4307 non
2999 4253 3201 4306 amisso
3264 4250 3407 4320 quod
3475 4261 3596 4304 erat

2011 4348 2286 4420 (videlicet
2310 4344 2710 4415 immutabilis),
2735 4345 2829 4400 scd
2859 4349 3138 4414 assumpto
3164 4342 3305 4412 quod
3340 4356 3446 4396 non
3476 4351 3594 4395 erat

2013 4449 2225 4513 (utpote
2270 4436 2586 4509 humanus),
2616 4452 2724 4506 quo
2759 4450 2855 4505 per
2890 4444 3140 4489 naturam
3179 4444 3421 4488 nostram
3459 4435 3599 4489 mori

2015 4542 2222 4605 posset,
2249 4541 2304 4587 et
2334 4547 2430 4600 per
2459 4529 2788 4585 inetl‘abilcm
2821 4539 2876 4584 ct
2914 4527 3420 4598 incomprehensam
3456 4526 3595 4581 divi-

324 4622 633 4676 concutiam
666 4625 717 4676 in
744 4625 997 4680 omnibus
1027 4627 1280 4696 gentibus
1309 4628 1525 4683 domum
1557 4628 1743 4695 Israel,
1769 4631 1909 4685 sicut
1940 4611 1986 4668 ο
2014 4631 2264 4688 nitatem,
2293 4639 2482 4680 omnes
2514 4624 2842 4686 viviﬁcaret,
2872 4631 3035 4689 atque
3067 4635 3095 4673 a
3130 4619 3329 4674 diaboli
3366 4620 3601 4674 nexibus.

317 4718 627 4770 concutitur
656 4716 894 4772 triticum
928 4717 981 4773 itt
1015 4721 1198 4776 cribro
1234 4736 1249 4775 :
1282 4729 1335 4775 et
1363 4738 1467 4776 non
1502 4724 1661 4777 cadet
1690 4723 1906 4793 lapillus

318 4822 480 4874 super
504 4817 727 4863 terram.
756 4808 809 4863 In
834 4809 1012 4879 gladio
1038 4813 1338 4868 morientur
1359 4828 1559 4868 omnes
1593 4825 1905 4883 peccatores

321 4897 503 4964 populi
543 4898 734 4956 mei”.
769 4919 789 4953 ι
827 4899 1046 4957 Davidis
1075 4917 1291 4974 quoque
1322 4904 1436 4960 haec
1469 4907 1739 4961 sententia
1773 4914 1855 4961 est
1888 4924 1902 4960 :

321 5007 343 5041 ι
386 4989 724 5048 Sacerdotes
765 4994 840 5048 tui
879 4994 1177 5052 inducntur
1204 4996 1490 5065 justitiam,
1526 5009 1578 5052 ct
1612 4999 1786 5052 sancti
1825 5001 1901 5053 tui

315 5081 759 5140 exsultabunt".
795 5103 815 5137 ›
848 5085 905 5140 Id
935 5088 1078 5156 quod
1109 5090 1173 5142 de
1203 5089 1446 5158 gentium
1478 5090 1718 5145 Ecclesia
1745 5091 1902 5154 d;xit,

314 5182 378 5227 ut
402 5173 667 5230 futurum.
698 5176 831 5230 Nam
863 5179 907 5232 si
937 5178 1004 5232 de
1034 5176 1317 5250 Syuagoga
1352 5199 1368 5236 :
1406 5199 1425 5233 ι
1464 5181 1642 5236 Induti
1675 5191 1818 5244 sunt.
1850 5193 1904 5239 ct

312 5267 612 5332 exsultant,
649 5285 668 5318 ι
703 5268 907 5322 dictum
940 5271 1254 5339 Oportebat.

386 5353 506 5409 Jam
556 5372 716 5424 vero,
752 5358 841 5413 ubi
891 5374 1037 5414 nunc
1082 5358 1391 5415 Judmorum
1447 5377 1533 5417 res
1582 5363 1795 5422 divina.
1838 5379 1902 5420 ac

312 5446 536 5501 l‘batio?
565 5447 843 5517 Siquidem
878 5451 1325 5517 Deuterouomio,
1354 5451 1485 5507 Mosi
1519 5452 1660 5509 Deus
1694 5471 1900 5524 pmice-

340 5544 392 5589 .it
424 5554 439 5592 :
476 5556 495 5589 ¢
526 5537 639 5593 Non
669 5538 838 5597 facies
867 5541 1037 5596 altare
1067 5542 1120 5596 in
1153 5545 1300 5598 omni
1338 5545 1475 5609 loco,
1504 5561 1675 5615 neque
1708 5545 1901 5600 otii-re-

314 5630 386 5683 tis
418 5631 713 5694 sacriﬁcia;
745 5633 838 5687 scd
877 5634 927 5686 in
967 5635 1083 5689 loco
1119 5651 1276 5705 quem
1317 5636 1541 5707 cii-gerit
1576 5636 1836 5693 Dominus
1877 5657 1888 5692 :

388 5809 434 5841 “
486 5822 546 5861 sa
591 5823 682 5878 ιον,
715 5811 767 5875 τ,
794 5812 845 5862 8.
923 5811 967 5843 ⁸³
1000 5813 1095 5866 Isa.
1128 5828 1234 5878 t.vt,
1272 5812 1319 5873 I,
1349 5813 1398 5866 7.
1475 5812 1522 5844 ⁸⁸⁸
1552 5812 1676 5867 Ose.
1709 5830 1746 5871 ι.
1780 5814 1886 5867 1-5.

2015 5816 2126 5871 bid.
2153 5816 2265 5871 6-9.
2326 5818 2367 5847 3“
2406 5816 2542 5870 Osce
2572 5833 2631 5877 tt.
2671 5818 2753 5871 li).

1250 5883 1293 5914 ⁷⁰
1325 5883 1468 5938 Psal.
1504 5898 1689 5949 cum,
1716 5884 1769 5939 9.
1847 5886 1889 5917 ⁷⁸
1918 5886 2073 5941 Deut.
2111 5903 2206 5952 stt,
2236 5886 2326 5940 ‘27.

316 5895 418 5945 ut,
452 5878 537 5944 1‘2,
572 5881 655 5936 Ii.
732 5884 776 5915 ⁸³
808 5887 973 5937 Arno:
1013 5898 1090 5947 ιι,
1117 5883 1173 5937 9.

2012 4721 2336 4777 absolveret.
2363 4717 2499 4772 Nam
2530 4727 2587 4772 et
2614 4717 2719 4770 vivi
2752 4730 2848 4785 per
2883 4714 3003 4785 ejus
3028 4729 3096 4769 ex
3130 4711 3352 4783 Virgine
3387 4722 3592 4774 ortum,

2013 4825 2121 4863 non
2169 4808 2373 4876 peccati
2421 4806 2599 4862 solum
2646 4805 3009 4875 chirographo
3055 4804 3294 4865 liberati.
3327 4806 3419 4858 sed
3461 4803 3594 4856 adn-

2011 4901 2198 4968 ptionc
2248 4898 2413 4952 etiam
2466 4906 2594 4953 sunt
2641 4895 2847 4962 aﬂ‘ecti,
2881 4905 2937 4950 et
2988 4904 3324 4950 mortuorum
3375 4890 3599 4957 animos,

2016 5005 2136 5060 qua:
2173 4990 2314 5058 apud
2351 4986 2556 5043 inferos
2592 4988 2938 5051 tenebantur,
2965 5001 3062 5056 per
3094 4986 3213 5057 ejus
3244 4987 3594 5041 resurrectio-

2015 5095 2171 5146 nem,
2207 5096 2238 5135 e
2285 5080 2480 5135 diaboli
2530 5080 2783 5134 manibus
2830 5080 3061 5147 elapsae,
3097 5093 3325 5149 regnum
3371 5077 3598 5133 cmleste

2014 5173 2390 5228 obtinuerunt.
2422 5171 2487 5228 Ut
2529 5172 2672 5227 cnim
2717 5173 2822 5228 duo
2864 5181 2992 5227 sunt
3029 5181 3204 5236 ortus,
3235 5171 3315 5226 sic
3360 5171 3590 5225 duorum

2013 5265 2181 5330 salus,
2216 5265 2485 5330 vivorum,
2521 5264 2762 5334 inquam,
2798 5281 2861 5320 ac
2903 5272 3261 5328 mortuorum,
3297 5273 3592 5332 procurata

2008 5368 2112 5413 cst.
2144 5358 2272 5412 Ilaec
2300 5359 2570 5426 passionis
2603 5358 2910 5423 necessitas,
2935 5355 3070 5424 fuit;
3104 5372 3229 5411 nam
3267 5357 3371 5411 nisi
3408 5357 3591 5426 passio

2007 5450 2221 5515 fuisset,
2248 5466 2395 5505 mors
2424 5460 2607 5505 secuta
2630 5454 2748 5504 'nou
2775 5461 2943 5513 esset,
2972 5464 3092 5520 quae
3119 5450 3164 5504 si
3199 5449 3343 5503 haud
3374 5451 3589 5504 evenis-

2006 5551 2109 5608 ενι,
2140 5543 2450 5597 humanitas
2482 5544 2660 5596 ontnis
2689 5558 2751 5598 ex
2782 5544 2977 5596 diaboli
3013 5553 3280 5612 potestate
3312 5542 3445 5612 eripi
3479 5557 3583 5597 nou

2002 5645 2235 5706 poterat.
2270 5635 2549 5705 Siquidem
2588 5647 2643 5689 ut
2678 5645 2956 5705 peccatum
2992 5636 3159 5691 veteri
3200 5636 3407 5692 Adamo
3440 5637 3583 5705 justc

2830 5820 2874 5849 ⁵⁷
2911 5819 3039 5873 ibid.
3076 5819 3164 5882 Η.
3198 5820 3282 5875 15.
3362 5820 3405 5851 εί
3444 5818 3591 5878 Osce

2407 5889 2451 5918 "
2487 5886 2529 5941 ll
2562 5887 2738 5943 Parui.
2776 5904 2920 5956 xx",
2954 5891 3018 5946 16
3050 5905 3199 5961 seqq.
