4042 6402
313 312 421 374 897

317 515 674 570 Stabilitatem
705 524 887 580 notat;
917 529 1092 582 neque
1115 516 1259 569 enim
1290 515 1422 584 legis
1446 515 1724 584 disciplina
1759 516 1904 570 orbis

319 617 588 662 terrarum
621 605 1056 669 administratur,
1083 607 1176 659 sed
1206 605 1392 661 Judaia
1423 609 1623 668 Solum,
1648 607 1902 674 exiguum

317 698 436 766 ejus
479 707 836 766 segmentum.
871 696 938 749 At
965 713 1088 750 cum
1137 698 1254 750 ait:
1317 717 1335 749 ‹
1384 697 1546 750 asina:
1590 697 1792 765 pullum
1840 696 1906 749 ad

318 789 547 843 lteli’c'em
589 787 736 852 vitis,
777 805 794 838 ι
849 802 943 840 seu
987 788 1054 840 ad
1102 787 1322 842 brachia
1373 787 1585 852 vitium,
1618 796 1902 852 a'tertium,

319 897 385 936 ac
429 881 688 945 sublime,
727 893 781 935 et
834 889 944 936 t0to
991 882 1124 936 orbe
1174 891 1522 952 pervagatum
1576 884 1904 948 praeconium

318 975 590 1044 designat,
613 973 880 1042 siquidem
911 973 1068 1026 hclici
1103 989 1197 1028 seu
1223 974 1415 1027 vitium
1445 974 1683 1028 brachiis
1715 974 1909 1027 similis

318 1077 407 1122 est
433 1066 524 1120 illa
557 1066 707 1121 orbis
739 1065 1048 1119 conversio.
1080 1066 1158 1118 Ac
1189 1066 1254 1118 de
1287 1065 1369 1119 his
1398 1065 1658 1120 Servatur
1687 1081 1909 1134 qttoque

319 1159 390 1214 ad
422 1157 765 1229 Syuagogatu
803 1158 1118 1225 respiciens,
1150 1172 1311 1225 quam
1349 1158 1517 1211 asiuzc
1548 1161 1904 1225 comparavit,

319 1265 421 1320 per
474 1248 890 1304 similitudinem
959 1257 1190 1303 testatur
1250 1265 1264 1301 :
1335 1266 1353 1300 ‹
1419 1245 1592 1302 Homo
1649 1249 1910 1316 plantavit

321 1343 561 1409 vineam,
597 1359 617 1394 ι
653 1349 710 1396 et
738 1357 860 1411 qua:
889 1338 1258 1411 sequuntur“

394 1480 478 1535 Ad
516 1478 724 1550 pullum
761 1494 890 1533 vero
933 1479 1182 1548 loquens,
1211 1479 1300 1548 qui
1339 1488 1422 1532 est
1453 1493 1624 1532 novus
1659 1479 1906 1548 pOpttlns,

321 1575 399 1627 ait
443 1590 456 1626 :
505 1591 524 1624 ι
567 1571 682 1643 Ego
725 1587 844 1627 sum
884 1573 1030 1636 vitis,
1063 1587 1159 1626 vos
1202 1572 1456 1641 palmites
1499 1589 1513 1624 :
1558 1570 1719 1625 Pater
1756 1587 1907 1625 mens

321 1663 560 1733 agricola
609 1672 692 1717 est
738 1663 806 1717 ⁸⁵.
865 1681 884 1714 ι
941 1660 996 1716 ld
1043 1663 1178 1718 adeo
1224 1677 1408 1716 verum
1459 1676 1609 1727 esse,
1643 1661 1906 1730 majorum
1943 1677 1985 1731 Β

320 1752 628 1809 γε’δινοηηη
659 1769 974 1824 responsum
1002 1755 1356 1809 demonstrat.
1378 1751 1510 1807 Nam
1542 1769 1572 1808 a
1602 1753 1711 1808 Deo
1741 1755 1907 1808 inter-

323 1846 496 1916 rogati
537 1864 549 1900 :
597 1865 615 1898 t
661 1846 792 1900 Cum
826 1846 1034 1901 venerit
1069 1846 1330 1900 Dominus
1359 1848 1550 1910 vincte,
1584 1847 1710 1916 quid
1745 1845 1908 1901 faciet

321 1939 577 2007 agricolis
625 1937 764 1992 illis?
803 1938 971 1992 Aiunt
1010 1937 1086 1990 illi
1131 1956 1146 1992 :
1195 1935 1366 1993 Malos
1409 1939 1550 1992 male
1592 1938 1807 2007 perdet;
1853 1946 1905 1991 et

321 2031 538 2082 vineam
576 2045 726 2083 suam
767 2030 966 2084 locabit
1003 2027 1126 2083 aliis
1167 2029 1444 2099 agricolis,
1474 2029 1564 2098 qui
1601 2031 1822 2084 reddent
1856 2032 1904 2086 ei

321 2121 558 2176 fructum
619 2122 956 2190 temporibus
1012 2119 1216 2174 suis“.
1275 2139 1294 2172 ι
1351 2121 1642 2190 Sophortiae
1691 2137 1906 2191 quoque

323 2215 437 2266 lucc
462 2221 587 2266 sunt
621 2214 826 2266 verba:
873 2229 891 2262 ι
931 2209 1142 2276 Gaude,
1179 2209 1287 2265 ﬁlia
1323 2210 1477 2278 Sion,
1504 2213 1760 2280 praedica,
1799 2213 1904 2267 [ilia

319 2303 644 2366 Jerusalem,
678 2303 910 2366 exsulta,
945 2313 999 2356 et
1040 2301 1309 2356 delectare
1347 2302 1414 2356 de
1457 2310 1568 2358 toto
1593 2303 1756 2358 corde
1787 2313 1899 2370 tuo,

324 2397 430 2448 lilia
467 2394 792 2450 JerIISaIetn.
830 2394 1070 2449 Abstulit
1104 2392 1370 2449 Dominus
1408 2393 1720 2464 iniquitates
1761 2403 1902 2462 tuas,

320 2489 550 2541 redemit
586 2496 639 2541 te
673 2489 741 2542 de
778 2503 940 2542 manu
979 2486 1326 2542 inimicorum
1373 2492 1614 2554 tuorum,
1651 2486 1906 2557 regnabit

320 2579 588 2633 Dominus
619 2580 672 2634 iu
702 2579 878 2633 medio
909 2577 1070 2632 tui".
1109 2596 1128 2631 ι

389 2717 683 2772 Zacharias
713 2717 860 2771 addit
889 2735 934 2771 ε(
973 2715 1157 2772 Gaude
1185 2717 1558 2784 vehementer,
1586 2713 1693 2772 lilia
1723 2715 1884 2782 Sion,

325 2809 581 2878 praedica,
615 2807 718 2860 ﬁlia
748 2804 1047 2860 Jerusalem
1081 2824 1096 2862 :
1125 2820 1252 2862 ecce
1303 2805 1419 2860 Rex
1451 2816 1574 2862 tuus
1628 2807 1773 2861 venit
1805 2809 1901 2864 tibi

315 2901 531 2968 justus,
567 2907 621 2952 et
673 2897 920 2964 salvans,
957 2897 1072 2966 ipse
1124 2906 1470 2956 mansuetus.
1503 2907 1557 2951 et
1601 2897 1903 2953 ascendens

1372 308 1760 370 DIALOGUS
1793 309 2098 370 CONTRA
2147 311 2476 371 JUDJZOS.

323 422 650 494 (alligatam)
687 422 1097 491 temporariam,
1127 436 1188 475 ac
1216 438 1350 491 pene
1382 423 1581 476 nullam
1616 420 1908 492 Syuagogm
1945 443 1985 496 Α

3470 306 3577 366 8'38

2609 423 2836 479 CAPUT
2877 423 3008 478 LW.

2358 515 2603 569 Psalmus
2652 519 2912 570 secundus
2960 518 3258 584 exponitur.

2091 605 2199 662 Sed
2233 608 2485 674 quoniam
2519 624 2686 676 super
2714 610 2876 662 asina:
2909 611 3054 678 pullo
3087 611 3384 672 Sedeutem,
3414 620 3463 660 (ιι
3501 608 3590 661 Dei

2011 698 2206 752 Filium
2259 715 2413 761 csse,
2451 711 2507 755 et
2558 701 2724 754 Deum
2769 718 2992 761 verum,
3033 711 3085 757 et
3136 704 3311 755 omnis
3360 703 3593 757 universi

2016 805 2228 860 regem,
2270 792 2518 846 vaticiuis
2568 793 2651 846 usi
2706 777 3020 857 sententiis,
3058 803 3209 846 osten
3235 796 3424 855 limus,
3463 810 3593 864 age,

2020 881 2284 949 supplicia
2310 896 2526 950 quoque
2553 883 2755 936 Christi
2785 883 3232 950 contemplemur,
3253 893 3305 936 et
3331 883 3592 952 ﬂagitiosa

2014 971 2066 1024 iu
2104 986 2228 1025 eum
2265 972 2488 1024 consilia
2528 986 2681 1040 teque
2723 987 2752 1023 e
2789 980 2970 1024 vatum
3014 973 3230 1039 scriptis
3273 977 3593 1041 comprobe-

2014 1077 2154 1126 mus,
2179 1077 2208 1115 a
2238 1061 2439 1117 Davide
2466 1063 2670 1117 exorsi.
2696 1061 2866 1130 Igitur
2894 1061 3136 1115 futurum
3174 1074 3425 1133 tauquam
3459 1081 3593 1134 prm-

2012 1167 2136 1206 seus
2183 1153 2554 1222 prospiciens,
2589 1155 2659 1207 ait
2700 1153 2966 1221 Propheta
3008 1168 3022 1207 :
3068 1173 3086 1206 r
3130 1155 3308 1220 Quare
3346 1155 3590 1210 {reuiue-

2014 1255 2138 1299 runt
2184 1253 2402 1316 gentes;
2455 1256 2511 1300 et
2557 1247 2740 1316 populi
2791 1249 3004 1316 (gentes
3050 1248 3324 1302 Romanos
3368 1265 3590 1311 vocans,

2017 1336 2267 1405 populos,
2294 1337 2606 1392 Judu'orutu
2643 1339 2836 1406 tribus)
2876 1340 3117 1393 meditati
3157 1351 3278 1394 sunt
3313 1341 3528 1394 inania?
3569 1363 3586 1394 ι

2015 1429 2245 1482 Omnino
2295 1445 2448 1492 sane,
2492 1430 2686 1498 inquit,
2724 1431 3340 1485 adversum.(jhrislum
3394 1431 3592 1486 frustra

2014 1518 2405 1571 tumultuantur
2468 1529 2628 1588 atque
2674 1523 2931 1590 Cogitant.
2999 1540 3017 1572 ι
3089 1523 3390 1576 Astiterunt
3437 1539 3595 1591 reges

2019 1621 2173 1664 terra:
2217 1609 2439 1677 (Pilatus
2497 1613 2704 1667 scilicet
2758 1624 2922 1682 atque
2992 1612 3275 1678 llerodes),
3307 1624 3358 1668 et
3391 1615 3595 1684 princi-

2015 1717 2108 1770 pes
2137 1711 2514 1756 convenerunt
2545 1703 2598 1756 in
2635 1719 2830 1769 unum;
2874 1722 2890 1753 ι
2929 1703 3211 1772 pontiﬁces
3241 1721 3304 1757 ac
3337 1706 3595 1758 satietdo-

2012 1805 2114 1860 tes,
2146 1796 2370 1863 pariter,
2404 1795 2586 1860 simul,
2621 1796 2809 1850 eadem
2859 1807 3036 1850 tuente
3079 1805 3130 1848 et
3167 1797 3395 1850 consilio
3434 1815 3452 1849 ι
3490 1801 3590 1850 ad-

2011 1901 2198 1941 versus
2236 1885 2522 1939 Dominum
2580 1895 2636 1940 et
2673 1890 2929 1939 adversus
2967 1885 3244 1940 Chrismtn
3286 1887 3424 1955 ejus,
3466 1906 3483 1938 ι
3534 1898 3593 1941 ut

2007 1993 2129 2031 eum
2166 1977 2514 2032 interiit-iant.
2551 1996 2568 2030 ι
2611 1977 2993 2046 Dirumpamus
3028 1979 3236 2032 vincula
3270 1994 3460 2033 eorum
3483 2020 3497 2043 ,
3537 1992 3593 2033 et

2007 2070 2561 2139 projiciamusanobis
2584 2070 2770 2140 jugnm
2802 2071 3129 2139 ipsurmn":
3167 2089 3186 2121 ι
3226 2081 3589 2126 consentanea

2010 2160 2267 2217 Liosaicis
2295 2162 2455 2217 dictis
2484 2160 2652 2216 David
2680 2162 2951 2230 loquitur;
2985 2179 3107 2215 nam
3143 2174 3201 2215 nt
3229 2164 3318 2216 ille
3345 2165 3410 2217 de
3436 2164 3592 2232 opiﬁ-

2007 2252 2093 2307 cio
2116 2252 2414 2317 disserens,
2435 2267 2598 2306 unam
2627 2253 2960 2307 voluntatem
2993 2250 3094 2305 SS.
3115 2251 3392 2306 Trinitatis
3423 2253 3593 2322 signi-

2009 2344 2180 2398 ﬁcans
2214 2342 2388 2413 inquit
2423 2360 2437 2397 :
2480 2361 2498 2394 ι
2542 2341 2830 2397 Faciamus
2874 2343 3144 2395 hominem
3190 2343 3254 2395 ad
3301 2343 3587 2411 imaginem

2007 2446 2063 2492 et
2097 2436 2506 2492 similitudinem
2550 2445 2792 2491 nostram
2813 2436 2893 2503 9°;
2946 2453 2964 2486 ι
3013 2436 3085 2489 ita
3126 2446 3181 2490 et
3219 2435 3308 2490 hic
3349 2435 3588 2505 gentium

2008 2543 2072 2583 ac
2105 2527 2426 2598 populormn
2461 2529 2701 2598 cogitata
2734 2537 2788 2582 et
2820 2529 3107 2592 tumultus,
3135 2535 3379 2580 astantes
3414 2542 3588 2594 reges,

2007 2623 2332 2691 optimatum
2363 2622 2572 2686 pariter
2598 2629 2948 2685 conventum,
2977 2621 3112 2682 haec,
3142 2620 3382 2687 inquam,
3408 2622 3590 2674 omnia

2005 2712 2209 2767 docens
2239 2712 2569 2776 consentire,
2597 2710 2719 2764 ait:
2761 2729 2780 2762 ‹
2822 2709 3204 2778 Dirumpamus
3239 2711 3449 2765 vincula
3494 2726 3591 2764 eo-

2007 2820 2146 2868 rum,
2178 2814 2231 2858 et
2261 2803 2609 2873 projiciamus
2641 2819 2668 2854 a
2702 2804 2858 2855 nobis
2884 2801 3067 2871 jugutu
3100 2801 3360 2871 ipsorum.
3398 2821 3415 2853 ι
3449 2803 3589 2868 Q..-itt

2007 2908 2063 2950 ttt
2099 2897 2298 2950 clarius
2340 2906 2508 2959 esset,
2544 2905 2706 2961 atque
2743 2895 2982 2961 apertius
3019 2899 3160 2962 quod
3199 2894 3354 2956 dit-it,
3385 2895 3531 2948 addit
3567 2915 3583 2950 ς

323 3007 491 3061 super
524 2989 860 3057 subjugaletu
895 2999 948 3043 et
977 2989 1180 3057 pullqu
1215 3003 1412 3041 novum
1432 2987 1499 3042 ⁸⁸.
1535 3006 1554 3040 ι
1589 2987 1764 3057 Atque
1792 2990 1904 3043 hinc
1930 3016 1975 3076 ο
2014 3007 2032 3039 ε
2068 2986 2170 3052 Qui
2203 2989 2412 3041 habitat
2444 2989 2494 3040 in
2529 2989 2701 3051 cadis,
2739 3005 2756 3037 ι
2793 2989 2957 3041 Pater
2987 2987 3252 3053 videlicet,
3286 3006 3303 3038 ‹
3345 2987 3593 3042 irrideth

319 3086 537 3154 quidem
589 3082 879 3158 Zacharias
930 3083 995 3135 ad
1043 3078 1374 3143 Jerusalem,
1413 3082 1480 3134 ad
1527 3080 1723 3134 Filium
1769 3097 1898 3136 vero

322 3177 488 3232 David
537 3193 550 3230 :
609 3193 627 3227 t
683 3176 854 3228 Sedes
899 3185 1014 3239 tua,
1049 3173 1209 3235 Deus,
1240 3174 1294 3228 in
1343 3173 1596 3228 sacculum
1645 3175 1827 3230 saaculi
1877 3190 1894 3229 :

319 3274 468 3339 virga
491 3268 824 3330 tlirectionis,
854 3266 1001 3336 virga
1039 3265 1186 3335 regni
1224 3264 1418 3320 tui”.i
1459 3265 1521 3319 Et
1549 3267 1614 3320 ad
1655 3280 1848 3334 pueros
1881 3284 1894 3322 :

323 3382 340 3414 t
371 3361 822 3428 Laudate,ptteri,
848 3357 1210 3411 Dominum”.
1238 3375 1258 3407 ι
1285 3357 1353 3410 At
1376 3358 1524 3425 pueri
1553 3374 1566 3411 :
1601 3377 1618 3408 ι
1645 3356 1894 3412 "osanna

320 3455 458 3507 Filio
487 3452 650 3507 David
689 3471 702 3506 :
741 3451 1056 3504 liencdictus
1081 3449 1170 3518 qui
1206 3450 1352 3502 venit
1383 3450 1433 3501 in
1467 3450 1681 3503 nomine
1716 3450 1896 3503 Domi—

324 3548 466 3600 ui".
511 3564 528 3594 ι
584 3545 710 3597 lude
756 3545 818 3594 ad
865 3541 1149 3594 Dominum
1191 3541 1384 3593 ilcruttt
1422 3539 1630 3595 PSaItcs
1669 3540 1846 3610 regius
1881 3557 1895 3594 :

320 3659 346 3691 ι
386 3639 461 3691 lix
494 3653 588 3690 ore
624 3633 908 3688 irfantiutn
944 3644 995 3686 et
1030 3633 1337 3685 lactt-utinm
1376 3630 1650 3699 perfecisti
1687 3631 1896 3684 laudem

317 3732 552 3784 tuam".
587 3747 604 3779 ι
638 3726 896 3780 Demiuus
925 3727 990 3775 ad
1026 3723 1281 3792 populum
1315 3739 1329 3775 :
1366 3741 1384 3772 ς
1422 3721 1593 3776 Sinite
1622 3725 1895 3790 parvulos,

315 3833 372 3876 et
407 3821 569 3874 nolite
599 3835 694 3872 cos
725 3817 1011 3886 ptOiliD'l‘e
1040 3815 1104 3868 ad
1140 3829 1221 3866 me
1251 3813 1581 3879 venire”.,»
1619 3813 1897 3882 Siquidem

317 3911 648 3966 l-llisabcthzc
705 3922 888 3961 vocem
957 3915 1086 3959 sunt
1143 3903 1349 3968 secuti;
1412 3918 1539 3956 nam
1603 3903 1691 3956 illa
1750 3904 1827 3956 ait
1881 3921 1894 3957 :

326 4023 344 4055 ι
389 4002 712 4056 Benedictus
745 4001 949 4052 irttttns
977 3996 1180 4052 ventris
1215 3997 1374 4049 tui”.
1417 4013 1435 4046 ι
1478 3994 1536 4048 lli
1572 4012 1636 4048 ex
1673 4010 1736 4049 ca
1772 4007 1900 4049 nato

321 4097 624 4148 arclamant
679 4111 692 4144 :
761 4109 779 4141 ι
844 4089 1162 4143 Beucdieus
1221 4087 1311 4157 qui
1365 4087 1513 4139 venit
1567 4087 1617 4140 in
1681 4088 1900 4141 nomine

317 4186 552 4241 Domini.
591 4202 608 4234 ι
657 4181 701 4237 Ο
744 4192 1029 4250 parentum
1071 4178 1545 4249 ingratitudiueml
1590 4193 1623 4230 ο
1668 4178 1896 4231 iiliorum

317 4275 739 4349 gratitudineml
806 4273 898 4326 lilii
963 4283 1137 4324 vestes
1207 4284 1335 4322 suas
1403 4268 1822 4322 substerucbant
1881 4285 1896 4322 :

318 4379 574 4440 ρειι-ριιιρε
610 4368 729 4436 ejus
763 4373 941 4419 vestes
979 4361 1374 4440 partiebantur.
1409 4359 1484 4413 Illi
1529 4377 1546 4410 ι
1585 4359 1837 4416 Ilosanna
1875 4378 1893 4410 ι
1930 4367 1981 4426 1)
2011 4361 2097 4414 ille
2145 4360 2548 4428 inaspectabilis
2584 4362 2754 4413 iactus
2793 4358 2890 4411 fuit
2921 4359 3270 4429 aspectabilis
3315 4380 3330 4414 :

318 4463 622 4526 canebant;
681 4459 733 4512 lii
791 4476 808 4509 t
866 4455 1230 4524 CrucLi‘tgatur
1281 4473 1300 4506 ι
1366 4452 1693 4508 clamabant.
1746 4453 1899 4522 Sapit

316 4553 496 4608 infans
534 4563 696 4615 (Has;
737 4559 789 4604 ct
825 4549 914 4618 qui
954 4549 1150 4600 stultos
1192 4561 1316 4600 esse
1359 4560 1557 4613 pueros
1607 4545 1897 4612 perhibue-

317 4656 476 4710 runt,
521 4641 930 4697 stttltesccbaut.
978 4637 1214 4706 Erat-pte
1269 4647 1380 4689 tum
1441 4634 1712 4699 insolens,
1767 4643 1817 4688 et
1866 4648 1896 4687 a

314 4748 506 4792 natura
558 4738 862 4788 abhorrens
917 4730 1285 4801 spectaculum
1339 4729 1554 4793 videre,
1601 4726 1893 4794 lactentes,

314 4839 549 4882 matrum
590 4824 732 4877 ulnis
769 4833 952 4876 vectos
991 4818 1246 4882 infantes,
1280 4818 1404 4871 hinc
1444 4817 1736 4870 mamillatn
1784 4823 1896 4868 tra-

311 4935 486 4981 cuirc,
516 4917 662 4970 illinc
701 4925 831 4968 nato
865 4929 895 4968 c
934 4912 1154 4979 Virgine
1193 4911 1298 4964 Deo
1333 4909 1520 4978 palmte
1557 4924 1737 4962 ramos
1771 4925 1897 4977 pro-

313 5013 565 5076 tendere;
593 5019 648 5063 et
672 5009 762 5076 qui
795 5007 876 5059 lac
903 5014 1206 5058 maternum
1235 5004 1533 5064 traherent,
1557 4998 1894 5053 Dotninicum

309 5079 638 5173 pricccpimn
677 5100 871 5154 tenello
904 5115 998 5153 ore
1031 5096 1342 5159 cﬂundere;
1381 5096 1696 5164 priusquam
1731 5095 1894 5146 verba

306 5198 462 5254 cli-ari
506 5206 748 5266 possent,
790 5195 896 5247 Deo
943 5189 1107 5244 verbo
1154 5187 1420 5255 explicate
1467 5185 1832 5239 acclamantcs
1873 5198 1889 5236 :

311 5311 329 5344 ι
392 5290 643 5344 liosatma
687 5288 738 5340 in
784 5283 1107 5345 excelsis”;
1159 5297 1177 5329 ι
1227 5278 1381 5347 quasi
1429 5277 1691 5340 dicereut,
1730 5272 1888 5327 Salva

304 5399 430 5452 nos,
461 5384 550 5454 qui
587 5383 640 5448 in
677 5379 800 5433 allis
829 5377 1062 5437 habitas,
1094 5381 1148 5426 ct
1175 5369 1395 5425 humilia
1431 5366 1656 5435 I‘CSpiCiS
1674 5368 1739 5420 9°.

376 5564 422 5596 "
455 5561 586 5616 Luc.
622 5574 713 5620 xx,
746 5556 810 5620 9;
844 5553 1034 5615 Matth.
1065 5565 1178 5620 xxi,
1211 5547 1300 5602 '53.

299 5614 567 5693 clum—Ix,
595 5631 648 5685 9.
704 5614 770 5659 ’⁸⁸
799 5614 942 5679 i’sal.
970 5637 1115 5684 κων,
1256 5619 1317 5693 _'A°
1350 5616 1649 5693 l‘sal.hcx_tt,
1683 5614 1733 5666 1.

296 5687 511 5758 “Luc.
546 5687 583 5762 ι’,
615 5699 702 5752 42.
781 5698 826 5729 ⁸⁵
858 5695 1022 5750 Marc.
1055 5707 1127 5757 λι,
1158 5691 1210 5757 9,
1247 5687 1333 5744 10.

302 5778 322 5808 ¹
351 5773 498 5832 Psal.
543 5786 701 5830 CXLV,
732 5769 819 5823 10.

1377 5545 1421 5580 ⁸⁸
1451 5543 1607 5598 Juatt.
1639 5557 1729 5606 xv,
1763 5543 1816 5598 1.
1845 5596 1856 5605 ,
1917 5543 1964 5575 ⁸⁸
1995 5543 2182 5599 Matth.
2214 5557 2325 5607 χιι,
2359 5542 2448 5610 40,
2485 5541 2572 5596 41.

1377 5616 1466 5646 νικηι
1521 5629 1627 5646 nvn
1683 5614 1704 5646 Α
1844 5612 2091 5646 91λ1..ιιιι
2173 5630 2257 5646 υνι
2313 5615 2346 5646 0
2472 5611 2567 5646 οίί

1410 5616 1488 5669 .;ιΙ.
1521 5629 1649 5678 cxu,
1683 5614 1733 5666 1.
1844 5615 1887 5646 ⁹¹
1922 5612 2114 5671 Matth.
2172 5630 2282 5679 xxi,
2313 5615 2368 5669 9.

1410 5688 1454 5718 ⁹⁶
1481 5685 1621 5740 Psal.
1656 5699 1788 5750 ειη,
1820 5683 1874 5750 ες,
1906 5684 1960 5740 6.
2060 5686 2104 5718 ⁸⁷
2131 5683 2275 5740 Psal.
2311 5699 2368 5750 tt,

2006 3097 2098 3134 eos
2129 3097 2142 3132 :
2171 3093 2224 3133 et
2252 3080 2507 3132 Dominus
2537 3079 2888 3133 subsannabit
2917 3095 2934 3138 :
2970 3096 2987 3130 ι
3021 3079 3226 3133 scilicet
3269 3079 3468 3142 Fiiius,
3494 3080 3590 3148 qui

2007 3173 2147 3225 inter
2185 3185 2306 3235 eos,
2341 3185 2440 3224 ceu
2483 3172 2805 3232 damnatus,
2841 3171 3042 3235 astitit,
3081 3171 3301 3225 minime
3371 3174 3588 3226 interim

2007 3275 2228 3332 paterno
2275 3263 2396 3316 sinu
2439 3263 2691 3316 extorris.
2723 3266 2749 3314 “‹
2803 3261 2952 3315 Tune
3001 3262 3247 3330 loquetur
3287 3264 3350 3316 ad
3395 3278 3488 3316 eos
3533 3264 3586 3318 in

2007 3357 2082 3408 ira
2109 3372 2202 3407 sua
2249 3370 2263 3408 :
2303 3363 2354 3407 et
2391 3355 2444 3406 in
2481 3352 2658 3407 furore
2699 3369 2797 3408 suo
2837 3353 3175 3406 conturbabit
3209 3368 3323 3407 eos.
3351 3371 3369 3404 ι
3404 3353 3588 3420 Tune;

2006 3445 2262 3516 quando?
2293 3447 2424 3499 Cum
2457 3445 2622 3500 Jutlex
2657 3446 2958 3508 advenerit,
2990 3446 3244 3500 omnibus
3278 3445 3588 3500 caalestibus

2007 3542 2178 3609 inpiis
2205 3541 2459 3605 stipatus,
2491 3539 2626 3591 vivis
2659 3554 2720 3592 ac
2755 3538 2979 3591 mortuis
3004 3537 3094 3607 jus
3123 3537 3382 3591 dicturus.
3417 3555 3438 3590 ς
3478 3535 3590 3607 Ego

2006 3644 2186 3688 autem
2227 3635 2552 3687 consututus
2595 3648 2712 3683 sum
2757 3629 2868 3684 Rex
2910 3633 2978 3683 ab
3018 3628 3177 3695 eo”;
3228 3649 3246 3681 ι
3294 3631 3466 3684 oratio
3504 3640 3591 3685 est

2005 3726 2164 3796 digna
2223 3725 2368 3788 Deo,
2421 3732 2476 3776 et
2533 3723 2720 3792 regia,
2768 3731 2823 3776 et
2877 3721 3077 3775 Christi
3133 3725 3294 3775 etiam
3356 3722 3591 3777 hominis

2007 3829 2246 3884 perenne
2288 3814 2522 3868 innuens
2560 3827 2820 3881 regnum;
2858 3811 2990 3865 dicit
3025 3811 3166 3864 enim
3208 3827 3221 3864 :
3266 3828 3284 3861 ι
3328 3809 3592 3878 Rogitabit

2009 3903 2268 3956 Dominus
2315 3904 2366 3955 itt
2411 3901 2628 3967 smcula,
2669 3900 2806 3953 Deus
2860 3911 3003 3964 tuus,
3053 3899 3205 3954 Sion.
3245 3899 3417 3969 Super
3457 3902 3586 3954 Sion

2009 4004 2243 4048 inmitem
2299 4005 2543 4048 sanctum
2597 3993 2776 4061 cjus‘.
2828 4010 2846 4042 υ
2908 3993 3165 4044 Sanctum
3217 4001 3452 4045 montem
3502 3993 3590 4045 Lic.

2013 4083 2284 4155 Virginem
2328 4101 2392 4138 ac
2435 4083 2722 4152 Deiparatn
2767 4082 3018 4153 intellige.
3052 4082 3120 4137 Ut
3166 4083 3306 4135 cnim
3352 4081 3491 4136 Dt-us
3528 4093 3588 4138 tu

2005 4178 2136 4232 Sina
2182 4178 2516 4231 descendens
2560 4188 2886 4244 conspectus
2935 4185 3020 4229 est
3073 4189 3103 4227 a
3152 4175 3324 4238 Mose,
3371 4176 3450 4230 sic
3500 4176 3588 4230 ille

2008 4270 2321 4323 incarnatus
2349 4284 2412 4322 ex
2438 4266 2680 4337 Virgine,
2703 4279 3054 4321 conversatus
3080 4277 3162 4321 est
3187 4284 3307 4320 cuin
3337 4269 3584 4336 heiuine;

3378 4377 3397 4411 ι
3441 4359 3588 4414 Prte-

2006 4453 2194 4506 dicans
2247 4459 2580 4520 praeceptum
2635 4449 2882 4512 Domini,
2939 4470 2958 4504 ι
3019 4450 3068 4503 id
3122 4461 3232 4514 cst,
3284 4453 3586 4520 interpres,

2006 4551 2064 4598 ut
2113 4543 2293 4597 Patris
2349 4542 2616 4597 beneﬁcio
2661 4543 2934 4610 prophetae
2981 4541 3108 4595 olim
3159 4542 3523 4610 prtcdixerunt
3571 4560 3589 4600 τ

2011 4653 2028 4686 t
2084 4634 2346 4690 Dominus
2390 4635 2524 4688 dixit
2574 4637 2639 4687 ad
2696 4649 2810 4700 me;
2869 4651 2887 4683 ι
2942 4634 3032 4702 qui
3082 4631 3213 4686 mihi
3267 4633 3430 4687 Pater
3478 4639 3600 4700 est,”

2004 4728 2298 4780 secundmn
2338 4726 2574 4780 divinam
2612 4737 2896 4789 naturam,
2931 4727 3182 4794 idemque
3215 4725 3357 4779 Deus
3389 4740 3587 4781 secun-

2004 4821 2129 4872 dum
2177 4833 2392 4872 carnem
2441 4827 2817 4885 assumptam:
2857 4835 2875 4868 ι
2909 4815 3075 4872 Filius
3127 4831 3276 4872 meus
3326 4832 3384 4873 es
3429 4827 3522 4881 tu,
3562 4836 3581 4871 ι

2004 4910 2364 4964 charissimus
2428 4917 2553 4963 ante
2616 4907 2813 4961 saecula
2873 4908 3007 4962 citra
3065 4907 3270 4962 ﬂuxum
3335 4909 3466 4964 mihi
3526 4923 3582 4964 es

2003 5002 2192 5057 Filius.

2082 5114 2099 5144 ι
2137 5096 2248 5164 Ego
2283 5093 2442 5148 hodie
2473 5093 2630 5164 genui
2669 5103 2736 5147 te.
2777 5113 2795 5143 ι
2836 5093 3004 5158 Quem
3038 5108 3103 5148 ex
3137 5103 3292 5148 utero
3323 5103 3450 5146 ante
3473 5091 3582 5146 Lu.

2001 5184 2227 5240 ciferum
2261 5185 2442 5253 genui,
2474 5184 2736 5238 hodierno
2769 5182 2854 5238 die
2891 5194 3236 5252 corporatum
3269 5198 3332 5236 cx
3369 5180 3578 5249 Virgine

1999 5275 2219 5344 prodire
2261 5275 2440 5340 volui;
2487 5289 2663 5343 neque
2707 5274 2851 5328 enim
2901 5275 3040 5327 alius
3081 5273 3257 5326 fuerat
3299 5273 3387 5325 ille
3423 5281 3583 5342 atque

1999 5365 2140 5420 alius
2201 5373 2290 5430 tu,
2342 5364 2436 5418 sed
2494 5363 2671 5430 idem,
2726 5379 2864 5417 unus
2923 5377 2988 5416 ex
3044 5361 3250 5416 duabus
3303 5362 3511 5417 naturis
3561 5375 3572 5416 :

2683 5543 2728 5575 ’"
2756 5541 2990 5610 Sephon.
3019 5556 3102 5600 tit,
3133 5540 3216 5604 H,
3252 5542 3338 5596 15.
3414 5538 3459 5572 ⁸⁸
3484 5538 3582 5594 Za'

3032 5614 3079 5644 ³³
3108 5612 3296 5665 Matth.
3331 5626 3416 5665 xix
3443 5649 3460 5674 ,
3490 5612 3578 5666 14.

3121 5682 3166 5716 θ’
3196 5682 3337 5739 Psal.
3371 5697 3434 5746 tt,
3464 5681 3578 5738 4-6.

2472 5614 2516 5644 ⁹¹
2548 5611 2692 5668 l‘sal.
2723 5628 2839 5676 vut,
2869 5613 2922 5665 5.

2060 5686 2104 5718 ⁸⁷
2131 5683 2275 5740 Psal.
2311 5699 2371 5750 tt,
2405 5685 2515 5739 1-5.
2618 5683 2662 5716 ⁸⁸
2690 5681 2826 5739 Gett.
2864 5697 2901 5748 t,
2932 5680 3022 5736 9.6.
