4042 6400
510 276 617 348 Βξῦ
1699 296 2130 359 ANDRONIC-I
2159 295 2508 360 COMNENI

513 416 531 449 ι
587 396 809 452 Postula
858 413 887 451 a
933 413 1038 465 mc,
1078 410 1132 454 ct
1177 400 1318 458 dabo
1361 405 1459 461 tibi
1507 416 1698 476 gentes
1741 410 2107 464 ltmreditatem
2143 418 2182 471 Α
2218 423 2379 466 vocat
2415 413 2742 469 horrendam
2782 414 2931 471 illam
2969 418 3294 474 sententiam

509 501 677 544 tuam.
711 508 730 539 ι
768 489 918 545 Solet
952 492 1117 548 David
1154 511 1272 564 qua:
1310 505 1433 552 sunt
1464 497 1761 569 Unigeniti,
1791 506 1858 556 ad
1898 503 1990 556 Dei
2029 518 2093 557 ac

511 579 689 634 Patris
715 581 1046 637 voluntatem
1079 594 1243 657 atque
1270 597 1591 656 potestatem
1622 606 1900 658 revocare,
1933 610 2002 649 ne
2026 595 2096 649 ab

511 671 774 741 imperitis
809 672 919 729 Deo
963 679 1272 735 contrarius
1307 683 1624 737 crederetur
1661 702 1675 740 :
1722 703 1741 736 t
1776 683 1841 739 Et
1874 702 2097 755 posses-

508 763 720 817 sionem
759 775 903 818 tuam
944 769 1210 825 terminos
1242 779 1430 840 terra‘;
1473 792 1493 825 ι
1528 774 1618 842 qui
1651 790 1865 829 sacrum
1901 794 2094 834 nomen

3721 316 3837 379 900

3339 437 3353 474 :
3394 439 3413 473 t
3462 421 3760 484 Discedite
3799 448 3832 486 a

2209 519 2316 569 me,
2352 505 2651 571 maledicti,
2686 508 2737 560 in
2783 508 2959 578 ignem
3005 522 3289 579 aeternum,
3323 518 3413 585 qui
3459 532 3699 588 paratus
3743 533 3832 577 est

2212 596 2429 650 diabolo
2457 608 2512 652 et
2541 600 2750 669 angelis
2782 602 2899 671 ejus
2918 602 2994 668 “;
3036 622 3056 657 ι
3093 620 3256 675 quam
3292 619 3347 664 et
3376 623 3503 666 ante
3534 613 3826 681 judicium

2206 692 2578 762 unusquisque
2621 697 2928 765 recogitans
2955 737 2972 764 ,
3006 713 3072 754 ac
3114 716 3209 755 sua
3257 703 3427 770 ipsius
3466 712 3827 768 conscientia

509 852 747 910 ferentes
782 865 956 923 tuum,
984 874 1078 927 per
1113 868 1166 916 te
1194 860 1405 931 jurent.
1438 883 1459 917 ι
1504 864 1678 933 Reges
1718 882 1812 922 eos
1858 868 1915 923 in
1949 871 2095 940 virga

507 943 810 1013 ferrea’;t
860 959 1132 1018 sceptrum
1198 968 1290 1008 seu
1348 955 1496 1026 virga
1570 956 1745 1013 ferrea
1801 960 2097 1017 divinitatis

508 1035 808 1121 potentiam
853 1039 1146 1108 signiﬁcat.
1173 1042 1304 1097 Nam
1339 1059 1625 1114 paternum
1662 1049 1765 1104 hoc
1800 1065 1897 1121 per
1930 1050 2096 1108 Davi-

506 1127 627 1179 dem
642 1110 845 1182 dictum
863 1133 1196 1190 conﬁrmans
1215 1152 1366 1192 meus
1390 1138 1647 1194 Servator
1662 1141 1777 1197 ait:
1798 1161 1823 1195 ιη
1840 1143 1956 1215 Ego
1975 1161 2096 1201 sum

508 1225 695 1283 pastor
723 1216 916 1287 bonus,
948 1231 1003 1277 et
1032 1237 1131 1294 ego
1170 1242 1406 1295 agnosco
1447 1246 1585 1288 oves
1608 1248 1779 1301 meas,
1807 1246 1864 1293 et
1893 1253 2096 1309 cogito-

507 1318 667 1364 scunt
694 1326 781 1366 me
805 1328 960 1370 mea).
981 1316 1133 1371 Sicut
1158 1321 1302 1374 novit
1336 1338 1421 1377 me
1447 1322 1629 1390 Pater,
1651 1337 1707 1382 et
1731 1344 1833 1399 ego
1858 1345 2096 1402 agnosco

514 1397 729 1453 Patrem
758 1419 774 1459 :
796 1416 848 1458 et
873 1407 1109 1462 animam
1135 1425 1310 1466 tneam
1337 1428 1479 1482 pono
1504 1431 1601 1484 pro
1625 1420 1816 1476 ovibus
1840 1423 1976 1479 meis
1992 1423 2035 1480 ³.
2068 1444 2086 1477 ι

505 1521 577 1533 -
606 1511 624 1544 ι
658 1493 937 1565 Tanquam
964 1515 1059 1556 vas
1086 1501 1230 1571 ﬁguli
1258 1506 1569 1580 confringes
1594 1526 1709 1567 eos.
1734 1533 1754 1566 ι
1789 1513 1885 1571 His
1909 1517 2094 1573 verbis

508 1594 623 1638 tum
661 1588 936 1645 hominum
972 1593 1211 1651 declarat
1241 1598 1538 1669 opiﬁcium,
1566 1605 1712 1674 quod
1743 1623 1977 1679 magnus
2008 1610 2096 1666 ille

508 1678 701 1746 ﬁgulus
758 1685 894 1737 Deus
943 1684 1149 1744 elIiuvit
1228 1706 1293 1747 ac
1352 1695 1569 1751 molitus
1629 1708 1743 1767 est;
1805 1678 1916 1756 tum
1965 1718 2094 1759 vero

2205 783 2403 846 vietus,
2423 783 2609 840 horret
2634 804 2646 841 :
2681 806 2699 838 ι
2729 787 2879 843 Beati
2903 805 3091 846 omnes
3113 794 3205 863 qui
3230 796 3503 851 conﬁdunt
3532 801 3588 854 in
3615 819 3685 857 eo
3704 805 3771 857 η.
3796 826 3815 858 υ

2213 871 2486 944 Propheta
2526 878 2820 934 humanam
2857 889 3107 937 naturam
3140 885 3193 939 in
3224 888 3359 943 duas
3394 895 3641 959 partitus
3675 901 3816 964 vias,

2205 965 2427 1019 damnat
2467 969 2812 1037 pervicaces;
2861 979 2916 1025 at
2960 972 3078 1041 pios
3132 978 3542 1052 morigerosque
3590 987 3812 1056 pietati,

2207 1056 2516 1128 incorrupta
2547 1075 2611 1113 ac.
2639 1064 2860 1130 perenni
2890 1062 3225 1123 beatitudine
3254 1070 3437 1128 allicit.
3840 1130 3843 1131 ν

2276 1151 2662 1208 Couscntauea
2695 1156 2840 1211 Patri
2874 1168 2930 1213 et
2958 1158 3213 1215 Salomon
3245 1161 3557 1221 Jndaeorum
3599 1170 3812 1226 scelera

2210 1244 2518 1311 publicatis,
2547 1247 2623 1300 ait
2661 1266 2675 1300 :
2721 1267 2740 1301 ι
2780 1249 3046 1307 Dixerunt
3076 1256 3380 1324 cegitautes
3414 1262 3557 1328 apud
3601 1277 3664 1316 se
3702 1280 3808 1318 non

2206 1345 2354 1391 recte
2400 1354 2415 1392 ε
2460 1336 2851 1406 Opprimamus
2892 1343 3128 1413 justum,
3165 1351 3419 1415 quoniam
3464 1353 3687 1408 inutilis
3731 1368 3814 1411 est

2206 1429 2385 1492 nobis,
2417 1439 2472 1483 et
2501 1435 2811 1487 contrarius
2843 1444 2927 1489 est
2956 1438 3215 1505 operibus
3251 1444 3474 1500 nostris.
3504 1456 3557 1500 et
3593 1446 3813 1514 impro-

2205 1531 2360 1589 perat
2387 1523 2543 1578 nobis
2571 1537 2793 1592 peccata
2824 1527 2980 1601 legis,
3004 1540 3053 1584 et
3083 1531 3329 1586 diﬁ‘amat
3360 1534 3412 1587 in
3445 1550 3544 1591 nos
3576 1548 3809 1606 peccata

2204 1612 2501 1682 disciplina:
2527 1626 2745 1673 nostrae.
2764 1619 3040 1677 Promittit
3061 1638 3120 1677 se
3143 1626 3427 1680 scientiam
3457 1628 3548 1682 Dei
3576 1630 3810 1695 habere,

2205 1714 2257 1759 et
2306 1705 2500 1761 Filium
2555 1709 2646 1763 Dei
2702 1726 2761 1766 se
2814 1715 3076 1769 nominat.
3134 1715 3332 1772 Factus
3388 1730 3472 1772 est
3525 1724 3693 1776 nobis
3754 1724 3807 1777 in

503 1765 810 1824 Jndarorum
855 1773 1284 1835 internecionem
1322 1792 1377 1839 et
1408 1784 1708 1843 interitum.
1741 1790 1871 1846 Tam
1909 1791 2089 1861 facile,
2126 1783 2166 1839 Β
2203 1796 2600 1855 traductionem
2646 1802 3034 1872 cogitationum
3092 1819 3424 1864 nostrarum.
3465 1811 3673 1867 Gravis
3719 1827 3807 1869 est

505 1859 703 1929 inquit,
738 1864 984 1934 enllides,
1021 1871 1113 1937 qui
1164 1880 1215 1926 te
1266 1882 1324 1928 tit
1362 1877 1612 1943 opiﬁccm
1657 1896 1721 1937 ac
1771 1884 1934 1937 Deum
1982 1902 2090 1941 non

504 1965 850 2019 venerantur,
885 1961 979 2014 sed
1019 1977 1226 2018 uterum
1270 1968 1545 2025 hominem
1603 1976 1833 2045 ducunt,
1862 1980 2091 2038 salutari

511 2053 683 2098 morte
730 2056 779 2101 te
824 2050 1151 2118 multantes,
1178 2070 1339 2124 quam
1378 2060 1573 2129 ﬁgulus
1606 2063 1929 2132 fabricatum
1967 2087 1996 2126 a
2033 2089 2094 2130 se

507 2150 572 2189 ac
628 2139 1027 2197 conlormatum
1090 2145 1274 2202 ﬁctile.
1329 2149 1398 2206 Ut
1446 2155 1590 2207 enim
1653 2160 1922 2225 pecudes,
1973 2177 2092 2232 quae

504 2227 738 2291 pastoris
786 2242 971 2283 vocem
1021 2242 1185 2301 atque
1226 2237 1444 2292 sibilum
1493 2255 1824 2311 sequuntur,
1861 2259 1917 2303 ct
1961 2227 2092 2307 viri-

505 2316 661 2370 dihus
713 2331 1007 2385 pascuntur
1066 2324 1285 2393 herbis,
1340 2341 1396 2385 et
1449 2333 1842 2403 liquidissimus
1903 2353 2092 2410 potant

505 2407 723 2475 latices;
761 2425 881 2479 qua
913 2428 1045 2468 vero
1080 2432 1109 2471 a
1147 2430 1363 2486 pastore
1397 2427 1688 2495 resiliunt,
1724 2430 1852 2487 feris
1896 2436 2092 2503 praeda:

2201 1889 2358 1945 nobis
2404 1892 2569 1946 etiam
2615 1894 2682 1949 ad
2727 1896 3042 1964 videndum,
3077 1905 3335 1969 quoniam
3384 1906 3680 1963 dissimilis
3725 1919 3807 1963 est

2196 1981 2319 2037 aliis
2366 1984 2476 2038 vita
2520 1985 2686 2051 illius,
2721 1997 2776 2042 et
2819 1990 3121 2047 immutata:
3163 2007 3289 2049 sunt
3334 1998 3432 2052 viae
3473 1998 3616 2066 ejus.
3651 2001 3803 2054 'l‘an-

2195 2089 2357 2143 quam
2405 2092 2642 2146 nugaces
2681 2082 2937 2138 aestimati
2985 2100 3178 2142 sumus
3217 2088 3285 2142 ab
3328 2089 3439 2151 illo,
3467 2103 3516 2144 ct
3557 2094 3801 2147 abstinet

2197 2182 2258 2221 se
2282 2182 2312 2221 a
2340 2168 2440 2223 viis
2462 2171 2683 2237 nostris,
2709 2182 2964 2243 tanquam
2992 2177 3061 2231 ab
3087 2178 3467 2246 immunditiis,
3492 2195 3547 2235 et
3577 2184 3801 2248 prata-rt

2198 2261 2495 2317 novissima
2531 2264 2827 2335 justorum,
2860 2280 2915 2323 et
2946 2270 3213 2339 gloriatur
3244 2272 3458 2328 Patrem
3494 2291 3559 2331 se
3596 2279 3799 2331 haltere

2196 2351 2391 2406 Deum.
2426 2355 2719 2413 Videamus
2751 2374 2883 2429 ergo
2916 2362 2962 2415 si
2999 2378 3282 2419 sermones
3318 2366 3462 2419 illius
3499 2370 3619 2423 veri
3660 2372 3789 2427 sint.

2194 2457 2249 2499 et
2292 2453 2565 2502 tentcmus
2604 2465 2726 2516 qua:
2764 2462 2991 2508 ventura
3035 2467 3167 2512 sunt
3210 2458 3311 2512 illi.
3344 2458 3695 2516 Contumelia
3742 2472 3795 2517 et

505 2507 665 2564 sunt;
711 2500 786 2555 ita
831 2512 1041 2561 tractus
1087 2523 1279 2567 omnes
1324 2518 1537 2572 cunctis
1585 2528 1851 2577 terrarum
1894 2526 2092 2584 ﬁnibus

506 2590 819 2659 quicunque
863 2597 966 2649 mei
1014 2597 1133 2654 Filii
1172 2617 1360 2659 vocem
1406 2609 1648 2678 audient,
1683 2613 1736 2667 itt
1778 2617 2091 2675 cades-tibus

501 2683 829 2753 arternisque
866 2688 1086 2747 sedibus
1127 2694 1322 2765 degcnt
1356 2713 1420 2753 ac
1464 2715 1713 2770 pascent,
1739 2717 1794 2762 et
1828 2709 1894 2764 ad
1931 2727 2090 2767 secu-

503 2788 594 2829 ras
631 2789 822 2832 amnes
858 2783 1183 2840 ntitiientur.
1210 2789 1397 2859 Atqui
1430 2792 1549 2862 ejus
1572 2811 1760 2853 vocem
1796 2802 2088 2873 negligent,

506 2865 677 2919 attriti
715 2882 780 2922 ac
809 2871 992 2935 deleti,
1025 2876 1207 2931 infami
1243 2877 1389 2949 lupo,
1421 2882 1659 2951 diabolo,
1688 2865 2087 2961 relinquentur.

581 2976 601 3008 ι
640 2958 706 3012 Et
739 2976 904 3029 nunc,
966 2980 1140 3036 teges,
1173 2970 1459 3045 intelligite
1474 2975 1516 3031 ⁵.
1552 2997 1572 3031 ι
1609 2979 1809 3038 Christi
1846 2958 2087 3055 potesta-

503 3055 637 3114 tem,
673 3055 1157 3126 resurrectionem,
1191 3070 1355 3131 atque
1393 3078 1618 3137 regnum
1665 3082 1791 3128 ante
1834 3087 2088 3133 accurate

498 3151 787 3196 exsecutus
816 3144 1111 3214 Propheta,
1140 3150 1438 3222 intelligere
1470 3172 1531 3213 ea
1560 3175 1780 3232 quoque
1807 3174 2077 3223 terrarum

499 3245 658 3303 reges
691 3233 846 3303 jubet
876 3251 943 3294 ac
976 3240 1248 3298 hortatur.
1287 3263 1306 3297 ι
1350 3247 1655 3308 Erutlimini
1694 3256 1784 3324 qui
1821 3257 2081 3327 jndicatis

500 3331 703 3379 terram
734 3343 749 3380 :
784 3344 804 3378 ι
834 3332 1270 3402 quandoquidem
1298 3337 1539 3408 judicttm
1564 3343 1835 3414 Judicem,
1857 3352 2080 3407 deorum

503 3412 697 3485 Deum,
729 3430 969 3475 vestrum
1007 3438 1074 3479 ac
1110 3427 1277 3485 totius
1308 3433 1493 3487 mundi
1525 3433 1727 3507 Regem
1760 3439 2081 3498 Dominum-

495 3519 605 3574 quc
643 3512 995 3578 exspectatis,
1034 3516 1228 3570 discite
1271 3534 1483 3589 omnes,
1512 3528 1603 3594 qui
1639 3529 1709 3584 tle
1745 3534 1999 3596 terrenis,
2028 3544 2083 3590 ct

496 3608 713 3653 terrena
739 3601 1018 3669 judicatis,
1043 3607 1308 3674 judicare,
1329 3624 1393 3668 ac
1419 3613 1508 3682 jus
1532 3626 1588 3672 ct
1610 3633 1822 3686 aaquum
1852 3624 2032 3681 facere
2062 3646 2077 3683 :

498 3705 519 3739 ι
571 3690 623 3744 in
670 3706 780 3761 quo
838 3694 983 3748 enim
1020 3695 1426 3771 jndicavcritis,
1451 3704 1825 3773 judicabitnitti
1873 3734 1888 3770 :
1933 3726 1986 3772 et
2021 3719 2077 3773 in

491 3794 598 3848 qua
626 3796 879 3838 mensura
911 3790 1084 3844 mensi
1110 3788 1343 3860 fueritis,
1372 3799 1692 3855 retnetietur
1711 3804 1866 3861 vobis
1882 3808 1926 3861 ⁵.
1961 3826 1981 3859 ι
2007 3839 2078 3852 -

490 3889 518 3923 4
568 3870 780 3929 Servite
823 3874 1051 3935 Domino
1095 3880 1150 3937 in
1197 3884 1421 3953 timore,
1452 3899 1509 3944 et
1545 3894 1813 3953 exsultate
1856 3900 1905 3954 ei
1951 3915 2073 3957 cum

489 3972 757 4032 tremore;
797 3985 816 4020 ι
858 3972 1001 4039 quod
1032 3973 1078 4028 si
1113 3975 1299 4034 timide
1326 3995 1391 4035 ac
1419 3984 1626 4053 trepide
1657 3986 1827 4044 Deum
1859 3994 2074 4061 coletis,

484 4059 828 4125 postmodum
859 4078 980 4117 cum
1008 4079 1074 4121 eo
1101 4076 1365 4126 aeternum
1396 4076 1777 4148 exsultabitis;
1810 4097 1957 4139 nunc
1989 4085 2069 4140 la-

487 4150 721 4217 crymosi
752 4163 1004 4212 serentes
1032 4175 1047 4213 :
1079 4169 1136 4214 at
1162 4169 1272 4216 tum
1307 4163 1436 4219 lauti
1461 4177 1763 4226 vestrorum
1791 4172 2068 4233 fructuum

492 4241 826 4301 millenarias
855 4248 1055 4306 aristas
1090 4257 1355 4320 messuri,
1388 4264 1812 4329 comportandas
1846 4267 1898 4322 in
1933 4269 2067 4325 hor-

486 4346 578 4387 rea
604 4335 871 4393 caelestia.
905 4359 925 4392 ι
958 4343 1367 4413 Apprehcldite
1391 4351 1732 4422 disciplinam
1753 4357 1798 4424 ⁸,
1826 4376 1846 4411 ι
1877 4358 1931 4414 id
1960 4371 2064 4426 est,

483 4423 551 4474 ad
580 4421 788 4494 frugem
822 4431 1081 4501 suscipite
1111 4435 1349 4492 divinant
1382 4421 1723 4512 doctrinam;
1759 4421 1837 4502 ait
1865 4451 2013 4506 enim

488 4529 509 4564 ι
545 4512 613 4568 Et
638 4518 926 4588 disciplina
965 4533 1055 4578 tua
1089 4530 1326 4583 correxit
1358 4546 1445 4587 me
1480 4534 1532 4588 in
1562 4534 1724 4591 linem
1762 4557 1778 4594 :
1814 4551 1871 4596 et
1900 4543 2066 4601 disci-

479 4603 627 4674 plina
661 4618 751 4663 tua
788 4624 875 4666 me
908 4612 1220 4672 docebit'.»
1260 4620 1327 4676 Et
1356 4637 1571 4680 rursum
1607 4626 1750 4683 LXX
1782 4648 1797 4686 :
1829 4650 1848 4684 ι
1888 4634 2063 4692 Disci-

485 4696 631 4766 plina
664 4698 878 4755 Domini
914 4706 1088 4772 aperit
1117 4723 1279 4768 aures
1308 4716 1529 4782 meas";
1569 4740 1591 4771 ι
1626 4729 1791 4790 atque
1820 4722 2012 4781 iterum
2044 4746 2059 4784 :

483 4806 503 4841 ι
555 4789 842 4862 Castigans
881 4797 1167 4867 t-aStigavit
1210 4816 1294 4857 me
1335 4804 1619 4876 Deminus,
1650 4789 1713 4868 et
1746 4817 1907 4871 morti
1953 4833 2059 4876 non

482 4883 705 4938 tradidit
734 4900 822 4941 me
838 4886 880 4942 ’.
916 4905 936 4938 ι
965 4916 1038 4927 -
1073 4908 1093 4941 t
1124 4888 1203 4947 Ne
1236 4896 1452 4962 quando
1484 4899 1752 4958 irascatur
1775 4904 2059 4977 Dominus,

473 4984 530 5028 et
562 4977 796 5044 pereatis
831 4980 898 5034 de
928 4981 1010 5033 via
1041 4982 1186 5052 justa
1210 4984 1276 5037 ¹⁰.
1317 5009 1336 5038 ο
1377 4986 1515 5043 lram
1549 4994 1779 5062 appellat
1817 5013 2065 5058 remune-

470 5065 702 5122 rationis
741 5071 928 5140 diem;
971 5075 1149 5142 perire
1176 5077 1242 5131 de
1282 5079 1363 5133 via
1401 5082 1568 5149 justa,
1597 5088 1851 5147 excidere
1890 5102 1974 5148 est
2002 5110 2066 5151 ac

475 5156 730 5214 frustrari
798 5162 987 5220 dextra
1051 5166 1253 5234 judicis
1319 5173 1669 5243 assistentia,
1721 5195 1825 5250 qua
1889 5198 2065 5253 sancti

472 5262 663 5305 omnes
696 5265 759 5307 ac
787 5253 920 5324 justi
957 5259 1229 5315 fruentur.
1264 5280 1283 5313 ι
1326 5263 1460 5319 Cum
1506 5274 1772 5328 exarserit
1813 5276 1866 5330 in
1906 5278 2056 5334 brevi

470 5336 552 5391 ira
604 5339 812 5410 ejus“.
867 5364 887 5399 ι
949 5348 1305 5422 chentinam
1359 5356 1649 5416 vindictam
1699 5379 1765 5422 ac
1814 5366 2049 5428 furorem

2196 2544 2469 2593 tormento
2518 2542 2916 2615 interrogemus
2961 2564 3108 2612 cum,
3142 2561 3202 2602 ut
3243 2553 3480 2607 sciamus
3524 2570 3792 2609 reveren-

2195 2625 2325 2680 tiam
2357 2629 2497 2698 ejus,
2525 2642 2577 2685 ct
2602 2636 2892 2700 probemus
2919 2639 3236 2707 patientiam
3270 2642 3432 2699 illius.
3459 2643 3641 2701 Morte
3674 2658 3788 2700 tur-

2192 2720 2420 2787 pissinta
2467 2727 2895 2783 condemnemus
2938 2747 3062 2785 eum
3109 2747 3125 2785 :
3169 2735 3274 2789 crit
3312 2737 3455 2790 enim
3501 2749 3787 2808 respectus

2192 2826 2258 2865 ex
2293 2815 2637 2871 sermonibus
2673 2817 2838 2875 illius.
2874 2819 3000 2876 ηενρ
3035 2826 3441 2894 cogitaverunt,
3471 2840 3523 2883 et
3565 2845 3789 2883 errave-

2193 2911 2319 2958 runt
2354 2909 2696 2976 :gexca.-cavit
2733 2912 2875 2964 cnim
2925 2914 3041 2969 illos
3082 2917 3289 2972 malitia
3333 2935 3543 2975 eorum.
3589 2923 3653 2976 lit
3689 2937 3784 2976 ne-

2191 2994 2438 3051 scierunt
2467 3012 2813 3056 sacramenta
2847 3004 2971 3072 Dei,
3002 3022 3174 3077 neque
3211 3009 3627 3079 jndicaverunt,
3658 3016 3782 3083 quia

2192 3094 2247 3141 tu
2279 3102 2339 3143 es
2368 3087 2512 3145 Deus
2545 3090 2714 3156 solus,
2742 3093 2835 3163 qui
2864 3096 2989 3150 vitae
3023 3109 3079 3152 et
3111 3101 3303 3154 mortis
3336 3101 3503 3157 habes
3540 3117 3783 3172 potesta-

2191 3186 2296 3233 tem
2335 3197 2351 3233 :
2388 3190 2443 3235 et
2475 3181 2652 3237 salvas
2686 3184 2739 3238 in
2778 3195 3021 3257 tempore
3058 3190 3448 3260 tribulationis,
3481 3203 3536 3249 et
3576 3199 3777 3253 liberas

2188 3269 2257 3324 ab
2286 3271 2439 3325 omni
2472 3272 2616 3327 malo
2650 3292 2666 3332 :
2700 3278 2957 3344 quoniam
2993 3281 3116 3349 pius
3145 3292 3199 3335 et
3233 3283 3575 3351 misericors,
3603 3298 3655 3341 et
3686 3290 3779 3342 das

2186 3362 2419 3431 gratiam
2462 3368 2669 3423 sanctis
2713 3369 2843 3434 tuis,
2870 3379 2925 3425 et
2957 3372 3009 3425 in
3046 3373 3274 3429 brachio
3311 3385 3403 3432 tuo
3436 3378 3655 3434 resistis
3687 3395 3778 3435 su-

2185 3452 2371 3519 pet-bis
2390 3454 2455 3510 ⁸⁸.
2489 3473 2509 3507 ι

2258 3544 2323 3597 Ει
2346 3561 2442 3616 per
2464 3546 2757 3606 .Ieremiam
2787 3550 3040 3608 Christus
3067 3557 3312 3624 praedicit
3341 3576 3356 3613 :
3392 3580 3410 3612 ι
3446 3561 3560 3633 Ego
3589 3573 3768 3619 autem

2182 3635 2322 3691 sicut
2352 3653 2524 3707 agnus
2560 3641 2844 3707 innocens,
2873 3644 3068 3700 tinctus
3110 3649 3175 3701 ad
3217 3649 3637 3719 immolandum,
3668 3670 3769 3708 uou

2181 3730 2573 3793 cognoscebam
2621 3749 2635 3786 :
2681 3734 2809 3802 quia
2855 3737 3237 3807 cegitaverunt
3277 3757 3444 3812 super
3487 3760 3582 3801 me
3623 3747 3766 3814 cogi-

2185 3821 2445 3875 tationem
2494 3824 2716 3890 malam,
2763 3826 3004 3883 dicentes
3058 3846 3074 3885 :
3122 3828 3343 3899 Venite,
3385 3847 3441 3890 et
3487 3838 3772 3893 mittamus

2180 3913 2381 3983 lignum
2425 3915 2478 3968 in
2521 3930 2716 3985 panem
2744 3918 2886 3988 ejus,
2916 3929 2972 3975 et
3005 3923 3297 3979 eradamus
3340 3941 3463 3981 eum
3506 3930 3579 3986 tle
3624 3940 3765 3985 terra

2177 4003 2510 4072 viventium,
2560 4016 2613 4062 et
2663 4023 2863 4064 nomen
2917 4011 3035 4081 ejus
3089 4031 3195 4070 non
3254 4032 3594 4076 memoretur
3644 4040 3760 4077 am-

2175 4095 2316 4167 plius
2336 4096 2403 4152 ⁸⁸.
2442 4116 2463 4149 ι
2494 4128 2566 4139 -
2598 4117 2617 4151 t
2656 4098 2886 4171 Lignnm
2917 4125 2938 4159 ι
2976 4107 3243 4180 Propheta
3279 4113 3512 4182 appellat
3541 4117 3761 4171 vitalem

2173 4205 2425 4258 crucem;
2468 4211 2487 4244 t
2532 4207 2748 4264 panem,
2786 4218 2806 4249 ι
2857 4200 3158 4268 Christum,
3189 4205 3265 4259 uti
3310 4207 3376 4261 de
3413 4222 3473 4263 se
3512 4207 3765 4265 Christus

2172 4282 2463 4338 conﬁt-mat
2506 4304 2521 4341 :
2576 4304 2595 4338 ι
2650 4288 2763 4358 Ego
2811 4305 2930 4346 sum
2974 4295 3130 4361 panis
3171 4295 3350 4364 vivus,
3378 4300 3469 4369 qui
3513 4301 3587 4356 de
3629 4302 3765 4357 coelo

2170 4374 2424 4430 descendi
2448 4376 2515 4432 ¹⁶.
2555 4395 2575 4429 ι

2096 4458 2145 4518 ι)
2242 4463 2417 4521 David
2449 4482 2672 4539 quoque
2700 4472 2768 4526 de
2802 4472 3030 4540 insanis,
3060 4484 3116 4531 et
3145 4479 3387 4547 pessimo
3415 4485 3649 4540 consilio
3678 4486 3760 4538 in—

2169 4559 2398 4615 structis
2431 4559 2509 4615 ait
2540 4577 2558 4617 :
2599 4579 2619 4615 ι
2659 4559 2918 4622 Fructum
2950 4585 3143 4626 eorum
3175 4576 3243 4627 de
3278 4581 3422 4629 terra
3458 4581 3676 4646 perdes,
3705 4587 3758 4632 et

2168 4661 2358 4704 semen
2401 4664 2591 4707 eorum
2626 4668 2656 4708 a
2694 4654 2823 4712 ﬁliis
2857 4657 3138 4717 hominum
3177 4678 3194 4716 :
3225 4667 3481 4733 quoniam
3515 4667 3756 4724 declina-

2165 4748 2361 4793 verunt
2394 4740 2449 4795 in
2496 4751 2548 4798 te
2588 4744 2753 4813 mala,
2787 4750 3165 4821 cogitaverunt
3200 4757 3450 4823 consilia,
3482 4775 3604 4827 qme
3645 4776 3748 4813 non

2163 4838 2459 4896 potuerunt
2487 4837 2731 4894 stabilire
2760 4857 2774 4894 :
2806 4845 3061 4912 quoniam
3093 4861 3261 4914 poncs
3285 4865 3377 4904 eos
3407 4852 3660 4916 dorsum;
3697 4851 3747 4903 in

2167 4922 2412 4993 reliquiis
2439 4927 2550 4982 tuis
2581 4933 2917 5001 praeparabis
2944 4936 3145 4991 vultum
3178 4953 3364 4994 eorum
3388 4941 3454 5004 ιτ,
3498 4959 3516 4993 ι
3559 4943 3609 4996 id
3645 4949 3746 5006 cst,

2167 5012 2220 5066 in
2262 5029 2530 5084 perennes
2563 5031 2727 5091 atque
2758 5023 3080 5084 interminos
3112 5031 3386 5087 cruciatus
3413 5033 3743 5089 abeuntium.

2161 5101 2266 5158 Job
2309 5108 2471 5163 etiam
2528 5129 2542 5166 :
2596 5129 2615 5164 t
2668 5113 2812 5171 Deus
2861 5118 3056 5189 impios
3100 5137 3208 5177 non
3250 5124 3444 5187 salvat,
3481 5145 3501 5179 ι
3548 5127 3687 5181 LXX
3727 5140 3741 5176 :

2169 5213 2190 5247 ι
2231 5210 2298 5251 eo
2332 5201 2473 5268 quod
2511 5203 2803 5260 noluerunt
2843 5210 2987 5266 scire
3033 5210 3318 5270 Dominum
3341 5215 3405 5271 ".
3443 5234 3464 5269 ι
3515 5217 3679 5273 lsaias
3723 5229 3737 5266 :

2170 5304 2189 5338 ι
2237 5286 2440 5345 Vanum
2509 5304 2592 5350 cst
2652 5299 2938 5354 consilium
3012 5314 3227 5374 patrum
3293 5312 3675 5364 vestrorum".
3711 5326 3729 5359 ι

2165 5379 2309 5436 Idem
2344 5399 2559 5440 rursum
2596 5405 2669 5465 τ’(
2701 5389 2794 5445 γω
2841 5393 2931 5448 ﬁlii
2964 5394 3294 5468 desertores,
3318 5402 3452 5457 dicit
3484 5404 3735 5458 Dominus

529 5495 822 5585 [Ρξιιικιι.
852 5502 993 5585 2,}.
1016 5577 1030 5585 _
1071 5510 1092 5542 ⁸
1122 5511 1286 5570 Joan.
1316 5531 1373 5584 ι,
1407 5517 1498 5585 14,
1534 5519 1620 5576 15.

458 5564 616 5641 fisa,
640 5568 780 5641 L,_5.
807 5564 817 5567 ⁷
858 5564 1055 5632 "Psal.
1082 5564 1331 5641 civit-"8:

459 5636 649 5718 1‘2:22;
683 5638 944 5718 Eccli._t3,
979 5648 1063 5718 l5,
1090 5636 1176 5712 11.

459 5703 500 5735 ¹⁹
528 5705 631 5763 lsa.
656 5722 828 5775 xsvn.
858 5703 942 5774 15.

1698 5522 1720 5555 ⁸
1751 5523 1895 5584 Psal.
1927 5547 1990 5595 tt,
2026 5535 2115 5591 10.

1415 5590 1457 5621 ¹⁶
1482 5591 1630 5649 Psal.
1664 5609 1721 5653 tt.
1760 5595 1846 5650 12.

1256 5656 1298 5690 "
1325 5654 1529 5716 Jerem.
1560 5679 1635 5732 XI,
1665 5665 1753 5731 19,
1782 5669 1873 5725 ‘20.

2212 5541 2234 5616 ξ
2268 5541 2456 5616 Matth.
2487 5561 2584 5613 vit,
2612 5550 2664 5605 1.
2771 5553 2791 5584 ⁸
2822 5551 2962 5609 Psal.
2999 5570 3057 5616 tt,
3096 5557 3180 5611 12.

1927 5602 2131 5685 “.iltid.
2161 5610 2245 5667 15.
2325 5615 2367 5645 ¹¹
2400 5602 2589 5670 Matth.
2620 5602 2751 5685 sitv,
2783 5602 2874 5679 4Q.

1977 5676 2021 5708 ³⁸
2050 5676 2205 5734 Joan.
2240 5699 2315 5749 Vi,
2344 5685 2434 5740 «il.

3257 5560 3277 5591 ⁷
3306 5562 3448 5616 Psal.
3485 5579 3610 5623 xvu,
3639 5560 3722 5614 56.

2954 5625 2997 5656 ¹³
3026 5627 3168 5683 Psztl.
3202 5630 3368 5693 11,19.
3448 5631 3629 5693 “Sun.
3661 5645 3721 5689 llo

2542 5690 2586 5720 ⁸⁷
2616 5690 2756 5746 l’sal.
2789 5711 2881 5761 xx,
2920 5697 3003 5763 ll,
3037 5698 3123 5754 12.
3230 5690 3271 5733 ’⁸
3302 5700 3402 5756 Jub
3457 5690 3640 5766 xxxvt,
3669 5698 3721 5752 6ο
