4042 6406
357 278 453 342 931

1397 279 1785 341 DIALOGUS
1809 278 2115 341 CONTRA
2157 279 2493 341 JUD.‘EOS-

3525 279 3638 343 9oz

358 403 418 446 ut
446 391 698 448 faceretis
725 390 1038 456 consilium,
1070 399 1124 446 et
1152 407 1254 447 non
1289 408 1351 447 ex
1385 408 1468 446 me
1499 408 1513 444 :
1546 402 1601 445 et
1629 389 1946 444 ordiretnini
1976 389 2024 448 Α
2057 407 2075 438 ι
2122 387 2269 442 Muta
2309 391 2439 444 liant
2484 390 2624 444 labia
2666 389 2872 457 dolosa,
2905 404 3025 461 qua:
3056 388 3351 460 loquuntur
3380 389 3640 444 adversus

360 483 548 548 telam,
577 491 634 536 et
667 498 773 535 non
813 497 908 552 per
943 476 1204 551 Spiritum
1242 499 1417 537 meum
1435 484 1500 536 ὀ.
1541 501 1560 535 ι
1602 480 1897 535 Zat-harias
1929 497 1943 534 :

364 593 381 623 ι
424 572 548 627 llmc
577 570 711 626 dicit
743 570 1000 625 Dominus
1030 588 1045 624 :
1080 569 1193 642 Ego
1228 587 1332 626 uon
1368 588 1586 643 parcant
1612 572 1751 626 ultra
1786 586 1951 640 super

357 664 670 719 habitantes
725 674 930 718 terram
987 679 1004 719 :
1057 678 1186 718 ecce
1242 680 1345 735 ego
1400 667 1610 719 tradam
1664 665 1947 733 batnincs,

359 770 803 825 unumquemque
850 754 904 808 in
951 768 1113 809 manu
1162 756 1393 825 proximi
1441 755 1548 820 sui,
1590 766 1643 810 et
1688 757 1740 810 in
1783 772 1946 810 manu

359 848 505 919 regis
531 847 612 902 sui
649 864 663 901 :
697 854 753 900 et
787 844 1078 900 concident
1104 862 1218 912 eos,
1249 858 1300 899 et
1327 863 1432 901 non
1460 863 1644 902 eruam
1683 848 1751 902 de
1784 863 1947 902 manu

358 954 553 993 eorum
585 955 598 992 :
626 948 682 994 et
711 953 931 1007 pascam
966 953 1097 994 oves
1129 939 1418 994 occisionis
1451 940 1503 993 in
1534 939 1947 996 Cbanaanitide.

367 1031 433 1084 Et
467 1045 746 1086 assumam
782 1030 914 1085 mihi
946 1031 1081 1086 duas
1107 1031 1289 1102 virgas
1325 1051 1339 1088 :
1372 1047 1535 1086 unam
1564 1032 1751 1086 vocavi
1783 1033 1950 1087 Deco-

360 1137 477 1176 rcm
527 1140 541 1176 :
595 1132 651 1178 et
695 1122 924 1177 alteram
972 1124 1161 1178 vocavi
1220 1122 1564 1180 Feniculum.
1614 1125 1678 1179 Et
1729 1140 1946 1194 pascam

361 1230 510 1269 oves.
546 1214 612 1268 Et
659 1215 903 1269 auferam
953 1224 1064 1270 tres
1106 1229 1358 1286 pasmres
1399 1220 1449 1272 in
1491 1233 1677 1273 mense
1718 1234 1855 1285 uno;
1895 1228 1952 1273 et

369 1308 710 1377 ingravescet
760 1309 942 1363 anima
992 1325 1110 1365 mea
1163 1327 1327 1383 super
1377 1328 1472 1368 eos
1525 1329 1540 1366 :
1587 1312 1852 1383 siquidem
1894 1322 1950 1367 et

359 1401 556 1455 anima:
582 1415 770 1455 eorum
807 1405 1088 1475 rugiebaut
1112 1420 1278 1473 super
1305 1407 1478 1460 nte“.
1514 1423 1532 1456 ι

936 1495 1167 1551 CAPUT
1206 1495 1365 1551 LVII.

364 1581 611 1639 Psalmns
647 1602 738 1640 χχι
764 1586 829 1641 de
862 1586 1065 1642 Christi
1091 1604 1320 1659 persona
1345 1589 1609 1660 eleganter
1631 1589 1948 1659 explicatur.

438 1675 603 1730 David
648 1695 661 1729 :
708 1695 727 1728 ι
764 1678 1258 1734 Circumdederunt
1290 1697 1375 1735 me
1406 1681 1557 1736 vituli
1597 1682 1771 1747 multi,
1804 1683 1944 1736 tauri

362 1767 591 1837 pingues
630 1767 957 1824 obsederunt
1007 1772 1171 1824 me".
1216 1790 1234 1824 ι
1286 1772 1351 1825 Et
1397 1789 1607 1828 rursum
1662 1791 1676 1828 :
1729 1792 1746 1825 t
1802 1775 1946 1830 Dixit

359 1861 625 1928 insipiens
660 1863 713 1914 in
741 1862 905 1917 corde
935 1878 1055 1928 suo,
1081 1862 1197 1918 Non
1228 1875 1310 1918 est
1340 1863 1512 1921 Deus:
1553 1870 1789 1936 corrupti
1818 1875 1948 1922 sunt

359 1965 415 2007 et
452 1954 844 2009 abominabiles
881 1954 1007 2011 facti
1045 1968 1170 2011 stant
1214 1957 1265 2011 in
1310 1959 1507 2014 studiis
1546 1960 1658 2013 suis
1701 1975 1716 2014 :
1757 1974 1946 2014 omnes

357 2044 789 2111 declinaverunt,
827 2047 990 2102 simul
1043 2049 1265 2105 inutiles
1314 2051 1441 2105 facti
1492 2061 1651 2117 sunt;
1702 2067 1812 2106 non
1863 2061 1947 2108 est

356 2138 450 2206 qni
487 2136 653 2194 faciat
686 2141 909 2205 bonum,
939 2158 1043 2196 non
1085 2152 1170 2197 est
1207 2160 1378 2213 usque
1415 2146 1483 2200 ad
1530 2162 1692 2199 unum
1713 2148 1780 2201 ’³.
1816 2165 1834 2198 ι
1878 2147 1945 2204 Et

358 2229 557 2284 iterum
594 2249 609 2286 :
647 2251 666 2284 ι
700 2232 913 2288 Inimici
943 2235 1047 2289 mei
1080 2237 1317 2291 animant
1355 2253 1530 2292 meam
1568 2240 1944 2295 circumdede—

360 2332 487 2377 runt
523 2340 537 2378 :
578 2324 791 2395 adipem
829 2343 986 2382 suum
1026 2329 1436 2393 concluserunt,
1472 2347 1535 2386 os
1571 2346 1758 2387 eorum
1796 2333 1944 2389 locu-

357 2424 474 2469 tum
511 2427 596 2471 est
634 2418 965 2487 superbiam.
1000 2419 1360 2490 Projicientes
1402 2438 1487 2477 me
1520 2438 1666 2478 nunc
1703 2423 1943 2479 circum-

362 2507 634 2562 dederunt
671 2525 790 2575 nte;
835 2511 1020 2567 oculos
1057 2528 1185 2568 suos
1223 2524 1532 2570 statuerunt
1565 2516 1842 2572 declinare
1886 2516 1939 2572 in

356 2606 582 2655 terram.
611 2602 984 2672 Susceperunt
1016 2619 1103 2661 me
1132 2605 1276 2660 sicut
1313 2606 1397 2662 leo
1435 2616 1658 2678 paratus
1697 2610 1762 2663 ad
1803 2625 1942 2679 prae-

354 2690 511 2758 dam,
535 2704 591 2749 et
618 2695 757 2749 sicut
789 2696 1001 2753 catulus
1036 2699 1207 2756 leonis
1240 2700 1494 2758 habitans
1521 2702 1573 2757 in
1601 2702 1799 2759 abditis
1815 2702 1882 2760 “.
1913 2723 1933 2758 ι

361 2783 428 2837 Et
459 2786 621 2853 paulo
658 2797 775 2855 post
814 2805 828 2843 :
868 2807 887 2840 t
923 2786 1168 2844 Satttrati
1206 2802 1335 2845 sunt
1364 2791 1511 2858 ﬁliis,
1539 2803 1594 2848 et
1623 2796 1944 2853 dimiserunt

356 2868 618 2947 reliquias
676 2894 806 2935 suas
872 2882 1114 2952 parvulis
1166 2885 1280 2939 suis
1306 2885 1373 2940 ”.
1431 2904 1451 2938 ι
1508 2887 1686 2958 Atque
1735 2888 1863 2945 alibi
1921 2908 1938 2946 :

359 2984 380 3018 ι
421 2968 765 3039 Aperuerunt
792 2986 956 3043 super
993 2989 1080 3029 me
1115 2990 1177 3030 os
1212 2991 1392 3045 suum,
1425 2977 1567 3034 sicut
1600 2978 1685 3034 leo
1714 2981 1941 3051 rapiens

355 3069 413 3114 ct
453 3062 760 3130 rugiens“.
795 3081 816 3117 ι
865 3062 1012 3122 Idem
1058 3082 1126 3126 ex
1164 3065 1325 3125 Pilati
1372 3084 1604 3140 persona
1651 3088 1667 3126 :

1974 1727 2022 1787 B

2049 480 2252 548 justum
2286 481 2626 547 iniquitatem
2647 480 2715 536 ³³.
2752 500 2771 532 ι
2808 484 3045 537 Rursum
3074 481 3222 537 velut
3251 496 3280 534 a
3311 495 3542 550 corpore
3570 482 3638 536 ad

2051 572 2388 627 di\itlilaieln
2426 590 2440 626 :
2486 591 2506 624 ι
2546 571 2846 629 Exsultatio
2877 589 3020 643 mea,
3066 589 3197 631 erue
3227 588 3314 628 me
3339 587 3370 627 a
3399 573 3641 628 circum-

2052 663 2304 719 dantibus
2334 678 2422 718 me
2442 663 2512 719 ³⁸.
2546 683 2567 717 ι
2603 665 2667 719 Ει
2694 666 2940 720 invectus
2970 666 3022 720 in
3057 665 3399 737 Synagogatn
3434 662 3639 719 Christi

2053 768 2187 808 nece
2246 752 2507 808 infamem
2563 771 2580 810 :
2640 774 2659 807 ι
2720 756 3137 812 Confuudantur
3185 765 3241 812 et
3293 765 3639 812 revertantur

2053 845 2216 904 simul
2263 846 2355 916 qui
2402 858 2653 916 quarrunt
2693 847 2932 901 animam
2978 864 3153 903 meam
3201 858 3640 904 :convertantur

2052 951 2355 996 retrorsum
2383 951 2440 997 et
2467 953 2824 998 revereantur
2850 942 2941 1012 qui
2972 942 3157 996 volunt
3188 940 3320 996 mihi
3353 940 3493 995 mala
3512 942 3579 994 ⁸³.
3612 959 3632 991 ι

2051 1034 2108 1090 In
2151 1034 2321 1091 falsos
2365 1050 2583 1106 quoque
2628 1044 2795 1092 testes
2835 1038 2949 1091 bmc
2996 1034 3314 1103 pronuntiat
3356 1053 3373 1089 :
3424 1052 3444 1085 ι
3500 1032 3638 1089 Sur-

2052 1142 2244 1201 gentes
2283 1143 2452 1189 testes
2491 1133 2686 1201 iniqui,
2718 1148 2837 1201 quae
2874 1130 3187 1202 ignorabam
3228 1130 3640 1197 interrogabant

2054 1239 2173 1289 me;
2209 1226 2587 1279 retribueltant
2618 1225 2750 1279 mihi
2787 1221 2927 1278 mala
2957 1237 3054 1291 pro
3086 1221 3268 1285 bonis,
3294 1220 3636 1274 sterilitatem

2052 1317 2253 1371 anima:
2284 1317 2502 1372 tur-ae“.
2540 1337 2559 1369 ι
2600 1317 2662 1370 [ι
2693 1318 2885 1369 iterum
2929 1333 2943 1369 :
2988 1333 3006 1365 ι
3050 1313 3165 1367 Νοιι
3200 1311 3641 1380 supergandcant

2058 1410 2217 1474 mihi,
2246 1411 2338 1479 qui
2371 1409 2735 1464 adversantur
2765 1406 2893 1461 mihi
2925 1407 3129 1474 inique,
3159 1405 3251 1473 qui
3291 1404 3521 1457 oderunt
3553 1417 3640 1455 me

2053 1501 2243 1572 gratis,
2277 1511 2332 1555 et
2368 1509 2614 1555 aununnt
2654 1499 2828 1554 oculis
2877 1516 2892 1553 :
2939 1497 3196 1565 quoniam
3245 1494 3375 1550 mihi
3418 1493 3636 1562 quidem

2052 1593 2280 1661 pacifica
2325 1593 2706 1663 loquebantur,
2739 1601 2795 1647 et
2834 1592 2886 1646 itt
2928 1589 3210 1645 iracundia
3244 1587 3400 1645 dolos
3433 1587 3640 1658 cogita-

2053 1686 2183 1740 bant
2202 1686 2268 1739 ³⁷.
2302 1703 2319 1735 ι
2578 1694 2597 1703 ’

2121 1779 2241 1832 .latn
2299 1780 2425 1833 illud
2474 1794 2583 1848 quo
2635 1777 2879 1833 referes?
2935 1795 2955 1828 ι
3009 1773 3339 1830 Consitlerat
3384 1780 3640 1842 peccator

2050 1872 2278 1943 justum,
2306 1879 2361 1926 et
2387 1870 2579 1939 quaerit
2611 1871 2937 1924 mortificare
2964 1881 3084 1921 eum
3118 1885 3130 1921 :
3161 1866 3420 1921 Dominus
3452 1873 3639 1918 autem

2056 1979 2163 2018 non
2192 1963 2536 2033 derelinquat
2563 1979 2685 2017 cum
2719 1964 2773 2017 in
2809 1963 3062 2016 manibus
3092 1959 3209 2027 ejus
3238 1976 3253 2017 :
3281 1973 3383 2013 nec
3408 1959 3637 2011 damna-

2051 2059 2130 2114 bit
2157 2071 2308 2123 eum,
2336 2073 2458 2114 cum
2491 2056 2824 2126 iudicabitur
2851 2054 2924 2108 illi
2953 2054 3016 2107 ³⁸.
3054 2072 3072 2104 ι
3115 2052 3383 2106 Caeterum
3421 2049 3534 2102 huic
3568 2048 3639 2101 de

2050 2151 2274 2209 Christo
2313 2167 2330 2206 :
2374 2169 2394 2203 ι
2429 2149 2825 2205 Bencdieentes
2857 2147 2909 2201 ei
2948 2145 3339 2201 haeredizabunt
3376 2151 3574 2195 terram
3618 2157 3635 2194 :

2053 2244 2443 2299 maledicentes
2470 2251 2650 2295 autem
2679 2239 2728 2294 ei
2759 2235 3190 2307 disperibunt”.
3227 2252 3245 2286 ι
3285 2234 3455 2287 Dictis
3486 2232 3639 2285 Isaae

2050 2340 2418 2389 consentanea
2470 2331 2684 2386 locutus
2730 2338 2819 2384 est
2856 2326 3049 2382 David.
3086 2325 3177 2380 Ille
3223 2325 3367 2379 ettim
3420 2325 3636 2392 prospi-

2051 2429 2236 2496 ciens,
2281 2426 2426 2496 quod
2475 2440 2540 2479 ex
2591 2422 2762 2492 stirpe
2802 2418 2969 2476 Jaeob
3012 2419 3346 2489 exspectatio
3396 2418 3636 2487 gentium

2049 2508 2307 2577 Christus
2336 2519 2579 2573 oriturus
2605 2527 2769 2580 esset,
2800 2516 2879 2570 sic
2913 2516 3175 2583 pra-scius
3209 2511 3387 2565 aiebat
3418 2528 3433 2564 :
3474 2529 3491 2561 ι
3533 2509 3635 2576 Qui

2051 2612 2403 2669 maledixerit
2439 2609 2561 2677 tibi,
2592 2610 2666 2664 sit
2698 2608 2788 2662 ille
2827 2607 3149 2661 maledictus
3194 2624 3207 2658 :
3250 2614 3305 2656 et
3337 2602 3428 2671 qui
3472 2602 3640 2657 bene-

2050 2706 2253 2762 dixerit
2281 2704 2404 2768 tibi,
2432 2700 2902 2772 benedictionibus
2931 2695 3291 2766 repleatur“.
3324 2714 3343 2746 ι
3376 2694 3445 2748 At
3471 2693 3638 2748 David

2048 2804 2239 2852 noster
2277 2813 2291 2850 :
2342 2814 2362 2847 ι
2401 2793 2797 2851 Bent-dicentes
2837 2793 2886 2845 ei
2932 2787 3334 2844 haereditabunt
3376 2794 3575 2841 terram
3618 2824 3637 2851 ,

2049 2889 2444 2946 maledicentes
2492 2895 2678 2942 autem
2733 2885 2782 2940 ei
2833 2878 3262 2951 disperibunt“.
3319 2895 3339 2931 ι
3394 2879 3639 2944 Quarum

2050 2981 2340 3038 verborum
2381 2980 2498 3036 haec
2536 2975 2809 3033 sententia
2847 2986 2975 3030 est:
3014 2971 3477 3038 Quemadmodum
3522 2980 3638 3024 tum

1717 3091 1749 3131 (Α
1784 3072 1939 3130 Odivi
1971 3090 2018 3152 α
2049 3073 2152 3131 soli
2192 3088 2259 3129 ex
2291 3068 2461 3128 Jacob
2502 3068 2640 3134 nati,
2674 3083 2784 3123 non
2819 3080 2948 3121 vero
2991 3065 3158 3120 etiam
3197 3078 3262 3117 ex
3303 3060 3470 3125 Esau,
3506 3077 3633 3152 pro-

355 3151 657 3210 Ecclcsiam
707 3156 1154 3229 malignantium,
1201 3169 1256 3216 et
1294 3176 1420 3217 cum
1464 3163 1648 3235 impiis
1695 3180 1800 3222 non
1841 3181 1946 3223 εθ-
1986 3150 1999 3152 -
2045 3164 2271 3220 missam
2307 3172 2508 3217 terram
2542 3157 2883 3226 occupabant
2919 3171 2934 3209 :
2972 3154 3044 3208 ita
3080 3167 3224 3207 nunc
3253 3166 3470 3220 quoque
3505 3150 3632 3216 soli,

350 3243 513 3299 debo.
550 3244 764 3301 Lavabo
800 3249 942 3304 inter
1002 3258 1260 3308 nocentes
1321 3269 1509 3310 manus
1548 3270 1696 3312 meas
1712 3257 1780 3313 ".
1812 3275 1833 3310 ι
1878 3257 1943 3314 Et

353 3336 425 3392 de
463 3338 813 3407 pontificibus
856 3358 872 3396 :
921 3358 941 3393 ι
980 3341 1040 3399 In
1082 3358 1314 3412 quorum
1347 3346 1600 3403 manibus
1629 3348 1945 3417 iniquitates

351 3439 511 3497 sunt,
560 3430 752 3486 dextra
805 3446 1000 3490 eorum
1064 3435 1264 3506 repleta
1318 3448 1402 3493 est
1457 3440 1859 3497 muneribus“.
1918 3460 1939 3496 ι

348 3522 552 3578 lterum
595 3533 852 3595 tanquam
893 3540 1025 3582 voce
1061 3529 1243 3584 carnis
1280 3548 1295 3585 :
1343 3548 1363 3584 ι
1407 3530 1486 3585 Ne
1527 3532 1818 3589 tradideris
1857 3548 1945 3591 me

354 3615 410 3668 in
439 3615 656 3672 animas
684 3617 1062 3674 tribttlantium
1096 3635 1207 3686 nte,
1234 3623 1492 3692 quoniam
1526 3624 1944 3681 insurrexerunt

349 3708 407 3763 in
444 3725 532 3765 me
560 3718 729 3765 testes
769 3711 1027 3782 iniqui".
1067 3730 1086 3764 ι
1136 3713 1205 3770 Et
1240 3715 1305 3770 de
1344 3715 1632 3773 Pharisaeis
1666 3718 1942 3775 Christum

347 3813 549 3869 capere
597 3800 921 3857 conantibus
969 3820 983 3857 :
1038 3821 1059 3855 ι
1101 3802 1204 3872 Qui
1247 3805 1543 3873 loquuntur
1583 3822 1771 3878 pacem
1817 3826 1943 3867 cum

350 3890 600 3960 proximo
643 3906 769 3960 suo,
800 3891 938 3948 mala
982 3904 1167 3951 autem
1220 3894 1274 3951 in
1321 3897 1578 3953 cordibus
1619 3916 1832 3957 eorum.
1863 3900 1943 3958 Da

349 3980 482 4049 illis,
504 3981 755 4048 Domine,
776 3984 1073 4041 secundum
1115 4001 1278 4057 opera
1314 4004 1532 4059 eorum;
1564 3999 1619 4047 et
1646 3993 1941 4050 secundum

348 4073 651 4143 nequitiam
675 4075 1121 4136 adinventionum
1145 4083 1385 4152 ipsorum
1411 4100 1428 4141 :
1452 4087 1751 4142 secundum
1776 4102 1942 4158 opera

356 4181 618 4221 manuum
667 4181 854 4224 eorum
901 4170 1080 4227 tribue
1129 4172 1269 4240 illis,
1314 4175 1478 4230 redde
1525 4177 1939 4235 retributionem

348 4272 542 4314 eorum
592 4258 729 4328 ipsis
785 4276 801 4315 :
853 4262 1108 4332 quoniam
1166 4279 1274 4319 non
1327 4264 1712 4324 intellexerunt
1774 4284 1940 4338 opera

351 4346 587 4415 Domini,
616 4350 753 4406 etin
781 4351 1042 4422 operibus
1072 4368 1332 4411 manuum
1375 4356 1494 4427 ejus
1510 4357 1577 4414 ³⁸.
1611 4377 1632 4413 ι
1669 4358 1762 4414 Dei
1795 4359 1937 4417 facta

2047 3255 2142 3326 qui
2181 3253 2404 3310 Christo
2450 3254 2589 3307 bene
2631 3250 2845 3315 volunt,
2874 3247 3080 3315 absque
3122 3245 3190 3299 iis
3231 3244 3322 3311 qui
3364 3242 3501 3296 male
3544 3258 3640 3296 voc

2050 3347 2187 3412 lunt,
2220 3344 2502 3401 caelestem
2548 3357 2612 3397 ac
2653 3354 2944 3411 perennem
2992 3334 3416 3406 Hierosolymam
3463 3336 3640 3403 possi-

2046 3436 2356 3583 deg‘it'i'tsum
2392 3523 2560 3580 David
2606 3539 2621 3577 :
2675 3539 2694 3575 ι
2734 3519 3075 3591 Multiplicati
3112 3528 3240 3575 sunt
3276 3518 3366 3586 qui
3407 3518 3640 3571 oderunt

2054 3636 2141 3676 me
2177 3619 2383 3688 inique,
2410 3616 2504 3686 qui
2537 3615 2850 3672 retribuunt
2878 3614 3018 3668 mala
3049 3626 3148 3683 pro
3180 3612 3355 3676 bonis,
3388 3610 3641 3665 tit-trabe-

2053 3714 2182 3768 bant
2219 3711 2382 3777 tnilti,
2415 3709 2674 3780 quoniam
2709 3707 2985 3778 sequebar
3017 3706 3311 3760 bonitatem
3334 3703 3412 3769 “;
3457 3722 3475 3754 ι
3514 3719 3638 3769 quae

2049 3820 2117 3861 ex
2154 3804 2433 3876 Unigeniti
2463 3803 2558 3859 Dei
2588 3801 2710 3858 Filii
2738 3814 2970 3872 persona
2996 3798 3150 3855 dicit.
3177 3795 3381 3853 ibidem
3411 3813 3426 3852 :
3460 3815 3481 3851 ι
3515 3794 3636 3852 Vim

2048 3898 2343 3964 faciebant,
2375 3898 2467 3967 qui
2511 3895 2824 3965 quaerebant
2871 3893 3108 3947 animam
3162 3907 3336 3946 meam
3383 3910 3398 3946 :
3445 3899 3499 3945 et
3543 3889 3636 3960 qui

2050 3991 2399 4063 inquirebant
2441 3987 2583 4043 mala
2636 3985 2811 4051 mihi,
2854 3983 3025 4040 locuti
3075 3991 3204 4040 sunt
3247 3982 3543 4050 vanitates,
3580 3993 3638 4039 ct

2053 4084 2209 4142 dolos
2258 4091 2367 4138 tota
2418 4081 2506 4136 die
2547 4078 2964 4135 meditabantur.
2999 4076 3111 4147 Ego
3152 4086 3332 4132 autem
3376 4086 3632 4145 tanquam

2042 4179 2247 4234 surdus
2280 4191 2388 4230 non
2424 4172 2741 4236 audiebam,
2767 4179 2825 4227 et
2852 4171 2997 4227 sicut
3026 4179 3210 4226 mutus
3244 4185 3350 4225 non
3382 4170 3636 4241 aperiens

2043 4287 2106 4327 os
2138 4284 2295 4325 suum
2332 4284 2350 4324 :
2385 4274 2436 4322 et
2473 4266 2649 4321 factus
2682 4279 2803 4319 sum
2839 4263 2983 4319 sicut
3029 4263 3194 4318 homo
3237 4278 3343 4317 non
3382 4263 3635 4328 audiens,

2043 4372 2102 4418 et
2146 4378 2251 4417 non
2298 4360 2504 4414 habens
2549 4357 2606 4413 in
2650 4370 2746 4411 ore
2795 4368 2892 4411 suo
2936 4353 3352 4423 redargutiones
3372 4354 3441 4410 “.
3487 4371 3507 4405 ι
3554 4355 3636 4410 Ac

346 4449 406 4496 et
430 4453 600 4510 opera
630 4457 914 4510 manuum,
936 4453 1099 4500 vocat
1130 4444 1460 4503 ineti'ahilcm
1491 4450 1559 4504 ad
1591 4464 1689 4507 nos
1716 4452 1942 4509 descen-
1968 4431 2022 4494 D
2051 4455 2181 4513 talia
2231 4452 2450 4522 quidem
2498 4448 2571 4504 de
2628 4445 2845 4503 silentio
2898 4445 3103 4501 Christi
3156 4444 3410 4514 patientis
3463 4443 3634 4502 David

348 4548 497 4597 sum,
526 4541 583 4589 et
621 4533 773 4590 orbis
808 4544 1078 4592 terrarum
1115 4536 1347 4594 salutem
1386 4555 1453 4596 ex
1490 4542 1752 4600 immensa
1788 4546 1943 4601 boni-

349 4632 463 4680 tate
494 4625 775 4682 collatam.
802 4624 948 4683 ldem
980 4643 1198 4686 rursum
1230 4645 1248 4687 :
1284 4650 1304 4685 ι
1337 4631 1513 4704 Super
1537 4649 1729 4692 omnes
1761 4638 1941 4693 inimi-

347 4731 445 4773 cos
485 4732 636 4774 meos
676 4715 855 4776 factus
906 4734 1028 4776 sum
1070 4722 1447 4793 opprobrium,
1477 4736 1531 4782 et
1568 4727 1765 4785 vicinis
1807 4731 1943 4787 meis

346 4807 524 4872 valde,
544 4818 600 4863 et
629 4808 791 4866 timor
817 4810 966 4867 notis
991 4813 1128 4870 meis
1144 4813 1211 4870 “.
1244 4833 1262 4869 ι
1295 4817 1435 4884 Quid
1458 4818 1555 4884 ita,
1578 4834 1610 4873 ο
1632 4818 1942 4891 Pmpbeta't

352 4915 374 4949 ι
417 4898 685 4965 Quoniam
733 4899 913 4957 audivi
952 4903 1407 4974 vituperationem
1448 4910 1742 4968 multorum
1787 4927 1932 4968 com-

350 4991 680 5046 morantium
732 4990 791 5048 in
838 4993 1073 5051 circuitu
1122 5014 1138 5051 :
1188 4999 1244 5054 in
1298 5015 1366 5056 eo
1412 5001 1540 5058 dum
1584 5006 1941 5063 convenirent

349 5082 539 5148 simul,
572 5084 824 5156 accipere
859 5087 1102 5143 animam
1138 5107 1316 5148 meam
1358 5094 1630 5152 consiliati
1665 5098 1875 5153 sunt”.
1910 5116 1933 5151 ι

421 5171 541 5227 Jatn
574 5174 828 5243 injustam
856 5175 1063 5233 Christi
1094 5196 1304 5247 necem,
1329 5193 1383 5238 et
1406 5185 1456 5240 ei
1489 5184 1688 5243 fruSIra
1717 5201 1939 5259 compa-

350 5274 526 5320 ratam
564 5266 810 5324 fraudem
848 5271 1212 5341 prospiciens,
1253 5274 1444 5331 scribit
1479 5275 1532 5331 in
1570 5276 1688 5333 hate
1723 5278 1886 5334 verba
1922 5297 1938 5336 :

421 5478 471 5511 ”
502 5477 608 5534 isa.
640 5492 769 5538 xxx.
799 5479 850 5534 1.
927 5478 973 5511 ¹¹
1000 5478 1233 5534 Zachar.
1260 5494 1337 5540 χι,
1369 5478 1487 5537 6ο8.

349 5549 398 5582 ⁸⁸
422 5547 569 5604 Psal.
600 5561 716 5612 xxt,
747 5547 833 5604 H.
910 5549 954 5602 '7
987 5550 1131 5605 Psal.
1158 5565 1286 5616 xxv,
1316 5550 1372 5614 5,
1402 5548 1458 5606 6.

350 5689 398 5723 ³⁸
432 5687 577 5741 Psal.
612 5703 797 5750 χχχνι.
830 5688 919 5754 52,
951 5689 1040 5744 55.

1564 5481 1611 5513 ³⁸
1636 5481 1779 5539 Psal.
1809 5496 1928 5550 χιιι,
1958 5482 2011 5537 1.

1535 5552 1582 5584 ’⁸
1613 5552 1744 5609 ibid.
1780 5552 1867 5609 f0.
1943 5554 1990 5586 ⁸⁸
2023 5550 2170 5608 Psal.
2209 5567 2270 5616 tt,
2307 5553 2361 5618 ϐ,
2393 5552 2483 5608 11.

352 5619 446 5688 12.
518 5618 563 5688 ³1
595 5619 727 5673 ibid.
758 5618 846 5673 14.
923 5617 971 5652 ⁸³
997 5619 1142 5674 Paul.
1172 5636 1303 5684 xxx,
1333 5622 1422 5677 19.
1497 5621 1543 5654 ³⁸
1576 5622 1719 5678 Psal.
1754 5638 1903 5688 χχχι,
1924 5625 1977 5679 1.

1120 5691 1164 5724 ³³
1196 5692 1330 5746 ibid.
1359 5692 1451 5748 22.
1526 5692 1574 5726 ⁴⁰
1605 5691 1741 5750 Gen.
1773 5709 1942 5759 χχνιι,
1966 5694 2060 5750 29.

2049 4545 2307 4620 prodidit.
2334 4541 2489 4597 Nunc
2519 4538 2910 4611 evangelistam
2938 4536 3223 4593 videamus
3260 4555 3275 4593 :
3321 4555 3341 4589 ι
3379 4535 3446 4591 Ει
3476 4534 3636 4594 Jesus

2052 4653 2177 4694 cum
2205 4640 2555 4692 accusaretur
2577 4647 2606 4686 a
2631 4629 2974 4701 principibus
3002 4628 3351 4686 sacerdotum
3376 4639 3433 4686 et
3455 4628 3638 4687 senio-

2043 4730 2229 4794 ribus,
2263 4724 2398 4782 nihil
2434 4723 2747 4794 respnndit;
2784 4730 2846 4776 ut
2887 4722 3179 4776 miraretur
3209 4735 3412 4792 praeses
3447 4724 3619 4776 vehe-

2048 4828 2283 4877 menter.
2308 4817 2461 4873 Tunc
2488 4816 2623 4871 dicit
2650 4814 2729 4869 illi
2760 4812 2968 4869 Pilatus
3003 4828 3019 4869 :
3054 4810 3182 4868 Mihi
3215 4827 3321 4867 non
3359 4811 3636 4884 loqueris?

2048 4912 2204 4969 Jesua
2232 4921 2415 4967 autem
2453 4909 2666 4963 tacebat
2686 4906 2755 4962 ⁸⁵.
2793 4922 2812 4957 ι
2852 4904 3130 4960 Consonat
3162 4903 3350 4959 Davidi
3383 4913 3439 4959 et
3465 4903 3631 4959 Isaias

2047 5009 2103 5063 in
2151 5006 2292 5062 hanc
2337 5001 2665 5059 sententiam
2712 5017 2726 5052 :
2780 5017 2801 5050 ι
2856 4998 2978 5069 ipse
3024 5007 3244 5067 propter
3284 4994 3628 5052 afﬂictiouem

2046 5110 2154 5151 non
2189 5092 2364 5164 aperit
2392 5104 2454 5147 os
2488 5104 2670 5146 suum.
2699 5085 2855 5143 Sicut
2882 5087 3002 5143 ovis
3032 5086 3101 5143 ad
3133 5086 3404 5142 victimam
3437 5087 3632 5141 ductus

2044 5196 2148 5249 est,
2176 5196 2232 5240 et
2263 5182 2409 5238 sicut
2439 5195 2611 5252 agnus
2649 5193 2832 5235 coram
2872 5178 3129 5234 tondente
3161 5187 3339 5232 mutus
3358 5217 3375 5241 ,
3403 5177 3481 5231 sic
3521 5192 3627 5232 non

2045 5280 2221 5350 aperit
2261 5291 2325 5333 os
2342 5275 2410 5330 ⁸⁸.
2445 5292 2464 5327 ι
2513 5273 2659 5330 idem
2708 5285 2922 5325 rursum
2967 5284 3033 5325 ex
3073 5282 3304 5340 persona
3347 5267 3524 5324 Patris
3562 5269 3632 5325 de

2087 5481 2135 5513 ”
2167 5480 2300 5538 ibid.
2346 5497 2406 5542 ll.
2438 5481 2527 5538 13.
2635 5481 2682 5514 ’⁸
2713 5478 2858 5535 Psal.
2891 5493 3004 5544 xvt,
3035 5478 3191 5535 9-12.
3296 5478 3342 5510 ’³
3370 5477 3502 5533 ibid.
3536 5480 3623 5537 14·

2560 5551 2606 5585 “
2634 5549 2780 5608 Psal.
2814 5566 2982 5618 xxvtt,
3011 5549 3068 5614 2,
3098 5549 3154 5604 4.
3229 5548 3270 5580 ⁸³
3306 5547 3453 5605 Psal.
3487 5565 3626 5604 xxx.

2565 5621 2620 5678 5.
2720 5621 2789 5677 ".
2820 5621 2954 5677 ibid.
2988 5621 3079 5676 11.
3183 5620 3226 5653 ³⁷
3255 5619 3381 5675 ibid.
3419 5619 3505 5685 f9,
3532 5622 3625 5676 20.

2079 5621 2126 5654 ³⁸
2156 5621 2299 5679 Psal.
2351 5637 2539 5688 xxxtv,
2565 5621 2620 5678 5.
2720 5621 2789 5677 ³⁸.
2820 5621 2954 5677 ibid.
2988 5621 3079 5676 11.
3183 5621 3226 5653 ³⁷
3255 5621 3381 5675 ibid.
3419 5621 3505 5685 f9,
3532 5622 3625 5676 20.

2160 5693 2204 5724 “
2238 5691 2384 5749 Paul.
2444 5707 2632 5756 χχχιιι,
2680 5690 2772 5747 22.
2875 5690 2922 5724 δ’
2951 5689 3097 5748 Psal.
3149 5705 3360 5754 xxxvn,
3411 5689 3503 5756 2|,
3533 5692 3625 5748 “2'2.

2160 5693 2204 5724 “
2238 5691 2384 5749 Pani.
2444 5707 2632 5761 xxx",
2680 5690 2772 5747 22.

348 5758 396 5792 ⁸³
427 5758 561 5815 ibid.
594 5758 685 5829 15,
723 5761 810 5817 tt.
883 5749 931 5794 Ἀ
962 5749 1151 5817 Matth.
1184 5777 1349 5830 χχιιι,
1382 5765 1472 5835 12,
1499 5763 1595 5833 ii;
1629 5762 1795 5824 Marc.
1831 5749 2025 5833 xv,'l.
2082 5764 2129 5797 “
2154 5762 2411 5839 lsa._t.ttt.
2440 5761 2493 5819 7.
