4042 6436
404 334 509 395 903

408 440 750 497 immaculata
795 442 1045 510 passione
1086 438 1204 504 ejus
1247 458 1260 492 :

416 550 589 599 meus,
621 543 676 588 et
717 533 1069 598 exaltabitur,
1097 541 1151 586 et
1194 531 1586 600 glorificabitur
1631 527 1804 581 valde.
1843 527 1996 580 Sicut

418 630 713 698 stupebunt
743 642 910 695 super
937 634 988 679 te
1020 625 1204 690 multi;
1233 625 1312 677 sic
1340 623 1569 692 ingloria
1600 623 1704 675 erit
1732 621 1799 674 ab
1826 621 1998 672 homi-

410 722 567 773 nilms
609 719 815 788 species
860 730 980 781 tua,
1016 725 1070 770 et
1111 715 1280 784 gloria
1327 727 1415 767 tua
1456 732 1483 766 a
1522 712 1647 766 filiis
1691 712 1992 766 hominum.

411 813 500 866 Sic
540 814 882 864 mirabun'ur
914 817 1100 879 gentes
1139 809 1317 862 multas
1352 823 1514 876 super
1545 821 1633 870 eo,
1666 815 1720 860 et
1753 806 1997 859 contine-

412 904 544 956 bttnt
573 917 725 972 reges
752 919 812 956 os
844 917 999 956 suum
1039 919 1053 955 :
1085 901 1208 970 quia
1240 899 1436 970 quibus
1465 914 1568 952 non
1597 907 1680 952 est
1709 896 1994 949 annuntia-

412 1004 522 1046 tum
559 994 623 1045 de
654 1008 739 1055 eo,
769 993 1064 1057 videbunt;
1104 1001 1159 1045 et
1190 992 1279 1058 qui
1318 1005 1422 1044 non
1457 991 1764 1052 audierunt,
1797 988 1994 1042 intelli-

409 1094 537 1151 gent
557 1083 623 1138 “.
659 1101 676 1134 ι
713 1083 778 1136 Ει
807 1083 911 1136 alio
941 1083 1060 1137 loco
1090 1102 1104 1138 :
1141 1101 1161 1134 ι
1193 1084 1454 1137 Dominus
1481 1084 1570 1136 dat
1596 1082 1724 1135 mihi
1754 1082 1988 1150 linguam

413 1175 729 1243 disciplinte,
757 1186 812 1229 ut
838 1175 1002 1228 sciam
1033 1175 1246 1242 quando
1272 1181 1518 1242 oporteat
1546 1174 1691 1242 loqui
1719 1177 1939 1226 verbum
1974 1191 1989 1226 :

411 1267 618 1318 addidit
666 1266 798 1318 mihi
851 1280 1039 1319 aurem
1093 1267 1160 1319 ad
1209 1265 1560 1328 audiendum,
1599 1275 1652 1318 et
1701 1263 1987 1332 disciplina

412 1357 622 1410 Domini
660 1357 832 1426 aperit
865 1372 1023 1411 aures
1059 1372 1211 1411 meas
1245 1373 1259 1411 :
1299 1372 1398 1427 ego
1433 1366 1613 1410 autem
1649 1372 1752 1411 non
1791 1372 1986 1420 renuo,

412 1464 586 1517 neque
629 1447 963 1503 contradico.
997 1449 1226 1504 Dorsum
1275 1465 1452 1504 meum
1489 1450 1611 1504 dedi
1653 1452 1720 1504 ad
1757 1449 1984 1520 flagella,

407 1551 462 1594 et
507 1555 673 1609 genas
719 1557 867 1597 meas
912 1543 977 1597 ad
1019 1543 1203 1613 alapas
1251 1561 1265 1597 :
1313 1553 1365 1597 et
1409 1543 1600 1597 faciem
1652 1559 1826 1598 meam
1880 1561 1984 1599 non

407 1634 578 1688 averti
625 1650 654 1686 a
703 1635 1019 1690 confusione
1064 1637 1437 1707 sputorum".
1485 1657 1504 1689 ι
1568 1637 1737 1691 David
1786 1653 1916 1692 vero
1967 1653 1982 1692 :

412 1744 430 1774 ι
479 1727 633 1780 Aruit
678 1737 929 1796 tanquam
975 1739 1111 1782 testa
1160 1729 1330 1783 virtus
1373 1744 1513 1793 mea,
1547 1740 1599 1783 et
1640 1729 1818 1800 lingua
1865 1746 1982 1784 mea

414 1821 637 1874 adhaesit
676 1820 920 1876 faucibus
957 1824 1122 1890 meis;
1161 1831 1214 1877 ct
1250 1823 1302 1876 in
1343 1824 1614 1891 pulverem
1662 1825 1852 1879 mortis
1893 1825 1984 1880 de-

410 1911 612 1964 duxisti
643 1928 728 1966 me
745 1913 811 1966 ‘9.
846 1932 865 1964 ι
897 1914 1038 1967 Idem
1070 1916 1212 1969 velut
1241 1933 1268 1968 ιι
1296 1931 1525 1983 corpore
1552 1917 1614 1969 ad
1647 1917 1983 1973 divinitatem

408 2004 710 2066 copulatam
754 2022 767 2058 ;
810 2024 827 2055 ι
867 2006 1004 2060 Erue
1036 2025 1063 2060 ιι
1100 2007 1751 2072 framea,Deus,animam
1787 2027 1985 2080 meam,

404 2105 458 2146 et
497 2095 561 2147 de
606 2111 766 2149 manu
819 2099 970 2150 canis
1007 2101 1222 2152 nniram
1269 2116 1441 2153 meam
1468 2102 1532 2154 ⁸⁸.
1576 2120 1594 2152 ι
1645 2101 1710 2155 Ει
1755 2101 1922 2159 Isaias
1969 2122 1984 2159 :

409 2203 427 2235 ι
477 2185 646 2239 llomo
685 2187 736 2240 in
783 2187 935 2257 plaga
978 2193 1208 2256 positus,
1239 2201 1292 2244 et
1327 2194 1507 2247 sciens
1551 2193 1919 2250 infirmitatem
1968 2216 1982 2251 :

402 2276 532 2342 quia
571 2293 757 2330 aversa
793 2291 876 2331 est
913 2281 1080 2334 facies
1115 2281 1253 2351 cjns,
1284 2283 1555 2350 despecta,
1581 2293 1635 2339 et
1673 2300 1776 2339 non
1819 2302 1983 2356 repu-

405 2380 538 2421 tala.
573 2370 678 2422 Isle
708 2381 931 2439 peccata
966 2382 1149 2426 nostra
1182 2384 1379 2440 portat,
1407 2385 1462 2429 et
1490 2391 1587 2444 pro
1618 2379 1775 2431 nobis
1800 2379 1940 2432 dolet
1969 2399 1982 2436 :

402 2475 457 2514 et
493 2477 591 2516 nos
622 2466 989 2531 reputavimus
1021 2481 1144 2518 eum
1179 2482 1299 2521 esse
1334 2469 1385 2520 in
1423 2470 1632 2534 labore,
1659 2479 1713 2525 ct
1743 2471 1793 2523 in
1834 2472 1984 2542 plaga

403 2569 434 2606 a
481 2552 608 2617 Deo,
634 2565 687 2608 et
728 2555 778 2607 iu
822 2555 1132 2613 afﬂictione.
1167 2555 1288 2628 Ipse
1330 2567 1506 2613 autem
1544 2561 1856 2617 vulneratus
1899 2574 1985 2619 est

403 2653 623 2714 propter
673 2657 888 2712 peccata
940 2658 1146 2714 nostra,
1174 2659 1229 2704 et
1277 2651 1584 2706 infirmatus
1631 2661 1716 2707 est
1763 2664 1984 2723 pmpter

407 2737 727 2803 iniquitates
784 2747 1021 2793 nostras.
1075 2739 1271 2796 Livore
1327 2742 1445 2812 t-jus
1507 2759 1608 2798 nos
1661 2746 1836 2798 sanati
1895 2761 1988 2798 su-

405 2829 609 2882 mus”.
647 2849 666 2880 ι
706 2831 870 2884 Amos
897 2832 1159 2899 propheta
1189 2833 1316 2888 dicit
1347 2852 1362 2888 :
1403 2854 1419 2886 ι
1464 2833 1569 2890 Pro
1603 2849 1826 2905 argento
1856 2852 1988 2892 ven-

407 2921 657 2976 diderunt
682 2922 887 2988 juStum
909 2924 978 2976 ⁸⁸.
1013 2943 1030 2975 ι
1067 2923 1360 2980 Zacharias
1385 2944 1449 2981 ex
1481 2943 1711 2996 persona
1738 2929 1936 2984 Christi
1967 2947 1982 2986 :

409 3031 430 3062 ι
485 3012 871 3081 Appenderuut
921 3021 1221 3070 mercedem
1282 3033 1454 3072 meam
1515 3019 1732 3091 triginta
1789 3036 1984 3088 argen-

1569 321 1986 388 ANDRONICI
2018 320 2356 381 COIINENI

1311 459 1327 489 t
1376 438 1514 491 Ecce
1556 438 1824 505 intelliget
1860 451 1993 504 puer
2023 439 2064 495 Α
2097 426 2634 496 esset;-pmnitcntia
2677 425 2870 479 ductus
2911 424 3092 477 I'CilIilI
3129 424 3346 494 trigiaia
3387 436 3682 492 argenteos

3571 314 3679 377 901

2103 520 2442 591 principibus
2472 520 2816 572 sacerdotum
2847 527 2901 570 et
2928 517 3257 580 senioribus,
3285 518 3473 574 dicens
3505 538 3516 571 :
3547 519 3684 575 Pec-

2103 614 2244 677 cavi,
2283 611 2504 664 tradcns
2541 611 2858 679 sanguinem
2891 609 3096 676 justum
3135 629 3148 664 :
3183 619 3237 664 et
3265 613 3451 666 abiens
3487 613 3685 683 laqueo

2099 720 2159 760 se
2198 703 2554 771 suspendit".
2596 721 2613 753 ι
2658 704 2786 769 Quze
2829 705 3009 756 omnia
3047 703 3310 772 Propheta
3355 705 3511 776 lange
3553 720 3681 762 ante

2097 798 2430 868 prmsagiens
2480 797 2628 850 addit
2682 813 2696 850 :
2759 814 2777 847 ι
2839 795 2998 849 Fiant
3043 797 3158 850 dies
3212 798 3328 865 ejus
3379 800 3572 866 pauci,
3623 813 3682 855 et

2095 892 2461 959 episc0patum
2509 889 2626 960 ejus
2670 890 2901 958 accipiat
2938 889 3070 943 alter
3091 891 3158 941 ⁶⁰.
3201 909 3218 939 ι
3266 890 3408 944 Cur?
3465 910 3482 942 ι
3538 893 3681 957 Quia

2096 995 2412 1050 persecutus
2457 994 2539 1037 est
2585 983 2854 1036 hominem
2903 984 3138 1048 inopem,
3171 991 3224 1035 et
3265 985 3592 1048 mendicum,
3626 996 3683 1038 ct

2095 1085 2477 1143 compunctum
2537 1077 2696 1128 corde
2755 1074 3172 1128 tuortilicare“.
3241 1093 3259 1125 ι
3325 1075 3462 1131 Vere
3530 1081 3677 1131 cnim

2096 1171 2253 1238 inops
2282 1177 2366 1222 est
2391 1169 2649 1222 Dominus
2680 1180 2864 1224 noster
2887 1169 3047 1224 Jesus
3079 1171 3332 1227 Christus
3365 1191 3378 1226 :
3413 1190 3536 1226 nam
3572 1176 3676 1226 nisi

2103 1262 2420 1331 temperiem
2465 1271 2706 1314 nostram
2755 1263 2871 1332 (seu
2917 1277 3112 1331 corpus
3151 1265 3420 1325 nostrum)
3465 1268 3680 1319 tuendi-

2094 1365 2306 1421 casset,
2337 1371 2609 1422 nunquam
2639 1370 2740 1409 nos
2774 1353 2889 1421 ejus
2917 1357 3198 1410 divinitate
3224 1357 3376 1409 dilati
3413 1372 3675 1412 essemus.

2107 1448 2291 1514 Quare
2319 1463 2441 1501 cum
2473 1448 2717 1517 proditor
2742 1448 3024 1505 divinitate
3055 1451 3235 1518 augeri
3269 1454 3678 1517 contempserit,

2084 1540 2206 1610 iure
2243 1543 2295 1595 in
2338 1557 2460 1596 eum
2509 1538 2674 1592 infert
2706 1539 2974 1606 Propheta
3019 1557 3032 1594 :
3078 1560 3096 1593 ι
3135 1542 3199 1595 Et
3230 1543 3417 1596 dilexit
3450 1545 3678 1597 maledi-

2086 1635 2346 1697 ctienem,
2374 1643 2428 1688 et
2467 1633 2648 1688 veniet
2688 1633 2736 1687 ei
2779 1650 2792 1687 :
2837 1645 2890 1687 et
2930 1633 3103 1688 noluit
3140 1634 3593 1700 benedictionem,
3623 1647 3682 1690 et

2090 1726 2432 1796 elongabitur
2472 1727 2538 1782 ab
2581 1741 2646 1781 eo
2667 1728 2734 1781 θ’.
2777 1745 2796 1778 ι
2850 1726 2926 1780 Ita
2978 1741 3076 1779 suo
3122 1743 3344 1780 nmnere
3391 1728 3682 1782 abdicatus

2095 1828 2200 1886 est,
2225 1834 2398 1889 eoque
2423 1821 2694 1884 abdicato,
2717 1818 2978 1874 sutl‘ectus
3003 1819 3279 1884 Matthias,
3305 1821 3677 1889 :Ip05l0i0tunt

2090 1920 2291 1966 emtum
2325 1911 2648 1979 explevit“.
2680 1911 2987 1965 Salomonis
3018 1928 3235 1980 quoque
3269 1913 3380 1965 haec
3406 1913 3471 1966 de
3502 1930 3564 1965 co
3595 1924 3681 1966 cst

2091 2005 2362 2057 sententia
2398 2019 2412 2056 :
2457 2020 2476 2054 ι
2517 2002 2614 2057 Vir
2646 2003 2908 2072 insipiens
2947 2003 3055 2073 (-16)
3092 2018 3144 2056 et
3177 2003 3400 2071 iniquus
3434 2004 3681 2057 atnbnl-t

2090 2097 2208 2148 vias
2259 2111 2365 2149 non
2420 2096 2588 2151 bonas
2645 2113 2660 2149 :
2717 2097 2893 2149 innuit
2936 2096 3134 2158 oculis,
3172 2096 3444 2164 Sigttiitt‘al
3489 2109 3675 2150 autem

2092 2188 2261 2255 pede,
2317 2187 2473 2241 ducet
2534 2187 2753 2240 nutibus
2817 2189 3130 2257 digitorum.
3193 2188 3516 2245 Perverstnu
3578 2206 3677 2243 cor

2089 2277 2392 2332 fabricatur
2427 2279 2589 2332 mala.
2624 2278 2728 2332 Per
2762 2282 2986 2335 vitiosas
3024 2281 3158 2342 vias,
3192 2284 3486 2351 proditoris
3525 2293 3678 2337 notat

2091 2371 2362 2441 ingenium
2389 2390 2402 2436 ;
2443 2388 2537 2441 per
2567 2373 2846 2426 oculorum
2880 2384 3090 2435 nutum,
3121 2375 3184 2427 ad
3216 2375 3496 2442 pontifices
3526 2376 3676 2429 defe-

2090 2469 2326 2518 ctEout-m
2375 2475 2426 2518 et
2469 2464 2963 2532 conspirationem;
3010 2479 3102 2532 per
3141 2466 3351 2534 pedem,
3384 2467 3677 2534 proditoris

2089 2556 2458 2621 teleritatem;
2504 2572 2603 2626 per
2643 2557 2792 2628 digiti
2838 2557 3208 2619 micationem,
3240 2557 3508 2612 occultam
3553 2558 3676 2628 ejus

2088 2648 2378 2703 Vafritiem.
2430 2648 2616 2716 Neque
2672 2664 2798 2702 vero
2857 2649 2943 2704 his
3004 2659 3295 2704 contentus
3353 2663 3672 2714 veterator,

2091 2742 2256 2794 etiam
2295 2740 2644 2795 fraudulento
2685 2741 2871 2794 osculo
2914 2741 3106 2796 hermn
3149 2741 3408 2812 prodidit,
3445 2751 3676 2796 tcsuttus

2087 2833 2306 2896 ludatis,
2337 2834 2421 2888 eui
2456 2835 2702 2887 suavium
2736 2837 2911 2896 daret,
2941 2849 3060 2887 eum
3098 2848 3241 2896 esse,
3274 2834 3676 2900 prehendct-cnt

2091 2925 2362 2979 hominem
2383 2925 2449 2978 “.
2487 2943 2504 2976 ι
2546 2924 2643 2978 IIis
2676 2940 2800 2978 vero
2835 2925 3069 2992 Sapiens
3105 2925 3217 2978 haze
3253 2923 3470 2992 Slllnjicit
3503 2941 3514 2976 :
3559 2942 3577 2975 ι
3615 2921 3673 2978 In

2087 3019 2236 3072 omni
2275 3027 2536 3087 tempore,
2564 3017 2654 3087 qui
2693 3016 2817 3070 talis
2851 3027 2955 3081 est,
2987 3017 3324 3071 turbationes
3360 3014 3514 3068 affert
3538 3016 3676 3069 civi-

401 3113 519 3159 tens
536 3105 603 3158 ⁸⁸.
641 3125 658 3158 ι
699 3105 760 3160 Et
803 3104 1061 3162 Jeremias
1102 3108 1394 3179 (referente
1417 3122 1603 3165 sancto
1643 3110 1918 3183 Manliano)
1957 3119 2042 3181 ιο
2078 3111 2197 3164 tati.
2249 3129 2267 3162 ι
2308 3109 2449 3165 Vere
2479 3113 2622 3165 enim
2669 3111 2929 3180 insignem
2973 3109 3252 3162 tumultum
3285 3123 3346 3160 ac.
3378 3108 3672 3178 perniciem

407 3217 428 3249 ‹
487 3198 828 3267 Acceperunt
885 3199 1104 3269 triginta
1151 3213 1464 3272 argenteos,
1504 3205 1740 3271 pretium
1787 3219 1981 3274 appre-

403 3291 518 3344 tiati
541 3329 557 3355 ,
590 3307 748 3357 quem
787 3292 1230 3361 appretiaverunt
1263 3309 1292 3346 a
1328 3296 1449 3348 filiis
1483 3295 1648 3349 Israel
1689 3315 1702 3350 :
1741 3307 1794 3351 et
1823 3299 1985 3351 dedc-

402 3392 523 3435 runl
575 3397 671 3436 eos
726 3384 779 3435 in
840 3398 1026 3450 agrum
1081 3384 1261 3453 figuli,
1319 3386 1461 3439 sicut
1514 3386 1796 3440 constituit
1852 3387 1980 3442 mihi

401 3473 742 3528 llotniuus”.
784 3492 801 3525 ι
849 3473 1022 3528 David
1069 3476 1136 3530 de
1181 3477 1459 3543 proditore
1505 3494 1519 3531 :
1575 3497 1592 3529 ι
1643 3479 1742 3543 Qtti
1791 3481 1984 3534 edebat

402 3581 592 3630 panes,
621 3567 987 3635 magniliravit
1021 3584 1183 3636 super
1213 3584 1299 3623 me
1333 3569 1834 3639 supplantationem
1853 3570 1920 3627 “.
1957 3589 1974 3624 ι

400 3655 467 3710 Ει
509 3656 675 3712 Isaias
719 3673 733 3709 :
787 3677 805 3707 ι
855 3657 948 3712 Vae
995 3660 1178 3728 iniquo
1221 3677 1235 3713 :
1284 3662 1422 3712 mala
1471 3662 1768 3714 secundum
1817 3678 1982 3729 opera

404 3765 661 3804 manuum
711 3751 825 3820 cjns
870 3751 1120 3806 accident
1162 3751 1294 3806 ei".
1336 3770 1354 3802 ι
1401 3751 1469 3805 Ει
1513 3751 1676 3806 David
1724 3755 1916 3807 iterum
1964 3771 1980 3808 :

411 3859 430 3888 ι
481 3840 623 3893 Dixit
650 3840 883 3908 injustas
912 3852 962 3894 ut
991 3839 1272 3909 delinquat
1301 3839 1354 3894 in
1387 3841 1679 3908 semetipso
1712 3861 1724 3896 :
1762 3858 1866 3895 non
1900 3853 1984 3898 est

403 3932 566 3985 timor
593 3932 686 3986 ῡςι
718 3943 843 3986 ante
874 3932 1063 3986 oculos
1094 3931 1298 3998 eius”.
1335 3950 1354 3983 ι
1391 3931 1749 3997 Quamobrem
1781 3935 1977 3989 Vates:

405 4042 423 4074 ι
464 4024 727 4089 Quoniam
771 4024 956 4080 dolose
991 4023 1102 4093 egit
1137 4025 1192 4078 in
1231 4034 1524 4092 conspectu
1568 4023 1706 4092 ejus,
1734 4034 1790 4078 ut
1829 4027 1979 4080 inve-

401 4117 581 4170 niatur
628 4116 888 4185 iniquitas
915 4115 1033 4186 cjus
1062 4116 1128 4170 ad
1157 4115 1337 4170 odium
1355 4117 1423 4169 ⁸⁷.
1456 4135 1474 4167 ι
1514 4117 1655 4170 Sane
1684 4118 1835 4171 dolos
1861 4133 1978 4172 ver-

396 4210 556 4273 savit,
593 4217 782 4262 contra
826 4218 932 4260 tam
977 4219 1221 4262 sanctam
1265 4207 1658 4261 institutionem
1697 4216 1751 4260 ct
1781 4209 1980 4262 doctri-

401 4317 562 4364 nam,
592 4311 645 4353 et
693 4300 873 4354 odium
929 4300 1176 4355 exercuit
1223 4299 1278 4354 in
1325 4299 1553 4353 virtutes
1599 4309 1652 4353 ct
1697 4301 1973 4355 miracula.

397 4391 606 4444 Invenit
656 4390 1029 4460 iniquitatem;
1075 4391 1286 4446 scilicet
1329 4391 1602 4460 ingenium
1655 4408 1876 4446 avarum
1922 4402 1976 4447 et

400 4480 832 4545 sanguinarium.
883 4479 1064 4546 Quare
1117 4479 1312 4534 merito
1363 4480 1692 4548 imprecetur
1741 4482 1788 4534 ei
1843 4480 1974 4535 Pro-

401 4571 558 4636 pheta
597 4586 610 4620 :
654 4586 672 4618 ι
713 4569 993 4622 Constitue
1028 4582 1192 4636 super
1221 4583 1343 4621 eum
1380 4575 1746 4635 peccatorem,
1777 4577 1831 4621 et
1860 4568 1976 4621 dia-

402 4659 554 4712 bolus
595 4670 700 4712 stet
742 4677 768 4710 a
819 4659 1024 4713 dextris
1064 4658 1220 4727 ejus:
1267 4675 1286 4707 ι
1326 4658 1758 4725 quandoquidem
1797 4670 1976 4712 astare

404 4750 676 4804 Servatori
711 4751 774 4803 ad
813 4750 1063 4804 dextram
1098 4750 1232 4802 odit.
1273 4767 1291 4800 t
1332 4747 1464 4800 Cum
1495 4748 1790 4818 judicatur,
1819 4759 1977 4802 exeat

398 4841 808 4905 cotidcmuatus,
857 4861 875 4893 ι
925 4841 1362 4909 quandoquidem
1393 4841 1466 4893 ‘in
1511 4840 1732 4894 ferendo
1771 4841 1977 4910 judicio

399 4950 716 4988 consessum
749 4950 946 4989 exosus
980 4945 1084 5000 cst,
1110 4950 1228 4988 eam
1265 4935 1335 4988 ob
1373 4951 1482 4988 rem
1514 4935 1786 5004 judicatus
1819 4935 1976 4990 abeat

403 5032 706 5084 damnatus.
744 5051 764 5082 ‹
815 5030 879 5083 Ει
925 5032 1100 5084 oratio
1145 5021 1279 5097 ejus'
1315 5031 1403 5084 fiat
1442 5030 1496 5084 in
1543 5030 1910 5100 peccatum”,
1949 5049 1966 5082 ι

408 5138 598 5192 preces
631 5123 864 5191 appellat
891 5123 1331 5190 intempestivam
1367 5123 1655 5190 prodituris
1687 5123 1976 5192 ['(Bnitttdi-

401 5230 546 5276 ιιι-ιιι,
577 5226 631 5266 ιιι
664 5225 746 5269 est
775 5215 914 5284 apud
964 5214 1347 5282 evangelistam
1383 5213 1689 5268 Matthaeutn
1723 5233 1735 5269 :
1771 5232 1790 5265 ι
1826 5212 1977 5266 Tunc

399 5307 588 5359 videns
632 5303 833 5371 ludas,
882 5306 974 5374 qui
1025 5320 1144 5358 eum
1195 5304 1457 5369 tradidit,
1503 5306 1644 5375 quod
1693 5306 1978 5358 damnatus

477 5421 522 5452 ιθ
554 5420 654 5475 lsa.
687 5439 782 5484 LII,
815 5421 997 5476 13-15.
1075 5423 1117 5454 ⁸⁷
1151 5423 1252 5476 lsa.
1279 5437 1330 5482 L,
1360 5422 1478 5476 4-6.

400 5493 446 5524 ⁵²
478 5490 704 5544 Zachar.
740 5509 810 5554 xi,
846 5493 929 5546 1'2.
1006 5491 1053 5522 ⁸³
1086 5493 1278 5547 Matth.
1314 5509 1482 5557 xxvii,
1513 5492 1566 5546 9.

403 5560 447 5591 ⁵⁸
477 5563 618 5614 Psal.
647 5576 797 5619 cvm.
827 5563 878 5625 6,
911 5563 962 5618 7.
1040 5563 1302 5617 "Matth.
1334 5579 1503 5628 xxvii,
1553 5563 1668 5617 5—5.

402 5630 448 5660 °‘
478 5630 636 5684 Prov.
667 5647 740 5696 vi,
775 5632 861 5695 1'2,
895 5634 983 5688 15.
1059 5635 1101 5666 ⁸⁵
1134 5634 1264 5688 ibid.
1297 5633 1497 5699 14,15.

1591 5423 1636 5453 ⁸⁸
1666 5422 1804 5475 Psal.
1867 5437 1979 5484 xxr,
2010 5418 2099 5473 16.

1642 5492 1688 5522 “
1725 5491 1869 5546 Psal.
1903 5508 1990 5553 ιιι,
2020 5491 2108 5544 10.

1773 5564 1816 5592 ⁶⁰
1849 5560 1993 5615 Psal.
2032 5573 2198 5624 cvm,
2229 5558 2282 5614 8.

1574 5633 1619 5664 “
1648 5634 1748 5686 lsa.
1785 5647 1907 5697 XLV,
1938 5632 2024 5698 13,
2052 5629 2137 5684 14.

2088 3202 2481 3274 Hierosolymis
2530 3198 2680 3257 Jttda!
2730 3201 2960 3270 proditio
2987 3201 3151 3254 dedit.
3225 3218 3243 3250 ι
3297 3199 3523 3266 Propter
3569 3199 3674 3256 hoc

2088 3294 2364 3363 extemplo
2392 3295 2535 3347 venit
2568 3293 2798 3360 perditio
2831 3292 3020 3361 ipsius,
3053 3290 3352 3354 intercisio,
3382 3302 3438 3344 et
3466 3290 3675 3344 contri-

2090 3384 2164 3436 tio
2196 3383 2512 3436 insanabilis
2531 3383 2596 3438 “.
2631 3400 2650 3433 ι

2159 3474 2297 3541 Quin
2349 3481 2400 3528 ct
2445 3473 2612 3528 Isaias
2657 3474 2730 3527 ait
2780 3493 2794 3528 :
2841 3491 2858 3523 t
2909 3471 3022 3539 Ego
3063 3473 3338 3527 suscitabo
3381 3489 3503 3526 eum
3545 3488 3670 3527 cum

2084 3571 2297 3639 justitia
2351 3585 2529 3639 regem
2585 3585 2598 3621 ε
2651 3579 2704 3622 et
2751 3583 2943 3624 omnes
2993 3569 3093 3622 viae
3144 3568 3284 3620 illius
3335 3577 3511 3620 rectae.
3550 3565 3672 3634 Ipse

2085 3661 2378 3715 aediticabit
2415 3660 2690 3713 civitatem
2739 3674 2949 3722 meam,
2983 3668 3036 3712 et
3078 3659 3442 3726 captivitatem
3487 3655 3670 3726 populi

2100 3753 2205 3806 mei
2246 3760 2546 3812 convertet,
2579 3766 2684 3804 non
2719 3767 2840 3804 cum
2880 3751 3075 3818 pretio,
3106 3765 3284 3818 neque
3319 3763 3439 3803 cum
3479 3762 3672 3801 mune-

2090 3845 2265 3898 ribus.
2307 3861 2324 3894 ι
2376 3843 2441 3896 Ει
2488 3843 2682 3897 iterum
2730 3860 2745 3897 :
2800 3862 2817 3896 ι
2877 3844 3017 3895 Dixit
3058 3842 3317 3895 Dominus
3360 3839 3600 3896 Sabaoth
3652 3859 3668 3896 :

2085 3934 2376 3990 Laboravit
2429 3933 2727 4006 Egyptus,
2773 3947 2826 3990 et
2874 3937 3163 4004 negotiatio
3212 3934 3560 4005 Ethiopum,
3613 3943 3672 3989 ct

2085 4029 2298 4082 Sabba-i
2346 4028 2445 4082 viri
2492 4030 2690 4082 excelsi
2740 4031 2804 4082 ad
2851 4040 2902 4084 te
2941 4031 3268 4093 transiliunt,
3298 4039 3350 4084 et
3392 4029 3467 4082 tui
3510 4037 3674 4083 erunt

2083 4121 2250 4187 servi,
2276 4131 2329 4174 et
2360 4130 2480 4189 post
2509 4129 2560 4175 te
2591 4133 2893 4190 sequentur
2921 4123 3083 4176 vincti
3115 4122 3362 4181 manicis,
3386 4129 3440 4174 et
3469 4121 3674 4173 transi-

2083 4213 2217 4266 bunt
2241 4213 2304 4264 ad
2335 4221 2475 4274 te,et
2505 4213 2808 4266 adorabunt
2838 4223 2914 4277 te;
2949 4213 3204 4278 quentiam
3235 4213 3286 4265 in
3318 4223 3368 4266 te
3394 4212 3529 4264 Dens
3555 4221 3665 4275 est,

2081 4315 2134 4357 et
2174 4319 2283 4358 neu
2319 4317 2400 4358 est
2436 4303 2577 4360 Deus
2619 4305 2824 4373 absque
2865 4313 2918 4358 te
2936 4305 3004 4358 ".
3040 4324 3057 4356 ι
3105 4305 3236 4371 Qum
3277 4315 3672 4359 commemorat

2086 4406 2255 4461 vates,
2289 4406 2348 4450 ut
2375 4411 2559 4451 verum
2593 4395 2759 4450 Deum
2791 4412 2913 4452 esse
2943 4397 3220 4451 Christum
3258 4397 3516 4452 credatis.

2648 4529 2877 4586 CAPUT
2914 4530 3092 4587 LVIII.

2087 4642 2158 4698 De
2186 4642 2414 4698 Subbato
2443 4643 2775 4708 Judworum,
2797 4655 2841 4698 et
2872 4645 3151 4698 Domt'nt'ca
3180 4645 3623 4700 Christianorum.

2153 4753 2275 4809 Jun.
2316 4755 2682 4820 Quamobrem
2718 4771 2812 4808 vos
2847 4756 3102 4809 honorem
3139 4765 3193 4808 et
3223 4757 3447 4825 gratiam
3486 4754 3674 4807 Domi-

2090 4849 2223 4900 nicm
2262 4848 2553 4911 tribuistis,
2585 4865 2746 4916 quam
2791 4849 2928 4916 apud
2972 4863 3069 4901 nos
3114 4846 3408 4901 Sabbatum
3446 4845 3668 4899 habuit?

2154 4939 2377 4994 Cnnrsr.
2410 4938 2572 4992 Certe
2613 4939 2782 4991 multo
2821 4941 3029 5005 aequius
3071 4953 3193 4993 esse
3233 4949 3476 4992 sanctam
3522 4939 3668 4993 hanc

2084 5028 2419 5082 Dotninit-am
2465 5045 2573 5096 pra:
2616 5039 2794 5083 vestro
2837 5030 3074 5084 Siihbato
3120 5030 3407 5094 honorari,
3443 5030 3659 5082 abunde

2084 5131 2166 5175 est
2211 5121 2350 5174 unde
2396 5130 2716 5187 statuamus,
2755 5137 2860 5175 non
2910 5137 2975 5176 ex
3026 5123 3224 5176 nostris
3270 5121 3441 5176 solum
3489 5121 3664 5173 sacris

2087 5212 2472 5277 voluminibus,
2499 5214 2592 5267 sed
2624 5230 2688 5268 ex
2723 5217 2841 5284 ipso
2877 5218 3014 5269 adeo
3047 5215 3228 5268 divino
3260 5214 3494 5278 opilicio.
3529 5211 3661 5264 Nam

2087 5307 2131 5359 si
2161 5305 2466 5374 requietem
2503 5307 2752 5372 colimus,
2783 5318 2985 5376 quanto
3025 5307 3197 5376 magis
3238 5321 3459 5375 Operam
3501 5319 3666 5357 evor-

2212 5417 2256 5451 ⁸⁸
2290 5421 2416 5475 ibid.
2446 5420 2537 5475 21.
2649 5421 2696 5455 '°
2725 5421 2825 5476 lsa.
2858 5437 2986 5485 LIII,
3019 5421 3137 5476 5-5.
3250 5422 3293 5454 ⁸¹
3321 5423 3486 5474 Aluos
3515 5437 3550 5472 ιι
3606 5419 3662 5474 6.

2216 5489 2262 5520 ⁸⁸
2309 5491 2406 5546 lsa.
2446 5507 2527 5553 tn,
2563 5492 2650 5544 Il.
2755 5493 2802 5524 “
2830 5491 2975 5546 Psal.
3009 5508 3174 5556 xxxv,
3207 5491 3261 5545 1.
3362 5492 3409 5523 ⁸⁷
3442 5490 3568 5543 ibid.
3604 5493 3663 5542 '2.

2386 5561 2426 5593 “
2463 5563 2598 5618 ibid.
2654 5563 2743 5619 17.
2848 5563 2892 5593 ⁸³
2922 5563 3052 5619 ibid.
3086 5562 3175 5617 16.
3280 5562 3325 5593 ⁶³
3353 5563 3473 5614 Acl-
3506 5577 3542 5626 Ι,
3570 5559 3665 5615 25-

481 5787 589 5856 (46,
633 5787 884 5842 Nazianz.
914 5790 1154 5845 imitatur
1187 5793 1510 5864 irrmaguum
1559 5790 1825 5848 Basiliam
1861 5793 1949 5861 12,
1973 5795 2063 5862 56,
2090 5805 2140 5849 et
2169 5795 2315 5852 alibi.
