4042 6408
375 384 478 448 905

1451 391 1838 453 DIALOGUS
1877 390 2178 454 CONTRA
2219 397 2553 460 ΠΗ)ᾹίΟᾶ

3517 409 3625 474 906

367 475 552 556 dium!
593 501 783 572 Neque
815 503 960 559 enim
996 513 1279 576 propterea
1314 506 1664 564 honorandus
1694 515 1776 563 est
1803 507 1948 563 Ada-
1973 511 2025 571 A
2051 510 2423 582 libamentum,
2453 531 2562 572 non
2595 516 2825 583 Pascha,
2859 533 2966 578 non
2992 519 3212 576 festum.
3242 521 3434 580 Merito
3464 525 3628 596 igitur

367 608 511 658 ntus,
536 593 678 663 quod
711 595 960 652 violando
987 607 1259 668 praecepto
1289 609 1519 656 mortem
1547 599 1777 654 incurrit
1801 599 1950 670 (nam

367 683 419 738 id
464 684 679 764 quidem
711 696 792 741 est
821 689 1168 760 extremum),
1215 690 1310 746 sed
1378 691 1522 761 quod
1568 691 1803 759 primum
1853 691 1949 746 Dei

368 775 620 832 manibus
647 777 821 834 factus
852 787 958 844 est,
987 787 1153 849 atque
1183 778 1472 838 formatus.
1503 781 1640 838 Nam
1674 797 1802 840 ecce
1833 784 1948 840 haec

365 867 583 936 quidem
619 881 700 924 est
735 870 1097 926 conformatio
1130 871 1343 940 divina;
1389 874 1556 930 altera
1594 889 1723 930 vero
1768 885 1948 931 trans-

369 961 580 1030 gressio
613 961 872 1018 humana.

441 1053 560 1110 Jam
609 1066 814 1126 quanto
855 1059 1172 1118 hominibus
1215 1062 1333 1118 sine
1372 1062 1777 1132 comparatione
1814 1077 1951 1132 prte-

366 1158 514 1204 stant
542 1151 750 1218 divina,
775 1164 1088 1225 quantoque
1117 1167 1201 1212 est
1226 1158 1548 1228 principium
1582 1157 1688 1213 ﬁne
1719 1158 1950 1214 honora-

368 1242 474 1294 tius
505 1242 799 1311 (siquidem
836 1244 961 1300 illud
996 1248 1290 1305 molitionis
1322 1264 1482 1304 causa
1516 1258 1619 1315 est,
1647 1250 1736 1305 hic
1767 1264 1948 1304 rerum

364 1331 674 1388 moliturum
733 1337 1074 1408 dissolutio),
1111 1349 1264 1395 tanto
1316 1350 1400 1396 est
1449 1354 1663 1410 quoque
1712 1341 1951 1398 Sabbato

361 1423 628 1480 illustrior
673 1433 728 1481 et
771 1429 1054 1498 augustior
1091 1430 1395 1487 Dominica.
1432 1430 1702 1486 Praeterea
1747 1433 1951 1487 consti-

362 1525 480 1572 tuto
523 1518 798 1588 principio
844 1523 986 1592 cogit
1022 1525 1318 1580 necessitas
1354 1524 1514 1579 linem
1553 1525 1810 1594 consequi
1844 1541 1859 1579 :
1896 1533 1952 1580 at

365 1613 529 1667 linem
571 1627 693 1668 esse
735 1615 1005 1682 principio
1047 1631 1153 1671 non
1195 1626 1469 1686 exstante,
1503 1617 1744 1672 insolens
1780 1628 1864 1672 est
1895 1627 1950 1672 et

363 1701 692 1758 inauditum.
727 1703 956 1760 Praestat
986 1707 1152 1776 igitur
1184 1708 1425 1764 Sabbato
1456 1707 1757 1774 Dominica,
1790 1708 1948 1778 idque

358 1807 426 1848 ex
458 1795 522 1849 iis
551 1809 670 1864 qua:
702 1797 932 1854 dicimus
957 1800 1060 1854 erit
1089 1801 1347 1869 apertius.

2052 613 2248 662 octavo
2297 607 2385 662 die
2436 607 2683 664 instituta
2735 610 3082 669 circumcisio
3125 623 3240 680 est,
3289 629 3388 670 ceu
3439 625 3630 674 sancto
3711 666 3717 677 .

2053 705 2215 766 atque
2264 698 2493 764 mundo;
2553 715 2676 754 nam
2732 701 2785 756 in
2831 701 3071 758 Levitico
3118 713 3374 771 octavus,
3407 717 3631 765 sanctus

2052 797 2217 858 atque
2277 791 2512 846 mundus
2565 800 2819 857 vocatur,
2871 793 3095 849 alteram
3147 796 3269 852 novi
3321 798 3543 856 hederis
3597 815 3630 854 ι

2051 877 2274 936 Christo
2313 885 2563 952 patrandi
2606 885 2780 954 legem
2823 885 3118 956 designans
3149 907 3165 943 :
3202 909 3220 941 ι
3254 890 3470 961 Septem
3512 892 3630 947 dies

2056 971 2148 1026 tibi
2189 982 2244 1028 et
2285 974 2406 1040 bos,
2441 987 2495 1031 et
2528 975 2862 1045 jumentum,
2897 988 2953 1034 et
2993 979 3324 1048 mancipium
3368 982 3628 1047 servient,

2051 1072 2247 1120 octavo
2282 1064 2452 1122 libera
2491 1069 2762 1123 erunt"°'.
2801 1088 2821 1122 ι
2866 1068 2947 1124 Εη
2991 1079 3244 1126 octavum
3284 1072 3424 1126 diem
3465 1073 3632 1128 Iiber-

2055 1155 2204 1220 tatis,
2236 1171 2358 1226 qua:
2386 1167 2632 1214 sanctam
2664 1159 3002 1215 Dominieam
3037 1171 3324 1231 praenotat,
3352 1177 3457 1231 qua
3495 1165 3636 1219 Deus

2053 1254 2244 1301 noster
2269 1246 2528 1304 Christus
2555 1247 2745 1306 orbem
2779 1259 3042 1305 terrarum
3069 1265 3098 1304 a
3123 1249 3325 1306 diaboli
3353 1252 3636 1308 fraudibus

2052 1335 2324 1393 liberavit.
2919 1322 2930 1330 .

2122 1429 2241 1485 Jam
2291 1446 2420 1488 vero
2458 1433 2770 1494 universum
2821 1438 2923 1492 hoc
2973 1446 3180 1507 septem
3255 1440 3386 1495 arvis
3436 1439 3637 1493 durare

2048 1519 2262 1587 iussum
2307 1531 2412 1588 est,
2455 1533 2680 1580 auctore
2734 1525 3026 1582 Salomone
3059 1544 3072 1581 :
3112 1546 3132 1579 r
3172 1528 3248 1583 Da
3286 1539 3497 1599 partem
3544 1543 3636 1582 se-

2052 1619 2224 1680 ptem,
2261 1627 2362 1668 nec
2392 1628 2500 1668 non
2526 1623 2581 1670 et
2612 1626 2738 1672 octo
2766 1617 2835 1672 τι.
2871 1636 2891 1670 ι
2930 1617 2986 1672 Id
3007 1621 3158 1687 quod
3186 1628 3242 1674 et
3282 1635 3507 1690 magnus
3546 1619 3638 1674 ille

2053 1701 2328 1769 apostolus
2352 1701 2578 1769 Paulus,
2613 1704 2816 1761 Christi
2860 1719 2943 1771 os,
2976 1708 3070 1776 qui
3111 1709 3164 1762 in
3202 1710 3422 1762 tertium
3455 1721 3631 1776 usque

2017 1782 2024 1862 ζ
2056 1790 2256 1845 coelum
2291 1796 2630 1862 conscendit,
2665 1807 2892 1851 testatur
2933 1800 2987 1852 in
3041 1799 3157 1854 hac
3189 1799 3351 1854 verba
3385 1818 3398 1853 :
3445 1816 3464 1851 ι
3498 1798 3635 1852 Cum

433 1856 705 1944 “ce-sima
757 1891 947 1959 quinta
999 1856 1200 1947 men'sis
1248 1891 1412 1948 Nisa"
1459 1893 1541 1963 (υι
1591 1908 1688 1948 vos
1732 1891 1946 1948 Hebmi
1984 1856 2028 1910 Β
2061 1881 2347 1938 tradiderit
2397 1900 2623 1955 regnum
2661 1887 2771 1943 Deo
2814 1897 2869 1943 et
2916 1889 3063 1944 Patri
3114 1889 3283 1945 Filius
3308 1891 3378 1954 τ’,
3426 1900 3536 1945 tum
3581 1898 3639 1945 et

360 1980 603 2044 vocatis,
650 1981 810 2037 nobis
853 1997 984 2037 vero
1036 1982 1260 2038 Martius
1287 1985 1420 2053 est),
1476 1985 1618 2040 Deus
1669 1984 1943 2054 opificium

360 2072 564 2141 etrapit;
625 2074 902 2128 tricesima
953 2075 1268 2132 universum
1323 2077 1425 2132 hoc
1479 2091 1640 2133 omne
1694 2078 1943 2147 perfecit,

361 2164 644 2218 tricesima
686 2166 884 2233 prima,
916 2182 1038 2237 qua:
1081 2183 1112 2221 a
1155 2177 1336 2238 coepto
1377 2168 1592 2237 Opificio
1632 2177 1948 2224 numeratur

358 2254 614 2322 septima,
648 2255 933 2324 requievit.
960 2257 1039 2310 Ac
1069 2255 1246 2311 videte
1275 2270 1411 2312 sane
1439 2257 1646 2312 exitum
1675 2257 1943 2314 veritatis.

371 2345 436 2398 In
470 2346 570 2400 hac
605 2345 974 2402 lsraelitarum
1012 2362 1079 2404 ex
1113 2346 1347 2418 Egypto
1383 2346 1529 2416 fuga,
1559 2358 1614 2403 et
1644 2347 1699 2402 in
1733 2347 1947 2403 Chana-

369 2452 542 2491 nteam
594 2439 852 2493 transitus
903 2439 1159 2508 contigit;
1197 2439 1251 2493 in
1303 2439 1408 2494 hac
1457 2441 1741 2508 promissae
1789 2449 1947 2494 terra:

356 2528 574 2583 sortitio
623 2537 677 2584 et
718 2530 996 2599 ingressus
1029 2527 1153 2583 fuit.
1213 2529 1271 2584 In
1323 2529 1425 2584 hac
1457 2529 1680 2584 Gabriel
1716 2531 1947 2585 archan-
1981 2539 2001 2547 ‘

361 2620 515 2690 gelus
555 2621 760 2691 Virgini
805 2635 869 2675 ac
909 2621 1154 2690 Deipara:
1188 2622 1292 2676 laeti
1331 2623 1506 2676 nuntii
1541 2623 1702 2678 verba
1741 2622 1944 2689 attulit,

357 2727 483 2782 quae
533 2712 802 2782 extemplo
851 2722 909 2767 et
950 2711 1154 2767 Christi
1207 2729 1303 2783 pro
1353 2713 1508 2770 nobis
1564 2717 1684 2769 sine
1734 2714 1947 2771 semine

360 2812 658 2871 conceptus
690 2810 745 2857 et
776 2817 979 2856 arcana
1025 2803 1332 2858 incarnatio
1371 2813 1455 2858 est
1490 2813 1716 2869 secuta;
1752 2806 1804 2858 in
1844 2805 1946 2861 hac

365 2891 484 2962 ejus
523 2907 587 2948 ex
632 2893 864 2947 mortuis
910 2893 1275 2959 resurrectio;
1323 2909 1386 2948 ac
1419 2893 1710 2950 verisimile
1750 2901 1858 2959 est,
1891 2894 1944 2948 in

361 2985 466 3040 hac
491 2995 544 3040 et
571 2998 914 3040 communem
942 2986 1186 3040 omnium
1213 2994 1459 3040 nostrum
1490 2985 1942 3042 resurrectionem

358 3075 621 3139 futuram,
653 3093 774 3131 curn
819 3079 873 3131 in
912 3080 1078 3131 vitam
1121 3077 1386 3132 restitutis
1427 3077 1706 3132 Christum
1747 3077 1943 3132 iterum

357 3184 418 3223 se
465 3168 802 3222 tremendum
852 3167 1137 3237 praebebit,
1171 3175 1227 3223 et
1265 3168 1638 3240 incorruptum
1685 3166 1940 3235 judicium

357 3258 661 3322 exercebit,
697 3257 968 3326 simulque
1011 3258 1232 3327 grandis
1273 3258 1458 3312 arcani
1502 3258 1838 3327 inspectores
1878 3272 1944 3314 ac

357 3361 663 3415 prwcones,
698 3349 865 3402 divini
896 3348 1144 3418 apostoli,
1175 3350 1228 3402 in
1246 3348 1532 3405 duodecim
1562 3349 1781 3404 sedibus
1801 3350 1944 3419 judi-

357 3438 548 3493 candis
608 3437 899 3494 duodecim
967 3439 1286 3494 lsraeliticis
1351 3439 1597 3495 tribubus
1656 3441 1940 3496 sedebunt.

359 3527 632 3583 Caeterum
689 3529 988 3584 desiturum
1050 3531 1373 3599 quandoque
1426 3528 1750 3597 Sabbatum,
1804 3529 1946 3587 Deus

359 3620 672 3674 Abrahamo
715 3628 896 3675 vestro
937 3621 1152 3690 parenti
1195 3621 1411 3690 aperuit
1461 3621 1515 3674 in
1563 3619 1678 3676 haec
1720 3621 1884 3678 verba
1927 3638 1940 3675 :

368 3733 387 3763 ι
425 3712 504 3765 Τυ
533 3727 664 3782 ergo
688 3713 963 3768 custodies
994 3723 1206 3784 pactum
1243 3729 1445 3780 meum,
1471 3723 1525 3768 et
1554 3728 1741 3769 semen
1771 3723 1942 3781 tuum,

363 3808 416 3860 in
459 3807 834 3876 generationes
871 3823 999 3861 suas
1023 3808 1109 3874 '7;
1149 3825 1167 3858 ›
1210 3817 1263 3861 et
1299 3807 1492 3862 iterum
1529 3821 1545 3860 :
1586 3823 1605 3858 ι
1646 3805 1946 3862 Circumci-

363 3898 521 3951 detur
548 3912 614 3952 ex
649 3898 802 3953 vobis
829 3913 988 3953 omne
1021 3898 1378 3953 masculinum
1416 3899 1471 3952 in
1510 3897 1945 3966 generationibus

358 3992 554 4044 vestris
573 3990 651 4062 f3;
688 4009 706 4042 ι
750 3991 945 4046 ibidem
985 4003 998 4049 :
1047 4009 1065 4042 ι
1112 3989 1293 4044 Infans
1322 3998 1446 4044 octo
1475 3989 1682 4046 dierum
1708 3989 1948 4044 circum-

360 4084 570 4138 cidetur
612 4099 626 4137 :
667 4084 879 4150 eritque
924 4095 1140 4152 pactum
1186 4097 1365 4137 meum
1412 4083 1558 4136 inter
1593 4096 1678 4136 me
1715 4091 1770 4136 et
1804 4082 1947 4137 inter

361 4190 477 4241 vos,
503 4177 554 4230 in
585 4178 1032 4246 generationibus
1064 4176 1261 4230 vestris
1280 4175 1346 4228 ⁸⁸.
1379 4193 1397 4225 ι
1433 4174 1638 4229 Videtis
1666 4190 1789 4228 cum
1821 4186 1944 4228 ortu

361 4269 581 4324 furderis
648 4269 811 4323 etiam
870 4268 1186 4322 interitum?
1253 4266 1369 4320 Non
1415 4268 1557 4328 enim
1595 4268 1779 4321 dixit:
1834 4267 1945 4321 Iloc

358 4362 462 4415 erit
488 4361 702 4430 signum
734 4359 878 4414 inter
927 4374 1013 4414 me
1041 4371 1094 4413 et
1117 4359 1260 4413 inter
1286 4372 1382 4411 vos
1415 4358 1467 4410 in
1499 4366 1714 4425 pactum
1747 4357 1946 4425 sempi-

360 4461 572 4505 ternum
613 4450 749 4518 (47).
809 4449 998 4518 Neque
1039 4449 1090 4504 id
1128 4448 1298 4504 semel
1336 4448 1492 4512 dixit,
1548 4447 1641 4502 sed
1695 4456 1778 4501 ter
1813 4462 1946 4516 qua-

2053 1969 2169 2040 ipsa
2212 1981 2463 2028 creatura
2523 1974 2844 2032 liberabitur
2885 1991 2915 2030 a
2971 1979 3236 2034 servitute
3287 1979 3357 2034 ⁷³.
3392 1998 3412 2030 ι
3469 1979 3636 2049 Igitur

2052 2063 2289 2116 nondum
2321 2065 2546 2133 cognito
2576 2065 2666 2121 die
2691 2078 2912 2134 octavo,
2953 2068 3080 2137 jure
3115 2070 3384 2138 septimus
3415 2071 3636 2126 coleba-

2055 2160 2160 2215 tur,
2194 2160 2251 2206 ut
2277 2151 2544 2222 feriatus;
2582 2172 2705 2211 nam
2753 2168 2808 2213 et
2860 2161 3095 2216 instante
3139 2162 3249 2230 illa,
3304 2172 3363 2217 at
3394 2165 3634 2219 nomium

2052 2253 2320 2311 praesente
2347 2253 2508 2302 aetate
2534 2259 2748 2314 octava,
2781 2262 2990 2321 septem
3027 2254 3286 2308 duntaxat
3320 2256 3633 2313 hominibus

2051 2343 2242 2393 aetates
2270 2349 2553 2408 putantur.

2123 2424 2586 2490 Quemadmodum
2614 2437 2798 2484 autem
2827 2445 2943 2488 aevo
2989 2433 3079 2489 illo
3117 2444 3314 2493 octavo
3348 2437 3512 2508 (quod
3549 2437 3636 2492 fu-

2053 2523 2233 2570 turum
2263 2523 2368 2581 est,
2401 2528 2456 2572 et
2487 2534 2763 2590 nunquam
2793 2522 3035 2594 ﬁnietur)
3067 2541 3173 2580 non
3200 2525 3312 2593 jam
3347 2516 3516 2596 pomi
3541 2544 3632 2584 se-

2052 2617 2198 2676 ptem
2253 2609 2675 2676 praecedentium
2710 2615 2972 2669 memoria
3009 2616 3112 2670 ulla
3144 2628 3374 2688 agetur;
3411 2620 3492 2674 sic
3521 2619 3634 2674 Do-

2054 2699 2281 2764 minica,
2323 2703 2415 2770 qui
2449 2712 2678 2759 octavus
2717 2704 2986 2760 libertatis
3025 2707 3144 2763 dies
3193 2717 3298 2773 est,
3343 2720 3633 2779 prasente,

2053 2791 2276 2847 Sabbati
2338 2793 2553 2848 actione
2619 2810 2756 2864 opus
2810 2805 2892 2852 est
2949 2797 3116 2853 nulla.
3177 2799 3455 2870 Siquidem
3510 2819 3634 2859 tum

2052 2884 2300 2939 servituti
2336 2886 2642 2956 subjaceret
2667 2902 2842 2957 genus
2865 2890 3184 2957 humanum,
3231 2895 3547 2950 necessario
3578 2904 3638 2953 et

2053 2975 2292 3032 Sabbato
2309 2991 2447 3046 opus
2464 2987 2602 3042 erat,
2622 2979 2781 3034 fessis
2792 2982 3045 3050 exiguam
3072 2985 3371 3053 requietem
3399 2985 3628 3044 ferente.

2051 3069 2122 3124 At
2147 3069 2235 3124 ubi
2279 3068 2391 3138 jam
2444 3069 2556 3125 dies
2602 3079 2828 3126 octavus
2867 3071 3118 3130 libertate
3159 3077 3340 3130 omnia
3387 3078 3633 3146 donavit,

2051 3159 2238 3228 ecquis
2273 3159 2524 3229 deinceps
2561 3176 2693 3215 usus
2724 3162 2793 3216 sit
2826 3163 3081 3232 septimi?
3109 3166 3188 3221 Ac
3239 3166 3284 3221 si
3312 3166 3464 3234 libet,
3498 3183 3635 3225 con-

2052 3251 2290 3306 siderate
2348 3253 2639 3322 diligenter
2681 3256 3138 3325 quemadmodum
3201 3272 3324 3312 cum
3372 3272 3634 3329 parentes

2051 3345 2216 3399 vestri
2250 3359 2450 3398 manna
2481 3346 2532 3400 in
2558 3345 2776 3402 deserto
2809 3349 3184 3415 vescebantur,
3219 3359 3278 3406 ut
3315 3353 3392 3406 ait
3415 3351 3584 3409 David
3614 3374 3629 3409 :

2055 3453 2076 3488 ι
2111 3435 2311 3492 Panem
2344 3437 2659 3508 angelorum
2693 3439 3037 3496 manducavit
3066 3442 3228 3497 homo
3253 3445 3337 3510 τις
3373 3461 3392 3494 ι
3421 3448 3634 3504 caeteris

2050 3529 2243 3585 diebus
2278 3529 2415 3601 frugi
2447 3539 2502 3584 et
2528 3530 2672 3584 utilis
2707 3541 2824 3586 erat
2853 3547 3069 3587 manna:
3122 3533 3389 3601 collectio,
3442 3552 3547 3592 non
3576 3537 3633 3593 in

2051 3621 2349 3677 crastinum
2389 3635 2488 3690 pro
2516 3619 2743 3677 Iudaica
2787 3621 3027 3692 ingluvie
3070 3639 3320 3693 manens,
3376 3629 3472 3684 sed
3513 3645 3636 3698 quae

2052 3714 2187 3770 satis
2207 3724 2352 3770 esset
2387 3714 2581 3770 diurno
2604 3713 2866 3770 alimento
2903 3732 2916 3770 :
2955 3717 3096 3787 quod
3141 3718 3187 3772 si
3226 3719 3472 3776 Sabbato
3501 3722 3628 3790 quis

2051 3805 2365 3876 collegerat,
2387 3807 2634 3862 inutilem
2657 3821 2884 3877 prorsus
2903 3810 3170 3865 sentiebat
3189 3825 3433 3881 operam.
3459 3812 3631 3869 Caete-

2051 3911 2171 3950 rum
2207 3912 2273 3951 ex
2300 3911 2406 3966 quo
2441 3897 2680 3954 cmlestis
2709 3897 2799 3953 ille
2829 3899 3006 3969 panis,
3051 3915 3208 3970 quem
3249 3913 3306 3958 ut
3333 3905 3626 3962 carbonem

2050 3987 2218 4041 Isaias
2239 3989 2536 4056 perspexit,
2556 3997 2608 4042 et
2624 4003 2654 4042 a
2671 3988 3143 4060 cherubinoﬁu'l'),
3161 3993 3251 4059 qui
3280 3992 3486 4064 forcipe
3503 4009 3630 4052 eum

2049 4095 2115 4134 ex
2148 4095 2241 4134 ara
2266 4091 2596 4149 sumpserat,
2628 4087 2932 4145 contactus,
2963 4085 3057 4136 abs
3083 4082 3310 4139 Domino
3334 4085 3446 4141 Deo
3473 4101 3635 4142 exer-

2051 4172 2256 4226 cituum
2299 4171 2505 4226 audivit
2547 4188 2562 4224 :
2619 4190 2636 4224 r
2673 4171 2815 4227 Ecce
2865 4174 3012 4245 tetigi
3066 4175 3167 4231 hoc
3215 4177 3357 4232 labia
3413 4188 3540 4245 tua,
3577 4189 3634 4235 et

2052 4262 2330 4316 auferetur
2360 4262 2625 4332 iniquitas
2653 4275 2766 4328 tua,
2798 4249 3167 4332 et‘peccatum
3211 4278 3360 4322 tuum
3394 4273 3628 4327 munda-

2053 4353 2198 4407 bitur
2247 4353 2331 4418 ης
2365 4371 2383 4404 ι
2429 4367 2495 4407 ex
2547 4368 2683 4422 quo,
2747 4355 2988 4424 inquam,
3044 4358 3288 4411 caelestis
3337 4359 3428 4414 ille
3475 4364 3630 4430 panis

2051 4445 2387 4514 benignitate
2411 4447 2598 4500 aeterni
2633 4443 2812 4503 Patris
2834 4486 2848 4512 ,
2880 4455 2934 4502 et
2966 4447 3136 4502 sancti
3172 4450 3408 4520 Spiritus
3435 4467 3538 4524 ope
3571 4456 3627 4511 in

362 4541 748 4612 terque.Unde
772 4539 1266 4609 constatjudicium
1299 4541 1403 4594 hoc
1431 4553 1606 4608 neque
1633 4540 1686 4594 in
1715 4541 1940 4594 alteram
1976 4558 2018 4611 ι)
2057 4547 2258 4591 terram
2306 4533 2609 4602 descendit,
2662 4535 2740 4589 uti
2791 4536 2856 4589 de
2897 4551 2956 4589 se
3006 4537 3121 4604 ipse
3162 4539 3364 4595 clamat
3406 4560 3421 4597 :
3465 4559 3485 4595 ο
3517 4543 3632 4613 Ego

359 4647 597 4700 aetatem,
632 4650 809 4705 neque
845 4637 910 4690 ad
935 4645 1177 4689 extrema
1219 4648 1391 4702 usque
1414 4636 1792 4698 statuendum;
1826 4632 1942 4697 sed,

2046 4642 2164 4684 sum
2192 4625 2369 4694 panis,
2396 4626 2485 4695 qui
2513 4625 2578 4679 de
2595 4625 2732 4681 cmlo
2755 4626 3072 4682 descendi”
3097 4643 3111 4690 ;
3147 4647 3164 4678 ›
3192 4645 3258 4683 ex
3279 4644 3344 4686 eo
3374 4647 3474 4688 nec
3495 4633 3634 4689 Sab-

357 4729 605 4796 Quandiu
629 4729 812 4784 animo
834 4742 953 4783 meo
975 4726 1289 4791 collubebit,
1311 4726 1684 4795 posteritatem
1705 4735 1943 4780 vestram
2043 4721 2227 4776 batum
2259 4719 2339 4786 Iit,
2367 4733 2468 4774 nec
2496 4719 2673 4789 quies,
2736 4734 2835 4775 nec
2867 4721 3042 4775 tenuis
3065 4729 3119 4776 et
3143 4723 3334 4792 exigua
3364 4725 3495 4794 vita,
3525 4742 3628 4784 nec

363 4835 610 4878 rectores
640 4832 804 4890 atque
839 4835 996 4890 reges
1022 4819 1241 4874 habere.
1267 4815 1349 4873 Ob
1379 4819 1428 4872 id
1456 4817 1708 4887 praesagit
1737 4817 1900 4875 Israel
1930 4835 1942 4870 :

2045 4810 2325 4866 moderata
2361 4810 2620 4880 partitio,
2667 4810 2762 4864 sed
2804 4810 2952 4864 omni
2988 4811 3122 4865 hora
3166 4812 3414 4869 Christus
3465 4827 3628 4872 aiter-

363 4933 382 4967 r
425 4915 540 4970 Non
572 4915 791 4969 deficiet
824 4914 930 4968 dux
965 4927 1031 4967 ex
1058 4911 1196 4966 Juda
1218 4953 1233 4977 ,
1259 4920 1313 4967 et
1347 4912 1599 4980 princeps
1637 4911 1704 4965 de
1741 4908 1948 4964 femore
2046 4922 2168 4960 nam
2196 4919 2258 4958 ac
2290 4917 2582 4970 perennem
2618 4901 2781 4954 vitam
2815 4901 2930 4956 suis
2963 4901 3181 4956 faniulis
3207 4902 3456 4971 largitur.

358 5008 498 5077 ejus,
527 5009 700 5062 donec
731 5007 974 5071 veniant,
1001 5020 1121 5074 qua:
1152 5004 1385 5074 reposita
1416 5014 1579 5068 sunt;
1613 5010 1669 5057 ct
1698 5003 1811 5071 ipse
1839 5002 1944 5056 erit

357 5099 694 5168 exspectatio
727 5098 986 5167 gentium
1010 5097 1077 5150 ⁷ο.
1130 5115 1147 5148 ι
1203 5098 1272 5149 At
1321 5095 1412 5150 ubi
1459 5093 1608 5148 venit
1661 5093 1942 5155 Christus,

361 5206 467 5244 non
511 5191 623 5258 jam
673 5189 906 5258 amplius
961 5189 1087 5242 huic
1131 5187 1466 5256 generationi
1512 5186 1945 5242 circumcisionis

359 5289 621 5334 statutqu
652 5280 826 5334 foedus
854 5281 1033 5341 durat,
1065 5293 1167 5331 non
1198 5276 1531 5339 vaticinium,
1559 5293 1663 5331 non
1693 5291 1941 5348 regnum,

359 5387 464 5426 non
493 5371 852 5441 pontiﬁcium,
887 5385 993 5423 non
1028 5366 1346 5433 Sabbatum,
1377 5382 1484 5420 non
1512 5367 1800 5436 jejunium,
1834 5383 1943 5422 non

427 5512 470 5542 ‘7
494 5512 634 5567 Gen.
669 5527 806 5576 xvtt,
839 5511 894 5564 9.
996 5511 1038 5545 ⁸⁸
1066 5511 1197 5565 ibid.
1231 5509 1316 5564 10.
1412 5509 1456 5541 ⁶⁹
1484 5508 1614 5562 ibid.
1648 5509 1736 5564 12.

354 5580 453 5634 ’⁸1
504 5586 632 5635 (lor.
677 5599 772 5643 xx,
817 5584 905 5634 Ἡ.
986 5583 1030 5613 ⁷³
1072 5581 1228 5633 Horn.
1259 5596 1377 5645 vm,
1413 5579 1504 5632 2|.

350 5669 389 5718 ι
418 5669 470 5719 v,
503 5653 579 5706 l8.
656 5653 700 5683 7"
727 5655 894 5706 lixod.
927 5669 1048 5714 xxv,
1077 5653 1165 5703 50.

462 5832 578 5902 (ιτ)
619 5829 678 5883 Ει
713 5838 894 5880 tamen
929 5827 1055 5881 ibid.
1091 5825 1290 5880 dicitur
1316 5825 1440 5879 his:
1475 5839 1524 5879 v.
1552 5822 1580 5874 7
1609 5831 1662 5878 et
1690 5823 1777 5878 I3.

645 5925 919 5990 ΡΑτιιοι..
953 5921 1069 5981 Cn.
1112 5916 1446 5982 CXXXIII.

1839 5508 1885 5539 "
1913 5507 2048 5562 Cen.
2089 5521 2233 5569 xm,
2287 5504 2373 5558 10.

1583 5581 1624 5610 ⁷⁵
1655 5578 1804 5634 Psal.
1834 5594 2037 5642 vavtt,
2075 5577 2166 5628 25.

2632 4991 2864 5048 CAPUT
2905 4990 3042 5046 LIX.

2179 5085 2342 5139 Panis
2387 5084 2760 5152 propositionis
2783 5122 2799 5147 ,
2833 5097 2986 5153 typus
3021 5087 3252 5153 corporis
3285 5086 3504 5140 Christi.

2123 5179 2262 5245 Quin
2296 5188 2348 5229 et
2378 5177 2533 5244 panis
2564 5186 2620 5229 et
2653 5175 2862 5241 vinum,
2888 5192 3007 5243 quae
3048 5176 3354 5245 proferebat
3395 5177 3623 5233 Melchi-

2054 5271 2251 5324 sedcth
2284 5267 2350 5332 ⁷⁷,
2387 5278 2440 5320 ct
2476 5269 2631 5335 punis
2675 5266 3082 5334 propositionis,
3119 5281 3256 5334 quos
3293 5267 3394 5322 soli
3441 5279 3627 5322 sacer-

2051 5367 2202 5418 dotes
2247 5360 2481 5414 edebant
2524 5361 2610 5424 ⁷⁸,
2660 5359 2905 5427 corporis
2953 5373 3016 5412 ac
3081 5358 3362 5428 sanguinis
3424 5359 3626 5416 Christi

3171 5499 3215 5530 ’ί
3255 5498 3432 5557 Eccle.
3464 5515 3538 5562 ιι,
3571 5501 3626 5558 2.

3171 5572 3205 5625 i.
3236 5569 3326 5625 51.
3417 5570 3460 5601 ⁷⁷
3488 5570 3626 5625 Gen.

3536 5586 3626 5629 eu.

2476 5503 2541 5534 ’θ’
2568 5499 2743 5555 chit.
2775 5516 2928 5565 xxttt,
2971 5499 3065 5554 56.

2246 5575 2287 5606 ”
2322 5574 2420 5628 lsa.
2468 5590 2539 5634 vr,
2573 5572 2622 5625 7.
2735 5573 2779 5603 ⁷⁸
2813 5571 2969 5626 Joau.
3018 5587 3091 5633 vt,
3115 5569 3205 5637 41,
3236 5569 3326 5625 5i.

2108 5821 2244 5895 (47⁸)
2273 5819 2580 5893 Seraphim.

3117 5911 3194 5973 29
