4042 6404
416 325 519 389 907

1624 299 2051 367 ANDRONICI
2083 295 2427 361 COMNENI

3544 277 3650 345 908

363 495 367 498 ,
413 436 744 495 sacrificium
773 431 1189 505 praesignabant.
1237 427 1371 482 Nam
1401 426 1503 481 etsi
1550 424 1787 493 majores
1817 420 1983 476 vestri
2013 427 2060 483 Α
2088 432 2194 488 que
2229 417 2374 472 enim
2404 411 2570 468 ullum
2599 407 2778 467 scelus
2808 414 2892 465 est
2919 405 3014 462 Dei
3067 402 3458 475 benignitatem
3494 414 3656 468 supe-

412 543 603 600 panem
632 528 805 589 illum,
838 524 928 594 qui
959 523 1148 576 umbra
1178 517 1421 589 quaedam
1448 525 1502 571 et
1534 511 1811 583 exemplar
1836 519 1982 565 esset

379 609 382 614 ’
410 623 786 682 comederunt,
813 623 869 669 at
901 612 1256 668 nihilominus
1278 623 1468 664 eorum
1493 605 1736 662 membra
1767 601 1984 658 accide-

411 716 562 774 runt,
602 708 656 763 in
687 704 982 762 solitudine
1006 703 1082 768 ⁷⁶;
1115 700 1206 771 qui
1237 713 1371 755 vero
1411 699 1514 753 hoc
1550 709 1690 767 pane
1720 694 1978 774 vescitur,

408 799 537 870 quid
587 814 618 854 a
669 813 727 852 se
768 766 1090 865 accepturus
1131 766 1246 858 sit,
1304 766 1842 859 ipsemetIServator
1886 782 1985 838 do»

406 898 496 945 cet
547 891 601 944 in
650 888 793 943 hanc
846 885 1226 941 sententiam:
1285 899 1304 934 ς
1333 880 1438 948 Qui
1483 878 1774 933 manducat
1808 887 1981 929 meam

408 994 651 1043 carnem,
689 986 744 1033 et
792 977 928 1032 bibit
971 989 1147 1030 meum
1203 973 1544 1042 sanguinem,
1596 968 1763 1025 habet
1793 966 1981 1037 ;vitam

409 1078 668 1126 aeternam
710 1068 781 1124 ⁸⁸.
813 1085 833 1120 ι
887 1065 1254 1133 Quamobrem
1303 1062 1504 1119 clamat
1558 1061 1728 1118 Isaias
1784 1076 1802 1114 :
1867 1075 1887 1111 ι
1918 1057 1986 1111 Et

407 1162 515 1216 erit
544 1161 598 1214 in
631 1160 720 1215 die
769 1158 883 1225 illa,
938 1155 1096 1212 radix
1126 1153 1300 1219 Iesse,
1355 1161 1408 1208 et
1428 1153 1519 1222 qui
1570 1149 1870 1220 consurgit,
1926 1156 1986 1202 ut

410 1252 661 1321 princeps
702 1250 770 1306 sit
789 1248 1028 1321 gentium
1055 1263 1070 1314 ;
1102 1247 1155 1302 in
1187 1248 1304 1317 ipso
1341 1253 1528 1315 gentes
1557 1241 1858 1311 sperabunt
1889 1255 1903 1292 :
1929 1244 1988 1293 et

410 1339 518 1394 erit
553 1337 770 1408 requies
803 1334 920 1404 ejus
952 1335 1125 1389 honor
1166 1333 1236 1387 ⁸¹.
1278 1351 1296 1386 ι
1336 1333 1400 1387 Et
1425 1345 1543 1398 quae
1572 1330 1676 1384 alia
1715 1337 1899 1383 autem
1932 1327 1984 1382 ei

411 1429 630 1500 requies
682 1427 808 1494 erit,
863 1433 1028 1496 atque
1079 1425 1275 1490 bonor,
1323 1437 1486 1493 quam
1538 1422 1604 1476 ad
1651 1434 1847 1476 arcana
1893 1419 1983 1474 illa

411 1521 595 1576 divina
627 1526 683 1573 et
712 1516 911 1572 munda
951 1529 1073 1570 cum
1103 1515 1301 1569 timore
1343 1521 1398 1568 et
1446 1513 1677 1568 horrore
1707 1525 1983 1577 accessus,

411 1621 468 1668 et
485 1609 761 1683 perceptio
785 1606 1058 1678 (eorum)?
1091 1604 1232 1661 Idem
1259 1604 1381 1660 alibi
1410 1621 1425 1657 :
1455 1621 1472 1656 ι
1505 1601 1674 1658 Periit
1711 1602 1983 1672 princeps,

414 1704 510 1774 qtti
541 1700 894 1757 conculcabat
913 1696 1180 1759 terram“,
1214 1714 1233 1749 ι
1259 1696 1466 1751 scilicet
1483 1693 1571 1764 qui
1595 1707 1693 1749 nos
1721 1692 1982 1763 supplan-

2085 523 2232 563 rans.
2265 507 2330 561 Et
2353 516 2472 576 post
2497 517 2667 574 pauca
2699 519 2714 557 :
2755 519 2776 553 ι
2813 499 2880 553 Ει
2911 496 3140 568 populus
3173 498 3265 566 qui
3298 491 3598 556 creabitur,
3628 507 3650 542 ι

2089 600 2296 657 scilicet
2327 613 2423 668 per
2456 595 2823 666 evangelicam
2867 590 3193 654 doctrinam,
3228 604 3249 639 ι
3278 584 3522 640 laudabit
3546 583 3658 638 Do-

2090 690 2380 749 minum".
2409 708 2428 742 ι
2452 689 2598 744 Idem
2627 699 2842 741 rursum
2868 701 2882 738 :
2913 701 2933 735 ι
2956 682 3336 738 Verumtamen
3357 677 3497 733 Deus
3523 675 3662 729 redi-

2085 796 2195 842 met
2225 784 2460 838 animam
2509 794 2682 835 meam
2714 777 2780 832 de
2815 791 2976 831 manu
3012 771 3191 838 inleri,
3235 784 3358 825 cum
3389 765 3663 837 acceperit

2085 893 2172 933 me
2202 877 2273 942 ",
2309 893 2328 928 ι
2364 875 2416 929 id
2442 882 2547 937 est,
2579 885 2700 925 cum
2736 877 3012 938 assumpto
3038 879 3159 918 meo
3197 867 3658 930 temperamento,

2085 978 2139 1023 et
2185 967 2236 1022 in
2289 979 2519 1034 corpore
2579 969 2811 1016 mortem
2861 957 3160 1021 sustinens,
3212 966 3389 1006 meam
3447 962 3665 1018 quoque
3747 1009 3751 1012 ,

2085 1059 2325 1115 animam
2369 1056 2438 1111 ab
2470 1053 2689 1120 inferis,
2722 1061 2785 1105 ut
2831 1059 3177 1111 ceterorum,
3207 1043 3532 1105 vindicabit,
3565 1056 3666 1111 pro

2085 1166 2197 1223 quo
2218 1159 2272 1206 et
2301 1148 2468 1203 Isaias
2502 1145 2682 1202 facit:
2725 1161 2744 1194 ι
2791 1141 3103 1209 Resurgent
3129 1135 3348 1199 mortui,
3381 1144 3435 1188 et
3458 1148 3658 1204 exper-

2085 1246 2386 1311 giscentur,
2423 1239 2515 1309 qui
2550 1237 2606 1292 in
2641 1233 3032 1297 monumentis,
3079 1237 3136 1284 et
3182 1226 3506 1281 laetabuntur
3567 1223 3662 1294 qui

2084 1343 2211 1392 sunt
2236 1333 2295 1389 in
2328 1344 2476 1388 terra
2505 1331 2577 1386 “.
2608 1349 2628 1382 ι
2681 1325 3066 1383 Praannntians
3103 1320 3380 1392 publicam
3423 1328 3672 1374 resurre-

2085 1427 2325 1483 ctionem
2381 1423 2636 1494 princeps
2679 1417 2932 1475 Christus
2980 1414 3269 1478 Dominus,
3314 1425 3384 1467 ex
3439 1408 3669 1464 mortuis

2087 1500 2266 1574 factus
2304 1525 2388 1572 est
2414 1513 2836 1585 primogenitus.

2163 1629 2181 1662 ι
2218 1608 2590 1670 [ιαέιειιιιιιιῑυη
2635 1604 2880 1672 inquam,
2910 1597 3000 1669 qui
3050 1603 3175 1652 sunt
3208 1593 3263 1649 in
3295 1602 3438 1648 terra
3469 1610 3484 1647 :
3521 1608 3542 1642 ι
3578 1603 3668 1644 ros

2088 1701 2257 1767 enim,
2299 1699 2391 1769 qui
2429 1711 2459 1750 a
2512 1697 2588 1760 te,
2634 1693 2849 1749 sanatio
2877 1700 2982 1746 est.
3031 1689 3097 1743 Et
3129 1687 3252 1757 quis
3295 1685 3433 1739 alius
3482 1691 3663 1738 autem

415 1763 493 1850 tat
521 1793 805 1863 malignus,
835 1791 902 1845 de
928 1805 1035 1860 quo
1063 1798 1117 1846 et
1152 1801 1304 1844 meus
1335 1763 1598 1842 Dominus
1647 1786 1723 1839 ait
1757 1802 1771 1840 :
1809 1802 1828 1836 ι
1867 1781 1978 1838 Ve-

2107 1805 2180 1846 'os
2212 1763 2481 1844 medicina
2514 1793 2600 1840 est
2630 1782 2810 1849 nobis,
2842 1795 3006 1850 quam
3037 1778 3180 1833 sacri
3213 1774 3467 1844 baptismi
3501 1787 3666 1841 aqua,

410 1885 495 1938 nit
545 1883 806 1954 princeps
861 1879 1046 1935 mundi
1099 1880 1282 1951 hujus,
1333 1887 1388 1933 et
1430 1878 1485 1933 in
1529 1891 1616 1932 me
1661 1891 1768 1931 non
1823 1875 1988 1931 habet

413 1973 708 2044 quidquam
734 1972 802 2026 “.
821 1989 852 2022 αι
879 1998 944 2011 -—
971 1987 990 2022 ‹
1017 1969 1420 2038 Dirigeturcum
1442 1966 1813 2023 misericordia
1832 1965 1989 2020 thro-

414 2062 746 2133 nus-ejus”,
771 2080 804 2113 ~t
846 2064 1017 2116 honor
1052 2060 1300 2115 videlicet
1333 2059 1466 2128 lapsi
1489 2058 1703 2112 Adami.
1733 2057 1825 2112 Est
1845 2057 1988 2111 enim

416 2156 642 2210 thronus
693 2153 914 2208 honoris
975 2152 1209 2220 signum.
1261 2151 1331 2204 At
1363 2163 1470 2219 quo
1507 2157 1662 2218 pacto
1697 2145 1994 2218 dirigetur?

412 2245 575 2302 4.~Per
600 2245 810 2300 viscera
843 2241 1235 2297 misericordias
1264 2240 1360 2295 Dei
1389 2239 1559 2295 nostri
1588 2239 1659 2294 ⁸⁸.
1687 2256 1706 2292 ι
1741 2239 1806 2292 Et
1840 2239 1994 2292 sede-

414 2338 496 2392 bit
542 2349 704 2406 super
746 2333 899 2388 illum
943 2347 1070 2387 cum
1117 2333 1352 2387 veritate
1398 2331 1450 2384 in
1496 2329 1847 2384 tabernaculo
1888 2327 1996 2382 Da-

416 2427 528 2491 vid,
600 2427 652 2480 id
703 2435 808 2490 est,
863 2438 1086 2480 consors
1148 2423 1321 2478 tribus
1398 2436 1463 2475 ac
1521 2420 1704 2491 gloriae
1742 2419 1995 2490 perennis

419 2501 662 2580 sedebit;
695 2535 714 2566 ι
733 2514 988 2583 judicans
1015 2521 1070 2567 et
1094 2512 1388 2580 exquirens
1403 2509 1685 2580 judicium,
1717 2519 1768 2564 et
1793 2507 1996 2562 faciens

415 2605 860 2661 misericordiam
916 2604 984 2658 ".
1019 2622 1038 2655 ι
1093 2600 1434 2659 Zacharias:
1477 2620 1495 2653 ι
1540 2600 1766 2655 Venient
1813 2599 1996 2670 populi

418 2695 602 2758 multi,
643 2703 696 2750 et
728 2703 917 2764 gentes
959 2693 1228 2762 plurimae,
1258 2700 1314 2744 ut
1355 2699 1601 2760 quasrant
1643 2687 1838 2743 faciem
1888 2688 1995 2741 Do-

420 2789 555 2844 mini
587 2788 653 2842 ⁸⁷.
691 2805 710 2838 ι
741 2815 811 2827 -
832 2803 851 2837 t
882 2785 942 2839 In
969 2786 1055 2838 die
1085 2783 1194 2850 illa,
1223 2782 1352 2838 dicit
1383 2781 1661 2846 Dominus,
1693 2779 1998 2849 disperdam

415 2880 642 2937 nomina
674 2877 941 2934 idolorum
973 2875 1041 2928 de
1073 2884 1239 2939 terra,
1264 2883 1320 2928 et
1350 2886 1457 2926 non
1495 2872 1603 2926 erit
1637 2869 1779 2924 ultra
1809 2883 1998 2923 eorum

426 2972 688 3026 memoria
740 2966 809 3022 ⁸⁸.
855 2983 874 3017 ι
932 2963 1000 3018 Et
1047 2963 1217 3019 Isaias
1269 2980 1284 3018 :
1323 2981 1352 3015 ι
1385 2963 1480 3016 Die
1532 2961 1621 3015 illa
1679 2961 1851 3016 Iidens
1897 2961 2003 3015 erit

426 3062 590 3116 homo
633 3061 688 3115 in
720 3074 785 3114 eo
850 3060 940 3128 qui
994 3057 1122 3112 fecit
1169 3070 1291 3110 eum
1323 3071 1338 3110 :
1374 3052 1514 3108 oculi
1561 3061 1746 3108 autem
1780 3051 1898 3123 ejus
1945 3055 1999 3106 in
2025 3091 2071 3154 Ο

433 3161 679 3208 sanctum
718 3150 886 3206 Israel
918 3148 1274 3203 intuebuntur
1307 3146 1375 3198 δ’.
1406 3162 1425 3194 ι

507 3244 686 3314 Atque
748 3242 864 3296 haec
899 3249 1086 3295 sancta
1135 3239 1453 3293 oeconomia:
1511 3235 1714 3291 Christi
1769 3245 1970 3290 arcana

426 3336 709 3398 notabant,
761 3333 960 3403 quibus
1018 3330 1384 3401 percipiendis
1447 3329 1630 3397 ipsum
1695 3328 2005 3384 Servatoris

423 3426 634 3483 Christi
686 3439 902 3481 sacrum
973 3437 1173 3491 corpus
1217 3423 1628 3491 pretiosumque
1685 3421 2004 3492 sanguinem

424 3518 782 3590 percipimus,
820 3526 878 3571 ut
908 3520 974 3570 ab
1007 3529 1073 3569 eo
1101 3515 1278 3569 edocti
1301 3527 1500 3568 sumus
1533 3529 1549 3567 :
1591 3531 1612 3564 ι
1638 3512 1737 3578 Qui
1773 3513 2006 3566 mandu-

434 3617 526 3666 cat
555 3622 727 3663 meam
762 3619 1010 3669 carnem,
1054 3613 1109 3658 et
1157 3604 1294 3658 bibit
1345 3617 1526 3658 meum
1577 3601 1918 3672 sanguinem,
1954 3601 2006 3655 in

437 3711 526 3753 me
550 3704 753 3761 manet,
787 3702 842 3750 et
871 3708 972 3763 ego
1005 3693 1060 3746 in
1096 3693 1188 3746 illo
1228 3693 1296 3747 °°.
1335 3711 1354 3744 ›
1403 3692 1642 3746 Rursum
1674 3691 1741 3744 ad
1773 3690 2010 3756 discipu-

439 3787 558 3840 los:
585 3802 614 3836 ι
649 3783 892 3853 Accipite
914 3793 968 3838 et
993 3782 1258 3837 comedite
1285 3801 1300 3836 :
1330 3782 1434 3838 hoc
1463 3791 1549 3836 est
1569 3795 1773 3849 corpus
1803 3796 2007 3836 meum.

439 3874 557 3931 Hoc
583 3876 742 3930 l'acite
771 3875 823 3929 in
857 3887 1030 3928 meam
1081 3873 1651 3928 commemorationem
1686 3871 1754 3925 οι.
1795 3889 1814 3922 ι
1852 3869 2014 3926 Simi-

442 3971 565 4024 liter
597 3969 742 4023 etde
767 3966 939 4023 calice
968 3967 1143 4021 dicit:
1179 3984 1198 4018 ι
1235 3966 1412 4020 Bibite
1441 3980 1507 4020 ex
1539 3966 1643 4018 hoc
1670 3979 1883 4019 omnes.
1915 3963 2014 4019 Ilic

445 4071 529 4116 est
552 4061 696 4116 enim
727 4059 949 4129 sanguis
1008 4072 1163 4114 meus
1212 4058 1339 4112 novi
1399 4057 1732 4122 testamenti,
1793 4057 1884 4125 qui
1917 4071 2015 4124 pro

447 4151 599 4207 vobis
628 4163 682 4206 et
701 4165 804 4220 pro
827 4149 1016 4204 multis
1049 4147 1357 4203 eIfundetur
1380 4149 1436 4203 in
1489 4149 1863 4204 remissionem
1893 4164 2018 4219 pec-

444 4255 690 4300 calorum
718 4243 790 4296 “.
824 4260 844 4294 ι
891 4241 1010 4298 .Sed
1062 4243 1179 4296 haec
1210 4243 1343 4297 satis
1388 4252 1515 4298 sunt
1540 4242 1605 4296 de
1656 4242 1901 4312 principe
1952 4257 2018 4298 ac

446 4337 636 4405 regina
667 4334 919 4400 dierum;
954 4348 1096 4388 nunc
1129 4333 1398 4389 orationis
1441 4347 1597 4387 axem
1647 4336 1715 4389 ad
1767 4347 2018 4389 resurre-

2092 1881 2239 1936 unde
2298 1877 2608 1948 expiamur,
2669 1882 2725 1928 et
2782 1867 3160 1926 illustramur?
3215 1863 3434 1918 «Terra
3485 1869 3668 1914 autem

2092 1974 2383 2042 impiorum
2415 1970 2596 2024 cadet.
2635 1984 2654 2018 ι
2695 1964 2993 2034 lmpiorum
3027 1970 3195 2026 terra,
3240 1957 3404 2012 rebus
3435 1951 3670 2010 terrenis

2092 2064 2330 2120 delenita
2355 2062 2436 2116 vis
2466 2072 2520 2116 et
2554 2068 2746 2114 natura
2775 2065 2880 2121 est,
2915 2069 3034 2124 qua:
3057 2051 3260 2120 spretis
3287 2049 3488 2104 divinis
3507 2043 3673 2113 jussis

2095 2171 2124 2210 a
2157 2154 2268 2210 Deo
2296 2161 2567 2222 separata,
2591 2165 2716 2206 cum
2743 2147 3038 2203 inferorum
3062 2141 3302 2214 principe
3325 2138 3568 2194 habitare
3589 2142 3675 2190 est

2097 2249 2349 2304 damnata
2384 2263 2397 2300 :
2431 2258 2552 2313 qua:
2593 2253 2648 2298 et
2688 2240 2857 2295 Deum
2907 2236 3184 2292 hominem
3221 2245 3402 2287 coram
3437 2241 3676 2299 praesen-

2099 2348 2206 2394 tem
2237 2351 2412 2404 neque
2451 2333 2690 2405 agnovit,
2726 2343 2903 2397 neque
2943 2323 3215 2381 adoravit.
3247 2319 3382 2374 Nam
3421 2317 3673 2372 Christus

2099 2431 2152 2484 in
2189 2428 2369 2491 terris,
2411 2435 2466 2480 et
2498 2424 2640 2493 apud
2675 2436 2772 2475 nos
2813 2417 3059 2473 homines
3089 2427 3276 2483 agens,
3330 2424 3437 2463 non
3478 2420 3671 2461 omnes

2097 2523 2322 2577 omnino
2349 2515 2610 2579 servavit,
2644 2511 2740 2568 sed
2771 2524 2863 2565 eos
2895 2507 2990 2578 qui
3027 2521 3086 2560 se
3117 2504 3282 2557 Deum
3311 2504 3673 2570 agnoscerent

2099 2628 2162 2668 ac
2195 2609 2606 2682 proﬁterentur.
2641 2603 2716 2659 Ita
2746 2613 2800 2658 et
2834 2603 2974 2672 apud
3003 2598 3230 2662 inferos,
3277 2610 3336 2650 se
3371 2604 3675 2662 agnoscen-

2101 2712 2203 2767 tes,
2233 2713 2398 2771 atque
2427 2707 2483 2754 ut
2515 2696 2683 2752 Deum
2713 2706 3020 2757 veneratos,
3059 2686 3369 2758 sospitavit,
3395 2685 3448 2739 in
3478 2682 3678 2735 vitam-

2100 2802 2207 2859 que
2241 2787 2479 2843 reatituit
2525 2784 2669 2854 :qui
2725 2783 2778 2837 id
2829 2781 3051 2835 minime
3100 2777 3378 2837 fecissent,
3424 2786 3519 2827 eos
3549 2785 3675 2825 cum

2103 2879 2318 2934 Orcinis
2373 2875 2667 2947 spiritibus
2725 2873 2968 2942 reliquit.
3029 2870 3217 2937 Itaque
3253 2873 3308 2921 et
3368 2863 3537 2917 David
3596 2864 3677 2916 sic

2104 2971 2333 3027 eII'atur:
2359 2989 2378 3022 ι
2405 2970 2806 3024 Convertantur
2825 2973 3139 3035 peccatores
3165 2963 3218 3014 in
3238 2960 3530 3018 infernum,
3557 2971 3671 3010 ont-

2107 3076 2202 3117 nes
2251 3071 2459 3132 gentes,
2511 3074 2630 3129 qua:
2665 3056 3060 3112 obliviscuntur
3109 3051 3277 3106 Deum
3309 3051 3375 3104 ”.
3419 3069 3438 3102 ι
3482 3049 3548 3102 Ει
3582 3062 3680 3113 per

2106 3153 2442 3208 Ezechielem
2463 3150 2691 3204 mortuis
2720 3149 2795 3202 ait
2815 3146 2986 3202 Deus:
3020 3164 3039 3197 ι
3063 3145 3203 3200 Ecce
3232 3157 3332 3212 ego
3362 3141 3546 3211 aperio
3569 3153 3680 3192 me-

2107 3245 2312 3300 morias
2354 3254 2566 3299 vestras
2609 3258 2624 3296 :
2671 3249 2724 3296 et
2772 3241 3027 3294 reducam
3061 3250 3158 3291 vos
3191 3235 3257 3289 de
3291 3233 3554 3301 sepulcris
3587 3244 3688 3283 veo-

2108 3337 2255 3400 stris,
2297 3333 2490 3404 popule
2549 3331 2642 3397 mi,
2702 3339 2758 3385 et
2810 3329 3150 3383 introducam
3206 3340 3304 3381 vos
3362 3323 3414 3377 in
3475 3331 3680 3376 terram

2109 3427 2270 3482 Israel
2298 3443 2312 3493 ;
2349 3434 2403 3481 et
2436 3423 2781 3496 cognoscetis
2812 3420 3066 3491 quoniam
3097 3431 3197 3487 ego
3248 3430 3370 3471 sum
3419 3412 3685 3468 Dominus

2110 3530 2311 3582 vester,
2348 3532 2469 3573 cum
2488 3528 2750 3586 aperuero
2775 3511 3016 3581 sepulcra
3049 3518 3252 3572 vestra,
3277 3516 3334 3560 ut
3361 3506 3586 3561 educam
3619 3505 3687 3556 de

2111 3610 2374 3681 sepulcris
2416 3607 2671 3678 populum
2725 3616 2942 3667 meum;
2986 3609 3041 3654 et
3066 3598 3203 3653 dabo
3229 3596 3477 3664 spiritum
3509 3607 3686 3648 meum

2113 3707 2166 3760 in
2208 3702 2358 3756 vobis
2384 3708 2438 3753 et
2476 3698 2668 3767 vivetis
2717 3694 2784 3750 ³⁸.
2821 3713 2839 3746 ι
2879 3692 3018 3759 Quin
3064 3701 3120 3746 et
3149 3688 3272 3744 Orci
3304 3686 3687 3753 direptionem,

2114 3804 2169 3848 et
2207 3791 2520 3846 vastitatem
2583 3784 2888 3855 praevidens
2946 3782 3149 3836 clamat
3188 3777 3356 3832 David
3411 3792 3428 3830 :
3489 3793 3508 3827 ι
3547 3776 3693 3829 Dcus

2113 3894 2360 3940 conteret
2390 3885 2581 3937 dentes
2616 3892 2804 3934 eorum
2843 3877 2897 3930 in
2937 3889 3032 3932 ore
3066 3877 3305 3944 ipsorum
3334 3889 3348 3927 :
3385 3870 3554 3924 molas
3581 3867 3692 3920 leo-

2117 3991 2244 4033 num
2276 3972 2582 4042 confringet
2608 3970 2873 4026 Dominus
2903 3965 2973 4022 ".
3013 3983 3031 4017 ι
3073 3963 3142 4019 Ει
3172 3964 3273 4019 Job
3302 3979 3316 4017 :
3353 3980 3372 4013 ι
3405 3959 3547 4024 Tibi,
3583 3957 3695 4012 Do-

2117 4065 2289 4130 mine,
2317 4060 2639 4132 aperiuntur
2690 4065 2835 4110 metu
2887 4064 3058 4123 porta:
3091 4051 3302 4115 mortis,
3337 4057 3391 4104 et
3435 4047 3697 4101 ianitores

2119 4156 2322 4212 inferni
2354 4154 2600 4207 videntes
2625 4161 2676 4204 te
2698 4150 2997 4205 timuerunt
3034 4146 3076 4201 ¹.
3113 4163 3132 4197 ι
3168 4142 3378 4200 Isaias:
3414 4158 3433 4192 ι
3465 4139 3697 4194 Domine

2121 4244 2626 4317 Deus,gloriﬁcabo
2661 4252 2734 4307 te,
2792 4238 3029 4295 laudabo
3068 4250 3263 4292 nomen
3323 4243 3499 4298 tuum,
3555 4243 3698 4300 quo-

2122 4345 2268 4400 niam
2302 4338 2488 4396 fecisti
2540 4332 2911 4396 admirabilia,
2952 4329 3242 4386 consilium
3292 4325 3575 4394 antiquum
3605 4337 3702 4378 ve-

449 4426 646 4482 οιίοηίε
681 4424 1101 4491 disputauit”!!!
1135 4434 1535 4488 convertimus.
1558 4438 1620 4477 ac
1659 4439 1876 4478 rursum
1909 4439 2018 4479 0m
2049 4428 2244 4489 Drum
2279 4450 2292 4486 :
2325 4430 2451 4501 quia
2481 4427 2711 4500 posuisti
2749 4424 2996 4479 civitates
3029 4421 3082 4474 in
3113 4418 3430 4478 tumultum.
3451 4415 3701 4468 civitates

451 4522 664 4579 caeteris
691 4523 942 4578 omnibus
971 4522 1237 4575 .Davidem
1270 4528 1721 4590 contemplemur.

1037 4630 1269 4687 CAPUT
1323 4631 1432 4686 L'X.

702 4722 782 4777 De
809 4722 1004 4777 Christi
1034 4739 1066 4776 a
1113 4724 1336 4776 mortuis
1363 4725 1759 4778 resurrectione.

531 4829 551 4863 ι
583 4809 662 4865 Tu
691 4824 994 4879 exsurgens
1046 4809 1580 4876 tuisereheris'Sion,
1637 4811 1763 4880 quia
1816 4818 2029 4877 tempus

459 4899 756 4956 miserendi
789 4900 931 4970 ejus,
967 4901 1095 4970 quia
1146 4903 1294 4955 venit
1333 4910 1564 4970 tempus.
1621 4918 1640 4952 ι
1675 4899 1740 4954 Et
1781 4899 1978 4954 ibidem
2011 4916 2024 4950 :

466 5011 486 5046 ι
525 4991 840 5048 Εαίῢοιιὶιὶι
872 4992 1134 5048 Dominus
1165 4993 1322 5059 Sion,
1353 5002 1407 5048 et
1451 4993 1725 5046 videbitur
1772 4991 1826 5045 in
1860 4990 2030 5060 gloria

458 5099 560 5140 sua
589 5101 603 5137 :
651 5084 888 5152 respexit
922 5084 975 5138 in
1005 5085 1305 5139 orationem
1337 5083 1642 5137 Itumilium.
1681 5101 1700 5133 ι
1743 5080 2033 5148 Quorum?

461 5172 564 5239 Qui
594 5173 664 5228 ob
693 5171 899 5242 ﬂagitia
932 5172 1249 5241 mancipati,
1281 5171 1463 5224 divina
1487 5169 1868 5222 misericordia
1900 5179 2034 5234 opus

465 5264 686 5336 habent.
756 5285 776 5318 ι
811 5263 879 5321 Ει
901 5281 1008 5320 non
1040 5263 1247 5334 sprevit
1290 5275 1506 5330 precem
1526 5275 1721 5314 eorum
1746 5258 1818 5312 ‘”.
1854 5277 1872 5310 ι
1925 5258 2034 5311 Ne-

533 5429 581 5461 "
613 5425 775 5482 IIebr.
806 5443 889 5494 ιιι,
924 5428 1012 5480 17.
1087 5425 1130 5458 ⁸⁰
1155 5423 1312 5478 Joan.
1342 5439 1414 5488 vr,
1484 5422 1572 5478 56.

463 5500 515 5532 ⁸⁵
537 5497 669 5552 Luc.
708 5513 748 5560 ι,
779 5497 867 5550 78.
942 5497 988 5528 "
1013 5495 1114 5549 Isa.
1158 5511 1269 5560 xw,
1298 5494 1350 5548 Ii.

467 5571 514 5602 “
540 5567 732 5620 Matth.
775 5582 921 5630 xxvi,
970 5565 1062 5619 “26.
1159 5567 1204 5596 "
1230 5566 1358 5619 ibid.
1385 5579 1555 5629 xxvu,
1581 5567 1672 5618 28.

471 5652 620 5701 xxvi,
651 5637 735 5691 I9.
837 5637 879 5667 "
905 5637 1046 5691 Pal.
1081 5651 1155 5704 Ix,
1186 5634 1273 5688 I8.

468 5710 501 5762 -1
546 5721 698 5775 seqq.

1676 5423 1720 5455 ⁸²
1765 5421 1865 5477 Isa.
1913 5438 1986 5484 xu,
2033 5421 2117 5476 I7.

1465 5495 1510 5526 ⁸⁷
1557 5493 1787 5548 Zachar.
1837 5509 1952 5555 vrtt,
1980 5493 2068 5545 22.

1777 5563 1820 5596 ”
1849 5564 1991 5616 Paul.
2018 5577 2087 5624 Cl,
2119 5560 2304 5614 14-18.

1369 5637 1413 5670 ⁸⁸
1441 5635 1637 5690 Ezech.
1674 5651 1878 5698 XXXVII,
1920 5635 2006 5697 12,
2042 5633 2123 5687 15.

2126 4526 2383 4589 munitas,
2411 4532 2470 4577 ut
2499 4520 2766 4577 caderent
2800 4515 3158 4570 fundamenta
3185 4525 3402 4572 earum,
3449 4507 3698 4564 civitates

2121 4615 2422 4684 impiorum
2458 4612 2513 4665 in
2555 4618 2820 4663 aeternum
2855 4606 3213 4658 vastabuntur
3240 4619 3254 4655 :
3285 4609 3572 4670 propterea
3606 4596 3702 4650 be-

2130 4711 2345 4764 nedicet
2374 4706 2472 4760 tibi
2509 4703 2740 4774 populus
2775 4714 3010 4770 .pauper,
3045 4709 3101 4752 et
3139 4695 3388 4750 civitates
3419 4691 3702 4746 hominum

2133 4803 2390 4874 injuriam
2421 4797 2838 4862 sustinentium,
2875 4802 2928 4848 te
2976 4791 3305 4846 timentium.
3355 4786 3523 4841 Fuisti
3560 4785 3705 4840 enim

2136 4894 2282 4956 omni
2312 4890 2520 4947 civitati
2553 4887 2740 4941 humili
2786 4884 3078 4938 auxiliator
3102 4882 3143 4936 ¹.
3180 4899 3198 4932 ι
3246 4879 3461 4948 Itnpios,
3492 4877 3705 4945 Opinor,

2136 4989 2406 5064 daamones
2467 4989 2646 5046 vocat,
2713 4977 2906 5048 oppida
2958 4973 3190 5039 munita,
3233 4972 3358 5024 Orci
3411 4969 3613 5039 regiam
3653 4977 3711 5022 ct

2139 5062 2331 5131 mortis
2355 5071 2668 5137 domicilia;
2692 5087 2720 5124 a
2742 5069 2944 5140 quibus
2971 5067 3181 5130 inopes,
3208 5076 3261 5118 et
3282 5080 3385 5118 non
3409 5062 3711 5132 plenissimi

2139 5169 2384 5224 moribus
2439 5181 2562 5221 cum
2619 5165 2819 5219 virtute
2867 5159 3172 5230 conjunctis
3212 5155 3597 5212 detinebantur
3650 5166 3716 5206 ac

2138 5255 2575 5326 possidebantur.
2613 5251 2807 5322 Inopes
2838 5252 2982 5306 enim
3003 5259 3343 5304 sunt-omnes
3382 5245 3474 5315 qui
3499 5242 3717 5297 virtutis

2211 5419 2256 5450 ⁸*
2283 5417 2387 5473 Isa.
2417 5433 2526 5482 xvi,
2551 5417 2605 5471 I.
2678 5413 2723 5446 ⁸³
2749 5413 2906 5468 Joan.
2931 5426 3044 5476 xrv,
3074 5410 3164 5482 ξι).
3214 5405 3456 5482 A_°‘_Isa.
3504 5401 3718 5482 xv:,__§.

2169 5490 2212 5520 ⁸⁸
2241 5491 2370 5543 ibid.
2404 5473 2525 5551 xm,
2551 5488 2607 5540 ’2.
2717 5486 2762 5516 ⁸³
2790 5485 2893 5537 Isa.
2918 5473 3052 5546 ινιι,
3084 5481 3134 5534 7.
3209 5477 3258 5510 ⁸ο
3305 5476 3464 5530 Joan.
3513 5491 3586 5534 vr.
3625 5473 3716 5526 56.

2169 5560 2304 5612 i-IS.
2398 5558 2595 5612 "ibid.
2627 5555 2712 5609 I9.
2816 5554 2861 5585 ⁸⁵
2893 5552 3033 5606 Psal.
3080 5564 3301 5612 Lxxxtv,
3353 5548 3435 5601 I6.
3540 5545 3585 5575 “
3611 5541 3716 5597 Isa.

2222 5575 2304 5612 Ιδ.
2400 5575 2595 5612 "IDIu.
2627 5575 2712 5609 ιθ.
2818 5575 2860 5585 ’⁷
2893 5575 3033 5606 I'sat.
3080 5575 3301 5612 ιιιιιιν,
3353 5575 3435 5601 ιν.
3613 5575 3716 5597 ωηο

2222 5633 2266 5662 θ’
2306 5629 2448 5684 Psal.
2487 5643 2644 5695 LVIII,
2674 5627 2724 5679 7.
2830 5621 2972 5677 'Job
3017 5635 3223 5683 xxxvii,
3267 5621 3321 5674 7.
3421 5613 3566 5669 'lsa.
3606 5629 3720 5678 xxi,
