4042 6386
334 372 440 440 939

1419 376 1807 440 DIALOGUS
1834 372 2140 439 CONTRA
2171 378 2501 445 JUDAEOS.

1384 0 3467 25 -..-..-;ςέεςεει-.-.η.ξεΞΞ;------------σ--ε--σ--*--“τᾼᾼᾼί

3476 378 3581 444 910

330 502 463 557 opes
492 500 601 543 non
622 485 891 544 obtinent.
919 485 1290 559 Itaque'vates
1316 489 1767 561 gratulabundus,
1795 500 1900 541 non
1929 488 1977 544 Δ
2005 488 2280 560 desuper:
2317 504 2372 549 et
2399 491 2621 564 spiritus
2654 507 2761 549 non
2777 501 2894 548 erat
2913 492 2964 546 in
2982 491 3083 548 eis.
3104 491 3171 546 Et
3193 490 3330 546 dixit
3358 489 3428 546 ad
3456 505 3544 547 me
3562 508 3581 547 :

331 579 473 636 Orco
517 579 690 635 solum
728 595 757 634 a
808 578 1026 636 Christo
1055 580 1291 650 direpto,
1352 582 1447 637 sed
1500 581 1663 636 etiam
1716 577 1904 633 muni-

334 668 531 722 mentis
557 666 676 735 ejus
708 665 953 722 funditus
988 668 1222 733 eversis,
1247 667 1363 723 ait:
1412 687 1431 720 r
1468 665 1643 722 Fuisti
1677 665 1908 721 auxilia-

340 769 427 813 tor
460 758 608 813 omni
643 757 852 812 civitati
889 758 1102 825 humili,
1137 778 1156 811 ι
1189 759 1242 814 id
1272 768 1375 823 est,
1412 758 1605 813 animae
1636 758 1904 823 contritae,

336 851 476 920 quod
544 857 597 904 et
652 848 820 902 David
877 850 1161 918 proiitetur
1216 863 1231 903 :
1294 869 1313 902 ι
1349 836 1459 905 Cor
1511 848 1801 903 contritum
1854 854 1908 901 et

338 939 703 1003 humiliatum,
723 938 885 1004 Deus,
909 951 1014 992 non
1046 937 1311 1007 despicies
1334 941 1378 992 ³.
1399 956 1418 990 ›
1442 936 1574 991 Nam
1593 936 1811 992 Christo
1839 935 1905 987 ad

339 1030 544 1083 inferos
568 1029 960 1095 descendente,
995 1043 1101 1083 non
1132 1038 1449 1084 sanctorum
1474 1030 1669 1083 anima:
1697 1035 1907 1081 tantum

336 1117 581 1174 liberatae
608 1127 735 1171 sunt
770 1118 913 1183 inde,
950 1120 1045 1173 sed
1076 1132 1267 1173 omnes
1291 1119 1426 1173 adeo
1449 1118 1604 1188 prius
1624 1117 1678 1171 in
1706 1113 1908 1172 diaboli

335 1224 543 1271 errore,
580 1217 635 1263 et
670 1208 1093 1262 simulacrorum
1120 1208 1266 1261 cultu
1309 1208 1631 1263 servitutem
1665 1209 1909 1262 servien-

336 1313 442 1369 tes,
470 1301 615 1356 aucti
645 1300 921 1370 agnitione
946 1298 1062 1366 Dei,
1120 1300 1351 1355 salutem
1414 1310 1542 1355 sunt
1591 1300 1902 1355 consecuti:

336 1409 505 1461 quare
546 1404 599 1448 et
631 1393 832 1465 gratias
861 1395 1111 1462 agebant,
1139 1390 1308 1447 Deum
1355 1391 1662 1447 laudantes.
1697 1390 1817 1448 Jam
1852 1402 1909 1448 et

337 1485 437 1538 Dei
469 1484 649 1540 Patris
676 1499 775 1554 per
801 1483 1023 1549 Isaiam,
1052 1482 1167 1538 haec
1200 1491 1328 1538 sunt
1356 1484 1421 1538 ad
1461 1481 1658 1541 Filium
1685 1486 1850 1539 verba
1891 1502 1904 1538 :

340 1593 361 1628 ι
398 1575 665 1645 Tempore
713 1587 935 1644 accepto
967 1575 1219 1631 exaudivi
1268 1583 1342 1640 te,
1376 1583 1432 1631 et
1477 1577 1532 1630 in
1579 1576 1667 1630 die
1715 1574 1910 1631 salutis

334 1670 627 1724 auxiliatus
648 1684 765 1723 sum
798 1669 911 1737 tui;
940 1678 989 1724 et
1025 1669 1145 1724 dedi
1172 1676 1226 1725 te
1263 1668 1320 1724 in
1362 1676 1744 1723 testamentum
1781 1683 1911 1737 gen-

290 1770 297 1775 ‘
339 1764 499 1824 tium,
533 1770 589 1815 ut
619 1761 981 1815 constitueres
1010 1768 1234 1825 terram,
1258 1769 1313 1817 et
1336 1759 1645 1833 possideres
1674 1758 1910 1814 haeredi-

2012 579 2286 652 Propheta
2317 599 2482 655 super
2502 586 2773 654 spiritum,
2797 586 3085 655 propheta,
3120 585 3193 640 lili
3223 584 3483 648 hominis,
3520 593 3577 638 et

2012 672 2099 727 dic
2129 673 2343 742 spiritui
2379 695 2391 730 :
2427 674 2553 733 Haec
2582 678 2714 733 dicit
2744 679 3006 732 Dominus
3033 698 3047 734 :
3077 678 3123 753 AA
3153 686 3386 746 quatuor
3418 676 3583 746 spiri-

2012 760 2156 818 tibus
2191 764 2303 834 (48)
2344 765 2489 828 veni,
2541 773 2595 820 et
2655 764 2867 822 insuﬂla
2924 766 2978 820 in
3026 776 3271 822 mortuos
3314 766 3447 819 istos
3474 802 3490 829 ,
3526 773 3583 820 et

2012 853 2215 910 vivant.
2250 854 2316 908 Et
2361 855 2703 925 prophetavi,
2740 857 2882 911 sicut
2934 866 3267 927 praeceperat
3319 857 3474 911 mihi.
3517 856 3585 910 Et

2010 944 2296 1016 ingressus
2329 946 2383 999 in
2413 961 2508 1001 eos
2536 954 2621 1002 est
2652 947 2914 1016 spiritus;
2943 957 2997 1003 et
3032 947 3292 1003 vixerunt
3319 986 3335 1013 ,
3382 958 3436 1001 et
3470 956 3583 1000 ste-

2011 1045 2195 1090 terunt
2250 1037 2303 1090 in
2356 1038 2586 1107 pedibus
2619 1039 2756 1104 suis,
2793 1040 3151 1108 congregatio
3195 1039 3363 1092 multa
3400 1038 3584 1091 nimis.

2010 1123 2077 1179 Et
2105 1124 2322 1197 locutus
2352 1136 2440 1183 est
2472 1126 2735 1182 Dominus
2758 1127 2825 1181 ad
2854 1142 2960 1193 me,
2991 1128 3180 1183 dicens
3209 1146 3221 1182 :
3272 1126 3375 1181 Fili
3412 1127 3587 1180 homi-

2009 1216 2119 1281 nis,
2170 1231 2294 1272 ossa
2342 1218 2458 1273 haec
2506 1217 2684 1273 omnis
2737 1218 2931 1273 domus
2975 1216 3143 1272 Israel
3178 1228 3263 1273 est
3310 1235 3324 1272 :
3385 1226 3438 1271 et
3485 1218 3587 1284 ipsi

2016 1306 2208 1360 dicunt
2240 1322 2255 1361 :
2292 1305 2457 1361 Arida
2505 1306 2646 1361 facta
2682 1316 2810 1363 sunt
2855 1321 2978 1362 ossa
3018 1316 3229 1373 nostra,
3264 1306 3425 1376 periit
3461 1320 3590 1373 spes

2014 1406 2222 1463 nostra,
2270 1398 2653 1455 dissonuimus.
2687 1399 2979 1465 Propterea
3012 1399 3333 1461 valicinare,
3362 1408 3416 1453 et
3453 1398 3541 1452 dic
3570 1414 3585 1450 :

2015 1484 2144 1542 Haec
2195 1487 2328 1543 dicit
2379 1488 2639 1544 Dominus
2689 1506 2705 1546 :
2754 1488 2897 1544 Ecce
2927 1503 3027 1559 ego
3070 1490 3259 1559 aperio
3295 1489 3591 1543 memorias

2024 1586 2235 1631 vestras
2272 1594 2285 1631 :
2318 1584 2371 1631 et
2422 1577 2678 1632 reducam
2721 1593 2816 1633 vos
2848 1580 2911 1632 de
2943 1578 3209 1648 sepulcris
3242 1578 3461 1642 vestris,
3492 1592 3593 1644 po-

2020 1667 2145 1737 pule
2180 1669 2277 1735 mi,
2325 1678 2380 1724 et
2410 1669 2753 1723 introducam
2800 1685 2898 1723 vos
2933 1670 2985 1723 in
3022 1677 3226 1723 terram
3274 1669 3443 1723 Israel
3486 1668 3528 1722 '.
3567 1687 3589 1721 ι

2012 1755 2125 1812 IIoc
2148 1756 2450 1813 Ezechielis
2462 1758 2782 1813 vaticinium
2797 1759 3157 1827 complevisse
3181 1774 3362 1813 meum
3386 1757 3595 1826 Iesum,

335 1861 476 1906 tates
506 1852 749 1907 desertas
772 1850 816 1918 ⁵,
850 1870 868 1903 ›
907 1867 1005 1921 per
1034 1853 1277 1907 desertas
1310 1828 1655 1907 himreditates
1707 1850 1910 1905 inferos
1943 1828 1988 1887 Β
2015 1846 2177 1902 docet
2222 1848 2557 1919 evangelista
2611 1848 2663 1903 in
2706 1847 2822 1902 haec
2872 1847 3036 1902 verba
3068 1867 3081 1903 :
3124 1867 3143 1900 ι
3181 1848 3249 1902 Ει
3292 1863 3418 1903 ecce
3450 1857 3595 1902 terra

333 1941 649 2009 significans
675 1981 690 2007 ,
726 1955 860 2011 quos
892 1940 1112 1996 omnino
1142 1942 1385 1996 desertos
1417 1950 1578 2010 atque
1606 1949 1791 1995 vastos
1818 1940 1914 1995 ha-

336 2031 461 2086 buit
490 2032 762 2086 Chrisws.
818 2031 957 2097 Quin
998 2043 1058 2087 ut
1089 2033 1391 2088 orationem
1423 2032 1761 2103 exploratam
1791 2031 1916 2087 red-

338 2124 518 2191 deret,
556 2123 875 2193 subjungit:
915 2141 933 2176 ι
968 2124 1161 2179 Dicens
1195 2124 1280 2179 his
1304 2124 1396 2194 qui
1429 2125 1481 2179 in
1506 2124 1739 2179 vinculis
1764 2134 1913 2191 sunt,

335 2217 537 2285 Exite;
570 2225 623 2273 et
660 2218 748 2273 bis
802 2218 895 2288 qui
938 2219 990 2272 in
1045 2219 1307 2286 tenebris,
1360 2228 1420 2273 ut
1460 2219 1767 2275 revelentur
1810 2219 1855 2274 ³.
1892 2237 1911 2271 ι

334 2306 513 2364 Oseas
540 2309 709 2375 addit,
734 2318 990 2380 tanquam
1027 2325 1086 2364 se
1112 2310 1464 2365 hortarentur
1492 2320 1550 2366 et
1580 2310 1919 2379 impellerent

335 2400 579 2455 invicem
631 2401 877 2456 dicentes
910 2417 923 2454 :
979 2419 998 2452 ι
1021 2401 1221 2457 Eamus
1257 2410 1313 2457 et
1349 2410 1685 2457 revertamur
1715 2404 1781 2456 ad
1815 2402 1920 2456 Do-

338 2493 545 2547 minutn
579 2491 742 2545 Deum
784 2502 1049 2558 nostrum,
1095 2494 1222 2563 quia
1259 2494 1375 2564 ipse
1410 2493 1540 2548 fecit
1578 2509 1676 2549 nos
1710 2503 1765 2550 et
1796 2509 1921 2548 san-

334 2583 602 2639 ctificabit
632 2599 730 2638 nos
758 2594 878 2654 post
899 2585 1014 2639 dies
1030 2585 1164 2639 duos
1186 2586 1227 2639 ⁸.
1253 2605 1271 2638 ι
1296 2584 1520 2640 Sentitis
1556 2587 1871 2656 pr0phetam
1898 2586 1923 2640 ?

333 2675 588 2731 Primum
634 2676 871 2731 divinam
906 2686 1156 2731 naturam
1185 2675 1416 2731 innuens
1442 2676 1557 2731 ait:
1597 2695 1616 2729 ‹
1648 2676 1769 2745 Ipse
1796 2676 1925 2732 fecit

336 2780 449 2821 nos
486 2785 501 2821 :
539 2785 557 2818 ι
592 2774 704 2820 tum
736 2776 915 2821 autem
938 2767 1274 2835 corporalem
1297 2766 1752 2823 Christi'mortem
1785 2782 1923 2837 prte-

335 2858 560 2927 sagiens
588 2875 603 2911 :
637 2875 656 2909 r
681 2856 811 2911 Post
829 2857 963 2914 duos
998 2858 1133 2923 dies,
1152 2858 1344 2926 inquit,
1368 2858 1725 2913 sanetilicabit
1751 2874 1870 2927 nos,
1898 2880 1916 2912 ο

336 2948 475 3002 illud
505 2948 725 3002 omnino
749 2957 810 3002 ut
855 2947 1209 3015 praeteritum,
1248 2949 1348 3001 hoc
1396 2955 1453 3000 ut
1518 2946 1796 3014 futurum;
1830 2948 1925 3002 de-

335 3038 511 3108 nique
537 3048 596 3092 ut
631 3047 918 3107 utrumque
944 3036 1278 3101 ostenderet,
1309 3038 1567 3091 audacter
1590 3036 1777 3091 addit:
1816 3055 1834 3089 ι
1866 3034 1925 3091 1η

2018 1950 2164 1995 mota
2199 1950 2305 2003 εει,
2364 1950 2418 1995 6|.
2470 1951 2637 2010 petra:
2690 1941 2879 1996 SCISS$
2932 1951 3082 2005 Sllﬂl,
3132 1950 3187 1995 et
3240 1947 3596 1994 monumenta

2016 2042 2202 2102 aperta
2227 2040 2373 2096 sunt,
2415 2040 2469 2087 et
2499 2033 2662 2087 multa
2699 2046 2929 2101 corpora
2964 2041 3303 2094 sanctorum,
3338 2031 3429 2099 qui
3464 2030 3598 2084 dor-

2023 2125 2279 2191 mierant,
2310 2134 2684 2181 surrexerunt.
2718 2123 2783 2178 Et
2826 2136 3087 2180 exeuntes
3126 2124 3194 2179 de
3223 2120 3593 2177 monumentis

2029 2227 2153 2288 post
2196 2202 2649 2273 resurrectionem
2702 2218 2840 2287 ejus,
2901 2226 3171 2272 venerunt
3220 2217 3274 2271 in
3348 2223 3595 2270 sanctam

2019 2308 2342 2371 civitatem,
2438 2318 2494 2362 et
2571 2316 2932 2378 apparuerunt
3004 2306 3256 2362 mnhis'.
3304 2323 3323 2358 ι
3429 2303 3599 2359 Isaias

2022 2415 2243 2470 quoque
2302 2400 2596 2456 ostendens
2654 2398 3088 2470 Hierosolymam
3136 2410 3259 2469 post
3326 2399 3596 2454 excidium

2022 2509 2243 2547 rursum
2262 2492 2523 2547 illustrem
2544 2491 2806 2556 futuram,
2827 2508 3063 2557 sacram,
3084 2501 3300 2548 auctam
3323 2492 3599 2557 thesauro,

2022 2580 2117 2635 Dei
2150 2583 2382 2636 hominis
2403 2578 2530 2635 Jesu
2584 2580 2835 2650 sepulcro
2867 2621 2883 2645 ,
2935 2581 3171 2636 clamat:
3226 2600 3245 2634 ι
3276 2582 3606 2651 Aperientur

2025 2683 2193 2743 portae
2230 2683 2334 2727 tuae
2377 2687 2638 2741 semper:
2672 2674 2761 2728 die
2797 2688 2863 2728 ac
2905 2682 3065 2728 nocte
3112 2672 3217 2729 nun
3255 2674 3602 2739 claudentur,

2026 2774 2086 2820 ut
2141 2766 2488 2821 introducant
2538 2765 2605 2820 ad
2661 2776 2713 2821 te
2770 2765 3148 2821 fortitudinem
3215 2767 3496 2836 gentium,
3550 2776 3608 2820 et

2026 2873 2185 2928 reges
2215 2872 2426 2920 earnm,
2458 2857 2549 2926 qui
2600 2857 2903 2912 adducendi
2957 2866 3106 2913 sunt.
3141 2858 3342 2913 Gentes
3377 2857 3521 2911 enim
3552 2867 3610 2911 et

2026 2963 2203 3017 reges,
2236 2948 2327 3015 qui
2380 2962 2486 3002 non
2519 2948 2759 3001 servient
2816 2945 2934 3013 tibi,
2983 2947 3262 3016 peribunt,
3317 2958 3371 3000 et
3417 2956 3608 3015 gentes

2028 3038 2319 3094 solitudine
2346 3038 2735 3093 desolabuntur
2772 3038 2815 3091 ’.
2849 3056 2869 3091 ι
2921 3038 3133 3094 Videtis
3179 3049 3238 3093 ttt
3289 3039 3355 3093 de
3387 3038 3609 3093 Christo

344 3130 441 3184 die
475 3130 636 3185 tertio
669 3143 1018 3197 resurgentus
1044 3137 1099 3182 et
1141 3128 1386 3183 vivemus
1430 3142 1557 3182 cum
1591 3141 1678 3185 eo.
1718 3145 1737 3179 ι
1794 3127 1923 3182 Eze-
1950 3162 1996 3221 α
2029 3129 2347 3183 vaticinium
2381 3127 2491 3183 sit?
2521 3129 2650 3195 Qua?
2674 3129 2820 3184 enim
2853 3144 3007 3199 gens,
3040 3139 3132 3182 aut
3164 3131 3254 3196 qui
3286 3145 3380 3184 rex
3414 3127 3606 3183 Hiero-

338 3220 490 3276 cltiel
524 3220 687 3273 etiam
725 3217 1007 3273 declarans
1040 3217 1133 3272 Dei
1162 3216 1615 3285 magnitudinem,
1639 3230 1704 3271 ac
1732 3230 1923 3285 quem-

350 3309 652 3364 admodum
689 3324 784 3363 sua
821 3307 926 3362 sibi
966 3306 1207 3376 paranda
1259 3305 1663 3360 resurrectione
1697 3305 1920 3375 polleat,

346 3414 462 3455 non
496 3399 561 3454 de
583 3398 803 3454 Christo
831 3399 1012 3463 modo,
1045 3397 1140 3451 sed
1172 3396 1239 3450 de
1266 3395 1522 3450 omnibus
1553 3410 1767 3465 quoque
1800 3411 1922 3451 cum

345 3504 419 3546 eo
438 3488 596 3543 simul
617 3488 957 3544 redivivisest
976 3488 1317 3543 vaticinatus.
1339 3480 1604 3542 Caeterum
1620 3487 1709 3554 qui
1726 3487 1925 3541 multos

344 3581 619 3638 suscitare
677 3591 876 3651 potest,
940 3590 1144 3650 quanto
1182 3580 1356 3649 magis
1392 3579 1631 3648 seipsum
1684 3576 1925 3646 poterit?

351 3676 526 3743 Igitur
554 3676 754 3731 diserte
784 3676 985 3729 clamat
1014 3692 1029 3729 :
1067 3693 1084 3725 ι
1115 3672 1281 3728 Facta
1317 3680 1399 3727 est
1427 3686 1591 3740 super
1615 3686 1701 3726 me
1733 3685 1926 3725 manus

354 3766 574 3820 Domini
606 3782 621 3822 :
653 3772 709 3820 et
746 3764 930 3820 eduxit
968 3780 1052 3820 me
1084 3765 1136 3818 in
1186 3764 1379 3834 spiritu
1408 3762 1622 3817 Domini
1656 3772 1711 3817 et
1748 3762 1929 3832 posuit

349 3872 443 3911 Ille
477 3856 529 3910 in
563 3856 739 3911 medio
767 3856 945 3924 campi
976 3872 989 3908 :
1023 3864 1076 3909 et
1096 3856 1195 3923 hic
1219 3864 1338 3909 erat
1362 3854 1554 3925 plenus
1598 3853 1803 3908 ossium
1830 3854 1930 3908 ho-

351 3947 565 4002 minum
593 3964 606 4000 :
639 3957 691 4000 et
723 3945 1088 3999 circumduxit
1120 3959 1204 3998 me
1233 3958 1398 4013 super
1426 3958 1486 3997 ea
1519 3957 1615 4012 per
1643 3957 1830 4012 gyrum
1874 3942 1929 3998 in

353 4038 592 4094 circuitu
626 4053 639 4089 :
673 4045 729 4091 et
762 4050 889 4091 ecce
917 4036 1084 4089 multa
1115 4035 1280 4090 nimis
1315 4050 1476 4101 super
1503 4033 1698 4088 faciem
1728 4034 1927 4103 campi,

355 4128 510 4182 arida
548 4126 921 4181 vehementer.
981 4125 1046 4180 Et
1076 4125 1214 4179 dixit
1249 4124 1312 4178 ad
1364 4138 1451 4178 me
1482 4141 1496 4179 :
1530 4122 1632 4179 Fili
1672 4123 1928 4189 hominis,

355 4219 406 4275 si
438 4218 620 4276 virent
650 4234 772 4272 ossa
812 4217 968 4271 hrec?
997 4216 1060 4270 Et
1081 4218 1188 4271 dixi
1234 4235 1247 4271 :
1285 4216 1529 4277 Domine,
1580 4216 1829 4281 Domine,
1874 4225 1931 4271 tu

358 4312 503 4365 nosti
534 4310 667 4365 haec.
703 4309 770 4364 Et
793 4310 928 4363 dixit
953 4310 1019 4362 ad
1048 4323 1130 4363 me
1162 4325 1175 4361 :
1212 4307 1309 4361 Fili
1358 4307 1616 4373 hominis,
1670 4308 1931 4378 propheta

358 4418 527 4471 super
559 4417 677 4457 ossa
712 4403 813 4455 ista
854 4417 867 4465 ;
901 4410 955 4455 et
986 4400 1135 4473 dices
1168 4399 1249 4455 eis
1290 4416 1304 4453 :
1337 4397 1472 4455 Ossa
1522 4401 1699 4466 arida,
1751 4400 1935 4455 audite

2027 3220 2247 3290 selymae
2278 3218 2521 3285 servivit,
2551 3228 2645 3273 aut
2673 3218 2899 3288 supplex
2932 3217 3169 3273 accidit?
3223 3217 3386 3272 Addit
3423 3234 3438 3272 :
3480 3235 3499 3269 ‹
3540 3216 3609 3272 Et

2026 3310 2197 3381 gloria
2252 3308 2445 3363 Libani
2472 3309 2537 3362 ad
2578 3318 2629 3364 te
2658 3308 2839 3364 veniet
2864 3308 2919 3362 in
2945 3308 3245 3379 cyparisso,
3276 3318 3331 3362 et
3370 3310 3519 3378 pino,
3551 3317 3611 3363 et

2026 3400 2187 3455 cedro
2210 3397 2391 3458 simul,
2427 3407 2485 3451 ut
2520 3396 2856 3467 gloriﬁcetur
2888 3397 3041 3451 locus
3076 3404 3299 3451 sanctus
3334 3411 3522 3450 meus:
3554 3404 3610 3450 et

2028 3492 2206 3547 locum
2248 3490 2446 3560 pedum
2485 3503 2728 3546 meorum
2776 3488 3094 3559 gloriﬁcaho
3123 3487 3191 3542 ¹⁰.
3225 3506 3243 3538 ι
3287 3486 3601 3552 Explicato,

2028 3583 2169 3654 quod
2196 3581 2568 3651 Hierosolyma
2612 3588 2880 3645 maneret,
2913 3579 3201 3644 beneflcio,
3233 3579 3409 3649 aperit
3433 3587 3488 3633 et
3514 3594 3611 3633 au-

2029 3684 2275 3738 ctorem;
2312 3673 2466 3744 quasi
2512 3673 2718 3727 diceret
2759 3690 2774 3726 :
2816 3671 2952 3727 Cum
2992 3672 3044 3726 in
3084 3670 3211 3739 pino
3242 3680 3297 3726 et
3324 3671 3512 3734 cedro,
3543 3686 3609 3725 ae

2029 3782 2307 3838 cupresso,
2361 3782 2426 3821 ex
2474 3765 2670 3836 quibus
2718 3764 2979 3819 fabricata
3051 3772 3170 3818 erat
3221 3778 3379 3828 crux,
3438 3762 3606 3817 Deum

2033 3858 2303 3914 hominem
2322 3856 2503 3911 Jesum
2528 3855 2795 3922 videritis,
2817 3863 2925 3908 tum
2949 3855 3015 3909 ab
3039 3869 3106 3910 eo
3120 3856 3234 3910 bare
3258 3854 3437 3909 omnia
3460 3854 3610 3908 ﬁent.

2029 3953 2106 4005 Ae
2140 3950 2317 4003 videte
2346 3948 2683 4016 superiorum
2714 3962 2781 4002 ex
2830 3945 2896 4000 iis
2947 3961 3066 4014 quae
3114 3953 3445 4015 sequuntur,
3488 3960 3614 4000 sen-

2034 4042 2253 4097 tentiam
2290 4057 2303 4093 :
2347 4057 2365 4090 t
2396 4037 2461 4091 Et
2507 4038 2661 4092 ibunt
2688 4037 2753 4091 ad
2782 4046 2835 4092 te
2866 4037 3120 4091 timentes
3146 4035 3237 4088 ﬁlii
3270 4050 3483 4097 eorum,
3518 4036 3611 4104 qui

2034 4143 2085 4189 te
2114 4132 2534 4187 bnmiliaverunt
2556 4131 2620 4182 ”.
2657 4149 2675 4181 ι
2706 4127 3011 4197 intelligitis
3048 4134 3357 4181 accuratam
3382 4127 3615 4196 prophe-

2037 4233 2103 4277 ta:
2125 4221 2496 4293 diligentiam?
2516 4218 2649 4273 Nam
2674 4219 2815 4287 quod
2838 4218 2991 4283 dicit,
3012 4217 3321 4287 huiusmodi
3346 4225 3430 4273 est
3458 4234 3471 4270 :
3509 4217 3618 4271 Ro-

2034 4330 2337 4378 manorum,
2368 4313 2523 4383 quite
2542 4310 2745 4382 pridem
2766 4310 3095 4373 amixerttnt,
3114 4311 3337 4378 posteri,
3360 4307 3620 4363 formido-

2036 4408 2138 4463 losi
2164 4422 2226 4462 ac
2248 4413 2543 4461 trementes
2560 4405 2715 4458 modo
2730 4402 2795 4457 ad
2816 4414 2867 4458 te
2879 4401 3171 4458 conﬂuent.
3199 4420 3216 4453 ι
3229 4400 3295 4454 Ει
3313 4400 3619 4456 adorabunt

356 4493 586 4549 verbum
620 4492 853 4547 Domini.
914 4490 1040 4546 Haec
1071 4490 1203 4545 dicit
1232 4490 1489 4547 Dominus
1517 4492 1738 4547 ossibus
1769 4491 1890 4548 istis
1918 4510 1931 4547 :
1967 4501 2011 4557 D
2041 4497 2263 4567 vestigia
2294 4494 2490 4565 pedum
2535 4503 2747 4547 tuorum
2773 4533 2788 4558 ,
2825 4492 2919 4561 qui
2954 4490 3319 4546 detrahebant
3364 4488 3477 4557 (49)
3517 4488 3615 4543 tibi

361 4583 505 4639 Ecce
534 4597 634 4652 ego
666 4582 833 4635 affero
863 4596 1026 4651 super
1073 4596 1171 4637 vos
1217 4582 1470 4649 spiritum
1522 4583 1683 4649 vitae,
1716 4592 1771 4639 et
1798 4583 1938 4639 dabo

360 4690 531 4745 super
561 4688 656 4728 vos
681 4688 901 4736 nervos,
934 4681 989 4728 et
1012 4671 1261 4727 inducam
1297 4688 1461 4742 super
1488 4688 1584 4729 vos
1611 4688 1852 4740 carnem,
1887 4683 1941 4729 et

362 4769 655 4822 extendam
684 4782 843 4835 super
869 4782 965 4821 vos
992 4766 1210 4835 pellem,
1239 4774 1293 4821 et
1320 4766 1461 4820 dabo
1485 4767 1733 4836 spiritum
1759 4779 1938 4819 meum

362 4858 417 4911 in
460 4856 645 4912 vobis:
681 4867 736 4910 et
764 4855 955 4910 vivetis
985 4873 999 4909 :
1031 4867 1089 4910 et
1134 4856 1478 4927 cognoscetis
1517 4856 1775 4924 quoniam
1837 4870 1939 4925 ego

361 4964 486 5003 sum
521 4948 811 5002 Dominus.
841 4948 901 5001 Et
935 4948 1281 5019 prolthelavi,
1315 4949 1456 5003 sicut
1490 4948 1746 5017 praecepit
1779 4948 1933 5002 mihi.

367 5040 433 5093 Et
481 5040 623 5093 facta
670 5048 756 5093 est
800 5055 928 5105 vox,
968 5055 1088 5092 cum
1124 5055 1224 5109 ego
1246 5040 1663 5107 prophetarem;
1713 5050 1768 5093 et
1810 5054 1937 5095 ecce

368 5130 669 5184 commotio
701 5148 714 5184 :
754 5138 807 5181 et
835 5130 1166 5185 accedebant
1202 5145 1327 5185 ossa
1359 5130 1590 5184 invicem
1631 5130 1696 5183 ad
1721 5128 1937 5196 junctu-

366 5236 485 5273 ram
524 5235 699 5276 suatn.
745 5219 809 5272 Et
851 5221 954 5274 vidi
988 5238 1000 5274 :
1031 5230 1085 5274 et
1139 5235 1265 5275 ecce
1321 5236 1482 5289 super
1547 5235 1608 5274 ea
1664 5221 1810 5274 nervi
1885 5230 1941 5275 et

369 5330 565 5371 carnes
594 5316 911 5371 oriebantur
938 5331 954 5381 ;
992 5325 1046 5371 et
1077 5312 1630 5382 ascendebantsuper
1662 5328 1724 5368 ea
1770 5314 1938 5384 pelles

441 5520 626 5576 'Psal.
669 5536 724 5582 ι,
754 5520 840 5575 19.
914 5519 936 5550 ⁸
963 5516 1068 5572 lsa.
1096 5530 1248 5572 xm.
1278 5514 1332 5569 8.

371 5589 463 5643 52.
538 5591 559 5622 ⁹
586 5591 690 5645 lsa.
718 5606 807 5655 ιι,
829 5589 918 5655 11,
952 5588 1037 5643 12.
1119 5588 1162 5619 ⁸⁸
1189 5584 1321 5643 ibid.
1353 5585 1439 5640 I3.
1519 5587 1559 5617 ¹¹
1590 5586 1723 5642 ibid.
1751 5588 1836 5640 14.

452 5770 563 5841 (IS)
587 5769 685 5824 M4.
715 5769 987 5840 περάτων.

1406 5517 1427 5549 ⁸
1454 5514 1583 5571 ibid.
1613 5517 1668 5571 9.
1745 5517 1766 5547 ⁸
1792 5515 1918 5571 Ose.
1948 5531 2025 5578 vt,
2056 5515 2171 5569 1-5.

1406 5586 1439 5640 ἱ.
1519 5587 1559 5617 ¹¹
1590 5586 1723 5640 ibid.
1751 5588 1836 5640 14.
1918 5586 1959 5616 ¹²
1982 5586 2115 5640 ibid.

2049 4592 2124 4659 (et
2158 4586 2448 4642 irritabant
2485 4595 2535 4641 te
2565 4586 2654 4653 ¹¹).
2690 4605 2708 4636 ι
2749 4584 2883 4638 Nam
2918 4595 3029 4637 tum
3063 4583 3281 4652 quidem
3313 4580 3384 4635 ob
3413 4580 3618 4635 Christi

2044 4680 2269 4736 necandi
2293 4678 2471 4734 scelus
2506 4677 2697 4733 incolae
2745 4677 2819 4730 tui
2873 4675 3219 4743 imploratum
3246 4673 3619 4728 Romanorum

2044 4785 2329 4844 praetorem
2369 4772 2435 4824 ad
2472 4770 2741 4823 insaniam
2770 4768 2940 4839 magis
2969 4766 3341 4836 iustigarunt;
3381 4774 3437 4818 at
3472 4778 3622 4818 nunc

2044 4873 2398 4934 posteaquam
2442 4861 2567 4915 vita:
2602 4860 2808 4914 fontem
2859 4859 2913 4913 in
2961 4867 3181 4929 pectore
3232 4858 3618 4913 scaturientem

2047 4965 2200 5009 tenes
2250 4970 2265 5006 :
2331 4970 2349 5003 ‹
2385 4948 2705 5004 Adorabunt
2748 4948 2975 5019 vestigia
3033 4950 3228 5018 pedum
3280 4957 3493 5001 tuorum
3528 4946 3621 5015 qui

2048 5045 2338 5101 irritabant
2383 5051 2457 5097 te.
2515 5041 2579 5094 Et
2626 5039 2911 5094 vocaberis
2960 5039 3155 5094 civitas
3209 5038 3445 5100 Domini,
3491 5036 3619 5091 Sion

2049 5137 2227 5192 sancti
2260 5133 2423 5188 Israel
2460 5150 2474 5187 :
2507 5146 2605 5201 pro
2633 5146 2719 5197 eo,
2754 5131 2897 5199 quod
2933 5129 3079 5184 fuisti
3111 5129 3368 5183 derelicta
3416 5137 3470 5181 et
3497 5126 3622 5180 odio

2052 5228 2233 5282 habita
2278 5224 2341 5276 ".
2380 5242 2398 5275 ι
2433 5221 2728 5277 Observate
2754 5221 3142 5289 {propheticam
3179 5228 3439 5272 mentem.
3477 5216 3617 5271 Cum

2048 5320 2117 5373 ob
2153 5315 2498 5371 interfectum
2524 5312 2803 5368 Christum
2834 5312 3049 5379 captiva
3075 5327 3136 5364 ac
3174 5309 3391 5364 deserta
3427 5308 3619 5374 fueris,

2193 5511 2499 5637 “fbigjech.
2550 5523 2756 5573 xxxv",
2798 5506 2953 5560 I-I‘2.
3031 5502 3267 5558 l’blatth.
3328 5514 3498 5564 xxv“,
3527 5499 3620 5565 51,

2261 5601 2272 5637 I
2316 5599 2330 5636 l
2374 5620 2389 5634 .

2261 5599 2389 5637 IDIU.

2125 5763 2236 5829 (49)
2261 5761 2688 5828 παροξύναντας.
