4042 6396
406 305 505 371 911

368 472 377 481 κ
404 427 517 475 tum
554 413 749 469 merito
778 412 951 483 magis
981 411 1072 468 Dei
1098 414 1230 469 urbs
1256 413 1543 476 vocabere.
1576 415 1719 485 quod
1756 414 1976 471 vitalem

406 513 635 562 mortem
667 504 720 558 in
755 513 805 558 te
836 501 979 558 Deus
1006 504 1171 558 homo
1195 502 1353 559 Jesus
1378 503 1699 561 dormierit:
1731 524 1749 559 ι
1778 505 1846 560 Ει
1871 522 1979 562 non

415 607 533 653 erat
570 596 665 666 qui
705 594 1063 657 auxiliaretur
1092 595 1190 649 tibi
1221 596 1342 662 “,i
1386 606 1582 665 praeter
1612 610 1698 652 me
1746 596 1977 657 scilicet,

410 690 501 760 qui
525 689 579 744 in
613 698 665 745 te
697 702 817 745 sum
843 687 1204 743 exanimatus.
1244 706 1263 739 ι
1315 687 1383 755 Et
1428 703 1623 757 ponam
1655 697 1708 743 te
1739 687 1981 742 exsulta-

407 781 607 836 tionem
640 789 922 846 azternam,
944 779 1201 850 gaudium
1234 780 1644 849 generationum
1678 781 1982 850 generatio-

405 870 563 926 nibus
613 869 682 926 ".
715 888 734 921 ι
781 868 928 925 idem
980 878 1035 925 et
1088 869 1381 939 Deiparens
1442 868 1607 923 David
1660 871 1976 932 ostendens,

407 962 482 1017 ait
518 979 533 1017 :
572 981 590 1013 ι
624 961 737 1017 Nisi
773 960 1034 1017 Dominus
1064 963 1386 1018 custodierit
1419 961 1720 1028 civitatem,
1776 960 1974 1016 frustra

406 1053 591 1121 vigilat
644 1053 736 1122 qui
785 1052 1023 1109 custodit
1088 1066 1206 1107 eam
1246 1053 1307 1106 “.
1343 1070 1363 1103 ι
1408 1082 1473 1091 -
1526 1070 1547 1104 r
1582 1050 1648 1106 Et
1693 1065 1853 1122 suges
1896 1050 1980 1106 lac

406 1141 688 1213 gentium;
719 1159 738 1194 ι
779 1142 1210 1197 collandationen
1242 1157 1306 1198 ac
1324 1142 1482 1196 fidem
1519 1141 1799 1214 gentilium
1830 1149 1980 1195 vates

407 1234 603 1298 innuit,
644 1252 661 1284 ι
692 1241 744 1289 et
769 1232 985 1289 divitias
1016 1247 1201 1302 regum
1223 1233 1493 1289 comedes.
1528 1251 1547 1285 ι
1579 1231 1728 1303 Opus
1768 1247 1976 1304 regum,

407 1336 498 1381 aut
535 1326 603 1380 ab
639 1326 763 1381 aliis
805 1325 967 1380 allata
1023 1338 1276 1390 munera,
1326 1333 1420 1380 aut
1469 1324 1899 1380 confractionem
1926 1332 1979 1379 et

405 1415 822 1471 simulacrorum
848 1414 1169 1484 ejectionem
1216 1416 1477 1485 propheta
1513 1413 1824 1483 signiﬁcat:
1862 1430 1880 1465 r
1913 1411 1980 1469 Et

405 1507 567 1570 scies,
602 1506 725 1575 quia
753 1521 853 1577 ego
888 1506 1167 1567 Dominus,
1197 1507 1288 1577 qui
1338 1505 1485 1561 salvo
1513 1515 1587 1571 te,
1620 1514 1675 1561 et
1703 1503 1795 1574 qui
1845 1518 1979 1559 eruo

408 1609 462 1653 te
493 1600 636 1653 Deus
662 1597 830 1653 lsrael
860 1597 925 1653 ".
959 1615 977 1649 ι
1008 1626 1077 1637 -
1114 1615 1131 1649 ι
1160 1596 1607 1665 Quandoquidem
1652 1604 1761 1660 me,
1802 1594 1980 1665 inquit

406 1704 504 1758 per
532 1688 847 1753 Jeremlam,
890 1687 1174 1745 beneﬁciis
1209 1687 1388 1743 affecti
1434 1703 1538 1743 non
1581 1695 1974 1757 cognoverunt,

1639 302 2062 368 ANDRONICI
2093 303 2439 371 COMNENI

2011 460 2060 522 Δ

3484 326 3489 337 '
3556 304 3666 370 912

2086 415 2216 481 lem,
2249 414 2655 486 corruptionem
2704 422 2795 470 aut
2828 413 3197 469 interitionem
3233 414 3368 488 (49‘)
3414 418 3668 491 eﬂ‘ugisse

2084 519 2308 570 remur;
2343 505 2423 560 sin
2450 518 2545 560 vos
2581 504 2801 570 tenetis,
2835 504 3016 561 doceri
3046 505 3303 574 petimus.

2154 593 2464 652 Cunrern
2514 594 2630 650 haec
2673 595 2777 650 tria
2825 595 3116 650 humanam
3170 603 3419 651 naturam
3465 599 3665 667 partita

2083 698 2171 744 est
2210 689 2304 744 Dei
2352 687 2688 760 prm-identia
2728 705 2742 742 :
2780 686 2836 742 in
2905 702 3111 755 semen,
3176 691 3669 756 augmentationem

2084 796 2180 838 seu
2211 780 2590 845 nutritionem,
2632 787 2687 834 et
2733 778 2786 833 in
2840 785 3037 832 statum
3071 778 3457 835 consistentia.
3494 780 3667 848 Quam

2081 874 2151 927 ob
2182 885 2401 927 causam
2439 871 2540 925 tria
2583 880 2798 943 quoque
2825 883 2889 922 ex
2923 876 3046 922 nata
3081 879 3493 937 consequuntur
3526 886 3665 926 con-

2084 962 2250 1017 traria
2292 978 2307 1017 :
2348 974 2518 1025 mors,
2548 959 2848 1029 corruptio,
2876 959 3140 1015 interitio.
3169 959 3299 1027 Quae
3326 975 3415 1016 res
3448 962 3671 1020 evidens

2042 1046 2166 1107 'est
2215 1067 2280 1108 ex
2328 1049 2681 1116 funeralibus,
2728 1065 2864 1121 quas
2908 1050 3150 1117 obimus,
3199 1049 3375 1109 feriis.
3422 1051 3557 1107 Nam
3612 1054 3668 1109 in

2082 1150 2256 1198 morie
2296 1142 2651 1211 sepulturam,
2680 1141 2733 1198 in
2776 1141 3085 1212 corruptela
3127 1144 3318 1197 tertias
3345 1156 3482 1211 quas
3507 1159 3672 1200 voca-

2083 1250 2205 1292 mus
2235 1235 2417 1301 ferias,
2469 1235 2519 1289 in
2568 1235 2727 1289 tertia
2780 1235 3246 1305 quadragenarias
3285 1234 3519 1291 obimus.
3554 1235 3665 1291 No-

2083 1326 2359 1383 vendiales
2396 1324 2543 1381 enim
2576 1327 2880 1381 animarum
2926 1325 3311 1383 instaurationi
3351 1328 3669 1397 excogitatae

2082 1427 2226 1474 sunt.
2261 1416 2426 1487 igitur
2452 1416 2667 1486 quidam
2715 1426 2841 1470 ante
2871 1416 3067 1487 legem,
3099 1426 3155 1473 et
3184 1416 3240 1472 in
3271 1416 3406 1489 lege,
3439 1427 3495 1474 et
3544 1428 3672 1488 post

2082 1511 2276 1581 legem,
2312 1512 2379 1565 ob
2420 1510 2765 1583 praestantem
2794 1510 2848 1565 in
2877 1508 3044 1566 Deum
3080 1506 3321 1569 amorem
3367 1529 3531 1585 supra
3570 1530 3670 1571 na-

2081 1609 2255 1655 turam
2308 1599 2518 1667 luctati,
2560 1598 2964 1670 corruptionem
3013 1614 3120 1654 non
3178 1609 3484 1666 senserunt,
3525 1615 3671 1654 mor-

2081 1698 2193 1747 tem
2232 1690 2400 1763 passi.

405 1781 603 1851 captivi
645 1788 713 1872 et
747 1780 1007 1836 servitute
1044 1779 1253 1872 m_ultati
1285 1790 1618 1851 cognoscent
1642 1779 1715 1872 η.
1746 1797 1765 1831 ι
1810 1777 1979 1872 Iacob
2008 1795 2058 1856 Β
2159 1801 2426 1858 ωερε-ιω,
2462 1817 2613 1859 meus
2650 1799 2902 1858 salvam,
2932 1810 3096 1872 atque
3121 1801 3264 1858 Deus
3287 1811 3515 1858 mortem
3540 1817 3673 1872 με,

409 1884 544 1927 vero
579 1874 650 1925 ita
703 1871 941 1941 loquitur
978 1889 993 1927 :
1034 1889 1054 1922 ι
1089 1869 1435 1927 Recumbeus
1472 1871 1743 1936 dormisti,
1771 1878 1830 1924 ut
1872 1870 1978 1937 leo,

408 1972 465 2017 et
514 1964 669 2034 quasi
707 1964 920 2020 catulus
955 1963 1165 2020 leonis:
1212 1964 1332 2032 quis
1350 1962 1629 2020 suscitabit
1652 1977 1772 2018 eum
1824 1962 1916 2015 "Y
1956 1980 1975 2013 ι

403 2049 471 2104 Ει
529 2050 597 2106 de
655 2051 918 2107 confectis
963 2065 1197 2108 moerere
1248 2053 1444 2107 animis
1506 2052 1695 2106 scribit
1748 2051 1917 2105 David
1965 2068 1980 2106 :

411 2159 430 2194 ι
470 2143 854 2199 Clamaverunt
884 2144 949 2198 ad
983 2145 1269 2200 Dominum
1309 2159 1431 2199 cum
1467 2143 1881 2210 tribularentur,
1929 2151 1985 2199 et

407 2237 473 2291 de
497 2237 920 2293 necessitatibus
943 2252 1129 2292 eorum
1158 2238 1359 2306 eripuit
1388 2252 1503 2303 eos,
1531 2236 1786 2291 sedentes
1819 2235 1872 2288 in
1900 2244 1980 2289 te-

404 2327 588 2383 nebris
631 2338 687 2384 et
718 2330 909 2384 umbra
947 2330 1159 2394 mortis,
1194 2329 1408 2386 vinctos
1450 2328 1502 2382 in
1548 2327 1895 2382 mendicitate
1928 2334 1985 2380 et

409 2418 557 2474 ferro
593 2420 660 2479 ὀ,
699 2438 717 2471 ι
761 2420 939 2487 inopia
981 2417 1074 2475 Dei
1102 2420 1330 2485 notitiae,
1370 2420 1514 2474 ferro
1541 2418 1978 2482 simulacrorum,

403 2508 583 2564 cultus
602 2510 824 2565 duritie.
846 2510 911 2564 Et
928 2511 1126 2565 ibidem
1160 2527 1214 2564 :r
1241 2509 1614 2565 Portasa‘reas
1631 2508 1908 2574 contrivit,
1929 2516 1983 2564 et

407 2610 588 2655 vectes
616 2601 823 2656 ferreos
868 2600 1135 2668 confregit
1172 2602 1240 2655 ¹¹.
1270 2620 1288 2654 ι
1335 2600 1399 2655 Ει
1443 2601 1611 2657 lsaias
1641 2599 1786 2654 velut
1814 2614 1845 2653 a
1893 2599 1984 2653 Di-

410 2690 641 2744 vinitate
666 2689 733 2745 ad
766 2689 1072 2757 copulatum
1110 2705 1231 2744 eum
1271 2704 1334 2744 ea
1384 2703 1579 2758 corpus
1615 2707 1627 2743 :
1670 2707 1689 2741 ι
1726 2687 1818 2744 Sic
1849 2688 1983 2743 dicit

402 2778 667 2836 Dominus
712 2780 852 2836 Deus
876 2778 1096 2835 Christo
1129 2796 1247 2836 meo
1281 2800 1295 2836 :
1346 2780 1763 2850 Apprehendam
1797 2782 1986 2835 dexte-

406 2888 525 2929 ram
552 2875 691 2945 ejus,
723 2884 778 2931 et
817 2876 1097 2931 exaudiam
1129 2890 1290 2933 etim:
1325 2887 1450 2929 ante
1484 2875 1676 2929 faciem
1707 2873 1824 2941 ejus
1848 2889 1981 2945 gen-

406 2974 487 3020 tes
537 2974 593 3022 et
640 2966 1007 3023 fortitudinem
1066 2983 1248 3039 regum
1300 2967 1631 3038 disrumpam
1680 2987 1692 3022 :
1744 2970 1980 3039 aperiam

405 3065 532 3110 ante
562 3072 683 3112 eum
712 3057 930 3126 ianuas,
965 3070 1019 3114 et
1052 3060 1302 3115 civitates
1332 3077 1435 3115 non
1482 3060 1829 3117 claudentur.
1867 3060 1980 3131 Ego

2085 1908 2179 1950 sus
2213 1901 2297 1948 est
2322 1903 2546 1965 prepter
2572 1907 2804 1964 corpus,
2840 1893 2985 1964 quod
3016 1908 3079 1949 ex
3104 1907 3240 1963 puro
3262 1894 3507 1963 virginali
3536 1909 3670 1948 san-

2084 1984 2265 2054 guinc,
2294 1982 2556 2039 testandz'e
2583 1983 2808 2038 omnino
2845 1984 3090 2039 humana:
3116 1996 3230 2037 suas
3265 1992 3507 2046 natura},
3537 1996 3671 2036 cou-

2087 2078 2271 2131 traxit.
2300 2074 2433 2130 Nam
2469 2075 2512 2132 si
2536 2077 2607 2132 ob
2619 2084 2903 2149 peccatum
2935 2074 2992 2130 in
3009 2074 3196 2130 orbem
3225 2084 3494 2129 terrarum
3524 2089 3670 2133 mors

2089 2167 2305 2235 invasit,
2358 2181 2555 2237 expers
2586 2175 2765 2221 autem
2791 2165 2999 2238 peccati
3027 2165 3279 2223 Christus
3302 2174 3407 2229 est,
3436 2180 3543 2221 non
3572 2167 3672 2221 ha-

2086 2259 2291 2315 buisset
2317 2259 2369 2316 in
2392 2274 2458 2314 eo
2486 2258 2663 2315 locum
2691 2273 2858 2324 mors,
2889 2258 2993 2315 nisi
3028 2258 3183 2329 jussa
3209 2257 3512 2329 paruisset;
3544 2272 3672 2314 cor-

2085 2353 2389 2422 ruptionem
2444 2366 2577 2408 vero
2628 2358 2723 2407 aut
2772 2350 3068 2420 perniciem
3094 2365 3451 2421 nequaquam
3501 2350 3673 2407 sensit

2085 2442 2422 2497 Dominicum
2451 2453 2668 2512 corpus,
2699 2455 2822 2495 cum
2856 2454 2960 2496 nec
2999 2446 3152 2496 satus
3183 2438 3403 2510 quidem
3447 2446 3500 2494 et
3549 2453 3673 2494 cor-

2085 2546 2248 2600 porea
2304 2530 2547 2603 voluptas
2596 2530 2971 2600 praecesserit;
3008 2543 3184 2599 neque
3238 2530 3291 2585 in
3338 2530 3489 2586 vitiis
3537 2544 3673 2586 con-

2086 2631 2295 2692 ceptus,
2351 2638 2526 2692 neque
2591 2624 2644 2678 in
2689 2624 2926 2693 peccatis
2976 2624 3190 2686 enixus,
3254 2631 3316 2677 ut
3359 2621 3437 2676 ait
3463 2621 3671 2691 David;

2086 2713 2354 2785 siquidem
2392 2714 2480 2770 ubi
2517 2715 2632 2769 haec
2666 2722 2816 2778 sunt,
2866 2714 3176 2770 necessario
3205 2722 3262 2769 et
3290 2713 3566 2783 corruptio
3612 2722 3672 2769 et

2086 2807 2355 2876 pernicies
2413 2815 2841 2877 consequuntur.
2910 2805 3170 2861 Servator
3238 2812 3423 2861 autem
3482 2804 3671 2859 mundi

2085 2898 2272 2954 volens
2300 2896 2527 2968 benigne
2548 2898 2845 2953 humanum
2881 2912 3053 2969 genus
3090 2909 3333 2962 scrvare,
3365 2893 3506 2948 ultro
3540 2892 3672 2951 sub-

2086 2990 2147 3047 iit
2199 2991 2500 3055 interitum,
2533 2988 2585 3044 id
2638 2988 2778 3060 quod
2822 2988 2891 3043 de
2915 3003 2973 3044 se
2996 2989 3114 3058 ipse
3141 2991 3414 3057 testatur}:
3472 3003 3492 3038 ι
3516 2985 3675 3042 Pote-

2087 3093 2280 3142 statem
2316 3084 2487 3139 habeo
2524 3080 2756 3152 ponendi
2777 3080 3039 3145 animam,
3066 3089 3119 3135 et
3143 3089 3463 3150 potestatem
3494 3078 3671 3135 habeo

404 3158 530 3203 ante
560 3159 610 3204 te
654 3151 763 3214 ibo,
798 3162 851 3205 et
906 3161 1119 3206 montes
1150 3152 1535 3222 COtnplanabo,
1582 3160 1768 3218 portas
1814 3166 1984 3206 areas
2013 3155 2058 3215 ο
2090 3176 2286 3233 uerum
2315 3151 2560 3241 summa;
2595 3188 2713 3229 eam
2737 3174 2805 3237 av,
2841 3190 2859 3225 ,
2896 3182 3059 3241 atque
3092 3172 3144 3227 id
3177 3172 3378 3227 τπωω
3408 3181 3493 3228 θη
3522 3180 3666 3240 p08,.

410 3244 712 3304 conteram,
747 3250 800 3294 et
846 3251 1027 3298 vectes
1064 3241 1273 3303 ferreos
1301 3241 1645 3317 confringam
1675 3242 1742 3294 “.
1782 3261 1800 3294 ι
1824 3241 1888 3297 Ει
1919 3244 1986 3297 de

407 3330 714 3385 animarum
786 3347 851 3386 ex
920 3333 1113 3387 inferis
1176 3334 1496 3394 liberatione
1566 3335 1638 3388 ita
1705 3333 1984 3391 Nahum:

409 3440 429 3473 ι
462 3421 639 3481 Porta:
674 3423 955 3491 civitatum
1009 3435 1210 3497 aperta:
1260 3435 1387 3481 sunt
1417 3444 1429 3480 :
1469 3435 1525 3480 et
1561 3425 1766 3497 regalia
1798 3430 1985 3481 conci-

407 3514 623 3578 derunt,
658 3523 712 3570 et
740 3518 1045 3575 substantia
1084 3517 1316 3572 revelata
1354 3526 1438 3573 est
1472 3518 1707 3587 (scilicet
1751 3517 1846 3573 Dei
1893 3520 1989 3573 ho-

412 3605 575 3660 minis
595 3604 826 3677 Christi)
854 3615 915 3665 et
938 3608 1150 3664 ancilla:
1177 3608 1291 3675 ejus
1321 3608 1657 3663 ducebantur
1682 3607 1751 3675 ’³,
1778 3627 1797 3661 ι
1847 3609 1989 3664 sicut

409 3694 677 3750 columbae
705 3694 924 3767 (animae
960 3682 1273 3759 sanctorum
1302 3694 1393 3750 Dei
1429 3696 1666 3753 hominis
1694 3696 1822 3752 Jesu
1856 3698 1987 3751 divi-

408 3787 578 3842 nitate
610 3786 874 3854 aﬂectm);
911 3789 1113 3857 quibus
1139 3789 1287 3843 addit
1318 3788 1482 3845 Isaias
1516 3805 1531 3841 :
1584 3805 1601 3839 ι
1632 3786 1735 3852 Qui
1774 3788 1987 3845 habita-

410 3879 479 3934 tis
507 3878 557 3933 in
590 3880 811 3949 regione
842 3887 894 3934 et
921 3880 1111 3935 umbra
1142 3881 1357 3946 mortis,
1383 3879 1565 3937 lumen
1594 3878 1797 3934 lucebit
1825 3893 1988 3949 super

408 3984 504 4025 vos
534 3969 602 4035 ",
642 3988 660 4021 ι
698 3969 869 4031 lucem
916 3969 1196 4039 appellans
1256 3969 1480 4034 Filium,
1542 3983 1600 4023 ut
1632 3984 1698 4024 ex
1748 3984 1988 4037 evange-

410 4061 536 4116 lista
568 4061 880 4123 didicimus,
912 4073 978 4115 ex
1025 4074 1258 4131 persona
1288 4059 1492 4121 Christi
1523 4061 1776 4123 dicente:
1820 4078 1839 4111 r
1873 4060 1988 4128 Ego

409 4166 526 4206 sum
564 4153 653 4207 lux
685 4151 870 4206 mundi
902 4169 918 4208 :
956 4152 1050 4222 qui
1085 4152 1336 4222 sequitur
1365 4166 1471 4215 me,
1507 4165 1612 4204 non
1662 4149 1902 4205 ambulat
1934 4152 1986 4205 in

410 4248 674 4317 tenebris,
700 4248 795 4302 sed
850 4247 1075 4301 habebit
1113 4250 1294 4301 lumen
1335 4247 1456 4305 vita:
1491 4248 1558 4300 ".
1591 4264 1610 4298 ι
1645 4246 1787 4313 Quin
1831 4246 1991 4301 Chri-

409 4351 525 4393 stus
560 4339 675 4408 ipse
704 4355 800 4405 per
836 4337 1094 4391 Davidem
1129 4337 1275 4395 velut
1301 4353 1328 4391 a
1359 4353 1588 4409 corpore
1619 4339 1686 4392 ad
1730 4338 1897 4392 Deum
1935 4349 1990 4399 et

410 4431 629 4489 Patrem
668 4429 910 4485 clamat:
949 4448 967 4479 ι
1007 4427 1277 4494 Quoniam
1335 4444 1439 4483 non
1489 4428 1836 4501 derelinques
1865 4429 1987 4482 ani-

412 4537 553 4578 mam
588 4535 764 4575 meam
798 4520 850 4577 in
884 4520 1103 4593 inferno
1146 4536 1159 4573 :
1210 4536 1310 4577 nec
1352 4520 1509 4575 dabis
1554 4531 1801 4576 sanctum
1836 4529 1985 4575 tuum

412 4611 600 4665 videre
629 4610 1037 4680 corruptionem
1071 4609 1136 4664 ".
1177 4628 1195 4662 ι
1246 4611 1403 4677 Agite
1436 4625 1587 4674 vero,
1617 4610 1746 4680 quid
1781 4610 1849 4664 de
1887 4610 1990 4663 hoc

414 4713 605 4757 sancto
634 4702 1125 4772 censetis?ecquid
1159 4703 1304 4757 enim
1343 4713 1561 4757 sanctus
1592 4701 1769 4756 oumis
1798 4715 1989 4754 corru-

414 4791 606 4857 ptelam
640 4805 747 4845 non
796 4793 1207 4864 sensitlApage
1238 4794 1333 4848 sis.
1364 4791 1513 4848 Unus
1560 4793 1825 4847 duntaxat
1866 4805 1992 4846 vere

414 4894 634 4941 sanctus
673 4894 723 4938 et
756 4899 785 4938 a
825 4886 934 4941 Deo
964 4887 1192 4953 electus,
1233 4895 1287 4941 et
1320 4885 1411 4957 qui
1449 4885 1854 4957 corruptionem
1884 4898 1990 4940 non

415 4978 632 5044 viderit,
664 4975 886 5033 Chistus
914 4986 1020 5031 est.

937 5069 1095 5125 CAP.
1131 5067 1445 5127 LXI-LXII.

627 5161 865 5216 Christus
902 5174 1140 5216 mortuus
1173 5158 1558 5227 corruptionem
1589 5158 1796 5229 e/fugit.

482 5274 605 5331 Jun.
658 5271 768 5329 Nos
828 5276 1045 5343 quidem
1110 5274 1377 5335 neminem
1432 5271 1707 5325 hominem
1770 5279 1989 5329 morta-

2091 3278 2149 3326 ut
2186 3266 2441 3323 omnibus
2469 3265 2693 3323 omnino
2722 3262 2915 3325 Adami
2945 3264 3200 3333 posteris,
3228 3274 3490 3332 quantum
3519 3263 3575 3318 in
3604 3276 3673 3319 eo

2092 3369 2283 3426 esset,
2348 3358 2658 3421 libertatem
2708 3364 2983 3426 atteret-et
3052 3355 3227 3411 soluta
3283 3346 3531 3425 carperis
3576 3356 3672 3413 da.

2091 3448 2389 3515 mutatione,
2421 3448 2477 3503 in
2526 3449 2645 3517 ipso
2674 3462 2906 3518 corpore
2930 3447 3202 3505 exstincta
3238 3456 3434 3503 morte.

2655 3584 2888 3643 CAPUT
2920 3584 3108 3641 LXIII.

2162 3698 2430 3761 Christum
2455 3708 2569 3768 post
2601 3702 3028 3755 resurrectionem
3061 3699 3252 3767 edisse,
3279 3706 3330 3753 et
3362 3699 3415 3754 in
3444 3698 3599 3754 calas

2717 3770 3042 3823 ascendisse.

2160 3885 2282 3944 Jun.
2346 3885 2708 3954 Quamobrem
2763 3899 2927 3949 vero,
2980 3898 3157 3955 quove
3185 3893 3343 3952 pacto
3396 3882 3672 3939 Christum

2093 3981 2432 4046 redivivum,
2472 3988 2527 4033 et
2582 3978 2981 4046 incorruptum,
3043 3991 3217 4047 neque
3279 3975 3391 4044 jam
3449 3974 3672 4031 caducis

2091 4082 2341 4145 egentem
2399 4072 2560 4135 cibis,
2616 4086 2832 4127 rursum
2881 4072 3209 4136 comedisse,
3263 4084 3328 4125 ac
3384 4070 3438 4124 in
3505 4068 3675 4125 caelos

2092 4175 2427 4235 assumptum
2454 4164 2680 4220 dicitis?
2725 4165 2874 4219 Itane
2899 4163 3146 4219 homines
3173 4177 3390 4231 quoque
3415 4171 3532 4233 post
3557 4161 3671 4234 (50)

2091 4257 2544 4319 resurrectionem
2595 4256 2865 4328 publicam
2916 4255 3113 4325 epulati
3149 4254 3204 4308 in
3237 4253 3403 4310 crelos
3438 4253 3674 4324 denique

2094 4348 2509 4405 conscendent?
3428 4356 3431 4357 ⁷

2164 4440 2388 4497 Cuntsr.
2425 4442 2498 4497 De
2543 4442 2628 4499 his
2658 4456 2791 4499 sane
2820 4457 2972 4497 meus
3020 4438 3278 4496 Servator
3310 4437 3516 4494 certam
3545 4451 3675 4492 scn-

2100 4533 2325 4589 tentiam
2359 4533 2517 4588 dixit.
2550 4531 2680 4587 Nam
2720 4530 3021 4602 majoribus
3069 4534 3268 4587 vestris
3306 4530 3675 4600 quierentihns

2098 4638 2221 4677 eum
2256 4625 2323 4678 dc
2356 4624 2680 4692 quibusdam
2731 4631 2939 4692 septem
2994 4620 3297 4686 fratribus,
3348 4618 3438 4688 qui
3487 4632 3676 4673 omnes

2102 4731 2265 4770 unam
2301 4731 2525 4773 uxorem
2565 4715 2853 4779 duxerant,
2884 4723 2943 4769 ut
2972 4712 3122 4773 fratri
3152 4726 3335 4769 semen
3372 4709 3677 4767 excitarent

2099 4810 2399 4867 secundum
2434 4808 2630 4875 legem,
2671 4806 2825 4875 cujus
2863 4821 2927 4861 ex
2979 4814 3183 4879 septem
3216 4811 3380 4866 esset,
3411 4804 3464 4854 in
3490 4815 3677 4856 resur-

2100 4898 2386 4955 rectione?
2417 4917 2434 4950 r
2466 4895 2703 4962 Erratis,
2739 4896 2940 4963 inquit,
2977 4896 3282 4951 nescientes
3336 4891 3670 4963 Scripturas,

2099 5006 2277 5060 neque
2301 4992 2553 5045 virtutem
2584 4988 2715 5044 Dei:
2744 4989 2799 5043 in
2825 4987 3431 5056 resurrectioneneque
3446 4985 3673 5047 nubent,

2101 5096 2276 5149 neque
2340 5083 2635 5146 nubentur,
2698 5079 2792 5135 sed
2849 5087 3012 5133 erunt
3065 5078 3205 5133 sicut
3261 5074 3438 5142 angeli
3491 5072 3581 5127 Dei
3619 5072 3673 5126 in

2099 5174 2239 5230 caelo
2269 5173 2335 5228 ’⁸.
2373 5192 2390 5225 ι
2431 5172 2694 5231 Caeterum
2724 5172 2867 5241 quod
2895 5170 3043 5225 dubii
3078 5169 3220 5225 scire
3264 5164 3531 5238 qumritis,
3563 5177 3674 5234 quo

2100 5276 2261 5338 pacto
2288 5274 2406 5334 post
2448 5267 2908 5323 resurrectionem
2954 5260 3274 5329 comederit,
3304 5258 3460 5313 facile
3505 5266 3673 5329 atque

484 5434 529 5464 "’
560 5402 665 5487 isa‘.
686 5445 772 5494 ιχ,
799 5429 884 5482 15.
965 5431 1008 5462 ’³
1037 5428 1167 5482 ibid.
1246 5428 1289 5459 “
1316 5427 1456 5483 Psal.
1482 5442 1662 5488 cxxvr,
1699 5427 1747 5479 Ι.
1828 5427 1869 5458 ¹⁷
1894 5425 1982 5479 183.

2092 5463 2106 5481 .
2132 5425 2218 5480 16.
2296 5426 2339 5456 ¹⁶
2358 5423 2559 5479 Jerem.
2589 5437 2736 5488 χχιι,
2756 5419 2797 5494 ,ὅ
2812 5420 2854 5494 ι’.
2932 5418 2974 5450 ¹⁹
2996 5415 3130 5494 GeAn.
3156 5432 3301 5494 ants.
3324 5413 3377 5471 9.
3455 5414 3502 5446 ’°
3522 5412 3672 5494 ΡΨ).

861 5500 905 5532 ³⁸
932 5498 1074 5551 Psal.
1120 5511 1229 5559 CVI,
1258 5496 1344 5551 16.

948 5569 992 5598 ’⁷
1024 5566 1180 5623 .loau.
1216 5583 1269 5634 κ,
1302 5568 1389 5623 18.

416 5516 521 5563 .m,
550 5502 739 5564 10,15.

418 5573 459 5604 “
486 5572 626 5626 I’sal.
657 5586 746 5635 xv,
777 5572 863 5626 ib.

1468 5498 1513 5529 “
1539 5499 1645 5552 lsa.
1692 5511 1814 5562 xcv,
1848 5498 1966 5554 1-5.

488 5736 507 5779 Ι
522 5734 625 5793 i9‘l
665 5733 973 5790 Διαωθοοὰν
1009 5732 1380 5789 καταφθοράν.

1467 5568 1511 5599 ’⁸
1544 5568 1728 5623 Matth.
1765 5584 1898 5635 XXII,
1934 5566 2024 5622 29.

2082 5497 2131 5531 "
2156 5496 2375 5549 Nahum
2423 5512 2484 5558 ιι,
2510 5494 2564 5550 6.
2592 5495 2644 5547 7.
2723 5483 2798 5521 ἠ
2826 5489 2931 5545 lsa.
2955 5504 3031 5551 ις,
3059 5488 3115 5542 2.
3190 5488 3238 5519 "
3257 5487 3553 5553 Joan.vut,
3582 5483 3674 5539 12.

2163 5726 2275 5790 (50)
2307 5724 2567 5780 Nazianz.
2601 5723 2654 5778 in
2691 5721 2959 5786 Epiphan.
2995 5722 3124 5785 255.
3151 5721 3244 5778 52.
