4042 6404
375 427 432 484 Ἦ
446 425 480 486 3

1497 429 1878 492 DIALOGUS
1915 429 2214 491 CONTRA
2251 427 2581 494 JUDEOS.

3533 432 3638 497 9H

375 539 652 606 explorate
693 552 758 595 ex
803 541 870 597 iis
914 557 1034 613 quae
1067 544 1288 610 tenetis,
1325 554 1378 599 et
1403 549 1746 614 questiouem
1777 562 1944 616 expe-
1976 551 2028 606 Α.
2055 545 2260 600 Deinde
2290 521 2499 602 Christi
2529 550 2970 617 praepotentium;
3020 561 3312 618 rerumque
3357 545 3636 617 gestarum

376 629 542 696 diam,
573 637 627 684 et
649 633 964 701 scrupulum
1001 636 1314 692 dissolvam.
1343 636 1610 695 Nimirum
1639 652 1699 697 ut
1728 641 1945 709 epulata

375 726 459 772 est
486 728 672 774 sancta
701 719 965 788 Trinitas,
1002 725 1233 780 invitata
1272 728 1340 781 ab
1375 728 1694 782 Abrahamo-
1720 730 1948 798 patr-iar-

375 809 498 871 elta,
525 817 584 862 ut
611 811 730 880 ejus
779 811 1059 869 facultates
1097 815 1400 884 absumpsit
1452 818 1611 886 ignis,
1659 833 1784 874 eum
1827 819 1948 887 qui-

375 897 496 950 dem
527 899 727 954 solidas
768 902 979 958 hostias
1025 905 1294 961 dissecuit
1333 909 1560 974 medias,
1589 918 1642 964 et
1676 910 1730 964 in
1772 909 1944 964 frusta

372 988 611 1058 redegit;
655 1006 784 1046 aves
823 1008 930 1048 non
963 996 1256 1061 dissecuit,
1289 998 1384 1052 sed
1417 999 1633 1054 ctelitus
1681 998 1820 1066 ignis
1849 1001 1946 1054 de-

375 1077 559 1146 lapsus
598 1085 937 1151 consumpsit
962 1087 1041 1152 ¹⁹;
1075 1088 1526 1155 quemadmodum
1570 1098 1626 1144 et
1671 1090 1802 1145 Elite
1831 1105 1944 1145 nte-

374 1171 542 1224 moria
573 1187 693 1224 cum
724 1173 1089 1233 incendiarius
1115 1179 1380 1244 victimas,
1409 1181 1649 1251 etligna,
1674 1190 1725 1236 et
1749 1197 1943 1252 aquam

370 1259 426 1314 in
474 1265 668 1319 scrobe
700 1275 754 1320 et
802 1269 1024 1323 humum
1076 1271 1264 1326 lambit
1309 1273 1450 1344 ignis
1476 1275 1543 1328 ⁸ο.
1578 1273 1696 1329 Jam
1731 1289 1862 1330 vero
1887 1283 1945 1330 ut

369 1351 426 1406 in
471 1353 644 1410 cmlos
685 1361 1014 1425 ascenderit,
1032 1363 1402 1418 et‘immortali
1442 1362 1590 1419 Patri
1630 1365 1823 1420 dexter
1851 1381 1942 1421 se-

369 1441 519 1508 deat,
547 1461 875 1516 rursumque
899 1450 952 1505 in
990 1465 1156 1507 carne
1178 1451 1492 1522 iudicandis
1524 1455 1664 1509 vivis
1693 1470 1768 1510 ac'
1796 1471 1944 1510 mor-

369 1533 482 1586 tuis
509 1543 766 1590 venturus
814 1539 906 1604 sit,
939 1541 1213 1610 praphette
1264 1543 1352 1597 hic
1385 1557 1623 1614 quoque,
1665 1560 1772 1600 non
1819 1560 1940 1614 ego,

367 1627 526 1679 vobis
557 1628 790 1692 prodent
819 1631 1125 1688 veritatem.
1151 1633 1320 1701 Igitur
1346 1635 1516 1689 Isaias
1556 1635 1784 1701 ChriSti,
1817 1651 1940 1690 cum

367 1730 598 1783 corpore
661 1734 944 1776 ascensum
1001 1723 1224 1788 videns,
1277 1733 1331 1780 et
1386 1727 1462 1780 rei
1514 1727 1940 1796 magnitudinem

365 1811 591 1870 stupens
632 1820 695 1860 ac
730 1808 1036 1874 demirans,
1070 1809 1310 1866 clamat:
1345 1829 1364 1863 ι
1401 1812 1533 1878 Quis
1579 1822 1664 1867 est
1695 1815 1816 1880 iste,
1849 1816 1938 1884 qui

2057 634 2480 702 magni-tudinem
2523 638 2752 689 miratus
2795 635 2996 690 infert:
3036 654 3056 687 t
3093 636 3208 689 Non
3250 635 3489 703 legatus,
3529 647 3634 687 non

2055 723 2302 790 angelus,
2329 723 2422 776 sed
2449 724 2563 791 ipse
2594 723 2856 779 Dominus
2883 725 3114 778 salvavit
3149 739 3245 778 eos
3268 722 3335 776 ε’.
3371 741 3390 774 ι
3427 722 3635 775 Zacha—

2056 814 2202 867 rias:
2235 831 2253 865 σ
2295 812 2423 868 Haec
2465 815 2598 869 dicit
2648 815 2911 870 Dominus
2944 830 2958 868 ε
2995 816 3135 870 Ecce
3191 817 3306 870 dies
3353 815 3546 868 venit:
3579 821 3634 868 et

2055 905 2275 958 stabunt
2311 907 2475 973 pedes
2505 903 2629 974 ejus
2662 906 2714 958 in
2746 905 2837 960 die
2862 905 2947 958 illa
2983 921 3146 973 super
3182 913 3417 960 montem
3442 901 3626 957 Oliva-

2060 1011 2180 1050 rum
2212 996 2281 1051 ”.
2319 1015 2338 1048 ι
2371 997 2542 1052 Pedes
2574 1012 2702 1051 vero
2729 997 2820 1050 Dei
2847 997 3158 1065 nominans,
3186 1011 3293 1050 non
3323 1002 3626 1057 actuosam,

2052 1101 2172 1156 qua:
2219 1103 2246 1141 a
2295 1088 2526 1157 pedibus
2577 1098 2776 1153 manat,
2831 1088 2936 1141 Dei
2983 1087 3295 1142 facultatem
3354 1083 3626 1152 intelligit,

2051 1177 2506 1245 quemadmodum
2542 1176 2704 1231 David
2739 1191 2857 1228 eam
2893 1190 3013 1242 qua:
3037 1190 3066 1228 a
3100 1173 3346 1227 manibus
3381 1170 3629 1240 proficis-

2051 1269 2210 1328 citur,
2273 1283 2464 1324 manus
2505 1268 2793 1334 appellavit
2833 1269 2915 1321 his
2947 1267 3138 1320 verbis-
3179 1284 3192 1319 :
3241 1282 3262 1315 ι
3298 1263 3489 1316 Manus
3520 1271 3624 1316 tuae

2051 1359 2294 1412 fecerunt
2317 1373 2421 1422 me,
2446 1367 2499 1412 et
2527 1360 2932 1427 plasmarerunt
2961 1371 3045 1411 me
3063 1356 3130 1418 ιι,
3163 1373 3182 1406 ι
3220 1353 3314 1408 sed
3337 1367 3630 1421 corporeos

2050 1449 2212 1513 pedes
2245 1448 2608 1517 significavit;
2643 1461 2766 1500 nam
2814 1460 2934 1500 eam
2980 1447 3050 1500 ob
3094 1459 3234 1509 rem,
3277 1452 3333 1498 et
3380 1443 3522 1497 diem
3576 1452 3632 1496 et

2050 1538 2246 1593 Oliveti
2298 1547 2536 1594 montem
2595 1539 3065 1601 commemoravit,
3117 1543 3179 1590 ut
3233 1535 3546 1598 humanam,
3575 1541 3630 1587 et

2049 1629 2193 1683 velut
2251 1628 2720 1698 circumscriptam
2784 1626 2988 1683 Christi
3040 1636 3292 1680 naturam
3341 1623 3627 1679 indicaret.

2049 1718 2217 1774 David
2251 1732 2465 1788 quoque
2490 1718 2693 1773 Christi
2725 1732 2754 1771 a
2792 1716 3019 1772 mortuis
3052 1714 3531 1774 resurrectionem,
3567 1726 3630 1765 ac

2047 1819 2169 1878 post
2195 1823 2312 1864 eam
2340 1811 2391 1862 in
2423 1809 2593 1864 caelos
2637 1822 2946 1873 ascensum,
2976 1815 3030 1862 et
3073 1809 3189 1872 ejus
3219 1804 3374 1874 quasi
3408 1803 3629 1859 restitu-

360 1895 512 1948 venit
539 1897 602 1950 de
641 1895 831 1963 Edam,
867 1899 1034 1953 rubor
1082 1902 1312 1957 vestium
1354 1904 1428 1958 de
1453 1902 1669 1958 Bosor?
1696 1904 1775 1958 sic
1827 1904 1934 1959 for-
1968 1922 2008 1979 Β
2039 1901 2240 1955 tionem
2270 1901 2325 1954 in
2355 1901 2622 1970 integrum
2644 1901 2833 1954 volens
2880 1913 3041 1967 quam
3069 1895 3422 1966 liquidissime
3441 1906 3628 1951 osten-

359 1998 549 2037 mosus
603 1987 657 2040 in
713 1987 848 2041 stola
905 1989 988 2042 "‘l
1023 2009 1042 2042 ι
1078 1989 1381 2060 lntelligitis
1424 1993 1640 2046 vatem?
1694 1994 1826 2047 Cum
1883 1995 1935 2047 in

358 2069 565 2126 Christi
598 2074 988 2131 humanitatem
1048 2080 1376 2142 intueretur,
1410 2082 1661 2136 ruborem
1707 2081 1940 2137 vestium

356 2161 502 2230 ejus,
535 2171 590 2218 et
620 2165 686 2219 de
733 2165 924 2233 Bosor,
973 2169 1127 2234 dixit,
1157 2171 1302 2238 quod
1341 2182 1461 2227 erat
1504 2173 1718 2228 carnis.
1741 2173 1812 2227 At
1855 2173 1941 2226 ubi

355 2253 417 2307 in
449 2253 686 2310 divinam
723 2269 972 2313 naturam
1005 2262 1347 2331 perSpicaces
1391 2263 1588 2318 tuentis
1633 2263 1822 2319 oculos
1851 2279 1939 2318 re-

353 2344 509 2414 iecit,
544 2347 619 2400 ait
655 2363 668 2400 :
701 2366 726 2400 ι
765 2348 854 2406 Sic
879 2350 1150 2408 formosus
1197 2354 1250 2407 in
1295 2353 1474 2409 stola?
1510 2373 1529 2406 ι
1568 2353 1704 2409 Tum
1755 2365 1936 2410 autem

353 2446 424 2491 ut
452 2439 776 2507 apertiorem
823 2443 1126 2498 orationem
1160 2444 1432 2511 redderet,
1463 2446 1611 2502 velut
1636 2462 1668 2502 a
1710 2447 1821 2502 Deo
1848 2447 1947 2501 ho-

354 2527 530 2592 mine,
567 2529 762 2583 addit:
802 2548 821 2582 ι
861 2532 973 2602 Ego
1021 2534 1112 2602 qui
1165 2533 1358 2604 loquor
1398 2535 1688 2606 justitiam,
1717 2547 1774 2594 et
1803 2537 1946 2605 judi-

351 2616 567 2670 tlicium
609 2618 938 2675 salutaris”
999 2621 1270 2678 Justitiam
1339 2625 1572 2696 (loquor)
1632 2636 1690 2681 ut
1739 2627 1946 2698 quirad

351 2707 636 2761 hominum
665 2710 889 2765 salutem
918 2712 1080 2768 homo
1103 2716 1278 2770 l'actus
1305 2717 1429 2780 sim,
1463 2718 1555 2787 qui
1585 2734 1612 2771 a
1640 2718 1946 2775 simulacris

349 2796 709 2865 alnsistentes,
736 2813 788 2856 et
819 2802 887 2856 iis
931 2806 1227 2872 prmstitam
1283 2808 1602 2877 religionem
1649 2821 1813 2879 atque
1850 2811 1946 2865 ho-

351 2902 552 2943 norem
607 2891 672 2944 ad
735 2908 920 2947 verum
975 2893 1141 2950 Deum
1208 2899 1626 2954 transtulerunt.
1674 2901 1944 2958 Iudicium

351 2979 640 3045 salutaris,
690 2990 748 3035 ut
796 2986 890 3052 qui
929 2985 1072 3041 Deus
1117 2988 1378 3052 existens,
1401 2990 1654 3046 omnibus
1687 3002 1946 3048 venturus

348 3067 549 3138 judex,
589 3069 692 3124 sim
743 3087 1187 3144 unumquemque
1221 3091 1318 3146 pro
1349 3079 1462 3132 suis
1504 3077 1664 3135 factis
1697 3095 1948 3136 remune-

354 3168 540 3216 ratus.
576 3159 676 3216 Cui
710 3164 991 3220 sententia:
1014 3177 1318 3223 consonant
1354 3169 1442 3223 illa
1477 3171 1733 3226 Davidis:
1764 3191 1783 3225 ‹
1812 3173 1946 3242 Spe-

2046 1995 2192 2058 dere,
2242 1991 2382 2045 inter
2429 2004 2490 2046 se
2541 1990 2850 2045 dubitantes
2898 1988 3084 2054 copias
3112 1987 3360 2042 cmlestes
3397 1986 3625 2054 inducit;

2045 2097 2374 2150 carmenque
2408 2097 2507 2152 per
2552 2081 3034 2151 interrogationem
3079 2078 3244 2134 simul
3290 2094 3354 2134 ac
3397 2094 3628 2148 respon-

2045 2172 2249 2227 sionem
2274 2172 2534 2226 detexens
2557 2170 2636 2226 sic
2661 2169 2858 2224 effatur
2887 2185 2901 2222 :
2938 2187 2956 2219 ι
2993 2165 3446 2236 Attolliteportas
3475 2166 3631 2235 prin-

2046 2262 2198 2331 cipes
2228 2271 2437 2318 vestras
2461 2300 2477 2326 ,
2510 2271 2565 2315 et
2596 2261 2894 2316 elevamini
2916 2265 3084 2323 portae
3105 2255 3407 2321 :eternales,
3441 2263 3496 2310 et
3539 2255 3628 2308 in-

2047 2352 2232 2407 troibit
2258 2365 2354 2406 rex
2402 2351 2587 2422 glorias
2611 2350 2678 2404 ".
2718 2368 2738 2401 ι
2776 2348 2946 2419 Igitur
2977 2348 3028 2402 hi
3073 2346 3456 2402 ascendentem
3504 2358 3628 2398 cum

2047 2454 2272 2509 corpore
2324 2439 2619 2510 gloriosum
2672 2439 2839 2496 Deum
2891 2437 3213 2504 conspicati,
3258 2444 3312 2491 et
3372 2433 3626 2489 insolenti

2048 2530 2360 2600 spectaculo
2413 2530 2674 2600 perculsi,
2732 2543 2967 2599 rogare:
3009 2546 3028 2580 ι
3060 2527 3192 2591 Quis
3236 2535 3322 2582 est
3375 2527 3477 2581 iste
3532 2539 3625 2580 rex

2047 2621 2275 2692 gloriae?
2314 2640 2333 2674 ι
2367 2621 2443 2675 Illi
2474 2631 2666 2678 contra
2705 2619 3032 2688 respondere
3061 2635 3074 2672 :
3106 2638 3124 2668 ι
3167 2618 3426 2673 Dominus
3471 2615 3628 2671 fortis

2047 2721 2102 2767 et
2132 2723 2345 2781 potens,
2390 2712 2650 2766 Dominus
2703 2718 2896 2779 potens
2946 2710 3000 2764 in
3049 2709 3234 2776 praelia
3267 2708 3338 2773 ⁵⁸,
3386 2727 3403 2760 ι
3437 2716 3624 2762 contra

2049 2810 2301 2867 mortem,
2336 2802 2559 2865 inferos,
2588 2809 2644 2856 et
2666 2799 2961 2865 diabolum;
2999 2800 3208 2853 calcata
3249 2798 3394 2852 enim
3427 2809 3622 2860 morte,

2047 2893 2272 2962 direptis
2297 2893 2504 2957 inleris,
2540 2890 2711 2946 fracto
2741 2888 2977 2955 diabolo,
3025 2895 3085 2943 ut
3133 2886 3276 2942 Deus
3302 2886 3457 2941 fortis
3486 2900 3629 2941 nunc

2048 2984 2324 3049 ascendit;
2360 2998 2492 3054 ergo
2521 3002 2539 3036 ι
2570 2980 2800 3038 attollite
2828 2989 3013 3050 portas
3038 2979 3306 3049 principes
3331 2986 3560 3045 vestras,
3598 2997 3617 3029 ι

2046 3075 2431 3145 Angelicarum
2467 3082 2797 3144 potestatum
2844 3071 3096 3137 Domino,
3127 3069 3470 3140 gloriosoque
3501 3083 3627 3137 rege

2049 3168 2340 3231 intraturo,
2379 3167 2432 3221 id
2470 3175 2574 3230 est,
2604 3181 2726 3221 cum
2756 3179 2985 3236 corpore
3023 3163 3133 3218 Deo
3162 3171 3217 3217 et
3245 3161 3395 3217 Patri
3427 3178 3454 3216 a
3494 3162 3625 3216 dex-

349 3251 545 3306 ciosus
578 3252 760 3308 forma
779 3257 1044 3324 prte,ftliis
1071 3259 1347 3313 hominum
1365 3259 1502 3312 ³⁸·³⁶.
1539 3279 1558 3312 ι
1595 3259 1661 3314 Et.
1702 3261 1894 3317 iterum
1924 3281 1938 3317 :
1965 3251 2012 3315 C
2045 3259 2146 3314 tris
2171 3273 2472 3314 assessuro.
2503 3257 2647 3312 Idem
2681 3271 2893 3310 rursum
2931 3254 2996 3308 de
3027 3251 3216 3306 eodem
3246 3253 3614 3307 ascendente:

354 3359 374 3391 s
426 3340 569 3396 Deus
603 3343 798 3412 judex,
846 3347 1043 3414 justus,
1093 3346 1292 3420 fortis,
1321 3361 1378 3404 et
1424 3351 1634 3419 patiens
1665 3352 1730 3404 ³⁷.
1768 3373 1786 3406 ι
1823 3353 1930 3409 εει]

352 3431 530 3490 Isaias
559 3435 742 3492 volens
770 3437 987 3506 insuper
1020 3441 1363 3507 apertissime
1400 3443 1709 3509 ostendere,
1734 3460 1941 3516 nequa-

347 3540 523 3594 quam
559 3525 724 3581 alium
765 3543 916 3594 esse,
958 3530 1050 3599 qui
1083 3531 1149 3586 de
1175 3533 1312 3588 caelo
1337 3532 1674 3590 descendens
1699 3578 1714 3603 ,
1747 3553 1938 3608 passus

347 3625 418 3672 el
442 3617 684 3686 sepultus
724 3619 932 3677 inferos.
966 3623 1275 3691 spoliasset,
1307 3634 1362 3679 et
1395 3626 1557 3680 alium
1605 3628 1696 3696 qui
1737 3643 1767 3682 e
1796 3637 1936 3683 terra

350 3709 416 3761 in
452 3710 624 3764 caelos
648 3711 992 3777 eveheretur,
1029 3713 1512 3784 interrogationem
1555 3716 1685 3772 facit
1711 3718 1778 3771 ad
1809 3717 1941 3773 Ser-

352 3808 643 3856 varorem-z
681 3819 707 3852 «ι
733 3801 910 3868 Quare
966 3804 1131 3859 rubra
1187 3816 1313 3862 sunt
1355 3808 1673 3862 vestimenta
1717 3817 1842 3875 tua,
1885 3819 1940 3864 et

355 3894 674 3948 indumenta
725 3903 814 3948 tua
874 3895 1014 3950 sicut
1066 3896 1135 3952 de
1200 3898 1413 3953 calcato
1465 3900 1762 3966 torculari,
1794 3900 1939 3970 pleni

354 3981 722 4050 percalcatae?
753 3983 932 4050 Quare
974 4001 1105 4056 ergo
1154 3998 1238 4044 est
1291 3990 1514 4044 rubrum
1562 3990 1936 4047 indumentum

356 4086 536 4138 tuum,
561 4083 615 4129 et
636 4070 957 4130 vestimenta
1007 4060 1093 4131 tua
1143 4079 1282 4133 sicut
1317 4079 1642 4134 calcantium
1673 4081 1727 4134 in
1760 4089 1939 4135 torcu-

355 4163 462 4216 lari
491 4162 575 4216 ³⁸⁸2
602 4181 620 4214 ›
646 4163 822 4253 latque
849 4164 936 4219 ille
967 4165 1181 4233 quidem
1227 4175 1378 4238 rogat
1417 4169 1470 4222 in
1511 4169 1658 4222 hunc
1699 4170 1935 4236 modum,

356 4254 716 4324 itnitatusque
752 4255 1028 4309 Christum
1087 4257 1395 4323 Dominum,
1431 4258 1528 4328 qui
1573 4259 1676 4314 sibi
1732 4259 1835 4328 ipsi
1883 4269 1938 4313 et

355 4343 668 4410 sacrificus,
717 4355 774 4400 et
819 4346 1147 4401 sacrilicium
1201 4347 1337 4414 fuit,
1385 4363 1584 4419 rogans
1623 4351 1935 4419 respondet,

352 4433 661 4490 orationem
686 4435 914 4505 ﬁngens,
945 4436 1100 4503 quasi
1133 4435 1221 4490 ille
1247 4438 1622 4507 responderet.
1654 4439 1795 4510 Ergo
1823 4440 1920 4493 ait:

359 4547 382 4580 ε
427 4527 693 4582 Torcular
719 4528 923 4583 calcavi
955 4527 1126 4594 solus,
1151 4540 1204 4582 et
1238 4532 1305 4584 de
1341 4531 1592 4600 gentibus
1614 4547 1719 4586 non
1749 4542 1833 4588 est
1858 4536 1936 4588 vir

351 4634 573 4674 mecum
605 4619 671 4672 ³⁹.
702 4637 723 4670 ι
755 4618 890 4674 Nam
926 4629 984 4674 ut
1009 4621 1058 4674 ei
1088 4629 1333 4690 tempore
1363 4622 1631 4689 passionis
1665 4639 1773 4677 non
1803 4639 1939 4694 opus

350 4718 482 4767 erat
505 4710 788 4766 duodecim
816 4712 1118 4783 legionibus
1157 4713 1473 4782 angelorum
1509 4715 1747 4786 (poterat
1786 4716 1934 4772 enim

350 4803 445 4858 vel
472 4803 621 4858 solus
651 4818 709 4858 se
735 4819 1098 4874 propugnare,
1127 4813 1182 4860 et
1211 4815 1439 4859 mortem
1472 4805 1730 4875 ell'ugere,
1765 4809 1812 4863 si
1842 4824 1939 4864 vo«

354 4895 579 4960 luisset,
615 4896 964 4964 quantumvis
991 4896 1286 4950 humanum
1314 4896 1570 4966 quiddam
1603 4897 1937 4968 loqueretur;

356 5005 376 5038 ε
431 4984 592 5040 Pater
621 4985 717 5051 mi,
751 4984 796 5038 si
833 4984 1092 5053 possibile
1144 4994 1260 5051 est,
1301 4995 1542 5041 transeat
1580 5002 1609 5040 a
1659 5001 1742 5041 me
1784 4989 1930 5043 calix

348 5080 504 5132 iste:
542 5084 914 5130 verumtamen
971 5092 1076 5130 non
1143 5077 1280 5130 sicut
1327 5093 1425 5147 ego
1465 5078 1606 5142 volo,
1651 5079 1743 5133 sed
1797 5080 1938 5134 sicut

348 5180 410 5223 tu
429 5169 474 5200 ⁸⁸
505 5186 553 5222 ις
579 5168 650 5222 ita
673 5168 760 5223 hic
782 5183 997 5238 quoque
1021 5168 1258 5223 torcular
1282 5169 1508 5223 calcavit
1536 5169 1706 5235 solus,
1735 5171 1935 5227 nullius

349 5274 386 5313 e
421 5258 679 5327 gentibus
705 5273 841 5328 opus
872 5257 1096 5312 habens.
1130 5257 1200 5312 At
1243 5258 1295 5311 in
1326 5273 1580 5325 ascensu,
1608 5260 1752 5329 quod
1789 5261 1930 5316 idem

351 5349 533 5405 Isaias
564 5364 776 5402 rursum
822 5356 1074 5413 testatur,
1110 5366 1128 5400 ι
1161 5347 1352 5403 Decies
1394 5358 1620 5403 centena
1653 5351 1840 5417 millia,
1879 5361 1933 5409 et

349 5440 557 5505 millies
587 5455 816 5496 centena
853 5439 1020 5494 millia
1051 5440 1320 5495 serviliter
1342 5442 1390 5496 ei
1424 5441 1876 5498 ministrabant“.
1904 5461 1921 5494 ›

431 5639 479 5670 ’⁵
514 5639 650 5694 Gen.
686 5657 841 5699 xvttt.
872 5643 926 5700 5.
952 5641 1004 5695 4.

346 5723 518 5775 LXIII,
547 5710 602 5764 2.
679 5711 724 5740 ⁸⁵
752 5711 881 5764 illiti.
913 5713 966 5767 5.

349 5794 550 5842 cxvut,
581 5775 670 5834 ὖὸ.
775 5781 819 5811 ⁸⁸
861 5781 999 5833 Psal.
1036 5797 1191 5845 XXIII,
1217 5775 1282 5839 ⁷7.
1309 5781 1362 5833 9.

351 5849 403 5878 ³ο
432 5847 558 5904 Psal
607 5866 724 5913 xm,
755 5850 804 5902 6.
885 5851 925 5883 ⁸¹
960 5851 1101 5906 Psal.
1143 5867 1288 5915 xvttt,
1319 5851 1372 5916 ιθ,
1401 5850 1452 5903 7.

1043 5713 1088 5744 ⁸ο
1114 5710 1305 5783 Matth.
1340 5726 1489 5769 xxvr.
1520 5712 1609 5765 59.
1686 5710 1729 5740 ⁸³
1773 5711 1865 5764 Dat

1043 5797 1191 5836 ιιιιιι.
1231 5782 1282 5836 7.
1309 5781 1362 5833 9.
1471 5779 1518 5812 ⁸⁸
1557 5780 1686 5835 ibid.
1711 5780 1766 5836 8.
1799 5781 1865 5836 10

1557 5798 1686 5835 lDltl.
1711 5798 1766 5846 δ,
1799 5798 1884 5836 'IU.

1085 5641 1132 5673 ³ο
1156 5639 1220 5694 lll
1241 5639 1549 5710 ch.xvtu,
1580 5639 1670 5695 58.
1744 5640 1788 5673 “
1824 5641 1923 5698 lsa.
1953 5658 2110 5704 unt.
2136 5644 2187 5697 l.

1686 5709 1729 5740 “
1773 5711 1903 5766 Dan.
1949 5729 2047 5778 vn,
2082 5714 2168 5768 ll.
2247 5714 2293 5744 ἰ’
2332 5713 2434 5767 lsa.

1711 5780 1766 5837 8.
1799 5781 1884 5836 10.
1985 5784 2028 5814 δ”
2062 5784 2205 5837 I’sal.
2235 5799 2341 5837 LVI.
2372 5785 2438 5837 12

2107 5799 2205 5838 sat.
2235 5799 2341 5848 LVI,
2372 5799 2457 5837 12.

2044 3372 2063 3404 ς
2104 3352 2356 3407 Exaltare
2387 3365 2548 3421 super
2575 3350 2768 3416 caelos,
2797 3351 2960 3413 Deus,
2999 3358 3052 3403 et
3082 3350 3137 3402 in
3161 3362 3376 3402 omnem
3421 3358 3624 3400 terram

2038 3443 2204 3514 gloria
2233 3441 2406 3506 tua",
2428 3441 2682 3511 quoniam
2707 3440 3048 3511 magnilicata
3070 3449 3152 3494 est
3175 3451 3343 3508 usque
3368 3436 3434 3491 ad
3455 3436 3622 3492 caelos

2039 3533 2406 3587 misericordia
2434 3541 2525 3587 tua
2561 3550 2575 3598 ;
2604 3541 2658 3587 et
2689 3547 2857 3602 usque
2888 3531 2953 3585 ad
2981 3534 3150 3587 nubes
3172 3531 3369 3587 veritas
3397 3540 3487 3586 tua
3501 3530 3568 3596 ⁵⁸,
3597 3548 3618 3584 ι

2038 3623 2193 3693 quasi
2222 3625 2428 3680 diceret
2458 3640 2472 3677 :
2521 3621 2680 3677 Nunc
2704 3623 2812 3694 jam
2849 3637 3037 3679 omnes
3069 3631 3251 3678 vatum
3280 3621 3614 3692 praesagitio-

2039 3729 2136 3770 nes
2156 3721 2283 3770 sunt
2308 3713 2609 3784 completas.
2643 3713 2780 3767 Ante
2820 3713 2968 3768 enim
3009 3721 3132 3767 tuus
3179 3713 3232 3766 in
3277 3723 3480 3767 terram
3521 3711 3620 3766 ad-

2037 3812 2276 3870 ventus,
2308 3819 2338 3860 e
2392 3802 2641 3872 virginali
2691 3803 2954 3871 sanguine
3006 3802 3252 3872 corporis
3296 3802 3618 3872 assumptio,

2039 3897 2340 3963 miracula,
2371 3896 2680 3954 Iudaeorum
2735 3896 2992 3962 ludibria,
3045 3911 3174 3950 crux
3201 3936 3216 3961 ,
3269 3895 3618 3966 supplicium,

2039 4005 2212 4052 mors,
2244 3988 2550 4059 sepultura,
2583 3986 2706 4042 Orci
2747 3986 3014 4057 direptio,
3051 3987 3243 4041 mortis
3287 3987 3616 4064 internecio,

2039 4091 2163 4151 post
2194 4081 2432 4137 triduum
2463 4095 2532 4136 ex
2564 4079 2792 4135 mortuis
2841 4080 3206 4146 resurrectio,
3242 4094 3387 4135 nunc
3417 4088 3470 4136 te
3501 4082 3620 4150 glo-

2039 4172 2182 4226 riose
2227 4170 2489 4237 redivivo,
2545 4169 2916 4224 misericordia
2963 4177 3052 4223 tua
3102 4184 3274 4237 usque
3329 4168 3399 4223 ad
3447 4168 3617 4224 ccelos

2040 4259 2382 4329 tnagnilicata
2419 4261 2536 4326 est‘,
2569 4268 2625 4314 et
2679 4273 2851 4327 usque
2907 4259 2974 4313 ad
3019 4259 3190 4313 nubes
3247 4259 3448 4314 veritas
3502 4267 3616 4314 tua.

2039 4353 2198 4408 Unde
2227 4361 2283 4408 et
2326 4351 2485 4406 laetus
2533 4359 2743 4419 gratum
2796 4364 3016 4404 carmen
3071 4349 3302 4404 Domino
3350 4349 3616 4418 Propheta

2039 4445 2334 4500 decantatis
2359 4444 2424 4497 ab
2468 4444 2703 4498 humana
2738 4451 2926 4496 natura
2961 4441 3102 4505 (erat
3130 4441 3273 4495 enim
3301 4441 3389 4495 illa
3418 4441 3617 4496 misere

2042 4534 2294 4603 paradiso
2327 4535 2611 4587 exturbata
2632 4570 2648 4598 ,
2687 4545 2828 4585 nunc
2858 4529 3317 4602 egregiaChristi
3367 4530 3619 4598 benigni-

2043 4634 2154 4681 tate
2211 4624 2543 4688 revocanda,
2587 4633 2642 4676 et
2667 4623 2734 4677 ad
2766 4621 3068 4692 majestatis
3127 4621 3377 4678 dextram
3425 4623 3616 4678 aeterni

2040 4718 2224 4776 Patris
2256 4717 2634 4787 collocanda):
2674 4735 2692 4768 ι
2730 4716 2862 4783 Quis
2890 4716 3162 4787 loquetur,
3203 4717 3397 4789 inquit,
3425 4726 3616 4787 poten-

2041 4807 2146 4861 tias
2168 4805 2406 4872 Domini,
2433 4814 2489 4861 et
2517 4805 2732 4860 auditas
2765 4803 2928 4860 faciet
2952 4819 3142 4860 omnes
3168 4805 3358 4862 laudes
3379 4806 3603 4876 ejus‘m

2039 4898 2107 4954 Et
2138 4899 2332 4954 iterum
2360 4916 2374 4953 :
2416 4916 2434 4949 ι
2468 4897 2723 4954 Ascendit
2756 4896 2899 4952 Deus
2947 4896 3003 4952 in
3029 4896 3222 4966 jubilo,
3268 4907 3323 4952 et
3351 4896 3614 4952 Dominus

2038 4988 2092 5042 in
2118 5002 2254 5043 voce
2287 4987 2428 5043 tuba:
2461 4986 2528 5041 ⁵ο.
2569 5005 2588 5038 ι
2625 4985 2765 5041 Alibi
2794 5003 2808 5040 :
2846 5003 2866 5036 ι
2903 4985 2962 5040 1η
2997 4984 3109 5040 sole
3142 4985 3320 5055 posuit
3358 4985 3613 5040 taberna-

2044 5081 2222 5135 culum
2258 5096 2436 5146 suum,
2470 5097 2488 5131 ι
2524 5095 2644 5135 cum
2682 5093 2910 5150 corpore
2947 5077 3378 5148 assumptionem
3407 5077 3616 5145 signifi-

2042 5189 2207 5239 cans;
2244 5182 2302 5228 et
2353 5173 2512 5240 paulo
2532 5180 2696 5242 post:
2734 5189 2753 5224 ι
2811 5171 2856 5224 Α
2908 5185 3128 5226 summa
3179 5169 3320 5224 caelo
3371 5167 3616 5238 egressio
3671 5245 3674 5247 Δ

2039 5265 2178 5334 ejus,
2203 5274 2258 5319 et
2288 5279 2550 5320 occursus
2577 5263 2696 5334 ejus
2718 5278 2889 5332 usque
2918 5262 2985 5317 ad
3028 5273 3296 5317 summum
3338 5258 3456 5328 ejus
3491 5259 3561 5316 εί.
3588 5279 3606 5311 ι
3672 5299 3679 5306 .

2038 5360 2246 5427 Quibus
2288 5360 2469 5416 verbis
2518 5358 2785 5427 duplicem
2815 5358 3137 5414 descensum
3164 5371 3194 5412 e
3224 5356 3376 5412 caelis
3411 5358 3464 5411 in
3501 5366 3608 5411 ter-

2033 5460 2173 5508 ram,
2187 5453 2242 5500 et
2264 5446 2365 5501 sub
2386 5456 2608 5512 terram,
2631 5459 2954 5515 rursumque
2972 5460 3037 5501 ex
3059 5445 3127 5500 iis
3153 5444 3206 5498 in
3227 5444 3395 5500 cmlos
3413 5461 3607 5501 ascen-

2261 5642 2712 5709 ‘M‘Psahxuv,
2756 5645 2811 5698 5.
2887 5642 2931 5676 ³⁷
2965 5642 3104 5699 Psal.
3142 5659 3236 5708 vn,
3269 5644 3355 5698 l2.
3434 5644 3479 5676 ³⁵
3509 5645 3608 5705 lsa.

2247 5714 2293 5744 ἰ’
2332 5713 2434 5767 lsa.
2469 5729 2619 5777 ut",
2656 5715 2710 5768 9.
2787 5712 3086 5768 "Zachar.
3117 5729 3226 5775 xtv,
3257 5714 3312 5766 4.
3391 5714 3436 5746 ⁸⁸
3466 5713 3606 5770 Psal.

2247 5799 2341 5848 m,
2372 5785 2457 5837 12.
2559 5784 2606 5816 ’⁸⁸
2629 5782 2771 5838 Psal.
2825 5798 2952 5848 cur,
3000 5783 3054 5836 6.
3151 5783 3359 5838 “Psal.
3412 5800 3495 5853 cv,
3555 5786 3607 5839 2.
