4042 6394
320 400 429 464 915

1559 406 1974 470 ANDRONICI
1997 402 2334 467 COMNENl

3490 387 3594 451 916

320 536 467 584 sum,
493 527 547 574 et
584 519 767 592 gloriae
796 521 1191 591 potestatisque
1232 522 1576 578 traditionem
1610 532 1803 580 notat:
1839 524 1911 578 ita
1938 522 1992 582 Α
2019 522 2250 578 mutabis
2282 534 2376 577 eos
2397 560 2411 585 ,
2446 528 2499 575 et
2530 516 2923 573 mutabuntur:
2962 522 3018 567 tu
3054 520 3233 565 autem
3286 505 3428 562 idem
3468 504 3584 575 ipse

338 611 485 666 enim
513 618 567 664 et
594 610 819 665 dilectus
834 611 924 665 ille
939 610 1271 678 evangelista
1299 612 1373 668 ait
1399 631 1444 667 τι
1466 611 1639 668 Nemo
1661 613 1906 668 ascendit

324 700 380 754 in
430 699 655 763 caelum,
687 699 791 754 nisi
821 700 911 769 qui
942 699 1226 757 descendit
1254 703 1320 758 de
1345 702 1507 769 coelo,
1539 702 1711 757 Filius
1733 702 1906 757 homi-

324 796 431 853 nis.
454 793 545 861 qui
574 796 730 848 estin
749 793 888 847 coelo
917 795 986 848 ⁵¹.
1015 796 1082 851 Ει
1103 796 1169 850 de
1192 804 1502 851 sanctarum
1520 796 1822 849 animarum
1842 809 1908 849 ex

323 884 514 937 inferis
547 883 892 950 liberatione,
937 893 1102 954 atque
1126 884 1403 955 Unlgeniti
1427 900 1677 951 ascensu,
1706 896 1761 942 et
1789 901 1908 942 ses-

322 975 476 1028 sione
503 972 571 1027 ad
598 973 875 1028 dexteram
897 974 1073 1031 Patris
1100 975 1423 1043 vaticinans,
1441 984 1497 1031 et
1513 977 1581 1029 ob
1605 989 1787 1030 curam
1812 974 1910 1029 ho-

325 1078 623 1134 noremque
638 1065 870 1119 humano
892 1066 1074 1135 generi
1102 1070 1401 1135 prmstitum
1424 1067 1491 1121 ab
1522 1065 1729 1135 Opifice
1750 1074 1804 1121 et
1832 1075 1912 1122 to-

326 1156 435 1209 tius
453 1154 692 1209 universi
713 1166 1065 1225 procuratore
1083 1157 1436 1213 vehementer
1450 1158 1727 1213 exsultans
1741 1174 1803 1212 ac
1826 1175 1912 1229 ga-

324 1247 496 1313 visus,
527 1247 743 1316 inquit:
806 1266 825 1299 ι
856 1248 1114 1305 Dominus
1161 1251 1430 1320 regnavit,
1468 1252 1715 1305 decorem
1748 1250 1911 1305 indu-

338 1347 427 1391 tus
451 1346 534 1391 est
562 1338 633 1403 ⁸³,
658 1354 678 1390 ι
712 1338 1089 1393 excellentiam
1111 1341 1356 1409 corporis
1382 1356 1447 1395 ex
1480 1342 1699 1396 interitu
1719 1350 1773 1398 et
1791 1350 1911 1413 post

329 1428 606 1483 mteritum
651 1428 767 1497 ejus
812 1429 1270 1484 immortalitatem
1298 1431 1371 1484 ita
1402 1445 1622 1485 vocans.

399 1517 577 1588 Atque
601 1518 652 1573 id
684 1520 756 1572 ita
783 1532 905 1574 esse
929 1533 994 1574 ex
1018 1519 1375 1588 sequentibus
1404 1521 1585 1574 verbis
1609 1522 1910 1591 planiorem

336 1610 604 1665 habebitis
625 1610 889 1663 dictorum
932 1624 1172 1675 sensum,
1212 1612 1288 1664 ait
1326 1613 1510 1665 enim:
1544 1629 1562 1663 ι
1599 1611 1779 1666 induit
1807 1613 1912 1666 Do-

330 1701 510 1756 minus
557 1700 935 1757 fortitudinem
965 1743 981 1768 ,
1016 1709 1071 1757 et
1112 1702 1393 1771 praecinxit
1446 1717 1506 1757 se
1550 1702 1749 1757 virtute
1781 1702 1851 1757 υδ.
1887 1722 1905 1753 ι

329 1792 407 1846 Ac
444 1791 643 1858 videte,
674 1800 733 1845 ut
766 1792 883 1847 haec
917 1793 983 1847 de
1025 1792 1373 1861 inseparabili
1415 1801 1695 1860 assumpto
1739 1791 1907 1855 dicat,

330 1896 510 1952 neque
544 1896 690 1937 nunc
720 1892 813 1937 aut
841 1882 1051 1952 pridem
1079 1883 1286 1939 viribus
1315 1882 1499 1937 induta
1524 1890 1607 1938 est
1638 1880 1905 1936 Divinitas
1937 1886 1978 1941 Β

328 1986 507 2045 neque
556 1974 608 2029 in
656 1983 932 2045 posterum
969 1973 1267 2041 induetur;
1307 1975 1399 2029 sed
1445 1983 1572 2028 ante
1604 1974 1822 2039 saecula,
1852 1983 1907 2026 et

328 2081 498 2131 nunc,
530 2074 585 2121 et
615 2066 825 2120 cunctis
859 2068 1079 2137 insuper
1108 2064 1307 2121 futuris
1330 2066 1541 2121 saeculis
1586 2066 1772 2120 induta
1802 2075 1903 2120 est.

326 2150 516 2221 Neque
546 2152 661 2223 ipsa
702 2152 876 2209 solum
910 2168 1006 2223 per
1050 2168 1108 2208 se
1158 2154 1335 2210 valida
1367 2165 1475 2222 est,
1522 2156 1613 2209 sed
1658 2154 1909 2210 omnibus

328 2244 452 2300 aliis
479 2258 693 2313 quoque
722 2245 911 2301 eadem
942 2257 1001 2299 ut
1028 2245 1262 2311 valeant,
1298 2246 1546 2317 largitur.
1578 2244 1693 2312 Qua
1740 2246 1807 2301 de
1851 2259 1909 2299 re

329 2334 570 2390 Danielis
604 2336 869 2391 sententia
919 2336 1035 2391 haec
1063 2346 1189 2391 est:
1227 2355 1246 2389 ι
1282 2335 1350 2391 Ει.
1397 2348 1526 2393 ecce
1573 2338 1727 2407 quasi
1772 2337 1909 2391 visio

328 2425 429 2482 ﬁlii
475 2425 749 2481 hominis:
779 2435 836 2481 et
876 2428 1051 2482 erexit
1100 2442 1186 2483 me
1232 2442 1398 2497 super
1442 2442 1617 2498 genua
1665 2442 1809 2495 mea,
1856 2438 1909 2481 et

328 2500 496 2586 super
543 2514 768 2583 vestigia
812 2514 1007 2587 pedum
1048 2528 1339 2582 meorum;
1377 2521 1435 2569 et
1481 2515 1620 2569 dixit
1673 2516 1739 2569 ad
1781 2529 1907 2569 me:

331 2606 579 2662 Viriliter
625 2620 746 2676 age,
796 2617 851 2660 et
895 2605 1254 2661 confortare:
1295 2614 1353 2660 et
1408 2606 1537 2661 'dum
1600 2607 1912 2676 loqueretur

332 2709 548 2751 mecum
575 2733 594 2761 ,
633 2694 967 2751 confortatus
996 2709 1114 2752 sum
1137 2694 1207 2749 ".
1240 2713 1260 2748 ι
1294 2694 1421 2751 Haec
1450 2696 1561 2752 ille.
1624 2697 1734 2753 Nos
1761 2695 1911 2767 psal-

334 2802 550 2842 morum
595 2786 837 2841 carmina
879 2794 1206 2855 repetamus.
1240 2803 1259 2838 ι
1290 2784 1483 2842 Parata
1515 2795 1599 2842 est
1632 2787 1789 2842 sedes
1821 2796 1910 2842 tua

333 2893 404 2934 ex
433 2887 560 2934 tunc
588 2879 659 2946 ⁸⁸,
684 2896 703 2931 ι
737 2879 993 2950 quando?
1025 2894 1090 2935 ex
1123 2894 1229 2951 quo
1253 2879 1534 2936 molienda:
1568 2889 1728 2950 atque
1752 2878 1917 2934 fabri-

336 2969 525 3022 caudae
579 2968 758 3022 omnis
806 2976 1073 3023 creaturae
1118 2967 1268 3023 Patri
1318 2984 1545 3025 consors
1606 2968 1786 3024 factus
1832 2981 1911 3022 es.

336 3058 618 3129 Siquidem
665 3060 982 3116 (economia:
1014 3069 1117 3114 tua:
1148 3074 1380 3128 arcana,
1414 3061 1482 3116 ab
1505 3060 1651 3116 omni
1697 3060 1916 3115 aeterni-

336 3159 449 3207 tate
472 3153 795 3221 praestituta,
829 3153 1093 3208 extremis
1116 3154 1450 3220 temporibus
1477 3162 1601 3208 sunt
1651 3152 1912 3222 perfecta.

331 3242 519 3310 Addit,
552 3252 610 3299 ut
639 3243 943 3299 orationem
971 3243 1218 3299 illustret
1244 3262 1259 3300 :
1295 3261 1316 3296 ι
1354 3245 1398 3298 Α
1420 3245 1617 3299 saeculo
1644 3254 1699 3298 tu
1730 3258 1789 3299 es
1811 3244 1909 3299 ⁸⁷.»

331 3333 403 3388 Et
450 3333 611 3403 paulo
657 3344 815 3401 post:
843 3352 863 3386 ι
912 3335 1249 3390 Testimonia
1303 3344 1395 3390 tua
1440 3336 1726 3391 credibilia
1776 3335 1917 3391 facta

333 3433 462 3480 sunt
512 3425 674 3481 nimis
703 3427 773 3491 ⁸⁸,
807 3444 825 3478 ι
866 3427 920 3481 id
972 3436 1078 3490 est,
1137 3428 1244 3481 fixa
1306 3438 1361 3483 et
1388 3428 1764 3484 irrevocabilia
1830 3438 1921 3483 tua

334 3523 631 3584 pmcepta,
666 3517 824 3583 quale
857 3522 975 3583 est,
1003 3517 1146 3585 quod
1190 3516 1615 3573 Deuteronomio
1669 3519 1801 3573 Mosi
1847 3519 1925 3574 ait

334 3605 483 3661 Deus
514 3623 529 3660 :
568 3625 587 3658 ‹
622 3606 898 3661 Descende
949 3617 1005 3662 et
1048 3616 1361 3663 contestare
1419 3608 1672 3678 populum
1709 3609 1777 3675 ⁵ο,
1813 3612 1838 3659 i
1867 3617 1926 3662 ut

336 3705 599 3752 accurate
623 3697 915 3754 observent
947 3700 1330 3769 mysteriorum
1392 3714 1489 3755 seu
1519 3709 1920 3769 praeceptorum

337 3789 651 3846 rationem:
689 3809 708 3842 ς
749 3790 972 3846 Domum
1011 3802 1157 3846 tuam
1189 3792 1345 3848 decet
1373 3794 1682 3848 sanctitudo
1722 3794 1775 3847 in
1805 3793 1923 3848 lou-

336 3882 635 3954 gitudinem
662 3883 874 3938 dierum
906 3885 975 3939 ⁸⁸.
1010 3902 1029 3936 ι
1072 3883 1300 3939 Domum
1333 3884 1427 3939 Dei
1459 3884 1698 3956 intellige
1724 3884 1923 3939 divini-

336 3984 452 4031 tate
497 3974 751 4030 all‘ectum
793 3975 1071 4031 Christum
1116 3987 1457 4046 assumptum
1488 3994 1502 4031 :
1531 3978 1840 4034 sanctitudo
1869 3985 1924 4032 et

340 4066 626 4137 longitudo
660 4068 897 4134 dierum,
930 4079 1015 4123 est
1059 4069 1317 4140 perennis
1343 4078 1658 4140 aeternaque
1688 4070 1921 4123 duarum

337 4166 655 4214 naturarum
698 4161 849 4226 unio,
883 4177 1004 4233 qua:
1043 4162 1327 4217 discidium
1376 4163 1444 4217 sit
1489 4176 1741 4231 passura.
1772 4161 1921 4217 ldem

342 4266 601 4317 rursum:
646 4271 666 4303 ι
708 4252 1187 4307 Annuntiaverunt
1220 4253 1344 4308 οωιί
1373 4252 1641 4321 justitiam
1681 4251 1832 4320 ejus,
1871 4260 1926 4306 et

338 4342 591 4397 viderunt
610 4356 799 4397 omnes
822 4343 1003 4421 populi
1036 4344 1259 4413 gloriam
1286 4346 1401 4413 ejus
1415 4345 1482 4398 ⁶¹.
1514 4362 1532 4395 ι
1559 4343 1623 4397 Et
1647 4343 1925 4398 adoranti-

338 4435 441 4489 bus
474 4433 669 4487 Filium
706 4434 931 4502 angelis,
969 4436 1045 4488 ait
1072 4453 1087 4489 :
1122 4453 1141 4488 ι
1172 4437 1410 4490 Adorate
1440 4451 1586 4503 eum,
1611 4449 1800 4492 omnes
1827 4450 1920 4489 an-

2010 629 2090 679 es,
2120 622 2175 670 et
2206 613 2333 668 anni
2372 612 2445 667 tui
2478 626 2583 667 non
2617 610 2872 665 deficient
2899 606 2966 657 ει.
3003 623 3022 656 ι

2079 704 2366 774 Propheta:
2406 706 2571 757 Amos
2604 702 2720 755 hac
2755 706 2881 753 sunt
2911 695 3116 750 verba:
3154 710 3174 745 ι
3212 691 3313 758 Qui
3359 687 3595 745 aedificat

2011 793 2066 851 in
2098 794 2237 851 cmlo
2284 792 2658 848 ascensionem
2711 802 2888 852 suam,
2937 793 2994 839 et
3039 782 3389 839 securitatem
3434 791 3592 833 suam

2014 899 2179 953 super
2223 892 2427 939 terram
2480 880 2712 933 fundat:
2764 875 2855 945 qui
2884 882 3043 928 vocat
3075 883 3268 939 aquam
3320 865 3491 921 maris
3539 871 3596 916 et

2013 978 2238 1034 eﬂ'undit
2276 990 2397 1030 eam
2449 986 2613 1040 super
2661 968 2855 1024 faciem
2887 974 3071 1030 terra,
3119 959 3381 1015 Dominus
3412 956 3593 1011 omni-

2013 1078 2207 1141 potens
2236 1081 2429 1123 nomen
2467 1064 2516 1120 ei
2548 1062 2615 1116 ⁸⁸.
2650 1080 2669 1114 ι
2695 1059 2793 1114 Est
2822 1066 3000 1112 autem
3029 1052 3169 1124 quod
3201 1050 3335 1105 dicit
3355 1047 3594 1118 ejusmo-

2012 1140 2064 1218 di
2093 1178 2106 1215 :
2136 1160 2281 1215 Deus
2315 1157 2403 1213 ille
2431 1155 2797 1222 omnipotens,
2827 1143 3201 1204 universitatis
3234 1140 3593 1201 architectus,

2012 1251 2103 1321 qui
2144 1250 2400 1304 reductas
2447 1245 2612 1299 totius
2657 1250 2817 1297 terra:
2877 1251 3047 1307 aquas
3096 1234 3149 1288 in
3211 1230 3593 1299 conceptacula

2011 1344 2258 1415 quaedam
2291 1339 2488 1410 coegit,
2529 1335 2851 1407 degentibus
2900 1332 2955 1386 in
3006 1339 3151 1384 terra
3203 1324 3317 1397 (51)
3343 1365 3358 1389 ,
3391 1323 3507 1392 ipse
3542 1321 3594 1375 in

2012 1450 2176 1491 carne
2204 1434 2427 1504 degens,
2453 1429 2806 1487 securitatem
2850 1438 3030 1488 suam,
3059 1434 3180 1490 qua
3215 1431 3341 1472 vera
3371 1424 3456 1470 est
3500 1427 3592 1467 re-

2012 1527 2165 1597 ligio,
2198 1525 2421 1581 molitus
2445 1523 2585 1578 fuit:
2616 1517 2812 1575 solium
2844 1529 2976 1570 vero
3010 1526 3165 1569 suum
3202 1508 3256 1563 in
3290 1507 3429 1562 ccelo
3456 1504 3594 1597 fixit,

2015 1596 2212 1672 notans
2261 1614 2686 1683 assumptionem
2746 1607 2873 1678 (qua
2924 1610 3235 1672 assumptus
3292 1599 3347 1654 in
3397 1596 3596 1653 caslum

2011 1709 2162 1765 sedet
2199 1709 2267 1763 ad
2298 1705 2390 1762 Dei
2428 1704 2604 1759 Patris
2633 1696 2932 1769 dextram).

2561 1876 2794 1934 CAPUT
2835 1874 3014 1930 LXIV.

2370 2017 2444 2072 De
2478 2015 2678 2073 Christi
2705 2022 2934 2071 secundo
2970 2014 3220 2071 adventu.

2077 2152 2449 2210 Consentanea
2508 2159 2635 2208 sunt
2709 2150 2800 2205 illa
2865 2166 2881 2207 :
2929 2167 2948 2202 ‹
2998 2147 3064 2202 Ει
3118 2144 3365 2202 ascendit
3434 2157 3601 2213 super

2008 2244 2321 2308 Cberubim,
2351 2255 2405 2301 et
2437 2244 2639 2299 volavit
2686 2257 2849 2311 super
2896 2255 3102 2311 pennas
3161 2247 3444 2294 ventorum
3471 2236 3538 2291 “.
3573 2253 3593 2288 ι

2012 2340 2186 2409 Atque
2217 2338 2385 2393 alibi:
2422 2354 2443 2388 ι
2498 2335 2770 2398 Exaltare,
2824 2334 3074 2397 Domine,
3122 2331 3175 2385 in
3226 2330 3429 2383 virtute
3483 2336 3599 2392 tua,

2011 2431 2353 2486 cantabimus
2399 2437 2453 2485 et
2499 2430 2791 2500 psallemus
2836 2427 3068 2482 virtutes
3109 2433 3229 2479 tuas
3253 2424 3321 2478 ".
3375 2440 3396 2475 ι
3434 2420 3603 2475 Porro

2013 2529 2193 2576 autem
2255 2521 2321 2576 de
2365 2521 2603 2578 secundo
2649 2519 2853 2575 Christi
2897 2517 3127 2572 adventu
3177 2530 3275 2586 per
3322 2512 3601 2567 Michaaam

2014 2616 2150 2672 Filio
2196 2616 2273 2670 ait
2311 2616 2497 2673 Deus:
2536 2636 2555 2669 ι
2595 2616 2769 2686 Surge
2817 2623 2873 2669 et
2930 2614 3124 2668 tritura
3174 2610 3347 2680 :quia
3395 2622 3599 2664 cornua

2016 2716 2101 2763 tua
2133 2722 2328 2778 ponam
2367 2707 2568 2774 ferrea,
2600 2717 2653 2762 et
2696 2705 2921 2776 ungulas
2963 2712 3083 2757 tuas
3134 2717 3330 2770 ponam
3386 2713 3556 2754 areas
3581 2714 3598 2731 ’

2014 2805 2068 2851 et
2117 2797 2454 2852 eomminues
2509 2795 2734 2867 populos
2792 2793 2988 2849 multos
3030 2792 3114 2858 ⁶⁶;
3168 2809 3187 2843 ›
3234 2800 3291 2845 et
3345 2790 3537 2843 iterum
3582 2802 3597 2841 :

2022 2909 2041 2943 ι
2082 2890 2259 2957 Surge
2282 2888 2527 2958 judicare
2577 2887 2717 2957 apud
2762 2895 2975 2940 montes
3016 2892 3117 2941 :et
3162 2881 3385 2937 audiant
3432 2877 3598 2934 colles

2016 2995 2203 3036 vocem
2238 2989 2406 3034 tuam.
2432 2978 2649 3045 Audite,
2682 2986 2923 3041 montes,
2977 2974 3238 3045 judicium
3285 2972 3521 3036 Domini,
3550 2978 3606 3025 et

2015 3070 2203 3138 valles,
2235 3079 2291 3126 et
2326 3070 2671 3125 fundamenta
2702 3078 2863 3123 terra:
2887 3084 2902 3134 ;
2928 3066 3052 3135 quia
3081 3064 3341 3133 judicium
3373 3061 3600 3116 Domino

2018 3166 2280 3220 adversus
2318 3161 2567 3232 populum
2611 3175 2805 3223 suum;
2839 3169 2894 3213 et
2939 3171 3061 3211 cum
3112 3154 3275 3210 lsrael
3328 3151 3602 3223 judicabi-

2026 3265 2115 3310 tur
2141 3257 2208 3311 θ’.
2248 3273 2267 3307 ι
2301 3253 2408 3309 Per
2434 3252 2631 3309 Isaiam
2658 3266 2791 3307 vero
2823 3249 2965 3305 Deus
3000 3249 3078 3304 sic
3107 3264 3122 3302 :
3159 3264 3179 3299 ι
3218 3244 3439 3300 Justitia
3489 3257 3609 3297 mea

2026 3361 2131 3402 non
2169 3345 2513 3417 elongabitur
2545 3361 2559 3399 :
2594 3352 2647 3398 et
2694 3341 2945 3407 salutem,
2976 3353 3096 3408 quae
3144 3352 3173 3391 a
3219 3351 3306 3391 me
3347 3345 3453 3399 est,
3497 3343 3608 3387 tar-

2024 3437 2154 3491 dare
2182 3451 2291 3491 non
2324 3436 2517 3491 faciam
2548 3434 2618 3487 ".
2658 3451 2677 3487 ι
2724 3431 3068 3501 Sophonias:
3105 3447 3125 3482 ι
3162 3427 3373 3482 Timete
3413 3439 3442 3478 a
3474 3424 3611 3478 facie

2026 3526 2237 3581 Domini
2290 3525 2421 3590 Dei,
2451 3526 2575 3595 quia
2615 3538 2785 3593 prope
2822 3531 2907 3578 est
2936 3521 3052 3576 dies
3088 3518 3295 3575 Domini
3326 3517 3397 3570 τί.
3433 3533 3452 3567 ι
3492 3513 3603 3567 Za-

2024 3618 2241 3674 charias
2272 3635 2287 3673 :
2322 3636 2341 3670 ι
2381 3615 2510 3672 Haec
2560 3616 2690 3671 dicit
2738 3614 3001 3669 Dominus
3040 3612 3381 3680 omnipotens
3430 3605 3614 3663 :Ecce

2030 3708 2140 3776 Vir,
2174 3710 2367 3766 Oriens
2414 3722 2609 3762 nomen
2664 3705 2782 3778 ejus
2829 3721 2847 3764 :
2887 3714 2942 3759 et
2982 3704 3050 3759 ab
3094 3699 3444 3759 inferioribus
3496 3699 3613 3766 ipse

2024 3805 2253 3866 orietur,
2278 3811 2333 3855 et
2363 3800 2571 3856 sedebit
2599 3813 2759 3868 super
2781 3799 2976 3852 throno
3008 3811 3107 3852 suo
3124 3796 3191 3847 ".
3224 3811 3244 3847 ι
3278 3791 3449 3848 Isaias
3477 3804 3610 3845 vero

2025 3893 2217 3946 iterum
2250 3907 2264 3942 :
2307 3908 2325 3942 ι
2360 3888 2581 3945 lndutus
2626 3896 2709 3944 est
2747 3887 3013 3958 justitiam
3051 3884 3205 3955 quasi
3264 3882 3510 3945 loricam,
3550 3890 3607 3934 et

2026 3985 2205 4056 posuit
2240 3983 2448 4054 galeam
2474 3983 2529 4037 in
2562 3980 2739 4051 capite
2769 3994 2787 4035 :
2817 3987 2872 4034 et
2921 3977 3283 4034 circumdatus
3324 3983 3411 4029 est
3451 3971 3615 4027 vesti-

2024 4082 2211 4130 mento
2259 4074 2510 4127 vindicta;
2531 4112 2545 4138 ,
2571 4082 2627 4126 et
2660 4070 2822 4141 pallio
2853 4070 2992 4135 zeli,
3049 4068 3206 4137 quasi
3239 4066 3612 4120 retributurus

2026 4164 2437 4221 retributionem
2481 4162 2831 4231 opprobrium
2872 4159 3199 4214 adversariis
3242 4156 3373 4221 suis,
3403 4164 3458 4209 et
3488 4153 3612 4207 vin-

2027 4254 2223 4308 dictam
2287 4251 2533 4307 hostibus
2574 4250 2688 4306 suis
2733 4268 2747 4305 :
2800 4248 2990 4304 insulis
3044 4247 3217 4301 vicem
3278 4237 3609 4299 reddetht

2028 4344 2291 4399 timebunt
2319 4344 2407 4412 qui
2456 4343 2524 4397 ab
2578 4339 2871 4397 Occidente
2919 4352 3114 4392 nomen
3165 4336 3399 4401 Domini,
3433 4343 3489 4389 et
3516 4332 3611 4403 qui

2028 4437 2096 4491 ab
2145 4446 2267 4491 ortu
2316 4435 2444 4491 solis
2498 4448 2694 4487 nomen
2738 4432 2856 4501 ejus
2905 4430 3188 4499 inclytum.
3223 4426 3417 4482 Veniet
3473 4425 3617 4480 enim

338 4530 444 4603 geli
479 4529 597 4600 ejus
619 4531 687 4585 ⁶¹.
724 4548 743 4582 ι
788 4532 860 4585 At
890 4529 1051 4599 Filio,
1088 4533 1177 4601 qui
1211 4533 1500 4588 adoretur:
1544 4550 1563 4585 ι
1596 4530 1765 4588 Sedes
1805 4540 1917 4597 tua,
1950 4547 1998 4604 ι)
2027 4527 2181 4595 quasi
2227 4525 2421 4581 ﬂuvius
2449 4524 2716 4579 violentus
2748 4522 2825 4576 ira
2856 4521 2975 4589 ejus
3009 4521 3228 4573 :veniet
3255 4534 3378 4573 cum
3407 4517 3613 4570 furore.

339 4626 506 4692 Deus,
547 4625 601 4679 in
650 4625 908 4680 saeculum
957 4625 1163 4688 saeculi,
1196 4626 1344 4697 virga
1394 4626 1735 4691 directionis,
1763 4625 1915 4695 virga

342 4718 497 4789 regni
528 4717 627 4773 tui.
660 4717 910 4774 Dilexisti
938 4717 1229 4787 justitiam,
1262 4729 1316 4771 et
1344 4717 1508 4795 odisti
1539 4718 1917 4787 iniquitatem:

341 4819 627 4881 propterea
674 4811 834 4866 unxit
881 4820 933 4865 te
985 4811 1145 4876 Deus,
1198 4810 1341 4865 Deus
1386 4818 1531 4875 tuus,
1563 4809 1683 4865 oleo
1724 4809 1923 4864 laetitia:

341 4915 454 4970 pra:
502 4902 845 4956 consortibus
891 4900 998 4955 tuis
1023 4901 1105 4967 “.,
1136 4919 1155 4951 ι
1206 4911 1259 4955 et
1296 4908 1373 4964 tu,
1424 4900 1515 4970 qui
1570 4913 1715 4954 nunc
1761 4913 1923 4953 carne

342 4992 568 5048 vestitus
600 4992 665 5046 ad
696 4991 893 5047 coelum
924 4991 1247 5062 regrederis,
1293 5008 1312 5042 ι
1350 4989 1509 5045 Initio
1539 5000 1617 5056 tu,
1673 4986 1921 5053 Domine,

342 5094 544 5139 terram
599 5083 861 5148 fundasti,
894 5090 949 5136 et
1002 5096 1169 5152 opera
1223 5096 1481 5135 manuum
1537 5090 1749 5134 tuarum
1798 5087 1926 5133 sunt

342 5172 467 5229 εωιί
498 5188 516 5226 :
555 5172 655 5241 ipsi
693 5173 950 5243 peribunt
983 5179 1036 5223 tu
1070 5179 1250 5225 autem
1299 5181 1606 5239 permanes,
1650 5175 1706 5220 et
1734 5179 1924 5220 omnes

343 5265 487 5322 sicut
512 5265 897 5321 vestimentum
924 5271 1288 5327 veterascent,
1324 5270 1379 5315 et
1408 5259 1550 5314 sicut
1589 5256 1920 5327 opertorium

388 5408 462 5440 ’δ’
488 5407 649 5462 Joan.
687 5424 779 5469 ιιι,
832 5408 915 5463 l3.
1013 5407 1058 5438 "
1115 5404 1261 5469 Psal.
1313 5421 1445 5466 xcn,
1499 5404 1550 5457 1.
1675 5403 1723 5436 ⁸⁸
1757 5399 1887 5457 ibid.

346 5476 391 5509 "
422 5478 632 5533 ibid.5.
709 5478 752 5509 ⁵³
784 5476 949 5532 Exod.
988 5492 1099 5541 xIx,
1124 5476 1222 5528 Ἦ.

347 5562 420 5613 Cl,
458 5547 548 5602 ‘26.
629 5548 674 5579 "
710 5546 875 5601 Amos
922 5564 996 5613 ιιι,
1027 5546 1082 5601 6.
1179 5546 1223 5577 ⁸⁸
1260 5544 1403 5598 Psal.
1429 5560 1559 5608 xvn,
1584 5544 1671 5613 11.

1301 5476 1346 5506 “
1375 5463 1519 5528 Psal.
1542 5487 1667 5531 xcu,
1700 5473 1754 5527 5.
1830 5474 1871 5503 ⁸⁸
1904 5469 2047 5524 Psal.
2077 5483 2219 5527 xcvi.
2250 5467 2302 5522 6.
2379 5467 2422 5498 ⁸³
2457 5463 2659 5519 ibid.8.

1304 5544 1403 5595 sal.
1429 5560 1559 5595 xvn.
1584 5544 1671 5595 11.
1768 5543 1810 5574 ⁸⁷
1839 5539 1984 5595 Psal.
2021 5555 2114 5595 xx.
2148 5538 2237 5593 14.
2318 5536 2363 5568 “
2400 5534 2592 5588 Matth.
2628 5548 2659 5587 ι’

2028 4617 2094 4671 Et
2132 4617 2309 4670 veniet
2347 4630 2415 4671 ex
2454 4614 2585 4669 Sion
2638 4612 2726 4681 qui
2769 4611 2982 4673 liberat,
3023 4618 3078 4663 et
3118 4613 3326 4661 avertet
3373 4604 3619 4672 impieta-

2031 4717 2109 4763 tes
2131 4723 2160 4761 a
2189 4707 2378 4770 Jacob,
2414 4706 2550 4760 dixit
2587 4702 2845 4757 Dominus
2896 4699 3238 4769 omnipotens
3265 4696 3333 4747 ⁷³.
3358 4712 3377 4746 ι
3414 4693 3479 4746 Ει
3514 4693 3619 4745 Da-

2029 4800 2117 4854 vid
2147 4813 2162 4851 :
2206 4818 2225 4851 ‹
2263 4799 2523 4866 Exsurge,
2560 4793 2805 4857 Domine,
2833 4793 2886 4845 in
2935 4791 3012 4843 ira
3063 4798 3174 4854 tua,
3208 4795 3263 4841 et
3297 4785 3539 4840 exaltare
3564 4782 3619 4836 in

2033 4890 2229 4945 ﬁnibus
2278 4889 2619 4943 inimicorum
2672 4893 2928 4938 tuorum:
2975 4888 3029 4935 et
3085 4892 3337 4947 exsurge,
3387 4876 3615 4930 Domine

2034 4983 2177 5038 Deus
2201 4995 2370 5045 meus,
2398 4978 2450 5032 in
2476 4984 2740 5045 praecepto
2761 4975 2899 5044 quod
2946 4972 3236 5034 mandasti,
3267 4979 3323 5023 et
3345 4982 3614 5039 synagoga

2032 5074 2354 5145 pepulorum
2388 5069 2744 5126 circumdabit
2787 5078 2879 5123 te:
2923 5076 2977 5121 et
3006 5073 3225 5134 propter
3267 5064 3405 5117 hanc
3455 5062 3510 5115 in
3545 5059 3621 5112 al-

2034 5175 2149 5221 tum
2180 5165 2505 5235 regredere:
2541 5160 2799 5216 Dominus
2826 5159 3033 5229 judicat
3076 5155 3307 5225 populos
3338 5151 3405 5207 ⁷⁸.
3441 5170 3460 5203 ι
3487 5150 3622 5206 Vide

2033 5264 2092 5311 ut
2119 5263 2244 5325 apta
2261 5263 2315 5308 et
2334 5250 2630 5322 composita
2665 5250 2735 5305 sit
2763 5249 3050 5305 sententia.
3076 5245 3353 5315 Explicata
3387 5243 3620 5311 primum

3402 5383 3446 5415 "
3480 5380 3618 5438 ibid.

3396 5455 3442 5486 ⁸⁸
3471 5450 3616 5506 Psal.

3438 5522 3484 5555 "
3510 5521 3614 5579 lsa.

2839 5390 2886 5424 ⁵⁸
2911 5389 3056 5444 Psal.
3077 5402 3204 5450 xcu,
3233 5385 3290 5441 ‘2.

2743 5461 2788 5493 ”
2813 5458 2957 5515 Psal.
2993 5474 3143 5521 κων,
3171 5457 3223 5519 7,
3255 5459 3308 5510 8.

2743 5532 2825 5587 l5.
2923 5528 2968 5559 ⁶⁹
3002 5528 3164 5582 Mieh.
3199 5542 3269 5595 vt,
3300 5524 3351 5579 1.

2020 5400 2066 5433 ⁸⁸
2098 5398 2234 5452 Dan.
2275 5412 2329 5462 Χ,
2385 5394 2473 5455 16.
2524 5393 2726 5454 18,19.

2318 5536 2363 5568 ⁸⁸
2400 5534 2592 5588 Matth.
2628 5548 2704 5595 tv,
2737 5532 2825 5587 15.

348 5598 609 5682 ﬁnita.
689 5598 1010 5687 “36131.3,
1038 5598 1094 5669 '7'.
1172 5615 1216 5648 ⁷⁸
1246 5614 1411 5669 Zach.
1445 5629 1517 5680 vt,
1548 5598 1636 5669 12.
1713 5613 1760 5645 ’³
1785 5611 1888 5668 lsa.

2023 5653 2033 5678 ,
2074 5598 2159 5678 Π,
2202 5607 2288 5670 18,
2323 5620 2477 5677 seqq.
2555 5602 2602 5636 ⁷⁸
2637 5602 2779 5659 Psal.
2811 5615 2908 5665 vn,
2944 5598 3057 5654 7-9.

422 5789 537 5865 (fit)
566 5786 919 5861 imperfectus
949 5794 1003 5844 et
1034 5785 1297 5842 obscurus
1330 5797 1543 5844 sensus.
