4042 6394
375 441 478 507 9η

1432 430 1819 493 DIALOGUS
1859 430 2160 495 CONTRA
2200 437 2533 504 JUDEEOS.

3522 435 3627 499 918

374 556 458 610 his
496 550 673 619 verbis
695 564 760 605 ex
796 545 995 609 inferis
1017 541 1414 603 resurrectione
1446 557 1463 594 :
1493 558 1511 591 ι
1544 538 1820 607 Exsurge,
1854 536 1962 591 Do-
1991 551 2040 611 Α
2065 541 2345 597 desursum
2374 586 2388 609 ,
2421 553 2475 598 et
2532 554 2730 598 terram
2785 543 3097 599 discernere
3149 542 3405 613 populum
3457 558 3634 596 suum.

387 650 536 703 mine
594 648 649 701 in
706 646 786 698 ira
819 655 929 709 tua,
972 661 990 693 ι
1025 642 1077 695 id
1135 648 1218 693 est
1254 637 1437 692 furore
1477 635 1661 706 gloriae
1730 642 1835 688 tua:
1892 634 1960 687 ad

378 738 529 791 Juda:
600 734 1021 790 internecionem
1078 746 1093 784 :
1155 727 1483 798 subjungit;
1536 743 1557 777 ι
1598 722 1847 778 Exaltare
1906 722 1959 775 in

378 831 577 883 finibus
632 826 979 881 inimicorum
1026 833 1278 886 tuorum;
1321 838 1339 871 ι
1391 820 1443 873 in
1495 816 1634 872 ctelo
1682 831 1786 870 una
1836 829 1961 870 cum

374 926 584 994 angelis
643 936 805 989 super
855 920 1026 973 nubes
1083 914 1504 970 conscendens:
1542 929 1561 963 ι
1599 910 1664 965 ΕΙ.
1704 922 1957 978 exsurge,

375 1017 600 1071 Domine
646 1012 789 1065 Deus
831 1024 1007 1072 meus,
1044 1010 1098 1062 in
1132 1015 1403 1077 praecepto
1436 1002 1579 1073 quod
1614 1000 1907 1064 mandasti,
1936 1017 1953 1048 ι

373 1103 631 1175 quando?
664 1115 784 1156 cum
822 1099 888 1165 in
922 1108 1069 1153 terra
1112 1104 1433 1165 corporatus
1479 1092 1626 1145 visus
1657 1106 1750 1154 es,
1786 1098 1840 1143 et
1878 1089 1962 1142 in-

2061 631 2400 704 Congregate
2458 634 2533 688 illi
2596 645 2814 690 sanctos
2867 636 3007 703 ejus,
3038 637 3130 707 qui
3170 636 3425 689 ordinant
3475 644 3639 689 testa-

2062 732 2303 777 mentum
2336 726 2455 793 ejus
2494 740 2658 792 super
2697 725 2965 779 sacrificia
2995 726 3063 779 ⁸⁵.
3096 745 3115 777 ι
3154 725 3220 779 Ει
3249 725 3377 779 alibi
3410 743 3423 780 :
3477 742 3494 774 ι
3537 725 3639 778 Se-

2063 813 2168 867 mel
2208 813 2420 869 locutus
2446 824 2530 870 est
2562 814 2741 880 Deus;
2777 813 2885 868 duo
2919 816 3043 882 hac
3079 816 3299 881 audivi;
3337 833 3354 865 ι
3394 830 3641 884 quaenam

2061 902 2195 956 illa?
2223 905 2275 957 in
2328 914 2469 958 terra
2514 905 2675 968 Deus,
2710 906 2763 959 in
2809 907 2963 961 caelis
3002 908 3187 961 homo.
3222 907 3385 961 Addit
3441 909 3643 962 oratio-

2064 1004 2184 1044 nem
2220 990 2589 1047 confirmans:
2631 1010 2649 1043 ι
2689 993 2822 1059 Quia
2869 1006 3110 1064 potestas
3142 996 3231 1050 Dei
3284 1006 3367 1050 est
3399 1014 3410 1050 :
3444 1006 3496 1051 et
3527 1005 3640 1060 tua,

2063 1081 2322 1149 Domine,
2356 1085 2725 1139 misericordia
2761 1102 2775 1139 :
2828 1087 2952 1155 quia
2980 1097 3033 1140 tu
3095 1089 3285 1142 reddes
3346 1090 3643 1158 unicuique

375 1170 460 1249 {er
502 1194 751 1247 homines
794 1199 1061 1243 versatus.
1101 1185 1328 1242 Gemina
1358 1192 1487 1239 ευηι
1539 1194 1719 1236 amem
1766 1190 1819 1235 ει
1871 1178 1959 1233 illa
2056 1170 2210 1239 juxta
2243 1187 2405 1242 opera
2438 1188 2535 1228 sua
2562 1174 2629 1228 ⁸⁵.
2670 1192 2689 1226 ι
2726 1175 2972 1245 Eumque
3004 1190 3225 1233 secutus
3257 1178 3459 1235 Paulus
3490 1184 3639 1236 voci-

372 1283 715 1355 evangelistze
768 1281 931 1337 verba
968 1298 981 1334 :
1020 1297 1038 1331 ι
1074 1277 1229 1332 Tunc
1260 1276 1473 1332 sedebit
1512 1273 1682 1329 Filius
1720 1271 1958 1327 hominis

374 1389 536 1443 super
584 1376 766 1428 sedem
827 1370 1129 1437 maiestatis
1181 1382 1293 1423 suae
1335 1386 1349 1420 :
1386 1375 1441 1420 et
1486 1362 1962 1433 congregabuutur

375 1476 503 1519 ante
537 1479 660 1519 eum
706 1477 896 1518 omnes
926 1470 1138 1531 gentes,
1172 1468 1227 1513 et
1258 1458 1535 1527 separabit
1580 1470 1677 1511 eos
1715 1454 1783 1508 ab
1814 1454 1958 1508 invi-

375 1569 515 1621 cem,
568 1556 711 1610 sicut
766 1562 953 1623 pastor
1004 1560 1253 1621 segregat
1303 1563 1434 1604 oves
1483 1547 1551 1601 ab
1607 1546 1780 1601 hcedis
1827 1546 1893 1611 ⁷⁸,
1930 1563 1948 1596 ι

376 1646 519 1717 quod
553 1645 694 1699 idem
726 1654 808 1699 est
837 1658 959 1697 cum
990 1642 1083 1696 illo
1112 1640 1432 1711 prophetico
1459 1658 1472 1692 :
1516 1657 1534 1689 ι
1569 1637 1638 1691 Ει
1682 1650 1955 1706 synagoga

377 1736 699 1807 populorum
733 1734 1097 1791 circumdabit
1124 1742 1200 1788 te.
1239 1752 1258 1784 ι
1291 1732 1560 1786 Caeterum
1590 1739 1651 1783 ut
1692 1742 1954 1784 aeternum

380 1842 446 1881 ac
495 1839 731 1897 perenne
788 1838 1002 1895 tempus
1034 1822 1325 1895 significet,
1355 1822 1534 1875 addit:
1571 1837 1589 1871 ι
1625 1820 1693 1874 Et
1736 1828 1957 1889 pr0pter

2062 1262 2271 1317 feratur
2304 1281 2319 1319 :
2363 1282 2381 1315 ι
2427 1265 2482 1317 In
2512 1281 2576 1319 eo
2611 1267 2779 1334 enim,
2817 1268 2871 1320 in
2903 1283 3008 1338 quo
3034 1284 3232 1339 passus
3260 1280 3344 1325 est
3386 1273 3521 1340 ipse,
3555 1288 3648 1341 po-

2065 1363 2183 1407 tens
2218 1365 2302 1410 est
2324 1364 2378 1409 et
2408 1357 2508 1420 eis,
2546 1358 2637 1425 qui
2672 1368 2979 1422 tentantur,
3034 1360 3283 1415 auxiliari
3313 1362 3379 1416 ⁸⁸.
3412 1382 3430 1413 ι
3460 1362 3527 1416 Ει
3553 1378 3650 1433 per

2063 1442 2395 1513 Sophoniam
2430 1446 2572 1501 Deus
2619 1449 2781 1502 Pater
2824 1451 3151 1506 confirmat:
3194 1471 3211 1504 ι
3264 1451 3332 1507 Et
3380 1455 3649 1509 tribulabo

2061 1537 2311 1594 homines
2342 1547 2396 1593 et
2435 1539 2789 1594 ambulabunt
2823 1553 2879 1594 ut
2908 1545 3054 1608 caeci,
3096 1547 3221 1614 quia
3263 1547 3489 1602 Domino
3521 1564 3650 1617 pec~

2061 1641 2257 1684 carum
2284 1630 2352 1685 ⁸⁷.
2390 1649 2408 1682 ι
2442 1630 2700 1687 Videtis?
2738 1648 2843 1687 ιιοιι
2896 1636 3033 1689 dixit
3082 1653 3095 1691 :
3150 1638 3286 1704 Quia
3335 1639 3464 1692 mihi
3527 1654 3651 1709 pec-

2060 1732 2274 1788 carunt,
2342 1724 2456 1787 sed,
2492 1742 2509 1775 ι
2547 1724 2818 1791 Domino;
2853 1743 2871 1776 ι
2926 1728 3252 1782 charissimo
3307 1733 3450 1783 enim
3513 1729 3649 1787 Filio

2061 1827 2249 1879 poenas
2310 1806 2657 1883 irrogarunt,
2736 1816 3031 1869 secundum
3113 1827 3469 1886 assumptum.
3523 1821 3648 1877 Ideo

376 1917 519 1971 hanc
571 1917 849 1986 (causam,
928 1914 998 1969 ob
1048 1928 1235 1969 verum
1301 1925 1493 1979 nempe
1545 1908 1830 1979 judicium)
1906 1909 1958 1961 in
1996 1896 2037 1950 Β
2073 1919 2091 1952 ι
2129 1901 2398 1955 effundam
2446 1903 2764 1971 sanguinem
2807 1918 2995 1957 eorum
3052 1906 3193 1960 sicut
3247 1908 3561 1977 pulverem,
3594 1923 3651 1965 et

377 2010 547 2062 altum
578 2008 887 2077 regredere,
925 2024 943 2058 ι
975 2006 1276 2062 ostendens
1300 2002 1465 2056 alium
1491 2001 1697 2070 justum
1721 2000 1958 2070 judicem

377 2114 499 2155 esse
545 2099 769 2163 nullum,
816 2098 917 2151 nisi
950 2108 1001 2152 te
1030 2096 1229 2157 solum,
1268 2094 1358 2163 qui
1398 2094 1549 2162 prius
1578 2092 1645 2145 ad
1680 2091 1958 2145 hominum

377 2194 633 2256 Salutem,
661 2201 783 2259 post
812 2191 879 2245 ad
907 2189 1168 2259 judicium
1195 2202 1226 2241 e
1270 2185 1408 2242 cmlo
1436 2184 1802 2245 descendisti,
1838 2197 1960 2235 rur-

378 2296 611 2350 sumque
652 2281 705 2333 in
755 2278 926 2334 cmlos
976 2275 1292 2332 ascendisti.
1339 2273 1575 2343 Ideoque
1625 2274 1824 2327 charus
1869 2272 1961 2324 ille

377 2372 679 2442 discipulus
717 2380 871 2425 tonat
904 2386 918 2424 :
976 2386 995 2420 ι
1027 2366 1196 2422 Nemo
1229 2366 1481 2422 ascendit
1516 2366 1569 2419 iu
1603 2364 1823 2429 coelum,
1856 2364 1959 2417 nisi

378 2466 469 2533 qui
499 2459 783 2519 descendit
823 2464 889 2516 de
939 2460 1103 2526 coelo,
1136 2454 1309 2512 Filius
1345 2456 1602 2520 hominis,
1632 2455 1723 2523 qui
1776 2462 1859 2508 est
1887 2453 1958 2515 ,ιιι

338 2624 341 2627 _
376 2555 515 2611 caelo
546 2555 612 2607 ⁷⁸.
655 2572 674 2607 ι
724 2550 972 2608 Jeremiae
1012 2565 1227 2621 quoque
1269 2550 1387 2605 haec
1421 2558 1545 2604 sunt
1600 2546 1761 2601 verba
1795 2563 1811 2601 :
1846 2565 1865 2597 ι
1900 2547 1959 2601 In

380 2654 625 2717 tempore
662 2644 755 2701 illo
785 2644 1055 2700 vocabunt
1106 2640 1410 2698 Jerusalem
1460 2639 1656 2694 solium
1703 2637 1955 2694 Domini:

376 2750 432 2795 et
458 2737 935 2808 congregabuntur
959 2748 1148 2789 omnes
1175 2742 1367 2800 gentes
1402 2732 1469 2786 ad
1498 2746 1619 2786 eam
1654 2730 1724 2783 ".
1761 2747 1779 2781 ι
1813 2729 1958 2795 Quin

378 2838 437 2883 et
494 2827 752 2881 Salomon
786 2824 907 2880 ait:
945 2840 965 2876 ι
1006 2822 1229 2893 Repelle
1278 2823 1414 2876 iram
1463 2835 1492 2873 a
1537 2820 1699 2874 corde
1746 2828 1863 2882 tuo,
1904 2825 1959 2871 et

378 2920 532 2974 aufer
562 2917 819 2972 malitiam
854 2931 885 2970 a
917 2930 1082 2970 carne
1129 2925 1257 2968 tua:
1304 2927 1586 2982 usquequo
1642 2927 1747 2965 non
1803 2912 1960 2966 obte-

379 3012 667 3066 nebrescet
697 3008 806 3073 sol,
837 3016 893 3062 et
919 3000 1051 3061 luna
1082 3015 1135 3061 et
1166 3005 1335 3061 stella:
1368 3020 1470 3058 nou
1529 3004 1731 3057 dabunt
1776 3002 1957 3057 lumen

377 3115 534 3156 suum
572 3099 641 3153 ".
681 3116 700 3150 ι
736 3098 808 3152 lis
832 3097 1011 3152 verbis
1050 3095 1354 3151 secundum
1405 3092 1607 3148 Christi
1668 3096 1957 3148 adventum

381 3194 631 3257 innuens,
665 3204 790 3245 cum
827 3190 1140 3243 universum
1194 3188 1298 3242 hoc
1345 3200 1505 3240 omne
1548 3184 1870 3252 mutabitur,
1903 3194 1959 3240 et

379 3281 537 3351 quasi
566 3281 884 3349 refingetur.
924 3278 992 3332 Et
1020 3276 1190 3331 David
1225 3295 1241 3332 :
1279 3294 1300 3328 ι
1336 3276 1605 3342 Quoniam
1649 3289 1779 3331 ecce
1809 3289 1964 3345 reges

381 3376 541 3422 terra:
569 3365 879 3436 congregati
923 3375 1473 3431 sunt,‘convenerunt
1505 3364 1557 3418 in
1592 3379 1760 3419 unum
1796 3381 1811 3418 :
1854 3365 1956 3434 ipsi

382 3458 630 3513 videntes
666 3457 746 3511 sic
779 3454 1031 3510 admirati
1077 3464 1238 3520 sunt,
1272 3455 1583 3510 conturbati
1629 3467 1775 3521 sunt,
1810 3469 1962 3510 com-

386 3550 516 3604 moti
550 3560 698 3616 sunt,
730 3557 934 3605 tremor
976 3547 1332 3619 apprehendit
1360 3561 1455 3602 eos
1484 3566 1499 3603 :
1530 3548 1602 3603 ibi
1634 3548 1871 3610 dolores,
1905 3559 1964 3602 ut

384 3642 732 3712 parturientis
771 3642 842 3695 ".
883 3659 903 3693 ι
940 3640 1003 3695 Ει
1033 3641 1287 3697 Michaaas
1320 3655 1336 3693 :
1374 3656 1394 3691 ι
1435 3639 1575 3695 Ecce
1603 3640 1719 3695 dies
1753 3641 1962 3695 Domini

384 3732 537 3787 venit
593 3730 794 3787 ardens
846 3741 907 3786 ut
954 3731 1252 3787 clibanus:
1301 3739 1355 3786 et
1412 3731 1745 3787 comburet:
1801 3741 1963 3788 erunt

382 3835 573 3877 omnes
597 3822 746 3891 impii
770 3831 825 3876 et
850 3833 1182 3891 peccatores,
1210 3822 1352 3878 sicut
1389 3821 1623 3891 stipula;
1657 3834 1711 3877 et
1737 3838 1965 3879 succen-

384 3915 476 3969 det
499 3927 592 3968 eos
640 3914 756 3969 dies
787 3914 1057 3969 veniens:
1098 3923 1155 3968 et
1206 3928 1312 3969 non
1371 3914 1710 3982 relinquetur
1760 3931 1828 3971 ex
1880 3918 1961 3972 eis

386 4019 597 4071 ramus,
650 4020 829 4075 neque
876 4007 1030 4061 radix
1076 4005 1145 4059 '°.
1178 4005 1448 4075 Aggaaus:
1487 4024 1506 4057 ι
1550 4008 1743 4061 Adhuc
1791 4009 1961 4063 semel

383 4110 484 4166 ego
516 4097 864 4151 commovebo
882 4111 1071 4152 omnes
1093 4106 1280 4166 gentes
1302 4095 1370 4149 ⁸¹.
1397 4114 1417 4147 ι
1447 4095 1651 4152 Isaias:
1685 4114 1704 4147 ι
1735 4094 1958 4152 Induam

386 4185 584 4240 malum
642 4187 903 4252 tenebris,
935 4194 991 4242 et
1041 4186 1198 4255 quasi
1246 4185 1484 4240 cilicium
1530 4201 1728 4255 ponam
1782 4190 1961 4257 operi-

386 4284 627 4331 mentum
653 4275 769 4345 ejus
791 4277 867 4333 ⁸³.
902 4294 921 4328 ι
953 4275 1123 4331 David
1152 4293 1166 4331 :
1202 4294 1221 4328 ι
1256 4277 1399 4333 Deus
1425 4280 1649 4332 deorum
1699 4280 1958 4336 Dominus

386 4368 600 4422 locutus
630 4376 735 4432 est,
764 4379 819 4423 et
865 4369 1081 4423 vocavit
1128 4376 1330 4423 terram
1378 4384 1408 4423 a
1440 4370 1573 4425 solis
1612 4380 1735 4425 ortu
1789 4386 1958 4441 usque

387 4458 456 4511 ad
498 4470 751 4512 occasum
793 4472 901 4513 :ex
939 4458 1072 4513 Sion
1123 4460 1336 4528 species
1367 4461 1581 4516 decoris
1611 4462 1771 4532 ejus:
1812 4464 1957 4519 Deus

389 4546 673 4603 manifeste
697 4550 875 4605 veniet
890 4549 958 4604 ⁸³.
974 4568 993 4600 ι
1016 4548 1161 4615 Non,
1191 4560 1249 4605 ut
1277 4562 1422 4616 ante,
1443 4563 1775 4618 mansuetus,
1800 4552 1955 4621 quasi

393 4640 547 4695 mitis
574 4655 771 4710 agnus,
800 4640 958 4710 quasi
997 4652 1147 4712 gutta
1180 4642 1379 4698 leniter
1407 4643 1460 4698 in
1491 4644 1662 4699 vellus
1698 4643 1958 4712 deﬂuens,

389 4730 546 4800 quasi
578 4731 695 4786 ovis
723 4734 791 4785 ad
821 4734 1022 4787 caedem
1061 4742 1350 4803 pertracta,
1383 4745 1439 4789 et
1482 4736 1634 4804 quasi
1682 4750 1851 4804 agnus
1881 4737 1964 4791 in-

390 4834 593 4875 nocens
623 4820 906 4876 ducendus
932 4823 997 4876 ad
1026 4823 1299 4877 victimam
1324 4840 1339 4891 ;
1369 4825 1464 4879 sed
1493 4825 1728 4895 gloriose
1757 4828 1959 4894 veniet,

389 4913 444 4967 id
477 4921 581 4978 est,
609 4913 777 4981 regie,
819 4922 982 4980 atque
1012 4923 1070 4967 ut
1110 4913 1275 4968 Deum
1315 4916 1491 4982 decet,
1528 4919 1770 4986 angustis
1796 4919 1963 4986 stipa-

394 5012 482 5058 tus
514 5002 743 5072 angelis,
774 5005 1092 5070 cunctisque
1119 5004 1291 5072 copiis
1317 5005 1627 5061 ctelestibus
1647 5007 1962 5074 comitatus,

392 5095 460 5148 ab
482 5096 630 5149 omni
674 5097 1001 5163 aeternitate,
1030 5098 1084 5150 in
1114 5111 1440 5167 omnemque
1478 5099 1862 5163 aeternitatem,
1908 5112 1966 5155 et

390 5184 613 5254 insuper
658 5199 915 5256 regnans.
963 5185 1129 5257 Igitur
1199 5206 1218 5239 ι
1254 5190 1434 5243 veniet
1480 5188 1623 5245 Deus
1659 5202 1862 5257 noster,
1907 5202 1962 5246 et

390 5290 497 5330 non
527 5275 708 5330 silebit
738 5292 754 5329 :
790 5278 931 5347 ignis
964 5280 1022 5331 in
1063 5288 1359 5348 conspectu
1384 5280 1503 5347 ejus
1534 5282 1872 5348 exardescet,
1906 5293 1962 5339 et

389 5355 444 5423 i'n
473 5352 706 5424 circuitu
732 5368 853 5439 ejus
882 5379 1172 5440 tempestas
1200 5372 1399 5427 valida.
1435 5373 1737 5430 Advocabit
1760 5376 1956 5431 coelum

460 5624 506 5657 ’⁵
534 5622 724 5680 Matth.
750 5641 876 5693 xxv,
900 5627 991 5681 51.

390 5692 438 5768 ff
466 5694 693 5768 hialach.
729 5692 870 5768 v,_I.
915 5766 957 5768 η
980 5695 1026 5768 [⁸
1073 5698 1205 5768 Agg.
1241 5713 1302 5756 ιι.
1335 5692 1432 5752 25.
1471 5767 1475 5768 ν
1542 5699 1586 5729 ⁸¹
1611 5696 1796 5768 Ιεθ.ι.,
1822 5697 1875 5768 5.

390 5763 437 5837 ff
465 5764 716 5837 ῌθιποβ.
744 5766 832 5820 18.
910 5766 958 5837 f'
985 5763 1153 5837 Soph:
1181 5782 1220 5830 ι,
1248 5768 1335 5821 ιτ.

390 5834 437 5865 ⁹²
474 5833 586 5888 luto
621 5833 735 5891 Joel
776 5851 859 5904 ιιι,
901 5833 1083 5893 12-16.

1093 5627 1141 5659 ⁷⁸
1170 5625 1327 5682 Joan.
1357 5643 1439 5694 ιιι,
1467 5628 1553 5681 15.

1990 4597 2038 4652 D

1659 5629 1703 5661 ⁷⁷
1726 5624 1925 5680 Jercm.
1950 5641 2033 5689 ιιι,
2066 5626 2152 5680 17.

1987 5696 2035 5728 ⁸³
2055 5696 2200 5751 Psal.
2236 5711 2383 5761 xux,
2421 5696 2470 5748 1.
2541 5694 2588 5727 ⁸⁴
2610 5694 2744 5750 ibid.
2775 5694 2830 5760 5,
2868 5694 2921 5749 4.

1439 5767 1485 5800 ³⁸
1518 5767 1645 5821 ibid.
1677 5767 1764 5831 18,
1804 5766 1887 5820 19.
1963 5766 2009 5797 ⁸³
2044 5767 2200 5821 Joan.
2237 5780 2291 5831 v,
2331 5765 2424 5818 22.
2498 5763 2544 5796 ⁹⁰
2581 5763 2727 5820 Psal.
2768 5780 2893 5819 1.th
2918 5805 2932 5826 ,
2968 5763 3022 5818 5.

1188 5838 1234 5869 ³³
1270 5837 1424 5892 Deut.
1453 5854 1625 5901 xxxii,
1658 5838 1747 5893 56.
1821 5836 1868 5868 ’⁵
1896 5835 1937 5891 ll
1971 5834 2147 5892 Mach.
2181 5850 2277 5902 vn,
2319 5836 2387 5902 6;
2424 5832 2566 5892 Psal.
2600 5850 2818 5903 cxxxtv,
2853 5834 2938 5890 M.
3017 5836 3061 5868 ’⁸
3099 5834 3204 5892 Isa.
3234 5848 3379 5900 vat,
3414 5832 3500 5887 15.

2067 2002 2262 2043 carnes
2307 2003 2492 2042 eorum
2544 1990 2684 2045 sicut
2731 2001 2972 2047 stercora
3026 1994 3185 2050 boum
3220 2012 3233 2051 :
3267 2006 3323 2050 et
3366 2008 3646 2067 argentum

2067 2093 2278 2144 eorum,
2316 2089 2368 2135 et
2403 2096 2593 2135 aurum
2629 2099 2815 2137 eorum
2862 2085 3131 2140 ventilabo
3165 2098 3420 2155 tanquam
3468 2092 3651 2159 pulve-

2068 2183 2179 2222 rem
2214 2184 2229 2233 ;
2256 2178 2308 2222 et
2339 2185 2442 2224 non
2476 2174 2671 2240 poterit
2702 2188 2893 2227 eruere
2920 2189 3017 2230 eos
3051 2176 3104 2229 in
3138 2178 3223 2231 die
3253 2178 3349 2233 ira:
3390 2179 3599 2235 Domini
3631 2196 3648 2235 :

2067 2266 2321 2334 quoniam
2382 2268 2431 2318 iu
2501 2266 2623 2337 igne
2701 2268 2800 2322 zeli
2866 2269 2983 2338 cjus
3045 2279 3396 2327 consumetur
3470 2276 3651 2330 omnis

2070 2367 2209 2411 terra
2243 2358 2312 2411 ⁸⁸.
2352 2376 2370 2409 ι

2136 2447 2432 2505 Observate
2465 2465 2617 2518 sane,
2654 2466 2760 2505 non
2802 2454 2877 2507 ait
2910 2471 2923 2509 :
2959 2454 3015 2508 In
3047 2455 3134 2511 die
3175 2456 3269 2511 ira:
3301 2471 3454 2523 meae,
3501 2458 3595 2513 sed
3627 2474 3644 2513 :

2073 2558 2092 2591 ι
2135 2539 2190 2594 1η
2220 2543 2342 2612 igne
2377 2542 2479 2597 zeli
2515 2542 2654 2611 ejus,
2693 2562 2712 2596 ι
2761 2544 3046 2617 Unigenito
3081 2547 3273 2619 judicii
3312 2559 3639 2618 potestatem

2070 2632 2336 2687 tribuens.
2387 2634 2578 2704 Itaque
2628 2644 2682 2689 et
2730 2651 2882 2692 meus
2935 2638 3195 2693 Servator
3240 2639 3363 2695 ait:
3404 2659 3423 2692 ι
3458 2641 3644 2712 Neque

2066 2724 2228 2781 Pater
2252 2727 2456 2795 judicat
2498 2745 2851 2801 quemquam,
2892 2733 2987 2788 sed
3020 2747 3180 2789 omne
3206 2734 3469 2804 judicium
3501 2737 3653 2794 dedit

2067 2813 2206 2871 Filio
2232 2817 2301 2870 ⁸⁸.
2341 2836 2360 2869 ι
2400 2818 2467 2873 Et
2518 2821 2586 2875 de
2636 2821 2776 2877 Filio
2826 2823 2994 2879 David
3028 2841 3043 2880 :
3080 2847 3098 2876 ι
3133 2824 3278 2894 Ignis
3316 2836 3441 2881 ante
3478 2829 3649 2898 ipsum

2065 2906 2378 2976 praecedet,
2441 2919 2497 2965 et
2562 2911 2920 2968 inﬂammabit
2991 2915 3044 2969 in
3114 2916 3342 2971 circuitu
3404 2919 3653 2974 inimicos

2064 2997 2184 3067 ejus
2210 2999 2277 3054 °°.
2318 3018 2336 3051 ι
2376 3000 2452 3055 En
2510 3013 2567 3057 ut
2619 3004 2765 3059 Deus
2812 3006 3007 3060 iterum
3065 3007 3245 3062 veniet
3289 2996 3647 3079 corpo‘ratus;

2068 3106 2194 3144 nam
2231 3108 2371 3163 quas
2399 3095 2532 3152 alias
2563 3097 2876 3153 inimicitias
2907 3099 3128 3154 Christo
3152 3109 3444 3169 potuerunt
3472 3104 3649 3156 homi-

2071 3199 2166 3239 nes
2191 3185 2450 3255 objicere,
2480 3191 2776 3243 secundum
2804 3190 3043 3244 divinam
3073 3193 3187 3260 ejus
3210 3203 3263 3247 et
3287 3194 3648 3249 immortalem

2072 3286 2346 3343 naturam,
2406 3280 2509 3332 nisi
2571 3280 2809 3334 humana
2867 3282 3151 3350 supplicia,
3203 3297 3323 3353 qua:
3370 3299 3401 3339 a
3451 3282 3650 3340 Judmis

2072 3367 2371 3421 sustinuit?
2413 3368 2757 3437 Quapropter
2809 3385 2889 3425 vae
2938 3371 3084 3427 illius
3135 3372 3372 3429 inimicis
3425 3388 3486 3429 ea
3540 3376 3648 3432 die.

2070 3457 2217 3513 Idetn
2253 3473 2471 3513 rursum
2504 3477 2517 3513 :
2550 3477 2569 3510 ι
2601 3462 3019 3517 Anuuntiabunt
3042 3463 3167 3519 cceli
3195 3463 3463 3533 justitiam
3493 3467 3646 3539 ejus:

2070 3549 2331 3620 quoniam
2387 3549 2532 3607 Deus
2581 3551 2749 3621 judex
2802 3556 2977 3610 est“.
3014 3574 3034 3609 ι
3091 3556 3342 3613 Ezechiel
3401 3575 3529 3615 vero
3574 3562 3654 3616 sic

2070 3643 2237 3696 habet
2271 3656 2350 3698 :-
2384 3641 2750 3716 Consurgant,
2805 3649 3100 3704 ascendant
3144 3663 3335 3707 omnes
3368 3663 3554 3723 gentes
3596 3654 3652 3708 in

2069 3731 2266 3787 vallem
2289 3731 2581 3804 Josaphat;
2611 3738 2735 3806 quia
2764 3738 2833 3793 ibi
2855 3739 3076 3806 sedebo,
3111 3749 3170 3794 ut
3191 3740 3429 3810 judicem
3460 3758 3649 3801 omnes

2069 3833 2259 3894 gentes
2294 3826 2350 3881 in
2381 3828 2635 3883 circuitu.
2674 3830 2920 3886 Emittite
2956 3831 3144 3899 falces,
3184 3835 3438 3904 quoniam
3472 3846 3651 3892 matu-

2067 3921 2211 3972 ravit
2254 3920 2481 3987 messis;
2538 3921 2778 3989 introite,
2831 3924 3071 3991 calcate,
3126 3925 3252 3994 quia
3303 3927 3517 3997 plenum
3571 3942 3654 3985 est

2071 4010 2309 4065 torcular
2345 4028 2363 4077 ;
2400 4014 2706 4067 redundant
2755 4015 3067 4083 toreularia,
3109 4017 3235 4085 quia
3283 4019 3485 4087 repleta
3525 4032 3653 4075 sunt

2067 4102 2209 4155 mala
2240 4117 2450 4159 eorum.
2482 4102 2708 4159 Sonitus
2729 4105 2967 4159 exauditi
2997 4115 3122 4160 sunt
3150 4108 3202 4161 in
3230 4109 3369 4164 valle
3392 4108 3647 4178 justitizn:

2065 4193 2147 4247 sol
2180 4202 2233 4248 et
2265 4193 2389 4247 luna
2420 4193 2939 4261 obtenebrabuntur,
2990 4205 3045 4250 et
3083 4196 3254 4252 stellae
3285 4200 3535 4254 occidere
3567 4200 3649 4255 fa-

2064 4286 2212 4342 cient
2238 4284 2581 4352 splendorem
2622 4300 2827 4339 suum:
2866 4284 3126 4342 Dominus
3166 4296 3350 4343 autem
3400 4289 3466 4343 de
3517 4289 3649 4344 Sion

2066 4376 2343 4440 clamabit,
2381 4384 2436 4430 et
2486 4377 2553 4431 de
2593 4373 2897 4431 Jerusalem
2937 4376 3086 4431 dabit
3128 4392 3314 4433 vocem
3370 4394 3566 4435 suam:
3598 4389 3653 4435 et

2066 4466 2376 4521 movebitur
2412 4465 2609 4519 crclum
2645 4475 2701 4520 et
2735 4475 2881 4520 terra
2913 4504 2927 4520 .
2959 4465 3224 4522 Dominus
3252 4479 3430 4523 autem
3463 4480 3653 4539 parcet

2067 4558 2265 4627 populo
2317 4572 2419 4613 suo
2442 4558 2510 4611 θ’.
2546 4574 2565 4609 ι
2622 4556 2691 4612 Ει
2740 4556 2958 4613 Moses:
2994 4575 3015 4611 ι
3064 4555 3339 4614 Judicabit
3390 4558 3653 4617 Dominus

2071 4646 2326 4716 pepulum
2362 4661 2520 4702 suum
2555 4662 2571 4700 :
2605 4653 2660 4700 et
2691 4645 2748 4700 in
2784 4646 2956 4701 servis
2987 4647 3103 4703 suis
3132 4649 3503 4703 consolabitur
3524 4653 3593 4704 ".
3627 4671 3645 4701 ι

2072 4739 2264 4793 Servos
2294 4739 2572 4808 appellans
2610 4747 2846 4803 sanctos,
2900 4737 2992 4806 qui
3030 4745 3085 4793 et
3129 4738 3460 4794 meditantur
3490 4739 3653 4809 justi-

2071 4834 2176 4886 tias
2205 4831 2345 4899 ejus,
2384 4839 2437 4884 et
2472 4830 2681 4884 faciunt
2711 4830 2964 4884 mandata
3008 4828 3150 4899 ejus.
3189 4828 3451 4897 Populum
3495 4830 3667 4885 vocat
3714 4871 3718 4875 .

2073 4920 2270 4993 impios
2297 4932 2353 4978 et
2381 4932 2639 4977 nocentes
2668 4933 2983 4992 peccatores
3013 4936 3029 4975 :
3069 4921 3212 4977 unde
3238 4922 3338 4977 hos
3362 4920 3648 4990 iudicabit,

2073 5016 2129 5069 in
2159 5015 2267 5077 illis
2293 5012 2667 5069 consolabitur
2691 5012 2760 5066 ".
2798 5011 2967 5067 Isaias
3004 5011 3118 5067 haec
3149 5011 3223 5065 ita
3258 5013 3605 5080 prosequitur
3633 5030 3646 5064 :

2072 5125 2092 5161 ι
2133 5108 2280 5161 Ecce
2314 5106 2575 5160 Dominus
2600 5106 2743 5159 sicut
2768 5104 2916 5174 ignis
2935 5104 3137 5167 veniet,
3164 5112 3224 5157 et
3252 5102 3393 5158 sicut
3415 5101 3648 5171 procella

2064 5178 2262 5251 currus
2292 5195 2430 5263 ejus,
2478 5196 2705 5250 reddere
2754 5194 2807 5248 in
2844 5195 3030 5249 furore
3077 5194 3335 5248 ultionem
3382 5206 3560 5255 suam,
3595 5201 3651 5245 et

2067 5287 2491 5354 increpationem
2521 5299 2676 5341 suam
2715 5285 2771 5340 in
2801 5282 3016 5339 ﬂamma
3046 5285 3188 5352 ignis
3213 5300 3228 5350 ;
3271 5285 3325 5339 in
3359 5284 3482 5354 igne
3503 5283 3646 5338 enim

2066 5376 2281 5432 Domini
2308 5375 2645 5445 iudicabitur
2675 5375 2855 5432 omnis
2885 5388 3031 5430 terra
3058 5376 3125 5429 ³⁵.
3164 5391 3184 5426 ι
3226 5375 3397 5430 David
3427 5389 3443 5429 :
3475 5392 3494 5426 ι
3528 5372 3647 5428 La:-

2260 5626 2305 5658 ’⁸
2342 5624 2485 5681 Eccl.
2520 5641 2599 5690 ιιι,
2639 5626 2738 5690 10;
2772 5639 2870 5692 χιι,
2898 5623 2953 5684 2.
3065 5625 3107 5656 7’
3146 5622 3284 5677 Psal.
3317 5639 3484 5687 van,
3508 5623 3561 5689 5,
3588 5636 3643 5679 ο.

2260 5712 2383 5749 :th.
2421 5696 2470 5748 1.
2541 5694 2588 5727 ⁸⁴
2610 5694 2744 5749 ibid.
2775 5694 2830 5749 5.
2868 5694 2921 5749 4.
3018 5694 3066 5726 ⁸⁵
3095 5692 3239 5749 Psal.
3277 5709 3393 5749 LXI.
3427 5695 3512 5749 12.
3551 5695 3640 5748 15.

3114 5766 3158 5797 ἰ
3201 5764 3344 5817 Psal.
3384 5778 3546 5829 χιιι,
3586 5765 3640 5817 6.
