4042 6422
324 419 430 481 919

1549 418 1646 481 AN
1654 418 1862 480 ΠΒοΝ
1872 418 1895 476 I
1903 416 1977 479 CI
2017 413 2362 477 COMNENI
2454 478 2457 481 λ

3468 416 3578 479 920

323 544 504 586 lenlut'
534 531 680 598 caeli,
720 538 775 593 et
818 530 1050 588 exsultet
1083 538 1225 586 terra
1259 548 1274 584 :
1304 541 1714 588 commoveatur
1750 544 1897 585 mare
1927 538 1973 594 Α
2002 528 2120 585 fore
2142 567 2158 595 ,
2216 537 2271 583 et
2308 536 2651 598 peccatorem
2709 530 2763 584 in
2807 529 3092 601 aeternum)
3147 530 3574 593 comburendum

321 631 375 679 et
401 623 682 695 plenitudo
718 623 838 694 ejus
872 641 886 677 :
918 624 1227 697 gaudebunt
1259 624 1457 695 campi,
1496 633 1553 679 et
1579 623 1757 677 omnia
1783 637 1904 691 qua:

324 714 376 767 in
408 715 486 768 eis
515 723 662 770 sunt.
698 713 851 769 Tunc
883 713 1231 783 exsultabant
1262 716 1442 769 omnia
1470 714 1611 783 ligna
1644 714 1900 768 silvarum

323 821 353 859 a
383 805 521 860 facie
555 804 794 873 Domini,
831 805 958 875 quia
988 806 1173 860 venit:
1209 805 1464 874 quoniam
1491 806 1642 859 venit
1663 803 1905 873 judicare

324 909 548 950 terram.
593 894 872 951 Judicabit
901 880 1087 951 orbem
1121 907 1281 951 terrae
1315 898 1366 950 in
1403 896 1677 979 aequitate,
1724 905 1776 951 et
1809 910 1904 964 po-

322 987 477 1054 pulos
512 987 564 1040 in
599 987 828 1049 veritate
865 1002 960 1040 sua
986 987 1055 1040 “.
1097 1004 1115 1038 ›
1156 985 1331 1053 Itane,
1376 985 1568 1043 vates?
1610 1000 1731 1040 cum
1762 1000 1907 1040 mor-

326 1072 460 1131 tales
483 1093 672 1132 omnes
702 1078 925 1131 horrere
954 1087 1119 1146 atque
1148 1079 1214 1133 ad
1245 1078 1341 1132 Dei
1365 1087 1645 1148 aspectum
1677 1085 1909 1137 tremere

322 1168 414 1221 alii
449 1170 729 1238 propheta:
760 1170 1083 1239 pradicant,
1113 1179 1168 1224 tu
1198 1170 1419 1235 coelum,
1461 1179 1683 1234 terram,
1713 1168 1904 1234 saltus,

324 1270 489 1329 atque
521 1260 689 1315 colles
723 1260 963 1337 gaudere
997 1276 1061 1318 ac
1091 1277 1256 1316 ovare
1271 1262 1462 1316 canis?
1495 1261 1659 1327 Sane,
1695 1261 1903 1332 inquit:

323 1350 460 1406 Nam
497 1354 721 1408 veniens
755 1352 899 1409 Deus
942 1353 1009 1407 iis
1041 1353 1132 1423 qui
1162 1367 1221 1409 se
1266 1363 1325 1407 ut
1370 1354 1536 1428 Deum
1567 1354 1905 1424 agnoverint,

324 1451 382 1499 et
405 1455 678 1515 praecepta
709 1444 1066 1511 servaverint,
1090 1444 1579 1509 immortalitatem,
1608 1459 1906 1515 perennem

323 1536 517 1601 vitam,
555 1546 718 1608 atque
757 1551 981 1607 regnum
1015 1537 1312 1607 largietur;
1356 1537 1500 1593 dicet
1527 1538 1669 1592 enim
1705 1555 1717 1590 :
1749 1556 1768 1588 ι
1804 1537 1909 1593 Ve-

324 1626 464 1692 nite,
497 1626 761 1682 benedicti
797 1626 975 1689 Patris
1011 1629 1138 1693 mei,
1171 1627 1443 1697 possidete
1464 1639 1711 1698 paratum
1742 1628 1894 1683 vobis

327 1730 555 1785 regnum
596 1731 626 1769 a
660 1716 1051 1772 constitutione
1086 1717 1270 1777 mundi
1296 1717 1365 1772 ’7.
1398 1735 1416 1769 ι
1452 1716 1603 1783 Quod
1644 1718 1688 1772 si
1721 1730 1911 1771 omnes

327 1808 528 1878 campi,
564 1817 884 1878 cunctaeque
932 1808 1157 1864 arbores
1198 1808 1477 1864 silvestres
1520 1808 1829 1881 gaudebunt
1855 1816 1911 1863 et

2004 627 2279 677 servatum
2311 620 2424 690 (55)
2465 621 2534 676 iri
2560 621 2605 678 ⁸.
2644 638 2664 674 ι
2698 619 2767 676 Et
2795 620 2850 676 id
2881 621 3101 691 quidem
3130 622 3403 695 integrum
3431 639 3581 679 man-

2004 724 2211 774 surum,
2256 719 2312 765 et
2357 720 2697 780 peccatorem
2749 712 2802 766 in
2847 721 3107 767 aeternum
3156 712 3578 769 comburendum

2005 810 2336 856 reservatum
2375 800 2462 856 iri.
2510 801 2661 857 Licet
2705 801 2807 871 ipsi
2864 802 2997 857 illud
3044 803 3187 872 quod
3242 818 3348 859 non
3383 802 3582 859 confu-

2006 902 2117 946 rnat
2148 891 2283 962 (Si),
2306 902 2358 947 et
2377 908 2593 959 semper
2623 893 2675 947 in
2693 892 2906 947 ﬂamma
2927 893 3181 959 retineat,
3201 905 3578 965 argumentum

2005 983 2201 1037 salutis
2243 993 2297 1039 et
2333 985 2671 1039 remissionis
2725 984 3077 1039 arbitrentur.
3135 985 3192 1039 Si
3241 998 3368 1040 vero
3421 985 3583 1041 dictis

2006 1072 2179 1127 sancti
2211 1071 2361 1127 Pauli
2396 1074 2473 1129 sic
2513 1075 2892 1139 adversantur,
2926 1084 3003 1140 et,
3056 1083 3115 1129 ut
3143 1089 3249 1129 non
3278 1074 3580 1145 oportebat,

2007 1164 2417 1230 contradicunt,
2491 1174 2668 1220 tamen
2743 1180 2771 1220 a
2847 1174 3037 1223 sancto
3109 1167 3308 1221 Davide
3396 1169 3585 1222 redar-

2007 1263 2263 1324 guuntur.
2304 1255 2396 1310 Sic
2431 1258 2574 1310 enim
2626 1257 2741 1329 ipse
2787 1258 2972 1317 docuit
3028 1270 3249 1327 aperte,
3306 1258 3584 1315 confusio-

2008 1361 2155 1413 nem,
2185 1356 2242 1402 et
2286 1349 2778 1417 conturbationem,
2832 1359 2891 1419 et,
2940 1350 2998 1405 in
3052 1350 3324 1407 infernum
3357 1366 3588 1407 conver—

2009 1438 2219 1511 sionem
2276 1439 2667 1508 sempiternam
2724 1440 2885 1507 fore,
2949 1443 3180 1497 mendax
3234 1452 3318 1496 est
3370 1442 3584 1499 illorum

2010 1527 2344 1597 exspectatio
2391 1528 2619 1598 alicuius
2661 1530 2749 1586 vel
2804 1532 3094 1589 levissimae
3131 1532 3475 1603 cessationis.
3522 1533 3590 1589 Et

2010 1622 2118 1679 alio
2147 1621 2355 1691 psalmo
2385 1622 2600 1692 quidem
2631 1624 2764 1680 dicit
2793 1644 2805 1677 :
2838 1644 2857 1678 ι
2890 1625 3152 1700 Quoniam
3177 1627 3419 1696 probasti
3460 1641 3581 1694 nos,

2010 1713 2154 1770 Deus
2181 1732 2195 1769 :
2225 1716 2351 1786 igne
2395 1730 2498 1771 nos
2536 1717 2865 1783 examinasti
2915 1716 3060 1772 sicut
3111 1717 3454 1783 examinatur
3501 1732 3591 1770 ar-

2015 1816 2236 1879 gentum
2266 1823 2281 1861 :
2316 1806 2582 1867 induxisti
2617 1822 2723 1865 nos
2752 1807 2809 1862 in
2837 1807 3113 1876 laqueum,
3155 1808 3383 1878 posuisti
3422 1806 3593 1862 tribu-

327 1872 565 1952 ovabunt
586 1938 601 1963 ,
640 1907 696 1952 at
728 1872 991 1967 inpriore
1027 1898 1284 1965 adventu,
1315 1909 1440 1954 tunc
1470 1872 1612 1953 enim
1635 1897 1908 1968 gaudium,
1944 1872 1987 1927 Β
2013 1872 2246 1953 lationes
2277 1898 2331 1953 in
2364 1898 2530 1955 dorso
2562 1907 2786 1965 nostro;
2818 1872 3122 1969 imposuisti
3152 1872 3401 1955 homines
3429 1914 3592 1970 super

328 1997 386 2043 et
406 1989 713 2043 ovationem
737 1988 919 2043 omnia
950 1991 1106 2043 nacta
1130 1999 1255 2044 sunt
1284 1998 1569 2045 :caaterum
1593 1989 1648 2042 in
1673 1988 1912 2053 secundo

324 2068 456 2147 iusti
488 2078 754 2131 duntaxat
787 2075 855 2132 iis
885 2078 1182 2146 potientur.
1210 2075 1492 2147 Siquidem
1524 2074 1912 2140 exsecrabiles,

260 2234 263 2239 ν
329 2177 493 2238 atque
543 2169 596 2222 in
654 2168 980 2224 exteriorem
1034 2169 1209 2237 ignem
1262 2169 1553 2233 abeuntes,
1613 2166 1910 2236 ingentem.

328 2258 765 2327 intolerabilem,
818 2260 1146 2314 acerrimam
1204 2258 1595 2315 ustulationem
1653 2257 1907 2313 sentient.

296 2376 299 2377 ν
331 2350 517 2415 Quare
552 2366 674 2407 cum
726 2352 879 2418 dicit,
946 2371 963 2403 ι
1001 2351 1142 2418 Quia
1180 2349 1352 2416 venit,
1391 2367 1411 2401 ι
1446 2349 1681 2423 priorem
1710 2350 1913 2404 adven-

331 2454 450 2517 tum
487 2442 792 2514 signiﬁcat;
830 2459 954 2499 cum
989 2443 1216 2513 repetit,
1276 2460 1295 2494 ι
1335 2441 1603 2508 Quoniam
1648 2442 1796 2496 venit
1828 2440 1919 2510 ju-

331 2534 517 2590 dicare
568 2534 796 2603 terram,
832 2554 853 2588 ι
913 2536 1143 2591 alterum
1207 2540 1605 2611 repraesentat,
1666 2546 1773 2602 quo
1810 2547 1918 2587 non

333 2626 562 2682 libertas
598 2636 762 2697 atque
809 2627 978 2695 salus,
1020 2625 1115 2682 sed
1168 2612 1446 2691 damnatio
1490 2638 1553 2679 ac
1596 2624 1918 2693 supplicium

333 2728 546 2790 agetur.
585 2716 731 2785 Nam
775 2717 1004 2773 Creator
1060 2726 1116 2771 et
1168 2715 1431 2772 Dominus
1474 2730 1596 2770 cum
1652 2715 1922 2770 inclinans

334 2811 505 2868 cmlos
549 2812 850 2881 descendit,
900 2827 965 2889 ac
1009 2811 1397 2883 benignitatem
1444 2826 1599 2868 suam
1628 2810 1917 2880 probavit;

336 2919 451 2963 tum
499 2907 566 2963 de
616 2907 970 2983 humanitate,
1015 2915 1130 2979 tum
1178 2906 1248 2976 de
1276 2906 1483 2978 judicio
1516 2915 1746 2979 testatus
1777 2913 1908 2961 est:

339 3001 409 3055 de
436 2998 526 3053 illa
558 3013 681 3055 eum
711 2999 787 3054 ait
813 3017 828 3055 :
859 3017 878 3051 ι
913 2999 1015 3067 Qui
1035 2998 1206 3055 credit
1229 2998 1284 3053 in
1307 3014 1412 3065 me,
1434 2997 1648 3055 etiamsi
1677 3006 1923 3071 mortuus

336 3089 703 3159 fuerit,.vivet
737 3108 751 3144 :
787 3099 842 3146 et
875 3091 1053 3146 omnis
1098 3090 1191 3160 qui
1246 3090 1380 3145 vivit
1413 3098 1468 3144 et
1505 3088 1682 3143 credit
1718 3088 1772 3143 in
1805 3102 1914 3155 me,

2017 1989 2194 2059 capita
2218 1997 2434 2045 nostra.
2466 1990 2845 2046 Transivimus
2874 2006 2971 2060 per
3004 1992 3181 2062 ignem
3211 2001 3268 2047 et
3298 2007 3515 2063 aquam,
3539 2000 3596 2047 et

2016 2082 2279 2138 induxisti
2334 2096 2434 2138 nos
2469 2082 2523 2137 in
2559 2082 2900 2154 refrigerium
2923 2083 2968 2137 ⁷.
3004 2101 3023 2134 ι
3067 2084 3173 2139 Sed
3225 2082 3313 2139 hic
3361 2091 3591 2139 tantum.

2018 2174 2135 2231 Non
2166 2176 2311 2230 enim
2340 2175 2442 2235 nisi
2475 2175 2644 2241 solam
2674 2176 2959 2252 praesentis
2990 2176 3115 2231 vita:
3148 2176 3593 2246 inaequalitatem,

2016 2276 2073 2322 et
2106 2266 2468 2323 humanarum
2517 2281 2700 2339 rerum
2745 2266 3181 2337 conversionem,
3223 2282 3287 2323 ac
3320 2266 3594 2323 vicissitu-

2020 2359 2200 2431 dinem
2234 2359 2301 2415 iis
2333 2360 2513 2416 verbis
2556 2358 2877 2429 declaravit.
2925 2358 3037 2429 Hic,
3069 2374 3258 2429 eorum
3302 2360 3596 2430 perniciem

2019 2445 2360 2516 exploratius
2409 2448 2813 2519 demonstrans,
2850 2449 3077 2521 subdit:
3111 2466 3131 2500 ι
3165 2447 3233 2503 Et
3271 2456 3600 2519 cognoscant

2021 2538 2149 2607 quia
2195 2553 2395 2595 nomen
2429 2540 2525 2595 tibi
2575 2540 2881 2597 Dominus:
2914 2551 2967 2596 tu
3006 2540 3156 2596 solus
3195 2540 3514 2613 Altissimus
3542 2544 3599 2597 in

2020 2627 2167 2682 omnl
2213 2636 2359 2682 terra
2385 2627 2431 2682 ⁸.
2467 2646 2488 2680 ι
2530 2628 2619 2683 'I‘u.
2637 2628 2786 2685 solus
2819 2644 3108 2701 supremus
3148 2643 3230 2696 es,
3273 2630 3361 2696 qui
3390 2629 3535 2684 solus
3568 2642 3602 2684 e

2022 2718 2292 2786 supremis
2311 2720 2666 2787 descendisti,
2692 2720 2946 2793 solusque
2967 2721 3104 2775 citra
3131 2729 3415 2789 peccatum
3439 2719 3600 2774 homo

2020 2808 2221 2885 factus,
2251 2809 2319 2866 ab
2350 2809 2499 2865 omni
2533 2812 2841 2867 mternitate
2874 2810 3135 2865 Dominus
3182 2821 3235 2863 et
3272 2808 3440 2864 totius
3472 2810 3601 2865 uni-

2023 2901 2169 2959 versi
2194 2917 2289 2957 rex
2321 2911 2485 2973 atque
2510 2901 2651 2958 Deus
2676 2917 2756 2958 es.
2782 2902 3069 2969 Consonat
3092 2901 3282 2956 Davidi
3310 2903 3376 2958 de
3395 2914 3602 2958 aeterno

2022 2994 2288 3065 supplicio
2311 3004 2366 3049 et
2389 2994 2564 3051 Isaias
2595 3012 2609 3051 :
2646 3012 2666 3047 ι
2699 2993 2899 3050 Veniet
2937 2992 3117 3049 omnis
3150 3007 3299 3059 caro,
3328 3003 3393 3055 ut
3411 2995 3600 3049 adoret

2024 3084 2079 3140 in
2121 3093 2417 3155 conspectu
2478 3099 2600 3141 meo
2659 3084 2712 3139 in
2765 3083 3089 3151 Jerusalem,
3140 3082 3270 3138 dicit
3319 3084 3598 3140 Dominus.

336 3195 444 3234 non
474 3179 734 3251 morietur
756 3179 808 3232 in
823 3187 1084 3233 aeternum
1108 3177 1175 3231 ⁸⁸.
1208 3196 1227 3229 ι
1261 3176 1499 3233 Tandem
1524 3176 1652 3235 alibi
1683 3176 1919 3234 declarat
1943 3213 1988 3272 ϐ
2027 3175 2093 3231 Et
2134 3175 2502 3245 egrediantur,
2558 3186 2612 3233 et
2661 3176 2924 3245 videbunt
2972 3175 3244 3229 cadavera
3296 3174 3600 3239 hominum.

333 3268 726 3340 benignitatem
760 3286 774 3323 :
811 3286 829 3320 ι
860 3267 975 3325 Non
1000 3269 1119 3325 veni
1143 3283 1340 3324 vocare
1367 3268 1572 3338 justos,
1609 3268 1703 3324 sed
1724 3282 1919 3347 pecca-

336 3373 487 3417 tores
520 3362 589 3416 ad
618 3360 995 3430 paenitentiam
1020 3362 1089 3416 θ’.
1128 3380 1148 3412 ι
1193 3360 1265 3416 De
1294 3360 1500 3432 judicio
1532 3374 1700 3439 agens
1732 3360 1806 3414 ita
1831 3359 1917 3414 Io-

337 3453 565 3530 quitur:
605 3470 624 3504 ι
664 3452 729 3515 Si
757 3467 867 3521 non
900 3453 1193 3519 venissem,
1225 3461 1279 3509 et
1314 3452 1525 3511 locutus
1565 3452 1787 3521 fuissem
1818 3450 1917 3517 eis,

348 3552 638 3616 peccatum
661 3561 769 3601 non
802 3547 1062 3600 haberent
1088 3562 1102 3597 :
1137 3560 1281 3615 nunc
1307 3553 1486 3600 autem
1518 3542 1922 3600 excusationem

337 3651 450 3691 non
482 3637 684 3691 habent
723 3637 791 3691 de
830 3645 1054 3706 peccato
1094 3651 1195 3693 suo
1220 3637 1236 3666 ¹
1267 3651 1282 3701 ;
1312 3654 1332 3688 ι
1371 3647 1426 3692 et
1475 3650 1787 3721 rnrsunbfi
1823 3632 1927 3701 Qui

338 3741 431 3781 .me
459 3726 739 3798 negaverit
766 3741 951 3791 coram
981 3725 1311 3793 hominibus,
1346 3726 1552 3796 negabo
1584 3733 1639 3781 et
1668 3739 1767 3799 ego
1797 3740 1920 3779 eum

343 3829 534 3870 coram
574 3815 737 3870 Patre
772 3829 931 3882 meo,
975 3816 1068 3885 qui
1117 3816 1186 3893 in,
1218 3815 1370 3870 caelis
1402 3808 1552 3868 es't’.
1586 3832 1604 3865 ι
1651 3814 1827 3884 Atque
1873 3814 1929 3869 id

341 3920 537 3963 verum
568 3919 692 3963 esse
718 3904 956 3961 ostendit
983 3902 1193 3961 Vates:
1232 3922 1250 3955 ι
1292 3902 1702 3973 Confundantur
1740 3916 1930 3959 omnes

343 4004 436 4073 qni
471 4003 704 4056 adorant
727 3997 1020 4069 sculptilis,
1069 4010 1124 4055 et
1156 3998 1248 4070 qui
1296 3997 1599 4075 gloriantur
1626 3996 1681 4059 in.
1706 3995 1930 4053 simula-

344 4093 457 4150 cris
488 4093 603 4149 suis
623 4090 670 4148 ³.
702 4109 723 4144 ›
756 4089 1011 4162 Idemque
1037 4089 1103 4146 de
1130 4090 1345 4161 perdite
1370 4088 1646 4145 sceleratis
1676 4105 1690 4142 :
1724 4108 1742 4141 ι
1764 4089 1932 4159 Imple

343 4182 517 4240 facies
546 4197 735 4239 eorum
776 4180 1096 4255 ignominia,
1128 4192 1184 4235 et
1224 4188 1466 4253 quasrent
1505 4193 1701 4245 nomen
1748 4188 1923 4247 tuum,

344 4274 600 4329 Domine.
649 4271 991 4328 Erubescant
1034 4281 1088 4325 et
1130 4272 1522 4341 conturbantur
1567 4268 1621 4325 in
1674 4269 1931 4325 saeculum

347 4365 531 4423 saeculi
564 4381 581 4420 :
616 4374 672 4419 et
699 4361 1107 4433 confundantur
1139 4372 1193 4416 et
1222 4360 1513 4432 pereant‘.
1553 4378 1571 4412 ι

422 4457 628 4513 Docent
662 4466 843 4511 autem
872 4469 1157 4525 pinnarum
1200 4453 1359 4509 linem
1390 4454 1527 4521 fore,
1581 4462 1635 4508 et
1672 4453 1932 4526 piaculari

2024 3267 2116 3336 qui
2159 3265 2502 3341 praevaricati
2544 3267 2759 3333 suntin
2801 3282 2910 3337 me.
2963 3267 3179 3340 Verulis
3225 3270 3371 3326 enim
3414 3284 3600 3337 eorum

2024 3373 2132 3415 non
2173 3361 2459 3426 morietur,
2489 3370 2547 3417 et
2576 3360 2727 3430 ignis
2744 3376 2932 3429 eorum
2958 3377 3067 3417 non
3104 3363 3483 3433 exstinguetur
3509 3379 3526 3418 :
3548 3372 3606 3418 et

2024 3462 2183 3515 erunt
2224 3454 2279 3506 in
2318 3453 2582 3523 visionem
2627 3453 2775 3517 omni
2823 3457 2974 3517 carni
3001 3455 3044 3510 ⁹.
3079 3474 3099 3508 ι
3151 3455 3340 3513 Daniel
3384 3470 3605 3527 quoque

2026 3545 2082 3603 in
2127 3547 2380 3615 eumdem
2430 3546 2659 3605 modum.
2703 3546 2772 3603 de
2824 3549 3131 3609 aeternitate
3169 3548 3601 3619 suppliciorum:

2036 3657 2056 3691 ι
2096 3637 2248 3695 Multi
2280 3641 2347 3695 de
2377 3639 2464 3695 his
2502 3638 2594 3706 qui
2628 3639 2910 3705 dormiunt
2937 3641 2991 3703 iu
3035 3650 3192 3695 terrae
3216 3641 3456 3711 pulvere,
3486 3640 3607 3697 evi—
3684 3632 3685 3635 “

2031 3730 2314 3800 gilabunt;
2348 3730 2440 3793 alii
2472 3729 2528 3786 in
2555 3731 2726 3791 vitam
2753 3742 3039 3797 aeternam,
3088 3734 3144 3787 et
3187 3731 3279 3789 alii
3322 3733 3376 3787 in
3406 3747 3608 3802 oppro-

2030 3824 2209 3883 brium
2257 3832 2315 3880 et
2359 3822 2732 3883 confusionem
2799 3833 3081 3880 aeternam.
3135 3824 3203 3879 Et
3249 3823 3612 3894 intelligentes

2031 3915 2314 3988 fulgebunt
2350 3915 2507 3985 quasi
2547 3915 2803 3986 splendor
2831 3916 3162 3975 ﬁrmamenti
3193 3933 3209 3971 :
3254 3917 3414 3974 et.de
3448 3915 3610 3986 iustis

2034 4007 2278 4076 plurimi,
2308 4007 2461 4077 quasi
2502 4005 2672 4067 stella:
2700 4006 2756 4067 in
2788 4006 3013 4071 secula,
3049 4016 3106 4063 et
3138 4005 3275 4063 ultra
3302 4006 3369 4063 ³⁸.
3398 4025 3418 4060 ι
3454 4006 3608 4073 Quod

2035 4099 2085 4155 si
2116 4099 2232 4155 huic
2277 4098 2535 4159 vaticinia
2570 4098 2719 4157 dicta
2767 4098 2958 4157 insane
3006 4098 3287 4155 ardebunt.
3327 4108 3608 4163 evertere,

2036 4188 2250 4251 Domini
2290 4196 2439 4253 certe
2470 4189 2766 4259 exploratis
2813 4190 2996 4247 verbis
3041 4189 3482 4255 continebuntur,
3515 4203 3613 4244 ne-

2035 4279 2213 4351 gantis
2257 4280 2680 4351 majoremesse
2734 4281 2868 4347 hero
2921 4296 3177 4347 servum,
3218 4290 3312 4337 aut
3354 4290 3616 4349 prestare

2039 4369 2366 4441 discipulum
2394 4371 2674 4439 magistro.
2701 4368 2799 4425 Ille
2826 4369 2970 4427 enim
3001 4370 3233 4440 preprie.
3256 4379 3312 4426 et
3341 4384 3467 4425 vere
3493 4383 3613 4431 ma-

2039 4456 2208 4526 gister
2237 4466 2339 4523 est,
2375 4458 2468 4526 qui
2516 4456 2611 4510 Dei
2660 4465 2717 4513 et
2762 4455 2947 4513 Patris
2993 4458 3363 4523 voluntatem,
3412 4457 3499 4512 cui
3529 4467 3617 4515 est

347 4550 481 4620 igne
503 4553 723 4616 peccata
760 4552 1138 4633 consumptum
1177 4543 1242 4597 iri
1269 4543 1605 4613 existimant,
1634 4559 1698 4601 ac
1727 4545 1809 4601 sic
1836 4543 1932 4600 de—
1965 4556 2338 4635 D‘potestate,
2368 4558 2424 4604 et
2452 4549 2681 4616 honore,
2705 4556 3091 4621 atquetnatura
3121 4548 3241 4620 p'ar,
3274 4564 3381 4605 non
3404 4558 3616 4605 tantum

353 4639 524 4709 nique
555 4638 620 4692 ad
649 4650 941 4707 perennem
969 4626 1135 4689 vitam
1158 4643 1321 4706 atque
1347 4635 1679 4706 voluptatem
1703 4637 1935 4693 transire

357 4737 705 4801 exspectant,
740 4728 1197 4799 interpretatione
1234 4727 1377 4784 illius
1414 4727 1569 4784 Pauli
1608 4731 1929 4787 sententia:

366 4839 385 4873 ι
427 4819 566 4887 Quia
604 4819 658 4874 in
690 4818 814 4891 igne
837 4818 1201 4887 revelabitur;
1234 4829 1288 4899 et
1331 4822 1763 4899 uniuscujusque
1801 4835 1940 4892 opus

353 4914 520 4985 quale
554 4912 829 4991 sit,‘ignis
885 4911 1137 4982 probabit
1178 4908 1203 4967 ε’
1239 4896 1282 4968 si
1324 4912 1479 4983 cujus
1527 4928 1664 4983 opus
1700 4896 1941 4979 arserit,

356 5004 743 5077 detrimentum
784 5004 1062 5075 patietur:
1097 5005 1213 5075 ipse
1255 5015 1436 5061 autem
1472 5005 1654 5059 salvus
1689 5005 1815 5068 erit,
1860 5005 1943 5060 sic

352 5110 536 5154 tamen
559 5098 718 5177 quasi
739 5112 835 5168 per
856 5096 1037 5168 ignem
1057 5098 1103 5152 ⁸.
1129 5114 1148 5148 ι
1179 5096 1287 5153 Sed
1310 5096 1427 5169 (52)
1453 5097 1596 5177 enim
1623 5097 1938 5166 neutiquam

355 5184 742 5257 suppliciorum
801 5185 964 5241 linem
1022 5184 1135 5240 haec
1185 5195 1457 5252 astruunt,
1505 5187 1598 5245 sed
1630 5196 1816 5257 contra
1841 5201 1942 5255 po-

358 5277 471 5335 tius
516 5292 707 5345 eorum
757 5286 1145 5353 augmentum;
1201 5281 1279 5349 (et
1336 5278 1389 5333 id
1450 5278 1671 5347 quidem
1733 5293 1947 5348 semper

430 5426 679 5558 3.11%“;
711 5472 837 5558 ιξξθ
874 5456 1091 5558 ιεὐξὲς
1142 5454 1918 5558 31.31am-esset-":3:

2024 5475 2063 5541 νο
2097 5477 2159 5558 ut
2190 5461 2771 5558 ἓδιιὲἐλ...”.ὲ¹³ιιξ¹·
2816 5477 2872 5558 ιξ
2894 5464 3049 5558 ς..ἓὲ-

669 5544 705 5591 ι,
748 5528 838 5583 55.
915 5527 936 5558 ³
964 5526 1110 5582 Psal.
1142 5541 1288 5594 xcvr,
1321 5527 1371 5580 7.
1469 5526 1491 5558 ⁸
1526 5526 1671 5582 Psal.
1712 5544 1913 5593 Lxxxn,
1958 5530 2045 5583 17.
2137 5532 2159 5562 '
2203 5531 2382 5586 ICor.
2420 5548 2503 5599 ιιι,
2540 5534 2625 5594 15,
2674 5533 2759 5586 14.
2839 5534 2858 5564 °
2898 5532 3032 5588 ibid.

669 5596 860 5652 'Psal.
903 5612 1114 5664 Lxxxn,
1175 5598 1262 5652 19.
1338 5597 1359 5628 ⁹
1392 5596 1496 5651 lsa.
1539 5613 1684 5661 uvr,
1717 5599 1806 5653 25.
1886 5601 1929 5632 "
1961 5600 2098 5656 Dan.
2129 5616 2229 5669 xu,
2259 5602 2316 5669 2,
2359 5604 2413 5657 ὅ.
2493 5605 2536 5635 ἰ
2579 5600 2767 5658 Matth.
2799 5618 2928 5669 xxv,
2965 5603 3051 5660 46.

361 5528 384 5559 ³
420 5527 607 5581 Matth.
648 5544 705 5591 x,
748 5528 838 5583 55.

915 5527 936 5558 ³
964 5526 1110 5582 Psal.
1142 5541 1288 5594 xcvr,
1321 5527 1371 5580 7.

365 5596 581 5661 11,12.

440 5751 555 5835 (52)
587 5752 867 5835 Interpres
906 5756 1087 5813 omisit
1121 5756 1411 5828 12.lincas.

444 5821 557 5905 (είῆ
597 5824 670 5875 Τὸ
700 5821 858 5877 σῶον.

2043 4637 2228 4694 auditu
2266 4639 2495 4695 edoctus
2529 4638 2813 4708 discipulis
2851 4638 3112 4708 prodidit.
3160 4639 3403 4707 Quatest
3433 4649 3616 4696 autem

2042 4727 2251 4799 liquida
2288 4728 2936 4795 Servatorissententia?
2973 4746 2995 4782 ι
3029 4729 3098 4787 Et
3133 4731 3291 4789 ibunt
3317 4730 3370 4785 bi
3402 4731 3457 4785 in
3488 4744 3621 4801 sup.

2044 4817 2267 4891 plicium
2287 4828 2551 4874 internum
2577 4818 2666 4891 (de
2688 4820 2938 4883 sontibus
2965 4821 3211 4893 loquens)
3239 4838 3258 4879 :
3277 4822 3411 4893 iusti
3436 4833 3619 4878 autem

2050 4909 2105 4973 in
2136 4910 2307 4969 vitam
2338 4921 2600 4967 aeternam
2625 4912 2692 4967 “.
2727 4929 2747 4962 ι
2791 4913 2861 4966 Ει
2886 4913 3140 4971 Michaeas
3166 4930 3183 4969 :
3217 4932 3238 4966 ι
3279 4915 3425 4971 Ecce
3452 4915 3621 4979 venit,

2050 5002 2186 5079 dicit
2208 5002 2472 5058 Dominus
2503 5004 2850 5074 omnipotens
2879 5021 2894 5059 :
2928 5015 2985 5061 et
3015 5006 3138 5075 quis
3161 5006 3623 5075 sustinebit.th

2049 5093 2487 5166 adventusejus,
2517 5097 2789 5166 aquuis
2854 5094 3003 5153 ferre
3046 5098 3255 5167 poterit.
3299 5105 3363 5152 ut
3397 5095 3627 5167 aspiciat

2051 5186 2220 5243 eum?
2256 5187 2382 5257 quia
2416 5186 2533 5256 ipse
2564 5187 2892 5258 ingreditur,
2927 5190 3085 5259 quasi
3121 5189 3262 5260 ignis
3293 5188 3627 5257 conﬂatoris,

2052 5287 2109 5331 et
2165 5279 2320 5347 quasi
2374 5279 2547 5337 herba
2585 5279 2906 5339 lavantium.
2965 5282 3193 5338 Sedebit
3250 5281 3515 5349 conﬁsus,
3567 5291 3628 5337 et

3150 5465 3167 5496 ί
3208 5461 3366 5520 Joan.
3398 5477 3491 5530 xv,
3529 5462 3623 5517 22.

2137 5532 2159 5562 ⁵
2203 5531 2382 5586 ICor.
2420 5548 2503 5599 Ill,
2540 5534 2625 5602 15,
2674 5533 2759 5586 14.
2839 5534 2858 5564 °
2898 5532 3032 5588 ibid.
3086 5534 3174 5591 15.
3268 5534 3291 5566 ⁷
3330 5532 3475 5590 Psal.
3501 5549 3627 5602 va,

2134 5759 2245 5831 (54)
2285 5756 2383 5814 Vel
2416 5758 2556 5815 forte
2589 5771 2889 5817 consumat.
