4042 6414
359 412 461 478 921

1423 414 1813 478 DlALOGUS
1851 414 2160 478 CONTRA
2182 412 2516 477 JUDIEOS.

3505 413 3611 479 922

355 523 653 580 emundant
695 524 835 580 sicut
883 530 1167 595 argentum
1193 563 1208 591 ,
1252 530 1316 579 et
1359 524 1502 582 sicut
1556 542 1747 585 aurum
1797 528 1864 582 ι’.
1910 545 1930 580 ι
1964 535 2010 594 Α
2039 528 2357 584 incoctum:
2386 535 2444 582 et
2489 524 2655 579 homo
2701 522 2875 594 magis
2928 522 3226 580 honoratus
3268 524 3399 589 erit,
3437 540 3602 596 quam
3682 584 3697 605 κ

358 616 515 685 Quod
539 616 617 674 illi
652 615 873 677 Davidis
899 616 1175 685 geminum
1205 625 1291 676 est
1320 634 1336 673 :
1371 636 1390 672 ι
1423 617 1570 688 Ignis
1600 626 1729 681 ante
1756 618 1931 688 ipsum

354 709 651 780 praecedet,
716 719 780 771 et,
843 708 1201 768 inﬂammabit
1265 709 1319 765 in
1383 710 1619 767 circuitu
1681 711 1935 769 inbui-cos

354 801 476 871 ejus
498 801 567 856 ".
603 819 623 853 ι
661 799 923 859 Salonam
958 800 1033 855 ita
1075 814 1191 854 rem
1231 801 1489 870 proponit
1520 818 1537 857 :
1573 820 1594 854 ι
1633 802 1785 858 Tunc
1815 812 1932 857 sta-

357 893 492 946 bunt
513 890 646 960 justi
685 892 738 947 in
792 905 983 962 magna
1017 892 1327 951 constantia
1363 893 1631 949 adversus
1675 908 1790 960 eos,
1839 893 1931 964 qui

352 998 414 1047 se
431 983 968 1052 angustiavet‘unt,et
989 983 1080 1051 qui
1114 983 1452 1041 abstulerunt
1476 984 1687 1041 labores
1717 1000 1931 1040 contra.

358 1074 614 1131 Videntes
647 1073 1007 1135 turbabuntur
1042 1075 1240 1130 timore
1268 1074 1538 1140 horribili,
1565 1085 1622 1131 et
1652 1076 1934 1133 mirabun-

355 1179 442 1227 tur
476 1169 529 1222 iu
559 1167 898 1225 subitatione
928 1167 1220 1236 insperata
1248 1167 1442 1223 salutis
1468 1168 1533 1226 “.
1567 1186 1589 1221 ι

422 1290 692 1344 Caeterum
729 1283 896 1338 David
930 1301 1035 1339 non
1078 1285 1343 1352 judicium
1390 1284 1574 1349 modo,
1617 1287 1711 1342 sed
1749 1286 1929 1343 locum

353 1377 701 1449 adeojudicii
727 1377 990 1447 prodidit,
1015 1377 1069 1431 in
1105 1377 1222 1432 hare
1255 1379 1417 1433 verba
1446 1394 1460 1433 :
1493 1396 1513 1430 ι
1550 1378 1785 1435 Lanatus
1809 1394 1929 1434 sum

351 1473 406 1526 in
459 1472 544 1527 his
589 1486 714 1541 qua:
767 1470 911 1525 dicta
963 1480 1091 1525 sunt
1129 1469 1283 1535 milii,
1341 1470 1395 1525 in
1451 1472 1668 1525 domum
1719 1470 1929 1526 Domini

352 1561 550 1617 ibimus
581 1576 597 1615 :
632 1561 857 1617 Stantes
904 1569 1065 1615 erunt
1103 1562 1268 1631 pedes
1300 1563 1482 1625 nostri
1536 1563 1589 1616 in
1642 1563 1795 1616 atriis
1826 1562 1931 1618 tuis

350 1650 654 1707 Jerusalem
687 1651 1054 1717 :Jerusalem,
1104 1668 1226 1724 qua:
1270 1652 1579 1707 aedificatur
1626 1663 1684 1707 ut
1710 1653 1926 1720 civitas,

349 1744 508 1815 cujus
563 1745 916 1814 participatio
969 1745 1091 1812 ejus
1154 1745 1208 1799 in
1267 1745 1533 1815 idipsum;
1593 1744 1721 1799 illuc
1782 1745 1927 1799 enim

345 1836 713 1892 ascenderunt
751 1837 945 1901 tribus,
997 1837 1173 1893 tribus
1227 1837 1442 1892 Domini
1474 1876 1490 1904 ,
1555 1837 1925 1893 testimoniqu

2043 615 2178 685 lapis
2205 614 2277 669 de
2302 613 2524 683 Supbir.
2547 612 2763 668 Caelum
2783 612 2929 668 enim
2962 612 3354 683 indignabitur,
3386 624 3441 671 et
3466 624 3610 672 terra

2042 709 2443 765 concutietur-tt
2498 704 2870 760 fundamentis
2918 706 3051 772 suis,
3103 717 3324 775 prepter
3372 706 3612 763 furorem

2038 803 2141 858 irae
2168 801 2385 856 Domini
2417 801 2679 868 Sabaoth,
2717 802 2768 856 in
2798 801 2887 855 die
2914 799 3028 866 illa,
3077 816 3201 871 quae
3238 805 3614 871 supervenerit
3639 804 3651 814 '

2035 893 2193 948 furor
2208 891 2399 962 ejus”.
2416 910 2439 943 ι
2462 891 2581 948 Alio
2604 891 2723 946 loco
2744 891 2822 945 sic
2844 891 2984 945 idem
3012 891 3199 945 istbaec
3221 893 3572 960 prosequitur
3594 910 3608 947 :

2042 1004 2063 1038 σ
2100 984 2411 1054 Consurget
2454 983 2716 1039 Dominus
2766 983 3003 1039 Sabaoth
3060 984 3113 1036 in
3163 984 3302 1038 valle
3347 985 3609 1040 Gabaon:

2034 1092 2158 1135 cum
2200 1075 2385 1130 furore
2415 1074 2583 1130 faciet
2619 1089 2781 1145 opera
2829 1088 2950 1142 sua,
2992 1075 3369 1129 amaritudinis
3405 1090 3608 1145 opera:

2036 1168 2189 1225 furor
2243 1168 2362 1238 ejus
2422 1167 2601 1229 alieno
2672 1176 2878 1233 utetur,
2955 1177 3011 1223 et
3070 1169 3375 1223 amaritudo
3441 1170 3615 1225 aliena

2035 1270 2090 1316 et
2155 1275 2250 1316 vos
2298 1259 2473 1315 nolite
2520 1261 2716 1327 laetari,
2774 1273 2953 1330 neque
2995 1261 3372 1315 cantor-tentur
3399 1262 3614 1317 vincula

2036 1362 2215 1408 vestra
2251 1369 2265 1404 :
2298 1353 2426 1423 quia
2467 1362 2879 1407 consummatas
2921 1360 2977 1407 et
3017 1353 3363 1408 abbreviatas
3405 1368 3492 1409 res
3521 1370 3617 1408 au-

2033 1446 2142 1502 divi
2175 1461 2205 1501 a
2241 1446 2473 1502 Domino
2534 1444 2797 1509 Sabaoth,
2841 1458 2978 1514 quas
3032 1444 3274 1500 facturus
3325 1455 3407 1500 est
3454 1458 3616 1511 super

2033 1553 2252 1596 omnem
2287 1548 2489 1596 terram
2515 1540 2581 1593 “.
2621 1558 2640 1592 ι
2679 1539 2740 1594 Et
2777 1537 2957 1607 capite
2988 1538 3240 1607 sequenti
3272 1538 3386 1593 haec
3417 1538 3611 1597 habet:

2039 1647 2059 1681 ι
2095 1629 2230 1685 Cum
2260 1631 2501 1686 viderint
2526 1645 2691 1701 opera
2738 1646 2895 1695 mea,
2946 1630 3366 1686 sanetiiicabunt
3415 1644 3612 1685 nomen

2032 1737 2240 1790 meum,
2273 1730 2333 1779 et
2379 1724 2802 1780 sanctificabunt
2840 1732 3086 1778 sanctum
3138 1723 3307 1792 ipsius
3347 1721 3516 1777 Jacob
3561 1733 3618 1777 et

2031 1811 2200 1872 Deum
2251 1814 2419 1869 iseael
2470 1815 2738 1870 timebunt
2759 1816 2827 1869 κ.
2877 1832 2898 1866 ι
2962 1817 3128 1870 Amos
3184 1814 3297 1869 haec
3347 1813 3612 1882 reliquit:

346 1883 711 1892 c-----_--_---
753 1883 945 1901 ---η-.-,
1000 1883 1171 1893 -..ην
1227 1883 1490 1904 -ν.......,
1559 1883 1923 1893 .---..-.ν.-.μ...

344 1929 533 1995 Israel,
583 1931 650 1984 ad
703 1929 1067 1984 conﬁtendum
1118 1932 1325 1986 nomini
1365 1930 1577 1986 Domini
1608 1950 1621 1986 :
1652 1931 1779 2000 quia
1816 1931 1923 1985 illic

2041 1924 2061 1957 ι
2098 1904 2202 1972 Qui
2228 1906 2463 1961 aediﬁcat
2491 1908 2553 1960 in
2594 1905 2734 1961 ctelo
2793 1904 3165 1961 ascensionem
3211 1898 3386 1969 suam,
3441 1914 3495 1959 et
3529 1920 3618 1960 se-

346 2020 608 2076 sederunt
642 2021 697 2075 in
723 2020 953 2090 judicio,
986 2021 1145 2075 sedes
1177 2037 1347 2092 super
1374 2023 1592 2076 domum
1626 2022 1791 2077 David
1818 2022 1915 2076 ι’.»

343 2111 413 2166 Ει
447 2111 658 2167 Isaias:
698 2132 717 2165 t
754 2111 909 2167 Tunc
969 2114 1132 2168 stabit
1183 2116 1236 2169 in
1284 2114 1488 2183 judicio
1536 2114 1815 2181 Dominus,
1868 2124 1925 2172 et

341 2212 548 2259 statuet
584 2203 651 2259 ad
691 2203 958 2273 judicium
1008 2204 1263 2274 populum
1295 2221 1476 2261 suum.
1509 2203 1626 2275 Ipse
1662 2206 1923 2261 Dominus

342 2296 410 2351 ad
433 2295 702 2366 judicium
737 2296 919 2351 veniet
954 2311 1076 2351 cum
1124 2296 1432 2351 seniori-bus
1481 2295 1680 2364 pepuli,
1715 2304 1769 2350 et
1799 2311 1920 2350 cum

340 2388 682 2459 principibus
727 2389 844 2456 ejus
869 2388 933 2443 η.
968 2407 987 2440 ι
1030 2388 1094 2441 Ει
1123 2403 1342 2443 rursum
1376 2403 1393 2442 :
1434 2407 1452 2439 ι
1490 2388 1614 2443 Haec
1650 2390 1784 2444 dicit
1820 2389 1921 2444 Do-

345 2481 544 2534 minus.
600 2479 694 2533 Die
745 2478 835 2533 illa
890 2478 1171 2534 illucescet
1229 2477 1369 2533 Deus
1417 2477 1471 2532 in
1521 2478 1748 2534 consilio
1797 2492 1920 2533 cum

340 2568 515 2638 gloria
568 2583 730 2637 super
776 2574 1004 2635 terram,
1058 2578 1115 2623 ut
1151 2567 1358 2623 exaltet
1392 2577 1447 2623 et
1487 2567 1753 2638 gloriiicet
1785 2568 1921 2623 resi-

339 2658 508 2712 duum
540 2656 729 2713 Israel.
762 2657 829 2711 Et
858 2660 987 2724 erit,
1015 2658 1157 2727 quod
1184 2657 1452 2727 reliquum
1485 2656 1649 2713 fuerit
1678 2659 1731 2712 in
1763 2656 1916 2726 Sion,

336 2759 389 2803 et
420 2749 562 2818 quod
593 2751 920 2804 remanserit
950 2748 1003 2804 in
1028 2748 1357 2815 .Ierusalem,
1383 2751 1556 2805 sancti
1580 2751 1921 2806 vocabuntur

334 2856 528 2897 omnes
567 2842 754 2912 scripti
792 2843 858 2896 ad
895 2843 1059 2898 vitam
1102 2843 1155 2897 in
1184 2841 1511 2897 Jerusalem.
1550 2842 1744 2897 Abluet
1773 2843 1916 2898 enim

338 2930 605 2987 Dominus
627 2934 843 2987 sordem
869 2933 1103 2987 liliorum
1128 2942 1181 2989 et
1209 2933 1440 2986 ﬁliarum
1472 2933 1627 2998 Sion,
1648 2944 1703 2988 et
1723 2948 1920 2988 emun-

333 3021 485 3077 dabit
514 3023 838 3093 sanguinem
871 3026 935 3080 de
959 3025 1140 3079 medio
1167 3038 1359 3077 eorum
1390 3024 1442 3077 in
1474 3025 1671 3093 spiritu
1699 3024 1915 3096 judicii,

335 3120 393 3166 et
423 3112 621 3182 spiritu
680 3115 1163 3172 combustionis".
1195 3134 1213 3166 ι
1242 3113 1344 3171 Ubi
1407 3129 1507 3184 per
1564 3118 1669 3171 duo
1713 3116 1915 3180 judicia

339 3205 639 3273 requietem
665 3217 828 3275 atque
849 3222 1063 3276 poenam
1080 3208 1368 3276 signiﬁcat.
1402 3205 1511 3274 t‘lEt
1531 3210 1712 3262 veniet
1737 3210 1918 3263 Domi-
1946 3245 1990 3303 ο

340 3306 542 3360 nus,et
562 3297 667 3350 erit
688 3298 866 3353 omnis
906 3297 1059 3354 locus
1098 3300 1298 3355 montis
1327 3298 1481 3366 Sion,
1509 3308 1564 3354 et
1590 3302 1769 3354 omnia
1798 3316 1918 3369 qua:

339 3385 396 3440 in
431 3386 661 3442 circuitu
688 3389 819 3459 ejus-
850 3397 997 3454 sunt,
1034 3391 1380 3445 obumbrabit
1420 3393 1593 3445 nubes
1624 3405 1720 3460 per
1750 3392 1916 3461 diem,

334 3484 394 3534 et
417 3485 674 3548 tanquam
710 3480 885 3548 fumo,
908 3491 962 3536 et
988 3482 1110 3537 luce
1142 3482 1282 3552 ignis
1306 3482 1532 3537 ardente
1563 3497 1660 3552 per
1682 3492 1916 3549 noctem,

332 3583 392 3631 et
425 3578 575 3631 omni
612 3577 785 3648 gloria
818 3588 1155 3649 protegctur.
1210 3577 1277 3633 Et
1325 3579 1432 3634 erit
1479 3577 1534 3633 in
1570 3578 1817 3634 umbram
1849 3582 1920 3635 ab

332 3678 467 3723 aestu
505 3682 605 3737 per
634 3667 801 3733 diem,
850 3677 904 3723 et
947 3669 1004 3723 in
1049 3670 1472 3739 protectionem,
1500 3677 1559 3739 et
1603 3670 1656 3725 in
1691 3670 1918 3726 abscoa-

333 3757 546 3812 sionem
599 3759 667 3813 ab
716 3760 1008 3830 asperitate
1050 3768 1105 3815 et
1138 3760 1317 3830 pluvia
1345 3761 1413 3817 ιθ.
1452 3777 1472 3812 ι
1506 3777 1527 3812 t
1563 3758 1629 3814 Et
1663 3761 1916 3816 humilia-

336 3849 483 3904 bitur
513 3847 697 3915 homo,
727 3859 782 3904 et
805 3851 1239 3906 deltonorabitur
1265 3853 1369 3916 vir,
1402 3862 1456 3907 et
1476 3852 1619 3907 oculi
1655 3853 1917 3909 sublimes

335 3941 804 4004 humiliabuntur;
840 3951 896 3996 et
938 3943 1268 3998 exaltabitur
1305 3943 1566 4001 Dominus
1593 3941 1833 4000 Sabaoth
1860 3944 1914 3998 in

333 4036 554 4106 judicio,
578 4045 634 4092 et
655 4035 1041 4092 Deus-sanctus
1063 4034 1458 4106 gloriﬁcabitur
1488 4035 1542 4090 in
1564 4034 1780 4104 justitia
1807 4036 1910 4087 ι’.»

334 4132 400 4187 Et
442 4130 569 4187 alibi
601 4148 616 4186 :
646 4149 668 4196 ι
702 4130 877 4200 Prope
926 4140 1011 4185 est
1064 4131 1180 4186 dies
1225 4130 1460 4194 Domini,
1504 4138 1560 4184 et
1600 4129 1857 4184 contritio
1882 4142 1915 4183 a

334 4222 442 4278 Deo
464 4221 667 4277 veniet.
717 4222 949 4292 Propter
992 4222 1093 4277 hoc
1134 4221 1312 4276 omnis
1343 4232 1537 4274 manus
1565 4219 1913 4286 dissolvetur,

334 4322 391 4369 et
419 4313 599 4368 omnis
634 4311 812 4366 anima
864 4311 1104 4367 hominis
1149 4310 1483 4365 formidabit.
1525 4308 1917 4366 Turbabuntur

336 4403 526 4475 legati,
557 4410 616 4457 et
646 4402 862 4456 dolores
897 4415 990 4456 eos
1019 4402 1296 4462 tenebunt,
1323 4401 1477 4470 quasi
1514 4396 1760 4455 mulieris
1788 4415 1915 4470 par-

336 4494 596 4549 turientis
624 4513 640 4548 :
677 4501 732 4547 et
759 4490 1128 4546 condoiebunt
1156 4490 1295 4545 alter
1326 4490 1394 4545 ad
1436 4489 1691 4556 alterum,
1721 4500 1777 4547 et
1800 4497 1917 4544 stu-

2034 1999 2334 2057 euritatetn-
2389 2012 2572 2058 suout
2601 2013 2766 2067 super
2814 2005 3017 2051 terram
3081 1995 3273 2049 fundat
3319 2012 3334 2049 :
3379 1997 3471 2064 qui
3522 2010 3619 2050 vo-

2030 2097 2122 2142 cat
2172 2102 2375 2158 aquam
2419 2092 2612 2153 maris,
2664 2097 2723 2145 et
2773 2086 3001 2144 effundit
3045 2102 3165 2145 eam
3217 2101 3381 2157 super
3417 2085 3616 2143 faciem

2030 2187 2192 2236 terra:
2217 2180 2284 2233 ".
2321 2199 2347 2234 ι

2102 2289 2299 2348 Notate
2328 2292 2618 2363 diligenter
2646 2299 2965 2361 conceptam
2999 2292 3218 2349 inverso
3247 2292 3440 2349 ordine
3478 2306 3609 2349 sen-

2032 2385 2283 2438 tentiam.
2340 2382 2475 2438 Nam
2521 2383 2664 2453 quod
2718 2383 2874 2449 dicit,
2914 2384 3218 2451 ltujusmodi
3263 2394 3345 2439 est
3373 2384 3608 2455 :.Omni-

2028 2489 2222 2547 potens
2252 2477 2380 2544 ille,
2429 2487 2485 2532 et
2529 2476 2774 2533 universi
2822 2477 3042 2533 molitor
3093 2476 3259 2543 Deus,
3307 2478 3399 2549 qui
3447 2477 3615 2535 maris

2032 2583 2207 2638 aquas
2240 2568 2296 2623 in
2331 2568 2498 2624 totius
2528 2577 2686 2623 terrae
2717 2569 2893 2623 solum
2925 2567 3171 2635 efﬁmdit,
3207 2568 3273 2623 ad
3307 2577 3611 2623 extremum

2029 2661 2087 2716 in
2121 2672 2321 2716 terram
2367 2676 2522 2716 suam
2568 2661 2922 2716 stabilitatem
2958 2661 3218 2731 deligens,
3252 2661 3305 2716 id
3334 2672 3442 2723 est,
3473 2660 3612 2714 citra

2028 2762 2313 2822 peccatum
2349 2751 2510 2807 homo
2541 2752 2720 2807 factus
2753 2753 2905 2823 (nam
2936 2753 3207 2807 stabilitas
3230 2753 3300 2807 sit
3338 2751 3465 2806 Filii
3494 2766 3615 2806 cora

2028 2841 2164 2910 pus)
2221 2842 2554 2908 incarnatus,
2612 2850 2667 2897 ct
2710 2852 2997 2897 centracto
3047 2857 3285 2910 corpore
3329 2842 3471 2896 inter
3517 2853 3616 2898 nos

2028 2946 2218 2987 servos
2259 2941 2532 2997 versatus;
2591 2948 2720 2988 suos
2769 2935 2824 2988 in
2870 2935 3007 2989 coelo
3052 2936 3254 3004 gradus
3303 2935 3609 2990 aediﬁcavit.

2026 3017 2143 3077 Joel
2176 3039 2191 3075 :
2230 3038 2250 3073 ι
2288 3019 2380 3076 Sol
2410 3033 2762 3078 convertetur
2792 3023 2846 3077 in
2876 3024 3151 3089 tenebras,
3180 3035 3231 3079 et
3258 3024 3383 3078 luna
3409 3025 3460 3078 in
3488 3039 3612 3079 san-

2027 3113 2268 3180 guinem,
2320 3124 2615 3185 antequam
2669 3115 2852 3169 veniat
2898 3117 3012 3169 dies
3048 3115 3258 3169 Domini
3293 3131 3519 3184 magnus
3556 3125 3613 3171 et

2027 3207 2278 3261 ilIUStris.
2325 3208 2392 3260 Et
2429 3208 2532 3262 erit
2574 3223 2589 3264 :
2642 3205 2838 3262 Omnis
2887 3209 2977 3277 qui
3028 3208 3365 3261 invocaret-it
3414 3226 3608 3263 nomen

2028 3297 2263 3363 Domini,
2303 3298 2485 3353 salvus
2515 3298 2622 3353 erit
2643 3296 2712 3353 θ.
2747 3317 2766 3350 ι
2815 3297 2877 3352 Et
2916 3314 3011 3367 per
3042 3299 3374 3368 Snpltoniam
3425 3299 3603 3355 Dcus:

2030 3408 2051 3442 ι
2089 3389 2389 3446 'I‘ribulabo
2422 3389 2690 3455 homines,
2727 3399 2781 3445 et
2810 3390 3165 3446 ambulabunt
3210 3400 3266 3444 ut
3298 3390 3451 3457 caeci,
3477 3392 3621 3460 quia'

2028 3482 2257 3536 Domino
2291 3484 2748 3552 peccaverunt“.
2781 3501 2800 3534 ι
2840 3480 3102 3551 Equidem
3127 3497 3230 3537 non
3270 3483 3405 3536 dixit
3432 3482 3631 3548 Deus:

2022 3573 2150 3643 quia
2184 3574 2318 3628 mihi
2367 3583 2754 3643 peccaverunt,
2802 3575 2896 3628 sed
2948 3565 3198 3640 Domino,
3241 3573 3447 3629 scilicet
3479 3575 3611 3629 cha—

2022 3668 2243 3725 rissima
2293 3666 2455 3722 Filio.
2498 3664 2688 3736 Itaque
2735 3676 2789 3720 et
2844 3663 3106 3720 Dominus
3173 3681 3326 3721 meus
3376 3665 3609 3736 majores

2021 3769 2234 3817 vestros
2285 3758 2570 3829 alloquens
2616 3759 2693 3814 ait
2728 3775 2744 3815 :
2784 3776 2803 3810 ι
2840 3757 2901 3813 In
2935 3758 3200 3829 judicium
3242 3772 3345 3824 ego
3377 3758 3430 3813 in
3463 3759 3608 3815 hunc

2021 3848 2285 3903 mundum
2319 3846 2442 3902 veni
2477 3863 2492 3901 :
2526 3855 2593 3899 ut
2614 3845 2704 3913 qui
2732 3860 2839 3900 non
2882 3846 3087 3905 vident.
3121 3846 3366 3914 videant,
3411 3856 3467 3900 et
3511 3847 3605 3917 qui

2021 3939 2227 4005 vident,
2278 3938 2405 3993 eieci
2458 3936 2679 3992 fiant“.
2724 3955 2742 3989 ι
2782 3934 3091 3993 Jeremias:
3130 3954 3148 3988 ι
3178 3936 3384 4007 Aspexi
3434 3952 3608 4007 super

2023 4040 2223 4085 terram
2250 4047 2264 4084 :
2288 4038 2344 4083 et
2370 4042 2498 4083 ecce
2529 4027 2662 4082 nihil
2695 4045 2710 4082 :
2745 4028 2877 4081 etin
2913 4026 3150 4093 coelum;
3190 4033 3243 4082 et
3287 4043 3391 4081 non
3436 4030 3592 4082 erant

2021 4118 2227 4173 lumina
2268 4118 2406 4187 ejus,
2470 4126 2527 4172 et
2577 4116 2686 4170 vidi
2741 4123 2989 4181 montes;
3035 4126 3089 4170 et
3126 4130 3255 4171 ecce
3293 4125 3448 4171 erant
3495 4127 3606 4175 tre-

2020 4220 2256 4277 mentes,
2280 4219 2337 4265 et
2356 4224 2550 4266 omnes
2579 4207 2745 4263 colles
2770 4208 3015 4265 turbatos
3040 4223 3069 4263 a
3095 4208 3235 4263 facie
3252 4208 3467 4263 Domini
3484 4210 3554 4264 ".
3577 4229 3598 4263 ι

2021 4303 2090 4359 Et
2116 4301 2330 4358 David:
2363 4319 2383 4353 ι
2421 4301 2589 4367 Vidit,
2627 4310 2683 4356 et
2716 4309 2991 4355 commota
3032 4308 3119 4356 est
3167 4307 3309 4355 terra
3339 4317 3355 4355 :
3385 4310 3600 4359 montes

2019 4408 2077 4454 et
2105 4412 2297 4453 omnes
2338 4394 2508 4455 colles
2549 4395 2695 4451 sicut
2746 4408 2871 4451 cera
2922 4393 3236 4448 tinxerunt:
3275 4395 3402 4463 quia
3453 4396 3604 4451 venit

2021 4489 2322 4555 Dominus,
2390 4487 2648 4555 quoniam
2712 4486 2863 4539 venit
2905 4484 3153 4556 judicare
3212 4495 3412 4541 terram
3457 4487 3523 4542 ’⁸.
3576 4506 3597 4542 ι

333 4585 559 4654 pebunt,
599 4594 656 4639 et
686 4582 880 4637 faciem
930 4596 1083 4636 suam
1125 4580 1282 4651 quasi
1315 4578 1557 4647 ﬂamma,
1602 4580 1915 4636 mutabunt.
1950 4589 1995 4646 ι)
2025 4609 2094 4620 -
2136 4598 2155 4631 t
2188 4577 2461 4634 Judicabit
2509 4576 2696 4632 orbem
2742 4586 2903 4631 terra:
2957 4577 3011 4632 in
3065 4581 3342 4647 atquitate,
3393 4587 3449 4635 et
3500 4594 3604 4650 po-

332 4675 475 4731 Ecce
506 4676 652 4730 enim
676 4675 793 4728 dies
833 4672 1052 4727 Domini
1078 4675 1225 4728 venit
1255 4671 1599 4739 insanabilis,
1629 4670 1832 4728 furoris
1856 4680 1914 4728 ct

236 4778 241 4785 ‘
331 4768 450 4831 iraa,
486 4767 551 4820 ad
578 4767 887 4836 ponendum
915 4767 1101 4820 orbem
1133 4773 1297 4820 terrae
1323 4762 1623 4832 desertum,
1646 4772 1700 4817 et
1723 4778 1915 4834 pecca-

336 4867 483 4911 tores
518 4857 825 4924 perdendos
854 4870 920 4910 ex
956 4868 1042 4910 eo.
1084 4853 1267 4909 Stella:
1302 4858 1448 4909 enim
1481 4853 1601 4909 caeli
1628 4863 1685 4908 et
1722 4853 1912 4920 Orion,

330 4958 385 5002 et
411 4947 593 5004 omnis
621 4954 850 5002 ornatus
881 4947 1028 5013 coeli,
1059 4961 1169 5001 non
1200 4944 1411 5001 dabunt
1428 4945 1646 5013 lumen;
1681 4956 1735 5003 et
1759 4947 1914 5003 obte-

333 5039 708 5095 nebrabuutur
733 5039 953 5093 oriente
978 5038 1129 5107 sole;
1175 5036 1385 5092 oriona
1414 5053 1525 5093 non
1558 5039 1933 5095 dabitlumeu-

332 5148 516 5190 suum.
548 5131 616 5187 Et
654 5130 925 5187 mandabo
954 5130 1227 5185 universae
1258 5139 1417 5186 terra:
1452 5137 1618 5198 mala,
1651 5140 1706 5188 et
1735 5132 1914 5203 impiis

335 5233 555 5298 peccata
590 5238 781 5280 eorum
812 5239 831 5278 :
859 5231 915 5277 et
955 5223 1177 5292 perdam
1222 5222 1533 5291 superbiam
1574 5222 1910 5291 iniquorum,

332 5326 390 5372 et
427 5315 809 5379 contumeliam
859 5313 1219 5383 superborum
1265 5312 1586 5368 bumiliabo.
1635 5313 1705 5368 Et
1747 5322 1913 5370 erunt

335 5409 430 5482 qui
465 5406 708 5465 derelicti
740 5405 962 5471 iuerint,
1004 5403 1260 5461 honorati
1308 5403 1485 5473 magis
1515 5418 1680 5474 quam
1712 5419 1909 5460 aurum

409 5627 453 5659 “
484 5624 597 5680 Imo
623 5620 856 5677 Malach.
892 5634 976 5686 ιιι,
1005 5619 1064 5675 2.
1144 5618 1189 5650 ⁸³
1218 5615 1364 5673 Psal.
1393 5631 1542 5682 xcvr,
1579 5615 1635 5672 5.
1712 5613 1759 5649 ’⁸
1786 5614 1918 5687 Sap.
1956 5630 1990 5670 ν

409 5697 451 5741 t-
531 5692 579 5725 ⁸⁸
617 5693 756 5741 lhid.
793 5691 849 5741 ὅ.
884 5690 941 5741 6.
1035 5689 1077 5723 ¹⁹
1116 5688 1222 5741 Isa.
1258 5703 1313 5741 v.
1357 5687 1448 5741 15.
1479 5686 1568 5741 16.
1671 5686 1718 5719 ὀ
1756 5684 1862 5741 lsa.
1891 5701 1991 5740 xm

336 5697 452 5754 1-4.
531 5692 579 5725 “
617 5693 756 5748 Ibid.
793 5691 849 5753 5,
884 5690 941 5746 6.
1035 5689 1077 5723 ¹⁹
1116 5688 1222 5745 Isa.
1258 5703 1313 5755 v,
1357 5687 1448 5751 15,
1479 5686 1568 5741 16.

333 5774 505 5825 Amos
536 5779 612 5827 ιιι.
647 5763 706 5818 6.
807 5760 856 5793 "'
894 5759 1015 5815 loci
1052 5775 1119 5824 tl,
1146 5760 1237 5814 51.
1342 5757 1390 5791 ³³
1425 5757 1573 5826 Soph

335 5841 395 5894 5.
468 5837 514 5869 ¹⁹
545 5834 693 5891 Psal.
739 5847 865 5899 xcv,
906 5830 996 5887 l3.
1073 5830 1116 5861 ³ο
1146 5827 1305 5886 Joan.
1343 5843 1459 5895 xtv,
1491 5827 1544 5883 6.

1579 5796 1596 5812 .
1637 5755 1822 5821 1,17.

1929 5757 1977 5789 "
2003 5754 2161 5817 Joan.
2190 5774 2274 5826 ιι,
2313 5759 2405 5818 59.

1625 5829 1669 5861 ἰ
1704 5825 1807 5882 lsa.
1847 5841 1903 5895 tt,
1946 5827 2035 5895 Η,
2074 5829 2129 5884 4.

2024 4674 2179 4745 pulos
2232 4671 2288 4728 in
2331 4673 2563 4727 veritate
2602 4684 2702 4724 sua
2726 4670 2795 4726 '°.
2830 4688 2851 4723 ι
2894 4667 3113 4726 Veritas
3159 4685 3339 4728 autem
3379 4680 3465 4727 est
3514 4673 3605 4745 ipa

2020 4766 2136 4822 sius
2195 4761 2540 4833 Unigenitus,
2616 4771 2676 4816 ut
2710 4761 2765 4816 in
2807 4760 3100 4830 Evangelia
3132 4763 3246 4833 ipse
3275 4765 3603 4822 confirmat:

2027 4883 2047 4910 ι
2081 4856 2198 4928 Ege
2227 4871 2347 4913 sum
2388 4856 2501 4920 via,
2531 4855 2734 4910 veritas
2766 4861 2822 4910 et
2852 4853 2963 4909 vita
2989 4853 3058 4910 ⁸ο.
3093 4872 3113 4907 ι
3180 4855 3247 4909 Et
3284 4854 3455 4912 Isaias
3499 4859 3605 4915 ite-

2021 4964 2143 5005 rum
2179 4965 2196 5005 :
2230 4968 2250 5001 ι
2283 4947 2630 5003 Exaltabitur
2663 4945 2929 5002 Dominus
2969 4947 3120 5003 solus
3167 4947 3222 5002 in
3251 4948 3341 5004 die
3382 4950 3509 5017 illa;
3547 4961 3605 5008 et

2021 5048 2215 5113 arguet
2241 5038 2499 5111 populum
2529 5039 2756 5093 multum
2780 5038 2848 5097 ³³.
2881 5057 2901 5092 ι
2931 5038 3604 5106 Quorum-verborumltic

2019 5141 2108 5191 est.
2149 5146 2366 5189 sensus.
2401 5129 2596 5187 Veniet
2631 5130 2888 5186 Christus
2933 5131 2990 5187 in
3033 5132 3275 5200 sublimi,
3312 5133 3473 5203 inque
3501 5148 3599 5190 sua

2020 5225 2204 5280 divina
2244 5222 2557 5297 majestate,
2607 5222 2700 5293 qui
2730 5222 3116 5278 condemnabit
3140 5239 3244 5277 non
3266 5238 3478 5289 omnes,
3504 5226 3600 5281 sed

2021 5315 2406 5382 refractarios,
2441 5321 2495 5371 et
2542 5330 2669 5370 eum
2714 5329 2825 5369 non
2881 5313 3166 5369 reveritos.
3216 5314 3284 5369 Et
3332 5328 3429 5382 per
3462 5314 3604 5372 Eze-

2021 5407 2251 5464 chielem
2286 5407 2469 5463 Deus:
2508 5426 2528 5460 t
2566 5404 3020 5477 Unumquemque
3068 5404 3125 5460 in
3170 5406 3275 5462 viis
3303 5407 3418 5463 suis
3450 5407 3605 5479 judi-

1994 5604 2107 5685 ,‘t.
2162 5603 2231 5651 ἠ
2265 5618 2587 5684 Psal.cxxt,
2617 5617 2742 5673 1-5.
2818 5618 2865 5651 ιι
2896 5615 3001 5675 Isa.
3028 5631 3114 5684 ιιι,
3145 5619 3233 5675 ιδ.
3311 5617 3483 5675 ιτιεει.
3523 5624 3600 5680 iv,

2114 5687 2268 5744 6-13.
2344 5689 2391 5721 ’ί
2446 5687 2827 5756 Psal._xxvm,
2856 5689 2952 5744 2|.
3026 5690 3074 5722 ²¹
3113 5689 3217 5745 Isa.
3245 5705 3338 5756 xx,
3381 5690 3474 5744 23.
3553 5690 3602 5722 ³⁸

2501 5758 2546 5792 ’τ
2584 5753 2789 5814 Jerem.
2834 5773 2908 5826 iV,
2936 5757 3031 5817 25.
3108 5761 3155 5795 "
3192 5753 3341 5817 Psal.
3368 5774 3514 5825 xcvt.
3542 5758 3601 5826 4,
