4042 6432
421 427 531 491 923

1688 433 2013 496 JOANNIS
2051 433 2322 496 ΡΗΟΟᾸΕ

3564 444 3670 508 924

409 522 548 574 cabo
570 535 664 575 vos
690 521 882 577 domus
906 522 1070 580 Israel
1091 525 1156 577 ³².
1190 543 1210 579 ι
1239 523 1374 580 Vivo
1392 537 1514 595 ego,
1538 523 1671 578 dicit
1698 523 1987 580 Dominus.
2017 529 2064 586 Α
2097 525 2354 579 transibit
2385 539 2400 577 :
2435 532 2491 584 et
2519 539 2744 596 regnum
2784 527 2925 597 ejus,
2955 529 3097 597 quod
3131 544 3234 584 non
3265 543 3668 603 corrumpetur.

413 611 553 676 Quid
581 612 658 666 ait
704 616 896 669 vates?
927 617 1079 671 ltane
1109 626 1169 671 ut
1197 616 1322 671 vitae
1346 625 1622 671 auctorem
1654 615 1837 670 vivere
1860 628 1987 684 pro-

415 705 622 768 Iiteare,
678 703 770 773 qui
819 705 1067 772 spiritum
1118 715 1171 760 et
1211 708 1378 760 vitam
1424 704 1638 759 cunctis
1679 703 1986 759 viventibus

415 793 785 859 inspiraverit.
817 793 980 855 Sane,
1019 795 1226 862 inquit,
1273 811 1379 849 non
1413 792 1710 849 secundum
1744 792 1988 847 divmam

415 896 661 937 naturam
701 884 864 937 Deum
898 886 1082 939 vivere
1126 886 1424 948 conﬁrmo,
1457 885 1594 940 nihil
1629 884 1809 939 minus
1841 881 1988 954 (iam

413 987 477 1026 ea
508 973 831 1029 immortalis
865 984 949 1029 est
995 990 1056 1028 ac
1088 977 1366 1045 perennis)
1417 977 1513 1032 sed
1551 975 1853 1033 secundum
1887 975 1990 1030 hu-

411 1080 649 1118 manam.
705 1063 903 1122 Factus
953 1069 1099 1122 enim
1135 1078 1220 1124 est
1267 1078 1491 1138 propter
1533 1083 1630 1124 nos
1684 1069 1846 1124 homo
1901 1069 1992 1124 ille

416 1157 698 1212 hominum
734 1159 1166 1224 amantissimus,
1212 1169 1268 1215 et
1308 1161 1632 1231 corruptelae
1664 1161 1990 1230 permissum

412 1263 609 1317 corpus
665 1249 732 1303 ad
793 1259 1098 1304 extremum
1152 1251 1458 1306 immortale
1514 1260 1570 1306 et
1617 1251 1992 1320 incorruptum

415 1339 674 1402 reddidit,
728 1354 791 1393 ac
842 1347 1104 1409 perpetuo
1152 1340 1419 1394 victurum
1467 1340 1742 1410 produxit.
1778 1338 1846 1394 Et
1873 1339 1995 1408 quis

415 1447 545 1487 vero
575 1444 679 1497 eat,
711 1432 803 1501 qui
833 1448 956 1487 eum
999 1433 1275 1502 peremit?
1305 1434 1522 1490 Israelis
1557 1446 1748 1503 genus,
1782 1432 1873 1500 qui
1906 1429 1998 1484 Pi-

417 1524 590 1578 latum
625 1526 704 1578 sic
742 1526 984 1596 aggressi
1039 1533 1208 1580 sunt:
1248 1543 1268 1578 ι
1308 1526 1533 1581 Domine
1582 1523 1852 1578 recordati
1903 1537 1998 1578 su-

422 1632 566 1681 mus,
601 1618 727 1686 quia
771 1619 1026 1672 seductor
1063 1599 1163 1673 ille
1191 1617 1331 1672 dixit
1376 1619 1552 1673 adhuc
1591 1618 1780 1672 vivens
1817 1635 1830 1671 :
1869 1614 2000 1671 Post

421 1719 536 1764 tres
569 1711 683 1764 dies
706 1725 1012 1781 resurgam.
1046 1710 1183 1766 Jube
1210 1726 1342 1782 ergo
1373 1709 1636 1766 custodiri
1665 1709 1996 1778 sepulcrum,

2093 613 2318 671 Horruit
2363 615 2588 685 spiritus
2638 632 2812 685 meus,
2867 618 2921 673 in
2977 621 3159 674 habitu
3198 636 3339 686 meo,
3379 633 3433 676 et
3477 639 3673 681 sensus

2090 721 2269 772 meus,
2297 715 2352 761 et
2381 722 2477 764 cor
2507 724 2687 764 meum
2733 711 3010 766 turbatum
3060 710 3182 767 fuit.
3235 713 3304 768 Et
3348 715 3554 770 accessi
3602 718 3671 770 ad

2090 810 2258 849 unum
2306 796 2702 862 assistentium,
2749 810 2803 854 et
2852 802 3133 856 veritatem
3164 805 3476 872 quaerebam
3509 806 3578 860 ab
3606 819 3672 859 eo

2093 889 2305 946 discere
2337 894 2404 948 de
2438 895 2695 950 omnibus
2727 895 2834 951 his.
2883 897 2949 950 Et
2991 897 3130 952 dixit
3177 898 3307 953 mihi
3357 899 3667 962 veritatem,

2089 993 2149 1038 et
2175 981 2680 1053 interpretationem
2704 999 3017 1042 sermonum
3040 999 3224 1043 notam
3251 989 3380 1044 mihi
3415 989 3542 1045 fecit
3564 993 3630 1043 ⁸⁷.
3646 1009 3666 1042 ι

2091 1101 2164 1110 -
2193 1090 2213 1124 ‹
2251 1070 2339 1136 Ει,
2369 1073 2426 1128 in
2463 1081 2706 1144 tempore
2726 1075 2820 1131 illo
2842 1089 3134 1146 consurget
3157 1077 3385 1132 Michael
3417 1081 3684 1147 princeps,

2093 1179 2346 1233 magnus,
2376 1166 2468 1234 qui
2494 1173 2600 1220 stat
2626 1181 2725 1236 pro
2750 1167 2874 1224 [iliis
2897 1170 3075 1239 populi
3109 1170 3206 1224 tui.
3238 1169 3306 1224 Et
3329 1170 3427 1224 erit
3456 1178 3667 1238 tempus

2097 1256 2466 1314 tribulationis
2489 1259 2766 1316 tribulatio
2791 1261 2968 1329 qualis
2994 1275 3098 1315 non
3129 1260 3250 1326 fuit,
3279 1275 3345 1314 ex
3370 1276 3478 1330 quo
3496 1261 3669 1314 iactus

2095 1357 2180 1402 est
2209 1348 2373 1404 homo
2415 1363 2583 1419 super
2617 1359 2842 1413 terram,
2877 1366 3050 1421 usque
3082 1351 3150 1405 ad
3179 1361 3391 1420 tempus
3428 1350 3575 1405 illud.
3606 1347 3675 1403 Et

2095 1434 2151 1489 in
2189 1445 2430 1506 tempore
2460 1437 2549 1493 illo
2581 1438 2880 1494 salvabitur
2914 1439 3143 1510 pepultts
3191 1447 3313 1494 tuus
3353 1439 3552 1506 omnis,
3577 1437 3672 1508 qui

2097 1530 2337 1598 scriptus
2368 1531 2533 1586 fuerit
2562 1531 2620 1585 in
2665 1531 2804 1586 libro
2837 1547 2852 1585 :
2883 1541 2939 1587 et
2986 1530 3138 1585 multi
3183 1529 3250 1585 de
3281 1530 3365 1584 his
3411 1529 3504 1598 qui
3548 1529 3676 1584 dor-

2098 1624 2274 1678 miunt
2312 1622 2369 1677 in
2403 1630 2563 1676 terra:
2606 1622 2846 1692 pulvere,
2885 1622 3256 1692 evigilabunt,
3280 1620 3372 1675 alii
3413 1623 3465 1675 in
3507 1622 3672 1674 vitam

2099 1721 2382 1779 aeternam,
2403 1712 2560 1768 etalii
2581 1713 2634 1768 in
2657 1713 3004 1784 opprobrium
3031 1721 3086 1767 et
3119 1712 3487 1794 confusionem
3516 1723 3677 1766 aeter-

416 1817 588 1870 usque
613 1801 667 1856 in
697 1803 840 1856 diem
877 1804 1096 1858 tertium
1130 1820 1145 1857 :
1185 1818 1255 1858 ne
1296 1803 1439 1859 forte
1487 1803 1710 1857 veniant
1748 1802 1998 1872 discipuli
2028 1868 2068 1875 _
2103 1823 2252 1863 nam.
2289 1806 2358 1861 Et
2384 1807 2748 1874 intelligentes
2778 1804 3063 1875 fulgebunt
3105 1804 3257 1872 quasi
3285 1804 3458 1859 stellae
3490 1804 3544 1858 in
3575 1816 3679 1859 sae-

412 1868 570 1965 ejus,
629 1906 683 1952 et
735 1896 986 1951 furentur
1030 1911 1152 1952 eum
1205 1909 1396 1962 nocte,
1472 1904 1527 1951 et
1573 1895 1758 1950 dicant
1807 1868 1949 1964 plebi
1977 1913 1992 1950 :
2024 1868 2245 1965 Bcuia,
2291 1907 2349 1952 et
2385 1868 2659 1952 ultra.‘Et
2707 1907 2763 1950 tu
2809 1868 2997 1951 Daniel
3033 1868 3222 1951 claude
3271 1910 3572 1960 sermones,
3623 1900 3680 1948 et

417 1987 670 2044 Surrexit
699 2005 729 2043 a
763 1990 993 2045 mortuis
1021 2007 1036 2045 :
1073 2000 1130 2045 et
1163 1990 1269 2044 erit
1297 1989 1626 2045 novissimus
1657 2002 1814 2044 error
1842 1988 1997 2058 pejor

417 2081 601 2148 priore
626 2067 695 2135 "1
721 2099 740 2132 ι
769 2079 1112 2151 Quapropter
1137 2081 1283 2137 velut
1304 2095 1370 2136 ex
1395 2080 1514 2149 ejus
1545 2094 1779 2152 persona
1801 2079 1999 2135 clamat

418 2171 721 2228 Ezechiel:
760 2172 1021 2241 Equidem
1076 2186 1184 2226 non
1233 2185 1376 2235 sum,
1427 2171 1573 2242 quod
1624 2169 1762 2225 falso
1802 2168 1998 2226 remiui

413 2263 608 2328 Judaei,
641 2272 914 2327 mortuus,
950 2261 1046 2317 sed
1083 2261 1157 2316 ita
1184 2260 1333 2326 vivo,
1366 2270 1426 2316 ut
1454 2276 1554 2330 pro
1587 2262 1706 2316 suis
1729 2274 2000 2331 quemque

416 2352 659 2408 moribus
720 2353 825 2408 sim
879 2351 1247 2422 judicaturus.
1309 2348 1450 2406 Vere
1501 2350 1649 2405 enim
1700 2350 1996 2420 gloriosum

413 2443 688 2509 videbitis,
725 2453 785 2498 ut
826 2458 950 2499 cum
984 2445 1170 2498 divino
1200 2442 1468 2498 Zacltaria
1502 2441 1694 2511 loquar
1719 2442 1789 2508 “,
1833 2455 1996 2512 quem

412 2534 741 2590 conﬁxistis.
797 2534 1107 2589 Salomonis
1163 2548 1380 2604 quoque
1438 2534 1555 2588 haec
1613 2542 1742 2588 sunt
1789 2533 1993 2588 verba:

420 2643 442 2678 ι
475 2623 736 2681 Dominus
769 2627 934 2680 corda
969 2625 1212 2681 omnium
1259 2625 1477 2680 noscit:
1506 2634 1560 2679 et
1604 2624 1696 2697 qui
1745 2623 2000 2693 ﬁguravit

413 2715 667 2787 spiritum
703 2716 979 2780 omnibus,
1029 2716 1146 2785 ipse
1197 2717 1351 2770 novit
1407 2716 1616 2782 omnia,
1674 2717 1766 2786 qui
1819 2714 2001 2770 reddit

416 2804 712 2874 unicuique
746 2805 899 2875 juxta
929 2819 1095 2874 opera
1129 2804 1246 2874 ejus
1269 2805 1337 2860 ⁸³.
1369 2823 1389 2857 ι
1427 2802 1581 2860 Unde
1625 2813 1683 2859 et
1737 2803 1999 2859 Dominus

417 2911 577 2952 meus
627 2896 935 2952 Salomonis
984 2897 1310 2951 sententiam
1342 2896 1674 2954 confirmans
1714 2895 1769 2951 in
1815 2894 1999 2949 Evan-

415 2988 558 3056 gelio
586 2988 663 3041 ait
691 3006 705 3044 :
739 3007 759 3041 σ
796 2989 955 3043 Pater
987 3003 1090 3043 non
1113 2989 1322 3060 judicat
1341 3004 1690 3060 quemquam,
1713 2990 1808 3046 sed
1833 3003 1996 3045 omne

409 3081 670 3149 judicium
703 3081 850 3136 dedit
891 3081 1026 3136 Filio
1050 3081 1117 3136 ⁸⁸.
1151 3101 1170 3132 ι

485 3169 775 3238 Caeterum,
803 3180 863 3226 ιιι
890 3172 1184 3228 ﬁrmiorem
1215 3187 1402 3228 eorum
1449 3188 1571 3244 quae
1608 3173 1863 3238 diximus,
1905 3179 1995 3229 ve-

416 3261 635 3317 ritatem
670 3272 994 3328 statuamus,
1037 3266 1220 3319 veniat
1247 3266 1314 3319 ad
1353 3276 1536 3334 partes
1575 3276 1629 3322 et
1672 3265 1864 3321 Daniel
1906 3267 1992 3321 ille

414 3354 773 3422 admirabilis,
801 3355 883 3409 vir
912 3357 1209 3425 gratiosus,
1241 3366 1295 3413 et
1324 3371 1446 3427 quae
1475 3370 1794 3428 corporatus
1816 3359 1992 3413 adhuc

413 3447 604 3502 obiens
661 3448 714 3500 in
772 3454 954 3512 terra,
1013 3447 1274 3516 ingentia,
1344 3465 1617 3519 supraque
1685 3452 1980 3506 humanum

413 3547 628 3609 captum
664 3541 858 3608 posita,
898 3541 1203 3608 conspexit,
1235 3541 1380 3596 edat.
1420 3559 1440 3594 ι
1473 3543 1853 3612 Aspiciebam,
1903 3545 1990 3596 in-

414 3635 571 3703 quit,
606 3633 660 3685 in
693 3633 900 3686 visione
927 3634 1102 3687 noctis
1137 3649 1152 3688 :
1181 3641 1238 3688 et
1264 3647 1393 3688 ecce
1423 3648 1544 3688 cum
1575 3634 1810 3690 nubibus
1839 3635 1989 3701 coeli,

415 3728 569 3792 quasi
591 3725 759 3782 Filius
782 3726 1014 3782 hominis
1045 3729 1299 3792 veniens;
1329 3735 1385 3782 et
1414 3743 1585 3797 usque
1605 3732 1671 3783 ad
1701 3729 1998 3798 Antiquom

416 3825 625 3879 dierum
653 3821 929 3890 pervenit;
954 3831 1008 3875 et
1024 3821 1221 3876 obtulit
1242 3836 1302 3877 se
1327 3820 1381 3876 in
1409 3833 1760 3891 conspectum
1790 3824 1996 3892 ipsius:

415 3926 473 3971 et
506 3916 666 3970 datus
695 3923 779 3968 est
812 3913 886 3969 illi
917 3915 1272 3984 principatus,
1315 3923 1370 3966 et
1416 3914 1610 3980 honor,
1659 3924 1716 3968 et
1745 3928 1996 3985 regnum.

415 4007 484 4062 Et
528 4022 717 4062 omnes
761 4006 965 4074 populi,
997 4005 1193 4070 tribus,
1246 4014 1301 4060 et
1344 4004 1544 4074 linguae
1578 4005 1681 4074 ipsi
1729 4004 1993 4060 servient.

413 4097 661 4154 Potestas
694 4097 835 4168 ejus,
870 4108 1112 4166 potestas
1140 4095 1502 4167 sempiterna,
1547 4110 1669 4165 quae
1713 4109 1821 4149 non
1865 4111 1994 4164 per-

486 4213 532 4244 "
571 4213 767 4268 Ezech.
808 4227 1040 4277 xxxvm,
1081 4212 1168 4265 11.

414 4300 470 4351 v,
499 4283 593 4338 22.
669 4283 714 4315 ³¹
754 4283 890 4337 Dan.
919 4299 1018 4348 vn,
1043 4281 1225 4338 1516.
1302 4281 1348 4313 ³⁸
1389 4281 1526 4334 Dan.
1568 4295 1666 4345 xu,
1708 4279 1824 4334 1-2.

489 4405 600 4478 (55)
627 4405 686 4458 S.
715 4404 878 4473 Greg.
908 4402 1182 4458 Naxianz.
1224 4403 1279 4457 in
1321 4401 1381 4456 ὃ.
1416 4399 1650 4458 Pascha.

2098 1990 2254 2060 signa
2301 1988 2502 2044 librum
2555 2002 2728 2057 usque
2773 1987 2839 2041 ad
2900 1997 3111 2057 tempus
3155 1987 3678 2052 consummationis,

2099 2083 2274 2138 donec
2301 2081 2600 2136 doceantur
2622 2079 2800 2142 multi,
2821 2086 2882 2132 .et
2906 2077 3294 2146 multiplicetur
3321 2078 3548 2132 scientia
3571 2077 3669 2130 ³⁸.»

2167 2174 2347 2241 Atque
2381 2172 2435 2226 in
2486 2171 2631 2226 hunc
2679 2170 2899 2224 modum
2947 2184 3044 2224 nos
3082 2184 3298 2240 quoque
3345 2178 3534 2225 contra
3571 2169 3679 2224 Ec-

2097 2263 2273 2320 clesia:
2289 2263 2466 2334 lupos,
2489 2261 2636 2317 velut
2664 2259 2780 2328 ejus
2804 2260 3006 2314 alumni
3037 2260 3458 2315 decertavimus.
3487 2258 3544 2314 ln
3568 2275 3677 2330 quo

2097 2351 2144 2407 si
2169 2365 2272 2421 pro
2299 2351 2564 2422 dignitate
2588 2349 2864 2416 diximus;
2899 2349 3160 2404 habendae
3192 2349 3300 2404 Deo
3344 2358 3550 2419 grates,
3589 2351 3674 2406 sin

2098 2442 2303 2508 minus,
2344 2443 2510 2497 etiam
2562 2440 2643 2497 sic
2680 2439 2942 2496 habendae
2974 2449 3156 2511 grates
3204 2438 3582 2505 inenarrabili,
3622 2449 3680 2496 et

2097 2534 2572 2602 incomprehensae
2595 2547 2660 2587 ac
2690 2533 2968 2603 praestanti
3001 2531 3116 2600 ejus
3147 2531 3448 2586 divinitatis
3469 2531 3677 2600 gloriae,

2099 2638 2264 2695 quam
2305 2637 2412 2678 non
2464 2624 2700 2678 humana
2740 2623 2917 2678 solum
2951 2637 3015 2677 ac
3049 2623 3330 2677 terrestris
3371 2631 3584 2690 natura,
3617 2632 3677 2678 ut

2101 2726 2341 2772 meretur
2379 2715 2602 2771 laudare
2654 2716 2878 2784 nequit,
2929 2716 3023 2770 sed
3067 2716 3199 2785 ipsa:
3251 2715 3386 2770 adeo
3430 2713 3678 2770 caelestes

2099 2807 2330 2864 virtutes
2356 2808 2409 2885 id
2440 2807 2658 2878 assequi
2689 2822 2795 2862 non
2831 2816 3076 2877 possunt.
3116 2807 3173 2862 Si
3205 2808 3348 2864 enim
3384 2807 3468 2862 vel
3497 2806 3678 2877 angeli

2099 2912 2240 2969 aegre
2265 2899 2331 2953 ad
2360 2907 2565 2952 tantam
2606 2898 2926 2967 dignitatem
2963 2907 3276 2968 assurgant,
3309 2899 3504 2968 inquit,
3537 2897 3678 2954 Gre-

2100 2991 2284 3062 gorius
2320 2990 2411 3046 ille
2446 2990 2712 3061 theologia
2747 2990 3017 3047 excellens
3049 2990 3195 3063 (55);
3223 2991 3354 3060 quin
3384 2990 3568 3056 addit;
3602 2991 3678 3046 si-

2099 3084 2316 3154 quidem
2347 3083 2458 3138 illis
2488 3083 2651 3138 etiam
2694 3085 2762 3138 ad
2803 3097 3048 3139 summas
3089 3092 3144 3138 et
3173 3092 3448 3138 extremas
3487 3081 3678 3137 laudes

2099 3175 2184 3231 fas
2205 3174 2275 3228 sit
2297 3173 2633 3243 contingere.
2655 3171 2764 3228 Nos
2791 3171 3006 3240 quidem
3034 3181 3180 3227 certe
3197 3171 3369 3241 (illius
3391 3171 3675 3228 clementia

2097 3263 2404 3336 perspecta)
2442 3265 2691 3320 veritatis
2729 3263 2992 3328 studium,
3024 3262 3181 3333 quasi
3220 3262 3381 3317 vidua
3418 3261 3508 3316 illa
3541 3265 3678 3316 duos

2099 3356 2398 3421 teruncios,
2430 3363 2680 3410 sanctum
2715 3364 2770 3410 et
2797 3369 3014 3409 sacrum
3051 3369 3175 3410 esse
3209 3353 3494 3424 jussimus.
3536 3352 3675 3407 Nam

2100 3463 2168 3504 ex
2213 3462 2373 3504 sacra
2412 3446 2692 3518 Scriptura
2736 3446 2792 3501 id
2833 3445 2942 3502 Deo
2965 3457 3179 3516 gratum
3215 3461 3336 3502 esse
3367 3446 3673 3510 didicimus,

2094 3543 2239 3612 quod
2286 3554 2386 3610 pro
2433 3539 2578 3595 virili
2622 3539 2957 3594 elaboratum
3008 3548 3113 3595 est.
3165 3538 3338 3608 Igitur
3377 3535 3510 3609 Regi
3554 3538 3675 3593 sine

2096 3633 2404 3704 principio,
2445 3641 2502 3688 et
2550 3631 2847 3686 immortali
2887 3629 3209 3686 saeculorum
3264 3629 3517 3695 Auctori,
3571 3629 3674 3685 soli

2099 3725 2333 3794 sapienti
2378 3722 2512 3787 Deo,
2539 3722 2736 3794 gloria,
2789 3729 3048 3792 potestas,
3095 3722 3270 3776 honor
3296 3730 3460 3791 atque
3495 3719 3675 3776 cultus

2099 3833 2223 3872 cum
2260 3814 2570 3886 Unigenito,
2599 3824 2652 3868 et
2680 3812 2924 3882 ejusdem
2957 3821 3189 3878 naturae,
3229 3828 3295 3868 ac
3323 3811 3673 3881 comperenni

2096 3909 2274 3974 Filio,
2329 3918 2386 3963 et
2429 3916 2511 3961 ter
2569 3914 2792 3966 sancto,
2850 3904 2995 3960 bono
3050 3919 3116 3960 ac
3174 3904 3388 3960 viviﬁco
3443 3903 3670 3974 Spiritu,

2097 4015 2244 4057 nunc
2283 4009 2340 4055 et
2388 4011 2626 4068 semper,
2674 4005 2836 4066 atque
2883 3996 2938 4050 in
2975 4009 3189 4050 omnem
3228 3994 3675 4065 perpetuitatem.

2094 4095 2290 4148 Amen.

1263 4211 1310 4244 ³³
1350 4209 1546 4265 Matth.
1591 4224 1760 4274 xxvtt,
1807 4209 1898 4274 6'5,
1931 4207 1994 4263 64

2099 4204 2149 4239 ³⁸
2187 4203 2425 4260 Zachar.
2466 4218 2572 4268 xu,
2613 4201 2704 4257 10.
2779 4201 2827 4234 ³⁸
2866 4199 3030 4257 Prov.
3072 4215 3224 4269 xxtv,
3260 4200 3350 4256 12.
3429 4202 3474 4234 ³⁸
3509 4198 3668 4260 Joan.

941 4532 3661 4599 ..μμ-Μ,

1315 4677 1620 4798 ΞᾹΞΟ
1641 4675 1873 4792 ULI
1970 4673 2535 4791 DUODEC
2563 4675 2780 4787 1M1
3049 4796 3052 4798 ν

542 4922 720 5089 DE
825 4917 1274 5088 TEllllA
1381 4913 1889 5082 SANCTA
2002 4903 2825 5182 SCRIPTORES
2938 4909 3542 5104 QUINQUE.

1152 5323 1589 5418 LEONIS
1677 5287 2181 5411 'ALLATII
2286 5321 2924 5413 PREFATIO

1408 5503 1466 5553 In
1490 5498 1770 5566 Symmictis
1790 5498 2006 5551 Coloniae
2029 5497 2318 5562 Agrippinae
2348 5497 2492 5560 1655,
2515 5497 2673 5548 in-tz.

497 5773 632 5825 Dum
659 5770 777 5825 Chii
809 5784 957 5822 varia
1003 5764 1394 5831 manuscripta,
1451 5759 1644 5816 Nihusi
1677 5755 2148 5830 praestantissime,
2199 5753 2338 5810 locis
2372 5767 2404 5808 e
2442 5753 2607 5808 variis
2633 5750 2965 5821 conquisita,
2996 5753 3186 5810 evolvo
3232 5753 3471 5816 sedulus,
3508 5751 3662 5806 venit

423 5859 481 5911 in
517 5873 705 5913 maims
738 5872 885 5913 meas
920 5855 1148 5911 Joannis
1178 5853 1373 5909 Phocus
1407 5850 1650 5906 locorum
1708 5845 2006 5902 Palaestina:
2048 5853 2105 5901 et
2164 5841 2337 5913 Syriae
2384 5840 2794 5912 compendiaria
2844 5839 3164 5910 descriptio,
3207 5843 3524 5897 charactere
3560 5839 3666 5892 mi-
