4042 6404
290 419 397 484 925
1344 421 1802 485 DESCRIPTIO
1841 426 1886 485 T

1964 425 2118 484 lRfE
2158 427 2490 490 SANCT/E.
3454 430 3560 495 926

286 536 602 604 notissimo,
661 537 715 592 in
767 538 959 593 charta
1002 538 1354 613 bombycina,
1412 557 1522 597 non
1575 540 1807 595 multum
1862 543 2145 612 eleganter
2181 555 2429 599 exarata.
2488 542 2738 599 Novitate
2780 545 3091 615 argumenti
3132 554 3296 615 atque
3320 548 3535 601 auctori
3614 582 3627 601 ,η

284 627 576 697 pellectus,
638 626 882 681 animum
932 625 1059 696 ligo,
1119 617 1444 698 et'perlcgo.
1494 627 1708 684 Auctor'
1737 628 1961 697 elegans
1992 638 2048 684 et
2080 641 2393 697 accuratus,
2450 641 2611 701 prout
2659 633 2746 687 illa
2779 632 3029 690 ferebant
3086 644 3354 703 tempora,
3407 634 3563 689 visus

286 724 406 767 est:
443 728 615 784 quare
669 714 884 785 c0piam
928 714 1075 771 illius
1111 715 1245 769 mihi
1294 716 1696 771 destinaveram
1732 734 1747 783 ;
1790 717 1910 781 sed,
1950 717 2070 774 aliis
2112 717 2445 788 interceptus
2496 719 2752 788 negotiis,
2782 720 3015 788 neglexi.
3065 719 3193 775 Post
3236 721 3437 775 multos
3467 736 3563 772 an-
3612 714 3629 731 '

292 816 412 867 nos,
445 817 570 856 cum
624 802 1049 872 manuscriptos,
1082 820 1220 873 quos
1251 805 1366 873 ipse
1404 805 1671 869 videram,
1708 806 1928 860 codices
1972 805 2157 860 Koma:
2186 805 2238 858 in
2273 807 2595 861 memoriam
2654 820 2989 872 revocarem,
3040 808 3289 872 interque
3323 807 3564 861 familia-

290 892 371 945 ria
420 891 691 957 colloquia
740 905 922 945 sermo
951 891 1021 946 de
1049 892 1183 947 locis
1232 894 1437 948 sanctis
1466 894 1769 957 incidisset,
1818 892 2026 948 Phocas
2068 894 2120 947 in
2155 894 2397 949 animum
2432 894 2619 957 rediit,
2655 895 2953 965 ingensque
2977 895 3325 950 subsecutum
3360 906 3443 951 est
3466 896 3563 950 de-

292 982 572 1045 siderium,
621 981 751 1035 illud
802 982 955 1043 mihi,
1012 993 1288 1053 utcunque
1319 1000 1558 1053 possem,
1608 986 1980 1053 comparandi.
2036 986 2268 1055 Scripsi,
2336 987 2592 1054 rescripsi
2648 987 2863 1049 amicis,
2927 986 3002 1040 illi
3058 988 3219 1041 etiam
3279 989 3369 1056 qui
3429 970 3563 1042 mihi

293 1075 553 1128 utendum
593 1075 861 1140 dederat;
921 1070 1139 1143 rogans,
1190 1092 1473 1146 rerogans,
1523 1080 1845 1143 obsecrans,
1897 1079 2181 1146 promissis
2235 1080 2399 1134 etiam
2454 1097 2567 1134 rem
2630 1082 2737 1151 egi.
2802 1080 2908 1135 Sed
2936 1082 3102 1135 verba
3140 1081 3239 1136 feci
3290 1083 3557 1135 mortuis:

298 1163 362 1215 ad
418 1162 628 1231 reliqua
681 1178 887 1226 omnia,
920 1174 1286 1233 praeterquam
1316 1166 1383 1220 ad
1440 1168 1541 1221 hoc
1596 1182 1783 1233 unum,
1836 1182 2052 1237 semper
2088 1169 2140 1222 in
2186 1178 2439 1237 promptu
2486 1185 2807 1238 responsum
2855 1170 2977 1224 fuit.
3007 1172 3189 1234 Quare
3232 1171 3409 1239 quievi
3441 1181 3564 1225 tau-

297 1256 421 1310 dem
476 1256 681 1309 animo.
754 1254 1142 1311 Verumtamen
1185 1272 1328 1311 anno
1362 1258 1569 1327 elapso,
1612 1273 1736 1311 cum
1794 1260 1842 1312 in
1876 1274 1973 1329 spe
2010 1273 2190 1314 rerum
2220 1260 2449 1314 aliarum
2510 1276 2782 1325 versarer,
2830 1262 3027 1315 littera:
3088 1261 3217 1315 mihi
3246 1262 3311 1315 ab
3364 1263 3564 1327 amico,

298 1343 390 1411 qui
435 1342 572 1397 Chio
638 1354 767 1398 tunc
820 1345 1093 1411 veniebat,
1150 1347 1323 1400 reddi.
1383 1346 1517 1399 Dum
1571 1346 1793 1400 nomina
1843 1362 2199 1417 recognosco,
2265 1364 2357 1413 en,
2409 1350 2548 1405 coelo
2604 1350 2802 1403 missus
2871 1348 3081 1405 Phocus
3134 1350 3405 1418 apparuit,
3455 1366 3562 1403 non

303 1434 481 1489 aliena
534 1449 698 1488 manu
766 1438 1096 1505 descriptus,
1150 1442 1244 1492 sed
1294 1438 1472 1509 ipsum
1508 1439 1927 1508 autographum,
1964 1440 2107 1508 quod
2142 1440 2261 1495 Chii
2321 1456 2735 1509 conspexerant,
2786 1457 2817 1496 a
2878 1442 3083 1511 reliquo
3121 1441 3416 1505 volumine,
3471 1442 3564 1495 cui

301 1532 421 1576 erat
472 1536 770 1585 annexum,
823 1526 1092 1578 avulsum.
1143 1526 1355 1591 Quanta
1417 1525 1671 1595 perfusus
1718 1528 1912 1581 luerim
1973 1528 2161 1583 laetitia
2211 1529 2416 1584 frustra
2468 1544 2701 1585 conarer
2753 1530 2955 1584 dicere.
3011 1531 3127 1584 Non
3194 1541 3566 1598 reportassent

301 1616 503 1671 bonum
544 1628 776 1682 tantum,
813 1620 857 1673 si
913 1620 1227 1675 thesaurum
1264 1622 1616 1677 invenissem.
1655 1621 1802 1677 Illius
1838 1623 2021 1693 itaque
2055 1624 2293 1679 versioni
2351 1638 2436 1678 me
2469 1625 2709 1689 accinxi,
2737 1635 2790 1680 et
2818 1626 3025 1694 aliquot
3057 1627 3171 1679 dies
3222 1626 3274 1679 in
3304 1640 3369 1679 eo
3398 1640 3567 1692 expo-

303 1703 486 1759 liendo
520 1705 805 1772 insumpsi.
847 1698 1104 1774 Joannes,
1141 1707 1306 1763 Creta
1353 1711 1641 1774 oriundus,
1696 1718 1905 1779 patrem
1952 1710 2140 1765 habuit
2190 1712 2533 1775 Matthaeum,
2573 1712 2667 1782 qui
2715 1722 2901 1781 postea
2958 1714 3285 1767 monachum
3319 1713 3549 1766 induens

304 1799 359 1853 in
395 1798 588 1854 Patmo
632 1802 807 1857 insula
864 1818 923 1857 se
953 1818 1238 1869 exercens,
1287 1804 1429 1858 diem
1449 1804 1623 1858 obiit:
1701 1805 1838 1874 ipse,
1890 1814 2051 1860 aetate
2111 1806 2392 1876 grandior,
2443 1806 2546 1860 sub
2606 1807 2961 1862 Emmanuele
3020 1805 3297 1861 Conineno
3344 1818 3563 1858 munera

308 1884 517 1939 militiae
562 1886 704 1941 tulit.
766 1886 1141 1957 Meminitipse
1173 1904 1294 1957 cap.
1341 1890 1434 1957 ει,
1468 1891 1535 1946 de
1578 1905 1708 1947 sene
1742 1892 1901 1947 Ibero

1970 1891 2146 1946 Πάλαι
2179 1891 2277 1945 ἐπὶ
2315 1893 2533 1962 χρόνοις
2562 1894 2777 1964 συχνοῖς
2798 1894 2856 1946 ὲν
2884 1893 2961 1964 τῷ
2992 1892 3125 1962 περὶ
3159 1891 3258 1962 τὴν
3291 1890 3560 1944 θάλασσαι

301 1976 402 2047 τῆς
439 1977 730 2044 Ἀτταλίας
760 1983 1034 2052 πεπηγότι
1069 1983 1222 2053 λίθῳ,
1256 1985 1386 2047 τοὺς
1417 1985 1751 2055 ἀσκητικοὺς
1784 1985 2049 2050 διανύσας
2095 1987 2311 2051 πόνους,
2346 1987 2434 2039 ὅτε
2470 1984 2568 2039 καὶ
2601 1986 2762 2056 ἡμεῖς
2786 1985 2864 2056 τῷ
2927 1986 3083 2053 ἀνδρὶ
3114 1984 3459 2054 ἐνετύχομεν,
3492 1981 3561 2052 τᾷ

303 2066 536 2137 ἀοιδίμῳ
586 2067 802 2137 βασιλεί
844 2072 937 2124 καὶ
970 2071 1475 2143 Πορφυρογεννήτῳ
1518 2073 1596 2142 τῷ
1658 2075 1899 2142 Κομνηνι

1965 2074 2489 2143 συστρατευόμενος.
2550 2073 2655 2139 Qui
2686 2074 2888 2138 pridem
2931 2089 3024 2140 per
3059 2072 3236 2137 plures
3289 2086 3459 2124 annos
3501 2071 3560 2123 its

306 2177 458 2225 saxo,
509 2162 580 2216 ad
611 2178 758 2218 mare
800 2162 1019 2219 Attalite
1070 2165 1317 2233 fundato,
1377 2166 1648 2222 laboribus
1687 2169 1956 2221 continuis
2002 2167 2388 2237 sudoribusque
2428 2182 2539 2220 sese
2577 2173 2927 2229 exercuerat;
2974 2165 3151 2234 ibique
3203 2180 3295 2217 nos
3333 2179 3451 2216 eum
3488 2162 3563 2215 al-

307 2252 470 2307 locuti
507 2254 709 2323 fuimus
735 2296 749 2318 ,
806 2258 933 2310 dum
969 2274 1077 2311 una
1131 2275 1251 2312 cum
1292 2259 1629 2314 celeberrimo
1688 2260 2003 2327 imperatore
2056 2268 2105 2314 et
2162 2260 2661 2330 Porphyrogenneta
2693 2256 2958 2314 Comrtcno
2993 2257 3365 2311 militaremus.
3393 2255 3562 2325 Ejus-

307 2349 428 2404 dem
471 2346 839 2403 Emmanuelis
895 2352 1139 2406 meminit
1178 2352 1307 2407 alibi
1368 2353 1563 2421 sazpius
1611 2353 1711 2407 hoc
1768 2351 1959 2406 eodem
2016 2351 2213 2407 libello.
2260 2351 2428 2405 Ducta
2482 2365 2687 2417 uxore,
2734 2367 2801 2406 ex
2855 2366 2920 2405 ea
2966 2351 3132 2405 ﬁlium
3189 2349 3396 2404 habuit.
3445 2348 3564 2417 Ejus

311 2451 508 2492 nomen
561 2452 592 2491 a
640 2438 1179 2508 contpaginatoribus
1214 2440 1360 2505 libri,
1407 2441 1534 2494 dum
1570 2441 1747 2494 cultro
1800 2440 2049 2493 foliorum
2106 2441 2480 2495 extremitates
2528 2448 2852 2508 aequarunt,
2887 2441 3188 2495 abscissum
3215 2448 3319 2493 est.
3368 2439 3564 2491 POSIea

314 2524 614 2579 monachus
660 2526 857 2591 factus,
914 2527 1099 2581 invisit
1140 2528 1256 2582 loca
1295 2536 1480 2581 sancta
1519 2543 1660 2581 anno
1717 2528 1875 2583 “85.
1930 2528 1998 2581 Et
2046 2528 2161 2581 haec
2207 2527 2389 2580 omnia
2428 2527 2603 2581 habeo
2635 2542 2697 2580 ex
2748 2528 2951 2589 notula,
2996 2543 3114 2596 quae
3167 2527 3345 2581 rubeis
3376 2525 3565 2579 litteris

311 2615 364 2669 in
417 2617 660 2685 margine
718 2619 976 2673 additur:
1025 2621 1418 2691 Συγγραφεῖσα
1472 2620 1630 2691 παρὰ
1685 2620 1907 2674 Ἰωάννο

1998 2620 2191 2689 ἱερέως
2246 2619 2339 2672 τοῦ
2400 2620 2802 2675 εὗσεόεστάτου
2867 2621 3056 2686 Φωκᾶ,
3108 2620 3227 2673 υἱοῦ
3282 2618 3566 2673 Ματθαίου

314 2705 551 2776 μοναχοῦ
593 2706 689 2760 τοῦ
729 2708 1087 2773 ὲνασκοῦντος
1133 2712 1191 2762 ἐν
1224 2712 1434 2781 Πάτμῳ
1470 2712 1535 2781 τῇ
1587 2711 1760 2779 νήσῳ,
1791 2710 1965 2779 ὅσπερ
2004 2703 2112 2761 εἶδε
2147 2708 2270 2770 τοὺς
2324 2708 2517 2775 ἁγίους
2575 2707 2774 2771 τόπους
2811 2708 2890 2770 εἰς
2940 2706 3147 2777 χιλίους
3180 2705 3319 2776 ρπέ.
3360 2703 3566 2770 Scripta

313 2813 347 2851 α
392 2796 599 2851 Joanne
653 2801 929 2854 sacerdote
978 2802 1216 2870 piissimo
1267 2802 1469 2867 Phoca,
1502 2804 1615 2872 ﬁlio
1652 2801 1897 2857 Matt/tati
1950 2801 2221 2865 monachi,
2269 2800 2362 2869 qui
2394 2816 2449 2857 se
2493 2811 2699 2855 exercet
2741 2802 2796 2854 in
2842 2799 3030 2853 Patmo
3074 2799 3408 2869 insula;qui
3440 2798 3568 2851 vidit

311 2903 494 2946 sancta
547 2892 663 2946 loca
711 2911 848 2947 anno
894 2896 1053 2952 “85.
1082 2896 1139 2950 In
1188 2896 1367 2951 fronte
1418 2913 1546 2951 vero
1597 2898 1719 2951 libri
1779 2896 1907 2964 scrij

1971 2911 2040 2949 tm
2094 2906 2259 2950 erat:
2314 2895 2445 2957 Υἱὸς
2504 2896 2695 2965 ἱερέως
2750 2894 2845 2947 τοῦ
2892 2894 3058 2947 Φωκᾶ
3111 2895 3175 2947 ἐκ
3212 2893 3310 2963 τῆς
3350 2890 3567 2962 Κρήτη,

310 2980 509 3051 γράφω
546 2982 664 3043 νῦν,
697 2981 1029 3054 τοῦνομα....
1092 2983 1267 3039 Filius
1312 2987 1598 3039 sacerdotis
1631 2982 1820 3037 Phoca:
1860 2982 1901 3036 C

1312 2987 1598 3039 sacerdotis
1631 2982 1820 3037 Phoca:
1860 2982 2123 3037 Cretensis
2161 2983 2334 3037 scribo
2380 2999 2538 3045 nunc,
2573 2984 2877 3038 nomine....

388 3072 493 3128 St-d
530 3090 597 3129 ne
647 3075 857 3130 Phoeas
905 3089 1092 3133 noster
1142 3078 1351 3147 palaret
1406 3078 1573 3142 solus,
1603 3078 1779 3131 socios
1823 3076 1873 3131 ei
1910 3075 2160 3132 dedimus
2215 3076 2389 3139 binos,
2416 3077 2551 3129 alias
2579 3090 2606 3128 a
2653 3074 2901 3139 Morello,
2933 3074 3025 3144 qui
3059 3088 3152 3129 eos
3183 3088 3213 3129 e
3243 3073 3568 3127 bibliotheca

320 3158 579 3215 Vaticana
633 3178 728 3230 per
782 3164 1134 3219 Sirmundutn
1193 3165 1477 3229 habuerat,
1519 3165 1719 3218 misere
1760 3172 1815 3217 et
1866 3162 2157 3218 infeliciter
2216 3164 2413 3225 editos,
2471 3161 2830 3232 Epiphanium
2886 3163 3211 3217 monachum
3254 3161 3568 3229 Hagiopoli-

319 3257 429 3302 tam
464 3266 623 3317 prosa
654 3252 923 3316 oratione,
976 3263 1031 3306 et
1077 3253 1239 3306 alium
1287 3254 1527 3306 carmine
1578 3252 1820 3320 politico,
1877 3252 1994 3305 hare
2027 3252 2216 3305 eadem
2260 3252 2374 3307 loca
2438 3262 2850 3320 persequentes.
2911 3250 3130 3311 Omnia,
3203 3251 3449 3317 inquam,
3496 3248 3569 3302 ibi

316 3341 397 3397 sic
429 3353 645 3398 scatent
706 3345 1008 3411 erroribus,
1046 3356 1105 3400 ut
1156 3345 1341 3401 multis
1378 3346 1432 3399 in
1486 3346 1621 3401 locis
1663 3347 1751 3399 vix
1784 3346 2011 3415 intelligi
2068 3344 2298 3414 possint.
2349 3343 2549 3411 Quare,
2584 3354 2642 3398 ut
2681 3345 2910 3399 cultiore
2974 3344 3163 3398 habitu
3197 3350 3569 3411 compareant,

317 3427 684 3497 Epiphaniam
714 3436 780 3484 ad
838 3435 1269 3501 manuscriptum
1307 3433 1643 3497 Vaticanum,
1682 3434 1821 3485 unde
1864 3444 2267 3503 transsumptus
2301 3443 2444 3499 erat,
2503 3434 2752 3499 restitui;
2783 3448 2847 3485 ex
2869 3448 2975 3501 quo
3014 3437 3186 3486 ferme
3212 3434 3415 3493 omnia,
3454 3445 3571 3498 qum

317 3523 633 3591 scrupulum
660 3523 881 3593 injicere
915 3536 1186 3593 poterant.
1224 3526 1596 3592 corriguntur.
1645 3522 2155 3594 lnterpretationem
2206 3527 2368 3581 etiam
2403 3524 2651 3579 Latinam
2694 3526 2762 3580 ad
2793 3525 2955 3579 verba
2989 3524 3178 3580 Grmca
3213 3522 3571 3592 interpolavi;

322 3617 384 3662 ut
433 3626 538 3667 non
583 3620 795 3666 tantum
843 3612 1052 3681 Graece,
1105 3612 1201 3669 sed
1266 3614 1430 3668 etiam
1492 3612 1705 3679 Latine,
1754 3613 2074 3669 concinnior
2117 3616 2312 3670 exiret.
2362 3613 2619 3670 Carmina
2674 3613 2862 3668 Grazca
2904 3630 2971 3667 ex
3026 3612 3397 3681 manuscriplo
3456 3626 3573 3667 meo

320 3702 604 3772 supplevi;
663 3718 783 3772 quae
812 3719 879 3760 an
926 3705 1142 3761 Maximi
1201 3704 1455 3759 Planudaa
1482 3707 1613 3771 sint,
1660 3706 1712 3759 in
1766 3704 1987 3760 dubium
2010 3706 2151 3761 verti
2190 3708 2408 3777 poterit,
2442 3722 2562 3762 cum
2596 3708 2651 3762 in
2705 3722 2826 3761 meo
2872 3706 3078 3759 nullum
3122 3704 3357 3759 auctoris
3377 3716 3573 3756 nomen

322 3790 632 3858 praferant,
682 3794 1139 3860 quemadmodum
1191 3803 1246 3845 ut
1297 3793 1349 3847 in
1395 3790 1692 3860 Vaticano;
1730 3793 1980 3861 quamvis
2028 3793 2081 3846 in
2123 3793 2249 3858 hoc,
2304 3803 2432 3849 ante
2496 3804 2553 3849 et
2605 3804 2726 3863 post
2779 3794 2921 3849 dicta
2977 3794 3246 3854 carmina,
3310 3789 3571 3843 nonnulla

326 3885 475 3939 sunt,
529 3891 649 3944 quae
689 3877 944 3933 Planudae
1006 3881 1226 3934 nomine
1272 3888 1557 3946 notantur,
1612 3895 1718 3933 non
1758 3879 1939 3934 alieno
1989 3894 2053 3935 ac
2106 3881 2210 3935 ista
2266 3880 2511 3935 carmina
2548 3881 2869 3936 charactere
2893 3879 3215 3935 exarata.ln
3242 3878 3427 3932 codice
3460 3892 3571 3929 ma-

325 3964 606 4032 nuscripto
658 3963 976 4033 Viennensi,
1032 3982 1191 4037 quem
1245 3968 1381 4023 vidit
1436 3968 1856 4023 doctissimuset
1904 3967 2310 4023 eruditissimus
2351 3967 2526 4022 Lucas
2571 3967 2908 4031 Holstenius,
2939 3968 3053 4020 haec
3077 3966 3333 4019 Carmina
3378 3963 3571 4017 tribue-

323 4057 520 4109 bantur
575 4054 865 4123 Perdiccae,
924 4060 1299 4129 protonotario
1338 4058 1633 4127 Ephesino.
1680 4056 1919 4127 Περδίκκ

1974 4074 1984 4108 ι
2014 4056 2462 4125 Πρωτονοταρὶου
2488 4055 2590 4123 τῆς
2644 4055 2872 4121 Ἐφέσου
2903 4054 3218 4123 Ἔκφρασις
3249 4050 3339 4105 διὰ
3374 4049 3570 4119 στίχων

324 4152 453 4223 περὶ
498 4152 607 4205 τῶν
654 4153 713 4206 ὲν
777 4151 1183 4223 Ἱεροσολύμοις
1237 4153 1523 4224 κυριακῶν
1572 4151 1888 4221 θεαμάτων.

1974 4149 2219 4204 ’erdtccte
2266 4148 2629 4217 protonotarii
2664 4147 2921 4214 Ephesini
2952 4130 3255 4216 Expositio,
3318 4143 3570 4207 carmine,

324 4245 745 4311 spectaculorum
798 4244 1198 4301 Dominicorum
1239 4256 1286 4300 et
1346 4246 1786 4307 memorabilium,
1820 4260 1940 4313 qua:
1991 4242 2374 4312 Hierosolymis
2424 4244 2691 4296 videntur.
2732 4240 2949 4294 Titulus
2998 4254 3102 4292 non
3150 4252 3289 4291 unus
3321 4237 3371 4290 in
3399 4237 3572 4290 omni-

326 4331 427 4387 bus
462 4342 579 4398 est;
613 4335 702 4387 alii
756 4336 899 4389 enim
949 4336 1155 4404 legunt,
1214 4334 1344 4405 περὶ
1398 4334 1711 4403 θεαμάτων,
1770 4333 1842 4386 De
1892 4348 1922 4402 ελ

1977 4330 2237 4393 ἐιαοιιιὶες
2268 4330 2382 4393 alii,
2431 4329 2563 4402 περὶ
2602 4329 2891 4400 Θιμάτων,
2939 4327 3016 4381 De
3048 4326 3370 4380 tltematibus
3393 4340 3413 4390 ;
3462 4323 3573 4388 alii,

328 4421 459 4489 περὶ
518 4420 843 4489 θαυμάτων,
902 4421 976 4475 De
1002 4422 1298 4476 miraculis.
1330 4420 1635 4489 Θεαμάτων
1688 4428 1866 4475 tamen
1907 4439 1924 4475 ε

902 4421 976 4475 De
1002 4422 1298 4476 miraculis.
1330 4420 1635 4489 Θεαμάτων
1688 4428 1866 4475 tamen
1907 4424 2030 4478 aliis
2083 4422 2483 4493 proposuerim.

398 4509 633 4563 Additur
690 4509 1006 4580 Anonymus
1040 4510 1107 4563 de
1160 4510 1347 4564 iisdem
1378 4508 1530 4571 locis,
1591 4510 1867 4563 communi
1900 4508 2214 4566 Graecorum
2250 4511 2431 4580 lingua
2468 4507 2710 4579 quidem,
2747 4505 3037 4578 diligenter
3090 4514 3296 4567 tamen,
3328 4499 3575 4557 conscri-

329 4612 474 4671 ptus.
520 4611 574 4656 et
618 4602 670 4655 in
710 4602 871 4656 rebus
929 4603 1218 4658 narrandis
1262 4608 1590 4666 accuratus;
1632 4616 1662 4655 a
1715 4616 1823 4670 quo
1853 4603 2228 4658 tantummodo
2266 4613 2512 4671 repetere
2539 4599 2720 4655 valeas
2777 4600 3103 4655 Christiana:
3143 4597 3361 4667 pietatis
3392 4611 3454 4651 ac
3487 4611 3575 4649 re-

329 4688 562 4759 ligionis,
613 4704 741 4757 erga
792 4691 908 4745 loca
967 4700 1342 4752 sacrosancta,
1389 4687 1807 4757 praeclarissima
1844 4691 2118 4761 vestigia;
2160 4690 2231 4746 ob
2272 4690 2430 4745 molis
2481 4689 2833 4760 exiguitatem
2871 4688 2959 4741 vix
3020 4688 3168 4743 visus
3199 4685 3571 4741 traducendus

330 4784 382 4836 ln
430 4783 671 4849 linguam
707 4782 1305 4847 Latinamytraductus
1340 4794 1539 4838 tamen.

404 4870 787 4941 Eugesippum,
833 4873 899 4926 de
956 4872 1229 4927 distantiis
1268 4872 1508 4927 locorum
1534 4872 1719 4928 Terrae
1747 4873 1990 4939 Sanctae,
2044 4872 2423 4929 humanissimi
2475 4871 2656 4929 Caroli
2705 4871 2912 4926 Moroni
2977 4869 3333 4924 beneﬁcentia
3392 4868 3578 4923 habui.

328 4961 445 5017 Non
481 4965 767 5019 videbatur
799 4965 932 5019 tanti
975 4979 1078 5019 non
1120 4966 1362 5020 nemini:
1409 4981 1621 5030 verum,
1679 4982 1800 5020 cum
1854 4982 2008 5022 rarus
2040 4968 2335 5021 admodum
2376 4966 2449 5020 sit
2478 4976 2533 5021 et
2575 4966 2856 5034 antiquus,
2893 4978 2961 5017 ne
3011 4963 3156 5033 quis,
3196 4960 3575 5027 hujuscemodi

331 5060 549 5112 nomine
589 5057 794 5126 majora
822 5059 925 5114 sibi
972 5059 1199 5126 ﬁngens,
1252 5060 1399 5115 illius
1444 5060 1751 5129 privatione
1799 5059 2064 5125 indoleat,
2106 5060 2321 5113 hortatu
2369 5058 2668 5113 amicorum
2719 5074 2839 5113 cum
2884 5056 3007 5111 aliis
3052 5056 3117 5110 de
3168 5054 3339 5109 Terra
3373 5053 3577 5107 Sancta

329 5148 696 5219 scriptoribus
753 5150 1137 5221 publicandum
1192 5151 1524 5208 censuimus.
1562 5151 1805 5207 Aliorum
1846 5150 2131 5220 dignitate,
2178 5150 2426 5221 gloriam,
2484 5150 2530 5206 si
2569 5164 2692 5220 qu-.e
2744 5148 2931 5215 fuerit,
2964 5148 3017 5203 in
3070 5162 3129 5203 se
3166 5143 3506 5200 transvehet.
