4042 6402
468 415 576 478 927

1739 419 2069 484 JOANNIS
2101 418 2377 482 PHOCIE

3602 418 3725 484 923

475 617 3707 651 ΝΜ

1231 793 1989 934 ΙΩΑΝΝΟΥ
2060 796 2411 931 ΤΟΥ
2493 792 2964 931 ΦΩΚΑ

1814 1046 2042 1099 Elin“!!!
2069 1046 2133 1083 EN
2159 1043 2366 1082 IYNO‘I'EI

465 1185 604 1239 ΤΩΝ
654 1184 764 1239 ΑΠ’
793 1183 1213 1240 ΑΝΤΙΟΧΕΙΑΣ
1259 1183 1527 1239 ΜΕΧΡΙΣ
1553 1181 2053 1240 ΙΕΡΟΣΟΛΥΜΩΝ
2079 1177 2420 1244 ΚΑΣΤΡΩΝ,
2453 1178 2576 1233 ΚΑΙ
2611 1176 2862 1245 ΧΩΡΩΝ,
2886 1174 3156 1247 ΣΥΡῘΔΣ,
3197 1174 3557 1238 ΦΟΙΝΙΚΗΣ,
3589 1174 3711 1229 ΚΑΙ

1396 1279 1536 1334 ΤΩΝ
1565 1278 1758 1335 ΚΑΤΑ
1785 1276 2263 1334 ΠΑΛΑΙΣΤῘΝΗΝ
2294 1276 2502 1331 APION
2534 1273 2768 1329 ΤΟΠΩΝ

1197 1608 2090 1770 JOANNIS
2243 1521 2980 1766 PHOCZE

454 2039 927 2105 CASTRORUM
956 2041 1060 2102 ET
1095 2039 1435 2112 URBIUM,
1465 2038 1568 2100 ΔΒ
1598 2037 1810 2100 URBE
1835 2030 2285 2100 ANTIOCHIA
2320 2035 2576 2110 USQUE
2605 2032 3266 2097 HIEROSOLYMAM
3293 2054 3312 2106 ;
3345 2034 3500 2097 NEC
3537 2032 3704 2096 NON

417 2148 422 2152 ’
787 2141 1091 2229 SYBIIE,
1113 2141 1217 2203 AC
1246 2139 1692 2213 PHCENICUE,
1727 2139 1831 2199 ΕΤ
1864 2139 1944 2199 ΙΝ
1972 2137 2449 2199 PALIESTINA
2476 2136 2910 2201 SACBORUM
2952 2135 3371 2199 LOCORUM.

520 2448 574 2504 1.
600 2447 684 2501 An
708 2459 840 2501 vero
879 2459 981 2501 nos
1008 2443 1136 2513 ipsi,
1183 2443 1275 2515 qui
1310 2445 1675 2501 sacrosanctis
1709 2445 2016 2517 spectaculi:

2208 2451 2278 2501 a'.
2312 2446 2381 2499 Τί
2407 2446 2463 2502 δὲ
2500 2446 2551 2500 οῖ
2597 2434 2904 2519 Εῶτίῖερῶν
2936 2448 3479 2518 καταιρυφήσαντες
3504 2446 3718 2518 θεαμά-

447 2539 694 2595 animum
723 2536 1080 2606 explevimus,
1140 2534 1365 2604 locaque
1415 2535 1590 2593 oculis
1629 2538 2031 2607 usurpavi‘mus,

445 2630 502 2683 in
552 2626 750 2696 quibus
792 2625 935 2697 Deus
983 2623 1114 2677 olim
1166 2631 1417 2679 versatus
1473 2633 1577 2689 cst,
1611 2634 1666 2680 et
1732 2625 2031 2697 fugientem

445 2718 703 2791 populum
758 2731 857 2785 per
883 2696 1104 2785 Moysen
1141 2728 1208 2769 ex
1255 2713 1491 2786 Egypto
1527 2717 1581 2771 in
1626 2696 2036 2789 signisietpro.

445 2809 607 2881 digiis
657 2805 917 2871 deduxit;
980 2819 1143 2860 manu
1196 2804 1375 2860 valida
1430 2805 1665 2876 populis,
1730 2821 2033 2877 eorumque

445 2899 718 2972 dynastis,
752 2895 895 2954 Scon
928 2908 1054 2968 rege
1081 2895 1545 2965 Amorrhaaorum',
1571 2907 1626 2953 et
1657 2897 1738 2969 Og
1774 2915 1901 2970 rege
1930 2897 2021 2953 Bal.

443 3003 564 3055 san,
588 2997 642 3044 et
672 2987 938 3043 universis
982 2986 1173 3056 regnis
1209 2985 1468 3042 Chanaan
1527 2988 1835 3055 debellatis,
1865 2998 2030 3060 atque

443 3079 660 3136 excelso
703 3078 954 3142 brachio,
994 3078 1047 3132 in
1101 3092 1290 3153 eorum
1329 3078 1470 3145 loco,
1508 3080 1795 3153 peregrino
1824 3081 2026 3151 populo

440 3170 707 3227 collocato
736 3188 751 3239 ;
785 3186 945 3243 quem
991 3170 1044 3225 in
1081 3151 1291 3226 tahtum
1333 3172 1485 3226 auxit
1515 3151 1681 3243 atque
1713 3173 2021 3244 ampliavit,

439 3275 700 3335 quautum
745 3265 901 3320 nobis
932 3264 1127 3319 divina:
1183 3263 1407 3320 Litteras
1456 3265 1732 3331 ingerunt,
1791 3280 2022 3337 quaeque

438 3353 732 3424 postremis
782 3353 976 3409 deinde
1045 3355 1379 3424 temporibus
1441 3369 1538 3423 per
1594 3354 1874 3428 Unigeuiti
1938 3357 2023 3413 sui

439 3449 680 3504 divinam
755 3449 1195 3505 incarnationem
1257 3451 1644 3518 sanctiﬁcavit,
1698 3451 2024 3509 admirando

437 3551 636 3598 nostrae
669 3540 1034 3596 renovationis
1053 3555 1216 3611 opere
1237 3541 1480 3598 absoluto
1506 3559 1520 3596 :
1542 3543 1623 3597 An
1650 3558 1770 3610 nos,
1801 3543 2039 3615 inquam

438 3631 530 3702 qui
564 3632 682 3688 haec
731 3632 1130 3703 perspeximus,
1159 3630 1259 3687 soli
1310 3633 1610 3701 participes
1661 3635 1895 3703 erimus,
1926 3636 2021 3690 he-

437 3725 632 3783 luones
680 3735 737 3781 et
783 3726 1024 3795 gurgites
1088 3725 1144 3781 in
1198 3726 1333 3782 cibis
1382 3725 1709 3782 devorandis
1738 3726 2022 3783 aemulati?

394 3882 400 3889 ,
434 3818 535 3873 Ast
585 3817 803 3872 ubinam
855 3818 1099 3889 gentium
1131 3817 1395 3873 naturalis
1441 3818 1680 3875 societas
1708 3829 1764 3874 et
1801 3825 2022 3874 mutuus

439 3925 618 3977 amor,
680 3924 779 3981 per
834 3925 955 3981 quas
1011 3911 1229 3966 dilectio
1285 3911 1616 3977 ostenditur,
1662 3921 1717 3969 et
1764 3912 2019 3969 humana;

435 4002 680 4059 conditio
748 4012 974 4068 naturas,
1043 4003 1207 4060 veluti
1265 4004 1609 4060 lineamentis
1665 4004 2017 4074 quibusdam,

433 4094 758 4164 exprimitur
777 4094 802 4148 ?
820 4094 928 4150 Res
960 4094 1143 4165 itaque
1167 4109 1265 4164 pro
1291 4094 1496 4151 viribus
1526 4095 1890 4166 aggredienda
1912 4106 2016 4162 est,

433 4193 494 4240 ut
529 4186 693 4241 veluti
725 4186 779 4241 in
827 4187 1031 4253 tabula,
1084 4187 1330 4242 locorum
1378 4187 1567 4254 situm,
1597 4202 1750 4257 aeque
1778 4201 1843 4243 ac
1876 4190 2016 4242 ima-

431 4276 609 4346 gines,
662 4276 845 4332 verbis
885 4278 1262 4347 depingamus,
1306 4287 1384 4346 et,
1434 4292 1558 4349 quae
1582 4293 1682 4333 nos
1711 4279 1815 4348 ipsi
1856 4294 2016 4350 aspe-

431 4367 721 4432 ctavimus,
786 4369 960 4424 media
1033 4371 1329 4447 scriptura,
1386 4386 1570 4426 rerum
1640 4371 2017 4441 hujuscemodi

429 4459 690 4514 studiosis
714 4474 1049 4516 enarremus.
1104 4462 1169 4515 At
1206 4476 1335 4518 vero
1375 4462 1480 4518 illis
1519 4463 1610 4533 qui
1637 4478 1701 4518 ea
1742 4463 1860 4519 loca
1886 4479 2013 4533 per-

427 4549 701 4616 viderunt,
759 4550 959 4605 frustra
993 4566 1095 4607 nos
1157 4566 1378 4622 operam
1423 4568 1638 4609 sumere
1670 4555 2000 4621 videbimur,

427 4640 633 4707 etenim
664 4642 709 4698 si
764 4645 1005 4699 sermoni
1030 4659 1097 4698 ea
1128 4659 1282 4701 mens
1311 4654 1415 4705 est.
1460 4654 1520 4701 ut
1562 4655 1844 4715 aspectum
1886 4648 2014 4703 imi-

429 4740 616 4800 tetur;
669 4744 727 4791 et
754 4737 933 4791 omnis
980 4736 1211 4792 imitatio
1259 4748 1450 4794 exacta
1491 4739 1833 4795 discussione
1867 4739 2010 4796 infc-

426 4824 541 4879 rior
564 4836 670 4892 est,
703 4828 974 4895 sequitur,
1004 4843 1090 4883 me
1122 4829 1288 4885 etiam
1321 4830 1585 4887 minorem
1619 4832 1741 4887 illis
1764 4830 2009 4888 laetitiam

423 4926 890 4984 comparaturum,
922 4932 986 4972 ea
1039 4919 1334 4989 voluptate.
1371 4935 1491 4990 quae
1521 4922 1650 4990 ipsis
1689 4936 1789 4992 per
1817 4923 2007 4979 oculos

356 5012 359 5015 ‘
421 5004 643 5060 insedit.
674 5005 812 5073 Quid
848 5022 1012 5077 porro
1038 5023 1220 5065 sermo
1240 5010 1264 5064 ?
1283 5026 1379 5066 eos
1416 5013 1727 5079 expressius
1750 5012 2003 5079 instruet,

2135 2552 2247 2592 των
2282 2538 2466 2609 ἡμεῖς,
2498 2528 2611 2601 κατ’
2617 2537 2817 2601 τόπους
2864 2528 3103 2601 ἰδόντες,Δ
3127 2537 3214 2605 ἐφ’
3241 2528 3324 2600 οἷς
3361 2536 3496 2600 Θεδς
3542 2538 3717 2593 πάλαι

2140 2631 2239 2703 μὲν
2267 2620 2631 2702 ἐχρημάτισε,
2661 2630 2792 2685 λαὸν
2820 2630 3038 2699 φυγάδα
3061 2624 3150 2683 διά
3174 2630 3423 2692 Μωσέως
3451 2628 3512 2697 ἐξ
3540 2630 3715 2700 Αἰγύ-

2137 2738 2275 2776 πτου
2303 2722 2361 2775 έν
2392 2721 2585 2792 τέρασι
2617 2722 2712 2775 καὶ
2754 2721 3005 2791 σημείοις
3033 2718 3361 2790 μεταγαγὼν
3400 2719 3547 2791 χειρὶ
3573 2738 3723 2791 aspa-

2132 2815 2299 2886 ταιᾷς
2317 2814 2568 2879 πατάξας
2597 2813 2725 2885 ἔθνη
2769 2813 2862 2867 καὶ¹
2891 2814 3162 2876 δυνάστας
3191 2812 3396 2877 αὐτῶν,
3429 2814 3524 2868 τὸν
3557 2813 3718 2885 Σηὼν

2135 2905 2363 2976 βασιλέα
2392 2905 2504 2960 τῶν
2536 2904 2930 2976 Ἀμωρῥαίων,
2957 2905 3055 2957 καὶ
3091 2896 3185 2956 τὸν
3217 2903 3320 2971 Ὢγ
3359 2903 3584 2974 βασιλέα
3612 2902 3716 2973 τῆς

2133 2995 2336 3063 Βασὰν,
2381 2997 2475 3051 καὶ
2524 2998 2707 3059 πάσας
2754 2996 2853 3060 τὰς
2897 2994 3181 3065 βασιλεὶας
3218 2996 3444 3050 Χαναὰν
3502 2995 3597 3050 καὶ
3652 2997 3717 3051 ὲν

2136 3087 2386 3159 βραχίονι
2434 3086 2625 3159 ὑψηλῷ
2676 3078 3078 3157 ὲγκαθιδρῦσας
3134 3088 3254 3140 ἐκεῖ
3297 3085 3428 3141 λαὸν
3476 3086 3711 3156 ἔπηλυν,

2128 3180 2224 3236 καὶ
2257 3177 2514 3233 τοσοῦτον
2546 3178 2791 3247 αὐξήσας
2818 3178 2943 3231 ὅσον
2967 3179 3024 3231 αῖ
3061 3178 3202 3232 θεῖαι
3226 3178 3541 3249 παριστῶσε
3569 3179 3713 3250 Γρα-

2127 3268 2250 3339 φαὶ,
2290 3268 2379 3323 ἐπ’
2421 3268 2673 3339 ἐσχάτων
2704 3267 2761 3321 δὲ
2791 3268 2883 3323 διὰ
2921 3269 3020 3338 τῆς
3050 3270 3145 3323 τοῦ
3171 3268 3514 3338 Μονογενοῦς
3541 3269 3712 3324 αὐτοῦ

2128 3360 2282 3424 θείας
2320 3359 2794 3431 ὲνανθρωπήσεως
2832 3359 3177 3429 καθαγιάσας
3232 3360 3453 3425 αὐτοὺς,
3507 3362 3602 3414 καὶ
3649 3361 3713 3415 τὸ

2126 3450 2446 3522 θαυμαστὸν
2474 3449 2637 3522 ἔργον
2676 3452 2776 3521 τῆς
2805 3450 2965 3521 ἡμῶν
2996 3450 3291 3515 ἐκτελέσας
3322 3452 3709 3517 άναπλάσεως,

2128 3543 2281 3614 μόνοι
2309 3543 2405 3597 τοῦ
2450 3542 2663 3612 ἀγαθοῦ
2695 3542 2854 3597 τοῦδε
2897 3543 3281 3614 μετάσχωμεν,
3317 3545 3447 3608 τοὺς
3491 3543 3711 3615 λίχνους

2124 3636 2258 3706 περὶ
2280 3630 2381 3699 τάς
2405 3634 2639 3705 βρώσεις
2672 3633 3034 3705 μιμούμενοι;
3068 3634 3180 3688 Kal.
3225 3634 3328 3688 ποῦ
3363 3634 3425 3688 τὸ
3458 3652 3712 3690 κοινωνι-

2124 3725 2222 3778 κὸν
2251 3726 2348 3777 καὶ
2376 3724 2702 3795 φιλάλληλον
2735 3728 3016 3794 φανεῖται,
3040 3725 3110 3779 δι’
3157 3718 3233 3781 ὧν
3264 3728 3326 3779 τὸ
3355 3728 3454 3797 τῆς
3484 3727 3711 3797 ἀγάπης

2050 3781 2098 3841 Β
2126 3781 2454 3884 ἐμφαίνειέαι
2502 3781 2714 3885 χρῖγμα,
2748 3781 2862 3869 ’καὶ
2906 3816 2968 3869 τὸ
3001 3781 3102 3885 τῆς
3132 3815 3293 3886 ἡμῶν
3321 3781 3544 3887 φύὲἓωέ
3573 3781 3709 3870 τδιὲᾇ

2123 3901 2232 3960 οἶδε
2259 3907 2796 3977 χαρακτηρίζεσθαι;
2841 3905 3228 3979 Ἐγχειρητέον
3252 3908 3344 3962 οὖν
3378 3909 3510 3963 ὡσεὶ
3543 3910 3709 3964 δύνα-

2125 4016 2240 4071 μις,
2282 3998 2350 4052 ἵν’
2382 3999 2460 4063 ὼς
2490 4000 2548 4053 ὲν
2581 3999 2773 4086 πίνακι
2815 3999 2878 4053 τὸ
2908 3999 3236 4071 διάγραμμα
3268 4000 3359 4054 διὰ
3404 4000 3500 4056 τοῦ
3537 4001 3707 4068 λόγου

2122 4091 2663 4162 εῖκονουργήσωμεν,
2700 4090 2797 4144 καὶ
2829 4090 2973 4158 άπερ
3027 4091 3256 4160 ἀμέσως
3307 4088 3547 4161 εἴδομεν,
3609 4092 3702 4147 διά

2125 4180 2293 4253 μέσου
2320 4180 2416 4235 τοῦ
2450 4183 2782 4251 γράμματος
2818 4182 2934 4244 τοῖς
2966 4179 3238 4250 φιλοθέοις
3284 4181 3707 4252 καθιστορήσω-

2123 4286 2247 4339 μεν.
2278 4267 2405 4331 Τοῖς
2441 4266 2541 4338 μὲν
2566 4266 2660 4320 οὖν
2688 4267 2814 4331 τοὺς
2837 4269 3043 4332 τόπους
3062 4269 3446 4339 θεασαμένοις,
3476 4268 3706 4340 περίερ-

2119 4362 2214 4430 γόν
2244 4378 2297 4414 τι
2325 4358 2463 4426 δόξω
2496 4360 2695 4415 ποιεῖν.
2728 4360 2793 4413 Εἰ
2825 4359 2936 4430 γὰρ
2969 4360 3046 4431 τῷ
3080 4360 3227 4432 λόγῳ
3261 4361 3465 4424 σκοπὸς
3506 4362 3703 4432 μιμεῖ·
3740 4410 3747 4416 .

2120 4452 2248 4506 σθαι
2271 4451 2370 4522 τὴν
2395 4448 2563 4515 θέαν,
2581 4452 2733 4504 πᾶσα
2758 4450 2817 4504 δὲ
2853 4450 3086 4523 μίμησις
3109 4448 3274 4522 ἧττόν
3300 4472 3418 4511 πως
3447 4455 3701 4524 φαίνεται

2115 4544 2217 4616 τῆς
2247 4541 2562 4615 ἀκριϐείας,
2584 4541 2743 4608 δῆλον
2773 4542 2849 4607 ὡς
2869 4537 3034 4615 ἦττον
3066 4542 3324 4615 εὐφρανῶ
3344 4544 3448 4615 τῆς
3472 4545 3562 4600 διὰ
3587 4544 3702 4600 τῶν

2114 4637 2382 4707 ὀμμάτων
2418 4635 2792 4707 ὲνιδρυθεὶσης
2839 4635 3008 4702 αὐτῆς
3041 4633 3153 4709 [τσ.
3214 4635 3421 4709 αὐτοῖς]
3479 4637 3699 4708 ἡδονῆς.

2100 4728 2297 4797 ηΤιοῦν
2345 4731 2373 4782 ό
2421 4728 2621 4797 λόγος;
2669 4726 2795 4790 τοὺς
2824 4726 2943 4795 ὄψει
2998 4729 3074 4798 μὴ
3126 4727 3540 4798 παρειληφότας
3568 4729 3701 4793 τοὺς

2115 4822 2376 4892 ἀρίστους
2428 4819 2627 4882 τόπους
2660 4817 2835 4871 ἐνίοτε
2879 4817 2936 4871 δέ
2960 4836 3061 4871 που
3097 4820 3213 4882 τοῖς
3246 4818 3564 4890 λεγομένοις
3604 4822 3698 4874 έν-

2111 4913 2497 4984 τευξομένους,
2534 4912 2950 4981 ἐναργέστερον,
2982 4906 3161 4980 οἶμαι,
3196 4911 3395 4975 διδάξει
3419 4911 3529 4965 τῶν
3559 4912 3698 4966 ἀϐα-

2114 5007 2382 5069 σανίστως
2427 5004 2904 5075 ὲπαγγελλόντων.
2950 5004 3171 5059 Μᾶλλον
3196 5005 3253 5056 δὲ
3282 5004 3380 5057 καὶ
3417 5007 3530 5068 τοῖς
3562 5004 3695 5059 θεα-

420 5098 512 5164 qui
550 5098 725 5153 oculis
753 5113 909 5154 sacra
941 5099 1026 5154 illa
1060 5100 1179 5156 loca
1217 5116 1324 5157 non
1387 5104 1811 5173 perlustraruut,
1869 5119 2013 5175 saepe

2119 5099 2375 5170 σαμένοις
2407 5097 2617 5162 εἰσάξει
2647 5097 2772 5152 τινὰ
2805 5098 3020 5170 τέρψιν,
3052 5095 3213 5167 εἴπερ
3248 5097 3285 5152 ἀ
3314 5096 3537 5167 βλέπειν
3565 5098 3691 5171 ἡδὺ,

420 5188 583 5242 etiam
612 5198 668 5244 et
709 5205 828 5257 eos,
860 5191 956 5261 qui
1008 5206 1072 5246 ea
1099 5192 1445 5249 narrantibus
1485 5202 1804 5259 oecurrunt,
1839 5209 1999 5264 quam

2109 5192 2316 5246 τούτων
2344 5191 2650 5262 ἀκροᾶσθαι
2687 5190 2946 5263 τερπνόν.

421 5282 520 5344 illi,
569 5284 660 5353 qui
690 5285 807 5340 sine
845 5285 954 5341 ullo
1003 5288 1253 5342 examine
1308 5289 1617 5354 enuntiant,
1678 5287 1789 5343 imo
1820 5296 1876 5344 et
1935 5288 2003 5343 iis
2040 5287 2134 5357 qui
2170 5285 2351 5340 intuiti
2414 5293 2563 5352 sunt,
2628 5283 2959 5355 voluptatem
3017 5284 3255 5353 aliquam
3318 5281 3690 5350 conciliabit,

421 5371 469 5427 si
498 5387 618 5436 quae
656 5376 974 5444 conspicere
1003 5377 1182 5441 dulce,
1214 5390 1280 5432 ea
1327 5377 1493 5431 etiam
1546 5390 1714 5433 suave
1767 5388 1853 5433 est
1909 5378 2118 5433 audire.

489 5466 548 5521 9..
577 5466 863 5535 Exstabat,
900 5480 1012 5525 tum
1051 5487 1175 5526 cum
1213 5482 1333 5527 erat
1363 5471 1431 5526 ad
1455 5471 1714 5528 Orontem
1744 5471 2000 5528 Antiochi

421 5560 735 5631 Theopolis,
765 5563 1100 5617 theatrorum
1130 5564 1524 5635 magnitudine,
1553 5572 1795 5621 stoarum
1821 5564 2006 5632 splen-

328 5668 347 5675 ’
421 5652 670 5717 doribus,
707 5653 1032 5721 templorum
1088 5656 1401 5722 structuris,
1431 5656 1583 5726 copia
1615 5656 1744 5709 item
1773 5656 1999 5724 civium,

423 5749 477 5794 et
502 5741 814 5799 divitiarum
871 5745 1295 5815 magniﬁcentia,
1346 5748 1581 5819 superba
1628 5762 1693 5801 ac
1750 5756 1997 5803 tumens:

420 5829 636 5900 lathuc
660 5842 884 5890 caeteras
909 5834 1024 5893 fere
1068 5838 1362 5897 orientales
1399 5839 1561 5897 urbes
1597 5839 1996 5908 ets'tpcrabat:

2177 5465 2360 5541 β’.’Ἦν
2389 5472 2477 5526 ὅτε
2508 5471 2618 5541 ἄρα
2651 5471 2746 5525 καὶ
2789 5465 2859 5541 ἦν
2895 5470 3084 5542 ἠπερῖ⁹
3115 5469 3208 5525 τὸν
3230 5470 3490 5541 Ὀρόντην
3517 5471 3686 5523 Θεοῦ-

2104 5565 2261 5628 πολις
2299 5563 2574 5634 Ἀντιόχου
2602 5560 2823 5631 μεγέθει
2852 5559 3120 5647 θεάτρων,
3154 5561 3327 5615 στοῶν
3366 5560 3683 5627 καλλοναῖς,

2104 5655 2199 5710 καὶ
2229 5655 2372 5709 ναῶν
2408 5653 2772 5723 ἀφιδρύμασι,
2804 5650 3004 5721 πλήθει
3044 5667 3105 5704 τε
3152 5651 3413 5717 πολιτῶν,
3444 5653 3541 5705 καὶ
3577 5670 3682 5705 που

2100 5746 2326 5818 λυολὸεᾳ
2345 5743 2648 5817 χρημάτων
2683 5742 3022 5815 βρενθιῶσα,
3045 5747 3141 5797 καὶ
3173 5743 3390 5816 λαὺρως
3418 5744 3682 5813 ὑπερκει-

2106 5839 2244 5912 μένη
2298 5837 2409 5891 τῶν
2467 5835 2567 5906 τῆς
2619 5833 2891 5905 ἀνατολῆς
2948 5822 3134 5906 σχεδὸν
3194 5836 3388 5892 πασῶν
3443 5836 3679 5891 πόλεων.
