4042 6406
129 3798 153 3851 κ

302 361 416 424 929

1344 355 1804 418 DESCRIPTIO
1843 356 2124 417 ΤΕΒΗίἘ
2167 355 2497 419 SANCTfE.

3471 354 3577 419 930

305 473 470 530 Ἀλλὰ
508 473 704 545 χρόνος
734 471 829 526 καὶ
860 471 1139 544 βάρϐαρος
1177 470 1301 542 χεὶρ
1328 468 1544 541 ταύτης
1588 470 1682 524 τὸν
1726 469 1886 523 όλὸον

1994 470 2087 525 sed
2135 480 2367 540 tempus,
2406 485 2471 525 ac
2501 468 2583 525 vis
2628 467 2888 535 barbara,
2945 466 3265 522 beatitatem
3308 464 3453 521 illius
3477 481 3577 522 ex-

306 566 563 637 ῆφάνισε,
588 564 695 618 κᾶν
721 564 801 617 ἔτι
849 562 1275 634 περιαστράπτῃ
1306 561 1696 633 πυργώμασιν,
1726 561 1897 615 ἑπάλο

305 661 445 725 ξεών
475 674 534 711 τε
567 656 735 728 ίσχύῖ,
778 656 1007 727 εύανθίᾳ
1043 657 1522 728 περισχιζομένων
1554 656 1765 710 ύδάτων
1800 672 1894 710 κε-

304 749 616 818 λαρισμοῖς,
672 745 865 817 ἠρέμα
922 761 1045 810 πως
1075 742 1435 817 διαχεομένου
1479 748 1546 817 τῇ
1593 745 1751 799 πόλει
1775 743 1890 798 ,τοῦ

304 836 553 906 ποταμοῦ
600 836 696 888 καὶ
750 833 1239 907 περιξωννύοντος,
1274 836 1372 890 καὶ
1417 836 1614 906 ὑγραῖς
1649 836 1893 900 ἐπαφαῖς

304 926 786 998 περιπλεκομένου
839 944 950 981 των
1003 929 1394 999 πυργωμάτων
1428 925 1626 997 αὐτῆς.
1666 928 1790 983 Ἔτι
1835 926 1894 981 δὲ

301 1023 420 1085 τοῖς
446 1023 510 1074 ἐκ
532 1020 637 1090 τῆς
670 1020 986 1082 Κασταλίας
1017 1024 1202 1090 πηγῆς
1246 1020 1619 1090 διαφερόντως
1666 1021 1893 1092 ἀρδευο-

300 1115 445 1185 μένη
474 1117 702 1184 νάμασι,
730 1115 1032 1186 κρουνηδδν
1060 1116 1496 1186 περιρῥεομένου
1537 1116 1634 1170 καὶ
1681 1115 1893 1187 ταύτης

294 1206 402 1258 τοῦ
436 1205 658 1275 ῥείθρου
692 1204 785 1257 καὶ
812 1204 1039 1275 συχναῖς
1067 1202 1303 1275 ἀμαρῶν
1332 1206 1491 1274 χοαῖς
1516 1205 1578 1257 τὸ
1609 1204 1758 1259 ἅπαν
1784 1220 1893 1258 πε-

307 1301 588 1366 ριχέοντος
638 1297 800 1359 ἄστυ,
846 1297 944 1350 καὶ
992 1296 1153 1350 τοῦτο
1182 1299 1297 1360 τοῖς
1324 1296 1567 1368 χεύμασι
1608 1297 1894 1352 καταπλύ-

302 1405 509 1451 νοντος,
559 1387 814 1458 δαψιλείᾳ
862 1388 1050 1459 χειρὸς
1096 1390 1196 1442 καὶ
1218 1389 1612 1462 μεγαλοψύχου
1653 1390 1748 1445 τοῦ
1793 1394 1893 1462 τῆς

298 1481 517 1543 πόλεως
550 1480 825 1547 οἰκιστοῦ,
862 1483 929 1534 ὲκ
960 1480 1070 1537 τῶν
1114 1483 1288 1553 αὐτῆς
1322 1485 1516 1554 πηγῶν
1567 1501 1894 1557 μετοχετεύ-

303 1570 489 1633 θέντος
522 1570 618 1623 τοῦ
648 1571 916 1641 νάματος,
945 1573 1032 1629 διὰ
1076 1573 1187 1627 τῶν
1219 1575 1391 1647 ὀρέων
1450 1578 1613 1649 μέχρι
1649 1578 1749 1647 τῆς
1792 1578 1893 1632 πό-

302 1660 459 1725 λεως.
504 1663 791 1717 Ἐντεῦθεν
826 1664 886 1718 τὸ
931 1666 1262 1738 περιϐόητον
1309 1668 1409 1738 τῆς
1452 1669 1671 1739 Δάφνης
1715 1670 1891 1740 προά-

306 1766 483 1803 στειον
511 1754 782 1807 παντοίων
826 1756 1011 1824 φυτῶν
1040 1775 1106 1809 πε
1116 1757 1546 1828 ριστεφανοῦται
1577 1760 1883 1832 ἀναδρομῇ,

301 1843 399 1893 καὶ
430 1842 490 1893 τὸ
524 1843 840 1914 θαυμαστόν
877 1847 1026 1900 ἐστιν
1045 1845 1195 1915 ὅρος,
1230 1843 1292 1903 οὗ
1322 1848 1584 1922 πολιστὴς
1619 1853 1648 1905 ό
1673 1851 1887 1922 θαυμα-

302 1935 430 1998 στὸς
462 1935 719 2020 Συμεών.
765 1937 992 2002 Τούτοις
1024 1936 1217 2012 όμορεῖ
1244 1943 1307 1996 τὸ
1338 1944 1565 2017 Μαῦρον
1589 1944 1716 2016 ὅρος
1737 1946 1831 1999 καὶ
1860 1947 1889 2000 ό

301 2026 598 2095 Σκόπελος,
624 2030 684 2083 ὲν
708 2025 792 2095 οἷς
823 2032 994 2088 πάλαι
1019 2034 1120 2106 μὲν
1145 2036 1333 2090 πολλοὶ
1356 2037 1642 2107 Θεοφιλεῖς
1674 2039 1890 2112 ἄνθρω-

299 2135 392 2171 ποι
428 2120 522 2173 τὸν
550 2122 685 2175 Θεὸν
708 2124 1120 2195 ὲκζητήσαντες
1152 2120 1341 2198 εὗρον,
1374 2130 1470 2182 καὶ
1503 2127 1599 2183 νῦν
1639 2130 1749 2186 τῶν
1775 2148 1888 2185 σω-

298 2211 548 2282 ζομένων
580 2216 710 2281 sici,
740 2216 837 2270 καὶ
865 2216 966 2282 τάς
1010 2218 1218 2290 λόχμας
1271 2222 1381 2274 τῶν
1411 2216 1598 2277 αὐτῶν
1633 2224 1883 2277 οἰκοῦσιν

301 2300 495 2371 ὀρέων,
525 2304 740 2358 ἐκείνου
784 2309 884 2376 τῆς
938 2308 1206 2380 καλλονῆς
1234 2310 1536 2382 ἐφιέμενοι.
1582 2313 1649 2366 Ἦ
1678 2314 1736 2367 δὲ
1767 2314 1892 2368 Κα-

290 2395 495 2448 σταλία
529 2396 680 2468 πηγὴ
743 2401 914 2470 μέσον
947 2401 1042 2454 δύο
1101 2400 1313 2472 βουνῶν
1344 2403 1798 2476 ἅποθρὼσκουσα
1823 2406 1890 2461 ἐκ

299 2487 413 2541 τῶν
437 2490 729 2560 προπόδων
749 2492 847 2545 τοῦ
878 2494 1016 2565 πρὸς
1040 2495 1324 2551 θάλασσαν
1353 2497 1472 2562 ἑνὸς
1501 2499 1889 2566 ἀπονεύοντος,

295 2579 535 2645 ἐξαίσιόν
586 2599 640 2635 τι
691 2585 842 2655 νᾶμα
888 2587 1080 2657 χανδὸν
1123 2589 1553 2661 ἀπερῥεύγεται,
1603 2592 1662 2645 ἐν
1794 2592 1893 2647 καῖΙ

299 2675 433 2728 στοὰ
467 2676 834 2748 παμμεγέθης
861 2680 1081 2749 ὁρᾶται,
1113 2684 1523 2755 περιοροφοῦσα
1547 2685 1618 2739 τὰ
1647 2688 1747 2758 τῆς
1781 2705 1891 2758 πη-

296 2763 405 2833 γῆς
447 2767 698 2835 νάματα,
735 2769 829 2837 ἀφ’
881 2766 950 2843 ἧς
981 2771 1042 2824 τὸ
1088 2771 1237 2843 ὕδωρ
1273 2775 1564 2845 πλησμίως
1606 2778 1891 2834 ἀποπτυό-

302 2869 466 2923 μενον
494 2856 621 2909 δυσὶ
671 2860 1056 2929 περισχίζεται
1100 2860 1366 2932 χεύμασι.
1403 2863 1515 2919 Καὶ
1546 2865 1606 2919 τὸ
1635 2866 1739 2937 μὲν
1773 2867 1894 2922 δια-

301 2943 680 3012 μαρευόμενον
712 2948 772 2999 ὲν
822 2946 1160 3017 ὑψιὸάμοσιν
1192 2950 1431 3020 ὀχετοῖς,
1491 2952 1589 3006 καὶ
1642 2954 1894 3027 ὲναέριος

296 3036 597 3105 γενόμενον
630 3038 874 3109 ποταμὸς
921 3039 982 3104 ἐξ
1027 3041 1368 3111 ὑπερδεξίων
1416 3048 1482 3116 τῇ
1527 3047 1681 3100 πόλει
1728 3064 1893 3119 περι-

1992 561 2215 628 hausit;
2266 562 2399 617 licet
2445 562 2739 630 conspicua
2766 558 2946 616 adhuc
2971 560 3063 626 sit,
3118 569 3175 615 et
3199 559 3429 614 turrium
3452 559 3581 614 alti-

1996 652 2204 717 tudine,
2237 657 2293 705 et
2306 651 2835 722 propugnaculorum
2876 649 3177 713 validitate,
3212 657 3267 703 et
3298 659 3579 716 pratorum

1993 759 2059 803 ac
2087 744 2279 801 ﬂorum
2328 745 2613 814 omnigena
2660 742 3020 811 fecunditate,
3053 752 3107 796 et
3152 742 3205 797 in
3239 742 3421 812 plures
3453 758 3580 812 par-

1994 846 2075 893 tes
2113 852 2232 893 sese
2263 838 2617 893 dividentittm
2653 852 2920 908 aquarum
2954 836 3167 902 sibilis;
3200 851 3321 891 cum
3353 834 3565 903 placide

1990 927 2187 983 ﬂuvius
2218 927 2561 983 circumﬂuat
2610 928 2800 981 urbem
2834 934 2891 981 et
2926 926 3131 997 cingat,
3165 936 3220 979 et
3249 924 3396 977 molli
3425 932 3575 978 tactu

1988 1022 2113 1094 ejus
2171 1031 2354 1077 turres
2419 1021 2924 1090 circumplectatur.
2970 1019 3198 1088 Insuper
3261 1033 3292 1072 e
3351 1017 3576 1072 Castalii

1990 1114 2160 1171 fontis
2192 1113 2409 1170 ﬂuentis
2438 1128 2653 1183 egregie
2673 1111 2935 1181 irrigatur
2966 1109 3153 1179 ;cnjus
3186 1124 3335 1179 aquae
3367 1119 3581 1163 torren-

1998 1206 2130 1262 tium
2165 1206 2340 1261 instar
2388 1204 2682 1275 pelluntur,
2748 1211 2804 1258 et
2864 1201 3246 1271 frequentibus
3307 1200 3582 1254 sulcorum

1997 1301 2126 1356 rivis
2159 1298 2346 1354 urbem
2368 1298 2679 1353 universam
2712 1293 3066 1365 perfundunt,
3095 1306 3325 1363 eamque
3352 1291 3586 1346 ﬂuxihus

1996 1376 2321 1459 aspergunt;
2360 1402 2650 1458 operarum
2685 1386 2863 1457 copia,
2898 1393 2955 1441 et
3006 1383 3309 1440 conditoris
3339 1382 3588 1453 magniﬁ-

1994 1481 2195 1546 centia,
2226 1495 2293 1536 ex
2324 1480 2467 1535 illius
2526 1478 2770 1534 fontibus
2823 1492 2921 1549 per
2952 1486 3168 1532 montes
3197 1478 3264 1531 ad
3287 1476 3459 1545 ipsam
3502 1475 3588 1530 ci-

1994 1581 2219 1636 vitatem
2255 1579 2506 1635 laticibus
2539 1572 2855 1636 corrivatis.
2912 1577 3011 1634 Hic
3061 1577 3206 1634 fama
3270 1592 3366 1648 per
3393 1579 3581 1632 orbem

1996 1674 2270 1743 vulgatum
2298 1670 2545 1743 Daphnes
2574 1671 2916 1739 subut‘bium,
2936 1672 3178 1740 proceris
3226 1684 3388 1724 omne
3419 1684 3588 1737 genus

1996 1765 2285 1820 arboribus
2351 1773 2693 1826 exornatum,
2721 1775 2778 1819 et
2819 1777 2978 1819 mons
3026 1772 3111 1818 est
3145 1763 3383 1817 maxime
3431 1761 3589 1817 nobi—

1994 1860 2064 1916 lis
2090 1873 2249 1928 quem
2299 1857 2652 1913 admirandus
2681 1855 2902 1913 Simeou
2955 1857 3008 1910 in
3040 1855 3429 1911 habitationem
3488 1854 3587 1909 ad-

1992 1952 2222 2022 aptavit.
2268 1950 2436 2006 Hisce
2492 1949 2757 2004 ﬁnitimus
2788 1958 2873 2004 est
2898 1963 3054 2004 mons
3091 1947 3330 2011 Maurus,
3364 1955 3418 2001 et
3451 1946 3589 2001 Sco-

1995 2043 2179 2114 pulus,
2214 2043 2298 2105 :in
2337 2042 2535 2113 quibus
2557 2041 2857 2110 antiquitus
2891 2041 3045 2097 multi
3090 2040 3200 2096 Deo
3229 2039 3587 2095 addictissimi

1992 2136 2119 2202 viri,
2166 2135 2336 2190 Deum
2395 2133 2799 2204 conquirentes,
2842 2134 3192 2199 invenerunt,
3225 2142 3282 2189 et
3347 2131 3430 2188 ad‘
3469 2132 3588 2188 haec

1991 2242 2238 2309 tempora
2275 2237 2606 2306 perdurant,
2636 2242 2711 2300 et,
2767 2234 3108 2291 laudatorum
3164 2235 3427 2291 montium
3463 2235 3588 2305 pul-

1994 2327 2309 2383 chritudine
2338 2327 2581 2398 pellecti,
2619 2327 2784 2382 silvas
2813 2326 3143 2382 inhabitant.
3173 2326 3443 2382 Castalius
3464 2323 3589 2382 fons

1998 2420 2141 2476 inter
2192 2420 2329 2476 duos
2358 2420 2524 2476 colles
2577 2419 2861 2486 exsiliens,
2922 2434 2988 2475 ex
3025 2419 3142 2489 ejus
3171 2420 3262 2489 qui
3327 2422 3379 2474 in
3436 2435 3589 2475 mare

1996 2513 2299 2583 procurrit,
2370 2513 2488 2591 ima
2535 2524 2710 2583 parte,
2773 2512 2976 2568 eximia
3036 2511 3283 2580 quaedam
3319 2526 3584 2580 aquarum

1994 2604 2197 2677 irrigua
2226 2604 2469 2671 evomit;
2520 2604 2573 2658 in
2618 2620 2731 2673 quo
2777 2602 3112 2675 praegrandis
3156 2602 3390 2672 assurgit
3419 2600 3589 2671 porti-

1998 2712 2118 2765 cus,
2165 2712 2386 2753 cursnm
2415 2696 2587 2752 fontis
2618 2710 3010 2752 concamerans
3039 2713 3052 2750 :
3091 2694 3219 2749 hinc
3246 2710 3401 2764 aquae
3431 2693 3588 2747 alliu-

1995 2796 2153 2844 enter
2183 2786 2552 2857 prosilientes,
2586 2785 2639 2841 in
2665 2786 2799 2841 duos
2834 2786 2978 2840 rivos
3009 2782 3325 2839 dividuntur
3354 2796 3585 2836 :earum

1995 2894 2102 2934 una
2151 2893 2277 2949 pars
2312 2894 2411 2950 per
2438 2878 2733 2934 altissimos
2769 2879 2986 2945 ductus,
3027 2875 3194 2932 veluti
3237 2875 3438 2942 sulcos,
3465 2890 3592 2930 cor-

1996 2971 2193 3038 rivata,
2226 2986 2380 3040 aeque
2409 2986 2473 3027 ac
2498 2985 2690 3026 aereus
2723 2969 2923 3025 ﬂuvius
2974 2985 3038 3023 ex
3082 2977 3238 3038 parte
3270 2968 3458 3022 dextra
3496 2982 3590 3023 su-

1996 3057 2307 3133 periorique
2347 3062 2399 3117 in
2450 3061 2654 3119 Urbem
2691 3061 2889 3127 inﬂuit,
2948 3060 3144 3125 altera,
3189 3058 3431 3116 sinistris
3452 3058 3590 3114 fonti

298 3128 499 3198 φοιτᾷ’
557 3129 619 3181 τὸ
664 3129 722 3182 δὲ
755 3132 881 3194 ταῖς
912 3132 1002 3185 ἐπ’
1053 3135 1323 3205 ἀριστερᾷ
1366 3137 1434 3206 τῇ
1483 3140 1634 3208 πηγῇ
1666 3138 1887 3194 πεδιάσι

1994 3128 2126 3208 locis
2169 3128 2569 3225 campestribus
2619 3152 2930 3217 exundans,
2985 3151 3040 3205 in
3074 3150 3364 3221 paludibus
3398 3166 3589 3220 super-

290 3220 595 3287 πελαγίζον
625 3222 982 3293 ἐπιλιμνάζει
1012 3227 1128 3288 τοῖς
1162 3224 1316 3278 ἕλεσι
1355 3229 1448 3281 καὶ
1492 3227 1616 3281 ὅλον
1650 3230 1744 3283 τὸν
1786 3230 1888 3301 τῆς

296 3312 520 3381 Δάφνης
567 3314 797 3384 ὲπάρδει
823 3313 1086 3386 λειμῶνα,
1119 3319 1214 3371 καὶ
1241 3322 1364 3383 ταῖς
1393 3304 1494 3373 τῶ
1544 3322 1796 3391 Ὀρόντου
1829 3322 1889 3390 ἐξ

299 3403 606 3474 εὐωνύμων
666 3408 819 3476 ῥοαῖς
874 3408 1258 3479 ἑπιμίγνυται.
1334 3412 1408 3466 Τὸ
1465 3414 1522 3467 δὲ
1572 3413 1889 3487 θαυμαστὸν

295 3496 428 3567 ὅρος
457 3497 664 3566 μεταξὺ
690 3500 790 3568 τῆς
836 3501 1052 3566 πόλεως
1084 3503 1180 3556 καὶ
1211 3503 1314 3574 τῆς
1368 3502 1649 3578 θᾶλάσοης
1689 3508 1890 3578 λοφού-

301 3605 467 3659 μενον
492 3589 731 3656 ἐξαίσιόν
762 3608 815 3644 τι
852 3594 1041 3665 χρῆμα
1073 3595 1172 3649 καὶ
1203 3595 1502 3668 ὀφθαλμῶν
1532 3599 1744 3672 ἀγλαΐᾳ
1775 3603 1891 3666 τοῖς

291 3681 694 3751 ἐντυγχάνουσι
726 3682 1010 3753 βλέπεται,
1052 3685 1380 3757 μεθοριάζον
1411 3689 1519 3761 γὰρ
1553 3693 1652 3761 τήν
1684 3707 1744 3743 τε
1786 3692 1889 3746 πό-

295 3768 408 3835 λιν,
443 3772 538 3824 καὶ
565 3770 668 3842 τὴν
697 3774 860 3843 ῥωσῶ
903 3773 962 3840 ἐξ
994 3775 1277 3847 ἑκατέρων
1309 3777 1479 3831 αὐτοῦ
1529 3779 1640 3833 τῶν
1703 3783 1891 3853 μερῶν

296 3862 361 3915 τὸ
381 3861 507 3933 ὅρος
535 3863 654 3935 ἔχει
689 3866 783 3919 τὸν
832 3865 1129 3932 Σκόπελον,
1164 3870 1260 3923 καὶ
1291 3870 1383 3923 τὸν
1407 3870 1705 3942 λεγόμενον
1740 3875 1893 3928 Καύ-

297 3970 492 4011 κασον.
527 3956 588 4011 Ὀ
643 3957 701 4011 δὲ
734 3961 980 4030 ποταμὸς
1027 3960 1290 4032 Ὀρόντης
1335 3963 1602 4033 είλιγμῶν
1644 3965 1892 4036 ἀπείρων

298 4047 676 4118 περιδινήσεσι
716 4053 847 4121 περὶ
900 4052 1029 4116 τοὺς
1080 4052 1362 4124 πρόποδας
1417 4056 1528 4127 ῥέει
1564 4048 1660 4110 τοῦ
1705 4056 1889 4128 ὅρους,

298 4139 393 4191 καὶ
418 4141 485 4208 τῇ
515 4139 759 4213 θαλάσσῃ
784 4142 847 4195 τὸ
871 4141 1087 4214 ῥεῖθρον
1108 4143 1360 4202 ὲκπτύει.
1390 4145 1593 4200 Τούτου
1613 4146 1707 4200 τοῦ
1731 4147 1889 4218 ὅρους

297 4232 367 4301 τῇ
405 4235 624 4303 κορυφῇ
651 4234 681 4286 ό
731 4234 907 4303 μέγας
940 4237 1301 4308 ὲφησυχάσας
1338 4239 1480 4309 ἀνὴρ
1521 4219 1771 4305 ἐκεῖνος,⁸
1795 4242 1892 4296 καὶ

300 4317 605 4383 άναῦάσεις
631 4320 865 4392 θέμενος
897 4324 957 4377 ὲν
992 4324 1212 4397 καρδίᾳ,
1257 4325 1555 4396 μετάρσιος
1584 4329 1647 4381 ὲν
1675 4328 1891 4400 σώματι

296 4411 533 4479 γίνεται,
561 4414 658 4469 καὶ
695 4417 1001 4483 φιλονεικεῖ
1024 4418 1171 4487 μετὰ
1198 4413 1469 4487 ’σώματος
1505 4419 1768 4488 γενέσθαι
1802 4423 1891 4475 atl-

1994 3254 2231 3314 stagnat,
2260 3245 2624 3314 univerSaque
2686 3242 2942 3313 Daphnes
2995 3252 3155 3312 prata
3216 3240 3458 3306 irrorat;
3494 3241 3587 3296 deo

1993 3353 2138 3395 mum
2201 3336 2352 3393 larvis
2386 3335 2607 3393 Orontis
2634 3337 2852 3389 lluentis
2882 3334 3242 3388 immiscetur.
3277 3332 3428 3387 Mons
3456 3348 3591 3388 vero

1991 3430 2345 3486 admirandus
2378 3429 2521 3484 inter
2539 3428 2729 3483 urbem
2764 3435 2820 3480 et
2850 3440 3001 3480 mare
3036 3426 3234 3485 elatus,
3263 3439 3346 3478 res
3373 3425 3587 3495 egregia

1991 3537 2056 3577 ac
2118 3521 2451 3592 spectabilis,
2504 3529 2560 3575 et
2601 3517 3012 3574 advenientium
3076 3516 3250 3570 oculis
3307 3514 3584 3581 delicium,

1992 3613 2353 3684 conspicitur.
2399 3611 2649 3683 Namque
2697 3609 2818 3665 urbi
2879 3609 3144 3679 Rosoque
3180 3607 3587 3670 conterminus,

1996 3706 2246 3775 utrisque
2301 3704 2626 3777 epartibus,
2674 3712 2878 3768 monte,
2928 3700 3174 3772 scopulo,
3236 3700 3592 3769 Cancasoque

1994 3798 2407 3870 constringitur.
2472 3793 2707 3852 Orontes
2740 3792 2935 3850 ﬂuvius
2969 3792 3271 3848 innumeris
3336 3791 3590 3847 inﬂexio-

1994 3910 2121 3949 nqu
2146 3891 2448 3948 verticibus
2481 3889 2546 3945 ad
2577 3889 2743 3961 pedes
2771 3888 2969 3943 montis
3007 3885 3248 3958 proﬂuit,
3279 3895 3330 3941 et
3356 3885 3408 3940 in
3443 3899 3594 3941 mare

1995 3997 2164 4051 aquas
2203 3979 2467 4036 immittit.
2529 3976 2590 4032 ln
2630 3977 2832 4032 montis
2877 3976 3105 4047 hujusce
3138 3975 3340 4031 vertice
3367 3990 3594 4045 magan

1995 4074 2091 4143 ille
2131 4078 2235 4138 vir,
2272 4068 2568 4141 tranquille
2602 4068 2769 4124 vitam
2798 4083 2986 4139 agens,
3021 4077 3075 4122 et
3126 4067 3180 4123 in
3212 4068 3374 4122 corde
3399 4081 3592 4122 ascene

1994 4165 2176 4220 siones
2227 4162 2545 4233 disponens,
2604 4174 2833 4229 corpore
2893 4159 3141 4215 sublimis
3182 4157 3478 4224 extollitur,
3535 4166 3591 4215 et

1995 4269 2118 4310 cum
2153 4253 2270 4325 ipso
2298 4265 2527 4322 corpore
2554 4250 2831 4306 mthereus
2870 4250 3012 4316 ﬂeri,
3052 4249 3306 4318 interque
3339 4250 3503 4304 Deum
3531 4256 3589 4303 et

1992 4346 2245 4402 homines
2290 4346 2499 4400 medius
2552 4358 2692 4410 esse,
2740 4342 3041 4400 contendit.
3096 4343 3168 4397 At
3219 4357 3326 4411 qua
3377 4345 3591 4397 ratione

1993 4437 2108 4494 Deo
2139 4438 2320 4493 dedito
2354 4436 2474 4492 viro
2530 4436 2634 4492 ista
2681 4451 2771 4492 res
2799 4434 3163 4490 admiratione
3199 4432 3358 4505 digna
3385 4448 3590 4489 evene-

300 4502 509 4596 θέριος,
554 4506 650 4558 καὶ
694 4507 862 4576 μέσον
897 4499 1039 4562 εἶναι
1076 4508 1217 4562 Θεοῦ
1248 4512 1345 4564 καὶ
1397 4510 1732 4581 ἀνθρώπων.
1776 4514 1888 4569 Καὶ

1999 4524 2092 4590 rit,
2147 4524 2267 4596 ipse
2344 4524 2547 4581 dicam.
2607 4521 2992 4593 Lapicidarum
3058 4536 3224 4591 opera
3259 4499 3591 4576 summitate

298 4595 451 4655 ὅπως
502 4595 798 4667 εἴργασται
848 4601 1001 4655 τουτὶ
1045 4601 1107 4653 τὸ
1164 4600 1475 4672 παράδοξον
1525 4602 1605 4675 τῷ
1647 4605 1892 4675 θεοφιλεῖ

301 4689 499 4761 ἐκείνῳ
526 4690 703 4762 ἀνδρὶ,
728 4690 841 4760 ἐγὼ
871 4693 1125 4764 δηλώσω.
1153 4694 1329 4766 Χερσὶ
1356 4694 1635 4761 λαξευτῶν
1672 4698 1753 4756 είς
1789 4698 1891 4770 βά-

299 4778 392 4841 θος
439 4779 698 4846 κοιλάνας
753 4781 848 4852 τὴν
887 4783 985 4836 τοῦ
1037 4784 1363 4854 θαυμαστοῦ
1417 4787 1670 4859 κορυφὴν
1723 4788 1891 4858 ὄρους

303 4871 612 4941 μονόλιθον,
643 4875 677 4944 ἢ
709 4874 956 4945 μονοφυῆ
994 4875 1164 4946 μονὴν
1200 4878 1600 4947 ἀπειργάσατο,
1625 4873 1695 4952 ἦς
1724 4883 1889 4951 μέσον

296 4964 549 5036 αὐτοφυῆ
580 4965 852 5032 λαξεύσας
877 4967 1055 5034 κίονα,
1084 4969 1144 5020 ὲν
1165 4969 1318 5041 αύτῷ
1349 4970 1450 5034 τὰς
1481 4969 1671 5041 βάσεις
1709 4971 1885 5039 ἔθετο,

298 5059 394 5113 ἐπὶΙ
442 5059 655 5132 πέτρας
707 5061 850 5116 κατὰ
898 5061 962 5114 τὸ
1006 5061 1191 5131 λόγιον
1236 5065 1366 5128 τοὺς
1424 5063 1595 5129 πόδας
1637 5064 1884 5136 ἐρείσας,

300 5155 431 5222 περὶ
462 5153 519 5208 δὲ
570 5154 863 5225 ἀνίσχοντα
887 5154 1044 5225 ἥλιον
1072 5154 1203 5209 ναὸν
1244 5155 1438 5227 ἤγειρε
1476 5156 1784 5228 περικαλλῆ
1810 5156 1889 5226 τῷ

298 5246 443 5318 Θεῷ,
478 5247 536 5299 ὲν
563 5246 712 5318 αὐτῷ
746 5247 1038 5301 συνεκάλει
1077 5247 1204 5312 τοὺς
1237 5247 1404 5301 αὐτοῦ
1457 5247 1706 5320 μαθητάς
1744 5264 1757 5277 '
1792 5248 1888 5305 καὶ

296 5339 452 5403 ὄντος
498 5340 600 5410 μὲν
655 5343 715 5394 ἐν
769 5339 1050 5412 ὑπαίθρῳ,
1092 5335 1240 5396 οὗτοι
1289 5339 1348 5394 δὲ
1378 5339 1592 5395 ἔνδοθεν
1624 5341 1721 5395 τοῦ
1754 5344 1885 5399 ναοῦ

295 5430 604 5497 ὁλονύκτως
659 5433 966 5502 ἱστάμενοι,
1022 5435 1138 5497 τοῖς
1185 5433 1365 5502 ἁγίοις
1406 5436 1737 5504 πρέπουσαν
1790 5435 1888 5493 λα·-

296 5523 491 5594 τρείαν
519 5523 637 5593 Θεῷ
664 5525 1040 5596 προσέφερον.

364 5614 438 5684 γ’.
472 5617 629 5670 Μετὰ
683 5617 739 5669 δὲ
775 5614 952 5672 ταῦτα
991 5616 1087 5670 καὶ
1137 5614 1239 5687 τὴν
1294 5616 1627 5687 Ἀντιόχειάν
1667 5617 1817 5672 ἔστιν
1849 5620 1883 5690 ἡ

300 5709 615 5777 Λαοδίκεια,
652 5711 812 5774 πόλις
852 5712 1064 5784 μεγάλη
1117 5714 1211 5765 καὶ
1275 5712 1735 5783 πολυάνθρωπος,
1776 5715 1885 5770 κᾶν

310 5806 339 5858 ὁ
379 5803 571 5877 χρόνος
617 5805 713 5859 καὶ
748 5803 1062 5875 ταύτης.τὸ
1115 5805 1406 5878 μεγαλεῖον
1461 5804 1729 5879 ἐλῴὄησε,
1788 5809 1884 5864 καὶ

1998 4618 2198 4674 montis
2229 4616 2535 4672 admirandi
2584 4617 2695 4673 alte
2742 4626 3028 4680 excavata,
3083 4616 3487 4670 monasterium
3520 4627 3590 4676 ex

1993 4725 2101 4765 uno
2130 4710 2421 4766 conﬂatum
2459 4709 3013 4779 compaginatttmqtte
3056 4705 3237 4777 lapide
3273 4707 3588 4779 exstruxit:

1994 4803 2048 4859 in
2122 4802 2299 4858 media
2373 4801 2705 4865 monasterii
2754 4802 2896 4855 inter
2944 4800 3162 4856 excisos
3216 4798 3425 4868 lapides
3489 4812 3591 4860 sua

1992 4904 2183 4970 sponte
2205 4904 2332 4952 nata
2363 4896 2616 4951 columna
2649 4895 2851 4965 gradus
2873 4892 3144 4964 appinxit,
3168 4906 3330 4961 super
3355 4900 3585 4963 petram,

1992 4999 2052 5043 ut
2082 5003 2241 5047 sacro
2286 4987 2515 5058 Eloquio
2542 4987 2800 5050 traditur,
2832 4982 3063 5057 pedibus
3100 4980 3357 5048 ﬁrmatis,
3395 4998 3588 5045 versus

1990 5090 2330 5145 exorientem
2373 5088 2542 5146 solem
2572 5087 2828 5157 templum
2865 5083 3291 5156 pulcherrimum
3330 5082 3440 5138 Deo
3465 5099 3588 5141 ere-3

1992 5183 2095 5248 xit,
2150 5182 2203 5237 in
2243 5182 2386 5252 quod
2416 5180 2722 5252 discipulos
2749 5179 3131 5235 convocabat:
3165 5188 3333 5248 atque
3369 5178 3441 5233 ita
3473 5180 3576 5237 sub

1992 5271 2083 5328 dio
2118 5272 2234 5343 ipse
2262 5287 2630 5338 commorans,
2667 5270 2745 5325 illi
2780 5277 2893 5325 tota
2932 5277 3089 5325 nocte
3122 5269 3174 5323 in
3199 5269 3401 5337 templo
3433 5278 3585 5324 stan-

1995 5371 2100 5428 tes,
2154 5370 2214 5416 ut
2242 5359 2470 5418 decebat
2522 5369 2764 5427 sanctos,
2822 5358 3060 5417 debitum
3118 5358 3231 5419 Deo
3261 5358 3465 5415 cultum
3495 5359 3582 5417 of—

1988 5452 2259 5510 ferebant.
2286 5466 2289 5471 '

2060 5631 2114 5686 5.
2150 5632 2282 5687 Post
2319 5631 2434 5687 haec
2471 5640 2526 5687 et
2554 5632 2916 5698 Antiochiam,
2971 5629 3240 5688 Laodicea
3304 5632 3576 5702 sequitur,

1988 5720 2182 5776 civitas
2250 5719 2462 5793 ingens,
2512 5721 2667 5791 copia
2730 5723 3012 5778 hominum
3062 5723 3360 5794 frequens;
3441 5725 3571 5778 licet

1991 5820 2197 5884 tempus
2232 5810 2372 5872 illius
2406 5827 2618 5887 quoque
2672 5814 3014 5887 splendorem
3047 5816 3399 5877 imtninuerit.
3422 5815 3570 5881 illam

3630 5488 3639 5521 i
