  <div class='ocr_page' id='page_1' title='image "/cluster/home/n/w/nwhite01/storage/ocr_20150623/133/coo.31924054870385/473.png"; bbox 0 0 4042 6416; ppageno 0'>
   <div class='ocr_carea' id='block_1_1' title="bbox 455 325 564 391">
    <p class='ocr_par' dir='ltr' id='par_1_1' title="bbox 455 325 564 391">
     <span class='ocr_line' id='line_1_1' title="bbox 455 325 564 391; baseline -0.018 0"><span class='ocrx_word' id='word_1_1' title='bbox 455 325 564 391; x_wconf 81' lang='grc'><strong>931</strong></span> 
     </span>
    </p>
   </div>
   <div class='ocr_carea' id='block_1_2' title="bbox 1744 330 2378 392">
    <p class='ocr_par' dir='ltr' id='par_1_2' title="bbox 1744 330 2378 392">
     <span class='ocr_line' id='line_1_2' title="bbox 1744 330 2378 392; baseline 0.003 -2"><span class='ocrx_word' id='word_1_2' title='bbox 1744 330 2071 391; x_wconf 81' lang='lat' dir='ltr'><strong>JOANNIS</strong></span> <span class='ocrx_word' id='word_1_3' title='bbox 2110 330 2378 392; x_wconf 76' lang='lat' dir='ltr'><strong>PHOC/E</strong></span> 
     </span>
    </p>
   </div>
   <div class='ocr_carea' id='block_1_3' title="bbox 3603 337 3713 401">
    <p class='ocr_par' dir='ltr' id='par_1_3' title="bbox 3603 337 3713 401">
     <span class='ocr_line' id='line_1_3' title="bbox 3603 337 3713 401; baseline -0.036 0"><span class='ocrx_word' id='word_1_4' title='bbox 3603 337 3713 401; x_wconf 65' lang='lat'><strong>913%</strong></span> 
     </span>
    </p>
   </div>
   <div class='ocr_carea' id='block_1_4' title="bbox 455 435 2042 519">
    <p class='ocr_par' dir='ltr' id='par_1_4' title="bbox 455 435 2033 509">
     <span class='ocr_line' id='line_1_4' title="bbox 455 435 2033 509; baseline 0.001 -13"><span class='ocrx_word' id='word_1_5' title='bbox 455 437 733 509; x_wconf 81' lang='lat' dir='ltr'><strong>excipiunt</strong></span> <span class='ocrx_word' id='word_1_6' title='bbox 776 436 1000 506; x_wconf 82' lang='lat' dir='ltr'><strong>Gabala,</strong></span> <span class='ocrx_word' id='word_1_7' title='bbox 1025 439 1137 496; x_wconf 87' lang='lat' dir='ltr'><strong>sive</strong></span> <span class='ocrx_word' id='word_1_8' title='bbox 1168 435 1350 497; x_wconf 83' lang='lat' dir='ltr'><strong>Zebel.</strong></span> <span class='ocrx_word' id='word_1_9' title='bbox 1373 441 1504 498; x_wconf 80' lang='lat' dir='ltr'><strong>Post</strong></span> <span class='ocrx_word' id='word_1_10' title='bbox 1538 441 1768 508; x_wconf 80' lang='lat' dir='ltr'><strong>Gabata,</strong></span> <span class='ocrx_word' id='word_1_11' title='bbox 1791 451 2033 500; x_wconf 86' lang='lat' dir='ltr'><strong>castrum</strong></span> 
     </span>
    </p>
   </div>
   <div class='ocr_carea' id='block_1_5' title="bbox 2145 435 3724 519">
    <p class='ocr_par' dir='ltr' id='par_1_5' title="bbox 2145 444 3724 519">
     <span class='ocr_line' id='line_1_5' title="bbox 2145 444 3724 519; baseline 0.003 -21"><span class='ocrx_word' id='word_1_12' title='bbox 2145 445 2264 515; x_wconf 82' lang='grc' dir='ltr'>μετ’</span> <span class='ocrx_word' id='word_1_13' title='bbox 2293 446 2512 516; x_wconf 80' lang='grc' dir='ltr'>ἐκείνην</span> <span class='ocrx_word' id='word_1_14' title='bbox 2559 444 2630 500; x_wconf 81' lang='grc' dir='ltr'>τὰ</span> <span class='ocrx_word' id='word_1_15' title='bbox 2676 445 2894 501; x_wconf 83' lang='grc' dir='ltr'>Γάϐαλα</span> <span class='ocrx_word' id='word_1_16' title='bbox 2931 447 3056 518; x_wconf 77' lang='grc' dir='ltr'>ἦτοι</span> <span class='ocrx_word' id='word_1_17' title='bbox 3111 446 3173 502; x_wconf 77' lang='grc' dir='ltr'><strong>τὸ</strong></span> <span class='ocrx_word' id='word_1_18' title='bbox 3230 449 3397 504; x_wconf 80' lang='grc' dir='ltr'>Ζέϐελ</span> <span class='ocrx_word' id='word_1_19' title='bbox 3422 491 3438 514; x_wconf 92' lang='grc'><strong>,</strong></span> <span class='ocrx_word' id='word_1_20' title='bbox 3479 449 3618 519; x_wconf 81' lang='grc' dir='ltr'>μετὰ.</span> <span class='ocrx_word' id='word_1_21' title='bbox 3664 449 3724 504; x_wconf 67' lang='grc' dir='ltr'><strong>δέ</strong></span> 
     </span>
    </p>
   </div>
   <div class='ocr_carea' id='block_1_6' title="bbox 457 527 2048 602">
    <p class='ocr_par' dir='ltr' id='par_1_6' title="bbox 457 527 2048 602">
     <span class='ocr_line' id='line_1_6' title="bbox 457 527 2048 602; baseline 0.004 -17"><span class='ocrx_word' id='word_1_22' title='bbox 457 533 726 602; x_wconf 87' lang='lat' dir='ltr'><strong>sequitr,</strong></span> <span class='ocrx_word' id='word_1_23' title='bbox 784 532 1066 587; x_wconf 64' lang='grc' dir='ltr'>Λαίδι-τόδ</span> <span class='ocrx_word' id='word_1_24' title='bbox 1106 527 1336 600; x_wconf 81' lang='lat' dir='ltr'><strong>dictum,</strong></span> <span class='ocrx_word' id='word_1_25' title='bbox 1390 537 1504 592; x_wconf 83' lang='lat' dir='ltr'><strong>sive</strong></span> <span class='ocrx_word' id='word_1_26' title='bbox 1549 537 1797 591; x_wconf 85' lang='lat' dir='ltr'><strong>Tortosa.</strong></span> <span class='ocrx_word' id='word_1_27' title='bbox 1857 536 1923 589; x_wconf 88' lang='lat' dir='ltr'><strong>Et</strong></span> <span class='ocrx_word' id='word_1_28' title='bbox 1969 536 2048 592; x_wconf 87' lang='lat' dir='ltr'><strong>sic</strong></span> 
     </span>
    </p>
   </div>
   <div class='ocr_carea' id='block_1_7' title="bbox 459 622 2050 697">
    <p class='ocr_par' dir='ltr' id='par_1_7' title="bbox 459 622 2050 697">
     <span class='ocr_line' id='line_1_7' title="bbox 459 622 2050 697; baseline 0.003 -20"><span class='ocrx_word' id='word_1_29' title='bbox 459 625 647 684; x_wconf 80' lang='lat' dir='ltr'><strong>littori,</strong></span> <span class='ocrx_word' id='word_1_30' title='bbox 697 622 940 691; x_wconf 87' lang='lat' dir='ltr'><strong>Tripolin</strong></span> <span class='ocrx_word' id='word_1_31' title='bbox 997 639 1189 694; x_wconf 86' lang='lat' dir='ltr'><strong>usque,</strong></span> <span class='ocrx_word' id='word_1_32' title='bbox 1237 626 1388 681; x_wconf 85' lang='lat' dir='ltr'><strong>varia</strong></span> <span class='ocrx_word' id='word_1_33' title='bbox 1424 636 1605 682; x_wconf 85' lang='lat' dir='ltr'><strong>castra</strong></span> <span class='ocrx_word' id='word_1_34' title='bbox 1653 627 1928 697; x_wconf 72' lang='lat' dir='ltr'><strong>adjacent.</strong></span> <span class='ocrx_word' id='word_1_35' title='bbox 1990 626 2050 682; x_wconf 81' lang='lat' dir='ltr'><strong>In</strong></span> 
     </span>
    </p>
   </div>
   <div class='ocr_carea' id='block_1_8' title="bbox 462 720 2049 794">
    <p class='ocr_par' dir='ltr' id='par_1_8' title="bbox 462 720 2049 794">
     <span class='ocr_line' id='line_1_8' title="bbox 462 720 2049 794; baseline 0.004 -22"><span class='ocrx_word' id='word_1_36' title='bbox 462 720 878 774; x_wconf 77' lang='lat' dir='ltr'><strong>mediterraneis</strong></span> <span class='ocrx_word' id='word_1_37' title='bbox 935 720 1124 788; x_wconf 80' lang='lat' dir='ltr'><strong>jugum</strong></span> <span class='ocrx_word' id='word_1_38' title='bbox 1193 737 1442 789; x_wconf 78' lang='lat' dir='ltr'><strong>maguum</strong></span> <span class='ocrx_word' id='word_1_39' title='bbox 1527 723 1843 794; x_wconf 75' lang='lat' dir='ltr'><strong>porrigitur,</strong></span> <span class='ocrx_word' id='word_1_40' title='bbox 1903 723 2049 793; x_wconf 85' lang='lat' dir='ltr'><strong>quod</strong></span> 
     </span>
    </p>
   </div>
   <div class='ocr_carea' id='block_1_9' title="bbox 458 811 2046 881">
    <p class='ocr_par' dir='ltr' id='par_1_9' title="bbox 458 811 2046 881">
     <span class='ocr_line' id='line_1_9' title="bbox 458 811 2046 881; baseline -0.001 -14"><span class='ocrx_word' id='word_1_41' title='bbox 458 813 706 880; x_wconf 75' lang='lat' dir='ltr'><strong>Chasysii</strong></span> <span class='ocrx_word' id='word_1_42' title='bbox 738 813 1014 876; x_wconf 73' lang='lat' dir='ltr'><strong>accolunt,</strong></span> <span class='ocrx_word' id='word_1_43' title='bbox 1074 826 1206 877; x_wconf 70' lang='lat' dir='ltr'><strong>gens</strong></span> <span class='ocrx_word' id='word_1_44' title='bbox 1243 811 1537 878; x_wconf 81' lang='lat' dir='ltr'><strong>Saracena,</strong></span> <span class='ocrx_word' id='word_1_45' title='bbox 1569 827 1742 881; x_wconf 91' lang='lat' dir='ltr'><strong>neque</strong></span> <span class='ocrx_word' id='word_1_46' title='bbox 1764 812 2046 868; x_wconf 82' lang='lat' dir='ltr'><strong>Christum</strong></span> 
     </span>
    </p>
   </div>
   <div class='ocr_carea' id='block_1_10' title="bbox 460 902 2038 972">
    <p class='ocr_par' dir='ltr' id='par_1_10' title="bbox 460 902 2038 972">
     <span class='ocr_line' id='line_1_10' title="bbox 460 902 2038 972; baseline 0.001 -16"><span class='ocrx_word' id='word_1_47' title='bbox 460 903 815 970; x_wconf 86' lang='lat' dir='ltr'><strong>amplectens,</strong></span> <span class='ocrx_word' id='word_1_48' title='bbox 868 916 1043 972; x_wconf 86' lang='lat' dir='ltr'><strong>neque</strong></span> <span class='ocrx_word' id='word_1_49' title='bbox 1086 918 1208 957; x_wconf 88' lang='lat' dir='ltr'><strong>cum</strong></span> <span class='ocrx_word' id='word_1_50' title='bbox 1253 902 1592 958; x_wconf 83' lang='lat' dir='ltr'><strong>Macbumeto</strong></span> <span class='ocrx_word' id='word_1_51' title='bbox 1643 905 1905 968; x_wconf 78' lang='lat' dir='ltr'><strong>sentiens,</strong></span> <span class='ocrx_word' id='word_1_52' title='bbox 1943 908 2038 959; x_wconf 88' lang='lat' dir='ltr'><strong>sed</strong></span> 
     </span>
    </p>
   </div>
   <div class='ocr_carea' id='block_1_11' title="bbox 461 994 2050 1063">
    <p class='ocr_par' dir='ltr' id='par_1_11' title="bbox 461 994 2050 1063">
     <span class='ocr_line' id='line_1_11' title="bbox 461 994 2050 1063; baseline 0.002 -17"><span class='ocrx_word' id='word_1_53' title='bbox 461 996 695 1063; x_wconf 63' lang='lat' dir='ltr'><strong>propriae</strong></span> <span class='ocrx_word' id='word_1_54' title='bbox 744 1005 906 1050; x_wconf 71' lang='lat' dir='ltr'><strong>sectae</strong></span> <span class='ocrx_word' id='word_1_55' title='bbox 962 1009 1124 1048; x_wconf 81' lang='lat' dir='ltr'><strong>tenax</strong></span> <span class='ocrx_word' id='word_1_56' title='bbox 1152 1036 1167 1061; x_wconf 92' lang='lat'><strong>,</strong></span> <span class='ocrx_word' id='word_1_57' title='bbox 1197 994 1361 1049; x_wconf 93' lang='lat' dir='ltr'><strong>Deum</strong></span> <span class='ocrx_word' id='word_1_58' title='bbox 1391 996 1719 1062; x_wconf 82' lang='lat' dir='ltr'><strong>confitetur;</strong></span> <span class='ocrx_word' id='word_1_59' title='bbox 1765 1003 1839 1059; x_wconf 90' lang='lat' dir='ltr'><strong>et,</strong></span> <span class='ocrx_word' id='word_1_60' title='bbox 1908 995 2050 1049; x_wconf 89' lang='lat' dir='ltr'><strong>inter</strong></span> 
     </span>
    </p>
   </div>
   <div class='ocr_carea' id='block_1_12' title="bbox 464 1085 2042 1154">
    <p class='ocr_par' dir='ltr' id='par_1_12' title="bbox 464 1085 2042 1154">
     <span class='ocr_line' id='line_1_12' title="bbox 464 1085 2042 1154; baseline -0.001 -16"><span class='ocrx_word' id='word_1_61' title='bbox 464 1100 558 1138; x_wconf 85' lang='lat' dir='ltr'><strong>eos</strong></span> <span class='ocrx_word' id='word_1_62' title='bbox 581 1087 784 1152; x_wconf 85' lang='lat' dir='ltr'><strong>primas</strong></span> <span class='ocrx_word' id='word_1_63' title='bbox 833 1096 1212 1153; x_wconf 86' lang='lat' dir='ltr'><strong>occupantem,</strong></span> <span class='ocrx_word' id='word_1_64' title='bbox 1247 1085 1480 1154; x_wconf 76' lang='lat' dir='ltr'><strong>legatum</strong></span> <span class='ocrx_word' id='word_1_65' title='bbox 1539 1085 1633 1139; x_wconf 87' lang='lat' dir='ltr'><strong>Dei</strong></span> <span class='ocrx_word' id='word_1_66' title='bbox 1688 1094 2042 1154; x_wconf 90' lang='lat' dir='ltr'><strong>nuncupant;</strong></span> 
     </span>
    </p>
   </div>
   <div class='ocr_carea' id='block_1_13' title="bbox 389 1176 2048 1246">
    <p class='ocr_par' dir='ltr' id='par_1_13' title="bbox 389 1176 2048 1246">
     <span class='ocr_line' id='line_1_13' title="bbox 389 1176 2048 1246; baseline 0.002 -20"><span class='ocrx_word' id='word_1_67' title='bbox 389 1207 400 1226; x_wconf 61' lang='grc' dir='ltr'><strong>κ</strong></span> <span class='ocrx_word' id='word_1_68' title='bbox 461 1177 620 1241; x_wconf 81' lang='lat' dir='ltr'><strong>cujus</strong></span> <span class='ocrx_word' id='word_1_69' title='bbox 676 1177 900 1244; x_wconf 89' lang='lat' dir='ltr'><strong>imperio</strong></span> <span class='ocrx_word' id='word_1_70' title='bbox 929 1177 996 1230; x_wconf 86' lang='lat' dir='ltr'><strong>ad</strong></span> <span class='ocrx_word' id='word_1_71' title='bbox 1047 1192 1361 1246; x_wconf 83' lang='lat' dir='ltr'><strong>magnarum</strong></span> <span class='ocrx_word' id='word_1_72' title='bbox 1395 1176 1606 1231; x_wconf 87' lang='lat' dir='ltr'><strong>urbium</strong></span> <span class='ocrx_word' id='word_1_73' title='bbox 1661 1177 1934 1245; x_wconf 84' lang='lat' dir='ltr'><strong>principes</strong></span> <span class='ocrx_word' id='word_1_74' title='bbox 1965 1177 2048 1230; x_wconf 90' lang='lat' dir='ltr'><strong>di-</strong></span> 
     </span>
    </p>
   </div>
   <div class='ocr_carea' id='block_1_14' title="bbox 461 1267 2046 1338">
    <p class='ocr_par' dir='ltr' id='par_1_14' title="bbox 461 1267 2046 1338">
     <span class='ocr_line' id='line_1_14' title="bbox 461 1267 2046 1338; baseline 0.003 -19"><span class='ocrx_word' id='word_1_75' title='bbox 461 1267 637 1332; x_wconf 85' lang='lat' dir='ltr'><strong>missi,</strong></span> <span class='ocrx_word' id='word_1_76' title='bbox 691 1284 783 1321; x_wconf 87' lang='lat' dir='ltr'><strong>eos</strong></span> <span class='ocrx_word' id='word_1_77' title='bbox 847 1268 1070 1323; x_wconf 88' lang='lat' dir='ltr'><strong>ensibus</strong></span> <span class='ocrx_word' id='word_1_78' title='bbox 1113 1269 1476 1334; x_wconf 84' lang='lat' dir='ltr'><strong>obtruncant;</strong></span> <span class='ocrx_word' id='word_1_79' title='bbox 1540 1283 1661 1321; x_wconf 88' lang='lat' dir='ltr'><strong>nam</strong></span> <span class='ocrx_word' id='word_1_80' title='bbox 1694 1278 1894 1338; x_wconf 64' lang='lat' dir='ltr'><strong>prater</strong></span> <span class='ocrx_word' id='word_1_81' title='bbox 1947 1282 2046 1323; x_wconf 82' lang='lat' dir='ltr'><strong>ex-</strong></span> 
     </span>
    </p>
   </div>
   <div class='ocr_carea' id='block_1_15' title="bbox 460 1358 2046 1436">
    <p class='ocr_par' dir='ltr' id='par_1_15' title="bbox 460 1358 2046 1436">
     <span class='ocr_line' id='line_1_15' title="bbox 460 1358 2046 1436; baseline 0.005 -29"><span class='ocrx_word' id='word_1_82' title='bbox 460 1362 851 1426; x_wconf 88' lang='lat' dir='ltr'><strong>spectationem</strong></span> <span class='ocrx_word' id='word_1_83' title='bbox 892 1359 944 1413; x_wconf 93' lang='lat' dir='ltr'><strong>in</strong></span> <span class='ocrx_word' id='word_1_84' title='bbox 994 1374 1088 1414; x_wconf 91' lang='lat' dir='ltr'><strong>eos</strong></span> <span class='ocrx_word' id='word_1_85' title='bbox 1117 1359 1365 1425; x_wconf 89' lang='lat' dir='ltr'><strong>irruunt;</strong></span> <span class='ocrx_word' id='word_1_86' title='bbox 1413 1371 1489 1422; x_wconf 88' lang='lat' dir='ltr'><strong>et,</strong></span> <span class='ocrx_word' id='word_1_87' title='bbox 1543 1358 1781 1414; x_wconf 89' lang='lat' dir='ltr'><strong>facinore</strong></span> <span class='ocrx_word' id='word_1_88' title='bbox 1818 1360 1874 1413; x_wconf 91' lang='lat' dir='ltr'><strong>in</strong></span> <span class='ocrx_word' id='word_1_89' title='bbox 1907 1359 2046 1436; x_wconf 88' lang='lat' dir='ltr'><strong>ipso,</strong></span> 
     </span>
    </p>
   </div>
   <div class='ocr_carea' id='block_1_16' title="bbox 466 1449 2047 1519">
    <p class='ocr_par' dir='ltr' id='par_1_16' title="bbox 466 1449 2047 1519">
     <span class='ocr_line' id='line_1_16' title="bbox 466 1449 2047 1519; baseline 0.001 -17"><span class='ocrx_word' id='word_1_90' title='bbox 466 1461 693 1504; x_wconf 78' lang='lat' dir='ltr'><strong>mortem</strong></span> <span class='ocrx_word' id='word_1_91' title='bbox 735 1459 1016 1519; x_wconf 88' lang='lat' dir='ltr'><strong>oppetunt,</strong></span> <span class='ocrx_word' id='word_1_92' title='bbox 1072 1467 1100 1503; x_wconf 92' lang='lat' dir='ltr'><strong>a</strong></span> <span class='ocrx_word' id='word_1_93' title='bbox 1138 1451 1320 1504; x_wconf 86' lang='lat' dir='ltr'><strong>multis</strong></span> <span class='ocrx_word' id='word_1_94' title='bbox 1339 1450 1494 1519; x_wconf 89' lang='lat' dir='ltr'><strong>pauci</strong></span> <span class='ocrx_word' id='word_1_95' title='bbox 1521 1449 1594 1503; x_wconf 91' lang='lat' dir='ltr'><strong>illi</strong></span> <span class='ocrx_word' id='word_1_96' title='bbox 1630 1459 1749 1518; x_wconf 86' lang='lat' dir='ltr'><strong>post</strong></span> <span class='ocrx_word' id='word_1_97' title='bbox 1779 1459 2047 1518; x_wconf 84' lang='lat' dir='ltr'><strong>patratum</strong></span> 
     </span>
    </p>
   </div>
   <div class='ocr_carea' id='block_1_17' title="bbox 465 1539 2047 1610">
    <p class='ocr_par' dir='ltr' id='par_1_17' title="bbox 465 1539 2047 1610">
     <span class='ocr_line' id='line_1_17' title="bbox 465 1539 2047 1610; baseline 0.003 -18"><span class='ocrx_word' id='word_1_98' title='bbox 465 1539 645 1593; x_wconf 89' lang='lat' dir='ltr'><strong>scelus</strong></span> <span class='ocrx_word' id='word_1_99' title='bbox 673 1539 1034 1595; x_wconf 75' lang='lat' dir='ltr'><strong>circumventi</strong></span> <span class='ocrx_word' id='word_1_100' title='bbox 1061 1558 1077 1605; x_wconf 86' lang='lat'><strong>;</strong></span> <span class='ocrx_word' id='word_1_101' title='bbox 1141 1541 1300 1608; x_wconf 83' lang='lat' dir='ltr'><strong>idque</strong></span> <span class='ocrx_word' id='word_1_102' title='bbox 1332 1540 1650 1610; x_wconf 80' lang='lat' dir='ltr'><strong>martyrium</strong></span> <span class='ocrx_word' id='word_1_103' title='bbox 1679 1555 1820 1604; x_wconf 81' lang='lat' dir='ltr'><strong>esse,</strong></span> <span class='ocrx_word' id='word_1_104' title='bbox 1852 1550 1908 1596; x_wconf 92' lang='lat' dir='ltr'><strong>et</strong></span> <span class='ocrx_word' id='word_1_105' title='bbox 1938 1541 2047 1596; x_wconf 86' lang='lat' dir='ltr'><strong>im-</strong></span> 
     </span>
    </p>
   </div>
   <div class='ocr_carea' id='block_1_18' title="bbox 462 1631 1643 1701">
    <p class='ocr_par' dir='ltr' id='par_1_18' title="bbox 462 1631 1643 1701">
     <span class='ocr_line' id='line_1_18' title="bbox 462 1631 1643 1701; baseline 0.002 -19"><span class='ocrx_word' id='word_1_106' title='bbox 462 1632 809 1686; x_wconf 84' lang='lat' dir='ltr'><strong>mortalitatis</strong></span> <span class='ocrx_word' id='word_1_107' title='bbox 863 1633 1287 1701; x_wconf 87' lang='lat' dir='ltr'><strong>perceptionem,</strong></span> <span class='ocrx_word' id='word_1_108' title='bbox 1311 1631 1643 1687; x_wconf 70' lang='lat' dir='ltr'><strong>existimant.</strong></span> 
     </span>
    </p>
   </div>
   <div class='ocr_carea' id='block_1_19' title="bbox 530 1817 2037 1890">
    <p class='ocr_par' dir='ltr' id='par_1_19' title="bbox 530 1817 2037 1890">
     <span class='ocr_line' id='line_1_19' title="bbox 530 1817 2037 1890; baseline 0.007 -20"><span class='ocrx_word' id='word_1_109' title='bbox 530 1817 585 1872; x_wconf 78' lang='grc'><strong>4.</strong></span> <span class='ocrx_word' id='word_1_110' title='bbox 613 1817 752 1887; x_wconf 79' lang='lat' dir='ltr'><strong>Jugo</strong></span> <span class='ocrx_word' id='word_1_111' title='bbox 785 1819 1012 1874; x_wconf 83' lang='lat' dir='ltr'><strong>inhaeret</strong></span> <span class='ocrx_word' id='word_1_112' title='bbox 1057 1822 1453 1890; x_wconf 86' lang='lat' dir='ltr'><strong>pulcherrimus</strong></span> <span class='ocrx_word' id='word_1_113' title='bbox 1479 1834 1532 1880; x_wconf 89' lang='lat' dir='ltr'><strong>et</strong></span> <span class='ocrx_word' id='word_1_114' title='bbox 1565 1839 1848 1880; x_wconf 90' lang='lat' dir='ltr'><strong>sacrarum</strong></span> <span class='ocrx_word' id='word_1_115' title='bbox 1887 1824 2037 1880; x_wconf 78' lang='lat' dir='ltr'><strong>Scri-</strong></span> 
     </span>
    </p>
   </div>
   <div class='ocr_carea' id='block_1_20' title="bbox 459 1910 2044 1982">
    <p class='ocr_par' dir='ltr' id='par_1_20' title="bbox 459 1910 2044 1982">
     <span class='ocr_line' id='line_1_20' title="bbox 459 1910 2044 1982; baseline 0.009 -23"><span class='ocrx_word' id='word_1_116' title='bbox 459 1917 742 1974; x_wconf 88' lang='lat' dir='ltr'><strong>pturarum</strong></span> <span class='ocrx_word' id='word_1_117' title='bbox 808 1910 961 1966; x_wconf 89' lang='lat' dir='ltr'><strong>laude</strong></span> <span class='ocrx_word' id='word_1_118' title='bbox 1016 1910 1180 1982; x_wconf 84' lang='lat' dir='ltr'><strong>digne</strong></span> <span class='ocrx_word' id='word_1_119' title='bbox 1234 1917 1517 1971; x_wconf 90' lang='lat' dir='ltr'><strong>decoratus</strong></span> <span class='ocrx_word' id='word_1_120' title='bbox 1576 1918 1835 1982; x_wconf 90' lang='lat' dir='ltr'><strong>Libanus,</strong></span> <span class='ocrx_word' id='word_1_121' title='bbox 1889 1933 2044 1973; x_wconf 89' lang='lat' dir='ltr'><strong>mons</strong></span> 
     </span>
    </p>
   </div>
   <div class='ocr_carea' id='block_1_21' title="bbox 461 2001 2044 2078">
    <p class='ocr_par' dir='ltr' id='par_1_21' title="bbox 461 2001 2044 2078">
     <span class='ocr_line' id='line_1_21' title="bbox 461 2001 2044 2078; baseline 0.009 -27"><span class='ocrx_word' id='word_1_122' title='bbox 461 2001 813 2069; x_wconf 63' lang='lat' dir='ltr'><strong>praegrandis,</strong></span> <span class='ocrx_word' id='word_1_123' title='bbox 843 2017 872 2056; x_wconf 87' lang='lat' dir='ltr'><strong>a</strong></span> <span class='ocrx_word' id='word_1_124' title='bbox 913 2005 1120 2059; x_wconf 83' lang='lat' dir='ltr'><strong>vertice</strong></span> <span class='ocrx_word' id='word_1_125' title='bbox 1168 2005 1235 2061; x_wconf 89' lang='lat' dir='ltr'><strong>ad</strong></span> <span class='ocrx_word' id='word_1_126' title='bbox 1271 2008 1408 2062; x_wconf 89' lang='lat' dir='ltr'><strong>imos</strong></span> <span class='ocrx_word' id='word_1_127' title='bbox 1438 2010 1605 2078; x_wconf 88' lang='lat' dir='ltr'><strong>pedes</strong></span> <span class='ocrx_word' id='word_1_128' title='bbox 1665 2010 1804 2064; x_wconf 85' lang='lat' dir='ltr'><strong>nivis</strong></span> <span class='ocrx_word' id='word_1_129' title='bbox 1839 2020 2044 2067; x_wconf 90' lang='lat' dir='ltr'><strong>tractus</strong></span> 
     </span>
    </p>
   </div>
   <div class='ocr_carea' id='block_1_22' title="bbox 459 2089 2044 2172">
    <p class='ocr_par' dir='ltr' id='par_1_22' title="bbox 459 2089 2044 2172">
     <span class='ocr_line' id='line_1_22' title="bbox 459 2089 2044 2172; baseline 0.011 -31"><span class='ocrx_word' id='word_1_130' title='bbox 459 2089 627 2143; x_wconf 90' lang='lat' dir='ltr'><strong>veluti</strong></span> <span class='ocrx_word' id='word_1_131' title='bbox 665 2091 946 2146; x_wconf 90' lang='lat' dir='ltr'><strong>cincinnos</strong></span> <span class='ocrx_word' id='word_1_132' title='bbox 973 2092 1221 2160; x_wconf 84' lang='lat' dir='ltr'><strong>induens,</strong></span> <span class='ocrx_word' id='word_1_133' title='bbox 1268 2097 1414 2164; x_wconf 91' lang='lat' dir='ltr'><strong>pino,</strong></span> <span class='ocrx_word' id='word_1_134' title='bbox 1446 2099 1628 2165; x_wconf 87' lang='lat' dir='ltr'><strong>cedro,</strong></span> <span class='ocrx_word' id='word_1_135' title='bbox 1680 2115 2044 2172; x_wconf 90' lang='lat' dir='ltr'><strong>cupressoque</strong></span> 
     </span>
    </p>
   </div>
   <div class='ocr_carea' id='block_1_23' title="bbox 465 2183 2045 2262">
    <p class='ocr_par' dir='ltr' id='par_1_23' title="bbox 465 2183 2045 2262">
     <span class='ocr_line' id='line_1_23' title="bbox 465 2183 2045 2262; baseline 0.009 -28"><span class='ocrx_word' id='word_1_136' title='bbox 465 2183 736 2247; x_wconf 84' lang='lat' dir='ltr'><strong>consitus,</strong></span> <span class='ocrx_word' id='word_1_137' title='bbox 787 2193 840 2236; x_wconf 90' lang='lat' dir='ltr'><strong>et</strong></span> <span class='ocrx_word' id='word_1_138' title='bbox 899 2184 1022 2239; x_wconf 90' lang='lat' dir='ltr'><strong>aliis</strong></span> <span class='ocrx_word' id='word_1_139' title='bbox 1065 2186 1342 2258; x_wconf 75' lang='lat' dir='ltr'><strong>frugiferis</strong></span> <span class='ocrx_word' id='word_1_140' title='bbox 1403 2190 1578 2260; x_wconf 89' lang='lat' dir='ltr'><strong>iisque</strong></span> <span class='ocrx_word' id='word_1_141' title='bbox 1631 2193 1798 2247; x_wconf 88' lang='lat' dir='ltr'><strong>variis</strong></span> <span class='ocrx_word' id='word_1_142' title='bbox 1854 2203 2045 2262; x_wconf 89' lang='lat' dir='ltr'><strong>satque</strong></span> 
     </span>
    </p>
   </div>
   <div class='ocr_carea' id='block_1_24' title="bbox 463 2273 2045 2346">
    <p class='ocr_par' dir='ltr' id='par_1_24' title="bbox 463 2273 2045 2346">
     <span class='ocr_line' id='line_1_24' title="bbox 463 2273 2045 2346; baseline 0.009 -23"><span class='ocrx_word' id='word_1_143' title='bbox 463 2273 872 2330; x_wconf 81' lang='lat' dir='ltr'><strong>abundantibus</strong></span> <span class='ocrx_word' id='word_1_144' title='bbox 943 2277 1140 2344; x_wconf 86' lang='lat' dir='ltr'><strong>plantis</strong></span> <span class='ocrx_word' id='word_1_145' title='bbox 1205 2279 1457 2334; x_wconf 88' lang='lat' dir='ltr'><strong>refertus.</strong></span> <span class='ocrx_word' id='word_1_146' title='bbox 1515 2280 1724 2346; x_wconf 81' lang='lat' dir='ltr'><strong>Partes,</strong></span> <span class='ocrx_word' id='word_1_147' title='bbox 1777 2283 1830 2336; x_wconf 92' lang='lat' dir='ltr'><strong>in</strong></span> <span class='ocrx_word' id='word_1_148' title='bbox 1895 2297 2045 2338; x_wconf 87' lang='lat' dir='ltr'><strong>mare</strong></span> 
     </span>
    </p>
   </div>
   <div class='ocr_carea' id='block_1_25' title="bbox 461 2362 2044 2438">
    <p class='ocr_par' dir='ltr' id='par_1_25' title="bbox 461 2362 2044 2438">
     <span class='ocr_line' id='line_1_25' title="bbox 461 2362 2044 2438; baseline 0.006 -25"><span class='ocrx_word' id='word_1_149' title='bbox 461 2369 739 2426; x_wconf 87' lang='lat' dir='ltr'><strong>nutantes,</strong></span> <span class='ocrx_word' id='word_1_150' title='bbox 775 2362 959 2417; x_wconf 90' lang='lat' dir='ltr'><strong>colunt</strong></span> <span class='ocrx_word' id='word_1_151' title='bbox 1002 2363 1345 2421; x_wconf 85' lang='lat' dir='ltr'><strong>Christiani:</strong></span> <span class='ocrx_word' id='word_1_152' title='bbox 1378 2365 1698 2422; x_wconf 88' lang='lat' dir='ltr'><strong>Damascum</strong></span> <span class='ocrx_word' id='word_1_153' title='bbox 1745 2370 2044 2438; x_wconf 88' lang='lat' dir='ltr'><strong>respicien-</strong></span> 
     </span>
    </p>
   </div>
   <div class='ocr_carea' id='block_1_26' title="bbox 462 2453 2046 2525">
    <p class='ocr_par' dir='ltr' id='par_1_26' title="bbox 462 2453 2046 2525">
     <span class='ocr_line' id='line_1_26' title="bbox 462 2453 2046 2525; baseline 0.007 -20"><span class='ocrx_word' id='word_1_154' title='bbox 462 2461 544 2506; x_wconf 90' lang='lat' dir='ltr'><strong>tes</strong></span> <span class='ocrx_word' id='word_1_155' title='bbox 573 2462 628 2506; x_wconf 90' lang='lat' dir='ltr'><strong>et</strong></span> <span class='ocrx_word' id='word_1_156' title='bbox 681 2453 958 2518; x_wconf 84' lang='lat' dir='ltr'><strong>Arabiam,</strong></span> <span class='ocrx_word' id='word_1_157' title='bbox 1019 2455 1276 2512; x_wconf 88' lang='lat' dir='ltr'><strong>Saraceni</strong></span> <span class='ocrx_word' id='word_1_158' title='bbox 1329 2459 1648 2525; x_wconf 89' lang='lat' dir='ltr'><strong>possident:</strong></span> <span class='ocrx_word' id='word_1_159' title='bbox 1681 2475 1746 2514; x_wconf 85' lang='lat' dir='ltr'><strong>ex</strong></span> <span class='ocrx_word' id='word_1_160' title='bbox 1774 2461 1928 2517; x_wconf 86' lang='lat' dir='ltr'><strong>rimis</strong></span> <span class='ocrx_word' id='word_1_161' title='bbox 1982 2475 2046 2516; x_wconf 88' lang='lat' dir='ltr'><strong>ac</strong></span> 
     </span>
    </p>
   </div>
   <div class='ocr_carea' id='block_1_27' title="bbox 460 2542 2039 2622">
    <p class='ocr_par' dir='ltr' id='par_1_27' title="bbox 460 2542 2039 2622">
     <span class='ocr_line' id='line_1_27' title="bbox 460 2542 2039 2622; baseline 0.006 -26"><span class='ocrx_word' id='word_1_162' title='bbox 460 2542 693 2598; x_wconf 86' lang='lat' dir='ltr'><strong>vallibus</strong></span> <span class='ocrx_word' id='word_1_163' title='bbox 741 2545 888 2600; x_wconf 86' lang='lat' dir='ltr'><strong>ﬂuvii</strong></span> <span class='ocrx_word' id='word_1_164' title='bbox 916 2548 984 2599; x_wconf 90' lang='lat' dir='ltr'><strong>ad</strong></span> <span class='ocrx_word' id='word_1_165' title='bbox 1035 2563 1188 2603; x_wconf 88' lang='lat' dir='ltr'><strong>mare</strong></span> <span class='ocrx_word' id='word_1_166' title='bbox 1237 2550 1447 2617; x_wconf 88' lang='lat' dir='ltr'><strong>pulchri</strong></span> <span class='ocrx_word' id='word_1_167' title='bbox 1477 2550 1908 2622; x_wconf 74' lang='lat' dir='ltr'><strong>gelidissimique</strong></span> <span class='ocrx_word' id='word_1_168' title='bbox 1940 2552 2039 2606; x_wconf 83' lang='lat' dir='ltr'><strong>de-</strong></span> 
     </span>
    </p>
   </div>
   <div class='ocr_carea' id='block_1_28' title="bbox 462 2639 2047 2706">
    <p class='ocr_par' dir='ltr' id='par_1_28' title="bbox 462 2639 2047 2706">
     <span class='ocr_line' id='line_1_28' title="bbox 462 2639 2047 2706; baseline 0.006 -20"><span class='ocrx_word' id='word_1_169' title='bbox 462 2645 727 2699; x_wconf 90' lang='lat' dir='ltr'><strong>currunt;</strong></span> <span class='ocrx_word' id='word_1_170' title='bbox 767 2650 888 2690; x_wconf 90' lang='lat' dir='ltr'><strong>cum</strong></span> <span class='ocrx_word' id='word_1_171' title='bbox 927 2652 1120 2692; x_wconf 84' lang='lat' dir='ltr'><strong>recens</strong></span> <span class='ocrx_word' id='word_1_172' title='bbox 1155 2639 1245 2693; x_wconf 80' lang='lat' dir='ltr'><strong>nix</strong></span> <span class='ocrx_word' id='word_1_173' title='bbox 1275 2641 1557 2706; x_wconf 85' lang='lat' dir='ltr'><strong>dissoluta,</strong></span> <span class='ocrx_word' id='word_1_174' title='bbox 1588 2640 1763 2696; x_wconf 84' lang='lat' dir='ltr'><strong>fluxus</strong></span> <span class='ocrx_word' id='word_1_175' title='bbox 1819 2657 2047 2696; x_wconf 78' lang='lat' dir='ltr'><strong>curren-</strong></span> 
     </span>
    </p>
   </div>
   <div class='ocr_carea' id='block_1_29' title="bbox 463 2728 2045 2800">
    <p class='ocr_par' dir='ltr' id='par_1_29' title="bbox 463 2728 2045 2800">
     <span class='ocr_line' id='line_1_29' title="bbox 463 2728 2045 2800; baseline 0.007 -21"><span class='ocrx_word' id='word_1_176' title='bbox 463 2728 596 2780; x_wconf 86' lang='lat' dir='ltr'><strong>tium</strong></span> <span class='ocrx_word' id='word_1_177' title='bbox 631 2742 890 2793; x_wconf 87' lang='lat' dir='ltr'><strong>aquarum</strong></span> <span class='ocrx_word' id='word_1_178' title='bbox 924 2732 1164 2800; x_wconf 85' lang='lat' dir='ltr'><strong>crystalli</strong></span> <span class='ocrx_word' id='word_1_179' title='bbox 1203 2733 1376 2786; x_wconf 87' lang='lat' dir='ltr'><strong>instar</strong></span> <span class='ocrx_word' id='word_1_180' title='bbox 1428 2734 1648 2789; x_wconf 86' lang='lat' dir='ltr'><strong>elliciat.</strong></span> <span class='ocrx_word' id='word_1_181' title='bbox 1706 2734 1786 2787; x_wconf 81' lang='lat' dir='ltr'><strong>Ad</strong></span> <span class='ocrx_word' id='word_1_182' title='bbox 1845 2736 2045 2790; x_wconf 90' lang='lat' dir='ltr'><strong>montis</strong></span> 
     </span>
    </p>
   </div>
   <div class='ocr_carea' id='block_1_30' title="bbox 461 2819 2042 2893">
    <p class='ocr_par' dir='ltr' id='par_1_30' title="bbox 461 2819 2042 2893">
     <span class='ocr_line' id='line_1_30' title="bbox 461 2819 2042 2893; baseline 0.006 -21"><span class='ocrx_word' id='word_1_183' title='bbox 461 2819 625 2888; x_wconf 85' lang='lat' dir='ltr'><strong>pedes</strong></span> <span class='ocrx_word' id='word_1_184' title='bbox 688 2820 922 2890; x_wconf 88' lang='lat' dir='ltr'><strong>Tripolis</strong></span> <span class='ocrx_word' id='word_1_185' title='bbox 949 2823 1140 2891; x_wconf 86' lang='lat' dir='ltr'><strong>jacet;</strong></span> <span class='ocrx_word' id='word_1_186' title='bbox 1196 2839 1355 2892; x_wconf 91' lang='lat' dir='ltr'><strong>quam</strong></span> <span class='ocrx_word' id='word_1_187' title='bbox 1403 2826 1651 2880; x_wconf 90' lang='lat' dir='ltr'><strong>conditor</strong></span> <span class='ocrx_word' id='word_1_188' title='bbox 1674 2827 1724 2879; x_wconf 91' lang='lat' dir='ltr'><strong>in</strong></span> <span class='ocrx_word' id='word_1_189' title='bbox 1756 2827 2042 2893; x_wconf 86' lang='lat' dir='ltr'><strong>peninsula</strong></span> 
     </span>
    </p>
   </div>
   <div class='ocr_carea' id='block_1_31' title="bbox 459 2910 2040 2983">
    <p class='ocr_par' dir='ltr' id='par_1_31' title="bbox 459 2910 2040 2983">
     <span class='ocr_line' id='line_1_31' title="bbox 459 2910 2040 2983; baseline 0.006 -20"><span class='ocrx_word' id='word_1_190' title='bbox 459 2910 682 2976; x_wconf 88' lang='lat' dir='ltr'><strong>posuit:</strong></span> <span class='ocrx_word' id='word_1_191' title='bbox 732 2927 967 2983; x_wconf 86' lang='lat' dir='ltr'><strong>namque</strong></span> <span class='ocrx_word' id='word_1_192' title='bbox 993 2928 1060 2968; x_wconf 82' lang='lat' dir='ltr'><strong>ex</strong></span> <span class='ocrx_word' id='word_1_193' title='bbox 1091 2913 1300 2969; x_wconf 84' lang='lat' dir='ltr'><strong>Libano</strong></span> <span class='ocrx_word' id='word_1_194' title='bbox 1338 2925 1497 2970; x_wconf 90' lang='lat' dir='ltr'><strong>tenue</strong></span> <span class='ocrx_word' id='word_1_195' title='bbox 1547 2916 1770 2971; x_wconf 91' lang='lat' dir='ltr'><strong>dorsum</strong></span> <span class='ocrx_word' id='word_1_196' title='bbox 1837 2919 2040 2972; x_wconf 89' lang='lat' dir='ltr'><strong>sensim</strong></span> 
     </span>
    </p>
   </div>
   <div class='ocr_carea' id='block_1_32' title="bbox 459 3003 2043 3074">
    <p class='ocr_par' dir='ltr' id='par_1_32' title="bbox 459 3003 2043 3074">
     <span class='ocr_line' id='line_1_32' title="bbox 459 3003 2043 3074; baseline 0.004 -20"><span class='ocrx_word' id='word_1_197' title='bbox 459 3003 821 3068; x_wconf 88' lang='lat' dir='ltr'><strong>descendens,</strong></span> <span class='ocrx_word' id='word_1_198' title='bbox 878 3003 1381 3074; x_wconf 62' lang='lat' dir='ltr'><strong>linguaequeiustar</strong></span> <span class='ocrx_word' id='word_1_199' title='bbox 1438 3006 1494 3060; x_wconf 90' lang='lat' dir='ltr'><strong>in</strong></span> <span class='ocrx_word' id='word_1_200' title='bbox 1551 3021 1700 3061; x_wconf 87' lang='lat' dir='ltr'><strong>mare</strong></span> <span class='ocrx_word' id='word_1_201' title='bbox 1736 3023 1855 3062; x_wconf 87' lang='lat' dir='ltr'><strong>sese</strong></span> <span class='ocrx_word' id='word_1_202' title='bbox 1911 3008 2043 3062; x_wconf 89' lang='lat' dir='ltr'><strong>insi-</strong></span> 
     </span>
    </p>
   </div>
   <div class='ocr_carea' id='block_1_33' title="bbox 2149 538 3722 610">
    <p class='ocr_par' dir='ltr' id='par_1_33' title="bbox 2149 538 3722 610">
     <span class='ocr_line' id='line_1_33' title="bbox 2149 538 3722 610; baseline 0.002 -20"><span class='ocrx_word' id='word_1_203' title='bbox 2149 538 2322 592; x_wconf 88' lang='grc' dir='ltr'>ταῦτα</span> <span class='ocrx_word' id='word_1_204' title='bbox 2354 541 2416 591; x_wconf 83' lang='grc' dir='ltr'><strong>τδ</strong></span> <span class='ocrx_word' id='word_1_205' title='bbox 2441 538 2680 609; x_wconf 81' lang='grc' dir='ltr'>κάστρον</span> <span class='ocrx_word' id='word_1_206' title='bbox 2709 539 2744 608; x_wconf 84' lang='grc' dir='ltr'><strong>ή</strong></span> <span class='ocrx_word' id='word_1_207' title='bbox 2766 539 3095 609; x_wconf 80' lang='grc' dir='ltr'>Ἀντάραδα,</span> <span class='ocrx_word' id='word_1_208' title='bbox 3136 541 3258 610; x_wconf 74' lang='grc' dir='ltr'>ἢτοι</span> <span class='ocrx_word' id='word_1_209' title='bbox 3310 541 3342 609; x_wconf 77' lang='grc' dir='ltr'><strong>ἡ</strong></span> <span class='ocrx_word' id='word_1_210' title='bbox 3379 539 3722 610; x_wconf 86' lang='grc' dir='ltr'>Τουρτοῦσα.</span> 
     </span>
    </p>
   </div>
   <div class='ocr_carea' id='block_1_34' title="bbox 2151 628 3724 706">
    <p class='ocr_par' dir='ltr' id='par_1_34' title="bbox 2151 628 3724 706">
     <span class='ocr_line' id='line_1_34' title="bbox 2151 628 3724 706; baseline 0.001 -23"><span class='ocrx_word' id='word_1_211' title='bbox 2151 629 2264 683; x_wconf 78' lang='grc' dir='ltr'><strong>Καὶ</strong></span> <span class='ocrx_word' id='word_1_212' title='bbox 2289 628 2465 692; x_wconf 78' lang='grc' dir='ltr'>οὕτως</span> <span class='ocrx_word' id='word_1_213' title='bbox 2493 631 2618 706; x_wconf 80' lang='grc' dir='ltr'>περὶ</span> <span class='ocrx_word' id='word_1_214' title='bbox 2657 631 2756 700; x_wconf 80' lang='grc' dir='ltr'><strong>μὲν</strong></span> <span class='ocrx_word' id='word_1_215' title='bbox 2782 630 2872 684; x_wconf 77' lang='grc' dir='ltr'>τὸν</span> <span class='ocrx_word' id='word_1_216' title='bbox 2905 630 3152 698; x_wconf 82' lang='grc' dir='ltr'>αίγιαλδν</span> <span class='ocrx_word' id='word_1_217' title='bbox 3186 630 3459 684; x_wconf 89' lang='grc' dir='ltr'>καστέλλα</span> <span class='ocrx_word' id='word_1_218' title='bbox 3489 631 3724 701; x_wconf 81' lang='grc' dir='ltr'>διάφορα</span> 
     </span>
    </p>
   </div>
   <div class='ocr_carea' id='block_1_35' title="bbox 2150 721 3727 794">
    <p class='ocr_par' dir='ltr' id='par_1_35' title="bbox 2150 721 3727 794">
     <span class='ocr_line' id='line_1_35' title="bbox 2150 721 3727 794; baseline 0.001 -21"><span class='ocrx_word' id='word_1_219' title='bbox 2150 721 2257 784; x_wconf 74' lang='grc' dir='ltr'>ἕως</span> <span class='ocrx_word' id='word_1_220' title='bbox 2273 721 2616 792; x_wconf 76' lang='grc' dir='ltr'>Τριπόλεως,</span> <span class='ocrx_word' id='word_1_221' title='bbox 2637 723 2768 792; x_wconf 69' lang='grc' dir='ltr'>περὶ</span> <span class='ocrx_word' id='word_1_222' title='bbox 2793 722 2850 776; x_wconf 74' lang='grc' dir='ltr'>δὲ</span> <span class='ocrx_word' id='word_1_223' title='bbox 2869 722 2932 775; x_wconf 79' lang='grc' dir='ltr'>τὸ</span> <span class='ocrx_word' id='word_1_224' title='bbox 2957 722 3242 792; x_wconf 82' lang='grc' dir='ltr'><strong>μεσόγειον</strong></span> <span class='ocrx_word' id='word_1_225' title='bbox 3263 724 3534 794; x_wconf 81' lang='grc' dir='ltr'><strong>διέρχεται</strong></span> <span class='ocrx_word' id='word_1_226' title='bbox 3563 723 3727 792; x_wconf 77' lang='grc' dir='ltr'>ζυγὸς</span> 
     </span>
    </p>
   </div>
   <div class='ocr_carea' id='block_1_36' title="bbox 2154 811 3724 881">
    <p class='ocr_par' dir='ltr' id='par_1_36' title="bbox 2154 811 3724 881">
     <span class='ocr_line' id='line_1_36' title="bbox 2154 811 3724 881; baseline -0.001 -18"><span class='ocrx_word' id='word_1_227' title='bbox 2154 813 2349 880; x_wconf 80' lang='grc' dir='ltr'><strong>μέγας,</strong></span> <span class='ocrx_word' id='word_1_228' title='bbox 2383 813 2462 875; x_wconf 85' lang='grc' dir='ltr'><strong>είς</strong></span> <span class='ocrx_word' id='word_1_229' title='bbox 2493 812 2550 864; x_wconf 82' lang='grc' dir='ltr'><strong>ὃν</strong></span> <span class='ocrx_word' id='word_1_230' title='bbox 2572 812 2820 865; x_wconf 78' lang='grc' dir='ltr'><strong>οἰκοῦσιν</strong></span> <span class='ocrx_word' id='word_1_231' title='bbox 2847 812 2898 864; x_wconf 81' lang='lat' dir='ltr'><strong>oi</strong></span> <span class='ocrx_word' id='word_1_232' title='bbox 2921 811 3210 881; x_wconf 75' lang='grc' dir='ltr'><strong>λεγόμενοι</strong></span> <span class='ocrx_word' id='word_1_233' title='bbox 3247 811 3539 872; x_wconf 83' lang='grc' dir='ltr'>Χασύσιοι,</span> <span class='ocrx_word' id='word_1_234' title='bbox 3571 811 3724 872; x_wconf 82' lang='grc' dir='ltr'><strong>ἔθνος</strong></span> 
     </span>
    </p>
   </div>
   <div class='ocr_carea' id='block_1_37' title="bbox 2150 903 3727 977">
    <p class='ocr_par' dir='ltr' id='par_1_37' title="bbox 2150 903 3727 977">
     <span class='ocr_line' id='line_1_37' title="bbox 2150 903 3727 977; baseline -0.003 -17"><span class='ocrx_word' id='word_1_235' title='bbox 2150 905 2552 977; x_wconf 79' lang='grc' dir='ltr'>Σαρακηνικὸν,</span> <span class='ocrx_word' id='word_1_236' title='bbox 2592 905 2729 974; x_wconf 83' lang='grc' dir='ltr'>μήτε</span> <span class='ocrx_word' id='word_1_237' title='bbox 2754 905 3164 974; x_wconf 78' lang='grc' dir='ltr'>Χριστιανίζον,</span> <span class='ocrx_word' id='word_1_238' title='bbox 3199 905 3338 974; x_wconf 86' lang='grc' dir='ltr'>μήτε</span> <span class='ocrx_word' id='word_1_239' title='bbox 3359 904 3430 958; x_wconf 72' lang='grc' dir='ltr'>τὰ</span> <span class='ocrx_word' id='word_1_240' title='bbox 3456 903 3556 956; x_wconf 74' lang='grc' dir='ltr'><strong>τοῦ</strong></span> <span class='ocrx_word' id='word_1_241' title='bbox 3577 905 3727 957; x_wconf 75' lang='grc' dir='ltr'><strong>Μου-</strong></span> 
     </span>
    </p>
   </div>
   <div class='ocr_carea' id='block_1_38' title="bbox 2151 995 3727 1070">
    <p class='ocr_par' dir='ltr' id='par_1_38' title="bbox 2151 995 3727 1070">
     <span class='ocr_line' id='line_1_38' title="bbox 2151 995 3727 1070; baseline -0.004 -18"><span class='ocrx_word' id='word_1_242' title='bbox 2151 1000 2392 1070; x_wconf 88' lang='grc' dir='ltr'>χουμέτη</span> <span class='ocrx_word' id='word_1_243' title='bbox 2430 999 2670 1068; x_wconf 84' lang='grc' dir='ltr'><strong>φρονῶν,</strong></span> <span class='ocrx_word' id='word_1_244' title='bbox 2710 997 2828 1051; x_wconf 81' lang='grc' dir='ltr'>ἀλλ’</span> <span class='ocrx_word' id='word_1_245' title='bbox 2859 997 2996 1050; x_wconf 77' lang='grc' dir='ltr'>ἰδίαν</span> <span class='ocrx_word' id='word_1_246' title='bbox 3022 995 3145 1065; x_wconf 75' lang='grc' dir='ltr'>ἕχον</span> <span class='ocrx_word' id='word_1_247' title='bbox 3185 996 3401 1066; x_wconf 81' lang='grc' dir='ltr'>αἵρεσιν</span> <span class='ocrx_word' id='word_1_248' title='bbox 3443 995 3536 1048; x_wconf 80' lang='grc' dir='ltr'><strong>τὸν</strong></span> <span class='ocrx_word' id='word_1_249' title='bbox 3590 995 3727 1046; x_wconf 76' lang='grc' dir='ltr'>Θεὸν</span> 
     </span>
    </p>
   </div>
   <div class='ocr_carea' id='block_1_39' title="bbox 2149 1085 3725 1160">
    <p class='ocr_par' dir='ltr' id='par_1_39' title="bbox 2149 1085 3725 1160">
     <span class='ocr_line' id='line_1_39' title="bbox 2149 1085 3725 1160; baseline -0.003 -18"><span class='ocrx_word' id='word_1_250' title='bbox 2149 1090 2453 1160; x_wconf 77' lang='grc' dir='ltr'>ὁμολογεῖν,</span> <span class='ocrx_word' id='word_1_251' title='bbox 2482 1089 2576 1142; x_wconf 74' lang='grc' dir='ltr'><strong>καὶ</strong></span> <span class='ocrx_word' id='word_1_252' title='bbox 2604 1088 2696 1141; x_wconf 78' lang='grc' dir='ltr'><strong>τὸν</strong></span> <span class='ocrx_word' id='word_1_253' title='bbox 2724 1089 2782 1140; x_wconf 82' lang='grc' dir='ltr'>ἐν</span> <span class='ocrx_word' id='word_1_254' title='bbox 2815 1089 3030 1150; x_wconf 82' lang='grc' dir='ltr'><strong>τούτοις</strong></span> <span class='ocrx_word' id='word_1_255' title='bbox 3085 1087 3438 1156; x_wconf 82' lang='grc' dir='ltr'><strong>πρωτεύοντα</strong></span> <span class='ocrx_word' id='word_1_256' title='bbox 3481 1085 3725 1155; x_wconf 87' lang='grc' dir='ltr'>πρέσϐυν</span> 
     </span>
    </p>
   </div>
   <div class='ocr_carea' id='block_1_40' title="bbox 2149 1173 3728 1252">
    <p class='ocr_par' dir='ltr' id='par_1_40' title="bbox 2149 1173 3728 1252">
     <span class='ocr_line' id='line_1_40' title="bbox 2149 1173 3728 1252; baseline -0.003 -17"><span class='ocrx_word' id='word_1_257' title='bbox 2149 1181 2444 1251; x_wconf 79' lang='grc' dir='ltr'><strong>ὀνομάζειν</strong></span> <span class='ocrx_word' id='word_1_258' title='bbox 2492 1180 2653 1244; x_wconf 86' lang='grc' dir='ltr'>Θεοῦ,</span> <span class='ocrx_word' id='word_1_259' title='bbox 2685 1173 2747 1233; x_wconf 78' lang='grc' dir='ltr'>οὗ</span> <span class='ocrx_word' id='word_1_260' title='bbox 2779 1184 2844 1252; x_wconf 79' lang='grc' dir='ltr'>τῇ</span> <span class='ocrx_word' id='word_1_261' title='bbox 2879 1181 3130 1233; x_wconf 75' lang='grc' dir='ltr'><strong>κελεύσει</strong></span> <span class='ocrx_word' id='word_1_262' title='bbox 3159 1181 3296 1250; x_wconf 79' lang='grc' dir='ltr'>πρὸς</span> <span class='ocrx_word' id='word_1_263' title='bbox 3328 1180 3588 1248; x_wconf 78' lang='grc' dir='ltr'><strong>μεγάλων</strong></span> <span class='ocrx_word' id='word_1_264' title='bbox 3620 1196 3728 1248; x_wconf 88' lang='grc' dir='ltr'>χω-</span> 
     </span>
    </p>
   </div>
   <div class='ocr_carea' id='block_1_41' title="bbox 2153 1273 3724 1348">
    <p class='ocr_par' dir='ltr' id='par_1_41' title="bbox 2153 1273 3724 1348">
     <span class='ocr_line' id='line_1_41' title="bbox 2153 1273 3724 1348; baseline -0.005 -18"><span class='ocrx_word' id='word_1_265' title='bbox 2153 1275 2264 1348; x_wconf 89' lang='grc' dir='ltr'><strong>ρῶν</strong></span> <span class='ocrx_word' id='word_1_266' title='bbox 2303 1274 2716 1344; x_wconf 76' lang='grc' dir='ltr'><strong>ἐκπεμπόμενοι</strong></span> <span class='ocrx_word' id='word_1_267' title='bbox 2744 1273 3040 1343; x_wconf 79' lang='grc' dir='ltr'>ἄρχοντας,</span> <span class='ocrx_word' id='word_1_268' title='bbox 3072 1273 3469 1326; x_wconf 81' lang='grc' dir='ltr'><strong>κατακαίνουσι</strong></span> <span class='ocrx_word' id='word_1_269' title='bbox 3500 1273 3724 1334; x_wconf 77' lang='grc' dir='ltr'>τούτους</span> 
     </span>
    </p>
   </div>
   <div class='ocr_carea' id='block_1_42' title="bbox 2152 1364 3722 1439">
    <p class='ocr_par' dir='ltr' id='par_1_42' title="bbox 2152 1364 3722 1439">
     <span class='ocr_line' id='line_1_42' title="bbox 2152 1364 3722 1439; baseline -0.004 -17"><span class='ocrx_word' id='word_1_270' title='bbox 2152 1367 2478 1439; x_wconf 83' lang='grc' dir='ltr'>μαχαίραις,</span> <span class='ocrx_word' id='word_1_271' title='bbox 2518 1369 2583 1420; x_wconf 86' lang='grc' dir='ltr'><strong>ἐκ</strong></span> <span class='ocrx_word' id='word_1_272' title='bbox 2607 1364 2700 1419; x_wconf 85' lang='grc' dir='ltr'><strong>τοῦ</strong></span> <span class='ocrx_word' id='word_1_273' title='bbox 2735 1366 3127 1437; x_wconf 85' lang='grc' dir='ltr'>ἀπροδοκὴτως</span> <span class='ocrx_word' id='word_1_274' title='bbox 3158 1367 3394 1430; x_wconf 85' lang='grc' dir='ltr'>ἐκείνοις</span> <span class='ocrx_word' id='word_1_275' title='bbox 3422 1366 3722 1435; x_wconf 82' lang='grc' dir='ltr'>ἐπιπηδᾷν,</span> 
     </span>
    </p>
   </div>
   <div class='ocr_carea' id='block_1_43' title="bbox 2149 1456 3729 1529">
    <p class='ocr_par' dir='ltr' id='par_1_43' title="bbox 2149 1456 3729 1529">
     <span class='ocr_line' id='line_1_43' title="bbox 2149 1456 3729 1529; baseline -0.004 -16"><span class='ocrx_word' id='word_1_276' title='bbox 2149 1461 2246 1513; x_wconf 81' lang='grc' dir='ltr'>καὶ</span> <span class='ocrx_word' id='word_1_277' title='bbox 2275 1458 2788 1529; x_wconf 68' lang='grc' dir='ltr'><strong>συναποθνῄσκουσι</strong></span> <span class='ocrx_word' id='word_1_278' title='bbox 2827 1457 2906 1526; x_wconf 79' lang='grc' dir='ltr'><strong>τῷ</strong></span> <span class='ocrx_word' id='word_1_279' title='bbox 2942 1457 3278 1526; x_wconf 85' lang='grc' dir='ltr'>τολμήματι,</span> <span class='ocrx_word' id='word_1_280' title='bbox 3312 1458 3417 1510; x_wconf 67' lang='grc' dir='ltr'><strong>ὑπὸ</strong></span> <span class='ocrx_word' id='word_1_281' title='bbox 3451 1458 3561 1510; x_wconf 88' lang='grc' dir='ltr'><strong>τῶν</strong></span> <span class='ocrx_word' id='word_1_282' title='bbox 3593 1456 3729 1508; x_wconf 78' lang='grc' dir='ltr'>πολ-</span> 
     </span>
    </p>
   </div>
   <div class='ocr_carea' id='block_1_44' title="bbox 2148 1545 3728 1618">
    <p class='ocr_par' dir='ltr' id='par_1_44' title="bbox 2148 1545 3728 1618">
     <span class='ocr_line' id='line_1_44' title="bbox 2148 1545 3728 1618; baseline -0.003 -17"><span class='ocrx_word' id='word_1_283' title='bbox 2148 1548 2259 1601; x_wconf 91' lang='grc' dir='ltr'><strong>λῶν</strong></span> <span class='ocrx_word' id='word_1_284' title='bbox 2297 1549 2437 1618; x_wconf 76' lang='grc' dir='ltr'>μετὰ</span> <span class='ocrx_word' id='word_1_285' title='bbox 2490 1548 2590 1615; x_wconf 86' lang='grc' dir='ltr'>τὴν</span> <span class='ocrx_word' id='word_1_286' title='bbox 2650 1545 2744 1599; x_wconf 81' lang='grc' dir='ltr'><strong>τοῦ</strong></span> <span class='ocrx_word' id='word_1_287' title='bbox 2795 1547 3074 1616; x_wconf 81' lang='grc' dir='ltr'>δράματος</span> <span class='ocrx_word' id='word_1_288' title='bbox 3119 1549 3436 1618; x_wconf 76' lang='grc' dir='ltr'>ἐγχείρησιν</span> <span class='ocrx_word' id='word_1_289' title='bbox 3476 1549 3524 1600; x_wconf 87' lang='grc' dir='ltr'>οί</span> <span class='ocrx_word' id='word_1_290' title='bbox 3554 1547 3728 1613; x_wconf 80' lang='grc' dir='ltr'>ὀλίγοι</span> 
     </span>
    </p>
   </div>
   <div class='ocr_carea' id='block_1_45' title="bbox 2151 1636 3732 1708">
    <p class='ocr_par' dir='ltr' id='par_1_45' title="bbox 2151 1636 3732 1708">
     <span class='ocr_line' id='line_1_45' title="bbox 2151 1636 3732 1708; baseline -0.004 -15"><span class='ocrx_word' id='word_1_291' title='bbox 2151 1639 2507 1708; x_wconf 83' lang='grc' dir='ltr'>κτεννύμενοι</span> <span class='ocrx_word' id='word_1_292' title='bbox 2533 1655 2546 1670; x_wconf 90' lang='grc'><strong>·</strong></span> <span class='ocrx_word' id='word_1_293' title='bbox 2582 1637 2745 1691; x_wconf 92' lang='grc' dir='ltr'>τοῦτο</span> <span class='ocrx_word' id='word_1_294' title='bbox 2769 1636 3071 1708; x_wconf 88' lang='grc' dir='ltr'>μαρτύριον</span> <span class='ocrx_word' id='word_1_295' title='bbox 3101 1639 3336 1708; x_wconf 76' lang='grc' dir='ltr'>ἥγηνται</span> <span class='ocrx_word' id='word_1_296' title='bbox 3395 1639 3491 1691; x_wconf 69' lang='grc' dir='ltr'>καὶ</span> <span class='ocrx_word' id='word_1_297' title='bbox 3527 1637 3732 1689; x_wconf 83' lang='grc' dir='ltr'>ἀθανα-</span> 
     </span>
    </p>
   </div>
   <div class='ocr_carea' id='block_1_46' title="bbox 2151 1730 2612 1800">
    <p class='ocr_par' dir='ltr' id='par_1_46' title="bbox 2151 1730 2612 1800">
     <span class='ocr_line' id='line_1_46' title="bbox 2151 1730 2612 1800; baseline 0.002 -17"><span class='ocrx_word' id='word_1_298' title='bbox 2151 1731 2272 1794; x_wconf 86' lang='grc' dir='ltr'>σίας</span> <span class='ocrx_word' id='word_1_299' title='bbox 2297 1730 2612 1800; x_wconf 85' lang='grc' dir='ltr'>περιϐολήν.</span> 
     </span>
    </p>
   </div>
   <div class='ocr_carea' id='block_1_47' title="bbox 2220 1816 3727 1887">
    <p class='ocr_par' dir='ltr' id='par_1_47' title="bbox 2220 1816 3727 1887">
     <span class='ocr_line' id='line_1_47' title="bbox 2220 1816 3727 1887; baseline -0.005 -10"><span class='ocrx_word' id='word_1_300' title='bbox 2220 1823 2282 1877; x_wconf 86' lang='grc' dir='ltr'><strong>δ’.</strong></span> <span class='ocrx_word' id='word_1_301' title='bbox 2315 1823 2471 1876; x_wconf 84' lang='grc' dir='ltr'>Μετὰ</span> <span class='ocrx_word' id='word_1_302' title='bbox 2504 1822 2562 1875; x_wconf 82' lang='grc' dir='ltr'>δὲ</span> <span class='ocrx_word' id='word_1_303' title='bbox 2594 1822 2685 1876; x_wconf 81' lang='grc' dir='ltr'>τὸν</span> <span class='ocrx_word' id='word_1_304' title='bbox 2722 1821 2966 1876; x_wconf 89' lang='grc' dir='ltr'>τοιοῦτον</span> <span class='ocrx_word' id='word_1_305' title='bbox 2992 1820 3154 1887; x_wconf 79' lang='grc' dir='ltr'>ζυγὸν</span> <span class='ocrx_word' id='word_1_306' title='bbox 3184 1820 3332 1872; x_wconf 76' lang='grc' dir='ltr'>ἔστιν</span> <span class='ocrx_word' id='word_1_307' title='bbox 3366 1819 3396 1871; x_wconf 91' lang='lat'><strong>6</strong></span> <span class='ocrx_word' id='word_1_308' title='bbox 3445 1816 3727 1884; x_wconf 76' lang='grc' dir='ltr'>πάγκαλος</span> 
     </span>
    </p>
   </div>
   <div class='ocr_carea' id='block_1_48' title="bbox 2148 1905 3731 1980">
    <p class='ocr_par' dir='ltr' id='par_1_48' title="bbox 2148 1905 3731 1980">
     <span class='ocr_line' id='line_1_48' title="bbox 2148 1905 3731 1980; baseline -0.005 -15"><span class='ocrx_word' id='word_1_309' title='bbox 2148 1911 2246 1965; x_wconf 73' lang='grc' dir='ltr'>καὶ</span> <span class='ocrx_word' id='word_1_310' title='bbox 2265 1908 2432 1974; x_wconf 83' lang='grc' dir='ltr'>ἀξίως</span> <span class='ocrx_word' id='word_1_311' title='bbox 2459 1909 2790 1980; x_wconf 89' lang='grc' dir='ltr'>περιϐόητος</span> <span class='ocrx_word' id='word_1_312' title='bbox 2821 1911 2877 1961; x_wconf 83' lang='grc' dir='ltr'>ἐν</span> <span class='ocrx_word' id='word_1_313' title='bbox 2902 1912 3026 1972; x_wconf 87' lang='grc' dir='ltr'>ταῖς</span> <span class='ocrx_word' id='word_1_314' title='bbox 3054 1911 3294 1978; x_wconf 77' lang='grc' dir='ltr'>Γραφαῖς</span> <span class='ocrx_word' id='word_1_315' title='bbox 3344 1908 3595 1970; x_wconf 87' lang='grc' dir='ltr'>Λίϐανος,</span> <span class='ocrx_word' id='word_1_316' title='bbox 3633 1905 3731 1970; x_wconf 79' lang='grc' dir='ltr'><strong>ξυ-</strong></span> 
     </span>
    </p>
   </div>
   <div class='ocr_carea' id='block_1_49' title="bbox 2145 2001 3729 2072">
    <p class='ocr_par' dir='ltr' id='par_1_49' title="bbox 2145 2001 3729 2072">
     <span class='ocr_line' id='line_1_49' title="bbox 2145 2001 3729 2072; baseline 0.003 -18"><span class='ocrx_word' id='word_1_317' title='bbox 2145 2001 2242 2070; x_wconf 78' lang='grc' dir='ltr'>γὸς</span> <span class='ocrx_word' id='word_1_318' title='bbox 2274 2002 2602 2070; x_wconf 76' lang='grc' dir='ltr'>πάμμεγας,</span> <span class='ocrx_word' id='word_1_319' title='bbox 2643 2001 2950 2070; x_wconf 81' lang='grc' dir='ltr'>κορυφόθεν</span> <span class='ocrx_word' id='word_1_320' title='bbox 2989 2002 3151 2072; x_wconf 92' lang='grc' dir='ltr'>μέχρι</span> <span class='ocrx_word' id='word_1_321' title='bbox 3187 2003 3476 2071; x_wconf 74' lang='grc' dir='ltr'><strong>προπόδων</strong></span> <span class='ocrx_word' id='word_1_322' title='bbox 3510 2016 3729 2071; x_wconf 80' lang='grc' dir='ltr'>συρμα-</span> 
     </span>
    </p>
   </div>
   <div class='ocr_carea' id='block_1_50' title="bbox 2145 2091 3731 2167">
    <p class='ocr_par' dir='ltr' id='par_1_50' title="bbox 2145 2091 3731 2167">
     <span class='ocr_line' id='line_1_50' title="bbox 2145 2091 3731 2167; baseline 0 -21"><span class='ocrx_word' id='word_1_323' title='bbox 2145 2093 2240 2157; x_wconf 90' lang='grc' dir='ltr'><strong>δας</strong></span> <span class='ocrx_word' id='word_1_324' title='bbox 2295 2093 2475 2162; x_wconf 88' lang='grc' dir='ltr'>χιόνος</span> <span class='ocrx_word' id='word_1_325' title='bbox 2509 2091 2583 2154; x_wconf 79' lang='grc' dir='ltr'><strong>ὡς</strong></span> <span class='ocrx_word' id='word_1_326' title='bbox 2625 2091 2962 2163; x_wconf 74' lang='grc' dir='ltr'>βοστρύχους</span> <span class='ocrx_word' id='word_1_327' title='bbox 3003 2093 3496 2163; x_wconf 79' lang='grc' dir='ltr'>περιϐαλλόμενος,</span> <span class='ocrx_word' id='word_1_328' title='bbox 3545 2094 3731 2167; x_wconf 82' lang='grc' dir='ltr'>πεύκῃ</span> 
     </span>
    </p>
   </div>
   <div class='ocr_carea' id='block_1_51' title="bbox 2147 2183 3730 2256">
    <p class='ocr_par' dir='ltr' id='par_1_51' title="bbox 2147 2183 3730 2256">
     <span class='ocr_line' id='line_1_51' title="bbox 2147 2183 3730 2256; baseline 0 -19"><span class='ocrx_word' id='word_1_329' title='bbox 2147 2187 2242 2237; x_wconf 77' lang='grc' dir='ltr'>καὶ</span> <span class='ocrx_word' id='word_1_330' title='bbox 2279 2184 2458 2254; x_wconf 83' lang='grc' dir='ltr'>κέδρῳ</span> <span class='ocrx_word' id='word_1_331' title='bbox 2502 2183 2596 2236; x_wconf 65' lang='grc' dir='ltr'><strong>καὶ⁵</strong></span> <span class='ocrx_word' id='word_1_332' title='bbox 2652 2183 2978 2256; x_wconf 83' lang='grc' dir='ltr'>κυπαρίττῳ</span> <span class='ocrx_word' id='word_1_333' title='bbox 3039 2185 3600 2254; x_wconf 86' lang='grc' dir='ltr'>καταδενδρούμενος.</span> <span class='ocrx_word' id='word_1_334' title='bbox 3633 2185 3730 2238; x_wconf 81' lang='grc' dir='ltr'>καὶ</span> 
     </span>
    </p>
   </div>
   <div class='ocr_carea' id='block_1_52' title="bbox 2146 2275 3726 2348">
    <p class='ocr_par' dir='ltr' id='par_1_52' title="bbox 2146 2275 3726 2348">
     <span class='ocr_line' id='line_1_52' title="bbox 2146 2275 3726 2348; baseline 0.001 -19"><span class='ocrx_word' id='word_1_335' title='bbox 2146 2275 2322 2329; x_wconf 76' lang='grc' dir='ltr'>ἄλλων</span> <span class='ocrx_word' id='word_1_336' title='bbox 2381 2275 2753 2348; x_wconf 69' lang='grc' dir='ltr'>ὀπωροφόρων</span> <span class='ocrx_word' id='word_1_337' title='bbox 2811 2277 3000 2345; x_wconf 84' lang='grc' dir='ltr'>φυτῶν</span> <span class='ocrx_word' id='word_1_338' title='bbox 3041 2277 3318 2346; x_wconf 75' lang='grc' dir='ltr'>διαφόρων</span> <span class='ocrx_word' id='word_1_339' title='bbox 3354 2277 3621 2347; x_wconf 81' lang='grc' dir='ltr'>πλήθεσιν</span> <span class='ocrx_word' id='word_1_340' title='bbox 3650 2277 3726 2330; x_wconf 83' lang='grc' dir='ltr'><strong>ὡ-</strong></span> 
     </span>
    </p>
   </div>
   <div class='ocr_carea' id='block_1_53' title="bbox 2149 2367 3736 2438">
    <p class='ocr_par' dir='ltr' id='par_1_53' title="bbox 2149 2367 3736 2438">
     <span class='ocr_line' id='line_1_53' title="bbox 2149 2367 3736 2438; baseline 0 -18"><span class='ocrx_word' id='word_1_341' title='bbox 2149 2368 2495 2438; x_wconf 77' lang='grc' dir='ltr'>ραῖζόμενος.</span> <span class='ocrx_word' id='word_1_342' title='bbox 2530 2370 2736 2421; x_wconf 79' lang='grc' dir='ltr'>Τούτου</span> <span class='ocrx_word' id='word_1_343' title='bbox 2765 2369 2835 2422; x_wconf 73' lang='grc' dir='ltr'><strong>τὰ</strong></span> <span class='ocrx_word' id='word_1_344' title='bbox 2870 2367 3006 2438; x_wconf 79' lang='grc' dir='ltr'>πρὸς</span> <span class='ocrx_word' id='word_1_345' title='bbox 3037 2368 3319 2422; x_wconf 85' lang='grc' dir='ltr'>θάλασσαν</span> <span class='ocrx_word' id='word_1_346' title='bbox 3360 2370 3573 2422; x_wconf 73' lang='grc' dir='ltr'>οἰκοῦσι</span> <span class='ocrx_word' id='word_1_347' title='bbox 3602 2369 3736 2436; x_wconf 84' lang='grc' dir='ltr'><strong>Χρι-</strong></span> 
     </span>
    </p>
   </div>
   <div class='ocr_carea' id='block_1_54' title="bbox 2151 2459 3732 2532">
    <p class='ocr_par' dir='ltr' id='par_1_54' title="bbox 2151 2459 3732 2532">
     <span class='ocr_line' id='line_1_54' title="bbox 2151 2459 3732 2532; baseline -0.001 -20"><span class='ocrx_word' id='word_1_348' title='bbox 2151 2462 2382 2525; x_wconf 72' lang='grc' dir='ltr'>στιανοὶ,</span> <span class='ocrx_word' id='word_1_349' title='bbox 2406 2461 2472 2512; x_wconf 79' lang='grc' dir='ltr'><strong>τὰ</strong></span> <span class='ocrx_word' id='word_1_350' title='bbox 2504 2460 2561 2514; x_wconf 81' lang='grc' dir='ltr'>δὲ</span> <span class='ocrx_word' id='word_1_351' title='bbox 2598 2460 2736 2530; x_wconf 83' lang='grc' dir='ltr'>πρὸς</span> <span class='ocrx_word' id='word_1_352' title='bbox 2756 2461 2854 2532; x_wconf 82' lang='grc' dir='ltr'><strong>τὴν</strong></span> <span class='ocrx_word' id='word_1_353' title='bbox 2880 2464 3178 2530; x_wconf 81' lang='grc' dir='ltr'>Δαμασκὸν</span> <span class='ocrx_word' id='word_1_354' title='bbox 3211 2462 3306 2513; x_wconf 73' lang='grc' dir='ltr'>καὶ</span> <span class='ocrx_word' id='word_1_355' title='bbox 3336 2463 3435 2529; x_wconf 81' lang='grc' dir='ltr'><strong>τὴν</strong></span> <span class='ocrx_word' id='word_1_356' title='bbox 3463 2459 3732 2528; x_wconf 86' lang='grc' dir='ltr'>Ἀραϐίαν</span> 
     </span>
    </p>
   </div>
   <div class='ocr_carea' id='block_1_55' title="bbox 2148 2550 3732 2622">
    <p class='ocr_par' dir='ltr' id='par_1_55' title="bbox 2148 2550 3732 2622">
     <span class='ocr_line' id='line_1_55' title="bbox 2148 2550 3732 2622; baseline 0.001 -21"><span class='ocrx_word' id='word_1_357' title='bbox 2148 2550 2458 2620; x_wconf 75' lang='grc' dir='ltr'>Σαρακηνοὶ</span> <span class='ocrx_word' id='word_1_358' title='bbox 2485 2551 2765 2618; x_wconf 87' lang='grc' dir='ltr'>νέμονται,</span> <span class='ocrx_word' id='word_1_359' title='bbox 2800 2553 2864 2603; x_wconf 82' lang='grc' dir='ltr'>ὲκ</span> <span class='ocrx_word' id='word_1_360' title='bbox 2889 2551 2998 2604; x_wconf 91' lang='grc' dir='ltr'><strong>τῶν</strong></span> <span class='ocrx_word' id='word_1_361' title='bbox 3029 2552 3195 2604; x_wconf 85' lang='grc' dir='ltr'>αὑτοῦ</span> <span class='ocrx_word' id='word_1_362' title='bbox 3230 2552 3466 2622; x_wconf 78' lang='grc' dir='ltr'>ῥωχμῶν</span> <span class='ocrx_word' id='word_1_363' title='bbox 3495 2555 3591 2605; x_wconf 69' lang='grc' dir='ltr'>καὶ</span> <span class='ocrx_word' id='word_1_364' title='bbox 3613 2569 3732 2604; x_wconf 81' lang='grc' dir='ltr'>κοι-</span> 
     </span>
    </p>
   </div>
   <div class='ocr_carea' id='block_1_56' title="bbox 2147 2638 3730 2713">
    <p class='ocr_par' dir='ltr' id='par_1_56' title="bbox 2147 2638 3730 2713">
     <span class='ocr_line' id='line_1_56' title="bbox 2147 2638 3730 2713; baseline 0.003 -22"><span class='ocrx_word' id='word_1_365' title='bbox 2147 2638 2324 2692; x_wconf 82' lang='grc' dir='ltr'>λάδων</span> <span class='ocrx_word' id='word_1_366' title='bbox 2362 2641 2696 2711; x_wconf 74' lang='grc' dir='ltr'>ἀπορρέουσι</span> <span class='ocrx_word' id='word_1_367' title='bbox 2733 2642 2970 2711; x_wconf 75' lang='grc' dir='ltr'>ποταμοὶ</span> <span class='ocrx_word' id='word_1_368' title='bbox 3007 2641 3170 2711; x_wconf 84' lang='grc' dir='ltr'>μέχρι</span> <span class='ocrx_word' id='word_1_369' title='bbox 3199 2643 3502 2712; x_wconf 85' lang='grc' dir='ltr'>θαλάσσης,</span> <span class='ocrx_word' id='word_1_370' title='bbox 3535 2645 3730 2713; x_wconf 81' lang='grc' dir='ltr'>ὡραῖοι</span> 
     </span>
    </p>
   </div>
   <div class='ocr_carea' id='block_1_57' title="bbox 2149 2729 3734 2803">
    <p class='ocr_par' dir='ltr' id='par_1_57' title="bbox 2149 2729 3734 2803">
     <span class='ocr_line' id='line_1_57' title="bbox 2149 2729 3734 2803; baseline 0.003 -23"><span class='ocrx_word' id='word_1_371' title='bbox 2149 2729 2245 2782; x_wconf 76' lang='grc' dir='ltr'>καὶ</span> <span class='ocrx_word' id='word_1_372' title='bbox 2277 2729 2629 2799; x_wconf 73' lang='grc' dir='ltr'>πάμψυχροι,</span> <span class='ocrx_word' id='word_1_373' title='bbox 2655 2732 2755 2801; x_wconf 84' lang='grc' dir='ltr'>τῆς</span> <span class='ocrx_word' id='word_1_374' title='bbox 2787 2732 2968 2801; x_wconf 84' lang='grc' dir='ltr'>χιόνος</span> <span class='ocrx_word' id='word_1_375' title='bbox 3015 2733 3143 2803; x_wconf 81' lang='grc' dir='ltr'>ἄρτι</span> <span class='ocrx_word' id='word_1_376' title='bbox 3174 2734 3468 2802; x_wconf 73' lang='grc' dir='ltr'>λυομένης,</span> <span class='ocrx_word' id='word_1_377' title='bbox 3511 2736 3606 2787; x_wconf 80' lang='grc' dir='ltr'>καὶ</span> <span class='ocrx_word' id='word_1_378' title='bbox 3641 2751 3734 2786; x_wconf 64' lang='grc' dir='ltr'>και</span> 
     </span>
    </p>
   </div>
   <div class='ocr_carea' id='block_1_58' title="bbox 2148 2821 3728 2895">
    <p class='ocr_par' dir='ltr' id='par_1_58' title="bbox 2148 2821 3728 2895">
     <span class='ocr_line' id='line_1_58' title="bbox 2148 2821 3728 2895; baseline 0.003 -24"><span class='ocrx_word' id='word_1_379' title='bbox 2148 2821 2666 2890; x_wconf 82' lang='grc' dir='ltr'>τακρυσταλλούσης</span> <span class='ocrx_word' id='word_1_380' title='bbox 2683 2822 2781 2885; x_wconf 85' lang='grc' dir='ltr'><strong>τὰς</strong></span> <span class='ocrx_word' id='word_1_381' title='bbox 2804 2824 2914 2877; x_wconf 90' lang='grc' dir='ltr'><strong>τῶν</strong></span> <span class='ocrx_word' id='word_1_382' title='bbox 2929 2824 3190 2892; x_wconf 80' lang='grc' dir='ltr'>ναμάτων</span> <span class='ocrx_word' id='word_1_383' title='bbox 3219 2825 3503 2895; x_wconf 79' lang='grc' dir='ltr'>ἐπιρροἀς.</span> <span class='ocrx_word' id='word_1_384' title='bbox 3521 2825 3728 2877; x_wconf 80' lang='grc' dir='ltr'>Τούτου</span> 
     </span>
    </p>
   </div>
   <div class='ocr_carea' id='block_1_59' title="bbox 2149 2913 3730 2986">
    <p class='ocr_par' dir='ltr' id='par_1_59' title="bbox 2149 2913 3730 2986">
     <span class='ocr_line' id='line_1_59' title="bbox 2149 2913 3730 2986; baseline 0.003 -23"><span class='ocrx_word' id='word_1_385' title='bbox 2149 2913 2283 2981; x_wconf 81' lang='grc' dir='ltr'>περὶ</span> <span class='ocrx_word' id='word_1_386' title='bbox 2308 2914 2433 2973; x_wconf 78' lang='grc' dir='ltr'>τοὺς</span> <span class='ocrx_word' id='word_1_387' title='bbox 2466 2914 2742 2983; x_wconf 83' lang='grc' dir='ltr'>πρόποδας</span> <span class='ocrx_word' id='word_1_388' title='bbox 2775 2917 2924 2967; x_wconf 75' lang='grc' dir='ltr'>ἐστὶν</span> <span class='ocrx_word' id='word_1_389' title='bbox 2972 2917 3004 2984; x_wconf 88' lang='grc' dir='ltr'>ἠ</span> <span class='ocrx_word' id='word_1_390' title='bbox 3052 2915 3336 2982; x_wconf 77' lang='grc' dir='ltr'>Τρίπολις,</span> <span class='ocrx_word' id='word_1_391' title='bbox 3372 2916 3440 2986; x_wconf 80' lang='grc' dir='ltr'><strong>ἦν</strong></span> <span class='ocrx_word' id='word_1_392' title='bbox 3467 2919 3494 2968; x_wconf 97' lang='lat'><strong>6</strong></span> <span class='ocrx_word' id='word_1_393' title='bbox 3531 2915 3730 2984; x_wconf 87' lang='grc' dir='ltr'>δειμά-</span> 
     </span>
    </p>
   </div>
   <div class='ocr_carea' id='block_1_60' title="bbox 2153 3003 3726 3074">
    <p class='ocr_par' dir='ltr' id='par_1_60' title="bbox 2153 3003 3726 3074">
     <span class='ocr_line' id='line_1_60' title="bbox 2153 3003 3726 3074; baseline 0.003 -20"><span class='ocrx_word' id='word_1_394' title='bbox 2153 3019 2315 3071; x_wconf 82' lang='grc' dir='ltr'>μενος</span> <span class='ocrx_word' id='word_1_395' title='bbox 2348 3003 2440 3056; x_wconf 74' lang='grc' dir='ltr'><strong>ἐπὶ</strong></span> <span class='ocrx_word' id='word_1_396' title='bbox 2482 3005 2851 3074; x_wconf 74' lang='grc' dir='ltr'>χερσοννήσου</span> <span class='ocrx_word' id='word_1_397' title='bbox 2883 3004 3147 3073; x_wconf 82' lang='grc' dir='ltr'>ἐπήξατο.</span> <span class='ocrx_word' id='word_1_398' title='bbox 3215 3006 3322 3058; x_wconf 77' lang='grc' dir='ltr'><strong>Καὶ</strong></span> <span class='ocrx_word' id='word_1_399' title='bbox 3368 3007 3478 3074; x_wconf 76' lang='grc' dir='ltr'>γὰρ</span> <span class='ocrx_word' id='word_1_400' title='bbox 3531 3008 3597 3058; x_wconf 89' lang='grc' dir='ltr'><strong>ἐκ</strong></span> <span class='ocrx_word' id='word_1_401' title='bbox 3629 3005 3726 3058; x_wconf 86' lang='grc' dir='ltr'><strong>τοῦ</strong></span> 
     </span>
    </p>
   </div>
   <div class='ocr_carea' id='block_1_61' title="bbox 460 3094 2042 3168">
    <p class='ocr_par' dir='ltr' id='par_1_61' title="bbox 460 3096 2038 3168">
     <span class='ocr_line' id='line_1_61' title="bbox 460 3096 2038 3168; baseline 0.004 -21"><span class='ocrx_word' id='word_1_402' title='bbox 460 3109 659 3157; x_wconf 88' lang='lat' dir='ltr'><strong>nuans,</strong></span> <span class='ocrx_word' id='word_1_403' title='bbox 728 3096 795 3149; x_wconf 90' lang='lat' dir='ltr'><strong>ad</strong></span> <span class='ocrx_word' id='word_1_404' title='bbox 848 3096 1252 3152; x_wconf 88' lang='lat' dir='ltr'><strong>orientaliorem</strong></span> <span class='ocrx_word' id='word_1_405' title='bbox 1310 3108 1520 3168; x_wconf 89' lang='lat' dir='ltr'><strong>partem</strong></span> <span class='ocrx_word' id='word_1_406' title='bbox 1585 3101 1920 3163; x_wconf 87' lang='lat' dir='ltr'><strong>iucurvatur,</strong></span> <span class='ocrx_word' id='word_1_407' title='bbox 1984 3101 2038 3154; x_wconf 93' lang='lat' dir='ltr'><strong>in</strong></span> 
     </span>
    </p>
   </div>
   <div class='ocr_carea' id='block_1_62' title="bbox 2145 3094 3726 3168">
    <p class='ocr_par' dir='ltr' id='par_1_62' title="bbox 2146 3094 3726 3166">
     <span class='ocr_line' id='line_1_62' title="bbox 2146 3094 3726 3166; baseline 0.002 -20"><span class='ocrx_word' id='word_1_408' title='bbox 2146 3094 2380 3148; x_wconf 80' lang='grc' dir='ltr'>Λιϐάνου</span> <span class='ocrx_word' id='word_1_409' title='bbox 2426 3096 2624 3148; x_wconf 77' lang='grc' dir='ltr'>λεπτὸν</span> <span class='ocrx_word' id='word_1_410' title='bbox 2656 3097 2845 3165; x_wconf 79' lang='grc' dir='ltr'>ῥαχίον</span> <span class='ocrx_word' id='word_1_411' title='bbox 2877 3097 3308 3166; x_wconf 82' lang='grc' dir='ltr'>κατερχόμενον,</span> <span class='ocrx_word' id='word_1_412' title='bbox 3348 3097 3726 3163; x_wconf 80' lang='grc' dir='ltr'>γλωσσοειδῶς</span> 
     </span>
    </p>
   </div>
   <div class='ocr_carea' id='block_1_63' title="bbox 459 3184 2042 3260">
    <p class='ocr_par' dir='ltr' id='par_1_63' title="bbox 459 3185 2041 3256">
     <span class='ocr_line' id='line_1_63' title="bbox 459 3185 2041 3256; baseline 0.003 -15"><span class='ocrx_word' id='word_1_413' title='bbox 459 3185 616 3255; x_wconf 77' lang='lat' dir='ltr'><strong>cuius</strong></span> <span class='ocrx_word' id='word_1_414' title='bbox 641 3188 868 3250; x_wconf 86' lang='lat' dir='ltr'><strong>vertice,</strong></span> <span class='ocrx_word' id='word_1_415' title='bbox 918 3189 1008 3255; x_wconf 92' lang='lat' dir='ltr'><strong>qui</strong></span> <span class='ocrx_word' id='word_1_416' title='bbox 1041 3190 1228 3244; x_wconf 90' lang='lat' dir='ltr'><strong>urbem</strong></span> <span class='ocrx_word' id='word_1_417' title='bbox 1275 3191 1654 3256; x_wconf 64' lang='lat' dir='ltr'><strong>exaedificavit,</strong></span> <span class='ocrx_word' id='word_1_418' title='bbox 1686 3191 2041 3246; x_wconf 87' lang='lat' dir='ltr'><strong>fundamenta</strong></span> 
     </span>
    </p>
   </div>
   <div class='ocr_carea' id='block_1_64' title="bbox 2145 3184 3731 3260">
    <p class='ocr_par' dir='ltr' id='par_1_64' title="bbox 2148 3184 3731 3260">
     <span class='ocr_line' id='line_1_64' title="bbox 2148 3184 3731 3260; baseline 0.003 -22"><span class='ocrx_word' id='word_1_419' title='bbox 2148 3188 2216 3256; x_wconf 84' lang='grc' dir='ltr'><strong>τῇ</strong></span> <span class='ocrx_word' id='word_1_420' title='bbox 2253 3184 2501 3260; x_wconf 83' lang='grc' dir='ltr'>Θαλάσσῃ</span> <span class='ocrx_word' id='word_1_421' title='bbox 2528 3189 2818 3257; x_wconf 81' lang='grc' dir='ltr'>ἐμφύεται,</span> <span class='ocrx_word' id='word_1_422' title='bbox 2853 3189 3226 3260; x_wconf 89' lang='grc' dir='ltr'>κυρτούμενον</span> <span class='ocrx_word' id='word_1_423' title='bbox 3271 3191 3401 3258; x_wconf 84' lang='grc' dir='ltr'>περὶ</span> <span class='ocrx_word' id='word_1_424' title='bbox 3432 3191 3493 3244; x_wconf 78' lang='grc' dir='ltr'>τὸ</span> <span class='ocrx_word' id='word_1_425' title='bbox 3529 3192 3731 3243; x_wconf 77' lang='grc' dir='ltr'>ἀνατο-</span> 
     </span>
    </p>
   </div>
   <div class='ocr_carea' id='block_1_65' title="bbox 461 3274 2042 3353">
    <p class='ocr_par' dir='ltr' id='par_1_65' title="bbox 461 3279 2042 3353">
     <span class='ocr_line' id='line_1_65' title="bbox 461 3279 2042 3353; baseline 0.003 -20"><span class='ocrx_word' id='word_1_426' title='bbox 461 3279 608 3334; x_wconf 84' lang='lat' dir='ltr'><strong>illius</strong></span> <span class='ocrx_word' id='word_1_427' title='bbox 627 3280 756 3349; x_wconf 85' lang='lat' dir='ltr'><strong>jecit</strong></span> <span class='ocrx_word' id='word_1_428' title='bbox 789 3299 802 3333; x_wconf 87' lang='lat'><strong>:</strong></span> <span class='ocrx_word' id='word_1_429' title='bbox 837 3281 1070 3336; x_wconf 82' lang='lat' dir='ltr'><strong>circuitu</strong></span> <span class='ocrx_word' id='word_1_430' title='bbox 1099 3283 1418 3352; x_wconf 82' lang='lat' dir='ltr'><strong>ambituque</strong></span> <span class='ocrx_word' id='word_1_431' title='bbox 1440 3299 1544 3339; x_wconf 79' lang='lat' dir='ltr'><strong>suo</strong></span> <span class='ocrx_word' id='word_1_432' title='bbox 1562 3285 1848 3339; x_wconf 85' lang='lat' dir='ltr'><strong>admodum</strong></span> <span class='ocrx_word' id='word_1_433' title='bbox 1877 3299 2042 3353; x_wconf 89' lang='lat' dir='ltr'><strong>parva</strong></span> 
     </span>
    </p>
   </div>
   <div class='ocr_carea' id='block_1_66' title="bbox 2145 3274 3732 3353">
    <p class='ocr_par' dir='ltr' id='par_1_66' title="bbox 2148 3274 3732 3351">
     <span class='ocr_line' id='line_1_66' title="bbox 2148 3274 3732 3351; baseline 0.004 -23"><span class='ocrx_word' id='word_1_434' title='bbox 2148 3275 2450 3348; x_wconf 87' lang='grc' dir='ltr'>λικώτερον</span> <span class='ocrx_word' id='word_1_435' title='bbox 2479 3279 2664 3349; x_wconf 80' lang='grc' dir='ltr'>μέρος,</span> <span class='ocrx_word' id='word_1_436' title='bbox 2721 3279 2806 3349; x_wconf 84' lang='grc' dir='ltr'>ἐφ’</span> <span class='ocrx_word' id='word_1_437' title='bbox 2838 3274 2899 3334; x_wconf 76' lang='grc' dir='ltr'>οὗ</span> <span class='ocrx_word' id='word_1_438' title='bbox 2930 3281 2991 3333; x_wconf 83' lang='grc' dir='ltr'>τὸ</span> <span class='ocrx_word' id='word_1_439' title='bbox 3039 3280 3210 3351; x_wconf 83' lang='grc' dir='ltr'>ἄκρον</span> <span class='ocrx_word' id='word_1_440' title='bbox 3241 3284 3269 3334; x_wconf 92' lang='lat'><strong>6</strong></span> <span class='ocrx_word' id='word_1_441' title='bbox 3310 3282 3408 3350; x_wconf 85' lang='grc' dir='ltr'>τὴν</span> <span class='ocrx_word' id='word_1_442' title='bbox 3443 3282 3600 3335; x_wconf 89' lang='grc' dir='ltr'>πόλιν</span> <span class='ocrx_word' id='word_1_443' title='bbox 3629 3282 3732 3335; x_wconf 71' lang='lat' dir='ltr'><strong>6c:-</strong></span> 
     </span>
    </p>
   </div>
   <div class='ocr_carea' id='block_1_67' title="bbox 460 3368 2042 3447">
    <p class='ocr_par' dir='ltr' id='par_1_67' title="bbox 460 3375 2042 3447">
     <span class='ocr_line' id='line_1_67' title="bbox 460 3375 2042 3447; baseline 0.003 -21"><span class='ocrx_word' id='word_1_444' title='bbox 460 3382 566 3434; x_wconf 82' lang='lat' dir='ltr'><strong>e5t,</strong></span> <span class='ocrx_word' id='word_1_445' title='bbox 597 3387 780 3426; x_wconf 89' lang='lat' dir='ltr'><strong>verum</strong></span> <span class='ocrx_word' id='word_1_446' title='bbox 832 3388 1109 3429; x_wconf 89' lang='lat' dir='ltr'><strong>murorum</strong></span> <span class='ocrx_word' id='word_1_447' title='bbox 1161 3375 1464 3444; x_wconf 89' lang='lat' dir='ltr'><strong>altitudine,</strong></span> <span class='ocrx_word' id='word_1_448' title='bbox 1521 3386 1576 3433; x_wconf 90' lang='lat' dir='ltr'><strong>et</strong></span> <span class='ocrx_word' id='word_1_449' title='bbox 1637 3377 2042 3447; x_wconf 85' lang='lat' dir='ltr'><strong>pulchritudine</strong></span> 
     </span>
    </p>
   </div>
   <div class='ocr_carea' id='block_1_68' title="bbox 2145 3368 3727 3447">
    <p class='ocr_par' dir='ltr' id='par_1_68' title="bbox 2149 3368 3727 3441">
     <span class='ocr_line' id='line_1_68' title="bbox 2149 3368 3727 3441; baseline 0.005 -22"><span class='ocrx_word' id='word_1_450' title='bbox 2149 3368 2395 3439; x_wconf 69' lang='grc' dir='ltr'>μὰμενος</span> <span class='ocrx_word' id='word_1_451' title='bbox 2428 3371 2526 3431; x_wconf 76' lang='grc' dir='ltr'><strong>τὰς</strong></span> <span class='ocrx_word' id='word_1_452' title='bbox 2565 3370 2753 3439; x_wconf 78' lang='grc' dir='ltr'>βάσεις</span> <span class='ocrx_word' id='word_1_453' title='bbox 2783 3373 2990 3441; x_wconf 88' lang='grc' dir='ltr'>ταύτης</span> <span class='ocrx_word' id='word_1_454' title='bbox 3029 3373 3293 3440; x_wconf 76' lang='grc' dir='ltr'>ἐπήξατο.</span> <span class='ocrx_word' id='word_1_455' title='bbox 3331 3374 3490 3424; x_wconf 77' lang='grc' dir='ltr'>Ἐστι</span> <span class='ocrx_word' id='word_1_456' title='bbox 3515 3373 3561 3426; x_wconf 83' lang='grc' dir='ltr'>δ’</span> <span class='ocrx_word' id='word_1_457' title='bbox 3585 3372 3727 3441; x_wconf 81' lang='grc' dir='ltr'>αὕτη</span> 
     </span>
    </p>
   </div>
   <div class='ocr_carea' id='block_1_69' title="bbox 460 3461 1195 3534">
    <p class='ocr_par' dir='ltr' id='par_1_69' title="bbox 460 3461 1195 3534">
     <span class='ocr_line' id='line_1_69' title="bbox 460 3461 1195 3534; baseline 0.008 -20"><span class='ocrx_word' id='word_1_458' title='bbox 460 3461 832 3530; x_wconf 77' lang='lat' dir='ltr'><strong>aediﬁciorum,</strong></span> <span class='ocrx_word' id='word_1_459' title='bbox 865 3465 1195 3534; x_wconf 90' lang='lat' dir='ltr'><strong>spectabilis.</strong></span> 
     </span>
    </p>
   </div>
   <div class='ocr_carea' id='block_1_70' title="bbox 532 3643 2041 3720">
    <p class='ocr_par' dir='ltr' id='par_1_70' title="bbox 532 3643 2041 3720">
     <span class='ocr_line' id='line_1_70' title="bbox 532 3643 2041 3720; baseline 0.007 -23"><span class='ocrx_word' id='word_1_460' title='bbox 532 3643 588 3698; x_wconf 82' lang='lat'><strong>5.</strong></span> <span class='ocrx_word' id='word_1_461' title='bbox 628 3643 761 3720; x_wconf 73' lang='lat' dir='ltr'><strong>Eam</strong></span> <span class='ocrx_word' id='word_1_462' title='bbox 807 3647 1054 3716; x_wconf 81' lang='lat' dir='ltr'><strong>sequitur</strong></span> <span class='ocrx_word' id='word_1_463' title='bbox 1081 3647 1331 3714; x_wconf 88' lang='lat' dir='ltr'><strong>Zebelet;</strong></span> <span class='ocrx_word' id='word_1_464' title='bbox 1359 3663 1479 3704; x_wconf 82' lang='lat' dir='ltr'><strong>mox</strong></span> <span class='ocrx_word' id='word_1_465' title='bbox 1521 3649 1747 3719; x_wconf 84' lang='lat' dir='ltr'><strong>Berytus</strong></span> <span class='ocrx_word' id='word_1_466' title='bbox 1768 3652 2041 3720; x_wconf 77' lang='lat' dir='ltr'><strong>obiicitur,</strong></span> 
     </span>
    </p>
   </div>
   <div class='ocr_carea' id='block_1_71' title="bbox 464 3735 2040 3808">
    <p class='ocr_par' dir='ltr' id='par_1_71' title="bbox 464 3735 2040 3808">
     <span class='ocr_line' id='line_1_71' title="bbox 464 3735 2040 3808; baseline 0.008 -22"><span class='ocrx_word' id='word_1_467' title='bbox 464 3735 594 3791; x_wconf 89' lang='lat' dir='ltr'><strong>urbs</strong></span> <span class='ocrx_word' id='word_1_468' title='bbox 648 3737 854 3804; x_wconf 79' lang='lat' dir='ltr'><strong>ingens,</strong></span> <span class='ocrx_word' id='word_1_469' title='bbox 915 3749 972 3792; x_wconf 89' lang='lat' dir='ltr'><strong>et</strong></span> <span class='ocrx_word' id='word_1_470' title='bbox 1033 3739 1382 3796; x_wconf 85' lang='lat' dir='ltr'><strong>multitudine</strong></span> <span class='ocrx_word' id='word_1_471' title='bbox 1456 3741 1734 3795; x_wconf 89' lang='lat' dir='ltr'><strong>hominum</strong></span> <span class='ocrx_word' id='word_1_472' title='bbox 1792 3741 2040 3808; x_wconf 82' lang='lat' dir='ltr'><strong>ailluens,</strong></span> 
     </span>
    </p>
   </div>
   <div class='ocr_carea' id='block_1_72' title="bbox 462 3831 2043 3906">
    <p class='ocr_par' dir='ltr' id='par_1_72' title="bbox 462 3831 2043 3906">
     <span class='ocr_line' id='line_1_72' title="bbox 462 3831 2043 3906; baseline 0.008 -26"><span class='ocrx_word' id='word_1_473' title='bbox 462 3839 740 3897; x_wconf 88' lang='lat' dir='ltr'><strong>pratorum</strong></span> <span class='ocrx_word' id='word_1_474' title='bbox 787 3831 1025 3900; x_wconf 90' lang='lat' dir='ltr'><strong>undique</strong></span> <span class='ocrx_word' id='word_1_475' title='bbox 1063 3833 1218 3902; x_wconf 88' lang='lat' dir='ltr'><strong>copia</strong></span> <span class='ocrx_word' id='word_1_476' title='bbox 1279 3843 1451 3903; x_wconf 89' lang='lat' dir='ltr'><strong>septa,</strong></span> <span class='ocrx_word' id='word_1_477' title='bbox 1480 3844 1534 3888; x_wconf 90' lang='lat' dir='ltr'><strong>et</strong></span> <span class='ocrx_word' id='word_1_478' title='bbox 1567 3845 1753 3904; x_wconf 90' lang='lat' dir='ltr'><strong>portus</strong></span> <span class='ocrx_word' id='word_1_479' title='bbox 1803 3837 2043 3906; x_wconf 87' lang='lat' dir='ltr'><strong>pulchri-</strong></span> 
     </span>
    </p>
   </div>
   <div class='ocr_carea' id='block_1_73' title="bbox 467 3921 2040 3991">
    <p class='ocr_par' dir='ltr' id='par_1_73' title="bbox 467 3921 2040 3991">
     <span class='ocr_line' id='line_1_73' title="bbox 467 3921 2040 3991; baseline 0.007 -20"><span class='ocrx_word' id='word_1_480' title='bbox 467 3921 659 3975; x_wconf 86' lang='lat' dir='ltr'><strong>tudine</strong></span> <span class='ocrx_word' id='word_1_481' title='bbox 727 3923 1079 3991; x_wconf 89' lang='lat' dir='ltr'><strong>percelebris.</strong></span> <span class='ocrx_word' id='word_1_482' title='bbox 1131 3923 1357 3979; x_wconf 85' lang='lat' dir='ltr'><strong>Portum</strong></span> <span class='ocrx_word' id='word_1_483' title='bbox 1429 3927 1626 3980; x_wconf 90' lang='lat' dir='ltr'><strong>etenim</strong></span> <span class='ocrx_word' id='word_1_484' title='bbox 1686 3942 1792 3981; x_wconf 90' lang='lat' dir='ltr'><strong>non</strong></span> <span class='ocrx_word' id='word_1_485' title='bbox 1847 3937 2040 3983; x_wconf 85' lang='lat' dir='ltr'><strong>natura</strong></span> 
     </span>
    </p>
   </div>
   <div class='ocr_carea' id='block_1_74' title="bbox 460 4009 2039 4086">
    <p class='ocr_par' dir='ltr' id='par_1_74' title="bbox 460 4009 2039 4086">
     <span class='ocr_line' id='line_1_74' title="bbox 460 4009 2039 4086; baseline 0.009 -22"><span class='ocrx_word' id='word_1_486' title='bbox 460 4009 628 4074; x_wconf 84' lang='lat' dir='ltr'><strong>dedit,</strong></span> <span class='ocrx_word' id='word_1_487' title='bbox 661 4013 752 4067; x_wconf 90' lang='lat' dir='ltr'><strong>sed</strong></span> <span class='ocrx_word' id='word_1_488' title='bbox 785 4013 829 4067; x_wconf 90' lang='lat' dir='ltr'><strong>is</strong></span> <span class='ocrx_word' id='word_1_489' title='bbox 879 4016 1011 4070; x_wconf 91' lang='lat' dir='ltr'><strong>artis</strong></span> <span class='ocrx_word' id='word_1_490' title='bbox 1045 4015 1312 4072; x_wconf 89' lang='lat' dir='ltr'><strong>industria</strong></span> <span class='ocrx_word' id='word_1_491' title='bbox 1351 4017 1706 4086; x_wconf 79' lang='lat' dir='ltr'><strong>fabrefactus,</strong></span> <span class='ocrx_word' id='word_1_492' title='bbox 1760 4022 1813 4078; x_wconf 88' lang='lat' dir='ltr'><strong>in</strong></span> <span class='ocrx_word' id='word_1_493' title='bbox 1861 4023 2039 4079; x_wconf 91' lang='lat' dir='ltr'><strong>sinum</strong></span> 
     </span>
    </p>
   </div>
   <div class='ocr_carea' id='block_1_75' title="bbox 460 4104 2039 4180">
    <p class='ocr_par' dir='ltr' id='par_1_75' title="bbox 460 4104 2039 4180">
     <span class='ocr_line' id='line_1_75' title="bbox 460 4104 2039 4180; baseline 0.009 -24"><span class='ocrx_word' id='word_1_494' title='bbox 460 4104 612 4158; x_wconf 86' lang='lat' dir='ltr'><strong>urbis</strong></span> <span class='ocrx_word' id='word_1_495' title='bbox 641 4107 706 4158; x_wconf 87' lang='lat' dir='ltr'><strong>ad</strong></span> <span class='ocrx_word' id='word_1_496' title='bbox 759 4104 898 4160; x_wconf 77' lang='lat' dir='ltr'><strong>inme</strong></span> <span class='ocrx_word' id='word_1_497' title='bbox 953 4109 1170 4164; x_wconf 91' lang='lat' dir='ltr'><strong>modum</strong></span> <span class='ocrx_word' id='word_1_498' title='bbox 1225 4111 1538 4179; x_wconf 73' lang='lat' dir='ltr'><strong>ingeritur;</strong></span> <span class='ocrx_word' id='word_1_499' title='bbox 1582 4112 1717 4167; x_wconf 89' lang='lat' dir='ltr'><strong>etin</strong></span> <span class='ocrx_word' id='word_1_500' title='bbox 1754 4116 2039 4180; x_wconf 83' lang='lat' dir='ltr'><strong>extremis,</strong></span> 
     </span>
    </p>
   </div>
   <div class='ocr_carea' id='block_1_76' title="bbox 458 4199 2043 4273">
    <p class='ocr_par' dir='ltr' id='par_1_76' title="bbox 458 4199 2043 4273">
     <span class='ocr_line' id='line_1_76' title="bbox 458 4199 2043 4273; baseline 0.01 -27"><span class='ocrx_word' id='word_1_501' title='bbox 458 4210 580 4264; x_wconf 65' lang='lat' dir='ltr'><strong>quae</strong></span> <span class='ocrx_word' id='word_1_502' title='bbox 635 4199 794 4266; x_wconf 86' lang='lat' dir='ltr'><strong>quasi</strong></span> <span class='ocrx_word' id='word_1_503' title='bbox 834 4213 1036 4253; x_wconf 85' lang='lat' dir='ltr'><strong>cornua</strong></span> <span class='ocrx_word' id='word_1_504' title='bbox 1086 4213 1404 4271; x_wconf 79' lang='lat' dir='ltr'><strong>egeruntur,</strong></span> <span class='ocrx_word' id='word_1_505' title='bbox 1435 4204 1555 4258; x_wconf 60' lang='lat' dir='ltr'><strong>duae</strong></span> <span class='ocrx_word' id='word_1_506' title='bbox 1607 4219 1814 4273; x_wconf 73' lang='lat' dir='ltr'><strong>magnae</strong></span> <span class='ocrx_word' id='word_1_507' title='bbox 1867 4215 2043 4262; x_wconf 87' lang='lat' dir='ltr'><strong>turres</strong></span> 
     </span>
    </p>
   </div>
   <div class='ocr_carea' id='block_1_77' title="bbox 458 4294 2043 4366">
    <p class='ocr_par' dir='ltr' id='par_1_77' title="bbox 458 4294 2043 4366">
     <span class='ocr_line' id='line_1_77' title="bbox 458 4294 2043 4366; baseline 0.007 -26"><span class='ocrx_word' id='word_1_508' title='bbox 458 4296 747 4343; x_wconf 73' lang='lat' dir='ltr'><strong>exstructa:</strong></span> <span class='ocrx_word' id='word_1_509' title='bbox 783 4300 930 4352; x_wconf 89' lang='lat' dir='ltr'><strong>sunt,</strong></span> <span class='ocrx_word' id='word_1_510' title='bbox 985 4306 1214 4359; x_wconf 86' lang='lat' dir='ltr'><strong>quarum</strong></span> <span class='ocrx_word' id='word_1_511' title='bbox 1253 4309 1317 4348; x_wconf 79' lang='lat' dir='ltr'><strong>ex</strong></span> <span class='ocrx_word' id='word_1_512' title='bbox 1361 4311 1466 4349; x_wconf 84' lang='lat' dir='ltr'><strong>una</strong></span> <span class='ocrx_word' id='word_1_513' title='bbox 1532 4294 1585 4348; x_wconf 93' lang='lat' dir='ltr'><strong>in</strong></span> <span class='ocrx_word' id='word_1_514' title='bbox 1637 4295 1863 4350; x_wconf 88' lang='lat' dir='ltr'><strong>alteram</strong></span> <span class='ocrx_word' id='word_1_515' title='bbox 1914 4311 2043 4366; x_wconf 91' lang='lat' dir='ltr'><strong>pro-</strong></span> 
     </span>
    </p>
   </div>
   <div class='ocr_carea' id='block_1_78' title="bbox 459 4382 2041 4451">
    <p class='ocr_par' dir='ltr' id='par_1_78' title="bbox 459 4382 2041 4451">
     <span class='ocr_line' id='line_1_78' title="bbox 459 4382 2041 4451; baseline 0.006 -20"><span class='ocrx_word' id='word_1_516' title='bbox 459 4384 614 4431; x_wconf 85' lang='lat' dir='ltr'><strong>tonsa</strong></span> <span class='ocrx_word' id='word_1_517' title='bbox 643 4387 830 4432; x_wconf 89' lang='lat' dir='ltr'><strong>catena</strong></span> <span class='ocrx_word' id='word_1_518' title='bbox 869 4395 1033 4434; x_wconf 90' lang='lat' dir='ltr'><strong>naves</strong></span> <span class='ocrx_word' id='word_1_519' title='bbox 1071 4382 1121 4434; x_wconf 92' lang='lat' dir='ltr'><strong>iu</strong></span> <span class='ocrx_word' id='word_1_520' title='bbox 1161 4393 1316 4451; x_wconf 89' lang='lat' dir='ltr'><strong>portu</strong></span> <span class='ocrx_word' id='word_1_521' title='bbox 1371 4393 1576 4440; x_wconf 87' lang='lat' dir='ltr'><strong>stantes</strong></span> <span class='ocrx_word' id='word_1_522' title='bbox 1606 4383 1847 4440; x_wconf 83' lang='lat' dir='ltr'><strong>obserat.</strong></span> <span class='ocrx_word' id='word_1_523' title='bbox 1915 4385 2041 4442; x_wconf 63' lang='lat' dir='ltr'><strong>Haec</strong></span> 
     </span>
    </p>
   </div>
   <div class='ocr_carea' id='block_1_79' title="bbox 459 4465 1577 4539">
    <p class='ocr_par' dir='ltr' id='par_1_79' title="bbox 459 4465 1577 4539">
     <span class='ocr_line' id='line_1_79' title="bbox 459 4465 1577 4539; baseline 0.008 -20"><span class='ocrx_word' id='word_1_524' title='bbox 459 4475 514 4519; x_wconf 87' lang='lat' dir='ltr'><strong>et</strong></span> <span class='ocrx_word' id='word_1_525' title='bbox 545 4465 715 4535; x_wconf 67' lang='lat' dir='ltr'><strong>Syriis</strong></span> <span class='ocrx_word' id='word_1_526' title='bbox 746 4465 1149 4539; x_wconf 63' lang='lat' dir='ltr'><strong>Pbaaniciaequc</strong></span> <span class='ocrx_word' id='word_1_527' title='bbox 1179 4473 1443 4526; x_wconf 87' lang='lat' dir='ltr'><strong>terminus</strong></span> <span class='ocrx_word' id='word_1_528' title='bbox 1472 4481 1577 4528; x_wconf 84' lang='lat' dir='ltr'><strong>est.</strong></span> 
     </span>
    </p>
   </div>
   <div class='ocr_carea' id='block_1_80' title="bbox 531 4649 2039 4730">
    <p class='ocr_par' dir='ltr' id='par_1_80' title="bbox 531 4649 2039 4730">
     <span class='ocr_line' id='line_1_80' title="bbox 531 4649 2039 4730; baseline 0.005 -26"><span class='ocrx_word' id='word_1_529' title='bbox 531 4649 584 4704; x_wconf 89' lang='lat'><strong>6.</strong></span> <span class='ocrx_word' id='word_1_530' title='bbox 616 4649 822 4705; x_wconf 88' lang='lat' dir='ltr'><strong>Dehinc</strong></span> <span class='ocrx_word' id='word_1_531' title='bbox 872 4649 1060 4717; x_wconf 87' lang='lat' dir='ltr'><strong>Sidon,</strong></span> <span class='ocrx_word' id='word_1_532' title='bbox 1103 4662 1156 4708; x_wconf 93' lang='lat' dir='ltr'><strong>et</strong></span> <span class='ocrx_word' id='word_1_533' title='bbox 1197 4654 1248 4708; x_wconf 94' lang='lat' dir='ltr'><strong>in</strong></span> <span class='ocrx_word' id='word_1_534' title='bbox 1299 4669 1360 4709; x_wconf 91' lang='lat' dir='ltr'><strong>ea</strong></span> <span class='ocrx_word' id='word_1_535' title='bbox 1408 4666 1620 4724; x_wconf 90' lang='lat' dir='ltr'><strong>portus,</strong></span> <span class='ocrx_word' id='word_1_536' title='bbox 1672 4657 1882 4730; x_wconf 79' lang='lat' dir='ltr'><strong>Didymi</strong></span> <span class='ocrx_word' id='word_1_537' title='bbox 1939 4673 2039 4712; x_wconf 88' lang='lat' dir='ltr'><strong>no-</strong></span> 
     </span>
    </p>
   </div>
   <div class='ocr_carea' id='block_1_81' title="bbox 461 4742 2043 4818">
    <p class='ocr_par' dir='ltr' id='par_1_81' title="bbox 461 4742 2043 4818">
     <span class='ocr_line' id='line_1_81' title="bbox 461 4742 2043 4818; baseline 0.004 -22"><span class='ocrx_word' id='word_1_538' title='bbox 461 4742 609 4796; x_wconf 89' lang='lat' dir='ltr'><strong>mine</strong></span> <span class='ocrx_word' id='word_1_539' title='bbox 660 4743 868 4797; x_wconf 85' lang='lat' dir='ltr'><strong>cluens.</strong></span> <span class='ocrx_word' id='word_1_540' title='bbox 914 4743 1062 4798; x_wconf 87' lang='lat' dir='ltr'><strong>Illius</strong></span> <span class='ocrx_word' id='word_1_541' title='bbox 1118 4746 1253 4798; x_wconf 86' lang='lat' dir='ltr'><strong>situs</strong></span> <span class='ocrx_word' id='word_1_542' title='bbox 1284 4746 1723 4816; x_wconf 89' lang='lat' dir='ltr'><strong>descriptionem,</strong></span> <span class='ocrx_word' id='word_1_543' title='bbox 1778 4750 1869 4818; x_wconf 93' lang='lat' dir='ltr'><strong>qui</strong></span> <span class='ocrx_word' id='word_1_544' title='bbox 1904 4750 2043 4803; x_wconf 87' lang='lat' dir='ltr'><strong>Leu-</strong></span> 
     </span>
    </p>
   </div>
   <div class='ocr_carea' id='block_1_82' title="bbox 458 4833 2036 4907">
    <p class='ocr_par' dir='ltr' id='par_1_82' title="bbox 458 4833 2036 4907">
     <span class='ocr_line' id='line_1_82' title="bbox 458 4833 2036 4907; baseline 0.004 -21"><span class='ocrx_word' id='word_1_545' title='bbox 458 4833 642 4900; x_wconf 89' lang='lat' dir='ltr'><strong>cippes</strong></span> <span class='ocrx_word' id='word_1_546' title='bbox 670 4847 756 4886; x_wconf 84' lang='lat' dir='ltr'><strong>res</strong></span> <span class='ocrx_word' id='word_1_547' title='bbox 779 4842 956 4902; x_wconf 77' lang='lat' dir='ltr'><strong>gestas</strong></span> <span class='ocrx_word' id='word_1_548' title='bbox 988 4835 1190 4901; x_wconf 91' lang='lat' dir='ltr'><strong>scripto</strong></span> <span class='ocrx_word' id='word_1_549' title='bbox 1226 4835 1469 4899; x_wconf 88' lang='lat' dir='ltr'><strong>tradidit,</strong></span> <span class='ocrx_word' id='word_1_550' title='bbox 1489 4839 1691 4905; x_wconf 91' lang='lat' dir='ltr'><strong>optime</strong></span> <span class='ocrx_word' id='word_1_551' title='bbox 1723 4840 1990 4907; x_wconf 80' lang='lat' dir='ltr'><strong>expressit</strong></span> <span class='ocrx_word' id='word_1_552' title='bbox 2022 4856 2036 4906; x_wconf 91' lang='lat'><strong>;</strong></span> 
     </span>
    </p>
   </div>
   <div class='ocr_carea' id='block_1_83' title="bbox 460 4925 2037 4997">
    <p class='ocr_par' dir='ltr' id='par_1_83' title="bbox 460 4925 2037 4997">
     <span class='ocr_line' id='line_1_83' title="bbox 460 4925 2037 4997; baseline 0.003 -17"><span class='ocrx_word' id='word_1_553' title='bbox 460 4939 696 4992; x_wconf 89' lang='lat' dir='ltr'><strong>namque</strong></span> <span class='ocrx_word' id='word_1_554' title='bbox 727 4925 770 4977; x_wconf 93' lang='lat' dir='ltr'><strong>si</strong></span> <span class='ocrx_word' id='word_1_555' title='bbox 805 4925 869 4978; x_wconf 89' lang='lat' dir='ltr'><strong>ad</strong></span> <span class='ocrx_word' id='word_1_556' title='bbox 917 4926 1092 4979; x_wconf 88' lang='lat' dir='ltr'><strong>locmn</strong></span> <span class='ocrx_word' id='word_1_557' title='bbox 1135 4927 1431 4995; x_wconf 84' lang='lat' dir='ltr'><strong>appuleris,</strong></span> <span class='ocrx_word' id='word_1_558' title='bbox 1472 4939 1706 4997; x_wconf 86' lang='lat' dir='ltr'><strong>portum,</strong></span> <span class='ocrx_word' id='word_1_559' title='bbox 1759 4938 1812 4983; x_wconf 91' lang='lat' dir='ltr'><strong>et</strong></span> <span class='ocrx_word' id='word_1_560' title='bbox 1857 4929 2037 4984; x_wconf 88' lang='lat' dir='ltr'><strong>sinum</strong></span> 
     </span>
    </p>
   </div>
   <div class='ocr_carea' id='block_1_84' title="bbox 461 5017 2040 5085">
    <p class='ocr_par' dir='ltr' id='par_1_84' title="bbox 461 5017 2040 5085">
     <span class='ocr_line' id='line_1_84' title="bbox 461 5017 2040 5085; baseline 0.003 -17"><span class='ocrx_word' id='word_1_561' title='bbox 461 5026 587 5070; x_wconf 88' lang='lat' dir='ltr'><strong>ante</strong></span> <span class='ocrx_word' id='word_1_562' title='bbox 620 5024 858 5085; x_wconf 89' lang='lat' dir='ltr'><strong>portum,</strong></span> <span class='ocrx_word' id='word_1_563' title='bbox 903 5029 963 5070; x_wconf 88' lang='lat' dir='ltr'><strong>ut</strong></span> <span class='ocrx_word' id='word_1_564' title='bbox 1011 5019 1213 5085; x_wconf 86' lang='lat' dir='ltr'><strong>scripto</strong></span> <span class='ocrx_word' id='word_1_565' title='bbox 1241 5017 1558 5083; x_wconf 88' lang='lat' dir='ltr'><strong>deliueatur,</strong></span> <span class='ocrx_word' id='word_1_566' title='bbox 1593 5034 1788 5074; x_wconf 91' lang='lat' dir='ltr'><strong>revera</strong></span> <span class='ocrx_word' id='word_1_567' title='bbox 1827 5020 1898 5072; x_wconf 90' lang='lat' dir='ltr'><strong>ita</strong></span> <span class='ocrx_word' id='word_1_568' title='bbox 1920 5034 2040 5074; x_wconf 89' lang='lat' dir='ltr'><strong>esse</strong></span> 
     </span>
    </p>
   </div>
   <div class='ocr_carea' id='block_1_85' title="bbox 466 5109 2041 5182">
    <p class='ocr_par' dir='ltr' id='par_1_85' title="bbox 466 5109 2041 5182">
     <span class='ocr_line' id='line_1_85' title="bbox 466 5109 2041 5182; baseline 0.003 -20"><span class='ocrx_word' id='word_1_569' title='bbox 466 5109 784 5163; x_wconf 83' lang='lat' dir='ltr'><strong>intueberis.</strong></span> <span class='ocrx_word' id='word_1_570' title='bbox 827 5110 994 5182; x_wconf 80' lang='lat' dir='ltr'><strong>Extra</strong></span> <span class='ocrx_word' id='word_1_571' title='bbox 1049 5111 1254 5171; x_wconf 89' lang='lat' dir='ltr'><strong>urbem,</strong></span> <span class='ocrx_word' id='word_1_572' title='bbox 1289 5111 1355 5164; x_wconf 90' lang='lat' dir='ltr'><strong>ad</strong></span> <span class='ocrx_word' id='word_1_573' title='bbox 1391 5111 1552 5165; x_wconf 90' lang='lat' dir='ltr'><strong>trium</strong></span> <span class='ocrx_word' id='word_1_574' title='bbox 1611 5112 1928 5180; x_wconf 79' lang='lat' dir='ltr'><strong>sagittarum</strong></span> <span class='ocrx_word' id='word_1_575' title='bbox 1957 5114 2041 5182; x_wconf 90' lang='lat' dir='ltr'><strong>ja-</strong></span> 
     </span>
    </p>
   </div>
   <div class='ocr_carea' id='block_1_86' title="bbox 464 5173 2036 5272">
    <p class='ocr_par' dir='ltr' id='par_1_86' title="bbox 464 5173 2036 5272">
     <span class='ocr_line' id='line_1_86' title="bbox 464 5173 2036 5272; baseline 0.003 -18"><span class='ocrx_word' id='word_1_576' title='bbox 464 5211 630 5268; x_wconf 93' lang='lat' dir='ltr'><strong>ctum,</strong></span> <span class='ocrx_word' id='word_1_577' title='bbox 669 5203 921 5270; x_wconf 87' lang='lat' dir='ltr'><strong>templum</strong></span> <span class='ocrx_word' id='word_1_578' title='bbox 945 5173 1184 5266; x_wconf 62' lang='lat' dir='ltr'><strong>\visitur,</strong></span> <span class='ocrx_word' id='word_1_579' title='bbox 1239 5204 1448 5272; x_wconf 87' lang='lat' dir='ltr'><strong>porticu</strong></span> <span class='ocrx_word' id='word_1_580' title='bbox 1503 5203 1776 5271; x_wconf 75' lang='lat' dir='ltr'><strong>przelonga</strong></span> <span class='ocrx_word' id='word_1_581' title='bbox 1837 5219 2036 5259; x_wconf 84' lang='lat' dir='ltr'><strong>conca-</strong></span> 
     </span>
    </p>
   </div>
   <div class='ocr_carea' id='block_1_87' title="bbox 469 5295 2040 5364">
    <p class='ocr_par' dir='ltr' id='par_1_87' title="bbox 469 5295 2040 5364">
     <span class='ocr_line' id='line_1_87' title="bbox 469 5295 2040 5364; baseline 0.004 -20"><span class='ocrx_word' id='word_1_582' title='bbox 469 5303 772 5359; x_wconf 87' lang='lat' dir='ltr'><strong>meratum;</strong></span> <span class='ocrx_word' id='word_1_583' title='bbox 823 5303 875 5348; x_wconf 75' lang='lat' dir='ltr'><strong>et</strong></span> <span class='ocrx_word' id='word_1_584' title='bbox 919 5295 1099 5363; x_wconf 87' lang='lat' dir='ltr'><strong>templi</strong></span> <span class='ocrx_word' id='word_1_585' title='bbox 1152 5295 1358 5364; x_wconf 87' lang='lat' dir='ltr'><strong>mytulo</strong></span> <span class='ocrx_word' id='word_1_586' title='bbox 1384 5296 1676 5359; x_wconf 84' lang='lat' dir='ltr'><strong>quadratus</strong></span> <span class='ocrx_word' id='word_1_587' title='bbox 1702 5295 1838 5363; x_wconf 88' lang='lat' dir='ltr'><strong>lapis</strong></span> <span class='ocrx_word' id='word_1_588' title='bbox 1873 5295 2040 5350; x_wconf 74' lang='lat' dir='ltr'><strong>iuba:-</strong></span> 
     </span>
    </p>
   </div>
   <div class='ocr_carea' id='block_1_88' title="bbox 467 5384 2037 5452">
    <p class='ocr_par' dir='ltr' id='par_1_88' title="bbox 467 5384 2037 5452">
     <span class='ocr_line' id='line_1_88' title="bbox 467 5384 2037 5452; baseline 0.004 -18"><span class='ocrx_word' id='word_1_589' title='bbox 467 5392 570 5444; x_wconf 86' lang='lat' dir='ltr'><strong>ret,</strong></span> <span class='ocrx_word' id='word_1_590' title='bbox 601 5384 652 5436; x_wconf 89' lang='lat' dir='ltr'><strong>itt</strong></span> <span class='ocrx_word' id='word_1_591' title='bbox 685 5400 813 5452; x_wconf 82' lang='lat' dir='ltr'><strong>quo,</strong></span> <span class='ocrx_word' id='word_1_592' title='bbox 841 5394 899 5439; x_wconf 91' lang='lat' dir='ltr'><strong>ut</strong></span> <span class='ocrx_word' id='word_1_593' title='bbox 923 5385 1211 5438; x_wconf 90' lang='lat' dir='ltr'><strong>multorum</strong></span> <span class='ocrx_word' id='word_1_594' title='bbox 1232 5395 1286 5438; x_wconf 90' lang='lat' dir='ltr'><strong>et</strong></span> <span class='ocrx_word' id='word_1_595' title='bbox 1323 5385 1561 5446; x_wconf 87' lang='lat' dir='ltr'><strong>traditio.</strong></span> <span class='ocrx_word' id='word_1_596' title='bbox 1584 5384 2037 5442; x_wconf 80' lang='lat' dir='ltr'><strong>Salvatormundi</strong></span> 
     </span>
    </p>
   </div>
   <div class='ocr_carea' id='block_1_89' title="bbox 461 5473 1492 5540">
    <p class='ocr_par' dir='ltr' id='par_1_89' title="bbox 461 5473 1492 5540">
     <span class='ocr_line' id='line_1_89' title="bbox 461 5473 1492 5540; baseline -0.002 -9"><span class='ocrx_word' id='word_1_597' title='bbox 461 5475 712 5531; x_wconf 84' lang='lat' dir='ltr'><strong>Christus</strong></span> <span class='ocrx_word' id='word_1_598' title='bbox 737 5483 908 5540; x_wconf 87' lang='lat' dir='ltr'><strong>stans,</strong></span> <span class='ocrx_word' id='word_1_599' title='bbox 945 5475 1130 5530; x_wconf 85' lang='lat' dir='ltr'><strong>turbas</strong></span> <span class='ocrx_word' id='word_1_600' title='bbox 1163 5473 1492 5529; x_wconf 86' lang='lat' dir='ltr'><strong>instituebat.</strong></span> 
     </span>
    </p>
   </div>
   <div class='ocr_carea' id='block_1_90' title="bbox 535 5657 2040 5724">
    <p class='ocr_par' dir='ltr' id='par_1_90' title="bbox 535 5657 2040 5724">
     <span class='ocr_line' id='line_1_90' title="bbox 535 5657 2040 5724; baseline 0.001 -12"><span class='ocrx_word' id='word_1_601' title='bbox 535 5661 588 5712; x_wconf 87' lang='lat'><strong>7.</strong></span> <span class='ocrx_word' id='word_1_602' title='bbox 617 5657 747 5714; x_wconf 81' lang='lat' dir='ltr'><strong>Post</strong></span> <span class='ocrx_word' id='word_1_603' title='bbox 785 5658 1042 5712; x_wconf 88' lang='lat' dir='ltr'><strong>Sidonem</strong></span> <span class='ocrx_word' id='word_1_604' title='bbox 1092 5657 1354 5724; x_wconf 87' lang='lat' dir='ltr'><strong>Sarephta</strong></span> <span class='ocrx_word' id='word_1_605' title='bbox 1381 5665 1617 5712; x_wconf 91' lang='lat' dir='ltr'><strong>castrum</strong></span> <span class='ocrx_word' id='word_1_606' title='bbox 1653 5659 1703 5712; x_wconf 89' lang='lat' dir='ltr'><strong>in</strong></span> <span class='ocrx_word' id='word_1_607' title='bbox 1771 5657 2040 5713; x_wconf 89' lang='lat' dir='ltr'><strong>alluvione</strong></span> 
     </span>
    </p>
   </div>
   <div class='ocr_carea' id='block_1_91' title="bbox 470 5745 2038 5822">
    <p class='ocr_par' dir='ltr' id='par_1_91' title="bbox 470 5745 2038 5822">
     <span class='ocr_line' id='line_1_91' title="bbox 470 5745 2038 5822; baseline -0.001 -20"><span class='ocrx_word' id='word_1_608' title='bbox 470 5750 585 5820; x_wconf 84' lang='lat' dir='ltr'><strong>ipsa</strong></span> <span class='ocrx_word' id='word_1_609' title='bbox 623 5751 788 5806; x_wconf 84' lang='lat' dir='ltr'><strong>maris</strong></span> <span class='ocrx_word' id='word_1_610' title='bbox 820 5748 1095 5818; x_wconf 84' lang='lat' dir='ltr'><strong>fundatur,</strong></span> <span class='ocrx_word' id='word_1_611' title='bbox 1123 5758 1177 5806; x_wconf 89' lang='lat' dir='ltr'><strong>et</strong></span> <span class='ocrx_word' id='word_1_612' title='bbox 1202 5748 1459 5819; x_wconf 89' lang='lat' dir='ltr'><strong>templum</strong></span> <span class='ocrx_word' id='word_1_613' title='bbox 1517 5749 1793 5822; x_wconf 69' lang='lat' dir='ltr'><strong>propheta:</strong></span> <span class='ocrx_word' id='word_1_614' title='bbox 1820 5745 1951 5802; x_wconf 76' lang='lat' dir='ltr'><strong>Elia:</strong></span> <span class='ocrx_word' id='word_1_615' title='bbox 1985 5748 2038 5801; x_wconf 92' lang='lat' dir='ltr'><strong>in</strong></span> 
     </span>
    </p>
   </div>
   <div class='ocr_carea' id='block_1_92' title="bbox 2149 3463 3729 3534">
    <p class='ocr_par' dir='ltr' id='par_1_92' title="bbox 2149 3463 3729 3534">
     <span class='ocr_line' id='line_1_92' title="bbox 2149 3463 3729 3534; baseline 0.003 -21"><span class='ocrx_word' id='word_1_616' title='bbox 2149 3466 2496 3533; x_wconf 81' lang='grc' dir='ltr'>σμικροτάτη</span> <span class='ocrx_word' id='word_1_617' title='bbox 2527 3463 2672 3530; x_wconf 69' lang='grc' dir='ltr'>ἄγαν</span> <span class='ocrx_word' id='word_1_618' title='bbox 2702 3464 2759 3515; x_wconf 82' lang='grc' dir='ltr'>ἐν</span> <span class='ocrx_word' id='word_1_619' title='bbox 2791 3466 2858 3534; x_wconf 80' lang='grc' dir='ltr'>τῇ</span> <span class='ocrx_word' id='word_1_620' title='bbox 2887 3465 3181 3534; x_wconf 79' lang='grc' dir='ltr'>περιϐόλου</span> <span class='ocrx_word' id='word_1_621' title='bbox 3214 3468 3559 3534; x_wconf 80' lang='grc' dir='ltr'>περιγραφῇ,</span> <span class='ocrx_word' id='word_1_622' title='bbox 3600 3464 3729 3533; x_wconf 76' lang='grc' dir='ltr'>ὕψει</span> 
     </span>
    </p>
   </div>
   <div class='ocr_carea' id='block_1_93' title="bbox 2145 3548 3726 3622">
    <p class='ocr_par' dir='ltr' id='par_1_93' title="bbox 2145 3548 3726 3622">
     <span class='ocr_line' id='line_1_93' title="bbox 2145 3548 3726 3622; baseline 0.005 -21"><span class='ocrx_word' id='word_1_623' title='bbox 2145 3548 2201 3601; x_wconf 83' lang='grc' dir='ltr'><strong>δέ</strong></span> <span class='ocrx_word' id='word_1_624' title='bbox 2239 3550 2469 3619; x_wconf 83' lang='grc' dir='ltr'>τειχέων</span> <span class='ocrx_word' id='word_1_625' title='bbox 2502 3554 2596 3604; x_wconf 73' lang='grc' dir='ltr'>καὶ</span> <span class='ocrx_word' id='word_1_626' title='bbox 2640 3553 2870 3622; x_wconf 83' lang='grc' dir='ltr'>καλλονῇ</span> <span class='ocrx_word' id='word_1_627' title='bbox 2928 3554 3247 3621; x_wconf 72' lang='grc' dir='ltr'>κτισμάτων</span> <span class='ocrx_word' id='word_1_628' title='bbox 3300 3553 3726 3622; x_wconf 76' lang='grc' dir='ltr'>καθωραΐζεται.</span> 
     </span>
    </p>
   </div>
   <div class='ocr_carea' id='block_1_94' title="bbox 2218 3639 3732 3711">
    <p class='ocr_par' dir='ltr' id='par_1_94' title="bbox 2218 3639 3732 3711">
     <span class='ocr_line' id='line_1_94' title="bbox 2218 3639 3732 3711; baseline 0.002 -19"><span class='ocrx_word' id='word_1_629' title='bbox 2218 3639 2280 3693; x_wconf 86' lang='grc' dir='ltr'><strong>ε’.</strong></span> <span class='ocrx_word' id='word_1_630' title='bbox 2316 3641 2451 3693; x_wconf 83' lang='grc' dir='ltr'>Μετ’</span> <span class='ocrx_word' id='word_1_631' title='bbox 2515 3643 2685 3711; x_wconf 84' lang='grc' dir='ltr'>αὐτήν</span> <span class='ocrx_word' id='word_1_632' title='bbox 2714 3644 2831 3695; x_wconf 84' lang='grc' dir='ltr'>ἐστι</span> <span class='ocrx_word' id='word_1_633' title='bbox 2884 3643 2944 3695; x_wconf 84' lang='grc' dir='ltr'>τὸ</span> <span class='ocrx_word' id='word_1_634' title='bbox 2994 3643 3292 3711; x_wconf 78' lang='grc' dir='ltr'>λεγόμενον</span> <span class='ocrx_word' id='word_1_635' title='bbox 3325 3642 3582 3698; x_wconf 82' lang='grc' dir='ltr'>Ζεϐελέτ.</span> <span class='ocrx_word' id='word_1_636' title='bbox 3617 3643 3732 3695; x_wconf 75' lang='grc' dir='ltr'><strong>Καὶ</strong></span> 
     </span>
    </p>
   </div>
   <div class='ocr_carea' id='block_1_95' title="bbox 2145 3726 3726 3801">
    <p class='ocr_par' dir='ltr' id='par_1_95' title="bbox 2145 3726 3726 3801">
     <span class='ocr_line' id='line_1_95' title="bbox 2145 3726 3726 3801; baseline 0.002 -21"><span class='ocrx_word' id='word_1_637' title='bbox 2145 3726 2320 3790; x_wconf 76' lang='grc' dir='ltr'>οὕτως</span> <span class='ocrx_word' id='word_1_638' title='bbox 2350 3731 2386 3799; x_wconf 79' lang='grc' dir='ltr'><strong>ἡ</strong></span> <span class='ocrx_word' id='word_1_639' title='bbox 2409 3729 2656 3799; x_wconf 80' lang='grc' dir='ltr'>Βηρυτὺς</span> <span class='ocrx_word' id='word_1_640' title='bbox 2687 3730 2841 3793; x_wconf 84' lang='grc' dir='ltr'>πόλις</span> <span class='ocrx_word' id='word_1_641' title='bbox 2879 3730 3091 3800; x_wconf 83' lang='grc' dir='ltr'>μεγάλη</span> <span class='ocrx_word' id='word_1_642' title='bbox 3127 3733 3222 3785; x_wconf 77' lang='grc' dir='ltr'>καὶ</span> <span class='ocrx_word' id='word_1_643' title='bbox 3274 3732 3726 3801; x_wconf 72' lang='grc' dir='ltr'>πολυάνθρωπος,</span> 
     </span>
    </p>
   </div>
   <div class='ocr_carea' id='block_1_96' title="bbox 2145 3819 3729 3893">
    <p class='ocr_par' dir='ltr' id='par_1_96' title="bbox 2145 3819 3729 3893">
     <span class='ocr_line' id='line_1_96' title="bbox 2145 3819 3729 3893; baseline 0.003 -21"><span class='ocrx_word' id='word_1_644' title='bbox 2145 3819 2426 3888; x_wconf 85' lang='grc' dir='ltr'>λειμώνων</span> <span class='ocrx_word' id='word_1_645' title='bbox 2487 3822 3032 3892; x_wconf 86' lang='grc' dir='ltr'>περιστοιχειουμένη</span> <span class='ocrx_word' id='word_1_646' title='bbox 3077 3824 3351 3893; x_wconf 89' lang='grc' dir='ltr'>πλήθεσι,</span> <span class='ocrx_word' id='word_1_647' title='bbox 3406 3825 3499 3878; x_wconf 75' lang='grc' dir='ltr'>καὶ</span> <span class='ocrx_word' id='word_1_648' title='bbox 3540 3824 3729 3879; x_wconf 73' lang='grc' dir='ltr'>κάλλει</span> 
     </span>
    </p>
   </div>
   <div class='ocr_carea' id='block_1_97' title="bbox 2144 3912 3731 3986">
    <p class='ocr_par' dir='ltr' id='par_1_97' title="bbox 2144 3912 3731 3986">
     <span class='ocr_line' id='line_1_97' title="bbox 2144 3912 3731 3986; baseline 0.004 -23"><span class='ocrx_word' id='word_1_649' title='bbox 2144 3912 2364 3981; x_wconf 85' lang='grc' dir='ltr'>λιμένος</span> <span class='ocrx_word' id='word_1_650' title='bbox 2396 3913 2849 3984; x_wconf 88' lang='grc' dir='ltr'>λαμπρυνομένη.</span> <span class='ocrx_word' id='word_1_651' title='bbox 2879 3917 2953 3968; x_wconf 84' lang='grc' dir='ltr'><strong>Ού</strong></span> <span class='ocrx_word' id='word_1_652' title='bbox 2985 3916 3095 3986; x_wconf 77' lang='grc' dir='ltr'><strong>γὰρ</strong></span> <span class='ocrx_word' id='word_1_653' title='bbox 3133 3922 3364 3984; x_wconf 83' lang='grc' dir='ltr'>φυσικός</span> <span class='ocrx_word' id='word_1_654' title='bbox 3410 3919 3557 3972; x_wconf 81' lang='grc' dir='ltr'>ἐστιν</span> <span class='ocrx_word' id='word_1_655' title='bbox 3591 3918 3619 3970; x_wconf 94' lang='lat'><strong>6</strong></span> <span class='ocrx_word' id='word_1_656' title='bbox 3649 3919 3731 3971; x_wconf 90' lang='grc' dir='ltr'>λι-</span> 
     </span>
    </p>
   </div>
   <div class='ocr_carea' id='block_1_98' title="bbox 2149 4003 3730 4078">
    <p class='ocr_par' dir='ltr' id='par_1_98' title="bbox 2149 4003 3730 4078">
     <span class='ocr_line' id='line_1_98' title="bbox 2149 4003 3730 4078; baseline 0.006 -27"><span class='ocrx_word' id='word_1_657' title='bbox 2149 4004 2279 4070; x_wconf 79' lang='grc' dir='ltr'>μὴν,</span> <span class='ocrx_word' id='word_1_658' title='bbox 2320 4003 2458 4078; x_wconf 80' lang='grc' dir='ltr'>ἀλλὰ</span> <span class='ocrx_word' id='word_1_659' title='bbox 2486 4004 2756 4073; x_wconf 84' lang='grc' dir='ltr'>τεχνικῶς</span> <span class='ocrx_word' id='word_1_660' title='bbox 2793 4006 3114 4076; x_wconf 86' lang='grc' dir='ltr'>γενόμενος,</span> <span class='ocrx_word' id='word_1_661' title='bbox 3180 4008 3482 4076; x_wconf 85' lang='grc' dir='ltr'>μηνοειδῶς</span> <span class='ocrx_word' id='word_1_662' title='bbox 3531 4009 3730 4075; x_wconf 82' lang='grc' dir='ltr'>ἐγκολ-</span> 
     </span>
    </p>
   </div>
   <div class='ocr_carea' id='block_1_99' title="bbox 2145 4092 3721 4168">
    <p class='ocr_par' dir='ltr' id='par_1_99' title="bbox 2145 4092 3721 4168">
     <span class='ocr_line' id='line_1_99' title="bbox 2145 4092 3721 4168; baseline 0.005 -24"><span class='ocrx_word' id='word_1_663' title='bbox 2145 4092 2344 4146; x_wconf 86' lang='grc' dir='ltr'>ποῦται</span> <span class='ocrx_word' id='word_1_664' title='bbox 2371 4097 2438 4163; x_wconf 79' lang='grc' dir='ltr'>τῇ</span> <span class='ocrx_word' id='word_1_665' title='bbox 2493 4094 2670 4160; x_wconf 85' lang='grc' dir='ltr'>πόλει,</span> <span class='ocrx_word' id='word_1_666' title='bbox 2715 4097 2810 4149; x_wconf 73' lang='grc' dir='ltr'>καὶ</span> <span class='ocrx_word' id='word_1_667' title='bbox 2843 4097 2974 4166; x_wconf 75' lang='grc' dir='ltr'>περὶ</span> <span class='ocrx_word' id='word_1_668' title='bbox 3017 4098 3085 4151; x_wconf 76' lang='grc' dir='ltr'><strong>τὰ</strong></span> <span class='ocrx_word' id='word_1_669' title='bbox 3134 4097 3230 4151; x_wconf 93' lang='grc' dir='ltr'><strong>τοῦ</strong></span> <span class='ocrx_word' id='word_1_670' title='bbox 3266 4097 3574 4166; x_wconf 88' lang='grc' dir='ltr'>μονοειδοῦς</span> <span class='ocrx_word' id='word_1_671' title='bbox 3608 4097 3721 4168; x_wconf 79' lang='grc' dir='ltr'><strong>[ῖσ.</strong></span> 
     </span>
    </p>
   </div>
   <div class='ocr_carea' id='block_1_100' title="bbox 2147 4183 3728 4257">
    <p class='ocr_par' dir='ltr' id='par_1_100' title="bbox 2147 4183 3728 4257">
     <span class='ocr_line' id='line_1_100' title="bbox 2147 4183 3728 4257; baseline 0.004 -23"><span class='ocrx_word' id='word_1_672' title='bbox 2147 4183 2494 4255; x_wconf 86' lang='grc' dir='ltr'>μηνοειδοῦς]</span> <span class='ocrx_word' id='word_1_673' title='bbox 2553 4186 2833 4254; x_wconf 71' lang='grc' dir='ltr'>σχήματα,</span> <span class='ocrx_word' id='word_1_674' title='bbox 2868 4187 3080 4256; x_wconf 87' lang='grc' dir='ltr'>κέρατα</span> <span class='ocrx_word' id='word_1_675' title='bbox 3129 4187 3223 4241; x_wconf 86' lang='grc' dir='ltr'><strong>δύο</strong></span> <span class='ocrx_word' id='word_1_676' title='bbox 3262 4188 3488 4257; x_wconf 85' lang='grc' dir='ltr'>μεγάλοι</span> <span class='ocrx_word' id='word_1_677' title='bbox 3517 4187 3728 4256; x_wconf 86' lang='grc' dir='ltr'>πύργοι</span> 
     </span>
    </p>
   </div>
   <div class='ocr_carea' id='block_1_101' title="bbox 2145 4270 3728 4350">
    <p class='ocr_par' dir='ltr' id='par_1_101' title="bbox 2145 4270 3728 4350">
     <span class='ocr_line' id='line_1_101' title="bbox 2145 4270 3728 4350; baseline 0.004 -23"><span class='ocrx_word' id='word_1_678' title='bbox 2145 4277 2484 4347; x_wconf 81' lang='grc' dir='ltr'>ἐφίδρυνται,</span> <span class='ocrx_word' id='word_1_679' title='bbox 2517 4270 2593 4330; x_wconf 87' lang='grc' dir='ltr'>ὧν</span> <span class='ocrx_word' id='word_1_680' title='bbox 2623 4280 2687 4330; x_wconf 87' lang='grc' dir='ltr'><strong>ἐκ</strong></span> <span class='ocrx_word' id='word_1_681' title='bbox 2741 4277 2839 4330; x_wconf 90' lang='grc' dir='ltr'><strong>τοῦ</strong></span> <span class='ocrx_word' id='word_1_682' title='bbox 2873 4278 3110 4348; x_wconf 83' lang='grc' dir='ltr'>θατέρου</span> <span class='ocrx_word' id='word_1_683' title='bbox 3145 4280 3286 4349; x_wconf 81' lang='grc' dir='ltr'>πρὸς</span> <span class='ocrx_word' id='word_1_684' title='bbox 3316 4280 3408 4334; x_wconf 79' lang='grc' dir='ltr'><strong>τὸν</strong></span> <span class='ocrx_word' id='word_1_685' title='bbox 3440 4281 3626 4350; x_wconf 76' lang='grc' dir='ltr'>ἕτερον</span> <span class='ocrx_word' id='word_1_686' title='bbox 3663 4281 3728 4334; x_wconf 80' lang='grc' dir='ltr'><strong>ἆ-</strong></span> 
     </span>
    </p>
   </div>
   <div class='ocr_carea' id='block_1_102' title="bbox 2148 4367 3725 4442">
    <p class='ocr_par' dir='ltr' id='par_1_102' title="bbox 2148 4367 3725 4442">
     <span class='ocr_line' id='line_1_102' title="bbox 2148 4367 3725 4442; baseline 0.003 -21"><span class='ocrx_word' id='word_1_687' title='bbox 2148 4367 2302 4433; x_wconf 89' lang='grc' dir='ltr'>λυσις</span> <span class='ocrx_word' id='word_1_688' title='bbox 2365 4369 2661 4424; x_wconf 79' lang='grc' dir='ltr'>ἐκταθεῖσα</span> <span class='ocrx_word' id='word_1_689' title='bbox 2715 4371 2815 4434; x_wconf 78' lang='grc' dir='ltr'><strong>τὰς</strong></span> <span class='ocrx_word' id='word_1_690' title='bbox 2878 4371 3012 4435; x_wconf 91' lang='grc' dir='ltr'>ναῦς</span> <span class='ocrx_word' id='word_1_691' title='bbox 3072 4371 3278 4425; x_wconf 77' lang='grc' dir='ltr'>ἔσωθεν</span> <span class='ocrx_word' id='word_1_692' title='bbox 3339 4372 3436 4425; x_wconf 90' lang='grc' dir='ltr'><strong>τοῦ</strong></span> <span class='ocrx_word' id='word_1_693' title='bbox 3501 4372 3725 4442; x_wconf 83' lang='grc' dir='ltr'>λιμένος</span> 
     </span>
    </p>
   </div>
   <div class='ocr_carea' id='block_1_103' title="bbox 2073 4453 3728 4534">
    <p class='ocr_par' dir='ltr' id='par_1_103' title="bbox 2073 4453 3728 4534">
     <span class='ocr_line' id='line_1_103' title="bbox 2073 4453 3728 4534; baseline 0.001 -20"><span class='ocrx_word' id='word_1_694' title='bbox 2073 4453 2116 4507; x_wconf 81' lang='lat' dir='ltr'><strong>D</strong></span> <span class='ocrx_word' id='word_1_695' title='bbox 2147 4461 2514 4516; x_wconf 88' lang='grc' dir='ltr'>ἐναποκλείει.</span> <span class='ocrx_word' id='word_1_696' title='bbox 2547 4461 2698 4532; x_wconf 87' lang='grc' dir='ltr'>Αῦτη</span> <span class='ocrx_word' id='word_1_697' title='bbox 2741 4463 3057 4533; x_wconf 84' lang='grc' dir='ltr'>μεθοριάζει</span> <span class='ocrx_word' id='word_1_698' title='bbox 3095 4463 3295 4534; x_wconf 83' lang='grc' dir='ltr'>Συρίαν</span> <span class='ocrx_word' id='word_1_699' title='bbox 3326 4481 3384 4517; x_wconf 91' lang='grc' dir='ltr'><strong>τε</strong></span> <span class='ocrx_word' id='word_1_700' title='bbox 3421 4463 3515 4517; x_wconf 77' lang='grc' dir='ltr'>καὶ</span> <span class='ocrx_word' id='word_1_701' title='bbox 3548 4463 3728 4516; x_wconf 82' lang='grc' dir='ltr'>Φοινί-</span> 
     </span>
    </p>
   </div>
   <div class='ocr_carea' id='block_1_104' title="bbox 2106 4556 2269 4622">
    <p class='ocr_par' dir='ltr' id='par_1_104' title="bbox 2106 4556 2269 4622">
     <span class='ocr_line' id='line_1_104' title="bbox 2106 4556 2269 4622; baseline 0.006 -18"><span class='ocrx_word' id='word_1_702' title='bbox 2106 4556 2120 4570; x_wconf 85' lang='lat'><strong>‘</strong></span> <span class='ocrx_word' id='word_1_703' title='bbox 2142 4569 2269 4622; x_wconf 87' lang='grc' dir='ltr'>κην.</span> 
     </span>
    </p>
   </div>
   <div class='ocr_carea' id='block_1_105' title="bbox 2217 4644 3728 4717">
    <p class='ocr_par' dir='ltr' id='par_1_105' title="bbox 2217 4644 3728 4717">
     <span class='ocr_line' id='line_1_105' title="bbox 2217 4644 3728 4717; baseline 0.001 -19"><span class='ocrx_word' id='word_1_704' title='bbox 2217 4649 2296 4708; x_wconf 83' lang='grc' dir='ltr'><strong>ς’.</strong></span> <span class='ocrx_word' id='word_1_705' title='bbox 2346 4644 2635 4698; x_wconf 82' lang='grc' dir='ltr'>Ἐντεῦθεν</span> <span class='ocrx_word' id='word_1_706' title='bbox 2667 4645 2698 4713; x_wconf 85' lang='grc' dir='ltr'>ἡ</span> <span class='ocrx_word' id='word_1_707' title='bbox 2735 4645 2904 4698; x_wconf 84' lang='grc' dir='ltr'>Σιδὼν</span> <span class='ocrx_word' id='word_1_708' title='bbox 2932 4647 3030 4699; x_wconf 67' lang='grc' dir='ltr'><strong>καλ⁵</strong></span> <span class='ocrx_word' id='word_1_709' title='bbox 3056 4648 3083 4698; x_wconf 90' lang='lat'><strong>6</strong></span> <span class='ocrx_word' id='word_1_710' title='bbox 3115 4648 3172 4698; x_wconf 90' lang='grc' dir='ltr'>ἐν</span> <span class='ocrx_word' id='word_1_711' title='bbox 3212 4645 3350 4716; x_wconf 83' lang='grc' dir='ltr'>αύτῇ</span> <span class='ocrx_word' id='word_1_712' title='bbox 3405 4647 3572 4716; x_wconf 85' lang='grc' dir='ltr'>λιμὴν</span> <span class='ocrx_word' id='word_1_713' title='bbox 3605 4647 3728 4717; x_wconf 82' lang='grc' dir='ltr'>ᾀδό-</span> 
     </span>
    </p>
   </div>
   <div class='ocr_carea' id='block_1_106' title="bbox 2147 4732 3725 4808">
    <p class='ocr_par' dir='ltr' id='par_1_106' title="bbox 2147 4732 3725 4808">
     <span class='ocr_line' id='line_1_106' title="bbox 2147 4732 3725 4808; baseline 0.002 -20"><span class='ocrx_word' id='word_1_714' title='bbox 2147 4753 2310 4806; x_wconf 89' lang='grc' dir='ltr'>μενος</span> <span class='ocrx_word' id='word_1_715' title='bbox 2343 4736 2599 4806; x_wconf 84' lang='grc' dir='ltr'>Δίδυμος,</span> <span class='ocrx_word' id='word_1_716' title='bbox 2633 4732 2694 4790; x_wconf 80' lang='grc' dir='ltr'>οὗ</span> <span class='ocrx_word' id='word_1_717' title='bbox 2726 4739 2826 4805; x_wconf 81' lang='grc' dir='ltr'>τῆς</span> <span class='ocrx_word' id='word_1_718' title='bbox 2858 4737 3063 4800; x_wconf 86' lang='grc' dir='ltr'>θέσεως</span> <span class='ocrx_word' id='word_1_719' title='bbox 3093 4739 3192 4805; x_wconf 82' lang='grc' dir='ltr'>τὴν</span> <span class='ocrx_word' id='word_1_720' title='bbox 3222 4737 3535 4808; x_wconf 78' lang='grc' dir='ltr'>διαγραφὴν</span> <span class='ocrx_word' id='word_1_721' title='bbox 3564 4741 3591 4791; x_wconf 92' lang='lat'><strong>6</strong></span> <span class='ocrx_word' id='word_1_722' title='bbox 3623 4739 3725 4808; x_wconf 80' lang='grc' dir='ltr'><strong>τὴν</strong></span> 
     </span>
    </p>
   </div>
   <div class='ocr_carea' id='block_1_107' title="bbox 2142 4829 3725 4902">
    <p class='ocr_par' dir='ltr' id='par_1_107' title="bbox 2142 4829 3725 4902">
     <span class='ocr_line' id='line_1_107' title="bbox 2142 4829 3725 4902; baseline 0.001 -20"><span class='ocrx_word' id='word_1_723' title='bbox 2142 4831 2472 4899; x_wconf 85' lang='grc' dir='ltr'>Λευκίππην</span> <span class='ocrx_word' id='word_1_724' title='bbox 2529 4831 2856 4900; x_wconf 75' lang='grc' dir='ltr'>συγγράψας</span> <span class='ocrx_word' id='word_1_725' title='bbox 2908 4830 3153 4899; x_wconf 88' lang='grc' dir='ltr'>ἀρίστως</span> <span class='ocrx_word' id='word_1_726' title='bbox 3209 4829 3533 4898; x_wconf 79' lang='grc' dir='ltr'>ἐξέφρασεν,</span> <span class='ocrx_word' id='word_1_727' title='bbox 3578 4831 3725 4902; x_wconf 85' lang='grc' dir='ltr'>Ἰδῃς</span> 
     </span>
    </p>
   </div>
   <div class='ocr_carea' id='block_1_108' title="bbox 2142 4921 3724 4994">
    <p class='ocr_par' dir='ltr' id='par_1_108' title="bbox 2142 4921 3724 4994">
     <span class='ocr_line' id='line_1_108' title="bbox 2142 4921 3724 4994; baseline -0.001 -18"><span class='ocrx_word' id='word_1_728' title='bbox 2142 4927 2251 4992; x_wconf 82' lang='grc' dir='ltr'>γὰρ</span> <span class='ocrx_word' id='word_1_729' title='bbox 2281 4923 2346 4976; x_wconf 78' lang='grc' dir='ltr'>ἂν</span> <span class='ocrx_word' id='word_1_730' title='bbox 2392 4923 2738 4994; x_wconf 73' lang='grc' dir='ltr'>ἐπιδημήσας</span> <span class='ocrx_word' id='word_1_731' title='bbox 2770 4922 2848 4990; x_wconf 81' lang='grc' dir='ltr'>τῷ</span> <span class='ocrx_word' id='word_1_732' title='bbox 2882 4923 3034 4991; x_wconf 86' lang='grc' dir='ltr'>τόπῳ</span> <span class='ocrx_word' id='word_1_733' title='bbox 3060 4922 3155 4973; x_wconf 90' lang='grc' dir='ltr'><strong>τόν</strong></span> <span class='ocrx_word' id='word_1_734' title='bbox 3202 4938 3259 4973; x_wconf 89' lang='grc' dir='ltr'><strong>τε</strong></span> <span class='ocrx_word' id='word_1_735' title='bbox 3288 4921 3506 4988; x_wconf 77' lang='grc' dir='ltr'>λιμένα,</span> <span class='ocrx_word' id='word_1_736' title='bbox 3529 4925 3625 4974; x_wconf 59' lang='grc' dir='ltr'><strong>καὶ⁵</strong></span> <span class='ocrx_word' id='word_1_737' title='bbox 3662 4923 3724 4974; x_wconf 86' lang='grc' dir='ltr'>τὸ</span> 
     </span>
    </p>
   </div>
   <div class='ocr_carea' id='block_1_109' title="bbox 2145 5012 3722 5084">
    <p class='ocr_par' dir='ltr' id='par_1_109' title="bbox 2145 5012 3722 5084">
     <span class='ocr_line' id='line_1_109' title="bbox 2145 5012 3722 5084; baseline -0.003 -16"><span class='ocrx_word' id='word_1_738' title='bbox 2145 5014 2481 5084; x_wconf 85' lang='grc' dir='ltr'>προκόλπιον</span> <span class='ocrx_word' id='word_1_739' title='bbox 2543 5014 2686 5067; x_wconf 74' lang='grc' dir='ltr'>κατὰ</span> <span class='ocrx_word' id='word_1_740' title='bbox 2713 5014 2812 5083; x_wconf 84' lang='grc' dir='ltr'><strong>τὴν</strong></span> <span class='ocrx_word' id='word_1_741' title='bbox 2861 5014 2960 5081; x_wconf 83' lang='grc' dir='ltr'>τῆς</span> <span class='ocrx_word' id='word_1_742' title='bbox 3017 5012 3235 5082; x_wconf 80' lang='grc' dir='ltr'>γραφῆς</span> <span class='ocrx_word' id='word_1_743' title='bbox 3265 5013 3722 5081; x_wconf 66' lang='grc' dir='ltr'>διαζωγράφησιν</span> 
     </span>
    </p>
   </div>
   <div class='ocr_carea' id='block_1_110' title="bbox 2142 5104 3724 5177">
    <p class='ocr_par' dir='ltr' id='par_1_110' title="bbox 2142 5104 3724 5177">
     <span class='ocr_line' id='line_1_110' title="bbox 2142 5104 3724 5177; baseline -0.001 -19"><span class='ocrx_word' id='word_1_744' title='bbox 2142 5109 2208 5177; x_wconf 80' lang='grc' dir='ltr'><strong>τῇ</strong></span> <span class='ocrx_word' id='word_1_745' title='bbox 2235 5106 2467 5176; x_wconf 78' lang='grc' dir='ltr'>ἀληθεῖᾳ</span> <span class='ocrx_word' id='word_1_746' title='bbox 2501 5105 2830 5175; x_wconf 79' lang='grc' dir='ltr'>φαινόμενα.</span> <span class='ocrx_word' id='word_1_747' title='bbox 2861 5105 2972 5173; x_wconf 78' lang='grc' dir='ltr'>Τῆς</span> <span class='ocrx_word' id='word_1_748' title='bbox 3002 5105 3057 5157; x_wconf 81' lang='grc' dir='ltr'>δὲ</span> <span class='ocrx_word' id='word_1_749' title='bbox 3103 5104 3310 5166; x_wconf 86' lang='grc' dir='ltr'>πόλεως</span> <span class='ocrx_word' id='word_1_750' title='bbox 3351 5104 3552 5167; x_wconf 76' lang='grc' dir='ltr'>ἔξωθεν</span> <span class='ocrx_word' id='word_1_751' title='bbox 3587 5105 3724 5156; x_wconf 75' lang='grc' dir='ltr'>ὡσεὶ</span> 
     </span>
    </p>
   </div>
   <div class='ocr_carea' id='block_1_111' title="bbox 2143 5195 3723 5270">
    <p class='ocr_par' dir='ltr' id='par_1_111' title="bbox 2143 5195 3723 5270">
     <span class='ocr_line' id='line_1_111' title="bbox 2143 5195 3723 5270; baseline -0.002 -19"><span class='ocrx_word' id='word_1_752' title='bbox 2143 5198 2310 5270; x_wconf 89' lang='grc' dir='ltr'>τριῶν</span> <span class='ocrx_word' id='word_1_753' title='bbox 2349 5199 2516 5262; x_wconf 79' lang='grc' dir='ltr'>τόξων</span> <span class='ocrx_word' id='word_1_754' title='bbox 2549 5197 2708 5267; x_wconf 76' lang='grc' dir='ltr'>βολῆς</span> <span class='ocrx_word' id='word_1_755' title='bbox 2739 5195 2943 5250; x_wconf 78' lang='grc' dir='ltr'>ᾶποθέν</span> <span class='ocrx_word' id='word_1_756' title='bbox 2977 5197 3093 5248; x_wconf 79' lang='grc' dir='ltr'>ἐστι</span> <span class='ocrx_word' id='word_1_757' title='bbox 3133 5196 3262 5259; x_wconf 75' lang='grc' dir='ltr'>ναὸς</span> <span class='ocrx_word' id='word_1_758' title='bbox 3303 5197 3435 5265; x_wconf 82' lang='grc' dir='ltr'>στοᾷ</span> <span class='ocrx_word' id='word_1_759' title='bbox 3466 5208 3723 5265; x_wconf 83' lang='grc' dir='ltr'>περιορο-</span> 
     </span>
    </p>
   </div>
   <div class='ocr_carea' id='block_1_112' title="bbox 2144 5287 3719 5360">
    <p class='ocr_par' dir='ltr' id='par_1_112' title="bbox 2144 5287 3719 5360">
     <span class='ocr_line' id='line_1_112' title="bbox 2144 5287 3719 5360; baseline -0.003 -17"><span class='ocrx_word' id='word_1_760' title='bbox 2144 5289 2414 5360; x_wconf 84' lang='grc' dir='ltr'>φούμενος</span> <span class='ocrx_word' id='word_1_761' title='bbox 2452 5290 2742 5357; x_wconf 84' lang='grc' dir='ltr'>ἐπιμήκει,</span> <span class='ocrx_word' id='word_1_762' title='bbox 2777 5287 2872 5340; x_wconf 71' lang='grc' dir='ltr'>καὶ</span> <span class='ocrx_word' id='word_1_763' title='bbox 2922 5289 3052 5359; x_wconf 79' lang='grc' dir='ltr'>περὶ</span> <span class='ocrx_word' id='word_1_764' title='bbox 3096 5289 3157 5343; x_wconf 81' lang='grc' dir='ltr'>τὸ</span> <span class='ocrx_word' id='word_1_765' title='bbox 3189 5289 3426 5357; x_wconf 85' lang='grc' dir='ltr'>μυάκιον</span> <span class='ocrx_word' id='word_1_766' title='bbox 3467 5287 3560 5338; x_wconf 86' lang='grc' dir='ltr'><strong>τοῦ</strong></span> <span class='ocrx_word' id='word_1_767' title='bbox 3588 5287 3719 5338; x_wconf 82' lang='grc' dir='ltr'>ναοῦ</span> 
     </span>
    </p>
   </div>
   <div class='ocr_carea' id='block_1_113' title="bbox 2141 5378 3720 5450">
    <p class='ocr_par' dir='ltr' id='par_1_113' title="bbox 2141 5378 3720 5450">
     <span class='ocr_line' id='line_1_113' title="bbox 2141 5378 3720 5450; baseline -0.001 -19"><span class='ocrx_word' id='word_1_768' title='bbox 2141 5380 2485 5450; x_wconf 86' lang='grc' dir='ltr'>τετράγωνος</span> <span class='ocrx_word' id='word_1_769' title='bbox 2513 5378 2788 5432; x_wconf 84' lang='grc' dir='ltr'>ἐπίκειται</span> <span class='ocrx_word' id='word_1_770' title='bbox 2817 5380 2984 5446; x_wconf 80' lang='grc' dir='ltr'>λίθος,</span> <span class='ocrx_word' id='word_1_771' title='bbox 3029 5381 3109 5443; x_wconf 88' lang='grc' dir='ltr'><strong>είς</strong></span> <span class='ocrx_word' id='word_1_772' title='bbox 3139 5379 3218 5444; x_wconf 82' lang='grc' dir='ltr'>ὃν,</span> <span class='ocrx_word' id='word_1_773' title='bbox 3246 5380 3323 5443; x_wconf 84' lang='grc' dir='ltr'>ὡς</span> <span class='ocrx_word' id='word_1_774' title='bbox 3364 5379 3473 5431; x_wconf 90' lang='grc' dir='ltr'><strong>τῶν</strong></span> <span class='ocrx_word' id='word_1_775' title='bbox 3505 5378 3720 5431; x_wconf 83' lang='grc' dir='ltr'>πολλῶν</span> 
     </span>
    </p>
   </div>
   <div class='ocr_carea' id='block_1_114' title="bbox 2142 5469 3720 5543">
    <p class='ocr_par' dir='ltr' id='par_1_114' title="bbox 2142 5469 3720 5543">
     <span class='ocr_line' id='line_1_114' title="bbox 2142 5469 3720 5543; baseline -0.001 -20"><span class='ocrx_word' id='word_1_776' title='bbox 2142 5470 2256 5541; x_wconf 78' lang='grc' dir='ltr'>ἔχει</span> <span class='ocrx_word' id='word_1_777' title='bbox 2285 5471 2465 5537; x_wconf 85' lang='grc' dir='ltr'>λόγος,</span> <span class='ocrx_word' id='word_1_778' title='bbox 2494 5473 2520 5523; x_wconf 89' lang='lat'><strong>6</strong></span> <span class='ocrx_word' id='word_1_779' title='bbox 2545 5471 2738 5541; x_wconf 82' lang='grc' dir='ltr'>Σωτὴρ</span> <span class='ocrx_word' id='word_1_780' title='bbox 2767 5469 2864 5524; x_wconf 89' lang='grc' dir='ltr'><strong>τοῦ</strong></span> <span class='ocrx_word' id='word_1_781' title='bbox 2892 5472 3100 5541; x_wconf 88' lang='grc' dir='ltr'>κόσμου</span> <span class='ocrx_word' id='word_1_782' title='bbox 3131 5471 3368 5543; x_wconf 81' lang='grc' dir='ltr'>Χριστὸς</span> <span class='ocrx_word' id='word_1_783' title='bbox 3394 5470 3568 5532; x_wconf 79' lang='grc' dir='ltr'>ἑστὼς</span> <span class='ocrx_word' id='word_1_784' title='bbox 3590 5469 3720 5533; x_wconf 81' lang='grc' dir='ltr'>τοὺς</span> 
     </span>
    </p>
   </div>
   <div class='ocr_carea' id='block_1_115' title="bbox 2141 5562 2669 5632">
    <p class='ocr_par' dir='ltr' id='par_1_115' title="bbox 2141 5562 2669 5632">
     <span class='ocr_line' id='line_1_115' title="bbox 2141 5562 2669 5632; baseline 0.006 -19"><span class='ocrx_word' id='word_1_785' title='bbox 2141 5562 2332 5632; x_wconf 76' lang='grc' dir='ltr'>ὄχλους</span> <span class='ocrx_word' id='word_1_786' title='bbox 2367 5562 2669 5616; x_wconf 79' lang='grc' dir='ltr'>ἐδίδασκεν.</span> 
     </span>
    </p>
   </div>
   <div class='ocr_carea' id='block_1_116' title="bbox 2215 5651 3719 5724">
    <p class='ocr_par' dir='ltr' id='par_1_116' title="bbox 2215 5651 3719 5724">
     <span class='ocr_line' id='line_1_116' title="bbox 2215 5651 3719 5724; baseline 0.003 -20"><span class='ocrx_word' id='word_1_787' title='bbox 2215 5651 2279 5716; x_wconf 79' lang='grc' dir='ltr'><strong>ζ’.</strong></span> <span class='ocrx_word' id='word_1_788' title='bbox 2319 5654 2473 5706; x_wconf 86' lang='grc' dir='ltr'>Μετὰ</span> <span class='ocrx_word' id='word_1_789' title='bbox 2523 5653 2620 5723; x_wconf 82' lang='grc' dir='ltr'>τὴν</span> <span class='ocrx_word' id='word_1_790' title='bbox 2654 5654 2845 5706; x_wconf 82' lang='grc' dir='ltr'>Σιδὸνα</span> <span class='ocrx_word' id='word_1_791' title='bbox 2891 5655 2952 5706; x_wconf 85' lang='grc' dir='ltr'>τὸ</span> <span class='ocrx_word' id='word_1_792' title='bbox 3008 5653 3273 5723; x_wconf 67' lang='grc' dir='ltr'>Σαρασρθὰ</span> <span class='ocrx_word' id='word_1_793' title='bbox 3309 5653 3547 5724; x_wconf 80' lang='grc' dir='ltr'>κάστρον</span> <span class='ocrx_word' id='word_1_794' title='bbox 3587 5655 3719 5724; x_wconf 78' lang='grc' dir='ltr'>περὶ</span> 
     </span>
    </p>
   </div>
   <div class='ocr_carea' id='block_1_117' title="bbox 2148 5741 3720 5828">
    <p class='ocr_par' dir='ltr' id='par_1_117' title="bbox 2148 5741 3720 5828">
     <span class='ocr_line' id='line_1_117' title="bbox 2148 5741 3720 5828; baseline -0.002 -31"><span class='ocrx_word' id='word_1_795' title='bbox 2148 5745 2206 5797; x_wconf 69' lang='grc' dir='ltr'>τὸ</span> <span class='ocrx_word' id='word_1_796' title='bbox 2251 5742 2470 5828; x_wconf 73' lang='grc' dir='ltr'>κλύσμα</span> <span class='ocrx_word' id='word_1_797' title='bbox 2504 5744 2602 5813; x_wconf 78' lang='grc' dir='ltr'>τῆς</span> <span class='ocrx_word' id='word_1_798' title='bbox 2639 5743 2918 5812; x_wconf 77' lang='grc' dir='ltr'>θαλάσσης</span> <span class='ocrx_word' id='word_1_799' title='bbox 2970 5741 3388 5812; x_wconf 82' lang='grc' dir='ltr'>τεθεμελίωται,</span> <span class='ocrx_word' id='word_1_800' title='bbox 3437 5743 3532 5796; x_wconf 78' lang='grc' dir='ltr'>καὶ</span> <span class='ocrx_word' id='word_1_801' title='bbox 3591 5743 3720 5808; x_wconf 81' lang='grc' dir='ltr'>ναὸς</span> 
     </span>
    </p>
   </div>
  </div>
