4042 6394
313 332 419 396 933

1355 314 1811 381 DESCRIPTIO
1849 311 2129 375 TERRIE
2170 309 2502 372 SANCTE.

3460 307 3578 369 934

310 437 405 494 Ιτοῦ
456 396 744 509 προφήτου
792 431 979 487 Ἠλιοῦ
1044 431 1138 485 ἐπὶ
1170 433 1237 503 τῇ
1278 426 1429 500 οἰκία
1473 430 1570 499 τῆς
1605 427 1894 495 ξενισάσης

2012 422 2119 475 aede
2148 423 2347 487 vidum,
2394 436 2518 491 qua
2554 433 2679 474 eum
2708 417 2945 489 hospitio
2964 424 3277 487 exceperat,
3302 419 3481 476 Inedia
3528 424 3586 477 in

309 529 476 583 αὑτὸν
508 529 715 598 χήρας,
742 528 913 595 μέσον
950 522 1049 577 τοῦ
1088 522 1421 593 πολίσματος
1449 521 1686 591 ἵδρυται.

381 625 455 687 η’.
501 616 750 671 Ἐκεῖθεν
782 617 817 686 ἡ
854 614 1031 684 Τύρος
1072 615 1192 668 ἐστὶ
1240 613 1417 676 πόλις,
1465 610 1655 681 σχεδὸν
1706 608 1898 661 πασῶν

314 710 424 762 τῶν
462 710 563 776 τῆς
594 708 855 777 Φοινίκης
894 706 1206 775 ὲξοχωτέρα
1235 704 1295 755 ὲν
1327 702 1563 772 καλλονῇ
1595 717 1608 731 ·
1661 700 1759 753 καὶ
1788 699 1899 769 γάρ

316 801 457 871 αῦτη
493 801 569 869 τῷ
623 800 868 870 σχήματι
902 798 1001 867 τῆς
1026 795 1343 867 Τριπόλεως
1364 796 1422 846 ὲν
1445 792 1606 863 ὁμοίᾳ
1638 790 1902 862 χερρονή-

321 912 400 964 σῳ
426 892 842 963 τεθεμελίωται.
878 890 1042 943 Ἀλλὰ
1069 889 1245 960 ταύτῃ
1272 886 1495 956 μεγέθει
1524 883 1708 953 πολλῷ
1736 882 1900 937 πλέον

322 985 541 1052 ἐκείνης
590 982 925 1053 εὐρύνεται,
980 982 1080 1033 καὶ
1128 978 1366 1048 καλλονῇ
1421 974 1746 1046 κτισμάτων
1804 973 1900 1027 καὶ

321 1075 639 1144 ὡραιότητι.
671 1073 745 1124 Τὸ
796 1073 853 1125 δὲ
882 1070 1092 1139 ταύτης
1139 1068 1475 1140 ιρωιόλπιόν
1518 1069 1634 1120 ἐστι
1686 1081 1902 1135 παρεμ-

322 1161 487 1228 φερὲς
532 1158 613 1229 τῷ
656 1158 841 1229 λιμένι
885 1160 984 1226 τῆς
1032 1157 1307 1228 Βηρυτοῦ,
1342 1155 1449 1209 κᾶν
1484 1156 1665 1207 έκεῖνο
1717 1149 1899 1221 πολλῷ

321 1252 482 1304 πλέον
520 1250 737 1319 ἐκείνης
794 1249 1092 1320 εύρύνηται
1135 1246 1357 1318 μεγέθει
1410 1247 1506 1300 καὶ
1543 1244 1753 1309 κάλλει,
1804 1244 1900 1298 καὶ

322 1343 396 1410 τῷ
431 1342 541 1394 τῶν
599 1341 830 1410 πύργων
864 1341 987 1410 ὕψει
1030 1340 1380 1410 ὑπέρκειται.
1433 1339 1543 1407 Τῆς
1595 1337 1653 1390 δὲ
1688 1336 1901 1399 πόλεως

322 1430 521 1495 ἔξωθεν
543 1428 674 1479 ὡσεὶ
700 1427 797 1479 δύο
818 1429 987 1490 τόξων
1016 1426 1175 1496 βολῆς
1204 1425 1407 1479 ἄποθεν
1433 1423 1581 1486 λίθος
1608 1424 1725 1476 ἐστὶ
1754 1424 1902 1493 πάμ-

327 1533 521 1585 μεγας,
553 1518 610 1567 ὲν
638 1508 682 1582 ᾧ
712 1513 1320 1582 προσαναπαυσάμενσς
1351 1512 1380 1564 ό
1403 1510 1660 1581 Χριστὸς,
1696 1510 1903 1579 Πέτρον

323 1608 416 1658 καὶ
436 1607 687 1675 Ἰωάννην
720 1607 846 1667 τοὺς
868 1606 1045 1675 ἱεροὺς
1067 1604 1423 1668 ἀποστόλους,
1439 1603 1512 1666 ὡς
1534 1602 1731 1670 ὀλόγος
1763 1600 1897 1671 ἔχει,

324 1698 459 1766 πρὸς
480 1698 578 1766 τὴν
599 1698 753 1751 πόλιν
775 1695 1074 1765 ἐξέπεμψε,
1094 1696 1255 1766 χάριν
1282 1695 1461 1765 ἄρτων
1482 1695 1774 1764 εὑρέσεως,
1801 1692 1897 1747 οἵδ’

323 1760 671 1853 ἀπελθόλτες,
691 1792 789 1843 καὶ
808 1760 1460 1858 ἀγαγόντεςαύτοὺςτᾶμα
1481 1760 1563 1857 τῶ
1582 1787 1797 1856 Σωτῆρι
1820 1786 1901 1849 είς
1934 1760 1976 1815 Β

318 1881 420 1948 τὴν
451 1880 765 1949 πρόσεγγυς
786 1880 917 1933 ὡσεὶ
938 1881 1114 1950 μίλιον
1134 1878 1191 1931 ἓν
1214 1879 1421 1950 κρήνην
1452 1877 1757 1931 ἁπέλθοσαν
1782 1878 1841 1930 ὲν
1867 1870 1902 1949 ᾗ

319 1974 349 2022 ὁ
370 1970 559 2042 Σωτὴρ
576 1972 829 2035 καθίσας,
857 1972 952 2025 καὶ
978 1970 1076 2025 σὺν
1092 1973 1205 2033 τοῖς
1226 1969 1543 2031 ἀποστόλοις
1568 1968 1898 2034 έστιασθεὶς,

319 2064 418 2115 καὶ
454 2062 591 2115 πιὼν
635 2065 699 2116 ὲκ
733 2063 826 2116 τοῦ
866 2062 1079 2127 ὓδατος,
1114 2060 1391 2131 ηύλόγησε
1421 2060 1520 2130 τὴν
1561 2060 1767 2131 πηγὴν,
1805 2058 1901 2113 καί

326 2155 477 2205 ἐστιν
510 2154 597 2205 ἐπ’
627 2152 857 2224 ἀληθείᾳ
880 2152 985 2215 ἓως
1016 2151 1111 2204 τοῦ
1144 2150 1239 2204 νῦν
1279 2152 1312 2221 ὴ
1340 2152 1565 2220 τοιαύτη
1597 2151 1747 2220 πηγὴ
1775 2149 1903 2202 δυσ-

318 2243 629 2314 έκφραστον
652 2246 908 2316 ὁρωμένη
939 2245 1156 2313 θέαμα·
1209 2242 1374 2313 μέσον
1398 2243 1507 2313 γὰρ
1535 2242 1897 2312 άναδιδομένη

316 2336 431 2391 τῶν
462 2338 581 2389 ἐκεῖ
608 2336 915 2406 λειμώνων,
950 2334 1269 2404 θαυμαστόν
1307 2349 1363 2388 τι
1391 2335 1603 2405 χρῆμα,
1635 2335 1732 2387 καὶ¹
1770 2348 1900 2404 τερ-

320 2425 566 2495 ψόθυμον
608 2428 723 2488 τοῖς
759 2425 965 2487 ὁδίταις
1000 2424 1365 2478 ἐνδείκνυται.
1407 2423 1644 2492 Λέγεται
1673 2422 1729 2475 δὲ
1756 2416 1901 2475 εἶναι

320 2521 529 2588 ταύτην
554 2518 648 2571 καὶ
677 2518 939 2588 άὸαθρον.
964 2518 1038 2570 Τὸ
1066 2517 1123 2571 δὲ
1150 2517 1282 2587 περὶ
1318 2514 1526 2586 ταύτην
1557 2515 1764 2585 κτίσμα
1804 2514 1900 2567 καὶ

323 2611 513 2680 σχῆμά
573 2612 690 2663 ἐστι
755 2609 1021 2665 τοιοῦτον.
1085 2608 1293 2679 Πύργῳ
1351 2608 1899 2680 περιθριγκώσαντες

318 2698 622 2769 δκταγώνῳ
648 2700 699 2752 οί
749 2699 980 2769 πρώτως
1010 2698 1513 2770 φιλοπονησάμενοι
1560 2700 1661 2767 τὴν
1692 2698 1897 2769 πηγὴν,

316 2790 401 2852 είς
420 2791 481 2842 ού
525 2792 745 2862 μέτριον
785 2789 918 2860 ὕψος
963 2792 1054 2845 τὸν
1083 2791 1293 2862 πύργον
1326 2792 1631 2863 ἀνήγαγον,
1684 2790 1783 2843 καὶ
1818 2789 1890 2843 τὰ

322 2879 518 2933 τούτου
579 2881 956 2950 φιαλώσαντες
996 2882 1142 2953 ἄκρα
1175 2882 1281 2936 ἀνὰ
1321 2884 1420 2946 τὰς
1456 2882 1663 2951 γωνίας
1704 2882 1800 2935 ἐπὶ
1827 2881 1899 2936 τὰ

321 2972 527 3025 κάτισα
561 2976 769 3028 τούτων
802 2975 898 3028 τοῦ
960 2974 1231 3045 λειμῶνος
1270 2976 1428 3046 μήκη
1475 2976 1570 3028 ἐπὶ
1622 2973 1899 3044 καμαρῶν

2001 510 2133 564 urbe
2156 512 2412 579 assurgit.

2071 598 2122 653 8.
2157 598 2284 654 lmle
2332 608 2417 654 est
2461 598 2635 670 Tyrus
2678 614 2831 664 uros,
2856 599 3067 654 caeteris
3093 598 3207 654 fere
3295 599 3587 655 rnmnicim

2003 687 2227 745 urbibus
2250 689 2652 758 pulchritudine
2674 699 2960 757 praestans.
2997 688 3216 743 Etenim
3253 688 3396 757 ipsa,
3430 703 3587 758 aeque

2002 793 2065 831 ac
2106 778 2363 847 Tripolis,
2411 780 2463 832 in
2492 778 2655 832 simili
2710 778 2993 847 peniasula
3051 780 3153 833 sita
3185 788 3311 845 est;
3356 793 3580 834 verum-

2003 878 2181 924 tamen
2226 871 2340 926 haec
2395 869 2774 941 magnitudine
2808 873 2984 925 multo
3015 872 3101 925 illa
3135 874 3327 941 magis,
3364 882 3418 928 et
3450 876 3583 928 aadi-
3620 866 3623 867 ⁷

2004 961 2249 1014 liciorum
2312 962 2596 1031 majestate
2632 977 2695 1016 ac
2735 962 3163 1032 pulchritudine,
3196 964 3474 1019 dilatatur.
3502 963 3582 1018 Si-

2002 1061 2106 1100 nus
2158 1045 2346 1111 maris,
2417 1048 2513 1116 qui
2571 1056 2705 1101 ante
2771 1047 2942 1117 ipsam
2990 1049 3348 1117 conspicitur,
3397 1052 3579 1119 portui

2002 1136 2273 1209 Beryteno
2304 1140 2446 1195 haud
2480 1138 2763 1195 dissimilis
2813 1149 2936 1196 est:
2975 1142 3224 1210 quamvis
3272 1142 3367 1196 ilic
3411 1145 3591 1198 etde-

2002 1243 2129 1285 core
2160 1238 2213 1285 et
2241 1231 2633 1300 magnitudine,
2666 1240 2720 1286 et
2752 1231 3078 1286 celsitudine
3106 1233 3336 1287 turrium
3360 1234 3589 1303 amplior

2003 1329 2058 1375 et
2098 1320 2448 1390 spectabilior
2503 1322 2594 1376 sit.
2626 1320 2793 1376 Extra
2825 1324 3015 1377 urbem
3069 1323 3137 1377 ad
3182 1323 3455 1393 geminum
3486 1338 3580 1377 sa-

2002 1411 2148 1480 gittae
2197 1410 2405 1480 iactum
2455 1411 2816 1479 conspicitur,
2840 1412 2897 1466 in
2943 1426 3072 1482 quo,
3108 1421 3167 1467 ut
3200 1412 3309 1467 fert
3335 1413 3580 1477 traditio.

2003 1500 2255 1556 Christus
2299 1502 2559 1558 Dominus
2593 1505 2879 1573 quiescens
2910 1503 3131 1559 Petrum
3186 1515 3242 1560 et
3297 1503 3589 1573 Joannem,

2004 1603 2382 1649 sacrosanctos
2441 1594 2735 1664 apostolos,
2793 1596 2845 1649 in
2880 1596 3155 1650 civitatem
3192 1596 3361 1662 misit,
3385 1597 3452 1649 ad
3486 1613 3585 1666 ραι

2005 1696 2104 1737 nes
2139 1684 2574 1750 comparandos;
2610 1684 2682 1738 illi
2735 1685 3022 1751 abeuntes,
3048 1696 3104 1741 et
3150 1685 3459 1752 afferentes,
3484 1704 3591 1743 una

2004 1789 2128 1830 cum
2168 1774 2450 1830 Salvatore
2502 1777 2568 1830 ad
2598 1776 2833 1831 vicinum
2870 1777 3094 1843 fontem,
3133 1777 3282 1833 mille
3334 1792 3442 1833 non
3465 1793 3589 1832 am-

2004 1865 2145 1933 plius
2172 1867 2420 1935 passibus
2465 1864 2778 1933 distantem,
2815 1867 3043 1937 profecti
3081 1878 3245 1923 sunt:
3280 1884 3406 1924 cum
3433 1869 3593 1926 Chri-

2003 1967 2121 2012 stus
2159 1957 2410 2022 sedisset,
2453 1959 2773 2014 convivatus
2814 1975 2934 2015 cum
2991 1961 3274 2030 apostolis,
3331 1976 3397 2015 ex
3448 1976 3591 2032 aqua

2003 2048 2160 2113 bibit,
2211 2047 2456 2118 fontique
2479 2049 2797 2117 benedixit;
2835 2060 2890 2106 et
2932 2053 2998 2106 ad
3052 2054 3167 2107 hrec
3202 2062 3442 2122 tempora
3468 2054 3591 2111 fons

2008 2140 2121 2207 ille,
2156 2141 2202 2196 si
2234 2156 2421 2197 verum
2445 2140 2607 2196 fateri
2641 2142 2910 2211 volumus,
2948 2144 3266 2199 miraculum
3293 2154 3379 2200 est
3402 2145 3595 2200 viden-

2004 2233 2170 2297 tibus,
2230 2235 2375 2304 quod
2418 2233 2600 2289 verbis
2650 2235 2881 2303 exprimi
2933 2251 3038 2290 non
3096 2245 3295 2304 potest,
3356 2252 3593 2308 namque

2004 2321 2057 2376 in
2101 2323 2314 2389 mediis,
2374 2323 2470 2393 qui
2530 2324 2727 2379 ibidem
2765 2325 2927 2381 latius
2990 2328 3361 2395 effunduntur,
3421 2331 3593 2400 pratis

2002 2414 2220 2479 saliens,
2255 2417 2556 2485 peregrinis
2612 2416 2666 2470 in
2701 2417 3064 2475 admiratione
3122 2428 3228 2485 est,
3268 2429 3323 2475 et
3376 2436 3591 2478 summo

2003 2503 2418 2569 deleCtamento,
2450 2506 2755 2577 dictturque
2774 2521 2894 2561 esse
2935 2507 3320 2577 profunditatis
3365 2523 3590 2578 expers.

2004 2600 2293 2656 Structura
2348 2616 2477 2658 vero
2530 2604 2674 2659 illius
2735 2604 3018 2676 figuraque
3093 2606 3207 2661 haec
3259 2614 3364 2663 est.
3424 2607 3590 2661 Turri

2002 2693 2291 2763 octangula
2320 2693 2822 2767 circumsepientes,
2851 2698 2940 2767 qui
2967 2698 3124 2767 primi
3154 2698 3353 2753 fontem
3385 2702 3437 2752 in
3464 2712 3591 2753 eum

2003 2794 2350 2853 prospectum
2390 2786 2736 2855 redegerunt,
2776 2787 2829 2842 in
2868 2804 2972 2842 non
3030 2790 3356 2844 mediocrem
3403 2790 3595 2844 altitu-

2003 2874 2183 2930 dinem
2217 2875 2361 2930 illam
2392 2878 2721 2944 excitarunt,
2753 2878 3107 2949 ejusdemque
3133 2881 3452 2949 angulorum
3487 2895 3590 2936 ex—

2007 2967 2393 3032 tremitatibus,
2425 2968 2493 3023 ad
2526 2970 2742 3024 modum
2794 2970 2988 3039 phialae
3049 2972 3494 3034 accommodatis,
3520 2972 3589 3026 ad

325 3058 461 3129 ὖψη,
490 3062 714 3131 ἀμάρας
746 3062 1233 3128 ύποκοιλάναντες,
1267 3062 1569 3134 κρουνηδὺν
1615 3059 1903 3131 ἐκκεῖσθαι

2012 3057 2242 3126 aequales
2280 3068 2560 3127 pratorum
2598 3058 2928 3126 altitudines,
2970 3060 3021 3113 in
3052 3060 3452 3115 summitatibus
3481 3060 3593 3115 for-

322 3148 383 3198 τὸ
413 3147 841 3218 άναθλιὸόμενον
886 3148 1030 3220 ὕδωρ
1067 3151 1425 3221 εἰργάσαντο,
1481 3150 1619 3220 ὅπερ
1674 3149 1902 3218 κελαρι-

326 3237 485 3303 σμοῖς
540 3234 803 3305 ἐπηχοῦν,
858 3237 986 3300 τοὺς
1024 3238 1155 3307 περὶ
1188 3237 1286 3307 τὴν
1349 3238 1563 3309 κρήνην
1623 3236 1902 3306 λειμῶνας

327 3329 539 3396 συχνοῖς
570 3328 797 3398 ὲπάρδει
825 3330 940 3393 τοῖς
976 3332 1205 3399 νάμασι.
1240 3329 1349 3381 Καὶ
1390 3312 1539 3382 ἐστιν
1568 3328 1646 3390 ὡς
1680 3328 1741 3393 ἐξ
1768 3329 1904 3382 ἀπό·

327 3434 463 3470 πτου
494 3420 588 3472 τοῦ
621 3421 833 3490 πύργου
869 3437 944 3483 τις
973 3421 1341 3490 ἐφιστάμενος
1370 3421 1431 3473 τὸ
1471 3421 1775 3491 συνκρεφὲς
1795 3420 1905 3474 τῶν

328 3510 512 3576 φυτῶν
546 3511 793 3564 πετάλων
835 3512 1239 3583 σαλευομένων,
1274 3512 1368 3565 καὶ
1406 3515 1464 3565 ἐν
1513 3513 1768 3584 σταθηρᾷ
1803 3530 1897 3583 μεο

324 3601 579 3673 σημὸρίᾳ
607 3602 1126 3676 καταψεκαζόμενον
1149 3605 1210 3658 τὸ
1232 3603 1324 3658 τοῦ
1348 3604 1615 3676 λειμῶνος
1641 3606 1760 3661 ὅλον
1784 3622 1908 3659 στε-

329 3693 584 3762 φάνωμα.

401 3782 466 3836 θ’.
499 3783 748 3837 Ἐκεῖθέν
790 3786 939 3840 ἐστιν
985 3789 1019 3858 ἡ
1066 3787 1373 3859 Πτολεμαῒς
1427 3788 1546 3859 ἤτοι
1593 3785 1658 3840 τὸ
1690 3787 1904 3840 ’Δκκεο

334 3872 453 3942 ἡδὲ
504 3875 666 3938 πόλις
720 3876 860 3948 αῦτη
897 3880 1014 3931 ἐστὶ
1053 3881 1289 3950 μεγάλη,
1340 3880 1437 3932 καὶ
1482 3878 1907 3949 πολυάνθρωπος

333 3967 523 4019 πασῶν
549 3967 659 4019 τῶν
697 3968 875 4022 ἄλλων
908 3971 1310 4044 ὑπερκειμένη,
1339 3972 1373 4041 ἢ
1404 3975 1587 4036 πάσας
1614 3971 1713 4036 τὰς
1758 3977 1909 4040 ἀγω-

339 4061 527 4128 γίμους
562 4060 883 4131 ὑποδέχεται
913 4062 1047 4128 ναῦς
1079 4066 1138 4117 ὲν
1254 4066 1361 4127 πᾶς
1393 4065 1421 4117 ὁ
1442 4065 1530 4117 διὰ
1551 4064 1786 4133 Χριστὸν
1817 4063 1906 4127 ξε-

334 4152 562 4203 νιτεύων
614 4152 741 4217 λαὸς
785 4156 874 4209 διά
926 4173 985 4208 τε
1017 4158 1120 4227 γῆς
1174 4158 1267 4210 καὶ
1295 4157 1568 4229 θαλάττης
1621 4159 1902 4228 ἐπιφοιτᾷ.

334 4242 648 4298 Κάντεῦθεν
692 4245 784 4298 τοῦ
842 4249 1005 4317 ἀέρος
1060 4249 1426 4320 φθειρομένου
1481 4250 1586 4302 ὑπὸ
1652 4251 1749 4320 τῆς
1798 4250 1908 4302 τῶν

332 4335 616 4405 ἐπηλύδων
678 4339 1065 4411 πολυπληθοῦς
1108 4343 1447 4414 παρουσίας,
1498 4342 1910 4414 άλληπάλληλοι

2006 3154 2182 3209 nicum
2210 3149 2371 3206 sulcis
2417 3150 2713 3216 excavatis,
2740 3150 3051 3221 depressam
3083 3166 3277 3219 aquam
3309 3152 3357 3205 in
3392 3151 3596 3207 Salien-

2006 3243 2075 3296 tis
2127 3240 2358 3309 speciem
2401 3239 2603 3295 effundi
2636 3253 3030 3311 procurarunt;
3074 3258 3192 3311 quae
3252 3259 3415 3299 cursu
3446 3258 3598 3299 reso-

2008 3348 2164 3396 nans,
2196 3340 2374 3403 prata,
2403 3330 2609 3386 fontem
2656 3333 2972 3395 ambientia.
2993 3334 3365 3402 frequentibus
3398 3337 3594 3406 irrigat

2005 3422 2264 3478 fluentis:
2298 3434 2353 3479 et
2395 3425 2721 3494 quandoque
2772 3425 3041 3496 quispiam
3071 3426 3124 3479 in
3166 3427 3299 3479 turri
3335 3436 3593 3496 tanquam

2006 3515 2062 3571 in
2113 3515 2325 3585 specula
2362 3525 2513 3569 stans
2548 3516 2731 3571 videre
2782 3516 2980 3587 poterit
3036 3516 3256 3571 densam
3287 3517 3592 3586 plantarum

2010 3605 2346 3673 congeriem,
2374 3614 2448 3671 et,
2480 3606 2607 3659 dum
2640 3604 2765 3661 folia
2808 3618 3219 3661 commoventur
3247 3618 3301 3661 et
3335 3607 3593 3664 meridies

2008 3694 2204 3763 fervet,
2250 3698 2389 3765 prati
2424 3696 2731 3751 universam
2755 3713 3009 3753 coronam
3044 3700 3343 3769 irrigatam.

2081 3793 2134 3849 9.
2176 3793 2305 3850 lnde
2334 3793 2646 3863 Ptolemais,
2675 3796 2789 3853 sive
2837 3802 3001 3862 Acce,
3036 3797 3140 3853 sita
3184 3808 3269 3853 est
3300 3814 3315 3863 ;
3359 3802 3486 3853 urbs
3513 3798 3598 3851 in-

2011 3899 2164 3956 gens,
2200 3894 2255 3940 et
2310 3886 2462 3953 copia
2499 3886 2780 3941 hominum
2836 3887 3007 3955 dives,
3063 3888 3183 3943 aliis
3216 3890 3469 3942 omnibus
3502 3906 3597 3942 ex-

2014 3977 2231 4031 celsior.
2267 3976 2343 4031 Ea
2406 3993 2571 4034 naves
2604 3993 2793 4034 omnes
2843 3981 3121 4035 onerarias
3171 3980 3370 4048 excipit
3401 3997 3415 4047 ;
3454 3990 3508 4035 et
3541 3983 3595 4035 in

2015 4082 2132 4121 cam
2174 4082 2271 4136 pro
2299 4066 2517 4124 Christo
2555 4072 2986 4139 pcregrinatores
3024 4083 3165 4126 terra
3198 4076 3444 4142 marique
3474 4087 3597 4128 sese

2016 4161 2303 4230 recipiunt.
2372 4160 2507 4215 Hinc
2552 4163 2882 4218 advenarum
2918 4165 3196 4220 immensae
3236 4165 3599 4220 multitudinis

2013 4267 2261 4317 accessu,
2296 4252 2419 4307 dum
2436 4268 2532 4307 aer
2564 4256 2949 4325 corrumpitur,
2985 4259 3296 4312 morborum
3342 4257 3598 4327 frequen-

2017 4341 2145 4395 tium
2192 4356 2390 4410 genera
2446 4342 2652 4397 exitiali
2708 4344 3226 4414 deszeviuntclade;
3267 4355 3380 4401 tum
3400 4348 3596 4405 odores

334 4427 482 4481 νόσοι
528 4430 916 4499 συμϐαίνουσι,
947 4434 1042 4487 καὶ
1079 4434 1294 4497 τούτοις
1327 4434 1629 4504 ἐπάγονται
1662 4435 1906 4501 θάνατοι,

2019 4434 2269 4501 pessimi.
2306 4449 2373 4486 ex
2431 4448 2557 4488 aere
2606 4446 2953 4504 putrescente
2990 4438 3262 4494 funestum
3292 4440 3599 4496 hominibus

333 4517 395 4583 ἐξ
445 4510 519 4571 ὦν
550 4518 826 4587 δυσωδίαι,
863 4522 1164 4576 κάντεῦθεν
1195 4526 1224 4577 ὀ
1274 4524 1384 4595 ἀὴρ
1420 4524 1745 4597 ἐπιφέρεται
1799 4523 1912 4596 [ἵσ.

334 4611 765 4685 ὲπιφθείρετος],
820 4617 917 4668 καὶ
964 4615 1081 4669 ἐστι
1132 4615 1191 4670 τὸ
1244 4618 1414 4671 κακὸν
1452 4617 1672 4687 ἄμαχον
1710 4618 1916 4687 ταύτης

333 4705 433 4773 τῆς
486 4705 719 4770 πόλεως.
760 4706 922 4777 Δεξιᾷ
980 4708 1080 4777 μέν
1111 4708 1264 4763 ἐστιν
1317 4709 1352 4779 ἡ
1389 4709 1694 4780 Κάρμηλος
1752 4709 1846 4762 καὶ
1881 4710 1915 4779 ή

334 4794 607 4864 παράλιος
642 4798 832 4850 πασῶν
871 4797 973 4867 τῆς
1009 4799 1401 4872 Παλαιστίνης.
1432 4800 1515 4853 Τὰ
1563 4800 1621 4853 δὲ
1654 4798 1919 4870 εὐώνυμα

333 4887 539 4956 ταύτης
571 4887 671 4957 τὴν
698 4888 993 4943 Γαλιλαίαν
1020 4891 1114 4944 καὶ
1133 4892 1233 4963 τὴν
1259 4892 1578 4962 Σαμάρειαν
1599 4892 1806 4962 έχουσι.

412 4981 465 5033 t'.
521 4978 763 5049 Πρώτως
798 4978 893 5033 οὖν
952 4981 1095 5036 κατὰ
1149 4982 1249 5053 τὴν
1302 4982 1646 5053 Πτολεμαΐδα
1686 4985 1838 5035 ἐστὶν
1882 4983 1918 5053 ἠ

338 5067 623 5137 Σεμφωρὶ,
651 5069 808 5133 πόλις
831 5070 934 5141 τῆς
966 5071 1258 5136 Γαλιλαίας
1286 5073 1464 5143 πάντη
1498 5073 1685 5137 ἄοικος
1705 5073 1918 5144 σχεδὸν,

342 5161 479 5228 μηδὲ
512 5160 763 5229 λείψανον
794 5163 896 5232 τῆς
951 5161 1145 5233 πρώην
1195 5164 1372 5234 αὐτῆς
1407 5166 1755 5236 εὐδαιμονίας
1812 5166 1917 5235 έμ-

339 5252 631 5320 φαίνουσα.
659 5253 814 5308 Μετὰ
844 5254 905 5308 δὲ
942 5255 1145 5326 ταύτην
1171 5256 1321 5309 ἐστὶν
1372 5258 1405 5328 ἡ
1452 5257 1631 5324 Κανὰ,
1686 5257 1918 5310 καστέλ-

338 5344 455 5397 λιον
489 5344 671 5416 πάντη
704 5345 927 5417 μικρὸν,
978 5349 1040 5400 τδ
1074 5348 1221 5413 τέως
1268 5346 1364 5402 νῦν
1405 5348 1704 5420 ὁρώμενον.
1750 5348 1922 5403 Ἔνθα

340 5433 403 5486 τὸ
430 5432 575 5505 ὕδωρ
605 5438 633 5488 ὁ
675 5438 871 5508 Σωτὴρ
902 5440 983 5502 είς
1025 5434 1170 5492 οἶνον
1205 5441 1559 5511 μετεποίησε.
1603 5441 1716 5497 Καὶ
1744 5440 1921 5506 οὕτως

347 5528 516 5599 μέσον
541 5528 819 5600 διαφόρων
855 5530 1063 5601 βουνῶν
1097 5533 1191 5586 ἐπὶ
1224 5532 1302 5604 τῷ
1335 5533 1493 5604 βάθει
1516 5534 1615 5606 τῆς
1643 5533 1704 5601 ἐξ
1737 5534 1922 5589 αὐτῶν

2019 4525 2289 4579 excidium
2343 4523 2621 4579 afl‘erunt:
2665 4537 2720 4581 et
2769 4537 2914 4582 tanta
2960 4544 3102 4584 noxa
3165 4546 3272 4585 non
3309 4533 3378 4585 ita
3421 4533 3600 4590 facilis

2019 4629 2330 4687 expugnatu
2385 4627 2512 4685 est;
2560 4633 2661 4674 nec
2696 4622 2992 4675 remedium
3040 4623 3183 4678 malo
3209 4625 3479 4678 inveneris
3508 4642 3603 4680 υτ..

2017 4708 2101 4762 bis
2155 4711 2391 4764 dextera:
2420 4719 2601 4780 partes
2651 4710 2955 4766 Carmelum
2980 4723 3034 4767 et
3077 4715 3407 4767 maritimam
3438 4715 3603 4769 Palaa~

2019 4800 2178 4857 stinae
2205 4815 2383 4866 oram,
2439 4802 2678 4856 sinistra:
2731 4799 3007 4857 Galilaeam
3043 4813 3097 4859 et
3140 4803 3441 4859 Samariam
3501 4809 3602 4859 ha-

2018 4889 2169 4943 bent.

2093 4991 2177 5047 10.
2208 4990 2384 5045 Prima
2420 4991 2602 5060 itaque
2633 5003 2755 5062 post
2794 4992 3181 5049 Ptolemaidem
3214 4998 3340 5051 urbs
3369 4995 3602 5053 ϐειΙίιευιο

2024 5080 2309 5150 Semphori
2362 5083 2465 5136 sita
2500 5092 2607 5149 est,
2655 5099 2878 5153 prorsus
2918 5088 3140 5150 inculta,
3194 5098 3355 5154 atque
3387 5089 3568 5143 iuhabi

2024 5173 2221 5240 tabilis,
2259 5174 2572 5243 nullumque
2626 5174 2742 5229 fere
2797 5177 3039 5245 pristina-
3078 5178 3354 5233 beatitatis
3396 5195 3504 5247 prae
3539 5196 3598 5233 se

2023 5266 2129 5320 fert
2174 5267 2479 5337 vestigium.
2526 5266 2655 5320 Eam
2690 5271 2891 5337 excipit
2939 5270 3111 5335 Cana,
3138 5272 3419 5326 castellqu
3480 5288 3604 5341 par-

2022 5372 2170 5423 vum,
2208 5366 2265 5410 ut
2289 5372 2432 5410 nunc
2473 5356 2677 5411 videnti
2710 5357 2982 5428 objicitur.
3040 5358 3115 5411 lbi
3155 5360 3353 5427 aquam
3404 5360 3602 5415 Salva-

2026 5456 2111 5501 tor
2169 5447 2221 5500 in
2261 5446 2441 5500 vinum
2500 5449 2785 5503 convertit.
2822 5447 2957 5501 Tum
3012 5449 3156 5504 inter
3212 5451 3394 5505 varios
3443 5451 3606 5506 colles

2029 5540 2222 5603 media,
2260 5540 2326 5594 ad
2360 5541 2463 5594 ima
2527 5542 2596 5595 ab
2662 5542 2865 5596 eisdem
2912 5542 3208 5597 eil'ormatse
3245 5543 3421 5609 vallis,
3475 5547 3605 5599 urbs

347 5621 634 5691 φάραγγος
669 5623 703 5691 ἡ
732 5621 992 5693 Ναζαρὲτ
1040 5622 1194 5687 πόλις
1232 5623 1649 5695 τεθεμελίωται,
1687 5620 1831 5699 ἐφ’ᾗ
1862 5626 1906 5680 τί

2028 5630 2300 5687 Nazarcth
2325 5631 2501 5687 locum
2540 5633 2702 5687 habet
2732 5649 2746 5699 ;
2783 5634 2838 5687 in
2868 5650 2970 5703 qua
3022 5633 3214 5704 ingens
3244 5649 3339 5704 per
3369 5633 3604 5688 Gabrie-

351 5716 497 5784 μέγα
546 5715 846 5785 μυστήριον
892 5714 981 5770 διὰ
1028 5717 1123 5772 τοῦ
1177 5717 1519 5788 ἀρχαγγέλου
1566 5717 1805 5789 Γαϐριὴλ
1852 5721 1922 5790 τῇ

2029 5726 2132 5780 lem
2180 5724 2566 5793 archangelum
2624 5726 2940 5797 mysterium
2985 5726 3225 5799 Deipara:
3257 5726 3460 5797 Virgini
3509 5742 3603 5781 an-
