4042 6394
467 296 587 364 935'
1746 306 2068 373 JOANNIS
2103 312 2369 378 PHOC/E
3496 384 3511 392 -
3622 331 3732 397 936

463 414 775 468 nuntiatum
840 412 966 479 est;
1013 421 1235 483 propter
1265 428 1513 488 magnam
1544 422 1599 474 et
1644 420 1953 480 amuentem
1988 426 2045 480 il:

2156 429 2423 503 Παρθένῳ
2451 432 2689 507 θεοτόκῳ
2729 437 3120 510 εὐηγγελίσθη,
3149 440 3237 498 διὰ
3277 445 3423 514 μέγα
3452 458 3548 501 και
3570 448 3741 503 πλούο

465 503 571 559 lius
638 505 1093 570 misericordiam,
1120 506 1210 576 qui
1242 510 1311 562 ob
1343 518 1582 566 nostram
1613 514 1844 571 salutem
1871 518 2045 573 homi-

2154 539 2268 576 σιον
2294 523 2466 589 ἔλεος,
2498 528 2593 580 τοῦ
2642 503 2729 582 διὰ
2882 503 3376 607 ’ήμῶν-σωτηρίαν
3407 538 3729 609 σαρκωθέν-

469 609 592 649 nem
622 597 918 667 assumpsit
951 598 1199 655 Christus
1245 600 1383 657 Deus
1415 614 1619 662 noster.
1658 605 1854 662 Statim
1887 617 2050 680 atque

467 687 697 755 primam
752 686 982 757 hujusce
1025 688 1262 759 ingentis
1283 692 1466 763 oppidi
1516 706 1725 765 portam
1770 696 2049 769 ingressus

424 802 431 807 ο
466 773 654 839 fueris,
683 778 999 847 archangeli
1027 777 1294 837 Gabrielis
1322 784 1582 853 templum
1609 786 1884 855 oﬂ'endes;
1911 799 1967 844 et
1991 788 2045 845 in

466 866 679 933 pusilla,
728 867 875 921 circa
912 870 1103 923 laevam
1154 882 1364 942 partem
1398 876 1589 931 altaris
1645 878 1867 947 quodin
1902 888 2042 936 tem-

465 955 552 1023 plo
576 965 680 1023 est,
708 959 984 1026 spelunca,
1044 959 1169 1016 fons
1202 965 1521 1030 praelucid'as
1569 982 1739 1037 aquas
1758 968 2046 1026 eﬂ'undens

464 1050 721 1120 erumpit,
786 1051 838 1102 in
882 1065 1042 1121 quem
1084 1053 1588 1114 immaculatissima
1652 1061 1970 1132 Deiparens,
2017 1078 2045 1118 a

463 1139 838 1196 sacerdotibus
883 1142 1033 1211 justo
1059 1143 1297 1215 Josepho
1341 1152 1673 1217 concredita,
1731 1154 1857 1207 dum
1891 1153 1959 1209 ab
1980 1167 2046 1209 eo

467 1240 717 1285 servatur
758 1272 774 1299 ,
810 1236 1051 1303 quotidie
1106 1239 1422 1305 adveniens,
1457 1256 1652 1311 aquam
1710 1244 1995 1303 hauriebat
2027 1262 2044 1316 ;

466 1325 560 1377 sed
603 1339 634 1377 a
671 1337 933 1395 concepto
964 1327 1311 1385 Praecursore
1347 1344 1534 1389 mense
1563 1345 1735 1401 sexto,
1764 1349 1885 1390 cum
1945 1352 2046 1408 pro

468 1428 618 1467 more
648 1427 904 1483 aquatum
959 1419 1215 1486 venisset,
1251 1422 1483 1488 primam
1525 1438 1553 1477 a
1592 1426 1844 1484 Gabriele
1899 1428 2048 1483 salu-

466 1508 725 1563 tationem
762 1511 996 1581 accepit,
1031 1515 1381 1585 turbataque,
1415 1526 1523 1572 tota
1558 1518 1776 1583 timens,
1809 1517 1867 1572 in
1899 1519 2046 1574 aedes

462 1595 662 1668 Joseph
695 1604 996 1670 regreditur
1017 1620 1034 1671 ;
1054 1607 1167 1669 ubi,
1200 1605 1304 1660 Ave
1329 1609 1501 1678 gratia
1529 1612 1704 1677 plena,
1756 1611 1824 1665 ab
1855 1610 2044 1679 angelo

463 1696 691 1759 audivit,
724 1708 796 1763 et,
827 1696 958 1753 Ecce
988 1701 1187 1754 ancilla
1219 1700 1455 1768 Domini,
1476 1704 1571 1772 ﬁat
1596 1706 1725 1760 mihi
1756 1707 2044 1761 secundum

462 1788 672 1840 verbum
712 1796 880 1855 tuum,
920 1791 996 1845 illi
1046 1795 1346 1861 respondit,
1381 1805 1438 1851 et
1498 1796 1622 1853 hinc
1658 1796 1754 1854 Dei
1798 1797 2037 1855 Verbum
2076 1790 2115 1845 Β

462 1880 516 1931 in
556 1890 743 1934 ventre
808 1895 907 1935 suo
966 1885 1255 1951 purissimo
1306 1889 1535 1956 accepit.
1584 1887 1784 1943 Domus
1848 1886 2049 1959 Joseplt

465 1971 807 2035 postmodum
862 1974 915 2025 in
956 1975 1382 2043 pulcherrimum
1441 1977 1699 2048 templum
1752 1979 2043 2035 immutata

461 2070 542 2114 est
569 2077 583 2125 ;
616 2063 668 2115 in
705 2064 858 2132 cujus
886 2062 1018 2119 laeva
1049 2077 1203 2136 parte
1238 2080 1404 2137 prope
1436 2067 1608 2126 altare
1640 2071 1916 2141 spelunca,
1942 2082 2046 2127 non

465 2152 517 2203 in
551 2159 710 2206 terra:
762 2153 1061 2209 visceribus
1116 2167 1335 2227 patens,
1398 2159 1493 2214 sed
1544 2159 1839 2231 superﬁcie
1888 2170 2048 2217 tenus

460 2240 637 2296 hians.
664 2242 739 2298 Os
766 2247 998 2301 candido
1029 2262 1301 2305 marmore
1360 2260 1658 2306 exornatur
1691 2260 1855 2322 super
1875 2252 2048 2323 picto-

460 2331 538 2383 ris
579 2334 865 2398 industria,
922 2337 1147 2407 angelus
1179 2338 1277 2393 alis
1318 2339 1591 2409 insistens,
1619 2341 1956 2397 descendens
1978 2334 2045 2398 ad

463 2431 691 2476 matrem
764 2427 884 2479 sine
936 2428 1152 2493 marito,
1204 2426 1326 2482 laeto
1371 2431 1563 2484 nuntio
1618 2427 1838 2495 salutat,
1897 2430 2047 2502 gravi

464 2515 704 2579 graviter
743 2513 993 2578 laniﬁcio
1044 2518 1242 2572 dedita:
1296 2532 1629 2585 occurrens;
1674 2528 1728 2575 et
1776 2520 2060 2590 ﬁguratur,

459 2605 699 2669 quidem,
733 2619 798 2659 ac
826 2607 870 2661 si
903 2622 1030 2661 cum
1062 2622 1126 2664 ea
1177 2611 1580 2679 colloqueretur
1609 2628 1624 2666 :
1658 2608 1864 2678 Virgini
1896 2626 2042 2677 vero,

458 2688 736 2764 insperato
758 2708 982 2766 aspectu
1011 2702 1302 2764 deterrita,
1339 2703 1641 2770 statimque
1704 2712 1911 2757 terrore
1953 2703 2044 2761 illo

461 2784 656 2838 faciem
688 2786 797 2839 alio
843 2791 1135 2853 avertenti,
1162 2800 1372 2845 tantum
1404 2806 1508 2846 non
1536 2807 1566 2846 e
1599 2806 1763 2846 manu
1799 2808 2043 2864 purpura

459 2876 706 2944 excidit;
738 2894 861 2947 quae
915 2891 1174 2947 tremens,
1217 2882 1476 2952 forasque
1517 2900 1641 2942 sese
1668 2886 1829 2941 cubili
1864 2886 2041 2956 prori-

462 2968 635 3037 piens,
667 2969 812 3025 aiilni
850 2972 1060 3027 mulieri
1091 2975 1387 3043 emicatque
1417 2976 1573 3030 obvia
1602 2974 1682 3041 fit,
1723 2990 1953 3048 eamque
1974 2990 2041 3032 ex

458 3060 635 3115 intimi
666 3066 832 3118 animi
867 3063 1065 3120 aﬁ‘ectu
1109 3066 1448 3136 amplexibus
1496 3067 1661 3123 fovet.
1712 3064 1819 3124 Per
1866 3084 1928 3125 os
1982 3070 2037 3124 in

459 3156 772 3224 Speluncam
808 3160 1105 3228 ingressus,
1150 3175 1351 3227 paucos
1383 3162 1671 3216 admodum
1707 3160 1907 3233 gradus
1945 3162 2041 3218 dea

461 3252 677 3306 scendis
710 3267 724 3316 ;
769 3261 879 3305 tum
915 3258 1191 3324 antiquam
1238 3255 1382 3309 illam
1406 3253 1629 3323 Josephi
1666 3256 1838 3310 aedem
1870 3257 2040 3312 oculis

457 3340 679 3408 lustras,
715 3344 767 3397 in
799 3362 925 3412 qua,
963 3360 1224 3416 regressa:
1273 3363 1303 3402 a
1337 3343 1489 3402 fonte
1537 3347 1772 3416 Virgini,
1804 3351 2039 3403 archan-

457 3437 632 3503 geius,
680 3436 869 3506 utjam
901 3439 1033 3504 dixi,
1071 3437 1248 3494 fausta
1294 3441 1658 3495 attnuntiavit.
1691 3441 1782 3496 Est
1821 3452 2042 3510 printer-

458 3541 521 3580 ea
580 3544 648 3582 eo
677 3530 727 3582 in
759 3530 901 3597 loco,
934 3532 987 3585 in
1031 3546 1137 3601 quo
1175 3532 1535 3588 Annuntiatio
1564 3533 1701 3588 facta
1735 3542 1835 3600 est,
1861 3549 1927 3588 ex
1960 3535 2042 3588 ni-

455 3634 551 3689 gro
588 3622 767 3690 lapide
789 3638 942 3691 crux,
998 3626 1230 3680 candido
1265 3642 1539 3683 marmore
1570 3626 1763 3694 incisa,
1799 3636 1853 3681 et
1876 3641 2041 3694 super

456 3727 573 3765 eam
603 3715 810 3781 altare;
847 3723 900 3769 et
933 3730 962 3769 a
1025 3718 1249 3773 dextera
1285 3721 1490 3786 altaris,
1552 3721 1748 3791 pusilla
1785 3720 2036 3787 aedicula,

458 3805 645 3887 inqua
691 3822 908 3878 semper
964 3811 1116 3881 virgo
1185 3813 1410 3886 Deipara
1463 3829 1522 3870 se
1582 3814 1918 3869 continebat.
1979 3812 2035 3868 in

455 3900 644 3953 dextra
678 3914 809 3955 vero
836 3912 987 3970 parte
1031 3905 1480 3967 Annuntiationis
1534 3907 1640 3960 alia
1704 3904 2039 3973 conspicitur

449 3986 701 4062 azdicnla,
760 3994 981 4050 luminis
1041 4010 1256 4067 expers,
1299 4013 1461 4067 quam
1527 3997 1789 4051 Dominus
1855 4008 2039 4050 nomer

454 4080 729 4151 Christus,
805 4102 1085 4157 regressus
1134 4105 1198 4145 ex
1239 4089 1497 4160 IEgypto,
1560 4105 1729 4159 usque
1767 4091 1833 4143 ad
1893 4089 2039 4145 Prae-

451 4189 735 4232 cursorem
817 4180 1141 4235 decollatum
1252 4183 1542 4236 incoluisse
1622 4181 1813 4236 fertttr.
1888 4179 2039 4232 Tunc

2149 628 2240 676 τος
2267 614 2509 686 Χριστοῦ
2544 618 2643 671 τοῦ
2676 618 2814 675 Θεοῦ
2844 624 3024 692 ἡμῶν.
3058 621 3155 680 Ἐν
3210 627 3343 695 γοῦν
3372 627 3453 698 τῷ
3496 628 3731 684 εἰσιέναι

2149 704 2250 773 τὴν
2277 705 2506 778 πρώτην
2532 709 2710 781 πύλην
2735 711 2832 780 τῆς
2861 714 3122 786 τοιαύτης
3144 717 3529 789 Κωμοπόλεως
3552 718 3733 790 ὑπάρ-

2149 809 2235 863 χει
2290 796 2419 860 ναὸς
2483 797 2579 851 τοῦ
2626 801 2971 873 ἀρχαγγέλου
3005 805 3270 878 Γαϐριήλ.
3324 809 3434 862 Kal.
3490 809 3732 880 περὶτὰ

2147 884 2405 956 εὐώνυμα
2456 891 2599 962 μέρη
2627 895 2722 946 τοῦ
2773 896 2832 949 ἐν
2861 896 2939 967 τῷ
2968 897 3082 968 ναῷ
3116 897 3507 971 θυσιαστηρίου
3532 902 3732 972 ὁρᾶται

2150 979 2352 1048 μικρὸν
2388 982 2679 1053 σπήλαιον,
2707 986 2768 1041 ἐν
2811 980 2855 1055 ᾧ
2891 989 3043 1061 πηγὴ
3079 990 3503 1056 ἀναόλυστάνει,
3533 991 3732 1056 διειδὲς

2149 1069 2365 1142 ῥεῖθρον
2393 1073 2728 1142 ἐκπτύουσα,
2765 1078 2824 1131 ἐν
2975 1081 3357 1154 πανάχραντος
3382 1081 3646 1147 Θεοτόκος
3669 1084 3732 1136 ὁ-

2148 1162 2359 1230 πηνίκα
2417 1165 2521 1218 ὐπδ
2569 1166 2678 1220 τῶν
2732 1170 2926 1240 ίερέων
2977 1170 3358 1243 παραδοθεῖσα
3399 1174 3480 1246 τῷ
3529 1173 3729 1245 δικαίῳ

2158 1250 2384 1326 Ἰωσὴφ,
2427 1252 2501 1330 ἦν
2524 1261 2658 1332 παρ’
2686 1262 2856 1317 αὐτοῦ
2907 1263 3292 1337 φυλαττομένη
3333 1265 3458 1320 καθ’
3487 1267 3730 1336 ἑκάστην

2146 1342 2526 1418 ἀπερχομένη,
2557 1349 2617 1404 τὸ
2642 1350 2793 1424 ὕδωρ
2822 1355 3115 1425 άπήντλει,
3141 1359 3200 1409 ἐν
3220 1356 3275 1409 δὲ
3299 1356 3442 1426 ἕκτῳ
3469 1358 3600 1427 μηνὶ
3628 1359 3729 1427 τῆς

2144 1435 2239 1490 τοῦ
2273 1436 2589 1510 Προδρόμου
2622 1441 2967 1515 συλλήψεως,
3004 1446 3276 1516 μέλλουσα
3302 1449 3363 1500 τὸ
3388 1446 3531 1517 ὓδωρ
3563 1448 3731 1517 συνή-

2146 1526 2253 1592 θως
2287 1530 2616 1601 ἀρύσασθαι,
2663 1535 2752 1588 τὸν
2788 1537 3005 1607 πρῶτον
3029 1539 3320 1609 ἀσπασμὸν
3355 1539 3458 1592 ὑπὸ
3489 1537 3585 1592 τοῦ
3621 1538 3729 1591 Γα-

2146 1618 2309 1692 ϐριὴλ
2361 1621 2604 1690 ἐδέξατο,
2646 1627 2741 1679 καὶ
2799 1627 3234 1701 διαταραχθεῖσα
3284 1631 3588 1700 σύντρομος
3644 1633 3727 1693 είς

2144 1710 2324 1766 οἰκίαν
2346 1714 2441 1766 τοῦ
2487 1711 2687 1786 Ἰωσὴφ
2715 1717 2982 1787 ἀπῆλθεν,
3016 1720 3074 1770 ἐν
3172 1719 3251 1785 τὸ,
3294 1719 3468 1789 Χαῖρε
3500 1733 3728 1788 κεχαρι-

2149 1804 2401 1873 τωμένη,
2462 1806 2612 1876 παρὰ
2658 1807 2754 1859 τοῦ
2817 1808 3050 1876 ἀγγέλου
3106 1811 3420 1879 ἐπήκουσε,
3480 1810 3573 1861 καὶ
3630 1807 3726 1873 τὸ,

2151 1892 2284 1951 Ἰδοὺ
2309 1898 2342 1968 ή
2367 1897 2529 1968 δούλη
2560 1898 2789 1969 Κυρίου,
2810 1899 3023 1968 γένοιτό
3048 1917 3138 1972 μοι
3167 1900 3307 1955 κατά
3334 1900 3395 1953 τὺ
3418 1900 3573 1972 ῥῆμά
3605 1916 3726 1960 σου,

2151 1988 2288 2059 πρὸς
2319 1989 2483 2043 αὐτὸν
2510 1991 2809 2061 ἁντέφησε,
2843 1992 3140 2046 κάντεῦθεν
3169 1993 3262 2046 τὸν
3288 1991 3383 2045 τοῦ
3409 1991 3546 2044 θεοῦ
3569 1989 3730 2059 λόγον

2150 2066 2209 2130 ἐν
2257 2079 2325 2149 τῇ
2359 2076 2691 2149 παναμώμῳ
2730 2079 2940 2149 ταύτης
3002 2080 3223 2144 ἐδέξατο
3260 2080 3436 2149 νηδύϊ.
3507 2075 3656 2147 Αὕτη
3693 2077 3729 2146 η

2149 2166 2242 2223 τοῦ
2270 2168 2471 2240 Ἰωσὴφ
2520 2168 2671 2225 οίκία
2705 2172 2845 2240 μετὰ
2876 2169 3053 2224 ταῦτα
3088 2172 3167 2236 είς
3213 2170 3342 2224 ναὸν
3395 2168 3731 2239 μετεσκευα-

2150 2256 2254 2326 σθη
2300 2256 2632 2329 περικαλλῆ,
2695 2252 2867 2331 οὗπερ
2914 2260 2975 2313 τὸ
3031 2259 3314 2331 εὐώνυμον
3352 2262 3521 2331 μέρος
3560 2258 3727 2327 ἐγγύς

2150 2364 2260 2403 που
2297 2350 2427 2421 περὶ
2475 2350 2538 2404 τὸ
2568 2350 2958 2423 θυσιαστήριον
3023 2352 3261 2424 ὑπάρχει
3316 2355 3607 2424 σπήλαιον,
3666 2344 3728 2404 οῦ

2149 2440 2294 2495 κατὰ
2318 2438 2379 2493 τὺ
2403 2432 2567 2511 βάθος
2592 2441 2693 2510 τῆς
2720 2442 2822 2511 γῆς
2847 2432 3217 2512 ἠνεῳγμένον,
3250 2440 3366 2495 ἀλλ’
3387 2437 3726 2502 ἐπιπολαίως

2149 2532 2500 2603 φαινόμενον,
2544 2524 2605 2585 οῦ
2636 2532 2697 2587 τδ
2741 2534 2968 2603 στόμιον
3004 2535 3221 2597 λευκοῖς
3254 2531 3575 2605 μαρμάροις
3628 2547 3729 2583 πε-

2153 2624 2572 2695 ρικαλλύνεται.
2602 2624 2713 2678 Καὶ
2748 2624 2942 2679 τούτου
2969 2625 3110 2696 ὕπερ
3141 2625 3229 2678 διὰ
3260 2627 3359 2695 τῆς
3387 2624 3480 2677 τοῦ
3509 2623 3731 2693 ζωγρά-

2148 2730 2248 2788 φου
2302 2718 2487 2789 χειρὸς
2541 2717 2854 2789 ὐπδπτερος
2910 2717 3140 2785 ἄγγελος
3209 2715 3510 2780 κατελθὼν,
3572 2712 3728 2783 παρὰ

2144 2808 2244 2878 τὴν
2283 2810 2412 2864 ἄνευ
2446 2810 2703 2862 συνοίκου
2770 2809 2983 2880 μητέρα
3022 2812 3190 2879 μήπω
3221 2808 3526 2877 γενομένην
3560 2804 3728 2871 εὐαγ-

2144 2898 2345 2967 γελίοις
2400 2898 2726 2965 ἀσπάζεται,
2770 2902 2942 2971 σεμνῇ
2981 2898 3199 2968 σεμνῶς
3247 2894 3724 2965 ταλασιουργούσῃ

2145 2987 2474 3058 περιτυχὼν,
2509 2987 2604 3039 καὶ
2638 2986 3029 3056 σχηματίζεται
3063 2986 3162 3056 μὲν
3194 2980 3369 3048 οἷατις
3402 2985 3540 3054 πρὶς
3589 2984 3724 3035 ταύ-

2142 3090 2241 3148 την
2262 3077 2664 3148 διαλεγόμενος,
2702 3077 3074 3147 ἐκπλαγείσης
3112 3075 3169 3130 δὲ
3202 3077 3339 3150 πρὸς
3370 3076 3470 3147 τὴν
3501 3074 3726 3129 ἀνέλπι-

2146 3186 2270 3223 στον
2309 3169 2458 3235 θέαν,
2501 3169 2713 3240 ἀθρόως
2744 3186 2803 3222 τε
2843 3168 2920 3240 τῷ
2964 3170 3180 3240 θορύϐῳ
3220 3167 3722 3240 μεταστραφείσης,

2146 3258 2345 3330 μικροῦ
2379 3258 2479 3329 τῆς
2516 3258 2698 3330 χειρὸς
2730 3257 2988 3324 ἐξέπεσεν
3035 3262 3067 3330 η
3104 3256 3382 3329 πορφύρα,
3436 3259 3469 3327 ἢ
3502 3258 3593 3311 καί⁵
3628 3256 3723 3310 τοῦ

2147 3353 2393 3424 θαλάμου
2442 3354 2662 3419 ἐξιοῦσα
2706 3356 2804 3407 σὺν
2851 3353 3025 3423 φόϐῳ,
3074 3356 3292 3422 γυναικὶ
3326 3356 3578 3423 συγγενεῖ
3629 3353 3724 3409 καὶ

2142 3442 2674 3517 φίληπροσυπαντᾷ
2718 3444 2810 3497 καὶ
2860 3445 3172 3515 ἀσπασμοῖς
3210 3444 3479 3509 δεξιοῦται
3516 3442 3722 3513 ταύτην

2142 3536 2367 3604 φιλίοις.
2390 3536 2665 3590 Εἰσελθὼν
2699 3532 2792 3590 οῦν
2820 3535 2916 3590 τοῦ
2945 3536 3208 3605 στόματος
3241 3534 3443 3589 ἔσωθεν
3467 3534 3560 3589 τοῦ
3585 3553 3723 3606 σπη-

2142 3626 2318 3693 λαίου,
2357 3628 2603 3701 κατέρχῃ
2653 3628 2921 3699 βαθμίδας
2975 3628 3184 3696 ὀλίγας,
3232 3629 3327 3682 καὶ
3370 3627 3547 3690 οὕτως
3587 3628 3721 3697 δρᾷς

2140 3721 2240 3792 τὴν
2281 3720 2452 3777 πάλαι
2492 3721 2699 3791 ταύτην
2729 3722 2949 3790 ἐκείνην
2988 3721 3200 3775 οἰκείαν
3236 3719 3331 3773 τοῦ
3377 3716 3601 3790 Ἰωσὴφ,
3634 3717 3721 3786 ἐφ’

2139 3806 2173 3887 ᾖ
2206 3812 2348 3881 μετὰ
2381 3812 2439 3865 τὸ
2457 3812 2877 3880 ὑποστραφῆναι
2904 3810 3011 3864 ἀπὸ
3034 3812 3133 3879 τῆς
3166 3811 3347 3881 πηγῆς
3369 3812 3431 3880 τῇ
3460 3807 3722 3896 Παρθένῳ

2139 3906 2167 3958 δ
2207 3904 2568 3975 ἀρχάγγελος,
2634 3902 2816 3966 καθὼς
2859 3903 3018 3973 ἔφην,
3064 3903 3266 3973 ταύτην
3305 3899 3718 3971 εὐηγγελίσατο,

2143 3995 2329 4047 Ἔστιν
2375 3993 2470 4047 οὖν
2499 3993 2641 4047 κατὰ
2670 3993 2764 4046 τὸν
2792 3992 2958 4046 τόπον
3001 3994 3227 4058 ἐκεῖνον,
3260 3991 3381 4045 καθ’
3405 3991 3464 4043 ὃν
3495 3992 3523 4043 ὁ
3551 3990 3721 4058 εὐαγρ

2138 4089 2396 4160 γελισμὸς
2447 4089 2660 4158 γέγονε,
2700 4088 2940 4159 Σταυρὸς
2971 4089 3035 4141 ἐκ
3092 4087 3242 4140 λίθου
3280 4083 3510 4155 μέλανος
3557 4084 3719 4148 ἐγκεε

2140 4178 2523 4250 κολλαμμένος
2555 4179 2651 4232 ἐπὶ
2683 4177 2859 4248 λευκῷ
2888 4177 3189 4248 μαρμάρῳ,
3213 4176 3305 4228 καὶ
3335 4171 3571 4243 ὕπερθεν
3592 4171 3721 4223 τὸύ-

444 4267 640 4333 cnim,
707 4274 763 4320 ut
826 4270 1008 4323 divina
1072 4272 1294 4326 oracuia
1343 4272 1607 4333 tradunt,
1678 4270 1896 4323 audiens
1948 4264 2038 4320 Je-

2146 4289 2230 4325 του
2282 4271 2693 4340 θυσιαστήριον,
2762 4268 2856 4321 καὶ
2902 4271 2961 4325 ἐν
2994 4270 3108 4331 τοῖς
3149 4266 3339 4331 δεξιοῖς
3385 4263 3580 4336 μέρεσι
3619 4261 3716 4316 τοῦ

444 4374 563 4423 .sus,
605 4360 744 4429 quod
793 4360 1020 4416 Joannes
1055 4375 1183 4417 esset
1219 4366 1259 4431 ³,
1293 4368 1545 4418 deserens
1603 4361 1899 4427 Nazarctlt,
1969 4361 2035 4414 ad

2146 4358 2304 4413 αὐτοῦ
2338 4358 2728 4428 θυσιαστηρίου
2767 4356 2959 4427 μικρὸς
2996 4354 3241 4416 οίκίσκος
3282 4353 3628 4427 ἐμφαίνεται,
3659 4353 3718 4404 ἐν

456 4451 808 4504 habitandum
840 4451 1221 4519 Capharnaum
1256 4472 1313 4510 se
1349 4456 1598 4510 contulit.
1654 4452 2027 4525 Sequiturjm

2146 4442 2183 4520 ᾧ
2223 4455 2256 4522 ἡ
2287 4449 2645 4522 ἁείπάρθενος
2690 4448 2953 4512 Θεοτόκος
2992 4445 3385 4519 ἐθαλαμεύετο.
3430 4447 3517 4500 Ἐν
3561 4444 3617 4498 δὲ
3640 4442 3720 4513 τῷ

452 4558 599 4611 gum,
632 4558 659 4594 a
690 4542 921 4599 diversis
966 4545 1195 4602 collibus
1224 4548 1479 4613 eﬂictum,
1510 4560 1564 4603 et
1617 4548 1669 4602 in
1699 4562 1763 4602 eo
1786 4546 2031 4616 superci-

2146 4541 2414 4615 ἀριστερῷ
2445 4542 2602 4613 μέρει
2630 4540 2722 4594 τοῦ
2755 4540 3183 4611 εὐαγγελισμοῦ,
3215 4540 3404 4610 ἕτερος
3433 4538 3719 4610 θεωρεῖται

446 4636 609 4698 lium.
636 4652 666 4690 a
704 4654 813 4706 quo
862 4641 1194 4696 deturbnturi
1240 4652 1397 4696 erant
1447 4640 1617 4697 Judaei
1662 4642 1949 4695 Dominum
1981 4643 2031 4690 et

2146 4636 2383 4698 οίκίσκος
2430 4633 2763 4703 ἀφώτιστος.
2803 4634 2899 4687 Ἐν
2944 4645 2988 4700 ῳ
3017 4634 3042 4683 ὁ
3072 4632 3342 4700 δεσπότης
3397 4631 3553 4703 ἡμῶν
3582 4631 3719 4701 Χριη

446 4732 662 4789 transiit
697 4748 789 4798 per
819 4735 1045 4787 medium
1078 4751 1281 4798 eorum,
1321 4744 1367 4788 et
1392 4734 1527 4787 abiit
1580 4733 1957 4803 Capharnaum
1983 4731 2027 4782 ³.

2146 4726 2265 4789 στδς
2292 4725 2432 4795 μετὰ
2456 4724 2556 4795 τὴν
2595 4723 2657 4787 ἐξ
2698 4720 2979 4791 Αἰγύπτου
3013 4723 3273 4776 ἐπάνοδον
3307 4716 3532 4790 σίκῆσαι
3560 4722 3720 4792 λέγε-

448 4838 561 4884 ται,
598 4824 756 4892 μέχρι
788 4826 886 4894 τῆς
915 4825 1009 4877 τοῦ
1033 4825 1347 4896 Προδρὸμου
1382 4825 1688 4894 ἀποτομῆς.
1718 4821 1855 4877 Τότε
1889 4819 2023 4889 γὰρ,
2063 4816 2248 4879 καθώς
2295 4833 2428 4884 φασι
2498 4814 2571 4868 τὰ
2648 4814 2770 4920 fecit
2806 4814 2997 4920 Ξείγξα..
3035 4812 3282 4920 ἀξκῗύξαξ
3316 4816 3343 4866 ὁ
3374 4812 3605 4920 ’ξοιξοίξςς
3636 4816 3720 4920 δξι

448 4917 703 4989 Ἰωάννης
744 4917 1040 4989 παρεδόθη,
1089 4919 1406 4972 καταλιπὼν
1443 4919 1539 4988 τὴν
1586 4916 1864 4984 Ναζαρὲτ,
1932 4911 2117 4984 ᾤκησε
2181 4909 2277 5009 την
2320 4906 2733 5009 ήΚαπερναούμ.
2783 4900 2943 5009 ΔΕῖτιὶι
2981 4907 3130 4969 ἐστιῖ
3161 4904 3323 5009 ζυγὸς
3389 4902 3495 5009 into
3530 4903 3719 5009 δια-ἱ,ςύ-

450 5029 557 5083 ρων
618 5012 822 5082 βουνῶν
857 5012 1369 5083 συμπληρούμενος,
1434 5012 1490 5063 ἐν
1519 5004 1563 5077 ᾧ
1634 5009 1732 5061 καὶ
1789 5008 1821 5077 ἡ
1859 5006 2056 5075 ὀφρῦς,
2099 5001 2193 5071 ἀφ’
2224 4997 2291 5077 ἧς
2319 4999 2548 5070 ἔμελλον
2593 4999 2643 5052 οἱ
2669 4994 2917 5052 Ἰουδαῖοι
2966 4996 3415 5077 κατακρημνίσαι
3445 4994 3538 5048 τὸν
3604 4994 3719 5048 Κύ-

448 5126 585 5183 ριον,
616 5109 710 5162 καὶ
738 5109 951 5179 διῆλθεν
976 5112 1040 5165 ἐκ
1074 5111 1239 5180 μέσου
1266 5108 1470 5172 αὐτῶν,
1501 5107 1594 5160 καὶ
1623 5103 1899 5173 ἐπορεύθη
1927 5102 2007 5165 εἰς
2041 5098 2469 5204 Κοιπερναίῖῖξμί
2553 5191 2566 5204 ι
2639 5191 2665 5204 _
2742 5191 2761 5204 π
2841 5191 2853 5204 .
2934 5193 2956 5204 _
3001 5191 3013 5204 ι
3094 5192 3106 5204 ,
3158 5194 3161 5197 _

522 5205 606 5260 li.
662 5203 797 5276 Jugo
822 5192 1008 5261 subest
1052 5205 1303 5274 planities
1330 5219 1519 5274 magna
1548 5243 1561 5267 ,
1592 5202 1645 5255 in
1678 5205 1784 5271 Qua
1817 5207 2034 5254 conter-

2210 5200 2298 5248 ια’.
2326 5193 2482 5247 Μετὰ
2513 5191 2609 5248 τὸν
2633 5191 2799 5262 ζυγὸν
2838 5191 3046 5246 ἐκεῖνόν
3090 5192 3206 5243 ἐστι
3241 5187 3450 5261 μεγάλη
3500 5187 3712 5292 πεδιιδις,

447 5298 623 5352 minas
661 5297 779 5374 rupi
808 5306 989 5365 partes
1039 5308 1271 5365 occupat
1327 5309 1483 5349 mons
1531 5291 1863 5355 'l‘haborius,
1919 5296 2030 5346 ter-

2146 5290 2218 5355 icp'
2312 5282 2517 5340 πεδιάδι
2554 5285 2690 5356 πρὸς
2731 5284 2799 5338 τέι
2825 5285 3139 5355 πρόσεγγυς
3171 5281 3261 5384 τοῦ
3306 5281 3473 5384 ζυιγοῦ
3500 5284 3563 5384 το
3610 5280 3717 5384 Θα-

450 5398 622 5442 restre
665 5369 861 5442 coelum
906 5387 1361 5443 oblectamentum
1403 5385 1596 5450 animi,
1629 5394 1683 5439 ct
1714 5392 1859 5438 recte
1906 5396 2031 5438 sen-

2146 5375 2328 5449 itbptov
2368 5378 2492 5449 ὅρος
2519 5376 2689 5441 ἐστὶν,
2714 5376 2742 5429 ὁ
2775 5375 3020 5443 ἐπίγειος
3044 5370 3298 5441 οὐρανὸς,
3332 5371 3391 5424 τὸ
3412 5373 3511 5442 τῆς
3536 5369 3714 5476 ιξυχῆς

449 5480 700 5534 ttentium
723 5478 1000 5533 hominum
1023 5477 1302 5535 oculorum
1328 5476 1532 5532 delicia:
1555 5491 1571 5541 ;
1604 5488 1833 5547 namque
1850 5474 2028 5530 divina

2146 5469 2491 5540 Ξιγαλλίαμα,
2547 5469 2643 5523 καὶ
2694 5467 2996 5537 ὀφθαλμῶν
3060 5464 3360 5535 δρθοδόξων
3405 5463 3714 5534 ἀνθρώπων

447 5573 621 5641 gratia
672 5582 907 5626 montem
955 5571 1250 5638 inumbrat,
1319 5571 1410 5640 qui
1472 5566 1715 5638 spiritale
1773 5567 2027 5641 gaudium

2146 5581 2188 5616 ιν
2206 5559 2496 5633 τρύφημα.
2538 5560 2649 5617 Καὶ
2691 5560 2799 5634 γὰρ
2828 5560 2949 5615 θεῖά
2973 5576 3059 5623 τις
3111 5556 3271 5629 χάρις
3311 5556 3713 5622 ἐπισκιάζουσα

525 5751 759 5806 iMatth.
795 5765 873 5823 tv,
914 5749 1003 5805 12.
1084 5750 1104 5782 ²
1152 5746 1285 5809 Luc.
1319 5761 1396 5815 tv,
1430 5745 1522 5812 ὅθ,
1566 5746 1656 5811 51.
