4042 6426
412 382 517 443 939

1699 378 2026 441 JOANNIS
2067 379 2337 441 PIIOCJE

3580 381 3690 446 940

481 494 568 551 12.
609 493 783 550 Unius
836 493 941 550 diei
997 493 1175 564 spatio
1217 492 1349 548 urbs
1395 489 1621 547 Sebastc
1674 492 1860 558 distat,
1933 490 1992 545 ab

2179 492 2268 562 ιβ’·
2300 493 2409 547 Καὶ
2440 492 2559 563 μεθ’
2588 494 2801 564 ἡμέρας
2839 494 2971 564 μιᾶς
3016 493 3295 565 διάστημά
3334 495 3482 548 ἐστιν
3525 495 3556 565 ἡ
3590 496 3683 545 Σε-

413 586 617 640 llcrode
641 585 937 642 Tetrarclta
972 586 1024 640 in
1064 585 1323 639 honorem
1379 582 1611 639 Caesaris
1646 582 1994 638 I‘OSlilllla."It

408 691 470 729 ea
495 677 862 731 venerandum
889 674 1289 746 eaputmajoris
1321 675 1465 729 inter
1496 684 1655 729 natos
1688 674 1992 737 mulierum,

408 766 634 824 JOannis
698 767 973 838 Baptistae,
1005 770 1185 824 minor
1246 766 1504 833 Herodes,
1535 766 1677 821 inter
1699 766 1996 821 convivan-

407 861 559 924 dum,
617 859 868 915 abscidit.
928 863 983 916 In
1033 861 1208 915 media
1255 859 1479 915 civitate
1517 873 1707 913 carcer
1761 868 1876 925 est;
1943 859 1995 911 in

407 968 590 1021 quem,
649 954 776 1006 dum
802 951 1157 1009 Herodiadem
1184 951 1275 1008 ille
1326 952 1770 1021 reprehenderet,
1809 951 1997 1021 conje-

407 1054 548 1108 ctus,
608 1042 893 1113 capiteque
938 1042 1310 1112 imminutus;
1356 1041 1560 1097 Carcer
1611 1042 1998 1096 subterraneus

404 1144 506 1198 cst,
536 1145 591 1189 et
634 1134 823 1204 vginti
888 1133 1151 1204 gradibus
1198 1133 1252 1187 in
1319 1147 1442 1188 eum
1521 1132 1910 1187 descenditur:
1942 1130 1995 1184 in

406 1227 563 1293 cuius
599 1226 777 1281 medio
804 1227 974 1282 altare
998 1227 1245 1298 erigitur,
1276 1225 1362 1281 ubi
1398 1240 1429 1279 a
1461 1224 1789 1294 spiculatore
1821 1225 1999 1291 capite

404 1323 762 1376 obtruncatus
801 1329 903 1376 est.
938 1320 981 1375 A
1024 1321 1243 1375 dextera
1278 1318 1485 1384 altaris,
1536 1318 1726 1373 urnula
1777 1318 1993 1383 visitur,

407 1416 458 1467 in
506 1430 610 1484 qua
662 1415 835 1469 sancti
897 1412 1196 1479 Zacharim,
1250 1412 1609 1468 Prarcursoris
1644 1412 1836 1483 patris,
1869 1426 1994 1466 cor-

405 1523 504 1576 pus
557 1517 831 1562 servatum
857 1505 1076 1572 fuerat;
1127 1505 1332 1569 alaeva,
1363 1505 1534 1560 altera
1568 1502 1786 1571 urnula,
1813 1503 1866 1556 iu
1891 1516 1995 1572 qua

405 1613 607 1668 corpus
658 1608 859 1653 sanctae
900 1596 1211 1664 Elisabetm,
1240 1594 1482 1666 ejusdem
1541 1595 1753 1661 matris,
1800 1594 1990 1664 jacet:

403 1693 856 1764 quemadmodum
913 1701 968 1748 et
1002 1692 1073 1759 .in
1125 1691 1368 1760 utrisque
1415 1689 1650 1743 carceris
1708 1688 1992 1755 lateribus,

403 1788 676 1839 variorum
707 1792 1020 1838 sanctorum
1059 1781 1322 1852 reliquiae,
1358 1789 1412 1835 et
1442 1777 1827 1849 discipulorum
1850 1777 1997 1832 Prte-

2100 583 2278 654 6αστὴ
2320 583 2499 650 πόλις,
2533 585 2598 654 ἢν
2641 583 2891 656 Ἡρώδης
2940 587 2968 639 ὁ
3013 585 3338 657 Τετράρχης
3391 586 3473 650 είς
3520 585 3687 657 τιμὴν

2099 679 2189 731 τοῦ
2227 679 2507 749 Καίσαρος
2531 677 2902 736 ἀνεκαίνισεν.
2941 679 3031 733 Ἐν
3115 681 3215 735 καὶ
3241 679 3340 751 τὴν
3371 679 3562 749 τιμίαν
3594 695 3685 731 κε-

2100 772 2277 843 φαλὴν
2306 773 2400 827 τοῦ
2429 776 2486 827 ἐν
2520 773 2804 844 γεννητοῖς
2830 774 3112 843 γυναικῶν
3142 775 3391 844 μείζονος
3426 774 3683 828 Ἰωάννου

2098 866 2193 919 τοῦ
2226 865 2564 931 Βαπτιστοῦ,
2612 867 2670 920 ὲν
2720 865 2798 936 τῷ
2856 866 3025 921 αὑτοῦ
3079 867 3427 937 συμποσίῳὸ
3485 865 3685 936 μικρὸς

2111 958 2366 1031 Ἡρώδης
2395 959 2696 1029 ἀπέτεμεν.
2736 960 2927 1013 Ἔστιν
2964 956 3059 1013 οὖν
3100 960 3268 1030 μέσον
3298 960 3400 1029 τῆς
3425 957 3685 1024 τοιαύτης

2100 1053 2311 1115 πόλεως
2341 1054 2375 1122 ἡ
2423 1051 2664 1125 φυλακὴ,
2699 1054 2780 1116 είς
2810 1053 2875 1124 ἣν
2905 1051 3174 1122 ἐνεϐλήθη
3220 1052 3329 1103 τῶν
3364 1051 3468 1120 τῆς
3508 1051 3689 1119 Ἡρω-

2097 1141 2276 1205 διάδος
2327 1142 2490 1200 ἕνεκα
2520 1144 2794 1215 ὲλεγμῶν,
2844 1143 2931 1213 ἐφ’
3028 1146 3124 1197 καὶ
3154 1143 3253 1214 τὴν
3283 1141 3528 1212 κεφαλὴν
3578 1144 3686 1195 ὰπ-

2100 1234 2340 1307 ετμήθη.
2385 1236 2450 1289 Ἥ
2487 1237 2546 1290 δὲ
2591 1237 2815 1309 τοιαύτη
2848 1237 3065 1308 φυλακή
3117 1238 3264 1289 ἐστιν
3295 1235 3401 1289 ὑπὸ
3433 1234 3532 1305 τὴν
3556 1234 3680 1304 γῆν,
3714 1272 3722 1313 ί

2097 1327 2295 1399 ἔχουσα
2325 1328 2595 1400 βαθμίδας
2625 1332 2692 1383 ὲκ
2723 1329 2831 1384 τῶν
2878 1328 3092 1383 ἄνωθεν
3137 1329 3244 1392 ἕως
3269 1327 3443 1397 αὐτῆς
3484 1325 3683 1388 εἴκοσι,
3711 1322 3718 1337 ’

2098 1420 2155 1473 ὲν
2200 1420 2259 1474 δὲ
2288 1422 2366 1492 τῷ
2405 1422 2556 1493 μέσῳ
2608 1422 2778 1493 αὐτῆς
2829 1421 3070 1493 ὑπάρχει
3124 1421 3515 1491 θυσιαστήριον
3556 1421 3687 1490 περὶ

2098 1514 2191 1569 τὸν
2215 1515 2407 1582 τόπον,
2432 1516 2556 1569 καθ’
2587 1515 2646 1569 ὃν
2673 1515 3092 1586 ἀπεκεφαλίσθη
3120 1514 3227 1567 ὑπὸ
3256 1514 3351 1569 τοῦ
3382 1511 3688 1567 σπεκουλά-

2097 1624 2279 1677 τορος.
2312 1608 2476 1681 Δεξιᾷ
2502 1609 2561 1663 δὲ
2584 1608 2677 1663 τοῦ
2711 1608 2957 1665 τοιούτου
2991 1607 3386 1679 θυσιαστηρίου
3418 1606 3687 1677 ἔστιλαρ-

2099 1701 2307 1767 νάκιον,
2371 1703 2453 1766 είς
2507 1702 2537 1756 δ
2582 1702 3019 1775 ἐτεθησαύριστο
3052 1702 3113 1755 τὸ
3167 1701 3329 1771 σῶμα
3381 1700 3475 1753 τοῦ
3523 1700 3685 1768 ἁγίου

2100 1795 2373 1866 Ζαχαρίου
2415 1794 2512 1849 τοῦ
2562 1795 2773 1866 πατρὸς
2822 1795 2918 1848 τοῦ
2977 1795 3326 1866 Προδρόμου.
3373 1793 3464 1846 Ἐν
3496 1792 3555 1847 δὲ
3606 1791 3688 1861 τῷ

403 1879 669 1942 cursoris,
707 1876 1014 1945 quiescunt.
1047 1874 1229 1945 Supra
1274 1887 1550 1929 carcerem
1610 1870 1871 1942 templum
1912 1884 1992 1925 as-

2104 1888 2373 1960 εὐωνύμῳ
2403 1889 2592 1961 ἕτερον
2628 1889 2947 1959 λαρνάκιον,
2991 1888 3049 1941 ἐν
3090 1881 3133 1956 ᾧ
3159 1888 3277 1939 ἐστι
3324 1884 3581 1955 κείμενον
3628 1884 3686 1937 τὶ

398 1976 594 2046 surgit,
623 1984 675 2028 et
696 1974 748 2029 in
790 1989 855 2030 eo
897 1989 1046 2028 urnae
1067 1973 1211 2038 duae,
1234 1987 1301 2027 ex
1325 1970 1558 2027 candido
1601 1984 1872 2025 marmore
1897 1983 1990 2023 ex-

396 2071 559 2132 cisae;
594 2081 825 2136 quarum
863 2065 1084 2120 dextera
1120 2063 1387 2119 combusti
1417 2062 1661 2132 corporis
1696 2058 1988 2115 venerandi

398 2159 764 2214 Prmcut‘soris
796 2158 1040 2223 cineres,
1071 2156 1241 2212 altera
1276 2154 1451 2211 Eliszei
1481 2155 1758 2224 prophetae
1791 2165 1991 2222 corpus

397 2252 677 2307 continet:
728 2264 1000 2320 supraque
1023 2249 1078 2305 in
1108 2263 1273 2305 aureo
1300 2262 1447 2313 vase,
1474 2247 1692 2302 sinistra
1729 2244 1991 2302 Praecur-

393 2344 535 2397 soris
557 2356 771 2410 manus,
810 2356 1244 2412 quaquaversum
1274 2352 1330 2396 et
1360 2340 1476 2410 ipsa
1529 2353 1664 2394 auro
1732 2338 1986 2395 obducta.

398 2435 454 2488 la
511 2434 701 2490 media:
737 2444 793 2489 et
825 2435 1122 2504 superioris
1160 2434 1332 2504 partis
1383 2432 1615 2488 civitatis
1640 2430 1798 2494 colle,
1850 2431 1991 2485 anti-

392 2527 577 2597 quit’us
629 2534 747 2581 erat
771 2525 998 2582 llerolis
1042 2526 1224 2595 regia;
1255 2525 1343 2579 ubi
1385 2533 1440 2580 et
1480 2523 1784 2579 convivium
1815 2536 1987 2593 appa-

396 2627 568 2675 ratum
623 2617 743 2684 fuit,
790 2628 845 2674 et
901 2617 1231 2673 exsecranda
1286 2616 1378 2673 illa
1443 2617 1614 2686 puella
1682 2614 1915 2680 saltavit,
1936 2624 1989 2668 et

407 2709 713 2765 saltationis
747 2711 1054 2776 praemium,
1099 2715 1505 2764 sacrosanctum
1541 2705 1798 2775 Baptistae
1827 2711 1990 2775 caput

394 2800 578 2854 retulit
604 2814 782 2854 :nune
812 2815 942 2855 vero
973 2799 1119 2856 locus
1142 2798 1233 2854 ille
1250 2797 1564 2855 Graecorum
1596 2796 1985 2851 monasterium

391 2906 496 2950 est.
543 2889 822 2966 Templum
852 2897 1169 2953 monasterii
1221 2895 1536 2962 trullatum;
1577 2902 1628 2950 et
1659 2894 1713 2949 in
1749 2894 1879 2949 laeva
1910 2892 1989 2948 al-

394 2987 527 3042 turis
589 2998 745 3057 parte
807 2988 1028 3057 cellula,
1087 2997 1141 3044 et
1166 2990 1219 3043 in
1246 2987 1366 3057 ejus
1398 2984 1575 3041 medio
1617 3000 1682 3039 ex
1713 3000 1987 3039 marmore

392 3080 555 3134 umbo
606 3080 659 3134 in
690 3079 849 3151 longe
890 3080 1154 3135 altissima
1208 3077 1354 3135 fossa
1384 3077 1739 3149 conspicitur,
1790 3076 1846 3132 in
1876 3091 1986 3146 quo

393 3171 564 3239 prima
611 3170 905 3226 venerandi
939 3181 994 3226 et
1048 3171 1256 3241 angelis
1306 3169 1587 3225 reverendi
1620 3169 1812 3238 capitis
1849 3168 1984 3223 Prte-

389 3265 632 3320 cnrsoris
671 3264 915 3320 inventio
953 3263 1075 3331 fuit,
1137 3264 1280 3335 quod
1337 3279 1403 3322 eo
1439 3263 1540 3319 loci
1566 3262 1637 3319 ab
1681 3262 1985 3319 Herodiade

366 3353 670 3411 -del‘ossum
708 3356 929 3412 latebat.

2099 1980 2263 2051 σῶμα
2288 1980 2389 2050 τῆς
2416 1980 2579 2050 ἁγίας
2628 1980 2920 2034 Ἐλισάὸετ
2945 1980 3046 2051 τῆς
3073 1977 3315 2050 μητέρος
3355 1978 3545 2031 αὐτοῦ.
3592 1977 3685 2030 Ἐν

2092 2068 2138 2120 δ’
2171 2067 2514 2139 ἀμφοτέραις
2535 2070 2656 2132 ταῖς
2682 2067 2783 2139 τῆς
2813 2066 3060 2137 φυλακῆς
3091 2065 3353 2137 πλευραῖς
3370 2065 3687 2118 ὲναπόκειν-

2093 2176 2182 2212 ται
2207 2160 2481 2230 διαφόρων
2519 2161 2692 2230 ἁγίων
2718 2160 2950 2229 λείψανα
2980 2159 3079 2212 καὶ
3123 2159 3236 2212 τῶν
3294 2157 3560 2229 μαθητῶν
3589 2155 3682 2210 τοῦ

2096 2250 2441 2323 Προδρόμου.
2475 2250 2754 2322 ’Υπερθεν
2784 2250 2841 2304 δὲ
2866 2250 2968 2319 τῆς
2991 2248 3245 2319 φυλακῆς
3270 2249 3507 2319 ὑπάρχει
3533 2247 3681 2314 ναὸς,

2095 2344 2177 2408 εἰς
2209 2343 2269 2399 ὃν
2294 2344 2574 2414 έγκεινται
2601 2343 2877 2415 λάρνακες
2912 2344 3030 2408 δύο,
3065 2341 3174 2396 ἀπὸ
3214 2340 3411 2395 λευκοῦ
3440 2341 3685 2412 λατομη-

2094 2435 2283 2502 θέντες
2319 2437 2637 2510 μαρμάρου,
2674 2431 2752 2492 ὧν
2777 2439 2839 2491 τὸ
2879 2437 3202 2508 δεξιώτερον
3232 2438 3349 2509 ἔχει
3380 2437 3533 2491 κόνιν
3586 2435 3682 2489 τοῦ

2091 2530 2578 2601 ἀποτεφρωθέντος
2606 2530 2857 2600 σώματος
2884 2530 2977 2585 τοῦ
3012 2530 3195 2599 τιμίου
3218 2530 3522 2600 Πρῖδόμου,
3545 2528 3607 2583 τὸ
3625 2528 3683 2585 δὲ

2091 2619 2280 2689 ἕτερον
2314 2620 2374 2673 τὸ
2404 2618 2567 2689 σῶμα
2604 2619 2699 2674 τοῦ
2723 2622 3009 2691 προφήτου
3036 2619 3335 2673 Ἐλισαίου.
3378 2620 3680 2689 Πρόκειται

2089 2711 2134 2764 δ’
2160 2711 2399 2782 ὕπερθεν
2455 2711 2649 2766 τούτου
2681 2712 2836 2774 ἐντὸς
2867 2710 3102 2782 χρυσέου
3137 2709 3368 2772 σκεύους
3398 2711 3431 2780 ἡ
3477 2708 3682 2762 εὐώνυ-

2093 2818 2195 2871 μος
2218 2800 2314 2855 τοῦ
2346 2801 2670 2872 Προδρόμου
2699 2801 2846 2870 χεὶρ,
2883 2798 3377 2872 χρυσῷίπάντοθεν
3409 2799 3506 2872 καὶ
3540 2797 3681 2869 αὐτὴ

2089 2894 2639 2967 περικεκαλυμμένη.
2682 2896 2772 2949 Ἐν
2813 2895 2871 2949 δὲ
2903 2893 2982 2965 τῷ
3014 2894 3338 2967 ὑψηλοτέρῳ
3381 2894 3538 2965 μέρει
3581 2893 3683 2962 τῆς

2089 2987 2296 3050 πόλεως
2327 2986 2443 3041 ἐστι
2490 2987 2633 3040 κατὰ
2659 2987 2758 3057 τὴν
2786 2985 2960 3058 μέσην
2995 2986 3169 3055 αὐτῆς
3200 2985 3489 3056 γηόλοφος,
3526 2984 3586 3034 ὲν
3636 2975 3682 3049 ᾧ

2089 3081 2256 3136 πάλαι
2284 3080 2382 3151 μὲν
2414 3074 2483 3151 ἦν
2517 3079 2577 3133 τὸ
2608 3076 2704 3133 τοῦ
2743 3077 2983 3150 Ἡρώδου
3025 3080 3309 3142 παλάτιον,
3336 3077 3466 3131 ἔνθα
3497 3076 3593 3130 καὶ
3620 3073 3684 3127 τὸ

2090 3168 2394 3240 συμπόσιον
2420 3168 2636 3238 γέγονε,
2671 3165 2769 3221 καὶ
2816 3169 2849 3239 ἡ
2897 3167 3071 3240 μιαρά
3103 3167 3243 3238 κόρη
3280 3167 3466 3235 ἐκείνη
3492 3163 3684 3236 ὠρχή-

2095 3264 2369 3327 σατο,κα“ι
2402 3259 2565 3316 ἆθλον
2613 3261 2716 3333 τῆς
2766 3261 3054 3332 ὀρχήσεως
3087 3259 3185 3331 τὴν
3233 3258 3386 3330 ἱεράν
3434 3255 3683 3327 κεφαλὴν

2090 3357 2188 3410 τοῦ
2214 3354 2523 3409 Βαπτιστοῦ
2551 3355 2765 3425 εἴληφε.
2794 3354 2909 3407 Νῦν
2939 3353 2996 3407 δὲ
3034 3355 3062 3407 ὁ
3103 3352 3348 3415 τοιοῦτος
3380 3351 3548 3415 τόπος
3588 3349 3684 3418 γέ-

391 3468 513 3521 γονε
555 3449 870 3521 Ῥωμαϊκὸν
940 3450 1310 3521 μοναστηριον
1349 3446 1632 3517 ’,ὑπάρχει
1673 3442 1766 3500 οὖν
1805 3447 1834 3499 ὁ
1907 3448 2033 3515 ναός
2062 3449 2163 3520 τῆς
2196 3450 2454 3519 τοιαύτης
2510 3447 2680 3518 μονῆς
2712 3445 3073 3518 τρουλλωτός.
3105 3445 3196 3499 Ἐν
3222 3429 3280 3498 δὲ
3306 3442 3386 3514 τῷ
3411 3444 3684 3520 εὐωνῷμῳ

395 3549 551 3619 μέρει
578 3545 675 3599 τοῦ
731 3543 1123 3623 θυσιαστηρίου
1165 3545 1283 3597 ἐστὶ
1334 3542 1550 3598 κελλίον
1609 3544 1830 3614 μικρὸν,
1898 3538 1962 3600 οὗ
2008 3547 2172 3616 μέσον
2219 3548 2413 3617 ὁρᾶται
2458 3545 2523 3598 ὲκ
2580 3545 2876 3616 μαρμάρου
2919 3541 3210 3613 ὀμφάλιον,
3252 3542 3346 3595 ἐπὶ
3395 3541 3683 3612 βαθυτάτῳ

304 3650 309 3655 '
395 3640 606 3708 σφόδρα
632 3638 910 3709 ὀρύγματι
935 3638 1211 3708 κείμενον,
1243 3630 1369 3705 ὲνῷ
1400 3640 1435 3708 ἡ
1460 3637 1659 3709 πρώτη
1703 3636 1923 3708 εὕρεσις
1951 3638 2055 3708 τῆς
2094 3640 2284 3712 τιμίας
2316 3639 2586 3710 κεφαλῆς,
2624 3638 2719 3694 καὶ
2759 3637 3015 3707 ἀγγέλοις
3058 3636 3345 3708 αίδεσίμου
3394 3633 3491 3689 τοῦ
3541 3637 3685 3708 [Ipso-

391 3735 595 3804 δρόμου
624 3730 873 3800 γέγονεν,
909 3728 944 3783 ἢ
976 3730 1035 3784 ὲν
1064 3728 1142 3799 τῷ
1168 3728 1319 3800 τόπῳ
1359 3728 1560 3801 ἐκείνῳ
1610 3728 1828 3800 ἐχώσθη
1874 3729 1980 3783 ὑπὸ
2017 3732 2116 3800 τῆς
2163 3731 2517 3803 Ἡρωδιάδος.

468 3826 557 3881 15.
590 3823 910 3878 bxeurrenti
936 3822 1193 3893 deinceps
1245 3822 1417 3878 stadia
1445 3821 1616 3879 ferme
1659 3822 1992 3894 quindecim,

2171 3825 2262 3895 ιγ’.
2291 3821 2425 3880 Εἶτα
2452 3826 2592 3897 μετὰ
2619 3824 2987 3897 παραδρομὴν
3012 3823 3246 3878 σταδίων
3270 3822 3406 3877 ὡσεὶ
3433 3822 3565 3877 δέκα
3587 3821 3687 3879 καὶ

397 3916 865 3971 Samaritanorum
925 3912 1240 3983 metropolis
1304 3911 1498 3969 Sicbar
1566 3913 1723 3969 obvia
1788 3912 1871 3983 ﬁt,
1907 3913 1992 3969 cui

2098 3916 2262 3969 πέντε
2292 3917 2440 3969 ἐστὶν
2471 3916 2505 3986 ἡ
2542 3914 2652 3969 τῶν
2700 3916 3007 3987 Σαμαρέων
3042 3913 3387 3986 μητρόπολις
3417 3913 3613 3984 Σιχὰρ,
3648 3915 3684 3984 ή

394 4008 738 4080 posunodum
774 4002 997 4075 Neapoli
1022 4018 1217 4059 nomen
1245 4002 1370 4070 fuit,
1427 4006 1570 4060 inter
1607 4007 1743 4062 duos
1782 4016 1992 4063 montes

2101 4010 2243 4080 μετὰ
2270 4008 2445 4062 ταῦτα
2479 4008 2744 4078 κληθεῖσα
2770 4007 3340 4077 Νεάπολις,’κειμένη
3373 4007 3539 4075 μέσον
3586 4006 3685 4058 δύο

399 4104 526 4169 sita,
583 4115 815 4172 quorum
878 4098 1127 4170 pedibus,
1175 4098 1545 4155 fundamentis
1570 4098 1687 4171 ipsa
1723 4100 1861 4166 suis,
1887 4115 1992 4170 qua

2097 4101 2326 4171 βουνῶν,
2376 4101 2711 4173 ἀμφοτέρων
2746 4098 3169 4171 περιαπτομένη
3198 4099 3278 4170 τῷ
3310 4098 3550 4169 θεμελίῳ
3587 4098 3683 4151 ἐπὶ

394 4212 453 4252 se
480 4195 692 4266 longius
724 4195 987 4262 extendit,
1016 4192 1261 4249 inhaeret.
1302 4193 1361 4248 In
1390 4194 1699 4250 dexteriore
1724 4194 1992 4250 montium

401 4288 894 4361 (Samaritanorum
944 4301 1009 4343 ea
1047 4285 1264 4342 traditio
1331 4284 1437 4357 est)
1478 4285 1621 4343 Deus
1678 4285 1995 4341 Abrahamo

399 4396 720 4452 responsum
754 4379 922 4445 dedit.
953 4388 1009 4434 et
1034 4378 1283 4435 lsaacum
1316 4379 1371 4433 in
1406 4376 1741 4434 sacriﬁcium
1802 4380 1992 4448 petiit;

397 4485 450 4528 ct
498 4469 830 4541 patriarcha,
884 4480 944 4524 ut
972 4470 1134 4525 iidem
1180 4469 1521 4537 existimant,
1546 4469 1674 4528 licet
1723 4470 1823 4541 ipsi
1858 4471 1992 4542 quid

2099 4196 2267 4266 μήκει
2312 4196 2442 4259 τοὺς
2492 4195 2796 4265 πρόποδας.
2841 4186 2944 4247 Ὧν
2984 4194 3047 4247 τὸ
3081 4193 3410 4263 δεξιώτερον
3445 4194 3688 4265 ὑπάρχει

2092 4287 2156 4340 τὺ
2180 4287 2304 4359 ὅρος
2330 4289 2388 4344 ἐν
2444 4280 2490 4356 ᾧ
2518 4291 2569 4341 οἱ
2605 4288 2889 4360 Σαμαρεῖς
2939 4288 3162 4357 λέγουσι
3220 4285 3563 4360 χρηματίσαι
3608 4286 3688 4357 τῷ

2095 4377 2355 4451 Ἀϐραὰμ
2412 4383 2504 4436 τὸν
2560 4382 2716 4448 Θεὸν,
2782 4383 2881 4437 καὶ
2934 4380 3034 4452 τὴν
3074 4380 3269 4435 θυσίαν
3311 4380 3550 4451 ζητῆσαι
3584 4379 3685 4434 τοῦ

2094 4473 2306 4541 Ἰσαὰκ,
2352 4474 2448 4527 καὶ
2495 4477 2553 4528 ἐν
2601 4474 2755 4544 αὑτῷ
2801 4473 3010 4543 ταύτην
3039 4474 3282 4538 τελέσαι,
3324 4475 3450 4528 ὅσον
3478 4473 3542 4527 τὸ
3565 4473 3687 4527 κατ’

399 4566 584 4620 dicant
647 4564 916 4628 nesciant,
967 4562 1024 4616 in
1072 4577 1137 4617 eo
1169 4564 1402 4619 hostiam
1446 4565 1779 4632 immolavit;
1830 4579 1991 4620 mons

2096 4568 2318 4632 αὐτοὺς,
2350 4569 2443 4621 τὸν
2474 4568 2858 4640 Πατριάρχην,
2893 4565 2999 4619 κᾶν
3022 4566 3124 4619 οὐκ
3157 4565 3337 4619 οἴδασι
3366 4565 3418 4619 τί
3438 4564 3685 4635 λέγουσι.

400 4657 600 4713 etenim
660 4656 751 4710 ille
775 4656 1010 4720 divinus,
1068 4653 1345 4725 Golgotbae
1366 4653 1761 4712 Lithostrotum
1796 4667 1902 4723 est,
1937 4658 1992 4712 in

400 4767 507 4820 quo
541 4748 836 4804 salutarem
900 4747 1204 4817 passionem
1233 4748 1484 4803 Salvator
1523 4749 1710 4803 mundi
1751 4750 1990 4818 pertulit.

398 4845 480 4899 Ad
506 4843 669 4912 ptdes
707 4841 903 4895 montis
948 4841 1284 4910 conspicitur
1326 4854 1474 4910 ager,
1516 4857 1545 4895 a
1583 4840 1808 4908 Jacobo,
1839 4839 1994 4896 Josc—

402 4936 508 5003 pito
560 4933 668 4987 tilio
715 4932 993 4987 exbibitus
1023 4946 1038 4982 :
1074 4929 1128 4984 in
1184 4944 1317 5002 agro
1364 4930 1584 4998 ilacobi,
1640 4941 1835 5001 puteus
1903 4931 1991 4985 ubi

404 5024 659 5080 Dominus
699 5024 885 5083 labore
910 5021 1214 5093 delassatus
1264 5022 1488 5093 quievit,
1518 5031 1573 5076 et
1611 5021 1992 5090 Samaritamr,

400 5133 521 5187 qua:
541 5131 756 5172 sacrum
821 5114 1170 5184 prosequitur
1196 5112 1569 5183 Evangelium,
1630 5118 1872 5169 elocutus
1890 5123 1995 5169 est.

407 5212 479 5264 De
512 5208 613 5261 hoc
639 5207 827 5263 eodem
854 5215 1039 5261 monte
1074 5204 1266 5260 mulier
1306 5205 1535 5260 Domino
1585 5204 1796 5260 dixerat
1832 5221 1847 5259 :
1884 5203 1994 5258 Pa-

406 5312 509 5354 tres
537 5302 702 5354 nostri
732 5301 785 5353 in
805 5309 979 5355 mante
1009 5298 1107 5354 hoc
1133 5300 1490 5354 adoraverunt
1525 5299 1569 5353 ⁵.
1610 5297 1679 5353 Ει
1708 5297 1995 5366 Dominus,

403 5409 636 5463 quanam
663 5394 873 5448 ratione
903 5394 970 5449 iis
1003 5394 1093 5464 qui
1119 5394 1171 5448 iu
1196 5392 1388 5464 spiritu
1415 5402 1471 5447 et
1496 5391 1723 5448 veritate
1747 5390 1997 5458 adorant,

404 5492 545 5542 Deus
592 5485 966 5556 μνωεοιοιιάυε
1005 5486 1098 5555 sit,
1163 5484 1435 5557 colloquio
1500 5484 1593 5543 illo
1647 5500 1840 5541 omnes
1869 5484 2001 5540 edo-

407 5597 541 5634 ευίί.

482 5834 507 5869 ⁸
532 5831 692 5891 Joan.
730 5851 804 5903 tv,
844 5834 936 5891 20.

2100 4658 2175 4711 Τὸ
2204 4659 2315 4729 γὰρ
2344 4659 2474 4729 ὅρος
2513 4661 2693 4711 ἐκεῖνο
2738 4658 2801 4710 τὸ
2847 4657 2994 4710 θεῖόν
3027 4658 3145 4709 ἐστι
3193 4655 3560 4726 λιθόστρωτον
3588 4657 3687 4711 τοῦ

2101 4750 2366 4820 Γολγοθᾶ,
2398 4753 2458 4804 ὲν
2485 4745 2530 4820 ᾧ
2551 4753 2613 4803 τὸ
2647 4749 2918 4818 σωτήριον
2947 4748 3121 4811 πάθος
3150 4750 3177 4801 ὁ
3204 4748 3295 4802 τοῦ
3328 4751 3537 4820 κόσμου
3569 4750 3688 4802 Σω-

2099 4841 2205 4912 τὴρ
2241 4842 2558 4912 ὑπέμεινεν.
2606 4841 2698 4894 Ἐν
2732 4841 2791 4893 δὲ
2840 4843 2957 4905 τοῖς
3001 4840 3099 4893 τοῦ
3147 4842 3342 4912 βουνοῦ
3392 4836 3689 4909 προπόδοις

2100 4937 2220 4988 ἐστὶ
2269 4943 2331 4988 το
2370 4934 2593 5006 χωρίον,
2628 4935 2657 4988 ὃ
2691 4934 2925 4988 δέδωκεν
2963 4933 3159 4987 Ἰακὼὸ
3217 4935 3420 4999 Ἰωσὴφ
3464 4930 3544 4999 τῷ
3583 4931 3688 5002 υἱῷ
3748 4934 3756 4946 ’

2100 5027 2291 5091 αὐτοῦ,
2345 5028 2403 5080 ἐν
2452 5021 2496 5096 ᾧ
2531 5029 2647 5082 ἐστι
2679 5029 2773 5081 καὶ
2818 5026 2877 5080 τὸ
2910 5027 3008 5082 τοῦ
3042 5024 3208 5082 αὐτοῦ
3253 5023 3453 5079 Ἰακὼϐ
3484 5024 3687 5094 φρέαρ,

2102 5120 2232 5175 ἔνθα
2255 5124 2282 5174 ὁ
2309 5121 2514 5192 Κύριος
2547 5122 2899 5185 κεκοπιακὼς
2927 5122 3177 5184 ἐκάθισε,
3211 5119 3307 5173 καὶ
3335 5119 3401 5189 τῇ
3438 5116 3692 5187 Σαμαρί-

2100 5214 2205 5266 τιδι
2236 5211 2508 5283 διελέχθη,
2546 5212 2582 5267 ἃ
2627 5214 2686 5267 τὸ
2755 5215 2899 5284 ἱερὸν
2929 5213 3128 5281 ἔξεισιν
3153 5208 3508 5277 Εὑαγγέλιον.
3550 5208 3690 5279 Περὶ

2099 5305 2195 5359 τοῦ
2247 5305 2492 5358 τοιούτου
2539 5306 2734 5377 βουνοῦ
2769 5307 3037 5379 ἔφησενη
3091 5304 3229 5375 γυνὴ
3265 5304 3406 5374 πρὸς
3441 5303 3532 5356 τὸν
3572 5302 3678 5354 Κύ-

2104 5414 2219 5469 ριον
2247 5413 2261 5429 ⁸
2294 5401 2359 5453 Ol
2394 5398 2647 5467 πατέρες
2680 5397 2851 5468 ἡμῶν
2874 5400 2944 5451 ἐν
2976 5395 3057 5461 τῷ
3086 5395 3209 5464 ὄρει
3231 5395 3423 5459 τούτῳ
3463 5409 3686 5462 προστε-

2099 5493 2399 5559 κύνησαν.
2432 5493 2541 5546 Καὶ
2566 5493 2595 5544 ὁ
2625 5491 2829 5559 Κύριος
2858 5490 2974 5551 πῶς
2996 5489 3077 5542 δεῖ
3113 5486 3600 5565 προσκυνείντοὺ,ς
3629 5487 3688 5539 ὲν

2100 5584 2378 5654 πνεύματι
2408 5587 2504 5637 καὶ
2529 5584 2763 5655 ἀληθείᾳ
2794 5580 3268 5651 προσκυνοῦντας,
3305 5579 3395 5634 διὰ
3417 5576 3686 5650 τῆςτπρὸς

2100 5678 2317 5750 ἐκείνην
2340 5678 2562 5748 ὁμιλίας
2587 5678 2753 5731 πᾶσιν
2786 5673 3045 5738 ἐδίδαξεν.
