4042 6392
368 374 470 437 9ιι
1398 364 1854 428 DESCRIPTIO
1894 362 2176 423 TERRE
2218 361 2550 422 SANCTIE.
3518 360 3629 424 942

443 485 526 537 ιδ’.
583 483 719 535 Ἀπὸ
770 484 865 551 τῆς
913 480 1228 553 Σαμαρείας
1259 479 1361 543 ἕως
1410 479 1508 549 τῆς
1536 478 1699 544 ἁγίας
1739 475 1948 536 πόλεώς

2127 472 2213 530 14.
2247 476 2288 526 A
2322 471 2569 526 Samaria
2608 471 2674 525 ad
2728 478 2940 526 sacram
2974 470 3266 541 civitatem
3309 471 3485 527 stadia
3526 490 3629 526 nu-

364 578 476 629 εἰσι
513 575 709 633 στάδια,
730 574 1067 644 ὀγδοήκοντα
1120 573 1385 642 τέσσαρα,
1420 565 1495 626 ὧν
1525 572 1555 640 ἡ
1585 569 1758 633 διόδος
1792 570 1945 621 πᾶσα

2064 574 2327 619 iterantur
2375 576 2608 633 quatuor
2635 572 2689 619 et
2714 565 3009 635 octoginta.
3055 563 3153 619 Via
3195 574 3279 621 est
3338 566 3517 621 omnis
3550 566 3628 619 la-

366 665 754 735 it.0651:pwro;,
787 664 1094 718 καὶταῦτα
1141 665 1451 736 κατάξηρος
1506 658 1642 719 οὖσα
1705 663 1737 732 ή
1791 661 1945 714 πᾶσα

366 757 597 828 τοιαύτη
635 758 812 828 χώρα,
864 758 960 811 καὶ
1006 758 1272 829 αὐχμηρὰ
1301 759 1419 810 ἐστι
1452 761 1546 812 καὶ⁵
1595 753 1947 822 κατάμπελος

365 848 464 898 καὶ
494 845 842 915 ύπόδενδρος,
892 847 924 915 ἡ
967 846 1025 898 δὲ
1058 846 1191 914 ἁγία
1221 843 1375 909 πόλις
1407 847 1587 899 κεῖται
1627 844 1793 914 μέσον
1831 843 1949 895 δια-

366 932 551 1003 φόρων
580 933 906 1003 φαράγγων,
944 935 1039 987 καὶ
1072 932 1302 1001 βουνῶν,
1339 933 1434 986 καὶ
1469 933 1590 986 ἐστὶ
1616 931 1677 985 τό
1711 933 1769 984 ἐν
1806 930 1945 999 αὐτῇ

368 1021 747 1092 θεωρούμενον
793 1025 1137 1090 θαυμαστόν.
1180 1021 1271 1075 Ἐν
1307 1020 1483 1092 ταύτῃ
1518 1020 1628 1090 γὰρ
1674 1021 1949 1090 ὑπερανε-

370 1116 602 1185 στηκυία
651 1115 846 1185 ὁρᾶται
893 1117 926 1184 ἡ
968 1114 1124 1178 πόλις
1174 1115 1269 1168 καὶ
1340 1114 1618 1185 χθαμαλὴ,
1664 1112 1801 1183 πρὸς
1838 1112 1948 1181 γὰρ

368 1206 470 1277 τὴν
502 1206 603 1277 τῆς
638 1205 905 1270 Ἰουδαίας
932 1207 1121 1278 χώραν
1167 1206 1321 1260 ἐστὶν
1357 1206 1760 1278 ὑπερκειμένη,
1810 1203 1949 1274 πρὸς

368 1297 426 1350 δὲ
454 1296 523 1351 τά
566 1297 811 1368 ἐχόμενα
838 1299 1044 1370 ταύτης
1083 1297 1331 1368 γηόλοφα
1363 1297 1786 1368 χθαμαλίζεται.
1854 1296 1949 1358 Εἰς

369 1390 480 1459 γὰρ
512 1389 608 1443 δύο
641 1390 782 1461 μέρη
826 1392 854 1444 ὁ
893 1391 1037 1453 θεῖος
1079 1383 1236 1454 οὗτος
1277 1391 1576 1460 διαιρεῖται
1615 1388 1815 1460 χῶρος,
1852 1388 1950 1442 κα)⁴

371 1480 507 1551 πρὸς
544 1481 644 1551 μὲν
674 1482 735 1534 τὸ
761 1482 858 1535 τοῦ
896 1480 1073 1547 δεξιοῦ
1107 1482 1296 1553 βουνοῦ
1320 1481 1751 1553 χθαμαλώτερον
1784 1482 1949 1552 μέρος

370 1573 407 1641 ἡ
442 1571 573 1640 ἁγία
619 1572 775 1636 πόλις
805 1573 1111 1644 ἐφίδρυται,
1146 1571 1215 1646 ἧς
1251 1576 1280 1628 ὁ
1320 1573 1605 1646 περίϐολος
1638 1573 1800 1644 μέχρι
1851 1574 1950 1644 τῆς

372 1663 658 1733 φάραγγος
682 1667 954 1736 καταντᾷ,
981 1667 1042 1719 τὸ
1080 1666 1125 1719 δ’
1155 1665 1396 1738 ὕπερθεν
1424 1665 1634 1737 ταύτης
1663 1667 1814 1720 ἐστὶν
1828 1665 1950 1719 ὅλον

374 1757 726 1827 ὑπάμπελον,
760 1759 819 1810 ὲν
848 1752 892 1826 ᾧ
924 1760 1018 1812 καὶ
1054 1759 1083 1811 ὁ
1113 1759 1378 1830 λιθασμὸς
1412 1758 1508 1813 τοῦ
1546 1758 1951 1829 πρωτομάρτυ-

2052 657 2267 726 pidibus
2296 665 2485 723 strata,
2521 666 2593 721 et,
2647 658 2771 712 licet
2797 666 2909 712 tota
2950 671 3013 713 ea
3044 658 3193 728 regio
3229 658 3475 714 siccitate
3501 673 3629 713 are-

2046 758 2164 803 scat
2211 755 2266 803 et
2318 747 2588 818 squalent,
2622 749 2819 819 ubique
2857 758 3039 805 tamen
3088 750 3292 806 viribus
3339 761 3395 806 et
3420 751 3631 806 arbori—

2046 838 2150 892 bus
2197 839 2562 907 constipatur.
2605 838 2807 894 Sancta
2857 841 3051 897 civitas
3107 841 3272 898 variis
3318 841 3548 897 vallibus
3576 852 3632 899 et

2050 929 2328 984 montibus
2380 928 2817 998 eiremnsepitur,
2882 945 2982 987 nec
3037 931 3396 989 admiratione
3444 943 3629 999 caret,

2047 1017 2192 1089 quod
2221 1019 2274 1073 in
2336 1033 2398 1073 ea
2450 1030 2760 1089 spectatur;
2804 1023 2996 1077 eodem
3028 1021 3173 1077 enim
3222 1024 3484 1092 temporis
3508 1037 3627 1078 mo-

2049 1120 2252 1175 mento,
2314 1120 2371 1166 et
2444 1113 2856 1181 supereminens
2918 1123 2977 1168 et
3027 1114 3282 1183 depressa
3346 1125 3624 1184 apparet:

2049 1215 2285 1271 namque
2333 1203 2376 1257 si
2426 1201 2626 1260 Judtrtc
2663 1219 2813 1260 oram
2862 1204 3181 1275 inspexeris,
3222 1207 3628 1276 supereminet;
3704 1260 3744 1297 ,ἡ

2050 1293 2095 1347 si
2137 1293 2304 1350 colles
2367 1293 2441 1348 illi
2519 1296 2881 1363 adhaerentes,
2973 1297 3367 1367 complanatur.
3412 1296 3635 1353 Divintts

2050 1387 2247 1456 quippe
2292 1387 2442 1443 locus
2465 1388 2516 1442 in
2568 1400 2751 1459 partes
2778 1390 2911 1445 duas
2937 1389 3215 1456 dividitur,
3259 1400 3312 1444 et
3332 1389 3398 1444 ad
3435 1392 3635 1446 montis

2051 1476 2256 1531 dexteri
2290 1489 2499 1547 partem
2531 1479 2881 1534 decliviorem
2906 1490 3091 1534 sancta
3121 1480 3313 1536 civitas
3338 1479 3635 1542 fundatur;

2053 1567 2204 1636 cujus
2260 1570 2496 1625 ambitus
2550 1570 2617 1625 ad
2662 1571 2851 1625 vallem
2884 1587 3054 1641 usque
3092 1570 3449 1636 did’unditur;
3513 1584 3638 1639 pars

2054 1659 2198 1716 illius
2251 1664 2498 1730 superior
2537 1672 2647 1717 tota
2690 1663 2890 1719 vitibus
2931 1667 3137 1719 consita
3166 1676 3272 1730 est,
3304 1667 3390 1720 ubi
3414 1677 3638 1721 sanctus

2054 1761 2419 1824 protomartyr
2463 1754 2774 1824 Stephanus
2830 1755 3094 1825 lapidibus
3153 1756 3399 1825 obrutus,
3448 1758 3638 1813 laevam

377 1866 469 1920 ρος
495 1851 654 1919 ἁγίου
684 1851 958 1921 Στεφάνου
984 1854 1220 1921 ἐγένετο.
1248 1854 1320 1906 Τὸ
1342 1853 1400 1907 δὲ
1427 1852 1620 1907 τούτου
1641 1852 1943 1921 εὐώνυμον,

2062 1843 2195 1898 illius
2224 1855 2433 1913 partem
2467 1858 2615 1902 trans
2643 1847 2836 1902 vallem
2872 1861 3027 1903 mons
3070 1846 3346 1904 Olivarum
3370 1861 3636 1920 occupat;

269 2006 275 2010 ι
372 1944 599 2015 καὶτῆς
657 1946 944 2015 φάραγγος
978 1945 1222 2016 πέραθεν
1253 1945 1314 2000 τὸ
1358 1946 1452 2000 τοῦ
1484 1946 1778 2010 Ἐλαιῶνος
1820 1946 1949 2018 ὅρος

373 2038 631 2109 ὑπάρχει,
682 2039 813 2096 ἔνθα
851 2044 879 2096 ὁ
914 2041 1117 2110 Κύριος
1159 2041 1422 2107 πολλάκις
1464 2041 1947 2112 έμφιλοχωρήσας,

369 2120 462 2175 τὸν
494 2121 615 2175 ὅλον
638 2125 848 2178 ἐκεῖνον
880 2124 1185 2196 καθηγίασε
1235 2126 1400 2179 τόπον
1437 2128 1505 2198 τῇ
1543 2127 1849 2196 προσευχῇ,
1882 2126 1948 2194 τῇ

368 2211 714 2285 διδασκαλίᾳ,
751 2214 850 2268 καὶ
897 2216 1050 2280 τέλος
1097 2219 1162 2288 τῇ
1215 2217 1335 2287 θείᾳ
1393 2217 1530 2287 πρὸς
1580 2222 1671 2270 τὸν
1730 2217 1949 2286 Πατέρα

370 2303 636 2375 ἀναλήψει
699 2307 884 2361 αὑτοῦ.
930 2308 994 2361 Ἠ
1029 2307 1086 2361 δὲ
1135 2308 1270 2377 ἁγία
1327 2309 1466 2362 Σιὼν
1510 2306 1821 2380 ἔμπροσθεν
1850 2307 1952 2377 τῆς

368 2395 529 2462 ἁγίας
588 2397 796 2463 πόλεώς
840 2401 998 2465 ἐστι,
1052 2402 1282 2472 κειμένη
1317 2403 1449 2474 περὶ
1499 2402 1568 2456 τὰ
1601 2400 1755 2468 δεξιὰ
1808 2401 1951 2472 μέρη

370 2486 563 2556 αὐτῆς.
597 2487 751 2557 Ἔχει
783 2485 876 2541 οὖν
910 2490 942 2559 ἡ
972 2490 1180 2561 ταύτης
1215 2493 1535 2564 περιγραφὴ
1562 2490 1757 2556 οὕτως.
1791 2491 1952 2544 Ἔστι

372 2579 713 2645 καστέλλιον,
762 2582 820 2635 ὲν
865 2577 910 2650 ᾧ
951 2583 1193 2652 ὑπάρχει
1233 2586 1264 2654 ή
1307 2584 1442 2651 ἁγία
1486 2583 1647 2649 Σιὼν,
1697 2584 1731 2654 ἡ
1769 2583 1954 2654 μήτηρ

369 2672 479 2725 τῶν
502 2673 866 2742 Ἐκκλησιῶνο
886 2675 912 2726 ὁ
942 2674 997 2726 δὲ
1028 2673 1270 2737 τοιοῦτος
1302 2676 1428 2736 ναός
1466 2676 1583 2728 ἐστι
1615 2676 1943 2746 πάμμεγας,

371 2761 734 2831 κυλινδρωτὸν
774 2760 916 2832 ἔχων
948 2762 1046 2834 τὴν
1082 2763 1309 2835 ὀροφήν.
1356 2756 1431 2816 Οὗ
1474 2764 1808 2828 εἰσελθόντος
1854 2763 1954 2829 τὰς

370 2853 579 2923 ὡραίας
610 2852 804 2918 πύλας,
834 2857 948 2908 ἐστι
988 2856 1129 2908 κατὰ
1164 2855 1223 2908 τὸ
1243 2854 1558 2926 εὐνώνυμον
1597 2857 1765 2927 μέρος
1804 2858 1952 2912 οίκία

374 2943 469 2997 τοῦ
506 2944 660 3011 ἁγίου
695 2943 943 2999 Ἰωάννου
977 2945 1071 2999 τοῦ
1106 2945 1393 3015 Θεολόγου,
1426 2948 1484 2999 ἐν
1592 2949 1623 3014 ἡ
1675 2948 1953 3017 ύπεραγία

375 3036 638 3100 Θεοτόκος
668 3037 808 3108 μετὰ
834 3039 932 3109 τὴν
962 3038 1264 3093 ἀνάστασιν
1293 3040 1599 3109 κατέμενεν
1629 3055 1644 3071 ⁶
1677 3042 1807 3092 ἔνθα
1853 3044 1950 3094 καὶ

374 3124 668 3197 ἐκοιμήθη.
704 3126 812 3179 Καὶ
836 3125 981 3179 ἐστιν
1010 3127 1066 3179 ὲν
1093 3126 1170 3197 τῷ
1202 3127 1355 3198 τόπῳ
1383 3128 1577 3197 ἐκείνῳ
1620 3128 1829 3182 κελλίον
1863 3128 1953 3181 διὰ

2060 1950 2219 2006 quem
2285 1937 2545 1994 Dominus
2610 1938 2925 2010 frequenter
2953 1939 3214 2004 invisens,
3267 1951 3321 1996 et
3354 1940 3408 1995 in
3448 1942 3640 1996 coim-

2061 2043 2304 2095 morans,
2370 2030 2683 2086 universum
2737 2032 3028 2089 sanctitate
3088 2032 3332 2102 replevit,
3370 2033 3636 2098 oratione,

2060 2122 2466 2190 praedicatione,
2494 2133 2547 2177 et
2577 2124 2789 2177 demum
2819 2134 3166 2179 sacrosancta
3208 2138 3302 2178 sua
3328 2126 3393 2179 ad
3424 2124 3639 2179 Patrem

2061 2215 2398 2269 ascensione.
2458 2213 2654 2270 Sancta
2684 2229 2814 2272 vero
2846 2216 2975 2273 Sion
3012 2227 3138 2272 ante
3174 2226 3419 2273 sanetam
3447 2217 3639 2274 urbem

2060 2304 2244 2360 sedem
2279 2306 2382 2361 sibi
2424 2307 2606 2373 habet,
2630 2309 2695 2364 ad
2725 2319 2933 2378 partem
2957 2307 3099 2365 illius
3133 2309 3408 2364 dexteram
3425 2308 3637 2380 jacens.

2061 2400 2228 2471 Cujus
2249 2402 2543 2472 descriptio
2563 2404 2677 2460 haec
2731 2404 2938 2461 fuerit:
2971 2403 3264 2461 Castellum
3310 2413 3414 2475 est,
3449 2408 3501 2462 in
3534 2422 3643 2476 quo

2060 2504 2248 2550 saneta
2293 2494 2446 2563 Sion,
2479 2495 2842 2554 Ecclesiarum
2893 2508 3086 2566 mater,
3123 2478 3451 2567 collocatur;
3505 2515 3643 2570 pra:-

2060 2588 2249 2658 grandi
2291 2589 2660 2660 magnitudine
2684 2589 2914 2648 ecclesia
2964 2592 3255 2661 conspicua
3295 2603 3639 2659 est;tectum

2062 2678 2114 2732 in
2151 2678 2535 2748 proceritatem
2565 2681 2875 2751 ,aequaliter
2940 2682 3293 2737 orbiculatam
3339 2679 3643 2754 eﬂingitur;

2063 2770 2218 2841 cujus
2272 2772 2547 2842 speciosas
2590 2784 2774 2842 portas
2802 2773 3047 2843 ingresso
3075 2774 3194 2840 tibi,
3232 2775 3298 2830 ad
3318 2784 3529 2845 partem
3552 2773 3645 2829 lm-

2062 2877 2186 2917 vam
2241 2863 2496 2933 objicitur
2540 2865 2714 2920 sancti
2763 2863 2990 2922 Joannis
3041 2864 3299 2938 Theologi
3341 2868 3554 2933 domus,
3589 2866 3645 2922 in

2062 2969 2167 3023 qna
2198 2954 2539 3011 sanctissima
2570 2954 2796 3026 Deipara
2833 2964 2954 3026 post
3009 2957 3464 3014 resurrectionem
3497 2973 3647 3013 cont-

2064 3047 2399 3107 morabatur,
2430 3046 2520 3101 ubi
2550 3055 2604 3102 et
2635 3058 2863 3102 mortem
2899 3047 3064 3116 obiit;
3122 3048 3421 3119 visiturque
3444 3048 3644 3105 ibidem

2060 3138 2253 3193 cellula
2307 3137 2502 3194 ferreis
2538 3138 2790 3194 cancellis
2820 3139 3274 3205 eircummnnita,
3310 3150 3363 3196 et
3392 3140 3445 3194 in
3498 3140 3641 3217 loco,

377 3217 642 3288 σιδηρέων
682 3217 974 3286 κιγκλίδων
1022 3218 1576 3289 περιθριγγούμενον,
1629 3223 1721 3271 καὶ
1784 3223 1840 3273 ὲν
1873 3218 1950 3289 τῷ

2062 3231 2149 3285 ubi
2217 3230 2611 3286 sanctissimam
2673 3233 2907 3286 animam
2940 3231 3049 3287 Deo
3111 3231 3355 3302 Filioque
3383 3201 3641 3299 reddidit:

373 3309 548 3377 τόπῳ,
582 3310 641 3361 ὲν
668 3301 711 3376 ᾧ
737 3307 834 3379 τὴν
866 3310 1140 3377 παναγίαν
1170 3309 1341 3378 αὐτῆς
1365 3309 1542 3380 ψυχὴν
1577 3309 1846 3381 παρέθετο
1880 3312 1956 3381 τῷ

378 3401 612 3470 Υίῴκαὶ
639 3401 783 3472 Θεῷ,
818 3398 1069 3471 eaeam
1116 3400 1229 3457 δύο.
1281 3403 1443 3473 Δεξιᾷ
1471 3404 1527 3456 δὲ
1568 3402 1662 3454 τοῦ
1706 3403 1955 3456 τοιούτου

378 3491 512 3548 ναοῦ
538 3495 657 3546 ἐστι
695 3495 832 3563 πρὸς
868 3495 929 3547 τὸ
960 3492 1285 3565 δεξιώτερον
1321 3496 1488 3566 μέρος
1524 3496 1616 3548 τοῦ
1659 3496 1958 3568 θυσιαστη-

382 3584 505 3652 ρίου
544 3584 606 3635 τὸ
659 3584 934 3654 ὑπερῷον,
986 3585 1127 3655 ἔχων
1167 3584 1268 3657 τὴν
1318 3586 1508 3639 ἄνοδον
1541 3587 1630 3641 διὰ
1677 3589 1960 3661 βαθμίδων

382 3672 486 3741 ξαῆ
555 3675 828 3747 ’Υπάρχει
875 3672 969 3731 οὖν
1008 3679 1036 3731 ὁ
1070 3679 1310 3742 τοιοῦτος
1358 3680 1486 3744 ναὸς
1529 3684 1960 3754 τετρακάμαρος

378 3767 742 3838 τρουλλωτός.
769 3766 858 3822 Ἐν
889 3770 947 3822 δὲ
979 3771 1057 3842 τῷ
1090 3770 1362 3843 εὐωνύμῳ
1387 3772 1545 3844 μέρει
1570 3774 1664 3828 τοῦ
1705 3775 1961 3847 ὑπερῴου

376 3863 572 3933 ὁρᾶται
604 3863 632 3915 ὁ
663 3862 852 3927 τόπος,
883 3861 1016 3916 ἔνθα
1046 3863 1274 3932 γέγονεν
1304 3865 1332 3916 6
1369 3864 1691 3930 δεσποτικὸς
1722 3867 1959 3931 δεῖπνος.

381 3953 495 4006 Ka‘t
517 3955 577 4007 ὲν
602 3953 682 4021 τῷ
713 3955 887 4025 μύακι
917 3953 1013 4008 τοῦ
1048 3954 1298 4024 βήματος
1339 3957 1373 4025 ἡ
1402 3956 1542 4027 πρὸς
1578 3958 1704 4021 τοὺς
1732 3960 1963 4013 ἀποστό-

382 4046 510 4108 λους
535 4044 761 4109 κάθοδος
794 4043 890 4098 τοῦ
913 4044 1074 4114 ἁγίου
1104 4045 1448 4116 Πνεύματος.
1492 4046 1884 4101 ’Υποκάτωθεν
1906 4047 1963 4100 δὲ

379 4137 479 4189 ταῦ
518 4137 765 4190 τοιούτου
818 4137 946 4191 ναοῦ
979 4139 1209 4207 γέγονεν
1254 4139 1283 4192 ό
1311 4139 1514 4210 νιπτήρ
1536 4155 1549 4169 ’
1594 4142 1689 4194 καὶ
1722 4140 1960 4210 ἀκτικρὺ

379 4230 580 4284 τούτου
605 4231 726 4285 ἐστὶ
766 4231 913 4297 ναὸς,
944 4230 1076 4285 ἔνθα
1100 4230 1162 4284 τὸ
1198 4230 1412 4303 οἴκημα
1436 4228 1525 4301 ἦν,
1558 4232 1617 4284 ὲν
1650 4225 1694 4299 ᾧ
1726 4233 1836 4288 τῶν
1866 4233 1962 4286 θυ-

385 4323 498 4395 ρῶν
553 4323 964 4394 κεκλεισμένων
1002 4324 1030 4376 ὁ
1059 4322 1299 4395 Χριστὸς
1345 4323 1601 4394 εἰσῆλθεν
1647 4324 1788 4395 πρὸς
1837 4325 1966 4388 τοὺς

382 4416 745 4480 αποστόλους.
784 4415 958 4471 Ἔνθα
993 4420 1134 4487 μετά
1184 4416 1250 4469 τὸ
1292 4416 1617 4488 λιθασθῆναι
1661 4418 1690 4470 ὁ
1747 4433 1964 4489 πρωτο-

2061 3323 2323 3377 umbones
2352 3323 2482 3376 bini.
2513 3323 2736 3378 Dextera
2771 3324 2973 3391 templi,
3008 3325 3074 3378 ad
3119 3324 3480 3381 dexteriorem
3503 3341 3642 3397 par-

2065 3421 2169 3464 tem
2227 3412 2437 3477 altaris,
2483 3399 2844 3475 cmnacu’unn,
2903 3415 2953 3468 in
3008 3416 3148 3484 quod
3173 3416 3429 3484 gradibus
3463 3431 3568 3471 uno
3592 3427 3647 3472 et

2063 3504 2343 3572 sexaginta
2393 3506 2727 3560 ascenditur.
2787 3504 3068 3576 Templum
3122 3518 3359 3577 quatuor
3409 3509 3645 3565 fornices

2061 3608 2117 3650 et
2161 3596 2375 3650 trullam
2413 3596 2595 3651 habet.
2647 3596 2702 3650 ln
2721 3598 2939 3651 sinistra
2963 3609 3118 3668 parte
3155 3599 3442 3668 rtenaculi,
3473 3600 3643 3669 locus,

2064 3688 2117 3742 in
2148 3704 2256 3759 quo
2284 3689 2421 3744 facta
2454 3699 2538 3745 est
2562 3687 2841 3745 Dominica
2869 3702 3056 3757 coena;
3088 3691 3142 3745 in
3161 3690 3397 3749 Bematis
3420 3693 3643 3764 mytnlo,

2065 3786 2242 3840 sancti
2285 3784 2521 3856 Spiritus
2551 3785 2607 3839 in
2657 3784 2943 3855 Apostolos
2993 3786 3308 3844 descensus.
3356 3787 3414 3843 In
3461 3790 3645 3859 templi
3701 3803 3707 3811 '

2066 3877 2322 3932 inferiore
2384 3886 2535 3946 parte
2569 3876 2815 3933 Christus
2851 3878 3014 3948 pedes
3069 3879 3434 3948 apostolorum
3474 3880 3645 3951 lavit,

2065 3976 2217 4043 cujus
2252 3974 2368 4030 loco
2407 3975 2633 4028 adverso
2667 3973 2922 4042 templum
2963 3974 3217 4043 erigitur;
3260 3976 3314 4029 in
3343 3990 3408 4031 eo
3430 3977 3644 4045 domus,

2066 4066 2120 4119 in
2156 4080 2317 4135 quam
2351 4065 2598 4120 Christus
2628 4064 2806 4135 jauuis
2833 4064 3029 4119 clausis
3059 4066 3124 4119 ad
3154 4069 3428 4136 apostolos
3454 4069 3647 4124 introi-

2068 4161 2142 4213 vit
2169 4176 2185 4226 ;
2221 4159 2308 4214 ubi
2370 4171 2490 4227 post
2520 4158 2905 4227 lapidationem
2937 4166 3303 4229 protomartyr
3335 4159 3646 4231 Stephanus

2068 4252 2309 4321 sepultus
2336 4261 2442 4317 est,
2472 4260 2580 4304 tum
2615 4249 2719 4304 alio
2749 4266 2777 4302 a
2802 4248 3097 4306 Gamaliele
3156 4261 3396 4308 avectus.
3423 4252 3647 4309 Davidis

2070 4348 2234 4403 turris
2260 4347 2313 4402 in
2348 4344 2756 4417 septentrionali
2786 4345 2932 4401 urbis
2955 4355 3105 4414 parte
3143 4346 3247 4401 sita
3276 4356 3381 4415 est,
3422 4347 3646 4404 immani

2071 4440 2445 4509 magnitudine
2503 4437 2852 4510 superbiens;
2908 4449 2962 4493 et
2992 4440 3117 4494 licet
3152 4440 3218 4494 ab
3241 4439 3647 4514 Hierosolomy-

388 4509 609 4578 μάρτυρ
653 4509 928 4579 Στέφανος
964 4507 1260 4571 τέθαπται,
1304 4510 1399 4562 καὶ
1436 4508 1590 4578 παρὰ
1623 4507 1719 4562 τοῦ
1770 4510 1957 4579 Γαμα-

2073 4534 2215 4589 tanis
2240 4533 2443 4589 accolis
2472 4542 2752 4587 asseratur
2791 4547 2912 4588 esse
2944 4531 3178 4596 Davidis,
3209 4549 3236 4587 a
3282 4547 3370 4590 me
3411 4548 3517 4589 non
3552 4534 3651 4587 im-

383 4600 511 4671 λιὴλ
544 4600 813 4673 μετετέθη
848 4603 931 4665 είς
965 4600 1155 4673 ἕτερον
1205 4601 1394 4655 τόπον.
1456 4601 1517 4654 ὐ
1567 4600 1625 4654 δὲ
1664 4601 1965 4672 λεγόμενος

381 4692 480 4745 τοῦ
512 4692 680 4745 Δαϐὶδ
698 4693 909 4764 πύργος
937 4694 1118 4745 κεῖται
1142 4693 1272 4762 περλ⁵
1298 4692 1359 4745 τὸ
1381 4691 1633 4763 ἀρκτῷον
1665 4693 1834 4762 μέρος
1868 4695 1967 4762 τῆς

381 4783 620 4849 πόλεως,
654 4786 750 4838 καὶ
781 4786 931 4837 ἔστιν
972 4787 1001 4838 ὁ
1042 4785 1254 4855 πύργος
1287 4785 1844 4857 παμμεγεθέστατος,
1872 4789 1967 4838 καὶ

384 4872 489 4924 κᾶν
535 4876 634 4927 τοῦ
679 4875 844 4929 Δαὸὶδ
894 4876 1046 4945 παρὰ
1095 4877 1318 4930 πάντων
1354 4876 1463 4929 τῶν
1493 4878 1552 4928 ὲν
1605 4874 1967 4946 Ἰερουσαλὴμ

382 4965 761 5036 ὡμολόγηται,
812 4969 930 5021 ἀλλ’
962 4970 1176 5039 ἔμοιγε,
1237 4969 1315 5033 ὡς
1363 4963 1542 5039 οἶμαι,
1591 4970 1659 5022 δι’
1710 4970 1969 5037 εὐλόγους

384 5057 789 5126 ἀμφιϐάλλεται
820 5061 1022 5125 αἰτίας.
1055 5063 1166 5115 Καὶ
1196 5062 1304 5132 γὰρ
1327 5061 1416 5115 διὰ
1452 5061 1641 5127 ξεστοῦ
1658 5061 1808 5116 λίθου
1843 5066 1969 5115 λευ-

385 5151 487 5203 κοῦ
516 5154 544 5204 ὁ
584 5151 848 5224 Ἰώσηπος
877 5155 970 5207 τὸν
1014 5155 1262 5209 τοιοῦτον
1293 5155 1505 5226 πύργον
1554 5155 1760 5226 ἱστορεῖ
1808 5156 1970 5224 γενέ-

386 5246 536 5309 σθαι,
565 5245 657 5298 τόν
684 5264 745 5299 τε
791 5248 938 5314 ναὸν,
977 5251 1074 5303 καὶ
1111 5250 1239 5313 τοὺς
1265 5251 1491 5320 ἑτέρους
1526 5251 1584 5314 ἐς
1615 5249 1844 5321 ὕστερον
1875 5250 1971 5302 δύο

387 5338 641 5408 πύργους
670 5338 821 5413 παρὰ
857 5339 954 5392 τοῦ
972 5341 1217 5411 Ἡρώδου
1246 5344 1325 5404 είς
1353 5341 1525 5413 ὄνομα
1548 5342 1844 5408 Φασαίλου,
1877 5341 1973 5394 καλ⁵

387 5433 689 5503 Μαριάμης
715 5433 1059 5497 κτισθέντας.
1103 5435 1163 5486 Ὀ
1195 5434 1253 5487 δὲ
1281 5438 1346 5487 ἐκ
1373 5434 1556 5487 κοινοῦ
1586 5434 1739 5486 λίθου
1768 5437 1967 5505 άνεγη-

388 5528 658 5599 γερμένος
692 5527 909 5599 ὁρᾶται.
946 5529 1059 5580 Καὶ
1102 5528 1233 5591 ἴσως
1260 5528 1288 5579 ὁ
1318 5527 1412 5581 νῦν
1443 5525 1717 5598 ὁρώμενος
1748 5530 1843 5580 ἐπὶ
1873 5528 1968 5579 τοῦ

391 5619 731 5673 παλαιτάτου
752 5619 1005 5691 θεμέλιος
1024 5618 1238 5691 πύργου
1258 5619 1972 5690 ἁνῳκοδόμηται.Ἐχόμενα

389 5711 585 5766 τούτου
611 5711 848 5784 ὑπάρχει
873 5712 909 5784 η
944 5712 1082 5781 πρὸς
1112 5712 1210 5783 τὴν
1243 5712 1400 5766 πόλιν
1429 5712 1677 5784 φέρουσα
1707 5712 1875 5783 πύλη,
1904 5714 1971 5784 ἢν

388 5803 654 5860 εἰσελθὼν
692 5804 940 5879 πορεύσῃ
987 5807 1249 5861 πλατεῖαν
1274 5806 1413 5872 ὁδὸν,
1447 5801 1516 5879 ἦς
1549 5805 1701 5877 δεξιᾷ
1740 5805 1971 5876 πλησίον

2069 4623 2352 4695 probabili,
2395 4631 2453 4676 ut
2502 4638 2644 4686 reor,
2692 4621 2907 4675 ratione
2968 4621 3021 4674 in
3071 4620 3294 4676 dubium
3365 4621 3595 4677 vertitur
3628 4638 3647 4677 :

2069 4729 2301 4784 namque
2334 4714 2521 4767 turrim
2547 4711 2767 4766 Davidis
2788 4726 2853 4764 ex
2880 4710 3027 4765 rasili
3056 4710 3178 4766 albo
3230 4710 3407 4781 lapide
3431 4722 3648 4766 entru-
3692 4708 3695 4713 ’

2068 4814 2209 4860 ctam
2271 4802 2457 4867 fuisse,
2526 4802 2782 4869 templum
2812 4809 2862 4856 et
2925 4801 3063 4856 alias
3095 4801 3230 4856 duas
3263 4810 3442 4856 turres
3465 4812 3646 4871 postea

2070 4896 2139 4951 ab
2166 4895 2374 4951 Herode
2402 4895 2454 4947 in
2511 4895 2767 4947 honorem
2802 4891 3030 4947 Pliasaeli
3068 4901 3123 4947 et
3176 4891 3490 4948 Mariamnte
3507 4907 3648 4947 era--

2071 4986 2313 5041 diﬁcatas
2362 4984 2629 5053 Josephus
2683 4985 2828 5053 fert;
2862 4994 2936 5049 at,
2972 5001 3092 5055 quae
3125 4986 3284 5040 modo
3338 4985 3548 5050 visitur,
3580 5002 3646 5039 ex

2071 5077 2344 5132 communi
2398 5077 2573 5147 lapide
2628 5087 2940 5133 constructa
2997 5085 3099 5132 est.
3159 5076 3227 5131 Et
3284 5075 3446 5142 forte,
3483 5090 3645 5145 quam

2073 5185 2215 5224 nunc
2270 5170 2567 5237 intuemur,
2635 5184 2800 5238 super
2830 5170 3211 5225 vetustissimae
3258 5169 3424 5223 turris
3458 5167 3648 5223 funda-

2073 5272 2255 5315 menta
2286 5262 2540 5332 assurgit.
2575 5260 2748 5331 Prope
2776 5263 2989 5326 turrim,
3015 5275 3134 5331 quae
3152 5260 3218 5313 ad
3249 5262 3438 5314 urbem
3480 5259 3648 5321 ducit,

2071 5361 2247 5422 porta,
2280 5367 2439 5422 quam
2463 5355 2728 5422 ingresso,
2773 5352 2877 5405 lata
2911 5353 3082 5420 platea
3114 5351 3217 5405 iter
3245 5351 3438 5420 aperit,
3467 5350 3519 5404 in
3555 5365 3652 5405 cn-

2066 5443 2157 5509 jus
2211 5441 2340 5497 lteva
2395 5449 2546 5511 parte
2602 5442 2763 5509 regiis
2796 5442 3006 5511 palatiis
3040 5440 3213 5496 sancti
3250 5440 3425 5495 Patris
3476 5442 3647 5495 nostri

2076 5535 2270 5590 Sabbae
2317 5534 2641 5591 Metochium
2678 5538 2936 5591 adhaeret.
2979 5533 3153 5599 Viam,
3182 5535 3248 5588 ad
3299 5536 3508 5604 sagitta:
3567 5533 3655 5602 jac

2076 5633 2243 5692 ctum,
2274 5640 2546 5690 emensus,
2597 5625 2806 5680 celebre
2831 5625 3091 5679 Dominici
3115 5624 3359 5695 Sepulcri
3392 5623 3648 5694 templum

2076 5719 2349 5787 reperies;
2384 5720 2539 5789 cujus
2571 5733 2678 5771 non
2706 5717 2807 5771 alia
2841 5716 3012 5788 ﬁgura
3040 5714 3225 5783 fuerit,
3291 5731 3451 5787 quam
3479 5729 3648 5785 quam

2079 5810 2243 5866 variis
2279 5813 2480 5877 scripto
2506 5810 2808 5866 mandatur.
2849 5806 3119 5873 Spelunca
3159 5809 3210 5863 iu
3238 5808 3648 5863 Dmninici'cor-
