4042 6420
386 360 495 427 943

1660 352 1991 416 JOANNIS
2028 350 2299 441 Prtocs

3544 350 3650 415 944

384 472 533 541 poris
561 469 870 541 sepulcrum
917 481 1201 531 conversa,
1240 465 1392 521 duas
1442 465 1495 519 in
1521 476 1704 534 partes
1733 466 1972 535 sejuugi-

2083 462 2188 517 τῶν
2237 460 2509 532 Ῥηγικῶν
2556 460 2873 531 ἀνακτόρων
2922 458 3138 529 πέπηγε
3169 461 3229 513 τὸ
3274 462 3526 531 μετόχιον
3562 465 3656 517 τοῦ

386 574 501 629 ιιιι·;
534 577 759 632 quarunt
789 561 843 615 in
894 575 995 614 una
1022 558 1158 627 lapis
1188 556 1463 612 revolutus
1503 558 1793 626 repositus,
1826 571 1961 611 can-

382 657 521 710 didis
555 654 918 708 marmoribus
952 650 1296 716 custoditur;
1325 649 1379 704 in
1404 649 1570 705 altera
1601 651 1667 704 ad
1692 649 1965 705 borealem

382 757 611 815 partem,
635 743 773 813 lapis
803 757 898 814 pro
929 740 1220 812 pavimenti
1250 754 1505 794 mensura
1565 738 1855 809 expolitus,
1879 754 1968 793 cu-

383 837 498 891 bito
554 851 661 891 uno
707 834 1106 904 supereminet;
1136 832 1189 886 in
1222 846 1347 901 quo
1383 842 1648 899 mortuus,
1676 832 1967 901 nudusque

381 931 507 985 vita:
546 929 765 1000 largitor
816 927 1024 998 positus
1048 934 1169 992 est;
1221 938 1357 979 auro
1390 938 1546 991 puro,
1597 938 1663 979 ex
1695 923 1971 979 desiderio

383 1020 562 1077 etlide
593 1018 796 1074 domini
822 1017 929 1072 mei
978 1015 1329 1085 imperatoris
1369 1013 1629 1071 Mauuclis
1662 1012 1972 1085 Porphyro—

384 1120 631 1180 genneta:
680 1106 940 1163 Conmeni
983 1106 1444 1161 circumornatus.
1504 1102 1681 1174 Prope
1732 1118 1856 1158 eum
1886 1111 1971 1158 est

384 1198 676 1268 Golgotha,
731 1196 786 1250 in
825 1209 933 1265 quo
976 1192 1239 1249 Calvarire
1302 1191 1474 1255 locus,
1527 1200 1582 1247 et
1608 1190 1792 1245 excisa
1818 1188 1972 1244 cruci

389 1292 560 1353 basis,
625 1298 681 1343 et
705 1287 907 1357 dirupti
965 1284 1106 1350 saxi,
1139 1296 1378 1353 tempore
1439 1283 1725 1353 passionis,
1751 1282 1970 1348 hiatus;

386 1384 487 1440 sub
519 1397 647 1451 quo,
689 1381 741 1435 in
764 1380 1000 1436 cavitate
1038 1378 1271 1453 lapidis,
1297 1377 1492 1432 Adami
1536 1375 1798 1446 calvaria,
1856 1390 1975 1432 sca-

389 1474 662 1542 tebrzeque
730 1470 998 1526 Dominici
1053 1470 1355 1542 sanguinis.
1408 1483 1571 1541 super
1611 1483 1731 1525 eam
1763 1465 1969 1525 ell‘usaz.

388 1562 669 1631 Templum
726 1576 889 1631 super
930 1559 1192 1631 Golgotha
1246 1569 1478 1629 quatuor
1535 1561 1692 1616 tectis
1739 1570 1795 1616 et
1827 1559 1976 1615 tholo

389 1656 627 1725 assurgit
666 1655 953 1726 :proxinte
1002 1654 1238 1710 inhaeret
1276 1654 1690 1709 subterraneum
1720 1653 1978 1723 templum

391 1750 601 1819 ingens,
652 1747 705 1801 in
747 1762 855 1816 quo
902 1747 1137 1814 pretiosa
1177 1755 1231 1802 et
1279 1744 1488 1800 viviﬁca
1526 1744 1728 1800 Christi
1760 1744 1973 1800 Domini

2072 555 2222 609 ὁσίου
2257 554 2466 625 Πατρός
2495 552 2651 623 ήμῶν
2685 553 2892 608 Σάϐϐα.
2920 553 3032 625 Τὴν
3067 554 3123 607 δὲ
3152 553 3274 608 όδὸν
3302 554 3434 608 ὡσεὶ
3471 553 3657 625 βέλους

2078 647 2243 719 βολήν
2273 647 2500 731 διελθῲν
2534 648 2792 716 εὑρήσεις
2813 647 2906 701 τὸν
2939 648 3219 718 περιφανῆ
3246 647 3377 701 ναὸν
3410 648 3506 701 τοῦ
3542 650 3656 702 Κυ-

2077 738 2270 813 ριακοῦ
2298 740 2471 808 τάφου
2498 734 2558 795 οὗ
2592 740 2653 792 τὸ
2689 739 2877 810 σχῆμα
2900 738 3036 809 ἔχει,
3058 739 3245 801 καθὼς
3274 739 3430 808 παρὰ
3464 740 3656 809 διαφό-

2077 849 2188 904 ρων
2230 822 2533 902 ἱστόρηται.
2568 832 2643 886 Τὸ
2695 831 2754 885 δὲ
2790 832 2871 895 είς
2900 832 3072 900 τάφον
3117 832 3479 902 χρηματίσαν
3514 834 3659 901 σπή-

2078 926 2233 979 λαιον
2256 924 2353 978 τοῦ
2375 923 2717 979 Δεσποτικοῦ
2749 924 3004 994 σώματός
3034 924 3153 976 ἐστι
3183 923 3432 987 διπλοῦν,
3468 925 3563 977 καὶ
3597 927 3659 976 έν

2082 1017 2184 1088 μὲν
2217 1017 2295 1086 τῷ
2329 1016 2411 1070 ένὶ
2446 1016 2724 1071 ἐπίκειται
2753 1016 2781 1068 6
2820 998 3212 1079 ἀποκυλισθεὶς
3242 1014 3411 1081 λίθος,
3446 1016 3662 1078 λευκοῖς

2082 1111 2399 1181 μαρμάροις
2436 1108 3000 1181 περιφρουρούμενος,
3028 1109 3087 1162 ὲν
3110 1107 3167 1161 δὲ
3195 1107 3273 1178 τῷ
3296 1108 3473 1179 ἑτέρῳ
3505 1108 3662 1181 μέρει

2078 1199 2139 1252 τὸ
2188 1199 2321 1269 περὶ
2355 1199 2418 1251 τὸ
2454 1197 2707 1269 ἁρκτῷον
2741 1198 2770 1251 6
2814 1196 2962 1260 λίθος
2990 1196 3317 1261 λελάξευται
3344 1197 3439 1251 τοῦ
3480 1199 3663 1251 ίσοπέ-

2077 1290 2170 1345 δου
2216 1290 2391 1346 πάτου
2447 1289 2801 1363 ὑπερανέχων
2849 1287 2986 1342 ὡσεὶ
3024 1287 3361 1359 πῆχυνκὲνα,
3405 1288 3465 1342 έν
3493 1282 3537 1356 ᾧ
3573 1305 3663 1339 νε-

2080 1379 2216 1450 κρὸς
2254 1378 2350 1432 καὶ
2383 1379 2593 1447 γυμνὸς
2634 1377 2663 1429 ό
2695 1377 2797 1447 τῆς
2826 1376 2974 1446 ζωῆς
3005 1374 3239 1447 ἀνετέθη
3282 1377 3472 1446 δοτὴρ,
3504 1375 3564 1439 ὃς
3598 1377 3663 1427 ἐκ

2081 1471 2288 1543 χρυσοῦ
2335 1470 2581 1542 καθαροῦ
2633 1468 2986 1539 ἐνδεδυμένος
3030 1471 3227 1541 ὁρᾶται
3252 1470 3318 1522 ὲκ
3363 1469 3534 1523 πόθου
3566 1480 3664 1521 καί

2080 1561 2320 1624 πίστεως
2347 1557 2442 1613 τοῦ
2486 1558 2624 1630 ἐμοῦ
2652 1557 2915 1612 δεσπότου
2950 1557 3048 1611 καί
3096 1557 3363 1629 βασιλέως
3402 1557 3664 1627 Μανουὴλ

2081 1650 2178 1705 τοῦ
2223 1650 2743 1723 Πορφυρογεννήτου
2784 1650 2879 1704 καὶ
2906 1649 3222 1721 Κομνηνοῦ.
3272 1651 3385 1704 Καὶ
3432 1651 3664 1720 πλησίον

2085 1744 2253 1800 αὐτοῦ
2283 1745 2439 1799 ἐστιν
2470 1746 2498 1797 6
2525 1741 2623 1797 τοῦ
2663 1742 2906 1811 Γολγοθά
2932 1742 3122 1811 τόπος,
3159 1743 3218 1798 ὲν
3246 1736 3291 1812 ᾧ
3328 1744 3492 1806 τόπος
3512 1744 3540 1794 ὀ
3564 1742 3663 1796 τοῦ

389 1855 525 1894 crux
558 1841 777 1896 inventa
801 1848 909 1894 est.
936 1836 1015 1892 Ad
1038 1836 1442 1893 orientaliorent
1478 1846 1688 1906 partem
1715 1836 1971 1903 civitatis,

2083 1837 2321 1908 Κρανίου
2352 1835 2449 1892 καὶ
2477 1836 2513 1908 ἡ
2537 1834 2865 1900 λαξευθεῖσα
2884 1835 2964 1906 τῷ
3000 1836 3143 1891 Σταυ
3155 1834 3237 1907 ρῷ
3267 1835 3450 1907 βάσις,
3484 1835 3580 1888 καὶ
3604 1834 3665 1886 τὸ

392 1931 648 2001 templum
680 1931 895 1993 visitur,
944 1928 1145 1985 Sancta
1178 1938 1501 1993 sanctorum
1559 1926 1775 1983 nomine
1817 1946 1831 1982 :
1865 1942 1978 1981 om-

391 2023 538 2076 nium
605 2021 1030 2091 pulcherrimum
1100 2029 1303 2077 tectum
1378 2019 1433 2074 in
1508 2020 1680 2076 trullre
1746 2018 1975 2075 formam

391 2110 610 2176 desinit,
638 2111 691 2165 iu
722 2117 933 2165 vetusto
956 2096 1266 2180 pavimento
1295 2106 1635 2164 celeberrimi
1669 2108 1815 2164 illius
1838 2118 1976 2163 tem-

392 2200 463 2269 pli
487 2198 817 2266 Salomonis,
844 2199 991 2254 intus
1015 2199 1361 2267 exteriusque
1399 2196 1567 2251 variis
1616 2197 1981 2252 marmoribus

391 2301 447 2346 et
472 2291 748 2348 tessellato
808 2305 973 2361 opere
1002 2289 1420 2345 condecoratum
1452 2305 1467 2344 :
1500 2290 1567 2343 ad
1610 2286 1798 2343 laevam
1855 2302 1980 2358 par-

394 2394 501 2439 tem
560 2386 767 2454 templi,
829 2382 1065 2437 fornices
1124 2382 1286 2449 binae,
1317 2396 1548 2452 quarum
1592 2380 1647 2435 in
1678 2381 1846 2435 altera
1883 2394 1979 2435 ocr

393 2491 587 2531 cursus
641 2475 843 2530 Christi
899 2473 1134 2538 Domini,
1202 2473 1345 2542 quod
1389 2471 1463 2527 ibi
1517 2472 1695 2541 jusws
1756 2471 1979 2525 Simeon

394 2567 672 2622 Christum
697 2566 982 2621 Dominum
1013 2565 1152 2620 ulnis
1170 2563 1482 2632 exceperit;
1518 2563 1569 2617 in
1599 2562 1791 2627 altera,
1815 2577 1979 2633 quarti

393 2655 630 2713 Jacobus
657 2656 857 2712 scalam
890 2656 1287 2722 admirandam,
1328 2654 1394 2708 ad
1430 2655 1624 2710 coelum
1655 2669 1825 2724 usque
1856 2668 1982 2723 per-

397 2750 713 2819 tingeutem,
760 2754 815 2802 et
853 2746 1071 2817 angelus
1129 2746 1223 2800 Dei
1291 2745 1347 2800 in
1390 2758 1454 2801 ca
1527 2746 1879 2801 ascendentes
1929 2752 1984 2799 et

396 2839 808 2906 descendentes,
878 2847 1258 2909 conspexerat,
1309 2838 1516 2909 depicta
1569 2849 1714 2892 sunt.
1750 2837 1816 2892 Et
1849 2837 1985 2907 lapis

397 2931 498 2986 sub
545 2930 770 3000 depicta:
818 2929 981 2985 scala:
1038 2929 1298 3000 imagine,
1333 2930 1427 2984 ille
1474 2930 1710 2999 ipsecst,
1761 2930 1852 2999 qui
1885 2930 1985 2982 sub

395 3021 583 3078 Jacobi
601 3021 780 3091 capite
816 3020 1012 3077 fuerat.
1048 3020 1152 3076 Per
1209 3022 1381 3092 partis
1409 3021 1615 3077 dextrae
1670 3022 1877 3077 hiatum
1916 3022 1984 3075 ad

401 3114 720 3185 speluncam
758 3113 894 3168 infra
931 3111 1188 3182 templum
1245 3114 1621 3178 descenditur,
1672 3114 1726 3183 in
1766 3127 1877 3184 qua
1900 3126 1985 3167 re-

2081 1929 2274 2000 ῥῆγμα
2337 1930 2439 1999 τῆς
2512 1927 2907 2000 διαρῤαγείσης
2971 1927 3178 1999 πέτρας
3261 1929 3320 1980 ἐν
3404 1926 3484 1998 τῷ
3566 1923 3665 1978 τοῦ

2079 2021 2330 2093 Σταυροῦ
2366 2019 2531 2075 πάθει
2565 2038 2579 2052 °
2626 2022 2722 2076 καὶ
2767 2021 2865 2076 τοῦ
2897 2020 3182 2093 ῥήγματος
3225 2020 3474 2075 κάτωθεν
3525 2018 3663 2071 ύπό-

2078 2118 2263 2177 κοιλος
2294 2115 2353 2167 ἐν
2386 2116 2450 2185 τῇ
2484 2112 2664 2184 πέτρᾳ
2691 2113 2879 2179 τόπος,
2924 2114 2985 2165 έν
3011 2106 3056 2180 ᾧ
3088 2112 3151 2166 τὸ
3178 2111 3273 2165 τοῦ
3297 2111 3474 2181 ’Λδὰμ
3524 2126 3663 2181 κρα⁶

2080 2206 2217 2272 νῑον,
2248 2205 2343 2259 καὶ
2372 2204 2425 2257 οἱ
2456 2203 2682 2275 ῥυέντες
2717 2203 2805 2257 ἐπ’
2830 2204 2979 2274 αὐτῷ
3001 2202 3096 2256 τοῦ
3121 2200 3459 2256 Δεσποτικοῦ
3494 2216 3663 2270 κρουο

2081 2296 2163 2349 νοὶ
2195 2296 2454 2366 αἵματος.
2499 2296 2559 2349 '0
2584 2295 2641 2349 δὲ
2684 2296 2809 2358 ναὸς
2843 2297 2871 2348 ὁ
2900 2295 3089 2349 ἐπάνω
3130 2293 3226 2348 τοῦ
3258 2290 3504 2362 Γολγοθά
3545 2292 3663 2344 ἐστι

2080 2384 2529 2454 τετρακάμαρος,
2568 2382 2827 2446 θολωτός.
2872 2382 2984 2436 Καὶ
3024 2382 3256 2453 πλησίον
3288 2379 3386 2434 τοῦ
3416 2378 3664 2433 τοιούτου

2083 2477 2214 2531 ναοῦ
2275 2479 2426 2530 ἔστιν
2480 2476 2745 2545 ὑπόγαιος
2780 2478 2908 2539 ναὸς
2963 2476 3164 2546 μέγας,
3217 2476 3276 2526 ὲν
3305 2468 3607 2543 ᾧεῦρηται
3639 2473 3668 2524 6

2082 2569 2270 2636 τίμιος
2299 2568 2395 2622 καὶ
2416 2567 2685 2631 ζωοποιὸς
2705 2569 2846 2621 Σταυ
2858 2567 2947 2640 ρὸς
2974 2567 3070 2619 τοῦ
3090 2567 3368 2620 Δεσπότου
3400 2562 3663 2637 Χριστοῦ.

2084 2660 2221 2730 Περὶ
2243 2659 2299 2712 δὲ
2329 2660 2389 2712 τὸ
2409 2659 2883 2730 άνατολικώτερον
2921 2661 3087 2732 μέρος
3122 2662 3222 2731 τῆς
3246 2660 3455 2723 πόλεως
3489 2657 3669 2728 ὑπάρ-

2086 2769 2170 2822 χει
2195 2754 2222 2806 ὁ
2252 2751 2402 2818 ναὸς,
2434 2752 2502 2805 τά
2527 2752 2698 2822 Ἀγια
2720 2754 2830 2806 τῶν
2868 2754 3062 2822 ἁγίων.
3105 2752 3165 2806 '0
3189 2752 3246 2808 δὲ
3279 2753 3520 2815 τοιοῦτος
3536 2751 3667 2814 ναός

2085 2845 2205 2896 ἐστι
2239 2843 2386 2897 πάνυ
2435 2844 2960 2914 περικαλλέστατος,
3005 2845 3349 2917 τρουλλωτδν
3399 2845 3539 2915 έχων
3567 2843 3668 2916 τὴν

2084 2934 2309 3005 ὀροφὴν,
2340 2937 2398 2987 ἐν
2426 2934 2504 3005 τῷ
2533 2937 2750 3007 ἀρχαίῳ
2779 2937 2995 3008 δαπέδῳ
3027 2936 3124 2991 τοῦ
3158 2935 3510 3007 περιωνύμου
3536 2935 3667 2989 ναοῦ

2084 3028 2296 3081 ἐκείνου
2351 3028 2446 3082 τοῦ
2505 3028 2857 3099 Σολομῶντος
2909 3029 3308 3100 θεωρούμενος,
3364 3026 3516 3088 ἐντὸς
3572 3026 3669 3078 καὶ

2087 3121 2273 3188 ἐκτὸς,
2306 3121 2577 3185 ποικίλοις
2611 3122 2938 3193 μαρμάροις
2998 3123 3093 3176 καλ⁵
3123 3122 3356 3192 ψηφῖσιν
3398 3117 3669 3187 ὲγκαλλυ-

398 3207 603 3275 positus
650 3204 826 3261 fuerat
857 3202 1154 3259 Zacharias
1187 3204 1468 3275 propheta,
1497 3204 1877 3274 interemptus,
1932 3212 1979 3258 ιιι

2093 3208 2336 3279 νόμενος.
2378 3208 2532 3263 Εἰσὶν
2553 3208 2646 3262 οὖν
2675 3209 2807 3281 περὶ
2837 3210 2902 3263 τὰ
2934 3208 3197 3279 εὐώνυμα
3231 3208 3375 3280 μέρη
3414 3205 3510 3261 τοῦ
3535 3205 3667 3260 ναοῦ

399 3297 745 3370 Evangelium
773 3297 959 3364 tradit,
995 3312 1023 3351 a
1047 3296 1248 3354 Judmis
1269 3298 1412 3353 inter
1437 3299 1695 3368 templum
1712 3307 1766 3353 ct
1789 3297 1979 3353 altare.

2086 3299 2341 3371 καμάραι
2371 3298 2485 3366 δύο,
2544 3300 2630 3369 ἐφ’
2659 3297 2750 3363 αἷς
2799 3302 3139 3371 ἱστόρηνται,
3171 3302 3231 3354 ὲν
3276 3298 3377 3371 μὲν
3403 3299 3470 3369 τῇ
3501 3297 3602 3368 μιᾷ
3633 3297 3667 3364 ή

399 3390 566 3445 Extra
597 3388 879 3459 templum,
910 3387 1182 3460 lapidibus
1242 3397 1474 3445 stratum
1518 3387 1837 3459 impluvium
1863 3404 1979 3442 ma-

2101 3390 2434 3463 Ὗπαπαντὴ
2461 3390 2557 3445 τοῦ
2592 3393 2869 3446 Δεσπότου
2900 3391 3167 3464 Χριστοῦ,
3194 3391 3279 3445 ὅτι
3309 3390 3404 3444 καὶ
3427 3391 3489 3444 έν
3517 3386 3671 3457 αὑτῷ

401 3497 563 3551 gnum
633 3481 987 3548 extenditur;
1030 3480 1332 3551 antiquum,
1386 3488 1447 3535 ut
1513 3483 1725 3550 opinor,
1806 3481 1979 3552 magni

2087 3478 2165 3549 τῷ
2195 3478 2348 3550 τόπῳ
2398 3480 2426 3532 6
2463 3478 2673 3543 δίκαιος
2703 3479 2936 3549 Συμεὼν
2964 3481 3059 3534 τὸν
3095 3478 3382 3549 Δεσπότην
3431 3474 3670 3547 Χριστὸν

405 3571 588 3639 templi
638 3573 1032 3642 pavimentum.
1070 3570 1139 3625 Et
1198 3572 1253 3626 in
1292 3578 1468 3641 porta,
1495 3585 1616 3641 qua:
1644 3571 1698 3626 in
1743 3580 1979 3626 sanctam

2088 3567 2450 3639 ὴγκαλίσατο.
2475 3566 2567 3620 Ἐν
2594 3568 2651 3621 δὲ
2687 3571 2754 3639 τῇ
2784 3568 2976 3639 ἑτέρᾳ,
3008 3566 3076 3639 ήν
3103 3570 3132 3621 6
3170 3565 3370 3622 Ἰακὼϐ
3394 3561 3503 3618 εἶδε
3532 3563 3669 3617 θαυ-

404 3660 737 3719 Getsemane
783 3661 954 3727 ducit,
1010 3661 1264 3731 templum
1330 3671 1639 3718 sanctorum
1678 3663 1904 3720 Joacimi
1936 3674 1979 3720 el

2092 3657 2306 3728 μαστὴν
2328 3657 2600 3726 κλίμακα,
2635 3657 3041 3728 ὲστηριγμένην
3076 3656 3242 3728 μέχρι
3272 3655 3370 3710 τοῦ
3404 3653 3668 3725 ούρανοῦ,

407 3755 577 3808 Anna:
608 3753 982 3825 conspicitur;
1010 3752 1066 3808 in
1099 3768 1206 3823 quo
1226 3752 1727 3808 immaculatissima
1750 3753 1979 3824 Deipara

2087 3750 2335 3814 καὶτοὺς
2363 3749 2627 3820 ἀγγέλους
2675 3750 2770 3804 τοῦ
2806 3751 2946 3805 Θεοῦ
2980 3751 3379 3813 ἀναϐαίνοντας
3427 3750 3523 3803 καὶ
3566 3766 3668 3800 κα-

407 3846 461 3899 in
497 3843 666 3899 vitam
694 3845 862 3901 venit.
894 3843 1171 3912 Proxime,
1196 3842 1499 3901 Probatica:
1545 3843 1768 3914 piscina:
1791 3842 1979 3901 ﬂuenta

2088 3842 2446 3906 τασαίνοντας
2507 3841 2593 3896 ἐπ’
2647 3844 2813 3915 αὐτῇ,
2844 3843 2943 3897 καὶ
3003 3845 3031 3897 6
3077 3844 3224 3907 λίθος
3268 3842 3533 3898 ὑποκάτω
3569 3841 3672 3909 τῆς

409 3938 737 3992 scaturiant.
1698 3970 1699 3973 η

2093 3935 2476 4006 ίστορηθείσης
2502 3935 2773 4007 κλίμακος
2806 3936 2969 3999 αὐτὸς
3013 3938 3222 4000 ἐκεῖνος
3252 3936 3474 4008 ὁρᾶται,
3512 3935 3541 3987 6
3572 3933 3671 3986 ἐπὶ

409 4029 511 4099 τὴν
555 4027 801 4099 κεφαλὴν
854 4027 1037 4094 τεθεὶς
1084 4026 1179 4083 τοῦ
1209 4028 1429 4084 Ἰακώϐ.
1474 4029 1567 4084 Ἐν
1598 4027 1655 4083 δὲ
1700 4027 1799 4101 τῷ,
1835 4027 1996 4101 δεξιῷ
2037 4029 2195 4101 μέρει
2222 4028 2330 4100 ὀπὴ
2358 4028 2675 4099 εὑρίσκεται
2734 4029 3142 4084 καταϐαίνουσα
3204 4029 3367 4101 μέχρι
3402 4025 3670 4098 σπηλαίου

409 4125 553 4188 τινος
574 4124 836 4178 ὑποκάτω
864 4122 958 4176 τοῦ
982 4122 1136 4180 ναοῦ.
1161 4123 1280 4194 Ἐφ’
1310 4116 1355 4193 ᾧ
1380 4122 1621 4180 τέθειται
1648 4125 1678 4178 6
1703 4125 1992 4197 προφήτης
2029 4123 2332 4193 Ζαχαρίας,
2375 4121 2436 4177 ὃν
2466 4120 2736 4191 ἔσφαξαν,
2775 4121 2917 4178 κατὰ
2970 4120 3034 4175 τὸ
3067 4120 3404 4191 Εὑαγγέλιον
3455 4121 3504 4172 oi
3534 4118 3671 4171 Ἰου-

410 4216 547 4270 δαῖοι
574 4213 781 4286 μεταξὺ
819 4213 915 4268 τοῦ
941 4212 1075 4268 ναοῦ
1096 4212 1195 4268 καὶ
1221 4212 1319 4267 τοῦ
1366 4213 1784 4287 θυσιαστηρίου.
1823 4213 2066 4279 Ἐξωθεν
2104 4214 2160 4267 δὲ
2195 4212 2294 4293 τοῦ
2345 4212 2476 4269 ναοῦ
2534 4215 2653 4267 ἐστι
2696 4214 3019 4286 περιαύλιον
3089 4214 3233 4286 μέγα
3299 4212 3669 4285 λιθόστρωτον

409 4312 471 4366 τὸ
518 4309 767 4376 παλαιὸν,
793 4306 870 4373 ὡς
913 4303 1087 4381 οἴμαι,
1126 4307 1223 4363 τοῦ
1269 4309 1511 4380 μεγάλου
1542 4310 1674 4365 ναοῦ
1723 4308 1979 4365 δάπεδον.
2017 4309 2130 4362 Καὶ
2170 4308 2301 4379 περὶ
2366 4307 2468 4379 τὴν
2508 4307 2689 4380 πύλην
2743 4309 2842 4381 τὴν
2896 4308 3201 4378 ὲξάγουσαν
3249 4309 3333 4372 είς
3372 4305 3473 4378 τὴν
3506 4309 3672 4380 ἁγίαν

412 4400 729 4473 Γεθσιμανή
766 4401 884 4453 έστι
909 4401 1036 4464 ναὸς
1070 4399 1183 4454 τῶν
1221 4400 1424 4470 Ἁγίων
1458 4400 1723 4473 Ἰωακεὶμ
1787 4402 1884 4455 καὶ
1930 4401 2156 4471 Ἀννης,
2200 4403 2282 4464 είς
2334 4399 2394 4455 ὃν
2456 4402 2491 4472 ἡ
2539 4402 2638 4471 τῆς
2696 4400 3082 4471 παναχράντου
3137 4401 3405 4457 Θεοτόκου
3476 4404 3671 4473 γέγονε

412 4497 689 4566 γέννησις,
729 4491 825 4545 καὶ
876 4491 1069 4546 τούτου
1124 4492 1353 4564 πλησίον
1397 4493 1467 4547 τά
1508 4494 1610 4564 τῆς
1644 4492 2001 4566 Προϐατικῆς
2038 4494 2434 4566 κολυμϐήθρας
2463 4497 2888 4568 άναπηγάζουσι
2918 4499 3162 4568 νάματα.

485 4585 574 4642 15.
625 4583 763 4639 Hinc
787 4592 939 4638 extra
983 4585 1279 4651 civitatem,
1310 4587 1378 4641 ad
1400 4586 1807 4643 orientaliorem
1843 4586 1979 4642 illius

2170 4588 2253 4645 ιε’.
2302 4589 2589 4644 Ἐντεῦθεν
2622 4592 2723 4662 τῆς
2755 4590 2966 4655 πόλεως
2999 4590 3221 4659 ἔξωθεν,
3260 4590 3390 4663 περὶ
3418 4593 3482 4646 τὸ
3531 4593 3668 4648 ἀνα-

413 4675 647 4746 plagam,
698 4673 754 4725 in
809 4672 988 4726 medio
1018 4686 1225 4742 magnae
1284 4684 1676 4744 praeruptaeque
1698 4673 1979 4744 voraginis1

2090 4681 2453 4753 τολικὼτερον
2482 4681 2692 4752 ταύτης
2739 4684 2932 4755 μέρος,
2977 4685 3147 4753 μέσον
3167 4684 3265 4738 τοῦ
3302 4685 3546 4755 μεγάλου
3574 4702 3674 4755 χα-

414 4773 652 4822 montem
701 4760 977 4818 Olivarum
1030 4777 1059 4814 a
1119 4771 1304 4817 sancta
1362 4764 1584 4820 civitate
1636 4765 1979 4835 sejungentis,

2095 4770 2405 4841 ραδρώδους
2430 4777 2737 4843 χάσματος,
2763 4774 2857 4828 τοῦ
2882 4773 3303 4845 διαχωρίζοντος
3320 4775 3381 4828 τὸ
3404 4775 3529 4846 ὅρος
3560 4776 3671 4828 τῶν

413 4860 739 4913 Getscmane
765 4852 1017 4923 Oppidum
1044 4852 1362 4921 collocatur,
1395 4856 1447 4910 in
1479 4871 1589 4925 quo
1632 4855 1979 4912 sanctissima

2091 4864 2322 4919 Ἐλαιῶν
2371 4864 2481 4918 ἀπὸ
2541 4864 2643 4934 τῆς
2695 4865 2859 4934 άγίας
2921 4866 3167 4933 πόλεως,
3220 4866 3554 4937 παράκειται
3607 4868 3671 4916 τὸ

414 4949 654 5005 Dominae
675 4957 877 5001 nostra:
906 4945 1151 5016 Dcipara:
1199 4946 1529 5014 sepulcrum,
1554 4957 1609 5002 ct
1657 4950 1869 5015 hortus,
1901 4947 1991 5005 ubi

411 5042 611 5111 sazpius
668 5038 920 5093 Salvator
975 5047 1163 5092 noster
1204 5050 1310 5091 una
1365 5054 1487 5094 cum
1557 5040 1835 5111 discipulis
1880 5041 1992 5097 suis

414 5138 732 5187 immoratus
769 5138 876 5188 cst.
925 5130 1063 5185 Sunt
1092 5130 1143 5183 in
1166 5144 1231 5184 co
1281 5129 1474 5200 templa
1505 5131 1606 5187 tria
1637 5151 1652 5188 :
1687 5133 1741 5188 in
1777 5132 1994 5189 siniste-

412 5230 575 5292 riore,
602 5233 658 5279 et
682 5222 1016 5278 concavitate
1041 5221 1417 5289 subterranea,
1454 5224 1697 5279 divinum
1750 5223 1993 5292 Deipara:

411 5318 717 5387 sepulcrum
767 5323 1047 5385 Spectatur
1087 5314 1389 5382 :templum
1450 5317 1502 5369 in
1545 5316 1746 5371 tholum
1772 5316 1989 5381 desiuit,

412 5409 762 5479 puelongum,
788 5405 1071 5476 aequaliter
1098 5404 1476 5460 orbiculatum.
1501 5407 1557 5460 ln
1581 5408 1762 5475 templi
1790 5408 1985 5471 medio,

410 5503 582 5555 instar
614 5499 880 5563 umbonis,
946 5498 1252 5568 sepulcrum
1308 5496 1544 5567 Virginis
1595 5513 1660 5554 ex
1687 5515 1819 5554 saxo
1840 5499 1992 5554 εκεί-

411 5608 528 5646 sum
580 5600 683 5658 est,
742 5592 808 5646 ad
862 5591 1078 5646 modum
1139 5590 1377 5658 aedilicii,
1422 5601 1656 5661 quatuor
1691 5590 1991 5647 fornicibus

410 5684 600 5740 structi
646 5685 757 5738 :ad
821 5685 1085 5740 o'rientale
1149 5685 1290 5740 latus
1335 5686 1387 5739 in
1435 5685 1654 5756 capsula
1683 5701 1746 5741 ex
1802 5688 1991 5740 eodem

410 5774 593 5848 lapide
643 5777 899 5847 expolita,
932 5790 985 5833 ct
1025 5778 1269 5834 candidis
1318 5778 1676 5836 marmoribus
1713 5790 1989 5848 coeperta,

2092 4955 2295 5027 χωρίον
2334 4957 2371 5025 ή
2402 4954 2739 5026 Γεθσιμανὴ,
2782 4957 2843 5009 ὲν
2877 4952 2922 5026 ᾧ
2958 4957 2989 5011 6
3021 4958 3190 5027 τάφος
3231 4958 3329 5026 τῆς
3364 4953 3669 5026 ὐπεραγίας

2090 5047 2391 5116 Δεσποίνης
2424 5046 2582 5118 ἡμῶν
2607 5047 2898 5115 Θεοτόκου,
2923 5049 3019 5103 καὶ
3039 5051 3069 5101 6
3099 5048 3300 5118 κῆπος,
3333 5051 3414 5113 είς
3442 5047 3502 5102 ὃν
3531 5048 3666 5101 πολ·-

2091 5136 2248 5201 λάκις
2273 5137 2303 5189 6
2339 5137 2531 5207 Σωτὴρ
2561 5139 2718 5209 ἡμῶν
2754 5139 2898 5209 μετὰ
2925 5138 3038 5196 τῶν
3065 5140 3332 5211 μαθητῶν
3365 5138 3533 5192 αὐτοῦ
3564 5138 3668 5208 ηὑ-

2089 5227 2272 5299 λίσθη.
2321 5229 2437 5297 Ἐφ’
2484 5223 2528 5297 ᾧ
2567 5229 2664 5283 καὶ
2694 5232 2814 5284 ναοὶ
2843 5232 3016 5302 τρεῖς,
3046 5233 3076 5285 6
3106 5231 3206 5302 μὲν
3236 5229 3666 5299 εὐωνυμοτέρως

2091 5321 2186 5375 καὶ
2224 5322 2353 5393 περὶ
2385 5321 2445 5375 τὸ
2492 5322 2742 5392 κοίλωμα
2794 5323 2948 5378 κάτω
2998 5323 3099 5394 τῆς
3148 5323 3253 5393 γῆς
3301 5323 3474 5389 ἐστιν,
3504 5324 3583 5385 είς
3604 5322 3665 5374 ὃν

2089 5416 2117 5468 6
2149 5416 2291 5480 θεῖος
2318 5416 2489 5485 τάφος
2517 5415 2617 5484 τῆς
2644 5414 2934 5469 Θεοτόκουο
2956 5416 2984 5467 6
3017 5414 3075 5467 δὲ
3100 5414 3342 5477 τοιοῦτος
3366 5414 3493 5478 ναός
3518 5416 3667 5467 ἐστιν

2091 5508 2119 5560 6
2144 5507 2250 5568 πᾶς
2282 5505 2537 5570 θολωτὸς,
2568 5506 2874 5575 ἐπιμήκης,
2910 5502 3298 5576 κυλινδρωτός.
3345 5505 3458 5559 Καὶ
3501 5506 3667 5576 μέσον

2093 5597 2258 5651 αὐτοῦ
2290 5597 2445 5666 δίκην
2477 5597 2732 5667 ἄμϐωνος
2767 5596 2985 5651 ἵσταται
3016 5597 3043 5648 6
3066 5596 3239 5665 τάφος
3281 5597 3474 5667 αὐτῆς,
3513 5597 3669 5651 λελα-

2092 5687 2398 5758 τομημένος
2428 5688 2494 5739 ἐκ
2517 5687 2727 5757 πέτρας
2754 5688 2813 5741 ἐν
2842 5686 3080 5755 σχήματι
3102 5687 3529 5758 τετρακαμάριρ.
3560 5688 3669 5741 Καὶ

2096 5784 2153 5835 ὲν
2192 5781 2261 5853 τῇ
2296 5780 2588 5851 ἁνατολικῇ
2620 5778 2816 5833 τούτου
2854 5779 3071 5850 πλευρᾷ
3096 5780 3250 5834 ἐστιν
3279 5781 3344 5835 ἐκ
3376 5782 3471 5851 τῆς
3501 5781 3670 5853 αὐτῆς
