4042 6400
391 415 500 482 945

1423 430 1885 493 DESCRIPTtO
1922 432 2205 494 TERR/E
2245 435 2580 500 SANCTIE.

3563 446 3670 513 946

381 531 591 603 πέτρας
643 532 779 587 ὡσεὶ
816 534 1098 607 σκίμπους
1152 537 1575 612 λελαξευμένος,
1631 546 1721 599 διὰ
1766 545 1956 599 λευκῶε

2085 546 2489 604 immaculatum
2533 550 2897 609 sanctissimae
2948 552 3188 626 Deiparae
3231 571 3452 627 corpus,
3482 574 3671 617 asan-

383 622 700 694 μαρμάρων
728 629 1093 699 σκεπόμενος,
1131 631 1189 686 ἑν
1215 624 1259 700 ᾧ
1289 633 1349 686 t6
1376 633 1649 707 ἄχραντον
1676 637 1838 709 σῶμα
1867 639 1967 710 τῆς

379 715 685 787 ὑπεραγίας
698 718 966 775 Θεοτόκου
992 723 1097 778 ὑπὸ
1125 724 1235 781 τῶν
1267 726 1441 797 ἁγίων
1484 730 1804 786 ἀποστόλων
1833 749 1969 803 μετ-

378 807 598 880 ενεχθὲν
658 810 724 864 ἐκ
777 813 877 881 τῆς
947 815 1088 870 Σιὼν
1143 818 1328 889 ἐτέθη.
1371 821 1431 876 Ὀ
1463 805 1507 876 δ’
1544 823 1755 879 ἄνωθεν
1778 824 1969 898 ἕτερος

376 900 502 963 ναός
562 902 680 957 ἐστι
716 905 1004 975 σπήλαιον,
1061 911 1121 963 ἐν
1171 905 1216 980 ᾦ
1261 914 1650 988 ἡΔεσποτικὴ
1684 921 1968 990 προσευχὴ

360 990 588 1057 γέγονε,
632 994 723 1045 καὶ
773 994 823 1047 οί
884 996 1179 1053 ἀπόστολοι
1250 1002 1328 1072 τῷ
1379 1002 1537 1076 ὕπνῳ
1590 1006 1965 1076 βαρυνθέντες

376 1080 693 1137 ἐκάθευδον.
758 1084 896 1156 Περὶ⁹
934 1087 993 1141 δὲ
1026 1090 1155 1152 τοὺς
1196 1091 1479 1163 πρόποδας
1513 1095 1610 1150 τοῦ
1664 1097 1826 1167 ὅρους
1855 1095 1966 1151 τῶν

387 1174 638 1241 ’ίίλαιῶν,
689 1177 825 1230 ὡσεὶ
855 1177 1006 1233 λίθου
1039 1181 1205 1254 βολῆς
1237 1185 1466 1254 ἄποθεν,
1508 1187 1653 1242 κατά
1681 1190 1744 1242 τὸ
1782 1190 1966 1258 Εὐαγ-

376 1266 578 1333 γέλιον,
603 1271 632 1323 6
660 1269 850 1340 τρίτος
875 1272 1115 1346 ὑπάρχει
1150 1280 1303 1343 ναὸς,
1321 1281 1378 1334 ἐν
1411 1274 1456 1349 ᾧ
1490 1282 1633 1353 μετὰ
1652 1282 1779 1346 τοὺς
1805 1283 1967 1338 Ἀπὸ-

375 1360 600 1425 στόλους
628 1362 910 1420 ὠνειδίσαι
945 1368 1040 1422 τὸν
1089 1369 1297 1443 Κύριον
1324 1373 1426 1442 τῆς
1451 1375 1727 1447 ῥᾳθυμίας
1758 1374 1966 1431 τούτων

372 1452 555 1521 ἕνεκα,
587 1456 843 1513 ἀπελθὼν
868 1460 1030 1517 πάλιν
1074 1466 1440 1539 προσηύξατο,
1492 1469 1582 1523 ὅτε
1613 1469 1710 1524 καὶ
1737 1470 1963 1542 ίδρῶτες

330 1545 540 1615 ,αὑτοῦ
589 1549 724 1603 ὡσεὶ
762 1549 999 1623 θρόμὸοι
1045 1555 1280 1625 αἵματος
1312 1558 1631 1630 κατέρρεον.
1677 1561 1766 1614 Ἐν
1812 1560 1964 1632 αὐτῷ

369 1638 453 1709 τῷ
492 1641 663 1713 κήπῳ
696 1643 793 1697 καὶ
827 1643 861 1714 ἡ
894 1646 1159 1717 προδοσία
1186 1649 1408 1717 γέγονε,
1446 1651 1543 1704 καὶ
1577 1652 1607 1704 6
1636 1651 1842 1714 Ἰούδας
1873 1652 1962 1705 δο-

368 1730 499 1796 λίως
534 1733 628 1788 τὸν
659 1735 947 1809 Δεσπότην
992 1740 1303 1810 ἠσπάσατο,
1338 1744 1436 1796 καὶ
1483 1744 1512 1796 6
1539 1743 1649 1797 τῶν
1693 1744 1964 1799 Ἰουδαίων

368 1822 558 1894 ὅμιλος
619 1828 890 1899 κατέσχεν
943 1832 1131 1887 αὐτόν.
1186 1834 1445 1905 Ἀντικρὺ
1485 1835 1541 1890 δὲ
1592 1836 1688 1891 τοῦ
1752 1838 1957 1908 κήπου,

2084 641 2188 696 ctis
2211 642 2470 711 apostolis
2500 642 2663 701 Sione
2720 646 2978 718 delatum,
3005 650 3304 721 repositum
3328 653 3451 711 fuit.
3493 655 3669 727 Supe-

2073 730 2186 785 rius
2210 731 2357 786 aliud
2390 735 2673 803 templum,
2725 738 2981 809 spelunca
3021 752 3125 809 est,
3172 742 3226 799 in
3259 759 3363 814 qua
3391 746 3668 803 Dominica

2070 822 2248 878 oratio
2283 825 2452 880 etl'usa
2506 836 2612 895 est,
2648 837 2702 883 et
2732 832 2961 900 apostoli
3000 848 3194 891 somno
3223 838 3432 903 gravati
3467 839 3668 896 obdor-

2071 913 2324 969 micrant.
2356 916 2435 969 Ad
2474 917 2639 987 pedes
2698 920 2899 977 montis
2921 919 3220 992 Olivarum,
3244 925 3309 980 ad
3340 925 3551 998 jactum
3581 927 3665 982 la-

2074 1005 2236 1075 pidis,
2262 1006 2478 1061 tertium
2510 1009 2770 1078 templum
2788 1013 3046 1081 occurrit,
3076 1014 3130 1069 in
3159 1019 3324 1086 q‘uod,
3350 1028 3664 1088 postquam,

2072 1104 2133 1149 ut
2185 1096 2536 1167 Evangelium
2586 1110 3002 1170 commemorat,
3081 1106 3358 1175 apostolos
3402 1108 3667 1166 Dominus

2068 1188 2138 1243 ob
2176 1190 2461 1261 segnitiem
2519 1194 2967 1264 reprehenderat,
3017 1212 3292 1267 reversus,
3338 1201 3571 1256 orationi
3602 1215 3663 1257 se

2068 1293 2179 1334 suae
2210 1281 2466 1347 restituit,
2496 1292 2631 1347 tum,
2666 1299 2788 1340 cum
2824 1287 3054 1344 sudores
3068 1289 3250 1358 ,illius,
3311 1293 3463 1362 quasi
3497 1301 3663 1363 guttae

2069 1372 2754 1442 sanguinis,-dctluebant.
2822 1377 2880 1433 In
2940 1381 3134 1436 eodem
3194 1383 3354 1440 horto
3410 1382 3663 1440 Christus

2067 1464 2337 1533 proditus,
2390 1473 2447 1521 et
2491 1465 2663 1524 Judas
2729 1464 3019 1526 Dominum
3070 1473 3258 1531 dolose
3317 1475 3663 1532 exosculatus

2067 1565 2173 1620 est,
2233 1565 2288 1611 et
2336 1555 2646 1614 Judaaorum
2705 1562 2861 1618 turba
2913 1577 3039 1619 eum
3093 1565 3467 1636 apprehendit.
3502 1566 3663 1622 Parte

2069 1647 2209 1703 horti
2252 1650 2501 1718 adversa,
2539 1653 2606 1709 ad
2636 1657 2973 1725 superiorem
3012 1674 3191 1725 oram,
3226 1658 3446 1717 Siouem
3484 1662 3657 1731 rcSpi-

2068 1740 2327 1811 cientem,
2366 1753 2451 1799 est
2500 1746 2784 1815 templum,
2835 1758 2892 1803 et
2912 1752 3099 1806 subeo
3153 1752 3435 1821 spelunca,
3468 1767 3658 1822 quam,

2067 1842 2352 1905 postquam
2406 1836 2715 1908 abnegavit,
2773 1839 2967 1898 Petrus
3028 1843 3312 1909 introiens,
3336 1855 3393 1900 et
3436 1846 3658 1912 sedens,

368 1915 501 1985 περὶ
524 1915 585 1969 τὸ
624 1918 836 1974 ἄνωθεν
867 1922 1038 1994 μέρος
1071 1926 1131 1978 τὸ
1165 1928 1303 1995 πρὸς
1338 1929 1437 1999 τὴν
1473 1931 1636 1995 Σιὼν,
1676 1930 1956 1996 ἔστι.ναὺς

2073 1925 2218 1981 ﬂevit
2264 1943 2468 1986 amare.
2524 1930 2580 1986 in
2614 1934 2805 1989 eodem
2862 1935 3061 2007 templo
3109 1952 3357 1999 .mterens
3419 1939 3534 2009 ipse
3595 1955 3660 1994 ac

367 2006 466 2062 καὶ
497 2010 769 2079 σπήλαιον
801 2015 972 2069 αὐτοῦ
1008 2017 1280 2085 κάτωθεν,
1320 2021 1379 2073 ἐν
1404 2013 1449 2089 ᾧ
1479 2022 1622 2092 μετά
1647 2024 1749 2094 τὴν
1780 2023 1955 2095 ἄρνη-

368 2116 457 2154 σιν
503 2102 533 2154 ὁ
567 2104 775 2176 Πέτρος
823 2108 1111 2175 εἰσελθὼν,
1165 2114 1265 2167 καλ⁸
1303 2113 1538 2179 καθίσας
1567 2115 1803 2170 ἔκλαυσε
1861 2135 1955 2172 1::-

367 2195 542 2265 κρῶς,
572 2201 653 2264 εἰς
720 2200 781 2256 δν
813 2204 909 2257 καὶ
957 2206 1176 2262 πενθῶν
1226 2208 1514 2282 ἱστόρηται
1553 2209 1954 2275 όἈπόστολος.

368 2286 511 2340 ’Υπε
523 2288 649 2359 ρθεν
682 2290 739 2345 δὲ
767 2294 865 2363 τῆς
894 2294 1239 2366 Γεθσιμανῆς
1264 2299 1358 2351 καὶ
1382 2298 1476 2353 τοῦ
1503 2298 1635 2354 ναοῦ
1653 2299 1754 2371 τῆς
1778 2317 1951 2373 προσο

364 2380 531 2448 ευχῆς
583 2382 782 2452 ὁρᾶται
845 2387 910 2440 τὸ
939 2387 1068 2457 ὄρος
1104 2390 1216 2443 τῶν
1266 2391 1510 2447 Ἐλαιῶν
1543 2393 1956 2465 διαιρούμενον,

364 2471 554 2536 καθὼς
603 2475 732 2548 ἔφη,
782 2478 891 2533 ἀπὸ
937 2480 1040 2551 τῆς
1088 2482 1252 2549 ἁγίας
1289 2485 1526 2551 πόλεως,
1578 2484 1685 2540 ὑπὸ
1713 2487 1815 2558 τῆς
1855 2488 1952 2541 τοῦ

375 2562 647 2633 Ἰωσαφὰτ
670 2568 916 2630 κοιλάδος
943 2572 1040 2625 καὶ
1069 2572 1164 2627 τοῦ
1198 2575 1502 2648 χειμάρρου
1526 2577 1626 2648 τῆς
1657 2577 1751 2632 τοῦ
1779 2580 1953 2635 κλαυ-

2068 2017 2417 2091 illacrymans
2475 2025 2754 2094 apostolus
2780 2026 3027 2097 depictus
3078 2028 3430 2099 conspicitur.
3482 2030 3659 2101 Super

2063 2107 2427 2169 Gethsemane
2447 2125 2502 2170 et
2523 2117 2785 2174 orationis
2809 2118 3029 2192 templo,
3068 2136 3226 2177 mons
3258 2119 3559 2187 Olivarum,
3598 2133 3658 2176 ut

2066 2199 2273 2256 dictum
2292 2214 2400 2271 est,
2417 2206 2659 2261 omnium
2681 2208 3032 2280 oenlis}patet,
3058 2225 3086 2265 a
3108 2222 3291 2267 sancta
3310 2214 3550 2278 civitate,
3568 2212 3662 2269 Jo-

2060 2292 2274 2362 saphati
2334 2305 2389 2350 et
2434 2299 2690 2355 torrentis
2725 2301 3089 2373 lacrymarum
3120 2304 3346 2360 vallibus
3373 2305 3655 2361 dividitur.

2062 2384 2235 2442 Locus
2270 2386 2360 2445 ille
2414 2391 2666 2460 pusillum
2698 2393 2883 2449 urbem
2920 2398 3333 2466 supereminens
3371 2398 3524 2455 collis
3550 2410 3655 2465 est,

2061 2493 2231 2546 quare
2270 2495 2447 2551 neque
2507 2485 2865 2554 prmgrandis,
2922 2488 2967 2543 si
2996 2487 3065 2543 ab
3119 2489 3232 2559 ipsa
3262 2491 3395 2545 urbe
3439 2494 3654 2561 conspi-

2061 2569 2271 2637 ciatur;
2330 2573 2374 2627 si
2400 2588 2529 2629 vero
2554 2577 2620 2637 ab
2645 2575 2881 2633 Jurdane
2912 2588 2967 2634 et
3002 2577 3262 2635 Bethania
3302 2582 3490 2638 oculos
3516 2599 3652 2638 con-

361 2651 505 2722 θμοῦ
533 2655 804 2721 κοιλάδος.
834 2660 1026 2715 Ἔστιν
1051 2662 1147 2716 οὖν
1185 2666 1214 2717 ό
1242 2666 1413 2730 τόπος
1462 2658 1700 2741 σμικρόν
1743 2688 1796 2726 τι
1852 2671 1954 2740 τῆς

2063 2658 2275 2729 ieceris,
2325 2678 2487 2731 quam
2551 2668 2789 2720 maxine
2842 2666 3135 2735 praecelsus
3178 2667 3654 2737 0hjicitnr;collis

361 2745 574 2811 πόλεως
629 2747 1098 2825 ὑπερανεστηκὼς
1125 2753 1340 2824 βουνός.
1402 2758 1496 2811 Διὸ
1553 2759 1648 2813 καὶ
1680 2761 1744 2814 οὐ
1803 2760 1949 2814 πάνυ

2063 2753 2205 2808 enim
2257 2768 2285 2807 a
2337 2755 2554 2812 deserto
2613 2758 2718 2813 leni
2761 2759 3066 2814 acclivitate
3106 2760 3368 2815 nascitur.
3396 2760 3453 2815 In
3476 2761 3655 2830 capite

362 2838 561 2907 μέγας,
595 2840 720 2894 ὅσον
762 2844 874 2898 ἀπὸ
901 2846 996 2899 τοῦ
1029 2847 1133 2917 τῆς
1175 2850 1388 2915 πόλεως
1433 2852 1692 2921 φαίνεται
1726 2853 1954 2925 μέρους,

2065 2846 2287 2915 montis,
2321 2846 2472 2903 locus
2528 2859 2632 2914 est,
2664 2850 2716 2905 iu
2746 2868 2853 2920 quo
2905 2861 3025 2920 post
3061 2853 3515 2908 τοειιιτεοιίοιιεοι
3546 2851 3654 2907 frc-

358 2929 470 2983 ἀπδ
500 2931 558 2985 δὲ
608 2933 707 2986 τοῦ
749 2935 888 3008 πρὸς
914 2938 1193 3013 Ἰορδάνην
1247 2941 1458 3014 μέρους
1502 2944 1671 3001 αὐτοῦ
1704 2949 1801 3000 καὶ
1851 2948 1953 3018 τὴν

2064 2947 2294 3005 quenter
2352 2939 2602 2996 Salvator
2657 2930 2953 3013 discipulos
3001 2951 3084 3000 est
3120 2943 3408 3011 allocutus,
3434 2952 3649 3014 postre-

359 3023 659 3094 Βηθανίαν,
694 3029 791 3083 καὶ
826 3032 972 3086 πάνυ
1004 3036 1157 3088 ἐστὶν
1192 3036 1562 3108 ὑψηλότατος,
1610 3040 1953 3112 χθαμαλίζε-

2063 3043 2260 3098 nmque
2285 3030 2631 3086 Ascensionis
2655 3033 3031 3089 admirandum
3067 3036 3382 3108 mysterium
3400 3036 3648 3106 perfecit.

353 3133 447 3171 ται
473 3119 583 3191 γὰρ
612 3121 673 3176 τὸ
697 3124 892 3179 τούτου
928 3129 1234 3200 κατάχυμα
1267 3132 1433 3204 μέχρι
1455 3134 1549 3187 καὶ
1579 3120 1680 3205 τῆς
1713 3136 1947 3207 ἐρήμου.

2063 3120 2231 3194 Prope
2260 3138 2383 3177 cum
2436 3125 2693 3195 spelunca
2759 3127 2898 3181 intra
2928 3137 3225 3198 spectatur,
3261 3130 3311 3184 in
3335 3144 3437 3199 qua
3462 3138 3649 3185 sancta

367 3209 639 3287 ’Υπάρχει
679 3213 774 3273 οὖν
814 3221 872 3274 ὲν
901 3225 968 3294 τῇ
1001 3223 1164 3295 ὅρους
1198 3229 1415 3297 κορυφῇ
1463 3228 1490 3281 ό
1546 3228 1712 3292 τόπος
1761 3229 1842 3292 εἷς
1888 3229 1948 3282 δν

2063 3213 2267 3284 Pelagia
2324 3218 2647 3283 certamina,
2700 3220 2897 3290 qpibus
2927 3235 2985 3275 se
3020 3222 3333 3287 exercebat,
3394 3221 3647 3290 absolvit,

355 3310 777 3382 προσομιλήσας
817 3314 1087 3380 πολλάκις
1148 3318 1289 3389 μετά
1342 3318 1443 3391 τὴν
1494 3320 1799 3374 ἀνάστασιν
1838 3323 1955 3385 τοῖς

355 3400 636 3473 μαθηταῖς
662 3408 691 3459 6
731 3406 952 3479 Σωτὴρ,
989 3408 1224 3482 ὕστερον
1257 3412 1353 3466 καὶ
1390 3411 1455 3466 :6
1477 3412 1581 3481 τῆς
1607 3412 1956 3484 Ἀναλὴψεως

352 3492 800 3564 φρικωδέστατον
837 3498 1143 3569 μυστήριον
1176 3499 1579 3570 ἀπειργάσατο.
1628 3500 1952 3573 Πρόσεγγυς

354 3583 413 3635 δὲ
457 3581 626 3639 αὐτοῦ
662 3585 912 3640 κάτωθέν
946 3588 1060 3642 ἐστι
1103 3590 1394 3661 σπήλαιον,
1433 3592 1491 3644 ὲν
1525 3584 1569 3659 ᾧ
1612 3592 1743 3656 τοὺς
1772 3592 1947 3663 ἀσκη-

351 3671 540 3734 τικοὺς
580 3670 779 3737 ἄθλους
812 3675 846 3744 ἡ
880 3676 1014 3745 ἁγία
1043 3676 1266 3747 διήνυσε
1323 3678 1592 3747 Πελαγία,
1629 3679 1716 3749 ἐφ’
1758 3673 1802 3747 ᾧ
1843 3685 1942 3737 καὶ

350 3762 414 3812 τὸ
444 3763 604 3830 ἅγιον
642 3764 813 3834 αὐτῆς
850 3767 1013 3836 σῶμα
1067 3770 1126 3822 ἐν
1179 3770 1414 3842 λάρνακι
1448 3770 1638 3843 λιθίνῳ
1689 3773 1953 3828 κατάκει-

348 3870 466 3907 ται.
494 3854 607 3908 Καὶ
632 3855 830 3912 τούτου
863 3858 1098 3930 πλησίον
1142 3862 1304 3926 ἀλλος
1351 3863 1589 3936 ὑπάρχει
1621 3865 1776 3930 ναὸς,
1812 3866 1950 3921 ἔνθα

348 3942 379 3993 6
404 3942 608 4015 Κύριος
635 3948 750 4010 τοῖς
780 3948 1053 4020 μαθηταῖς
1067 3951 1166 4022 τὴν
1181 3951 1301 4020 τοῦ,
1330 3952 1526 4022 Πάτερ
1551 3953 1745 4024 ἡμῶν,
1782 3973 1952 4028 προσ-

348 4037 518 4106 ευχὴν
553 4040 967 4110 παραδέδωκεν.
1018 4044 1109 4097 Ἐν
1140 4044 1198 4098 δὲ
1232 4044 1313 4116 τῷ
1339 4047 1755 4120 εὖωνυμωτέρῳ
1788 4051 1948 4122 μέρει

351 4130 454 4198 τῆς
482 4131 694 4196 πόλεώς
718 4134 840 4188 ἐστι
868 4138 1240 4209 μοναστήριον
1268 4138 1579 4211 Ῥωμαϊκὸν
1600 4141 1944 4209 ὲπικτισθὲν,

346 4216 424 4284 ὡς
451 4224 480 4276 6
510 4222 668 4293 λόγος
692 4226 827 4298 ἔχει,
864 4230 923 4282 ἑν
943 4232 1057 4293 τοῖς
1086 4230 1361 4302 θεμελίοις
1417 4234 1517 4303 τῆς
1556 4234 1801 4300 παλαιᾶς
1849 4254 1946 4308 μο-

347 4316 448 4384 γῆς
482 4317 581 4386 τῆς
614 4320 771 4391 παρὰ
802 4321 902 4391 τῆς
935 4322 1190 4394 ἀοιδίμου
1219 4323 1480 4395 Μελάνης
1523 4327 1942 4400 ἀνεγερθείσης.

2064 3313 2116 3356 et
2170 3313 2417 3361 sanctum
2463 3306 2609 3363 illus
2658 3322 2857 3379 corpus
2903 3310 2958 3364 in
3017 3326 3148 3365 urna
3184 3325 3349 3366 saxea
3391 3311 3644 3380 quiescit.

2062 3391 2179 3447 Non
2223 3393 2383 3466 longe
2437 3396 2592 3452 abest
2655 3398 2914 3468 templum
2956 3399 3122 3467 aliud,
3169 3400 3225 3455 in
3252 3415 3360 3472 quo
3390 3401 3648 3459 Dominus

2060 3487 2359 3556 discipulis,
2406 3487 2681 3546 Orationis
2747 3489 3044 3549 Dominicaa
3102 3495 3264 3549 verba
3318 3495 3561 3551 tradidit.
3588 3492 3647 3550 In

2059 3577 2276 3632 SitiSll'a
2330 3581 2478 3638 urbis
2500 3591 2675 3653 parte,
2731 3584 3048 3642 Latinorum
3097 3597 3183 3643 est
3238 3589 3645 3653 monasterium,

2057 3680 2391 3727 cmructum
2455 3688 2619 3744 super
2674 3676 3034 3735 fundamentis
3064 3681 3265 3736 veteris
3307 3680 3643 3744 monasterii,

2059 3778 2087 3815 a
2127 3762 2266 3818 fama
2318 3766 2518 3821 celebri
2555 3766 2809 3837 Melania,
2869 3780 2925 3824 ut
2958 3771 3065 3826 t‘ert
3107 3772 3349 3839 traditio,
3370 3772 3642 3829 aediﬁcati.

2053 3853 2195 3911 Ante
2256 3856 2401 3914 hunc
2449 3871 2686 3917 montem
2738 3875 2860 3931 post
2887 3864 3187 3934 civitatem,
3241 3876 3302 3921 ut
3341 3865 3645 3922 Samariam

2054 3951 2297 4020 respicit,
2331 3957 2725 4012 monasterium
2754 3962 3016 4032 assurgit,
3087 3962 3141 4016 in
3174 3965 3340 4031 quod,
3370 3973 3493 4034 post
3517 3977 3647 4016 sau-

2051 4053 2199 4098 ctum
2276 4057 2739 4120 protomartyrem
2807 4051 3143 4125 Stephanum
3203 4054 3537 4124 lapidatum,
3588 4066 3646 4110 et

2050 4135 2172 4191 loco
2202 4136 2315 4207 jam
2352 4138 2499 4195 dicto
2530 4141 2851 4211 repositum,
2895 4156 3301 4202 sacrosanctum
3341 4146 3486 4202 illius
3519 4161 3646 4201 cor-

2051 4242 2149 4297 pus
2183 4243 2213 4282 a
2244 4227 2541 4286 Gamalicle
2569 4242 2841 4302 portatum
2868 4246 2971 4290 est.
3010 4234 3247 4292 Torrens
3272 4237 3644 4295 Gethsemane

2046 4322 2255 4389 exiens,
2308 4325 2373 4378 ad
2404 4324 2576 4380 sancti
2635 4326 2792 4382 Saliae
2847 4328 3054 4384 lauram
3113 4333 3379 4401 pervenit,
3428 4341 3484 4388 et
3522 4331 3642 4389 loca

346 4406 607 4479 Ἀντικρῦ
632 4411 688 4464 δὲ
726 4409 821 4466 τοῦ
852 4412 1100 4468 τοιούτου
1124 4413 1288 4485 όρους
1321 4417 1421 4487 τῆς
1449 4416 1682 4483 πόλεως,
1712 4419 1944 4474 ὄπισθεν

2063 4415 2216 4471 :tubm
2262 4417 2501 4499 deserta,
2556 4434 2676 4489 qua:
2724 4420 2870 4478 circa
2941 4422 3212 4480 Mor-tuum
3273 4424 3637 4481 Sodomorum

351 4497 539 4563 καθὼς
576 4502 685 4556 ἀπὸ
720 4504 1042 4577 Σαμαρείας
1068 4508 1204 4578 ἔχει,
1233 4505 1351 4560 ἔστι
1385 4509 1778 4581 μοναστήριον,
1811 4512 1869 4564 ἐν
1895 4505 1941 4581 ᾧ

2067 4527 2198 4568 nare
2223 4497 2597 4570 etlunduutur.

349 4591 495 4657 μετά
523 4593 585 4646 τὸ
625 4594 968 4667 λιθασθῆναι
1001 4598 1094 4652 τὸν
1145 4599 1305 4668 ἅγιον
1334 4604 1787 4683 πρωτομάρτυρα
1815 4604 2112 4677 Στέφανον,
2145 4605 2240 4659 καὶ
2274 4605 2497 4677 τεθῆναι
2561 4606 2694 4663 ἔνθα
2753 4610 3102 4681 προέφημεν,
3161 4612 3268 4668 ὑπὸ
3323 4612 3420 4667 τοῦ
3450 4613 3637 4683 Γαμας

343 4684 467 4755 λιὴλ
497 4689 761 4760 μετετέθη
795 4690 857 4744 τὸ
888 4692 1033 4761 ἱερὸν
1060 4693 1268 4747 ἐκείνου
1290 4695 1385 4749 καὶ
1424 4694 1586 4764 ἅγιον
1619 4682 1802 4768 σῶμα.
1836 4696 1896 4751 '0
1922 4697 1981 4752 δὲ
2020 4698 2328 4770 χείμαρρος
2373 4699 2482 4753 ἀπὸ
2526 4702 2625 4771 τῆς
2693 4700 2734 4753 Γ
2736 4702 3041 4773 εθσιμανῆς
3071 4705 3388 4775 ἐρχόμενος,
3424 4705 3641 4779 διέρχε-

341 4795 437 4831 ται
474 4780 641 4851 μέχρι
672 4782 771 4853 τῆς
795 4782 1002 4854 λαύρας
1038 4785 1134 4840 τοῦ
1164 4786 1322 4855 ἁγίου
1366 4787 1540 4853 Σάϐα,
1612 4790 1707 4844 καὶ
1745 4789 1847 4862 τῆς
1899 4789 1995 4845 τοῦ
2048 4789 2247 4844 Ῥουϐά
2290 4791 2526 4862 ἐρήμου,
2560 4791 2684 4863 ἥτις
2735 4793 2867 4865 περὶ
2909 4794 3009 4866 τὴν
3043 4794 3263 4866 Νεκράν
3294 4797 3412 4851 ἐστὶ
3440 4796 3642 4869 θάλασ-

344 4890 450 4927 σαν
474 4873 587 4927 τῶν
621 4876 899 4949 Σοδόμων.

415 4969 517 5034 ις’.
572 4972 752 5038 Εὐθὺς
790 4971 884 5030 οὖν
918 4977 1031 5031 ἀπὸ
1076 4980 1177 5050 τῆς
1222 4980 1574 5054 Γεθσιμανῆς
1599 4982 1734 5037 ὡσεὶ
1785 4984 1941 5050 τόξου

2129 4984 2218 5039 16.
2270 4983 2463 5064 Statim
2521 4984 2705 5056 itaque
2742 5000 2772 5040 a
2811 4986 3199 5054 Gethsemane,
3248 4988 3396 5058 jactu
3426 4991 3641 5059 sagittae

346 5062 513 5151 βολήν
584 5065 789 5120 ἄποθεν
877 5067 1097 5125 ἵσταται
1129 5074 1200 5135 I6
1256 5072 1551 5146 λεγόμενος
1600 5076 1946 5148 Κούκουμος,

2063 5094 2157 5135 non
2210 5062 2445 5148 longius,
2478 5078 2571 5150 qui
2610 5078 2887 5138 Cucumus
2917 5082 3141 5151 dicitur,
3188 5082 3640 5139 sustollituraadi-

340 5147 553 5218 κτίσμα
591 5153 685 5206 ἐπὶ
722 5154 901 5229 πέτρᾳ
932 5157 1034 5228 μὲν
1068 5162 1312 5232 σχήματι
1339 5164 1561 5220 κτισθὲν
1590 5147 1944 5240 τετραγώνῳ,

2063 5172 2227 5226 icium
2274 5147 2439 5239 super
2477 5186 2634 5239 saxo,
2662 5166 2927 5243 quadrata
2973 5184 3262 5241 structum,
3299 5184 3357 5229 ut
3394 5175 3634 5240 videtur,

340 5242 403 5292 ἐν
453 5239 603 5310 ὕψει,
637 5244 714 5307 ῶς
776 5243 960 5319 οἶμαι,
1006 5251 1251 5321 δοράτων
1279 5254 1377 5308 δύο
1409 5256 1943 5330 ὑπερανιστάμενον,

2063 5263 2260 5334 igura;
2296 5262 2575 5317 hastarum
2626 5264 2881 5333 duarum,
2913 5274 2973 5321 ut
3002 5266 3143 5336 ipse"
3174 5266 3447 5333 existimo,
3508 5264 3635 5322 alti-

340 5334 442 5430 καὶ
463 5337 545 5430 εἰς
820 5345 1131 5430 πυραμίδρς
1184 5348 1250 5402 ἐκ
1281 5349 1391 5402 τῶν
1442 5351 1593 5405 κάτω
1626 5353 1791 5425 μέχρι
1846 5357 1944 5409 καὶ

2069 5357 2248 5418 udiue,
2306 5363 2362 5409 et
2413 5353 2482 5408 ab
2528 5356 2652 5413 imis
2701 5358 2947 5427 partibus
3006 5334 3074 5413 ad
3122 5372 3351 5414 acumen
3376 5359 3549 5430 ipsum
3577 5359 3631 5416 in

337 5418 554 5474 ἀνωθεν
580 5422 930 5496 όξυνόμενον,
963 5429 1020 5483 ὲν
1128 5432 1223 5485 καὶ
1268 5434 1504 5506 μοναχὺς
1556 5418 1934 5507 Ἰϐηρνέαυτὸν

2063 5447 2343 5521 tyrannidis
2395 5445 2628 5504 formam
2681 5457 2975 5508 tenuatur:
3033 5450 3087 5505 in
3147 5463 3256 5520 quo
3328 5452 3632 5509 monachus

337 5511 652 5579 ἐγκλείσας,
696 5517 797 5588 τῆς
828 5520 1040 5585 οἰκείας
1071 5526 1347 5596 σωτηρίας
1378 5527 1744 5599 ἐπιμελεῖται.
1778 5530 1933 5586 Μετά

2067 5511 2225 5596 herus
2246 5555 2439 5613 sponte
2467 5544 2731 5608 inclusus,
2756 5542 2807 5596 in
2836 5540 3031 5597 salutis
3056 5555 3170 5596 sum
3201 5555 3388 5597 curam
3414 5542 3626 5597 incum-

333 5602 516 5658 ταῦτα
541 5607 659 5660 ἐστὶ
688 5609 860 5679 μέγας
886 5613 1066 5685 ὄχθος,
1102 5618 1185 5680 είς
1214 5617 1275 5671 δν
1300 5619 1541 5690 τεχνητά
1570 5620 1809 5693 διάφορα
1837 5641 1933 5693 γε-

2063 5629 2136 5684 iit.
2189 5602 2449 5702 Sequitur
2494 5633 2691 5690 deinde
2717 5602 3054 5703 praegrandis
3103 5646 3287 5702 rupes,
3316 5632 3371 5687 in
3403 5634 3518 5704 [qua
3547 5634 3632 5690 di-

335 5695 533 5763 γόνασι
563 5701 830 5770 σπήλαια,
862 5704 899 5759 ὃ.
928 5706 1037 5761 τῶν
1064 5709 1364 5780 Παρθένων
1393 5716 1926 5786 προσαγορεύονται,

2063 5739 2206 5778 'ersa:
2250 5727 2543 5795 speluncae,
2585 5724 2867 5797 Virginum
2897 5726 3119 5782 nomine
3163 5739 3509 5798 nuncupata,
3538 5729 3625 5783 in-

334 5788 417 5853 είς
446 5787 484 5844 ἆ
515 5794 867 5850 κατοικοῦσιν
896 5799 1070 5869 ὀλίγοι
1112 5802 1217 5872 μὲν
1256 5804 1553 5876 όρθόδοξοι,
1590 5807 1840 5873 πλείονες
1869 5810 1927 5864 δὲ

2063 5815 2246 5869 lustrio
2295 5816 2525 5873 artiticio
2574 5827 2850 5873 excavata:
2910 5825 3198 5872 suntzeas
3249 5817 3497 5872 habitant
3558 5833 3626 5873 ex

333 5882 618 5956 ’Δρμένιοι
656 5889 753 5944 καὶ
796 5889 1118 5949 ἰακωεῖται
1168 5899 1416 5971 μοναχοί.
1454 5895 1588 5955 Εἶτα
1634 5900 1696 5956 τὸ
1735 5902 1926 5975 χάσμα

2063 5904 2355 5965 ιτιιιοιιοκίε
2409 5908 2602 5978 pauci,
2662 5908 2757 5966 sed
2805 5907 3010 5979 majore
3044 5908 3199 5982 ecpia
3243 5908 3488 5968 Armenii
3509 5923 3626 5966 mo-
