  <div class='ocr_page' id='page_1' title='image "/cluster/home/n/w/nwhite01/storage/ocr_20150623/133/coo.31924054870385/481.png"; bbox 0 0 4042 6400; ppageno 0'>
   <div class='ocr_carea' id='block_1_1' title="bbox 436 395 538 458">
    <p class='ocr_par' dir='ltr' id='par_1_1' title="bbox 436 395 538 458">
     <span class='ocr_line' id='line_1_1' title="bbox 436 395 538 458; baseline 0.02 -2"><span class='ocrx_word' id='word_1_1' title='bbox 436 395 538 458; x_wconf 69' lang='lat'><strong>947</strong></span> 
     </span>
    </p>
   </div>
   <div class='ocr_carea' id='block_1_2' title="bbox 1705 402 2361 468">
    <p class='ocr_par' dir='ltr' id='par_1_2' title="bbox 1705 402 2361 468">
     <span class='ocr_line' id='line_1_2' title="bbox 1705 402 2361 468; baseline 0.006 -4"><span class='ocrx_word' id='word_1_2' title='bbox 1705 402 2028 465; x_wconf 83' lang='lat' dir='ltr'><strong>JOANNIS</strong></span> <span class='ocrx_word' id='word_1_3' title='bbox 2099 408 2361 468; x_wconf 65' lang='lat' dir='ltr'><strong>PIIOCAE</strong></span> 
     </span>
    </p>
   </div>
   <div class='ocr_carea' id='block_1_3' title="bbox 3583 404 3691 469">
    <p class='ocr_par' dir='ltr' id='par_1_3' title="bbox 3583 404 3691 469">
     <span class='ocr_line' id='line_1_3' title="bbox 3583 404 3691 469; baseline 0 -1"><span class='ocrx_word' id='word_1_4' title='bbox 3583 404 3691 469; x_wconf 68' lang='grc'><strong>948</strong></span> 
     </span>
    </p>
   </div>
   <div class='ocr_carea' id='block_1_4' title="bbox 428 496 2010 593">
    <p class='ocr_par' dir='ltr' id='par_1_4' title="bbox 428 506 2010 585">
     <span class='ocr_line' id='line_1_4' title="bbox 428 506 2010 585; baseline 0.003 -21"><span class='ocrx_word' id='word_1_5' title='bbox 428 508 591 564; x_wconf 85' lang='lat' dir='ltr'><strong>nachi</strong></span> <span class='ocrx_word' id='word_1_6' title='bbox 619 506 973 581; x_wconf 71' lang='lat' dir='ltr'><strong>etJacobitaz.</strong></span> <span class='ocrx_word' id='word_1_7' title='bbox 1000 508 1349 565; x_wconf 80' lang='lat' dir='ltr'><strong>Postmodnm</strong></span> <span class='ocrx_word' id='word_1_8' title='bbox 1395 510 1593 577; x_wconf 81' lang='lat' dir='ltr'><strong>hiatus,</strong></span> <span class='ocrx_word' id='word_1_9' title='bbox 1627 513 1717 569; x_wconf 87' lang='lat' dir='ltr'><strong>ubi</strong></span> <span class='ocrx_word' id='word_1_10' title='bbox 1746 515 2010 585; x_wconf 83' lang='lat' dir='ltr'><strong>laeryma-</strong></span> 
     </span>
    </p>
   </div>
   <div class='ocr_carea' id='block_1_5' title="bbox 2116 496 3690 593">
    <p class='ocr_par' dir='ltr' id='par_1_5' title="bbox 2116 496 3690 593">
     <span class='ocr_line' id='line_1_5' title="bbox 2116 496 3690 593; baseline 0.001 -20"><span class='ocrx_word' id='word_1_11' title='bbox 2116 520 2295 574; x_wconf 79' lang='grc' dir='ltr'>ἐκεῖνο</span> <span class='ocrx_word' id='word_1_12' title='bbox 2333 519 2639 588; x_wconf 85' lang='grc' dir='ltr'>εὐρύνεται,</span> <span class='ocrx_word' id='word_1_13' title='bbox 2669 520 2793 575; x_wconf 83' lang='grc' dir='ltr'>καθ’</span> <span class='ocrx_word' id='word_1_14' title='bbox 2821 496 2880 575; x_wconf 81' lang='grc' dir='ltr'><strong>ὃν</strong></span> <span class='ocrx_word' id='word_1_15' title='bbox 2909 521 3125 593; x_wconf 85' lang='grc' dir='ltr'>τόπονὴ</span> <span class='ocrx_word' id='word_1_16' title='bbox 3152 517 3355 582; x_wconf 88' lang='grc' dir='ltr'>Κοιλὰς</span> <span class='ocrx_word' id='word_1_17' title='bbox 3382 518 3474 572; x_wconf 81' lang='grc' dir='ltr'>τοῦ</span> <span class='ocrx_word' id='word_1_18' title='bbox 3506 518 3690 574; x_wconf 70' lang='grc' dir='ltr'>Κλαυ-</span> 
     </span>
    </p>
   </div>
   <div class='ocr_carea' id='block_1_6' title="bbox 431 600 2002 675">
    <p class='ocr_par' dir='ltr' id='par_1_6' title="bbox 431 600 2002 675">
     <span class='ocr_line' id='line_1_6' title="bbox 431 600 2002 675; baseline 0.004 -22"><span class='ocrx_word' id='word_1_19' title='bbox 431 615 547 653; x_wconf 86' lang='lat' dir='ltr'><strong>rum</strong></span> <span class='ocrx_word' id='word_1_20' title='bbox 614 600 767 655; x_wconf 82' lang='lat' dir='ltr'><strong>vallis</strong></span> <span class='ocrx_word' id='word_1_21' title='bbox 814 602 1137 668; x_wconf 86' lang='lat' dir='ltr'><strong>refunditur,</strong></span> <span class='ocrx_word' id='word_1_22' title='bbox 1191 602 1480 668; x_wconf 82' lang='lat' dir='ltr'><strong>dilatatur;</strong></span> <span class='ocrx_word' id='word_1_23' title='bbox 1552 603 1802 673; x_wconf 89' lang='lat' dir='ltr'><strong>ultraque</strong></span> <span class='ocrx_word' id='word_1_24' title='bbox 1830 607 2002 675; x_wconf 87' lang='lat' dir='ltr'><strong>ipsam</strong></span> 
     </span>
    </p>
   </div>
   <div class='ocr_carea' id='block_1_7' title="bbox 428 691 2005 764">
    <p class='ocr_par' dir='ltr' id='par_1_7' title="bbox 428 691 2005 764">
     <span class='ocr_line' id='line_1_7' title="bbox 428 691 2005 764; baseline 0.005 -20"><span class='ocrx_word' id='word_1_25' title='bbox 428 706 554 762; x_wconf 79' lang='lat' dir='ltr'><strong>ager</strong></span> <span class='ocrx_word' id='word_1_26' title='bbox 612 691 776 760; x_wconf 81' lang='lat' dir='ltr'><strong>ﬁguli,</strong></span> <span class='ocrx_word' id='word_1_27' title='bbox 840 694 932 760; x_wconf 91' lang='lat' dir='ltr'><strong>qui</strong></span> <span class='ocrx_word' id='word_1_28' title='bbox 995 694 1168 759; x_wconf 86' lang='lat' dir='ltr'><strong>pretio</strong></span> <span class='ocrx_word' id='word_1_29' title='bbox 1207 693 1490 748; x_wconf 87' lang='lat' dir='ltr'><strong>Dominico</strong></span> <span class='ocrx_word' id='word_1_30' title='bbox 1547 694 1614 749; x_wconf 87' lang='lat' dir='ltr'><strong>ad</strong></span> <span class='ocrx_word' id='word_1_31' title='bbox 1668 695 2005 764; x_wconf 82' lang='lat' dir='ltr'><strong>sepeliendos</strong></span> 
     </span>
    </p>
   </div>
   <div class='ocr_carea' id='block_1_8' title="bbox 429 766 2002 857">
    <p class='ocr_par' dir='ltr' id='par_1_8' title="bbox 429 766 2002 857">
     <span class='ocr_line' id='line_1_8' title="bbox 429 766 2002 857; baseline 0.002 -18"><span class='ocrx_word' id='word_1_32' title='bbox 429 783 743 853; x_wconf 75' lang='lat' dir='ltr'><strong>peregrinos</strong></span> <span class='ocrx_word' id='word_1_33' title='bbox 788 785 1091 840; x_wconf 84' lang='lat' dir='ltr'><strong>conducms</strong></span> <span class='ocrx_word' id='word_1_34' title='bbox 1136 766 1242 840; x_wconf 42' lang='lat' dir='ltr'><strong>est;</strong></span> <span class='ocrx_word' id='word_1_35' title='bbox 1295 785 1495 854; x_wconf 73' lang='lat' dir='ltr'><strong>Agrum</strong></span> <span class='ocrx_word' id='word_1_36' title='bbox 1531 787 1730 857; x_wconf 81' lang='lat' dir='ltr'><strong>excipit</strong></span> <span class='ocrx_word' id='word_1_37' title='bbox 1779 788 2002 843; x_wconf 88' lang='lat' dir='ltr'><strong>Siloami</strong></span> 
     </span>
    </p>
   </div>
   <div class='ocr_carea' id='block_1_9' title="bbox 431 878 2006 946">
    <p class='ocr_par' dir='ltr' id='par_1_9' title="bbox 431 878 2006 946">
     <span class='ocr_line' id='line_1_9' title="bbox 431 878 2006 946; baseline 0.005 -17"><span class='ocrx_word' id='word_1_38' title='bbox 431 879 655 945; x_wconf 88' lang='lat' dir='ltr'><strong>piscina,</strong></span> <span class='ocrx_word' id='word_1_39' title='bbox 698 878 874 932; x_wconf 92' lang='lat' dir='ltr'><strong>enatis</strong></span> <span class='ocrx_word' id='word_1_40' title='bbox 925 878 1024 933; x_wconf 87' lang='lat' dir='ltr'><strong>abs</strong></span> <span class='ocrx_word' id='word_1_41' title='bbox 1073 893 1130 932; x_wconf 88' lang='lat' dir='ltr'><strong>se</strong></span> <span class='ocrx_word' id='word_1_42' title='bbox 1160 878 1315 946; x_wconf 84' lang='lat' dir='ltr'><strong>aquis</strong></span> <span class='ocrx_word' id='word_1_43' title='bbox 1380 888 1544 932; x_wconf 89' lang='lat' dir='ltr'><strong>totam</strong></span> <span class='ocrx_word' id='word_1_44' title='bbox 1566 878 1713 935; x_wconf 87' lang='lat' dir='ltr'><strong>illam</strong></span> <span class='ocrx_word' id='word_1_45' title='bbox 1761 881 2006 937; x_wconf 86' lang='lat' dir='ltr'><strong>siccitate</strong></span> 
     </span>
    </p>
   </div>
   <div class='ocr_carea' id='block_1_10' title="bbox 428 967 2006 1039">
    <p class='ocr_par' dir='ltr' id='par_1_10' title="bbox 428 967 2006 1039">
     <span class='ocr_line' id='line_1_10' title="bbox 428 967 2006 1039; baseline 0.003 -17"><span class='ocrx_word' id='word_1_46' title='bbox 428 967 704 1023; x_wconf 80' lang='lat' dir='ltr'><strong>horridam</strong></span> <span class='ocrx_word' id='word_1_47' title='bbox 733 971 1006 1037; x_wconf 83' lang='lat' dir='ltr'><strong>regionem</strong></span> <span class='ocrx_word' id='word_1_48' title='bbox 1040 973 1301 1022; x_wconf 88' lang='lat' dir='ltr'><strong>irrorans.</strong></span> <span class='ocrx_word' id='word_1_49' title='bbox 1360 968 1489 1023; x_wconf 87' lang='lat' dir='ltr'><strong>Inde</strong></span> <span class='ocrx_word' id='word_1_50' title='bbox 1523 978 1576 1024; x_wconf 83' lang='lat' dir='ltr'><strong>et</strong></span> <span class='ocrx_word' id='word_1_51' title='bbox 1610 981 1758 1038; x_wconf 88' lang='lat' dir='ltr'><strong>prata</strong></span> <span class='ocrx_word' id='word_1_52' title='bbox 1802 971 2006 1039; x_wconf 90' lang='lat' dir='ltr'><strong>aliquot</strong></span> 
     </span>
    </p>
   </div>
   <div class='ocr_carea' id='block_1_11' title="bbox 430 1060 2007 1128">
    <p class='ocr_par' dir='ltr' id='par_1_11' title="bbox 430 1060 2007 1128">
     <span class='ocr_line' id='line_1_11' title="bbox 430 1060 2007 1128; baseline 0.003 -16"><span class='ocrx_word' id='word_1_53' title='bbox 430 1072 600 1128; x_wconf 89' lang='lat' dir='ltr'><strong>pauca</strong></span> <span class='ocrx_word' id='word_1_54' title='bbox 652 1070 705 1115; x_wconf 89' lang='lat' dir='ltr'><strong>et</strong></span> <span class='ocrx_word' id='word_1_55' title='bbox 748 1061 977 1124; x_wconf 67' lang='lat' dir='ltr'><strong>modica,</strong></span> <span class='ocrx_word' id='word_1_56' title='bbox 1037 1061 1088 1113; x_wconf 91' lang='lat' dir='ltr'><strong>in</strong></span> <span class='ocrx_word' id='word_1_57' title='bbox 1149 1060 1304 1114; x_wconf 86' lang='lat' dir='ltr'><strong>vallis</strong></span> <span class='ocrx_word' id='word_1_58' title='bbox 1365 1060 1668 1121; x_wconf 86' lang='lat' dir='ltr'><strong>latitudine.</strong></span> <span class='ocrx_word' id='word_1_59' title='bbox 1724 1061 2007 1117; x_wconf 75' lang='lat' dir='ltr'><strong>arboribtrs</strong></span> 
     </span>
    </p>
   </div>
   <div class='ocr_carea' id='block_1_12' title="bbox 431 1149 2007 1222">
    <p class='ocr_par' dir='ltr' id='par_1_12' title="bbox 431 1149 2007 1222">
     <span class='ocr_line' id='line_1_12' title="bbox 431 1149 2007 1222; baseline 0.001 -19"><span class='ocrx_word' id='word_1_60' title='bbox 431 1150 684 1212; x_wconf 67' lang='lat' dir='ltr'><strong>consitae,</strong></span> <span class='ocrx_word' id='word_1_61' title='bbox 740 1150 1168 1217; x_wconf 87' lang='lat' dir='ltr'><strong>conspiciuntur.</strong></span> <span class='ocrx_word' id='word_1_62' title='bbox 1214 1149 1357 1205; x_wconf 90' lang='lat' dir='ltr'><strong>Fons</strong></span> <span class='ocrx_word' id='word_1_63' title='bbox 1399 1152 1695 1207; x_wconf 81' lang='lat' dir='ltr'><strong>fornicibus</strong></span> <span class='ocrx_word' id='word_1_64' title='bbox 1736 1161 1791 1206; x_wconf 91' lang='lat' dir='ltr'><strong>ct</strong></span> <span class='ocrx_word' id='word_1_65' title='bbox 1817 1152 2007 1222; x_wconf 83' lang='lat' dir='ltr'><strong>spissis</strong></span> 
     </span>
    </p>
   </div>
   <div class='ocr_carea' id='block_1_13' title="bbox 429 1238 2009 1309">
    <p class='ocr_par' dir='ltr' id='par_1_13' title="bbox 429 1238 2009 1309">
     <span class='ocr_line' id='line_1_13' title="bbox 429 1238 2009 1309; baseline 0.002 -16"><span class='ocrx_word' id='word_1_66' title='bbox 429 1238 698 1294; x_wconf 83' lang='lat' dir='ltr'><strong>columnis</strong></span> <span class='ocrx_word' id='word_1_67' title='bbox 730 1239 1054 1309; x_wconf 78' lang='lat' dir='ltr'><strong>obvallatnr,</strong></span> <span class='ocrx_word' id='word_1_68' title='bbox 1079 1249 1133 1295; x_wconf 88' lang='lat' dir='ltr'><strong>et</strong></span> <span class='ocrx_word' id='word_1_69' title='bbox 1161 1249 1496 1296; x_wconf 74' lang='lat' dir='ltr'><strong>venustatem</strong></span> <span class='ocrx_word' id='word_1_70' title='bbox 1534 1242 1779 1308; x_wconf 90' lang='lat' dir='ltr'><strong>obtinet;</strong></span> <span class='ocrx_word' id='word_1_71' title='bbox 1825 1251 1878 1296; x_wconf 87' lang='lat' dir='ltr'><strong>et</strong></span> <span class='ocrx_word' id='word_1_72' title='bbox 1906 1241 2009 1305; x_wconf 80' lang='lat' dir='ltr'><strong>hoc</strong></span> 
     </span>
    </p>
   </div>
   <div class='ocr_carea' id='block_1_14' title="bbox 433 1330 2006 1396">
    <p class='ocr_par' dir='ltr' id='par_1_14' title="bbox 433 1330 2006 1396">
     <span class='ocr_line' id='line_1_14' title="bbox 433 1330 2006 1396; baseline 0.003 -13"><span class='ocrx_word' id='word_1_73' title='bbox 433 1330 592 1385; x_wconf 89' lang='lat' dir='ltr'><strong>modo</strong></span> <span class='ocrx_word' id='word_1_74' title='bbox 634 1330 788 1385; x_wconf 78' lang='lat' dir='ltr'><strong>vallis</strong></span> <span class='ocrx_word' id='word_1_75' title='bbox 846 1332 911 1385; x_wconf 87' lang='lat' dir='ltr'><strong>ad</strong></span> <span class='ocrx_word' id='word_1_76' title='bbox 946 1333 1119 1387; x_wconf 83' lang='lat' dir='ltr'><strong>sancti</strong></span> <span class='ocrx_word' id='word_1_77' title='bbox 1166 1332 1320 1388; x_wconf 69' lang='lat' dir='ltr'><strong>Salm</strong></span> <span class='ocrx_word' id='word_1_78' title='bbox 1367 1334 1593 1396; x_wconf 82' lang='lat' dir='ltr'><strong>lauram,</strong></span> <span class='ocrx_word' id='word_1_79' title='bbox 1643 1343 1701 1387; x_wconf 92' lang='lat' dir='ltr'><strong>ut</strong></span> <span class='ocrx_word' id='word_1_80' title='bbox 1749 1333 2006 1396; x_wconf 79' lang='lat' dir='ltr'><strong>diximus,</strong></span> 
     </span>
    </p>
   </div>
   <div class='ocr_carea' id='block_1_15' title="bbox 432 1421 2006 1492">
    <p class='ocr_par' dir='ltr' id='par_1_15' title="bbox 432 1421 2006 1492">
     <span class='ocr_line' id='line_1_15' title="bbox 432 1421 2006 1492; baseline 0.001 -19"><span class='ocrx_word' id='word_1_81' title='bbox 432 1421 679 1475; x_wconf 81' lang='lat' dir='ltr'><strong>undecim</strong></span> <span class='ocrx_word' id='word_1_82' title='bbox 710 1436 968 1492; x_wconf 86' lang='lat' dir='ltr'><strong>passuum</strong></span> <span class='ocrx_word' id='word_1_83' title='bbox 1002 1423 1235 1478; x_wconf 87' lang='lat' dir='ltr'><strong>millibus</strong></span> <span class='ocrx_word' id='word_1_84' title='bbox 1259 1425 1497 1478; x_wconf 81' lang='lat' dir='ltr'><strong>excurrit</strong></span> <span class='ocrx_word' id='word_1_85' title='bbox 1525 1440 1539 1477; x_wconf 91' lang='lat'><strong>:</strong></span> <span class='ocrx_word' id='word_1_86' title='bbox 1571 1423 1661 1479; x_wconf 88' lang='lat' dir='ltr'><strong>ubi</strong></span> <span class='ocrx_word' id='word_1_87' title='bbox 1692 1440 1821 1478; x_wconf 86' lang='lat' dir='ltr'><strong>vero</strong></span> <span class='ocrx_word' id='word_1_88' title='bbox 1858 1424 2006 1479; x_wconf 81' lang='lat' dir='ltr'><strong>laura</strong></span> 
     </span>
    </p>
   </div>
   <div class='ocr_carea' id='block_1_16' title="bbox 433 1514 2008 1586">
    <p class='ocr_par' dir='ltr' id='par_1_16' title="bbox 433 1514 2008 1586">
     <span class='ocr_line' id='line_1_16' title="bbox 433 1514 2008 1586; baseline 0.002 -20"><span class='ocrx_word' id='word_1_89' title='bbox 433 1521 488 1566; x_wconf 83' lang='lat' dir='ltr'><strong>et</strong></span> <span class='ocrx_word' id='word_1_90' title='bbox 542 1515 798 1582; x_wconf 82' lang='lat' dir='ltr'><strong>templum</strong></span> <span class='ocrx_word' id='word_1_91' title='bbox 843 1522 895 1567; x_wconf 84' lang='lat' dir='ltr'><strong>et</strong></span> <span class='ocrx_word' id='word_1_92' title='bbox 955 1514 1258 1585; x_wconf 89' lang='lat' dir='ltr'><strong>sepulcrum</strong></span> <span class='ocrx_word' id='word_1_93' title='bbox 1317 1516 1485 1570; x_wconf 83' lang='lat' dir='ltr'><strong>sancti</strong></span> <span class='ocrx_word' id='word_1_94' title='bbox 1545 1525 1862 1586; x_wconf 81' lang='lat' dir='ltr'><strong>speetantnr</strong></span> <span class='ocrx_word' id='word_1_95' title='bbox 1898 1556 1913 1579; x_wconf 89' lang='lat'><strong>,</strong></span> <span class='ocrx_word' id='word_1_96' title='bbox 1954 1517 2008 1569; x_wconf 94' lang='lat' dir='ltr'><strong>in</strong></span> 
     </span>
    </p>
   </div>
   <div class='ocr_carea' id='block_1_17' title="bbox 434 1605 2010 1678">
    <p class='ocr_par' dir='ltr' id='par_1_17' title="bbox 434 1605 2010 1678">
     <span class='ocr_line' id='line_1_17' title="bbox 434 1605 2010 1678; baseline 0.004 -23"><span class='ocrx_word' id='word_1_97' title='bbox 434 1605 727 1672; x_wconf 74' lang='lat' dir='ltr'><strong>ampliort&#39;s</strong></span> <span class='ocrx_word' id='word_1_98' title='bbox 751 1605 1190 1677; x_wconf 74' lang='lat' dir='ltr'><strong>lter-ridioresque</strong></span> <span class='ocrx_word' id='word_1_99' title='bbox 1250 1609 1535 1678; x_wconf 72' lang='lat' dir='ltr'><strong>voragines</strong></span> <span class='ocrx_word' id='word_1_100' title='bbox 1565 1605 1733 1662; x_wconf 79' lang='lat' dir='ltr'><strong>vastis</strong></span> <span class='ocrx_word' id='word_1_101' title='bbox 1770 1606 2010 1661; x_wconf 80' lang='lat' dir='ltr'><strong>faucibus</strong></span> 
     </span>
    </p>
   </div>
   <div class='ocr_carea' id='block_1_18' title="bbox 429 1696 2010 1771">
    <p class='ocr_par' dir='ltr' id='par_1_18' title="bbox 429 1696 2010 1771">
     <span class='ocr_line' id='line_1_18' title="bbox 429 1696 2010 1771; baseline 0.003 -23"><span class='ocrx_word' id='word_1_102' title='bbox 429 1696 748 1767; x_wconf 81' lang='lat' dir='ltr'><strong>prolatatur.</strong></span> <span class='ocrx_word' id='word_1_103' title='bbox 816 1699 954 1753; x_wconf 82' lang='lat' dir='ltr'><strong>Ante</strong></span> <span class='ocrx_word' id='word_1_104' title='bbox 998 1699 1225 1765; x_wconf 89' lang='lat' dir='ltr'><strong>lauram,</strong></span> <span class='ocrx_word' id='word_1_105' title='bbox 1289 1700 1339 1755; x_wconf 90' lang='lat' dir='ltr'><strong>in</strong></span> <span class='ocrx_word' id='word_1_106' title='bbox 1425 1702 1673 1771; x_wconf 85' lang='lat' dir='ltr'><strong>utrisque</strong></span> <span class='ocrx_word' id='word_1_107' title='bbox 1754 1699 2010 1769; x_wconf 74' lang='lat' dir='ltr'><strong>praerupti</strong></span> 
     </span>
    </p>
   </div>
   <div class='ocr_carea' id='block_1_19' title="bbox 434 1790 2008 1861">
    <p class='ocr_par' dir='ltr' id='par_1_19' title="bbox 434 1790 2008 1861">
     <span class='ocr_line' id='line_1_19' title="bbox 434 1790 2008 1861; baseline 0.001 -18"><span class='ocrx_word' id='word_1_108' title='bbox 434 1790 632 1845; x_wconf 87' lang='lat' dir='ltr'><strong>montis</strong></span> <span class='ocrx_word' id='word_1_109' title='bbox 686 1790 838 1861; x_wconf 90' lang='lat' dir='ltr'><strong>ripis,</strong></span> <span class='ocrx_word' id='word_1_110' title='bbox 883 1790 1152 1858; x_wconf 72' lang='lat' dir='ltr'><strong>speluncae</strong></span> <span class='ocrx_word' id='word_1_111' title='bbox 1200 1804 1254 1847; x_wconf 87' lang='lat' dir='ltr'><strong>et</strong></span> <span class='ocrx_word' id='word_1_112' title='bbox 1285 1794 1493 1861; x_wconf 53' lang='lat' dir='ltr'><strong>pusilla</strong></span> <span class='ocrx_word' id='word_1_113' title='bbox 1524 1804 1699 1847; x_wconf 88' lang='lat' dir='ltr'><strong>turres</strong></span> <span class='ocrx_word' id='word_1_114' title='bbox 1732 1793 2008 1858; x_wconf 80' lang='lat' dir='ltr'><strong>visuntur;</strong></span> 
     </span>
    </p>
   </div>
   <div class='ocr_carea' id='block_1_20' title="bbox 2108 608 3671 682">
    <p class='ocr_par' dir='ltr' id='par_1_20' title="bbox 2108 608 3671 682">
     <span class='ocr_line' id='line_1_20' title="bbox 2108 608 3671 682; baseline 0.001 -21"><span class='ocrx_word' id='word_1_115' title='bbox 2108 609 2323 678; x_wconf 86' lang='grc' dir='ltr'>θμῶνός</span> <span class='ocrx_word' id='word_1_116' title='bbox 2360 612 2496 663; x_wconf 78' lang='grc' dir='ltr'>ἐστι.</span> <span class='ocrx_word' id='word_1_117' title='bbox 2540 610 2649 664; x_wconf 75' lang='grc' dir='ltr'>Καὶ</span> <span class='ocrx_word' id='word_1_118' title='bbox 2690 611 2928 682; x_wconf 77' lang='grc' dir='ltr'>πέραθεν</span> <span class='ocrx_word' id='word_1_119' title='bbox 2955 611 3161 682; x_wconf 78' lang='grc' dir='ltr'><strong>ταύτης</strong></span> <span class='ocrx_word' id='word_1_120' title='bbox 3187 612 3215 663; x_wconf 99' lang='lat'><strong>6</strong></span> <span class='ocrx_word' id='word_1_121' title='bbox 3243 609 3414 681; x_wconf 81' lang='grc' dir='ltr'>ἀγρὸς</span> <span class='ocrx_word' id='word_1_122' title='bbox 3458 608 3552 662; x_wconf 74' lang='grc' dir='ltr'><strong>τοῦ</strong></span> <span class='ocrx_word' id='word_1_123' title='bbox 3591 611 3671 663; x_wconf 84' lang='grc' dir='ltr'>Κε</span> 
     </span>
    </p>
   </div>
   <div class='ocr_carea' id='block_1_21' title="bbox 2112 700 3690 773">
    <p class='ocr_par' dir='ltr' id='par_1_21' title="bbox 2112 700 3690 773">
     <span class='ocr_line' id='line_1_21' title="bbox 2112 700 3690 773; baseline 0.001 -19"><span class='ocrx_word' id='word_1_124' title='bbox 2112 700 2361 770; x_wconf 85' lang='grc' dir='ltr'>ραμέως,</span> <span class='ocrx_word' id='word_1_125' title='bbox 2411 704 2439 755; x_wconf 91' lang='grc' dir='ltr'><strong>ὁ</strong></span> <span class='ocrx_word' id='word_1_126' title='bbox 2488 703 2571 766; x_wconf 84' lang='grc' dir='ltr'>εἰς</span> <span class='ocrx_word' id='word_1_127' title='bbox 2600 702 2780 772; x_wconf 82' lang='grc' dir='ltr'>ταφὴν</span> <span class='ocrx_word' id='word_1_128' title='bbox 2810 702 2920 755; x_wconf 85' lang='grc' dir='ltr'><strong>τῶν</strong></span> <span class='ocrx_word' id='word_1_129' title='bbox 2948 702 3116 769; x_wconf 79' lang='grc' dir='ltr'>ξένων</span> <span class='ocrx_word' id='word_1_130' title='bbox 3147 701 3444 773; x_wconf 74' lang='grc' dir='ltr'>ὲξωνηθεὶς</span> <span class='ocrx_word' id='word_1_131' title='bbox 3476 700 3565 755; x_wconf 83' lang='grc' dir='ltr'><strong>διὰ</strong></span> <span class='ocrx_word' id='word_1_132' title='bbox 3592 701 3690 755; x_wconf 81' lang='grc' dir='ltr'>τοῦ</span> 
     </span>
    </p>
   </div>
   <div class='ocr_carea' id='block_1_22' title="bbox 2108 792 3692 864">
    <p class='ocr_par' dir='ltr' id='par_1_22' title="bbox 2108 792 3692 864">
     <span class='ocr_line' id='line_1_22' title="bbox 2108 792 3692 864; baseline -0.001 -18"><span class='ocrx_word' id='word_1_133' title='bbox 2108 793 2389 864; x_wconf 80' lang='grc' dir='ltr'>Κυριακοῦ</span> <span class='ocrx_word' id='word_1_134' title='bbox 2446 795 2775 864; x_wconf 82' lang='grc' dir='ltr'>τιμήματος.</span> <span class='ocrx_word' id='word_1_135' title='bbox 2829 793 2986 849; x_wconf 86' lang='grc' dir='ltr'>Μετὰ</span> <span class='ocrx_word' id='word_1_136' title='bbox 3033 794 3205 848; x_wconf 82' lang='grc' dir='ltr'>ταῦτα</span> <span class='ocrx_word' id='word_1_137' title='bbox 3253 794 3287 863; x_wconf 84' lang='grc' dir='ltr'>ἡ</span> <span class='ocrx_word' id='word_1_138' title='bbox 3325 792 3421 846; x_wconf 76' lang='grc' dir='ltr'>τοῦ</span> <span class='ocrx_word' id='word_1_139' title='bbox 3465 792 3692 862; x_wconf 79' lang='grc' dir='ltr'>Σιλωὰμ</span> 
     </span>
    </p>
   </div>
   <div class='ocr_carea' id='block_1_23' title="bbox 2107 882 3691 954">
    <p class='ocr_par' dir='ltr' id='par_1_23' title="bbox 2107 882 3691 954">
     <span class='ocr_line' id='line_1_23' title="bbox 2107 882 3691 954; baseline 0.001 -20"><span class='ocrx_word' id='word_1_140' title='bbox 2107 882 2488 954; x_wconf 80' lang='grc' dir='ltr'>κολυμϐήθρα,</span> <span class='ocrx_word' id='word_1_141' title='bbox 2520 887 2635 947; x_wconf 84' lang='grc' dir='ltr'>τοῖς</span> <span class='ocrx_word' id='word_1_142' title='bbox 2677 885 2735 949; x_wconf 76' lang='grc' dir='ltr'>ἐξ</span> <span class='ocrx_word' id='word_1_143' title='bbox 2765 885 2938 953; x_wconf 75' lang='grc' dir='ltr'>αὐτῆς</span> <span class='ocrx_word' id='word_1_144' title='bbox 2971 886 3179 954; x_wconf 77' lang='grc' dir='ltr'>νάμασι</span> <span class='ocrx_word' id='word_1_145' title='bbox 3227 883 3321 937; x_wconf 69' lang='grc' dir='ltr'>τὸν</span> <span class='ocrx_word' id='word_1_146' title='bbox 3383 884 3691 953; x_wconf 78' lang='grc' dir='ltr'>κατάξηρον</span> 
     </span>
    </p>
   </div>
   <div class='ocr_carea' id='block_1_24' title="bbox 2109 974 3690 1049">
    <p class='ocr_par' dir='ltr' id='par_1_24' title="bbox 2109 974 3690 1049">
     <span class='ocr_line' id='line_1_24' title="bbox 2109 974 3690 1049; baseline -0.002 -20"><span class='ocrx_word' id='word_1_147' title='bbox 2109 979 2319 1031; x_wconf 80' lang='grc' dir='ltr'>ἐκεῖνον</span> <span class='ocrx_word' id='word_1_148' title='bbox 2354 979 2615 1048; x_wconf 81' lang='grc' dir='ltr'>κατάρδει</span> <span class='ocrx_word' id='word_1_149' title='bbox 2669 979 2870 1049; x_wconf 82' lang='grc' dir='ltr'>χῶρον.</span> <span class='ocrx_word' id='word_1_150' title='bbox 2924 976 3242 1032; x_wconf 72' lang='grc' dir='ltr'>Κάντεῦθεν</span> <span class='ocrx_word' id='word_1_151' title='bbox 3274 976 3371 1029; x_wconf 74' lang='grc' dir='ltr'>καὶ</span> <span class='ocrx_word' id='word_1_152' title='bbox 3420 974 3690 1045; x_wconf 74' lang='grc' dir='ltr'>λειμῶνες</span> 
     </span>
    </p>
   </div>
   <div class='ocr_carea' id='block_1_25' title="bbox 2112 1066 3691 1141">
    <p class='ocr_par' dir='ltr' id='par_1_25' title="bbox 2112 1066 3691 1141">
     <span class='ocr_line' id='line_1_25' title="bbox 2112 1066 3691 1141; baseline 0.013 -23"><span class='ocrx_word' id='word_1_153' title='bbox 2112 1068 2322 1141; x_wconf 79' lang='grc' dir='ltr'>μέτριοι</span> <span class='ocrx_word' id='word_1_154' title='bbox 2375 1070 2502 1138; x_wconf 68' lang='grc' dir='ltr'>περὶ</span> <span class='ocrx_word' id='word_1_155' title='bbox 2534 1069 2594 1122; x_wconf 79' lang='grc' dir='ltr'>τὺ</span> <span class='ocrx_word' id='word_1_156' title='bbox 2649 1070 2849 1132; x_wconf 79' lang='grc' dir='ltr'>πλάτος</span> <span class='ocrx_word' id='word_1_157' title='bbox 2895 1069 2996 1138; x_wconf 78' lang='grc' dir='ltr'>τῆς</span> <span class='ocrx_word' id='word_1_158' title='bbox 3027 1068 3271 1131; x_wconf 81' lang='grc' dir='ltr'>κοιλάδος</span> <span class='ocrx_word' id='word_1_159' title='bbox 3304 1066 3538 1138; x_wconf 77' lang='grc' dir='ltr'>ὁρῶνται</span> <span class='ocrx_word' id='word_1_160' title='bbox 3588 1082 3691 1118; x_wconf 82' lang='grc' dir='ltr'><strong>κα⁶</strong></span> 
     </span>
    </p>
   </div>
   <div class='ocr_carea' id='block_1_26' title="bbox 2107 1154 3693 1233">
    <p class='ocr_par' dir='ltr' id='par_1_26' title="bbox 2107 1154 3693 1233">
     <span class='ocr_line' id='line_1_26' title="bbox 2107 1154 3693 1233; baseline -0.002 -22"><span class='ocrx_word' id='word_1_161' title='bbox 2107 1160 2406 1232; x_wconf 82' lang='grc' dir='ltr'>τάδενδροι.</span> <span class='ocrx_word' id='word_1_162' title='bbox 2475 1162 2538 1214; x_wconf 82' lang='grc' dir='ltr'><em>Ἦ</em></span> <span class='ocrx_word' id='word_1_163' title='bbox 2607 1160 2794 1232; x_wconf 79' lang='grc' dir='ltr'>μέντοι</span> <span class='ocrx_word' id='word_1_164' title='bbox 2870 1154 3055 1233; x_wconf 68' lang='grc' dir='ltr'>πηγη</span> <span class='ocrx_word' id='word_1_165' title='bbox 3094 1160 3198 1213; x_wconf 69' lang='grc' dir='ltr'><strong>ὐπδ</strong></span> <span class='ocrx_word' id='word_1_166' title='bbox 3255 1157 3526 1229; x_wconf 80' lang='grc' dir='ltr'>καμαρῶν</span> <span class='ocrx_word' id='word_1_167' title='bbox 3597 1157 3693 1209; x_wconf 72' lang='grc' dir='ltr'>καὶ</span> 
     </span>
    </p>
   </div>
   <div class='ocr_carea' id='block_1_27' title="bbox 2110 1248 3692 1320">
    <p class='ocr_par' dir='ltr' id='par_1_27' title="bbox 2110 1248 3692 1320">
     <span class='ocr_line' id='line_1_27' title="bbox 2110 1248 3692 1320; baseline 0 -18"><span class='ocrx_word' id='word_1_168' title='bbox 2110 1249 2307 1303; x_wconf 73' lang='grc' dir='ltr'>κιόνων</span> <span class='ocrx_word' id='word_1_169' title='bbox 2376 1250 2586 1320; x_wconf 78' lang='grc' dir='ltr'><strong>συχνῶν</strong></span> <span class='ocrx_word' id='word_1_170' title='bbox 2644 1249 3135 1320; x_wconf 81' lang='grc' dir='ltr'>περιθριγγοῦται,</span> <span class='ocrx_word' id='word_1_171' title='bbox 3208 1251 3303 1301; x_wconf 82' lang='grc' dir='ltr'>καὶ</span> <span class='ocrx_word' id='word_1_172' title='bbox 3372 1248 3692 1318; x_wconf 74' lang='grc' dir='ltr'>ὡραῖζεται.</span> 
     </span>
    </p>
   </div>
   <div class='ocr_carea' id='block_1_28' title="bbox 2110 1338 3693 1412">
    <p class='ocr_par' dir='ltr' id='par_1_28' title="bbox 2110 1338 3693 1412">
     <span class='ocr_line' id='line_1_28' title="bbox 2110 1338 3693 1412; baseline 0.003 -18"><span class='ocrx_word' id='word_1_173' title='bbox 2110 1342 2221 1394; x_wconf 76' lang='grc' dir='ltr'>Καὶ</span> <span class='ocrx_word' id='word_1_174' title='bbox 2279 1340 2455 1403; x_wconf 76' lang='grc' dir='ltr'>οὕτως</span> <span class='ocrx_word' id='word_1_175' title='bbox 2524 1340 2827 1412; x_wconf 80' lang='grc' dir='ltr'>ἀπέρχεται</span> <span class='ocrx_word' id='word_1_176' title='bbox 2888 1343 2920 1407; x_wconf 86' lang='grc' dir='ltr'><strong>ή</strong></span> <span class='ocrx_word' id='word_1_177' title='bbox 2955 1341 3157 1404; x_wconf 68' lang='grc' dir='ltr'>Κοιλὰς</span> <span class='ocrx_word' id='word_1_178' title='bbox 3209 1340 3347 1409; x_wconf 77' lang='grc' dir='ltr'>αὐτη</span> <span class='ocrx_word' id='word_1_179' title='bbox 3386 1340 3552 1409; x_wconf 67' lang='grc' dir='ltr'>μέχρι</span> <span class='ocrx_word' id='word_1_180' title='bbox 3594 1338 3693 1403; x_wconf 75' lang='grc' dir='ltr'>τῆς</span> 
     </span>
    </p>
   </div>
   <div class='ocr_carea' id='block_1_29' title="bbox 2110 1428 3691 1504">
    <p class='ocr_par' dir='ltr' id='par_1_29' title="bbox 2110 1428 3691 1504">
     <span class='ocr_line' id='line_1_29' title="bbox 2110 1428 3691 1504; baseline -0.001 -20"><span class='ocrx_word' id='word_1_181' title='bbox 2110 1433 2314 1504; x_wconf 76' lang='grc' dir='ltr'>λαύρας</span> <span class='ocrx_word' id='word_1_182' title='bbox 2348 1433 2441 1486; x_wconf 78' lang='grc' dir='ltr'>τοῦ</span> <span class='ocrx_word' id='word_1_183' title='bbox 2476 1434 2632 1501; x_wconf 90' lang='grc' dir='ltr'>ἁγίου</span> <span class='ocrx_word' id='word_1_184' title='bbox 2690 1434 2862 1497; x_wconf 73' lang='grc' dir='ltr'>Σάϐα,</span> <span class='ocrx_word' id='word_1_185' title='bbox 2915 1434 2990 1496; x_wconf 82' lang='grc' dir='ltr'>ὡς</span> <span class='ocrx_word' id='word_1_186' title='bbox 3025 1434 3256 1503; x_wconf 80' lang='grc' dir='ltr'>ἔφημεν,</span> <span class='ocrx_word' id='word_1_187' title='bbox 3295 1432 3388 1484; x_wconf 72' lang='grc' dir='ltr'>ἐπὶ</span> <span class='ocrx_word' id='word_1_188' title='bbox 3418 1431 3571 1501; x_wconf 86' lang='grc' dir='ltr'>μίλια</span> <span class='ocrx_word' id='word_1_189' title='bbox 3600 1428 3691 1482; x_wconf 84' lang='grc' dir='ltr'>ια’.</span> 
     </span>
    </p>
   </div>
   <div class='ocr_carea' id='block_1_30' title="bbox 2125 1523 3692 1597">
    <p class='ocr_par' dir='ltr' id='par_1_30' title="bbox 2125 1523 3692 1597">
     <span class='ocr_line' id='line_1_30' title="bbox 2125 1523 3692 1597; baseline -0.005 -17"><span class='ocrx_word' id='word_1_190' title='bbox 2125 1527 2273 1581; x_wconf 81' lang='grc' dir='ltr'>Ἐκεῖ</span> <span class='ocrx_word' id='word_1_191' title='bbox 2302 1527 2395 1580; x_wconf 81' lang='grc' dir='ltr'><strong>οὖν</strong></span> <span class='ocrx_word' id='word_1_192' title='bbox 2429 1525 2721 1597; x_wconf 81' lang='grc' dir='ltr'>εὐρύνεται</span> <span class='ocrx_word' id='word_1_193' title='bbox 2753 1528 2785 1595; x_wconf 86' lang='grc' dir='ltr'>ὴ</span> <span class='ocrx_word' id='word_1_194' title='bbox 2834 1526 3035 1588; x_wconf 76' lang='grc' dir='ltr'>Κοιλὰς</span> <span class='ocrx_word' id='word_1_195' title='bbox 3093 1526 3151 1578; x_wconf 82' lang='grc' dir='ltr'><strong>ὲν</strong></span> <span class='ocrx_word' id='word_1_196' title='bbox 3186 1526 3431 1596; x_wconf 86' lang='grc' dir='ltr'>χάσματι</span> <span class='ocrx_word' id='word_1_197' title='bbox 3468 1523 3692 1592; x_wconf 83' lang='grc' dir='ltr'>μεγάλῳ</span> 
     </span>
    </p>
   </div>
   <div class='ocr_carea' id='block_1_31' title="bbox 2113 1611 3695 1686">
    <p class='ocr_par' dir='ltr' id='par_1_31' title="bbox 2113 1611 3695 1686">
     <span class='ocr_line' id='line_1_31' title="bbox 2113 1611 3695 1686; baseline -0.004 -17"><span class='ocrx_word' id='word_1_198' title='bbox 2113 1618 2206 1669; x_wconf 73' lang='grc' dir='ltr'>καὶ</span> <span class='ocrx_word' id='word_1_199' title='bbox 2229 1613 2523 1686; x_wconf 78' lang='grc' dir='ltr'><strong>αὐχμηρῷ.</strong></span> <span class='ocrx_word' id='word_1_200' title='bbox 2568 1614 2740 1668; x_wconf 83' lang='grc' dir='ltr'>Ἔνθα</span> <span class='ocrx_word' id='word_1_201' title='bbox 2760 1614 2857 1666; x_wconf 69' lang='grc' dir='ltr'>καὶ</span> <span class='ocrx_word' id='word_1_202' title='bbox 2885 1616 2918 1682; x_wconf 84' lang='grc' dir='ltr'>ὴ</span> <span class='ocrx_word' id='word_1_203' title='bbox 2947 1613 3148 1683; x_wconf 86' lang='grc' dir='ltr'>λαύρα,</span> <span class='ocrx_word' id='word_1_204' title='bbox 3186 1614 3283 1666; x_wconf 71' lang='grc' dir='ltr'><strong>καὶ</strong></span> <span class='ocrx_word' id='word_1_205' title='bbox 3307 1613 3334 1665; x_wconf 87' lang='grc' dir='ltr'><strong>ὁ</strong></span> <span class='ocrx_word' id='word_1_206' title='bbox 3370 1611 3517 1676; x_wconf 67' lang='grc' dir='ltr'><strong>ναύς,</strong></span> <span class='ocrx_word' id='word_1_207' title='bbox 3538 1613 3630 1663; x_wconf 81' lang='grc' dir='ltr'>καὶ</span> <span class='ocrx_word' id='word_1_208' title='bbox 3666 1611 3695 1663; x_wconf 92' lang='lat'><strong>6</strong></span> 
     </span>
    </p>
   </div>
   <div class='ocr_carea' id='block_1_32' title="bbox 2110 1702 3692 1778">
    <p class='ocr_par' dir='ltr' id='par_1_32' title="bbox 2110 1702 3692 1778">
     <span class='ocr_line' id='line_1_32' title="bbox 2110 1702 3692 1778; baseline -0.003 -19"><span class='ocrx_word' id='word_1_209' title='bbox 2110 1706 2283 1776; x_wconf 85' lang='grc' dir='ltr'>τάφος</span> <span class='ocrx_word' id='word_1_210' title='bbox 2304 1708 2399 1760; x_wconf 79' lang='grc' dir='ltr'><strong>τοῦ</strong></span> <span class='ocrx_word' id='word_1_211' title='bbox 2434 1708 2589 1775; x_wconf 90' lang='grc' dir='ltr'>ἁγίου</span> <span class='ocrx_word' id='word_1_212' title='bbox 2619 1708 2834 1778; x_wconf 72' lang='grc' dir='ltr'>ὁρᾶται.</span> <span class='ocrx_word' id='word_1_213' title='bbox 2875 1705 2985 1777; x_wconf 75' lang='grc' dir='ltr'>Πρύ</span> <span class='ocrx_word' id='word_1_214' title='bbox 3023 1705 3080 1757; x_wconf 80' lang='grc' dir='ltr'>δὲ</span> <span class='ocrx_word' id='word_1_215' title='bbox 3110 1706 3207 1772; x_wconf 80' lang='grc' dir='ltr'>τῆς</span> <span class='ocrx_word' id='word_1_216' title='bbox 3238 1704 3449 1774; x_wconf 82' lang='grc' dir='ltr'>λαύρας</span> <span class='ocrx_word' id='word_1_217' title='bbox 3481 1705 3560 1764; x_wconf 80' lang='grc' dir='ltr'>εἰς</span> <span class='ocrx_word' id='word_1_218' title='bbox 3592 1702 3692 1763; x_wconf 79' lang='grc' dir='ltr'><strong>τάς</strong></span> 
     </span>
    </p>
   </div>
   <div class='ocr_carea' id='block_1_33' title="bbox 2116 1790 3692 1867">
    <p class='ocr_par' dir='ltr' id='par_1_33' title="bbox 2116 1790 3692 1867">
     <span class='ocr_line' id='line_1_33' title="bbox 2116 1790 3692 1867; baseline -0.004 -18"><span class='ocrx_word' id='word_1_219' title='bbox 2116 1796 2440 1866; x_wconf 78' lang='grc' dir='ltr'>ἀμφοτέρας</span> <span class='ocrx_word' id='word_1_220' title='bbox 2474 1794 2569 1848; x_wconf 74' lang='grc' dir='ltr'>τοῦ</span> <span class='ocrx_word' id='word_1_221' title='bbox 2603 1793 3042 1867; x_wconf 78' lang='grc' dir='ltr'>χαραδρὼματος</span> <span class='ocrx_word' id='word_1_222' title='bbox 3077 1792 3245 1863; x_wconf 78' lang='grc' dir='ltr'>ὄχθας</span> <span class='ocrx_word' id='word_1_223' title='bbox 3280 1791 3389 1845; x_wconf 66' lang='grc' dir='ltr'>εἰσὶ</span> <span class='ocrx_word' id='word_1_224' title='bbox 3426 1790 3692 1860; x_wconf 86' lang='grc' dir='ltr'>σπήλαια,</span> 
     </span>
    </p>
   </div>
   <div class='ocr_carea' id='block_1_34' title="bbox 431 1872 2010 1962">
    <p class='ocr_par' dir='ltr' id='par_1_34' title="bbox 431 1882 2010 1962">
     <span class='ocr_line' id='line_1_34' title="bbox 431 1882 2010 1962; baseline 0.002 -29"><span class='ocrx_word' id='word_1_225' title='bbox 431 1897 546 1944; x_wconf 86' lang='lat' dir='ltr'><strong>eas,</strong></span> <span class='ocrx_word' id='word_1_226' title='bbox 606 1883 697 1952; x_wconf 88' lang='lat' dir='ltr'><strong>qui</strong></span> <span class='ocrx_word' id='word_1_227' title='bbox 750 1883 1007 1962; x_wconf 80' lang='lat' dir='ltr'><strong>mundum</strong></span> <span class='ocrx_word' id='word_1_228' title='bbox 1072 1882 1326 1954; x_wconf 90' lang='lat' dir='ltr'><strong>illiusque</strong></span> <span class='ocrx_word' id='word_1_229' title='bbox 1355 1885 1537 1939; x_wconf 80' lang='lat' dir='ltr'><strong>luxum</strong></span> <span class='ocrx_word' id='word_1_230' title='bbox 1598 1883 2010 1946; x_wconf 80' lang='lat' dir='ltr'><strong>abborrent,ob</strong></span> 
     </span>
    </p>
   </div>
   <div class='ocr_carea' id='block_1_35' title="bbox 2116 1872 3695 1962">
    <p class='ocr_par' dir='ltr' id='par_1_35' title="bbox 2121 1881 3695 1959">
     <span class='ocr_line' id='line_1_35' title="bbox 2121 1881 3695 1959; baseline -0.007 -17"><span class='ocrx_word' id='word_1_231' title='bbox 2121 1888 2597 1959; x_wconf 50' lang='lat' dir='ltr'><strong>xabawpyo&#39;ipa‘tat</strong></span> <span class='ocrx_word' id='word_1_232' title='bbox 2632 1886 2830 1957; x_wconf 70' lang='grc' dir='ltr'>μικρά,</span> <span class='ocrx_word' id='word_1_233' title='bbox 2889 1888 2969 1949; x_wconf 86' lang='grc' dir='ltr'>εἰς</span> <span class='ocrx_word' id='word_1_234' title='bbox 3018 1887 3055 1940; x_wconf 78' lang='grc' dir='ltr'>ἃ</span> <span class='ocrx_word' id='word_1_235' title='bbox 3088 1883 3490 1946; x_wconf 71' lang='grc' dir='ltr'>κατοικοῦντες.</span> <span class='ocrx_word' id='word_1_236' title='bbox 3523 1883 3572 1935; x_wconf 87' lang='lat' dir='ltr'><strong>o!</strong></span> <span class='ocrx_word' id='word_1_237' title='bbox 3602 1881 3695 1932; x_wconf 63' lang='grc' dir='ltr'><strong>τὶν</strong></span> 
     </span>
    </p>
   </div>
   <div class='ocr_carea' id='block_1_36' title="bbox 431 1973 2016 2046">
    <p class='ocr_par' dir='ltr' id='par_1_36' title="bbox 431 1973 2016 2046">
     <span class='ocr_line' id='line_1_36' title="bbox 431 1973 2016 2046; baseline -0.003 -16"><span class='ocrx_word' id='word_1_238' title='bbox 431 1973 555 2031; x_wconf 74' lang='lat' dir='ltr'><strong>omli</strong></span> <span class='ocrx_word' id='word_1_239' title='bbox 592 1987 816 2042; x_wconf 79' lang='lat' dir='ltr'><strong>regnum</strong></span> <span class='ocrx_word' id='word_1_240' title='bbox 886 1973 1211 2038; x_wconf 83' lang='lat' dir='ltr'><strong>inhabitant,</strong></span> <span class='ocrx_word' id='word_1_241' title='bbox 1260 1984 1315 2029; x_wconf 89' lang='lat' dir='ltr'><strong>et</strong></span> <span class='ocrx_word' id='word_1_242' title='bbox 1340 1974 1689 2046; x_wconf 88' lang='lat' dir='ltr'><strong>impatibilcm</strong></span> <span class='ocrx_word' id='word_1_243' title='bbox 1729 1984 1892 2030; x_wconf 83' lang='lat' dir='ltr'><strong>aestus</strong></span> <span class='ocrx_word' id='word_1_244' title='bbox 1928 1990 2016 2026; x_wconf 87' lang='lat' dir='ltr'><strong>ar-</strong></span> 
     </span>
    </p>
   </div>
   <div class='ocr_carea' id='block_1_37' title="bbox 431 2062 2017 2138">
    <p class='ocr_par' dir='ltr' id='par_1_37' title="bbox 431 2062 2017 2138">
     <span class='ocr_line' id='line_1_37' title="bbox 431 2062 2017 2138; baseline 0.001 -21"><span class='ocrx_word' id='word_1_245' title='bbox 431 2065 620 2118; x_wconf 77' lang='lat' dir='ltr'><strong>dorem</strong></span> <span class='ocrx_word' id='word_1_246' title='bbox 668 2064 959 2131; x_wconf 90' lang='lat' dir='ltr'><strong>sustinent,</strong></span> <span class='ocrx_word' id='word_1_247' title='bbox 1002 2062 1241 2131; x_wconf 83' lang='lat' dir='ltr'><strong>flamma,</strong></span> <span class='ocrx_word' id='word_1_248' title='bbox 1280 2081 1400 2138; x_wconf 65' lang='lat' dir='ltr'><strong>qum</strong></span> <span class='ocrx_word' id='word_1_249' title='bbox 1432 2066 1813 2138; x_wconf 78' lang='lat' dir='ltr'><strong>exStinguitur,</strong></span> <span class='ocrx_word' id='word_1_250' title='bbox 1860 2066 2017 2118; x_wconf 85' lang='lat' dir='ltr'><strong>ﬂam-</strong></span> 
     </span>
    </p>
   </div>
   <div class='ocr_carea' id='block_1_38' title="bbox 434 2157 2021 2228">
    <p class='ocr_par' dir='ltr' id='par_1_38' title="bbox 434 2157 2021 2228">
     <span class='ocr_line' id='line_1_38' title="bbox 434 2157 2021 2228; baseline 0.002 -21"><span class='ocrx_word' id='word_1_251' title='bbox 434 2170 601 2219; x_wconf 86' lang='lat' dir='ltr'><strong>mam,</strong></span> <span class='ocrx_word' id='word_1_252' title='bbox 628 2171 748 2225; x_wconf 67' lang='lat' dir='ltr'><strong>quae</strong></span> <span class='ocrx_word' id='word_1_253' title='bbox 785 2157 1055 2228; x_wconf 69' lang='lat' dir='ltr'><strong>exstingui</strong></span> <span class='ocrx_word' id='word_1_254' title='bbox 1076 2159 1281 2228; x_wconf 80' lang='lat' dir='ltr'><strong>nequit,</strong></span> <span class='ocrx_word' id='word_1_255' title='bbox 1306 2159 1733 2227; x_wconf 71' lang='lat' dir='ltr'><strong>eaStingneutes.</strong></span> <span class='ocrx_word' id='word_1_256' title='bbox 1757 2157 1856 2213; x_wconf 87' lang='lat' dir='ltr'><strong>Ubi</strong></span> <span class='ocrx_word' id='word_1_257' title='bbox 1888 2167 2021 2212; x_wconf 87' lang='lat' dir='ltr'><strong>tem-</strong></span> 
     </span>
    </p>
   </div>
   <div class='ocr_carea' id='block_1_39' title="bbox 431 2246 2015 2319">
    <p class='ocr_par' dir='ltr' id='par_1_39' title="bbox 431 2246 2015 2319">
     <span class='ocr_line' id='line_1_39' title="bbox 431 2246 2015 2319; baseline 0.001 -22"><span class='ocrx_word' id='word_1_258' title='bbox 431 2246 604 2312; x_wconf 87' lang='lat' dir='ltr'><strong>plum,</strong></span> <span class='ocrx_word' id='word_1_259' title='bbox 630 2257 683 2303; x_wconf 89' lang='lat' dir='ltr'><strong>ct</strong></span> <span class='ocrx_word' id='word_1_260' title='bbox 728 2246 927 2303; x_wconf 82' lang='lat' dir='ltr'><strong>Deifcri</strong></span> <span class='ocrx_word' id='word_1_261' title='bbox 968 2251 1141 2304; x_wconf 89' lang='lat' dir='ltr'><strong>sancti</strong></span> <span class='ocrx_word' id='word_1_262' title='bbox 1173 2247 1351 2304; x_wconf 85' lang='lat' dir='ltr'><strong>Patris</strong></span> <span class='ocrx_word' id='word_1_263' title='bbox 1399 2250 1555 2306; x_wconf 62' lang='lat' dir='ltr'><strong>Saba:</strong></span> <span class='ocrx_word' id='word_1_264' title='bbox 1583 2248 1886 2319; x_wconf 88' lang='lat' dir='ltr'><strong>sepulcrum</strong></span> <span class='ocrx_word' id='word_1_265' title='bbox 1913 2259 2015 2310; x_wconf 90' lang='lat' dir='ltr'><strong>est,</strong></span> 
     </span>
    </p>
   </div>
   <div class='ocr_carea' id='block_1_40' title="bbox 431 2339 2019 2413">
    <p class='ocr_par' dir='ltr' id='par_1_40' title="bbox 431 2339 2019 2413">
     <span class='ocr_line' id='line_1_40' title="bbox 431 2339 2019 2413; baseline 0.002 -23"><span class='ocrx_word' id='word_1_266' title='bbox 431 2341 484 2391; x_wconf 92' lang='lat' dir='ltr'><strong>in</strong></span> <span class='ocrx_word' id='word_1_267' title='bbox 522 2350 631 2393; x_wconf 87' lang='lat' dir='ltr'><strong>tres</strong></span> <span class='ocrx_word' id='word_1_268' title='bbox 682 2352 862 2407; x_wconf 88' lang='lat' dir='ltr'><strong>partes</strong></span> <span class='ocrx_word' id='word_1_269' title='bbox 883 2341 1055 2395; x_wconf 83' lang='lat' dir='ltr'><strong>divisa</strong></span> <span class='ocrx_word' id='word_1_270' title='bbox 1109 2343 1386 2408; x_wconf 80' lang='lat' dir='ltr'><strong>convallis,</strong></span> <span class='ocrx_word' id='word_1_271' title='bbox 1439 2343 1493 2397; x_wconf 92' lang='lat' dir='ltr'><strong>in</strong></span> <span class='ocrx_word' id='word_1_272' title='bbox 1533 2357 1778 2413; x_wconf 79' lang='lat' dir='ltr'><strong>magnam</strong></span> <span class='ocrx_word' id='word_1_273' title='bbox 1808 2339 2019 2409; x_wconf 83' lang='lat' dir='ltr'><strong>voragi-</strong></span> 
     </span>
    </p>
   </div>
   <div class='ocr_carea' id='block_1_41' title="bbox 430 2433 2019 2504">
    <p class='ocr_par' dir='ltr' id='par_1_41' title="bbox 430 2433 2019 2504">
     <span class='ocr_line' id='line_1_41' title="bbox 430 2433 2019 2504; baseline 0.003 -20"><span class='ocrx_word' id='word_1_274' title='bbox 430 2448 555 2485; x_wconf 85' lang='lat' dir='ltr'><strong>nem</strong></span> <span class='ocrx_word' id='word_1_275' title='bbox 597 2442 649 2487; x_wconf 88' lang='lat' dir='ltr'><strong>et</strong></span> <span class='ocrx_word' id='word_1_276' title='bbox 676 2433 995 2504; x_wconf 87' lang='lat' dir='ltr'><strong>profundam</strong></span> <span class='ocrx_word' id='word_1_277' title='bbox 1038 2435 1374 2490; x_wconf 79' lang='lat' dir='ltr'><strong>altitudinem</strong></span> <span class='ocrx_word' id='word_1_278' title='bbox 1430 2436 1793 2504; x_wconf 74' lang='lat' dir='ltr'><strong>immergitur.</strong></span> <span class='ocrx_word' id='word_1_279' title='bbox 1851 2433 2019 2503; x_wconf 79' lang='lat' dir='ltr'><strong>Hujus</strong></span> 
     </span>
    </p>
   </div>
   <div class='ocr_carea' id='block_1_42' title="bbox 433 2525 2017 2595">
    <p class='ocr_par' dir='ltr' id='par_1_42' title="bbox 433 2525 2017 2595">
     <span class='ocr_line' id='line_1_42' title="bbox 433 2525 2017 2595; baseline 0.002 -19"><span class='ocrx_word' id='word_1_280' title='bbox 433 2533 676 2578; x_wconf 72' lang='lat' dir='ltr'><strong>extrema</strong></span> <span class='ocrx_word' id='word_1_281' title='bbox 728 2525 1037 2595; x_wconf 75' lang='lat' dir='ltr'><strong>ingentibus</strong></span> <span class='ocrx_word' id='word_1_282' title='bbox 1087 2528 1327 2581; x_wconf 85' lang='lat' dir='ltr'><strong>turribus</strong></span> <span class='ocrx_word' id='word_1_283' title='bbox 1398 2535 1620 2580; x_wconf 48' lang='lat' dir='ltr'><strong>sanctua-</strong></span> <span class='ocrx_word' id='word_1_284' title='bbox 1681 2525 2017 2590; x_wconf 74' lang='lat' dir='ltr'><strong>snli‘ulciens,</strong></span> 
     </span>
    </p>
   </div>
   <div class='ocr_carea' id='block_1_43' title="bbox 434 2612 2017 2683">
    <p class='ocr_par' dir='ltr' id='par_1_43' title="bbox 434 2612 2017 2683">
     <span class='ocr_line' id='line_1_43' title="bbox 434 2612 2017 2683; baseline 0.003 -18"><span class='ocrx_word' id='word_1_285' title='bbox 434 2615 489 2666; x_wconf 90' lang='lat' dir='ltr'><strong>in</strong></span> <span class='ocrx_word' id='word_1_286' title='bbox 556 2612 730 2668; x_wconf 79' lang='lat' dir='ltr'><strong>medio</strong></span> <span class='ocrx_word' id='word_1_287' title='bbox 794 2615 1054 2683; x_wconf 88' lang='lat' dir='ltr'><strong>templum</strong></span> <span class='ocrx_word' id='word_1_288' title='bbox 1122 2616 1316 2681; x_wconf 76' lang='lat' dir='ltr'><strong>erexit,</strong></span> <span class='ocrx_word' id='word_1_289' title='bbox 1375 2625 1430 2669; x_wconf 87' lang='lat' dir='ltr'><strong>et</strong></span> <span class='ocrx_word' id='word_1_290' title='bbox 1490 2615 1863 2670; x_wconf 84' lang='lat' dir='ltr'><strong>recentissima</strong></span> <span class='ocrx_word' id='word_1_291' title='bbox 1930 2616 2017 2669; x_wconf 88' lang='lat' dir='ltr'><strong>illa</strong></span> 
     </span>
    </p>
   </div>
   <div class='ocr_carea' id='block_1_44' title="bbox 429 2705 2019 2775">
    <p class='ocr_par' dir='ltr' id='par_1_44' title="bbox 429 2705 2019 2775">
     <span class='ocr_line' id='line_1_44' title="bbox 429 2705 2019 2775; baseline 0.003 -17"><span class='ocrx_word' id='word_1_292' title='bbox 429 2705 711 2760; x_wconf 80' lang='lat' dir='ltr'><strong>Asceteria</strong></span> <span class='ocrx_word' id='word_1_293' title='bbox 767 2706 823 2760; x_wconf 83' lang='lat' dir='ltr'><strong>in</strong></span> <span class='ocrx_word' id='word_1_294' title='bbox 886 2706 1089 2762; x_wconf 86' lang='lat' dir='ltr'><strong>ambitu</strong></span> <span class='ocrx_word' id='word_1_295' title='bbox 1162 2710 1451 2774; x_wconf 80' lang='lat' dir='ltr'><strong>exstruxit,</strong></span> <span class='ocrx_word' id='word_1_296' title='bbox 1504 2717 1559 2761; x_wconf 92' lang='lat' dir='ltr'><strong>ut</strong></span> <span class='ocrx_word' id='word_1_297' title='bbox 1614 2709 1917 2775; x_wconf 75' lang='lat' dir='ltr'><strong>conscripta</strong></span> <span class='ocrx_word' id='word_1_298' title='bbox 1955 2707 2019 2762; x_wconf 87' lang='lat' dir='ltr'><strong>:le</strong></span> 
     </span>
    </p>
   </div>
   <div class='ocr_carea' id='block_1_45' title="bbox 431 2798 2016 2871">
    <p class='ocr_par' dir='ltr' id='par_1_45' title="bbox 431 2798 2016 2871">
     <span class='ocr_line' id='line_1_45' title="bbox 431 2798 2016 2871; baseline -0.001 -18"><span class='ocrx_word' id='word_1_299' title='bbox 431 2799 753 2855; x_wconf 86' lang='lat' dir='ltr'><strong>admiranda</strong></span> <span class='ocrx_word' id='word_1_300' title='bbox 805 2798 948 2857; x_wconf 88' lang='lat' dir='ltr'><strong>illius</strong></span> <span class='ocrx_word' id='word_1_301' title='bbox 976 2800 1085 2855; x_wconf 76' lang='lat' dir='ltr'><strong>vita</strong></span> <span class='ocrx_word' id='word_1_302' title='bbox 1115 2801 1342 2855; x_wconf 71' lang='lat' dir='ltr'><strong>historia</strong></span> <span class='ocrx_word' id='word_1_303' title='bbox 1375 2801 1559 2854; x_wconf 89' lang='lat' dir='ltr'><strong>tradit.</strong></span> <span class='ocrx_word' id='word_1_304' title='bbox 1589 2799 1874 2871; x_wconf 75' lang='lat' dir='ltr'><strong>Templum</strong></span> <span class='ocrx_word' id='word_1_305' title='bbox 1912 2802 2016 2851; x_wconf 87' lang='lat' dir='ltr'><strong>ita-</strong></span> 
     </span>
    </p>
   </div>
   <div class='ocr_carea' id='block_1_46' title="bbox 430 2889 2015 2961">
    <p class='ocr_par' dir='ltr' id='par_1_46' title="bbox 430 2889 2015 2961">
     <span class='ocr_line' id='line_1_46' title="bbox 430 2889 2015 2961; baseline 0.001 -18"><span class='ocrx_word' id='word_1_306' title='bbox 430 2906 537 2961; x_wconf 72' lang='lat' dir='ltr'><strong>qtre</strong></span> <span class='ocrx_word' id='word_1_307' title='bbox 590 2889 1002 2947; x_wconf 84' lang='lat' dir='ltr'><strong>delectationem</strong></span> <span class='ocrx_word' id='word_1_308' title='bbox 1054 2893 1292 2961; x_wconf 82' lang='lat' dir='ltr'><strong>undique</strong></span> <span class='ocrx_word' id='word_1_309' title='bbox 1340 2891 1613 2955; x_wconf 88' lang='lat' dir='ltr'><strong>conciliat,</strong></span> <span class='ocrx_word' id='word_1_310' title='bbox 1678 2892 2015 2961; x_wconf 71' lang='lat' dir='ltr'><strong>prmgrandc,</strong></span> 
     </span>
    </p>
   </div>
   <div class='ocr_carea' id='block_1_47' title="bbox 432 2982 2018 3053">
    <p class='ocr_par' dir='ltr' id='par_1_47' title="bbox 432 2982 2018 3053">
     <span class='ocr_line' id='line_1_47' title="bbox 432 2982 2018 3053; baseline 0.003 -22"><span class='ocrx_word' id='word_1_311' title='bbox 432 2982 785 3052; x_wconf 69' lang='lat' dir='ltr'><strong>praelougum,</strong></span> <span class='ocrx_word' id='word_1_312' title='bbox 809 2983 1029 3038; x_wconf 88' lang='lat' dir='ltr'><strong>luminis</strong></span> <span class='ocrx_word' id='word_1_313' title='bbox 1061 2983 1276 3053; x_wconf 84' lang='lat' dir='ltr'><strong>plenum</strong></span> <span class='ocrx_word' id='word_1_314' title='bbox 1314 3000 1327 3037; x_wconf 92' lang='lat'><strong>:</strong></span> <span class='ocrx_word' id='word_1_315' title='bbox 1362 2983 1726 3053; x_wconf 80' lang='lat' dir='ltr'><strong>pavimentum</strong></span> <span class='ocrx_word' id='word_1_316' title='bbox 1783 2996 2018 3035; x_wconf 84' lang='lat' dir='ltr'><strong>marmo-</strong></span> 
     </span>
    </p>
   </div>
   <div class='ocr_carea' id='block_1_48' title="bbox 430 3072 2017 3141">
    <p class='ocr_par' dir='ltr' id='par_1_48' title="bbox 430 3072 2017 3141">
     <span class='ocr_line' id='line_1_48' title="bbox 430 3072 2017 3141; baseline 0.001 -15"><span class='ocrx_word' id='word_1_317' title='bbox 430 3073 604 3137; x_wconf 81' lang='lat' dir='ltr'><strong>ribus,</strong></span> <span class='ocrx_word' id='word_1_318' title='bbox 639 3074 834 3129; x_wconf 85' lang='lat' dir='ltr'><strong>vilibus</strong></span> <span class='ocrx_word' id='word_1_319' title='bbox 894 3073 999 3128; x_wconf 88' lang='lat' dir='ltr'><strong>illis</strong></span> <span class='ocrx_word' id='word_1_320' title='bbox 1021 3088 1151 3129; x_wconf 83' lang='lat' dir='ltr'><strong>sane</strong></span> <span class='ocrx_word' id='word_1_321' title='bbox 1176 3087 1226 3129; x_wconf 90' lang='lat' dir='ltr'><strong>et</strong></span> <span class='ocrx_word' id='word_1_322' title='bbox 1252 3089 1315 3128; x_wconf 81' lang='lat' dir='ltr'><strong>cx</strong></span> <span class='ocrx_word' id='word_1_323' title='bbox 1358 3088 1544 3130; x_wconf 84' lang='lat' dir='ltr'><strong>eremo</strong></span> <span class='ocrx_word' id='word_1_324' title='bbox 1571 3074 1834 3141; x_wconf 72' lang='lat' dir='ltr'><strong>advectis,</strong></span> <span class='ocrx_word' id='word_1_325' title='bbox 1867 3072 2017 3127; x_wconf 88' lang='lat' dir='ltr'><strong>varie</strong></span> 
     </span>
    </p>
   </div>
   <div class='ocr_carea' id='block_1_49' title="bbox 2120 1969 3695 2047">
    <p class='ocr_par' dir='ltr' id='par_1_49' title="bbox 2120 1969 3695 2047">
     <span class='ocr_line' id='line_1_49' title="bbox 2120 1969 3695 2047; baseline -0.008 -15"><span class='ocrx_word' id='word_1_326' title='bbox 2120 1980 2326 2047; x_wconf 80' lang='grc' dir='ltr'>κόσμον</span> <span class='ocrx_word' id='word_1_327' title='bbox 2366 1978 2461 2031; x_wconf 84' lang='grc' dir='ltr'><strong>καί</strong></span> <span class='ocrx_word' id='word_1_328' title='bbox 2497 1979 2596 2047; x_wconf 79' lang='grc' dir='ltr'>τὴν</span> <span class='ocrx_word' id='word_1_329' title='bbox 2630 1975 2795 2030; x_wconf 83' lang='grc' dir='ltr'>αὐτοῦ</span> <span class='ocrx_word' id='word_1_330' title='bbox 2827 1976 3037 2046; x_wconf 76' lang='grc' dir='ltr'>τρυφὴν</span> <span class='ocrx_word' id='word_1_331' title='bbox 3069 1973 3453 2043; x_wconf 82' lang='grc' dir='ltr'>βδελυξάμενοι</span> <span class='ocrx_word' id='word_1_332' title='bbox 3482 1970 3571 2023; x_wconf 65' lang='grc' dir='ltr'><strong>διὰ</strong></span> <span class='ocrx_word' id='word_1_333' title='bbox 3597 1969 3695 2036; x_wconf 82' lang='grc' dir='ltr'><strong>τὴν</strong></span> 
     </span>
    </p>
   </div>
   <div class='ocr_carea' id='block_1_50' title="bbox 2120 2056 3698 2140">
    <p class='ocr_par' dir='ltr' id='par_1_50' title="bbox 2120 2056 3698 2140">
     <span class='ocr_line' id='line_1_50' title="bbox 2120 2056 3698 2140; baseline -0.008 -17"><span class='ocrx_word' id='word_1_334' title='bbox 2120 2071 2229 2123; x_wconf 88' lang='grc' dir='ltr'><strong>τῶν</strong></span> <span class='ocrx_word' id='word_1_335' title='bbox 2260 2069 2507 2140; x_wconf 76' lang='grc' dir='ltr'>οὐρανῶν</span> <span class='ocrx_word' id='word_1_336' title='bbox 2531 2067 2833 2137; x_wconf 84' lang='grc' dir='ltr'>βασιλείαν,</span> <span class='ocrx_word' id='word_1_337' title='bbox 2870 2067 2968 2135; x_wconf 77' lang='grc' dir='ltr'>τὴν</span> <span class='ocrx_word' id='word_1_338' title='bbox 3001 2066 3329 2120; x_wconf 78' lang='grc' dir='ltr'>ἀνύποιστον</span> <span class='ocrx_word' id='word_1_339' title='bbox 3354 2062 3570 2129; x_wconf 80' lang='grc' dir='ltr'>ἐκείνην</span> <span class='ocrx_word' id='word_1_340' title='bbox 3595 2056 3698 2112; x_wconf 73' lang='grc' dir='ltr'>τοῦ</span> 
     </span>
    </p>
   </div>
   <div class='ocr_carea' id='block_1_51' title="bbox 2122 2151 3697 2232">
    <p class='ocr_par' dir='ltr' id='par_1_51' title="bbox 2122 2151 3697 2232">
     <span class='ocr_line' id='line_1_51' title="bbox 2122 2151 3697 2232; baseline -0.008 -17"><span class='ocrx_word' id='word_1_341' title='bbox 2122 2162 2402 2230; x_wconf 78' lang='grc' dir='ltr'>καύματος</span> <span class='ocrx_word' id='word_1_342' title='bbox 2437 2161 2773 2232; x_wconf 76' lang='grc' dir='ltr'>ὑπομένουσι</span> <span class='ocrx_word' id='word_1_343' title='bbox 2805 2160 3104 2229; x_wconf 78' lang='grc' dir='ltr'><strong>φλόγωσιν,</strong></span> <span class='ocrx_word' id='word_1_344' title='bbox 3168 2157 3331 2227; x_wconf 72' lang='grc' dir='ltr'>φλογὶ</span> <span class='ocrx_word' id='word_1_345' title='bbox 3385 2151 3697 2209; x_wconf 64' lang='grc' dir='ltr'>κατασϐεν-</span> 
     </span>
    </p>
   </div>
   <div class='ocr_carea' id='block_1_52' title="bbox 2121 2245 3692 2325">
    <p class='ocr_par' dir='ltr' id='par_1_52' title="bbox 2121 2245 3692 2325">
     <span class='ocr_line' id='line_1_52' title="bbox 2121 2245 3692 2325; baseline -0.006 -20"><span class='ocrx_word' id='word_1_346' title='bbox 2121 2254 2339 2315; x_wconf 83' lang='grc' dir='ltr'>νύοντες</span> <span class='ocrx_word' id='word_1_347' title='bbox 2369 2254 2565 2323; x_wconf 76' lang='grc' dir='ltr'>φλόγα,</span> <span class='ocrx_word' id='word_1_348' title='bbox 2603 2254 2689 2307; x_wconf 84' lang='grc' dir='ltr'>διὰ</span> <span class='ocrx_word' id='word_1_349' title='bbox 2729 2255 2830 2325; x_wconf 81' lang='grc' dir='ltr'>τῆς</span> <span class='ocrx_word' id='word_1_350' title='bbox 2864 2251 3233 2321; x_wconf 77' lang='grc' dir='ltr'>σϐεννυμένης</span> <span class='ocrx_word' id='word_1_351' title='bbox 3257 2250 3357 2316; x_wconf 80' lang='grc' dir='ltr'>τὴν</span> <span class='ocrx_word' id='word_1_352' title='bbox 3407 2245 3692 2300; x_wconf 76' lang='grc' dir='ltr'>ἄσϐεστον.</span> 
     </span>
    </p>
   </div>
   <div class='ocr_carea' id='block_1_53' title="bbox 2133 2334 3696 2416">
    <p class='ocr_par' dir='ltr' id='par_1_53' title="bbox 2133 2334 3696 2416">
     <span class='ocr_line' id='line_1_53' title="bbox 2133 2334 3696 2416; baseline -0.006 -20"><span class='ocrx_word' id='word_1_353' title='bbox 2133 2345 2221 2397; x_wconf 86' lang='grc' dir='ltr'>Ἐν</span> <span class='ocrx_word' id='word_1_354' title='bbox 2242 2344 2298 2398; x_wconf 86' lang='grc' dir='ltr'><strong>δὲ</strong></span> <span class='ocrx_word' id='word_1_355' title='bbox 2324 2345 2400 2414; x_wconf 83' lang='grc' dir='ltr'>τῷ</span> <span class='ocrx_word' id='word_1_356' title='bbox 2423 2345 2572 2416; x_wconf 83' lang='grc' dir='ltr'>τόπῳ</span> <span class='ocrx_word' id='word_1_357' title='bbox 2600 2347 2659 2398; x_wconf 84' lang='grc' dir='ltr'><strong>ὲν</strong></span> <span class='ocrx_word' id='word_1_358' title='bbox 2689 2338 2732 2411; x_wconf 80' lang='grc' dir='ltr'>ᾧ</span> <span class='ocrx_word' id='word_1_359' title='bbox 2756 2346 2906 2397; x_wconf 74' lang='grc' dir='ltr'>ἐστιν</span> <span class='ocrx_word' id='word_1_360' title='bbox 2939 2347 2965 2398; x_wconf 91' lang='grc' dir='ltr'><strong>ὁ</strong></span> <span class='ocrx_word' id='word_1_361' title='bbox 3000 2342 3146 2407; x_wconf 66' lang='grc' dir='ltr'>ναὸς,</span> <span class='ocrx_word' id='word_1_362' title='bbox 3184 2341 3279 2394; x_wconf 72' lang='grc' dir='ltr'>καὶ</span> <span class='ocrx_word' id='word_1_363' title='bbox 3316 2342 3343 2393; x_wconf 92' lang='lat'><strong>6</strong></span> <span class='ocrx_word' id='word_1_364' title='bbox 3375 2337 3470 2391; x_wconf 82' lang='grc' dir='ltr'>τοῦ</span> <span class='ocrx_word' id='word_1_365' title='bbox 3503 2334 3696 2403; x_wconf 69' lang='grc' dir='ltr'>θεοφόρ-</span> 
     </span>
    </p>
   </div>
   <div class='ocr_carea' id='block_1_54' title="bbox 2126 2428 3694 2509">
    <p class='ocr_par' dir='ltr' id='par_1_54' title="bbox 2126 2428 3694 2509">
     <span class='ocr_line' id='line_1_54' title="bbox 2126 2428 3694 2509; baseline -0.008 -19"><span class='ocrx_word' id='word_1_366' title='bbox 2126 2454 2218 2506; x_wconf 90' lang='grc' dir='ltr'><strong>ρου</strong></span> <span class='ocrx_word' id='word_1_367' title='bbox 2256 2437 2411 2505; x_wconf 79' lang='grc' dir='ltr'>ἁγίου</span> <span class='ocrx_word' id='word_1_368' title='bbox 2462 2438 2673 2509; x_wconf 66' lang='grc' dir='ltr'>[ἰατρὸς</span> <span class='ocrx_word' id='word_1_369' title='bbox 2705 2437 2854 2491; x_wconf 79' lang='grc' dir='ltr'>Σὰδα</span> <span class='ocrx_word' id='word_1_370' title='bbox 2880 2438 3070 2506; x_wconf 81' lang='grc' dir='ltr'>τάφος,</span> <span class='ocrx_word' id='word_1_371' title='bbox 3100 2434 3265 2505; x_wconf 81' lang='grc' dir='ltr'>τριχῆ</span> <span class='ocrx_word' id='word_1_372' title='bbox 3292 2428 3628 2502; x_wconf 75' lang='grc' dir='ltr'><strong>διαιρεθεῖσα</strong></span> <span class='ocrx_word' id='word_1_373' title='bbox 3662 2429 3694 2495; x_wconf 80' lang='grc' dir='ltr'>ἡ</span> 
     </span>
    </p>
   </div>
   <div class='ocr_carea' id='block_1_55' title="bbox 2123 2514 3699 2597">
    <p class='ocr_par' dir='ltr' id='par_1_55' title="bbox 2123 2514 3699 2597">
     <span class='ocr_line' id='line_1_55' title="bbox 2123 2514 3699 2597; baseline -0.013 -11"><span class='ocrx_word' id='word_1_374' title='bbox 2123 2526 2364 2595; x_wconf 74' lang='grc' dir='ltr'>φάραγξ,</span> <span class='ocrx_word' id='word_1_375' title='bbox 2393 2526 2486 2579; x_wconf 72' lang='grc' dir='ltr'><strong>ἐπὶ</strong></span> <span class='ocrx_word' id='word_1_376' title='bbox 2519 2526 2741 2597; x_wconf 82' lang='grc' dir='ltr'>μεγάλῳ</span> <span class='ocrx_word' id='word_1_377' title='bbox 2770 2526 3062 2596; x_wconf 78' lang='grc' dir='ltr'><strong>βαθύνεται</strong></span> <span class='ocrx_word' id='word_1_378' title='bbox 3097 2524 3362 2594; x_wconf 74' lang='grc' dir='ltr'>χάσματι.</span> <span class='ocrx_word' id='word_1_379' title='bbox 3397 2516 3601 2571; x_wconf 77' lang='grc' dir='ltr'>Τούτου</span> <span class='ocrx_word' id='word_1_380' title='bbox 3630 2514 3699 2567; x_wconf 86' lang='grc' dir='ltr'><strong>τὰ</strong></span> 
     </span>
    </p>
   </div>
   <div class='ocr_carea' id='block_1_56' title="bbox 2122 2609 3696 2689">
    <p class='ocr_par' dir='ltr' id='par_1_56' title="bbox 2122 2609 3696 2689">
     <span class='ocr_line' id='line_1_56' title="bbox 2122 2609 3696 2689; baseline -0.01 -16"><span class='ocrx_word' id='word_1_381' title='bbox 2122 2620 2267 2688; x_wconf 84' lang='grc' dir='ltr'>ἄκρα</span> <span class='ocrx_word' id='word_1_382' title='bbox 2292 2617 2593 2689; x_wconf 80' lang='grc' dir='ltr'><strong>πυργώσας</strong></span> <span class='ocrx_word' id='word_1_383' title='bbox 2620 2619 2648 2670; x_wconf 91' lang='lat'><strong>6</strong></span> <span class='ocrx_word' id='word_1_384' title='bbox 2678 2618 2833 2686; x_wconf 74' lang='grc' dir='ltr'>ἅγιος</span> <span class='ocrx_word' id='word_1_385' title='bbox 2883 2620 2940 2671; x_wconf 77' lang='grc' dir='ltr'>ἐν</span> <span class='ocrx_word' id='word_1_386' title='bbox 2972 2616 3201 2686; x_wconf 85' lang='grc' dir='ltr'>πύργοις</span> <span class='ocrx_word' id='word_1_387' title='bbox 3240 2611 3501 2683; x_wconf 83' lang='grc' dir='ltr'>μεγάλοις</span> <span class='ocrx_word' id='word_1_388' title='bbox 3533 2609 3696 2677; x_wconf 80' lang='grc' dir='ltr'>μέσον</span> 
     </span>
    </p>
   </div>
   <div class='ocr_carea' id='block_1_57' title="bbox 2121 2704 3696 2780">
    <p class='ocr_par' dir='ltr' id='par_1_57' title="bbox 2121 2704 3696 2780">
     <span class='ocr_line' id='line_1_57' title="bbox 2121 2704 3696 2780; baseline -0.01 -13"><span class='ocrx_word' id='word_1_389' title='bbox 2121 2714 2213 2767; x_wconf 72' lang='grc' dir='ltr'>τὸν</span> <span class='ocrx_word' id='word_1_390' title='bbox 2243 2711 2370 2765; x_wconf 80' lang='grc' dir='ltr'>ναὸν</span> <span class='ocrx_word' id='word_1_391' title='bbox 2397 2711 2659 2780; x_wconf 79' lang='grc' dir='ltr'>ἐπήξατο,</span> <span class='ocrx_word' id='word_1_392' title='bbox 2695 2711 2789 2763; x_wconf 74' lang='grc' dir='ltr'><strong>καὶ</strong></span> <span class='ocrx_word' id='word_1_393' title='bbox 2827 2708 2897 2761; x_wconf 83' lang='grc' dir='ltr'><strong>τά</strong></span> <span class='ocrx_word' id='word_1_394' title='bbox 2938 2709 3237 2762; x_wconf 74' lang='grc' dir='ltr'>καινότατα</span> <span class='ocrx_word' id='word_1_395' title='bbox 3292 2707 3474 2758; x_wconf 75' lang='grc' dir='ltr'>ἐκεῖνα</span> <span class='ocrx_word' id='word_1_396' title='bbox 3518 2704 3696 2772; x_wconf 83' lang='grc' dir='ltr'>ἀσκη-</span> 
     </span>
    </p>
   </div>
   <div class='ocr_carea' id='block_1_58' title="bbox 2122 2788 3696 2872">
    <p class='ocr_par' dir='ltr' id='par_1_58' title="bbox 2122 2788 3696 2872">
     <span class='ocr_line' id='line_1_58' title="bbox 2122 2788 3696 2872; baseline -0.01 -18"><span class='ocrx_word' id='word_1_397' title='bbox 2122 2801 2289 2872; x_wconf 83' lang='grc' dir='ltr'>τὴρια</span> <span class='ocrx_word' id='word_1_398' title='bbox 2322 2798 2587 2852; x_wconf 79' lang='grc' dir='ltr'><strong>κυκλόθεν</strong></span> <span class='ocrx_word' id='word_1_399' title='bbox 2612 2798 2932 2867; x_wconf 78' lang='grc' dir='ltr'>εἰργάσατο,</span> <span class='ocrx_word' id='word_1_400' title='bbox 2959 2796 3145 2859; x_wconf 82' lang='grc' dir='ltr'>καθὼς</span> <span class='ocrx_word' id='word_1_401' title='bbox 3181 2798 3214 2865; x_wconf 83' lang='grc' dir='ltr'>ἠ</span> <span class='ocrx_word' id='word_1_402' title='bbox 3249 2792 3344 2846; x_wconf 78' lang='grc' dir='ltr'>τοῦ</span> <span class='ocrx_word' id='word_1_403' title='bbox 3378 2788 3696 2859; x_wconf 72' lang='grc' dir='ltr'>θαυμαστοῦ</span> 
     </span>
    </p>
   </div>
   <div class='ocr_carea' id='block_1_59' title="bbox 2122 2876 3697 2966">
    <p class='ocr_par' dir='ltr' id='par_1_59' title="bbox 2122 2876 3697 2966">
     <span class='ocr_line' id='line_1_59' title="bbox 2122 2876 3697 2966; baseline -0.01 -15"><span class='ocrx_word' id='word_1_404' title='bbox 2122 2897 2288 2951; x_wconf 77' lang='grc' dir='ltr'>αὐτοῦ</span> <span class='ocrx_word' id='word_1_405' title='bbox 2322 2896 2437 2966; x_wconf 81' lang='grc' dir='ltr'>βίον</span> <span class='ocrx_word' id='word_1_406' title='bbox 2490 2893 2849 2965; x_wconf 76' lang='grc' dir='ltr'>διαλαμϐάνει</span> <span class='ocrx_word' id='word_1_407' title='bbox 2888 2876 3100 2963; x_wconf 79' lang='grc' dir='ltr'>γραφή.</span> <span class='ocrx_word' id='word_1_408' title='bbox 3131 2892 3320 2945; x_wconf 86' lang='grc' dir='ltr'>Ἔστιν</span> <span class='ocrx_word' id='word_1_409' title='bbox 3371 2883 3465 2941; x_wconf 74' lang='grc' dir='ltr'>οὖν</span> <span class='ocrx_word' id='word_1_410' title='bbox 3496 2888 3524 2939; x_wconf 92' lang='lat'><strong>6</strong></span> <span class='ocrx_word' id='word_1_411' title='bbox 3573 2885 3697 2945; x_wconf 73' lang='grc' dir='ltr'>ναὸς</span> 
     </span>
    </p>
   </div>
   <div class='ocr_carea' id='block_1_60' title="bbox 2123 2979 3698 3057">
    <p class='ocr_par' dir='ltr' id='par_1_60' title="bbox 2123 2979 3698 3057">
     <span class='ocr_line' id='line_1_60' title="bbox 2123 2979 3698 3057; baseline -0.008 -16"><span class='ocrx_word' id='word_1_412' title='bbox 2123 2991 2303 3057; x_wconf 82' lang='grc' dir='ltr'>πάσης</span> <span class='ocrx_word' id='word_1_413' title='bbox 2347 2987 2636 3052; x_wconf 83' lang='grc' dir='ltr'>ἀνάπλεως</span> <span class='ocrx_word' id='word_1_414' title='bbox 2680 2986 3071 3057; x_wconf 83' lang='grc' dir='ltr'>τερπνότητος,</span> <span class='ocrx_word' id='word_1_415' title='bbox 3107 2983 3435 3053; x_wconf 78' lang='grc' dir='ltr'>πάμμεγας,</span> <span class='ocrx_word' id='word_1_416' title='bbox 3488 2979 3698 3049; x_wconf 82' lang='grc' dir='ltr'>ἐπιμή-</span> 
     </span>
    </p>
   </div>
   <div class='ocr_carea' id='block_1_61' title="bbox 2121 3069 3697 3148">
    <p class='ocr_par' dir='ltr' id='par_1_61' title="bbox 2121 3069 3697 3148">
     <span class='ocr_line' id='line_1_61' title="bbox 2121 3069 3697 3148; baseline -0.008 -18"><span class='ocrx_word' id='word_1_417' title='bbox 2121 3095 2246 3148; x_wconf 75' lang='grc' dir='ltr'>κης,</span> <span class='ocrx_word' id='word_1_418' title='bbox 2274 3076 2490 3147; x_wconf 78' lang='grc' dir='ltr'>πλήρης</span> <span class='ocrx_word' id='word_1_419' title='bbox 2523 3074 2721 3143; x_wconf 79' lang='grc' dir='ltr'>φωτός.</span> <span class='ocrx_word' id='word_1_420' title='bbox 2766 3073 2839 3125; x_wconf 85' lang='grc' dir='ltr'><strong>Τὸ</strong></span> <span class='ocrx_word' id='word_1_421' title='bbox 2868 3073 2923 3125; x_wconf 76' lang='grc' dir='ltr'><strong>δὲ</strong></span> <span class='ocrx_word' id='word_1_422' title='bbox 2966 3071 3196 3124; x_wconf 75' lang='grc' dir='ltr'>δάπεδον</span> <span class='ocrx_word' id='word_1_423' title='bbox 3234 3069 3425 3123; x_wconf 84' lang='grc' dir='ltr'>τούτου</span> <span class='ocrx_word' id='word_1_424' title='bbox 3470 3069 3697 3137; x_wconf 82' lang='grc' dir='ltr'>μαρμα-</span> 
     </span>
    </p>
   </div>
   <div class='ocr_carea' id='block_1_62' title="bbox 432 3158 2010 3259">
    <p class='ocr_par' dir='ltr' id='par_1_62' title="bbox 432 3162 2010 3234">
     <span class='ocr_line' id='line_1_62' title="bbox 432 3162 2010 3234; baseline 0.001 -18"><span class='ocrx_word' id='word_1_425' title='bbox 432 3173 613 3218; x_wconf 77' lang='lat' dir='ltr'><strong>tamen</strong></span> <span class='ocrx_word' id='word_1_426' title='bbox 660 3162 972 3234; x_wconf 76' lang='lat' dir='ltr'><strong>alfabrequc</strong></span> <span class='ocrx_word' id='word_1_427' title='bbox 1022 3164 1335 3231; x_wconf 79' lang='lat' dir='ltr'><strong>elaboratis,</strong></span> <span class='ocrx_word' id='word_1_428' title='bbox 1402 3166 1815 3219; x_wconf 81' lang='lat' dir='ltr'><strong>condecoratnr.</strong></span> <span class='ocrx_word' id='word_1_429' title='bbox 1874 3162 2010 3218; x_wconf 88' lang='lat' dir='ltr'><strong>Ante</strong></span> 
     </span>
    </p>
   </div>
   <div class='ocr_carea' id='block_1_63' title="bbox 2116 3158 3699 3259">
    <p class='ocr_par' dir='ltr' id='par_1_63' title="bbox 2127 3158 3699 3240">
     <span class='ocr_line' id='line_1_63' title="bbox 2127 3158 3699 3240; baseline -0.008 -18"><span class='ocrx_word' id='word_1_430' title='bbox 2127 3186 2239 3240; x_wconf 82' lang='grc' dir='ltr'>ροις</span> <span class='ocrx_word' id='word_1_431' title='bbox 2293 3166 2798 3238; x_wconf 77' lang='grc' dir='ltr'>ἐγκαλλυνὸμενον,</span> <span class='ocrx_word' id='word_1_432' title='bbox 2860 3165 3108 3218; x_wconf 80' lang='grc' dir='ltr'>εὐτελέσι</span> <span class='ocrx_word' id='word_1_433' title='bbox 3159 3162 3280 3233; x_wconf 81' lang='grc' dir='ltr'>μὲν,</span> <span class='ocrx_word' id='word_1_434' title='bbox 3340 3161 3435 3217; x_wconf 70' lang='grc' dir='ltr'><strong>καὶ</strong></span> <span class='ocrx_word' id='word_1_435' title='bbox 3496 3161 3560 3213; x_wconf 80' lang='grc' dir='ltr'>ἐκ</span> <span class='ocrx_word' id='word_1_436' title='bbox 3599 3158 3699 3226; x_wconf 75' lang='grc' dir='ltr'>τῆς</span> 
     </span>
    </p>
   </div>
   <div class='ocr_carea' id='block_1_64' title="bbox 434 3253 2014 3324">
    <p class='ocr_par' dir='ltr' id='par_1_64' title="bbox 434 3253 2014 3324">
     <span class='ocr_line' id='line_1_64' title="bbox 434 3253 2014 3324; baseline -0.001 -16"><span class='ocrx_word' id='word_1_437' title='bbox 434 3253 720 3322; x_wconf 72' lang='lat' dir='ltr'><strong>termlum,</strong></span> <span class='ocrx_word' id='word_1_438' title='bbox 748 3255 946 3310; x_wconf 88' lang='lat' dir='ltr'><strong>atrium</strong></span> <span class='ocrx_word' id='word_1_439' title='bbox 970 3264 1077 3317; x_wconf 88' lang='lat' dir='ltr'><strong>est,</strong></span> <span class='ocrx_word' id='word_1_440' title='bbox 1106 3256 1372 3324; x_wconf 80' lang='lat' dir='ltr'><strong>lapidibus</strong></span> <span class='ocrx_word' id='word_1_441' title='bbox 1397 3264 1670 3321; x_wconf 89' lang='lat' dir='ltr'><strong>stratum;</strong></span> <span class='ocrx_word' id='word_1_442' title='bbox 1707 3264 1759 3311; x_wconf 90' lang='lat' dir='ltr'><strong>et</strong></span> <span class='ocrx_word' id='word_1_443' title='bbox 1793 3256 1845 3310; x_wconf 91' lang='lat' dir='ltr'><strong>in</strong></span> <span class='ocrx_word' id='word_1_444' title='bbox 1870 3254 2014 3308; x_wconf 87' lang='lat' dir='ltr'><strong>illius</strong></span> 
     </span>
    </p>
   </div>
   <div class='ocr_carea' id='block_1_65' title="bbox 435 3346 2013 3417">
    <p class='ocr_par' dir='ltr' id='par_1_65' title="bbox 435 3346 2013 3417">
     <span class='ocr_line' id='line_1_65' title="bbox 435 3346 2013 3417; baseline -0.001 -17"><span class='ocrx_word' id='word_1_445' title='bbox 435 3347 614 3400; x_wconf 75' lang='lat' dir='ltr'><strong>medio</strong></span> <span class='ocrx_word' id='word_1_446' title='bbox 641 3346 821 3416; x_wconf 79' lang='lat' dir='ltr'><strong>magni</strong></span> <span class='ocrx_word' id='word_1_447' title='bbox 854 3346 1033 3402; x_wconf 89' lang='lat' dir='ltr'><strong>Patris</strong></span> <span class='ocrx_word' id='word_1_448' title='bbox 1052 3347 1220 3401; x_wconf 86' lang='lat' dir='ltr'><strong>nostri</strong></span> <span class='ocrx_word' id='word_1_449' title='bbox 1244 3346 1400 3401; x_wconf 75' lang='lat' dir='ltr'><strong>Sabm</strong></span> <span class='ocrx_word' id='word_1_450' title='bbox 1435 3347 1765 3417; x_wconf 88' lang='lat' dir='ltr'><strong>sepulcrum,</strong></span> <span class='ocrx_word' id='word_1_451' title='bbox 1789 3360 1820 3400; x_wconf 90' lang='lat' dir='ltr'><strong>e</strong></span> <span class='ocrx_word' id='word_1_452' title='bbox 1849 3355 2013 3407; x_wconf 88' lang='lat' dir='ltr'><strong>terra,</strong></span> 
     </span>
    </p>
   </div>
   <div class='ocr_carea' id='block_1_66' title="bbox 433 3438 2016 3503">
    <p class='ocr_par' dir='ltr' id='par_1_66' title="bbox 433 3438 2016 3503">
     <span class='ocr_line' id='line_1_66' title="bbox 433 3438 2016 3503; baseline 0.001 -12"><span class='ocrx_word' id='word_1_453' title='bbox 433 3438 659 3503; x_wconf 83' lang='lat' dir='ltr'><strong>palmari</strong></span> <span class='ocrx_word' id='word_1_454' title='bbox 709 3439 1012 3502; x_wconf 84' lang='lat' dir='ltr'><strong>altitudine,</strong></span> <span class='ocrx_word' id='word_1_455' title='bbox 1067 3439 1336 3502; x_wconf 84' lang='lat' dir='ltr'><strong>eminens,</strong></span> <span class='ocrx_word' id='word_1_456' title='bbox 1364 3440 1747 3493; x_wconf 84' lang='lat' dir='ltr'><strong>candidissima</strong></span> <span class='ocrx_word' id='word_1_457' title='bbox 1782 3452 2016 3492; x_wconf 88' lang='lat' dir='ltr'><strong>marmo-</strong></span> 
     </span>
    </p>
   </div>
   <div class='ocr_carea' id='block_1_67' title="bbox 434 3531 2019 3601">
    <p class='ocr_par' dir='ltr' id='par_1_67' title="bbox 434 3531 2019 3601">
     <span class='ocr_line' id='line_1_67' title="bbox 434 3531 2019 3601; baseline 0 -19"><span class='ocrx_word' id='word_1_458' title='bbox 434 3546 524 3585; x_wconf 86' lang='lat' dir='ltr'><strong>rea</strong></span> <span class='ocrx_word' id='word_1_459' title='bbox 580 3531 775 3586; x_wconf 75' lang='lat' dir='ltr'><strong>tabella</strong></span> <span class='ocrx_word' id='word_1_460' title='bbox 838 3539 1083 3601; x_wconf 89' lang='lat' dir='ltr'><strong>opertum</strong></span> <span class='ocrx_word' id='word_1_461' title='bbox 1115 3546 1129 3583; x_wconf 91' lang='lat'>:</span> <span class='ocrx_word' id='word_1_462' title='bbox 1163 3546 1325 3600; x_wconf 85' lang='lat' dir='ltr'><strong>prope</strong></span> <span class='ocrx_word' id='word_1_463' title='bbox 1376 3531 1504 3585; x_wconf 88' lang='lat' dir='ltr'><strong>illud</strong></span> <span class='ocrx_word' id='word_1_464' title='bbox 1554 3531 1889 3600; x_wconf 86' lang='lat' dir='ltr'><strong>circumque,</strong></span> <span class='ocrx_word' id='word_1_465' title='bbox 1919 3542 2019 3584; x_wconf 93' lang='lat' dir='ltr'><strong>nec</strong></span> 
     </span>
    </p>
   </div>
   <div class='ocr_carea' id='block_1_68' title="bbox 435 3622 2013 3691">
    <p class='ocr_par' dir='ltr' id='par_1_68' title="bbox 435 3622 2013 3691">
     <span class='ocr_line' id='line_1_68' title="bbox 435 3622 2013 3691; baseline -0.003 -16"><span class='ocrx_word' id='word_1_466' title='bbox 435 3638 541 3675; x_wconf 87' lang='lat' dir='ltr'><strong>non</strong></span> <span class='ocrx_word' id='word_1_467' title='bbox 596 3623 695 3678; x_wconf 88' lang='lat' dir='ltr'><strong>sub</strong></span> <span class='ocrx_word' id='word_1_468' title='bbox 727 3631 895 3685; x_wconf 81' lang='lat' dir='ltr'><strong>terra,</strong></span> <span class='ocrx_word' id='word_1_469' title='bbox 945 3636 1254 3678; x_wconf 85' lang='lat' dir='ltr'><strong>sanctorum</strong></span> <span class='ocrx_word' id='word_1_470' title='bbox 1290 3622 1533 3687; x_wconf 85' lang='lat' dir='ltr'><strong>Patrum,</strong></span> <span class='ocrx_word' id='word_1_471' title='bbox 1560 3624 1672 3691; x_wconf 89' lang='lat' dir='ltr'><strong>qui,</strong></span> <span class='ocrx_word' id='word_1_472' title='bbox 1721 3622 2013 3678; x_wconf 88' lang='lat' dir='ltr'><strong>solitariam</strong></span> 
     </span>
    </p>
   </div>
   <div class='ocr_carea' id='block_1_69' title="bbox 432 3712 2017 3783">
    <p class='ocr_par' dir='ltr' id='par_1_69' title="bbox 432 3712 2017 3783">
     <span class='ocr_line' id='line_1_69' title="bbox 432 3712 2017 3783; baseline 0.001 -19"><span class='ocrx_word' id='word_1_473' title='bbox 432 3715 598 3766; x_wconf 75' lang='lat' dir='ltr'><strong>vitam</strong></span> <span class='ocrx_word' id='word_1_474' title='bbox 638 3724 879 3783; x_wconf 80' lang='lat' dir='ltr'><strong>agentes,</strong></span> <span class='ocrx_word' id='word_1_475' title='bbox 906 3712 1139 3768; x_wconf 83' lang='lat' dir='ltr'><strong>illustres</strong></span> <span class='ocrx_word' id='word_1_476' title='bbox 1163 3713 1334 3768; x_wconf 79' lang='lat' dir='ltr'><strong>habiti</strong></span> <span class='ocrx_word' id='word_1_477' title='bbox 1360 3723 1508 3777; x_wconf 88' lang='lat' dir='ltr'><strong>sunt,</strong></span> <span class='ocrx_word' id='word_1_478' title='bbox 1557 3728 1772 3783; x_wconf 85' lang='lat' dir='ltr'><strong>unaque</strong></span> <span class='ocrx_word' id='word_1_479' title='bbox 1803 3727 1923 3767; x_wconf 89' lang='lat' dir='ltr'><strong>cum</strong></span> <span class='ocrx_word' id='word_1_480' title='bbox 1953 3712 2017 3766; x_wconf 89' lang='lat' dir='ltr'><strong>iis</strong></span> 
     </span>
    </p>
   </div>
   <div class='ocr_carea' id='block_1_70' title="bbox 434 3802 2014 3872">
    <p class='ocr_par' dir='ltr' id='par_1_70' title="bbox 434 3802 2014 3872">
     <span class='ocr_line' id='line_1_70' title="bbox 434 3802 2014 3872; baseline -0.003 -15"><span class='ocrx_word' id='word_1_481' title='bbox 434 3812 745 3857; x_wconf 76' lang='lat' dir='ltr'><strong>Sanctorum</strong></span> <span class='ocrx_word' id='word_1_482' title='bbox 774 3803 982 3858; x_wconf 83' lang='lat' dir='ltr'><strong>Cosmac</strong></span> <span class='ocrx_word' id='word_1_483' title='bbox 1006 3814 1054 3857; x_wconf 92' lang='lat' dir='ltr'><strong>et</strong></span> <span class='ocrx_word' id='word_1_484' title='bbox 1074 3802 1322 3867; x_wconf 78' lang='lat' dir='ltr'><strong>JOannis,</strong></span> <span class='ocrx_word' id='word_1_485' title='bbox 1345 3804 1688 3872; x_wconf 89' lang='lat' dir='ltr'><strong>antiquorum</strong></span> <span class='ocrx_word' id='word_1_486' title='bbox 1715 3812 2014 3872; x_wconf 81' lang='lat' dir='ltr'><strong>poetarum,</strong></span> 
     </span>
    </p>
   </div>
   <div class='ocr_carea' id='block_1_71' title="bbox 433 3892 2016 3963">
    <p class='ocr_par' dir='ltr' id='par_1_71' title="bbox 433 3892 2016 3963">
     <span class='ocr_line' id='line_1_71' title="bbox 433 3892 2016 3963; baseline -0.001 -16"><span class='ocrx_word' id='word_1_487' title='bbox 433 3894 678 3962; x_wconf 81' lang='lat' dir='ltr'><strong>sepulcra</strong></span> <span class='ocrx_word' id='word_1_488' title='bbox 736 3904 1073 3963; x_wconf 80' lang='lat' dir='ltr'><strong>spectantur.</strong></span> <span class='ocrx_word' id='word_1_489' title='bbox 1096 3892 1152 3947; x_wconf 91' lang='lat' dir='ltr'><strong>lu</strong></span> <span class='ocrx_word' id='word_1_490' title='bbox 1183 3894 1284 3949; x_wconf 73' lang='lat' dir='ltr'><strong>illis</strong></span> <span class='ocrx_word' id='word_1_491' title='bbox 1308 3895 1459 3949; x_wconf 78' lang='lat' dir='ltr'><strong>locis,</strong></span> <span class='ocrx_word' id='word_1_492' title='bbox 1489 3894 1658 3948; x_wconf 82' lang='lat' dir='ltr'><strong>ferme</strong></span> <span class='ocrx_word' id='word_1_493' title='bbox 1678 3894 1743 3946; x_wconf 89' lang='lat' dir='ltr'><strong>ad</strong></span> <span class='ocrx_word' id='word_1_494' title='bbox 1783 3892 2016 3958; x_wconf 86' lang='lat' dir='ltr'><strong>quadra-</strong></span> 
     </span>
    </p>
   </div>
   <div class='ocr_carea' id='block_1_72' title="bbox 431 3986 2014 4057">
    <p class='ocr_par' dir='ltr' id='par_1_72' title="bbox 431 3986 2014 4057">
     <span class='ocr_line' id='line_1_72' title="bbox 431 3986 2014 4057; baseline 0.001 -20"><span class='ocrx_word' id='word_1_495' title='bbox 431 3987 580 4056; x_wconf 77' lang='lat' dir='ltr'><strong>ginta</strong></span> <span class='ocrx_word' id='word_1_496' title='bbox 636 3987 875 4042; x_wconf 84' lang='lat' dir='ltr'><strong>deifcros</strong></span> <span class='ocrx_word' id='word_1_497' title='bbox 926 3987 1091 4052; x_wconf 82' lang='lat' dir='ltr'><strong>viros,</strong></span> <span class='ocrx_word' id='word_1_498' title='bbox 1122 3997 1174 4042; x_wconf 90' lang='lat' dir='ltr'><strong>et</strong></span> <span class='ocrx_word' id='word_1_499' title='bbox 1208 3998 1335 4041; x_wconf 88' lang='lat' dir='ltr'><strong>ante</strong></span> <span class='ocrx_word' id='word_1_500' title='bbox 1394 3987 1531 4042; x_wconf 84' lang='lat' dir='ltr'><strong>alios</strong></span> <span class='ocrx_word' id='word_1_501' title='bbox 1554 3987 1894 4057; x_wconf 77' lang='lat' dir='ltr'><strong>spectabiles.</strong></span> <span class='ocrx_word' id='word_1_502' title='bbox 1932 3986 2014 4039; x_wconf 85' lang='lat' dir='ltr'><strong>in-</strong></span> 
     </span>
    </p>
   </div>
   <div class='ocr_carea' id='block_1_73' title="bbox 431 4076 2013 4150">
    <p class='ocr_par' dir='ltr' id='par_1_73' title="bbox 431 4076 2013 4150">
     <span class='ocr_line' id='line_1_73' title="bbox 431 4076 2013 4150; baseline -0.004 -17"><span class='ocrx_word' id='word_1_503' title='bbox 431 4080 615 4150; x_wconf 68' lang='lat' dir='ltr'><strong>spexi;</strong></span> <span class='ocrx_word' id='word_1_504' title='bbox 678 4080 925 4149; x_wconf 86' lang='lat' dir='ltr'><strong>interque</strong></span> <span class='ocrx_word' id='word_1_505' title='bbox 947 4095 1040 4135; x_wconf 83' lang='lat' dir='ltr'><strong>eos</strong></span> <span class='ocrx_word' id='word_1_506' title='bbox 1071 4080 1408 4147; x_wconf 76' lang='lat' dir='ltr'><strong>potissimum</strong></span> <span class='ocrx_word' id='word_1_507' title='bbox 1444 4093 1561 4143; x_wconf 79' lang='lat' dir='ltr'><strong>sex,</strong></span> <span class='ocrx_word' id='word_1_508' title='bbox 1592 4081 1679 4147; x_wconf 90' lang='lat' dir='ltr'><strong>qui</strong></span> <span class='ocrx_word' id='word_1_509' title='bbox 1704 4092 1800 4145; x_wconf 87' lang='lat' dir='ltr'><strong>pro</strong></span> <span class='ocrx_word' id='word_1_510' title='bbox 1830 4092 1887 4131; x_wconf 87' lang='lat' dir='ltr'><strong>se</strong></span> <span class='ocrx_word' id='word_1_511' title='bbox 1914 4076 2013 4144; x_wconf 68' lang='lat' dir='ltr'><strong>ipsi</strong></span> 
     </span>
    </p>
   </div>
   <div class='ocr_carea' id='block_1_74' title="bbox 432 4166 2012 4239">
    <p class='ocr_par' dir='ltr' id='par_1_74' title="bbox 432 4166 2012 4239">
     <span class='ocr_line' id='line_1_74' title="bbox 432 4166 2012 4239; baseline -0.003 -16"><span class='ocrx_word' id='word_1_512' title='bbox 432 4171 600 4224; x_wconf 77' lang='lat' dir='ltr'><strong>Deum</strong></span> <span class='ocrx_word' id='word_1_513' title='bbox 634 4170 1004 4239; x_wconf 85' lang='lat' dir='ltr'><strong>alloquuntur.</strong></span> <span class='ocrx_word' id='word_1_514' title='bbox 1031 4168 1227 4223; x_wconf 79' lang='lat' dir='ltr'><strong>Eorum</strong></span> <span class='ocrx_word' id='word_1_515' title='bbox 1271 4168 1486 4223; x_wconf 86' lang='lat' dir='ltr'><strong>nomina</strong></span> <span class='ocrx_word' id='word_1_516' title='bbox 1510 4176 1656 4233; x_wconf 88' lang='lat' dir='ltr'><strong>sunt,</strong></span> <span class='ocrx_word' id='word_1_517' title='bbox 1686 4166 2012 4235; x_wconf 82' lang='lat' dir='ltr'><strong>Stephanus,</strong></span> 
     </span>
    </p>
   </div>
   <div class='ocr_carea' id='block_1_75' title="bbox 431 4260 2015 4330">
    <p class='ocr_par' dir='ltr' id='par_1_75' title="bbox 431 4260 2015 4330">
     <span class='ocr_line' id='line_1_75' title="bbox 431 4260 2015 4330; baseline -0.003 -16"><span class='ocrx_word' id='word_1_518' title='bbox 431 4261 770 4326; x_wconf 61' lang='lat' dir='ltr'><strong>Ticodorns,</strong></span> <span class='ocrx_word' id='word_1_519' title='bbox 820 4272 877 4317; x_wconf 89' lang='lat' dir='ltr'><strong>et</strong></span> <span class='ocrx_word' id='word_1_520' title='bbox 930 4260 1156 4325; x_wconf 82' lang='lat' dir='ltr'><strong>Paulus;</strong></span> <span class='ocrx_word' id='word_1_521' title='bbox 1215 4269 1443 4330; x_wconf 83' lang='lat' dir='ltr'><strong>quartus</strong></span> <span class='ocrx_word' id='word_1_522' title='bbox 1513 4276 1579 4313; x_wconf 84' lang='lat' dir='ltr'><strong>ex</strong></span> <span class='ocrx_word' id='word_1_523' title='bbox 1644 4274 1832 4328; x_wconf 80' lang='lat' dir='ltr'><strong>magna</strong></span> <span class='ocrx_word' id='word_1_524' title='bbox 1886 4260 2015 4310; x_wconf 77' lang='lat' dir='ltr'><strong>urbe</strong></span> 
     </span>
    </p>
   </div>
   <div class='ocr_carea' id='block_1_76' title="bbox 432 4348 2013 4420">
    <p class='ocr_par' dir='ltr' id='par_1_76' title="bbox 432 4348 2013 4420">
     <span class='ocr_line' id='line_1_76' title="bbox 432 4348 2013 4420; baseline -0.003 -15"><span class='ocrx_word' id='word_1_525' title='bbox 432 4366 611 4406; x_wconf 71' lang='lat' dir='ltr'><strong>unum</strong></span> <span class='ocrx_word' id='word_1_526' title='bbox 665 4354 865 4417; x_wconf 85' lang='lat' dir='ltr'><strong>habet;</strong></span> <span class='ocrx_word' id='word_1_527' title='bbox 926 4352 1145 4420; x_wconf 89' lang='lat' dir='ltr'><strong>quintus</strong></span> <span class='ocrx_word' id='word_1_528' title='bbox 1174 4362 1286 4405; x_wconf 86' lang='lat' dir='ltr'><strong>erat</strong></span> <span class='ocrx_word' id='word_1_529' title='bbox 1343 4350 1565 4414; x_wconf 86' lang='lat' dir='ltr'><strong>lbcrus;</strong></span> <span class='ocrx_word' id='word_1_530' title='bbox 1605 4360 1809 4411; x_wconf 85' lang='lat' dir='ltr'><strong>sextus,</strong></span> <span class='ocrx_word' id='word_1_531' title='bbox 1841 4349 1931 4416; x_wconf 87' lang='lat' dir='ltr'><strong>qtti</strong></span> <span class='ocrx_word' id='word_1_532' title='bbox 1961 4348 2013 4401; x_wconf 91' lang='lat' dir='ltr'><strong>in</strong></span> 
     </span>
    </p>
   </div>
   <div class='ocr_carea' id='block_1_77' title="bbox 430 4440 2011 4510">
    <p class='ocr_par' dir='ltr' id='par_1_77' title="bbox 430 4440 2011 4510">
     <span class='ocr_line' id='line_1_77' title="bbox 430 4440 2011 4510; baseline -0.003 -14"><span class='ocrx_word' id='word_1_533' title='bbox 430 4443 673 4497; x_wconf 85' lang='lat' dir='ltr'><strong>omnium</strong></span> <span class='ocrx_word' id='word_1_534' title='bbox 729 4456 846 4504; x_wconf 83' lang='lat' dir='ltr'><strong>ore,</strong></span> <span class='ocrx_word' id='word_1_535' title='bbox 898 4441 1038 4509; x_wconf 89' lang='lat' dir='ltr'><strong>quod</strong></span> <span class='ocrx_word' id='word_1_536' title='bbox 1103 4443 1311 4497; x_wconf 86' lang='lat' dir='ltr'><strong>occulta</strong></span> <span class='ocrx_word' id='word_1_537' title='bbox 1359 4440 1670 4510; x_wconf 86' lang='lat' dir='ltr'><strong>perspiciat,</strong></span> <span class='ocrx_word' id='word_1_538' title='bbox 1745 4452 2011 4504; x_wconf 85' lang='lat' dir='ltr'><strong>versatur,</strong></span> 
     </span>
    </p>
   </div>
   <div class='ocr_carea' id='block_1_78' title="bbox 429 4532 898 4602">
    <p class='ocr_par' dir='ltr' id='par_1_78' title="bbox 429 4532 898 4602">
     <span class='ocr_line' id='line_1_78' title="bbox 429 4532 898 4602; baseline -0.004 -16"><span class='ocrx_word' id='word_1_539' title='bbox 429 4532 662 4588; x_wconf 81' lang='lat' dir='ltr'><strong>Joannes</strong></span> <span class='ocrx_word' id='word_1_540' title='bbox 688 4532 898 4602; x_wconf 84' lang='lat' dir='ltr'><strong>Stylila.</strong></span> 
     </span>
    </p>
   </div>
   <div class='ocr_carea' id='block_1_79' title="bbox 504 4732 2005 4804">
    <p class='ocr_par' dir='ltr' id='par_1_79' title="bbox 504 4732 2005 4804">
     <span class='ocr_line' id='line_1_79' title="bbox 504 4732 2005 4804; baseline -0.003 -15"><span class='ocrx_word' id='word_1_541' title='bbox 504 4738 590 4789; x_wconf 77' lang='lat' dir='ltr'><strong>l7.</strong></span> <span class='ocrx_word' id='word_1_542' title='bbox 641 4734 977 4804; x_wconf 72' lang='lat' dir='ltr'><strong>ltegrcdicns</strong></span> <span class='ocrx_word' id='word_1_543' title='bbox 1003 4734 1183 4803; x_wconf 87' lang='lat' dir='ltr'><strong>itaque</strong></span> <span class='ocrx_word' id='word_1_544' title='bbox 1213 4732 1278 4786; x_wconf 82' lang='lat' dir='ltr'><strong>ad</strong></span> <span class='ocrx_word' id='word_1_545' title='bbox 1322 4747 1535 4787; x_wconf 84' lang='lat' dir='ltr'><strong>sacram</strong></span> <span class='ocrx_word' id='word_1_546' title='bbox 1571 4733 1864 4796; x_wconf 87' lang='lat' dir='ltr'><strong>civitatem,</strong></span> <span class='ocrx_word' id='word_1_547' title='bbox 1899 4746 2005 4785; x_wconf 87' lang='lat' dir='ltr'><strong>non</strong></span> 
     </span>
    </p>
   </div>
   <div class='ocr_carea' id='block_1_80' title="bbox 431 4824 2009 4899">
    <p class='ocr_par' dir='ltr' id='par_1_80' title="bbox 431 4824 2009 4899">
     <span class='ocr_line' id='line_1_80' title="bbox 431 4824 2009 4899; baseline -0.003 -17"><span class='ocrx_word' id='word_1_548' title='bbox 431 4845 528 4899; x_wconf 77' lang='lat' dir='ltr'><strong>per</strong></span> <span class='ocrx_word' id='word_1_549' title='bbox 585 4827 798 4890; x_wconf 76' lang='lat' dir='ltr'><strong>Vallem,</strong></span> <span class='ocrx_word' id='word_1_550' title='bbox 857 4826 951 4880; x_wconf 75' lang='lat' dir='ltr'><strong>sed</strong></span> <span class='ocrx_word' id='word_1_551' title='bbox 987 4824 1185 4878; x_wconf 86' lang='lat' dir='ltr'><strong>montis</strong></span> <span class='ocrx_word' id='word_1_552' title='bbox 1219 4824 1462 4890; x_wconf 77' lang='lat' dir='ltr'><strong>dorsum,</strong></span> <span class='ocrx_word' id='word_1_553' title='bbox 1492 4840 1585 4877; x_wconf 81' lang='lat' dir='ltr'><strong>sex</strong></span> <span class='ocrx_word' id='word_1_554' title='bbox 1617 4824 1852 4877; x_wconf 84' lang='lat' dir='ltr'><strong>millibus</strong></span> <span class='ocrx_word' id='word_1_555' title='bbox 1882 4838 2009 4890; x_wconf 81' lang='lat' dir='ltr'><strong>pas-</strong></span> 
     </span>
    </p>
   </div>
   <div class='ocr_carea' id='block_1_81' title="bbox 430 4913 2005 4984">
    <p class='ocr_par' dir='ltr' id='par_1_81' title="bbox 430 4913 2005 4984">
     <span class='ocr_line' id='line_1_81' title="bbox 430 4913 2005 4984; baseline -0.004 -12"><span class='ocrx_word' id='word_1_556' title='bbox 430 4936 610 4980; x_wconf 77' lang='lat' dir='ltr'><strong>sunm,</strong></span> <span class='ocrx_word' id='word_1_557' title='bbox 642 4930 931 4984; x_wconf 84' lang='lat' dir='ltr'><strong>antequam</strong></span> <span class='ocrx_word' id='word_1_558' title='bbox 958 4916 1128 4984; x_wconf 80' lang='lat' dir='ltr'><strong>ipsam</strong></span> <span class='ocrx_word' id='word_1_559' title='bbox 1157 4914 1419 4983; x_wconf 73' lang='lat' dir='ltr'><strong>appellas,</strong></span> <span class='ocrx_word' id='word_1_560' title='bbox 1444 4914 1614 4968; x_wconf 83' lang='lat' dir='ltr'><strong>sancti</strong></span> <span class='ocrx_word' id='word_1_561' title='bbox 1645 4914 1816 4967; x_wconf 81' lang='lat' dir='ltr'><strong>Patris</strong></span> <span class='ocrx_word' id='word_1_562' title='bbox 1839 4913 2005 4966; x_wconf 84' lang='lat' dir='ltr'><strong>nostri</strong></span> 
     </span>
    </p>
   </div>
   <div class='ocr_carea' id='block_1_82' title="bbox 431 5001 2005 5063">
    <p class='ocr_par' dir='ltr' id='par_1_82' title="bbox 431 5001 2005 5063">
     <span class='ocr_line' id='line_1_82' title="bbox 431 5001 2005 5063; baseline -0.004 -2"><span class='ocrx_word' id='word_1_563' title='bbox 431 5007 717 5063; x_wconf 68' lang='lat' dir='ltr'><strong>Theodosii</strong></span> <span class='ocrx_word' id='word_1_564' title='bbox 744 5004 1152 5060; x_wconf 72' lang='lat' dir='ltr'><strong>C(Bttubinrclta:</strong></span> <span class='ocrx_word' id='word_1_565' title='bbox 1178 5004 1560 5058; x_wconf 65' lang='lat' dir='ltr'><strong>monasterium</strong></span> <span class='ocrx_word' id='word_1_566' title='bbox 1589 5002 1851 5057; x_wconf 73' lang='lat' dir='ltr'><strong>oﬂ&#39;endes.</strong></span> <span class='ocrx_word' id='word_1_567' title='bbox 1879 5001 2005 5055; x_wconf 87' lang='lat' dir='ltr'><strong>Illud</strong></span> 
     </span>
    </p>
   </div>
   <div class='ocr_carea' id='block_1_83' title="bbox 427 5096 2009 5165">
    <p class='ocr_par' dir='ltr' id='par_1_83' title="bbox 427 5096 2009 5165">
     <span class='ocr_line' id='line_1_83' title="bbox 427 5096 2009 5165; baseline -0.004 -12"><span class='ocrx_word' id='word_1_568' title='bbox 427 5103 590 5155; x_wconf 82' lang='lat' dir='ltr'><strong>variis</strong></span> <span class='ocrx_word' id='word_1_569' title='bbox 623 5098 858 5153; x_wconf 87' lang='lat' dir='ltr'><strong>turribus</strong></span> <span class='ocrx_word' id='word_1_570' title='bbox 901 5097 1348 5151; x_wconf 79' lang='lat' dir='ltr'><strong>rircummunitur</strong></span> <span class='ocrx_word' id='word_1_571' title='bbox 1388 5113 1402 5149; x_wconf 92' lang='lat'><strong>:</strong></span> <span class='ocrx_word' id='word_1_572' title='bbox 1441 5105 1672 5163; x_wconf 84' lang='lat' dir='ltr'><strong>anthue</strong></span> <span class='ocrx_word' id='word_1_573' title='bbox 1712 5097 1903 5165; x_wconf 70' lang='lat' dir='ltr'><strong>ipsum,</strong></span> <span class='ocrx_word' id='word_1_574' title='bbox 1941 5096 2009 5147; x_wconf 86' lang='lat' dir='ltr'><strong>ad</strong></span> 
     </span>
    </p>
   </div>
   <div class='ocr_carea' id='block_1_84' title="bbox 427 5185 2008 5262">
    <p class='ocr_par' dir='ltr' id='par_1_84' title="bbox 427 5185 2008 5262">
     <span class='ocr_line' id='line_1_84' title="bbox 427 5185 2008 5262; baseline -0.004 -17"><span class='ocrx_word' id='word_1_575' title='bbox 427 5196 638 5262; x_wconf 68' lang='lat' dir='ltr'><strong>sagittae</strong></span> <span class='ocrx_word' id='word_1_576' title='bbox 682 5191 887 5261; x_wconf 76' lang='lat' dir='ltr'><strong>jactum</strong></span> <span class='ocrx_word' id='word_1_577' title='bbox 916 5187 1089 5243; x_wconf 75' lang='lat' dir='ltr'><strong>fornix</strong></span> <span class='ocrx_word' id='word_1_578' title='bbox 1148 5187 1406 5251; x_wconf 74' lang='lat' dir='ltr'><strong>occurrit,</strong></span> <span class='ocrx_word' id='word_1_579' title='bbox 1454 5185 1507 5240; x_wconf 91' lang='lat' dir='ltr'><strong>in</strong></span> <span class='ocrx_word' id='word_1_580' title='bbox 1555 5204 1681 5256; x_wconf 83' lang='lat' dir='ltr'><strong>qua,</strong></span> <span class='ocrx_word' id='word_1_581' title='bbox 1726 5198 1782 5240; x_wconf 90' lang='lat' dir='ltr'><strong>ut</strong></span> <span class='ocrx_word' id='word_1_582' title='bbox 1818 5198 2008 5240; x_wconf 84' lang='lat' dir='ltr'><strong>auctor</strong></span> 
     </span>
    </p>
   </div>
   <div class='ocr_carea' id='block_1_85' title="bbox 426 5280 2005 5351">
    <p class='ocr_par' dir='ltr' id='par_1_85' title="bbox 426 5280 2005 5351">
     <span class='ocr_line' id='line_1_85' title="bbox 426 5280 2005 5351; baseline -0.001 -16"><span class='ocrx_word' id='word_1_583' title='bbox 426 5284 564 5338; x_wconf 63' lang='lat' dir='ltr'><strong>Vitae</strong></span> <span class='ocrx_word' id='word_1_584' title='bbox 600 5285 744 5337; x_wconf 69' lang='lat' dir='ltr'><strong>illius</strong></span> <span class='ocrx_word' id='word_1_585' title='bbox 781 5282 968 5345; x_wconf 87' lang='lat' dir='ltr'><strong>refert,</strong></span> <span class='ocrx_word' id='word_1_586' title='bbox 1006 5295 1167 5351; x_wconf 86' lang='lat' dir='ltr'><strong>supra</strong></span> <span class='ocrx_word' id='word_1_587' title='bbox 1190 5281 1430 5350; x_wconf 85' lang='lat' dir='ltr'><strong>ejusdem</strong></span> <span class='ocrx_word' id='word_1_588' title='bbox 1490 5296 1708 5335; x_wconf 89' lang='lat' dir='ltr'><strong>manum</strong></span> <span class='ocrx_word' id='word_1_589' title='bbox 1753 5280 2005 5336; x_wconf 83' lang='lat' dir='ltr'><strong>exstincti</strong></span> 
     </span>
    </p>
   </div>
   <div class='ocr_carea' id='block_1_86' title="bbox 425 5371 2005 5437">
    <p class='ocr_par' dir='ltr' id='par_1_86' title="bbox 425 5371 2005 5437">
     <span class='ocr_line' id='line_1_86' title="bbox 425 5371 2005 5437; baseline -0.005 -5"><span class='ocrx_word' id='word_1_590' title='bbox 425 5378 695 5432; x_wconf 71' lang='lat' dir='ltr'><strong>Cut‘holtes</strong></span> <span class='ocrx_word' id='word_1_591' title='bbox 751 5377 997 5428; x_wconf 85' lang='lat' dir='ltr'><strong>succensi</strong></span> <span class='ocrx_word' id='word_1_592' title='bbox 1037 5382 1182 5429; x_wconf 87' lang='lat' dir='ltr'><strong>sunt.</strong></span> <span class='ocrx_word' id='word_1_593' title='bbox 1235 5373 1291 5428; x_wconf 93' lang='lat' dir='ltr'><strong>lu</strong></span> <span class='ocrx_word' id='word_1_594' title='bbox 1357 5372 1537 5427; x_wconf 86' lang='lat' dir='ltr'><strong>medio</strong></span> <span class='ocrx_word' id='word_1_595' title='bbox 1595 5371 1929 5437; x_wconf 83' lang='lat' dir='ltr'><strong>monasterii,</strong></span> <span class='ocrx_word' id='word_1_596' title='bbox 1955 5373 2005 5425; x_wconf 92' lang='lat' dir='ltr'><strong>in</strong></span> 
     </span>
    </p>
   </div>
   <div class='ocr_carea' id='block_1_87' title="bbox 427 5463 2003 5533">
    <p class='ocr_par' dir='ltr' id='par_1_87' title="bbox 427 5463 2003 5533">
     <span class='ocr_line' id='line_1_87' title="bbox 427 5463 2003 5533; baseline -0.004 -12"><span class='ocrx_word' id='word_1_597' title='bbox 427 5468 545 5521; x_wconf 86' lang='lat' dir='ltr'><strong>loco</strong></span> <span class='ocrx_word' id='word_1_598' title='bbox 588 5464 954 5529; x_wconf 89' lang='lat' dir='ltr'><strong>eminentiori,</strong></span> <span class='ocrx_word' id='word_1_599' title='bbox 986 5463 1239 5533; x_wconf 88' lang='lat' dir='ltr'><strong>templum</strong></span> <span class='ocrx_word' id='word_1_600' title='bbox 1289 5464 1533 5532; x_wconf 77' lang='lat' dir='ltr'><strong>erigitur,</strong></span> <span class='ocrx_word' id='word_1_601' title='bbox 1580 5472 1721 5518; x_wconf 89' lang='lat' dir='ltr'><strong>tecto</strong></span> <span class='ocrx_word' id='word_1_602' title='bbox 1755 5464 2003 5521; x_wconf 84' lang='lat' dir='ltr'><strong>rotundo.</strong></span> 
     </span>
    </p>
   </div>
   <div class='ocr_carea' id='block_1_88' title="bbox 431 5553 2002 5624">
    <p class='ocr_par' dir='ltr' id='par_1_88' title="bbox 431 5553 2002 5624">
     <span class='ocr_line' id='line_1_88' title="bbox 431 5553 2002 5624; baseline -0.006 -12"><span class='ocrx_word' id='word_1_603' title='bbox 431 5569 487 5612; x_wconf 87' lang='lat' dir='ltr'><strong>et</strong></span> <span class='ocrx_word' id='word_1_604' title='bbox 538 5557 637 5609; x_wconf 85' lang='lat' dir='ltr'><strong>sub</strong></span> <span class='ocrx_word' id='word_1_605' title='bbox 663 5570 729 5610; x_wconf 88' lang='lat' dir='ltr'><strong>eo</strong></span> <span class='ocrx_word' id='word_1_606' title='bbox 779 5554 1059 5624; x_wconf 85' lang='lat' dir='ltr'><strong>spelunca,</strong></span> <span class='ocrx_word' id='word_1_607' title='bbox 1098 5554 1149 5606; x_wconf 91' lang='lat' dir='ltr'><strong>in</strong></span> <span class='ocrx_word' id='word_1_608' title='bbox 1182 5569 1289 5624; x_wconf 87' lang='lat' dir='ltr'><strong>qua</strong></span> <span class='ocrx_word' id='word_1_609' title='bbox 1337 5564 1421 5609; x_wconf 90' lang='lat' dir='ltr'><strong>est</strong></span> <span class='ocrx_word' id='word_1_610' title='bbox 1461 5553 1630 5608; x_wconf 82' lang='lat' dir='ltr'><strong>sancti</strong></span> <span class='ocrx_word' id='word_1_611' title='bbox 1665 5553 2002 5620; x_wconf 87' lang='lat' dir='ltr'><strong>sepulcrum;</strong></span> 
     </span>
    </p>
   </div>
   <div class='ocr_carea' id='block_1_89' title="bbox 429 5644 2004 5714">
    <p class='ocr_par' dir='ltr' id='par_1_89' title="bbox 429 5644 2004 5714">
     <span class='ocr_line' id='line_1_89' title="bbox 429 5644 2004 5714; baseline -0.005 -13"><span class='ocrx_word' id='word_1_612' title='bbox 429 5661 703 5714; x_wconf 70' lang='lat' dir='ltr'><strong>penusque</strong></span> <span class='ocrx_word' id='word_1_613' title='bbox 755 5646 882 5699; x_wconf 91' lang='lat' dir='ltr'><strong>illud</strong></span> <span class='ocrx_word' id='word_1_614' title='bbox 938 5647 1044 5698; x_wconf 88' lang='lat' dir='ltr'><strong>duo</strong></span> <span class='ocrx_word' id='word_1_615' title='bbox 1068 5644 1324 5711; x_wconf 80' lang='lat' dir='ltr'><strong>fornices,</strong></span> <span class='ocrx_word' id='word_1_616' title='bbox 1382 5647 1433 5698; x_wconf 92' lang='lat' dir='ltr'><strong>in</strong></span> <span class='ocrx_word' id='word_1_617' title='bbox 1461 5644 1657 5712; x_wconf 84' lang='lat' dir='ltr'><strong>quibus</strong></span> <span class='ocrx_word' id='word_1_618' title='bbox 1684 5658 2004 5712; x_wconf 82' lang='lat' dir='ltr'><strong>magnorum</strong></span> 
     </span>
    </p>
   </div>
   <div class='ocr_carea' id='block_1_90' title="bbox 428 5736 2003 5807">
    <p class='ocr_par' dir='ltr' id='par_1_90' title="bbox 428 5736 2003 5807">
     <span class='ocr_line' id='line_1_90' title="bbox 428 5736 2003 5807; baseline -0.004 -15"><span class='ocrx_word' id='word_1_619' title='bbox 428 5747 735 5792; x_wconf 87' lang='lat' dir='ltr'><strong>sanctorum</strong></span> <span class='ocrx_word' id='word_1_620' title='bbox 811 5737 1050 5804; x_wconf 64' lang='lat' dir='ltr'><strong>reliquiae</strong></span> <span class='ocrx_word' id='word_1_621' title='bbox 1097 5737 1421 5791; x_wconf 85' lang='lat' dir='ltr'><strong>conduntur.</strong></span> <span class='ocrx_word' id='word_1_622' title='bbox 1493 5738 1774 5807; x_wconf 77' lang='lat' dir='ltr'><strong>Speluncae</strong></span> <span class='ocrx_word' id='word_1_623' title='bbox 1831 5736 2003 5790; x_wconf 80' lang='lat' dir='ltr'><strong>scalas</strong></span> 
     </span>
    </p>
   </div>
   <div class='ocr_carea' id='block_1_91' title="bbox 466 5828 2002 5901">
    <p class='ocr_par' dir='ltr' id='par_1_91' title="bbox 466 5828 2002 5901">
     <span class='ocr_line' id='line_1_91' title="bbox 466 5828 2002 5901; baseline -0.001 -17"><span class='ocrx_word' id='word_1_624' title='bbox 466 5828 783 5897; x_wconf 74' lang='lat' dir='ltr'><strong>ascendens,</strong></span> <span class='ocrx_word' id='word_1_625' title='bbox 812 5829 1036 5886; x_wconf 80' lang='lat' dir='ltr'><strong>ulterius</strong></span> <span class='ocrx_word' id='word_1_626' title='bbox 1078 5846 1107 5885; x_wconf 88' lang='lat' dir='ltr'><strong>a</strong></span> <span class='ocrx_word' id='word_1_627' title='bbox 1145 5830 1313 5887; x_wconf 87' lang='lat' dir='ltr'><strong>latere</strong></span> <span class='ocrx_word' id='word_1_628' title='bbox 1329 5830 1601 5901; x_wconf 74' lang='lat' dir='ltr'><strong>spelunca:</strong></span> <span class='ocrx_word' id='word_1_629' title='bbox 1638 5829 1880 5886; x_wconf 86' lang='lat' dir='ltr'><strong>foramen</strong></span> <span class='ocrx_word' id='word_1_630' title='bbox 1916 5829 2002 5883; x_wconf 87' lang='lat' dir='ltr'><strong>in-</strong></span> 
     </span>
    </p>
   </div>
   <div class='ocr_carea' id='block_1_92' title="bbox 2121 3252 3699 3331">
    <p class='ocr_par' dir='ltr' id='par_1_92' title="bbox 2121 3252 3699 3331">
     <span class='ocr_line' id='line_1_92' title="bbox 2121 3252 3699 3331; baseline -0.006 -17"><span class='ocrx_word' id='word_1_631' title='bbox 2121 3260 2357 3331; x_wconf 82' lang='grc' dir='ltr'>ὲρήμου,</span> <span class='ocrx_word' id='word_1_632' title='bbox 2403 3259 2519 3313; x_wconf 78' lang='grc' dir='ltr'>ἀλλ’</span> <span class='ocrx_word' id='word_1_633' title='bbox 2551 3259 2701 3329; x_wconf 82' lang='grc' dir='ltr'>ὅμως</span> <span class='ocrx_word' id='word_1_634' title='bbox 2736 3257 2999 3320; x_wconf 75' lang='grc' dir='ltr'>ποικίλως</span> <span class='ocrx_word' id='word_1_635' title='bbox 3046 3255 3516 3327; x_wconf 78' lang='grc' dir='ltr'>ἐξειργασμένοις.</span> <span class='ocrx_word' id='word_1_636' title='bbox 3557 3252 3699 3318; x_wconf 77' lang='grc' dir='ltr'><strong>Ἔμ-</strong></span> 
     </span>
    </p>
   </div>
   <div class='ocr_carea' id='block_1_93' title="bbox 2122 3348 3693 3427">
    <p class='ocr_par' dir='ltr' id='par_1_93' title="bbox 2122 3348 3693 3427">
     <span class='ocr_line' id='line_1_93' title="bbox 2122 3348 3693 3427; baseline -0.007 -20"><span class='ocrx_word' id='word_1_637' title='bbox 2122 3355 2358 3427; x_wconf 84' lang='grc' dir='ltr'>προσθεν</span> <span class='ocrx_word' id='word_1_638' title='bbox 2387 3353 2442 3405; x_wconf 73' lang='grc' dir='ltr'><strong>δὲ</strong></span> <span class='ocrx_word' id='word_1_639' title='bbox 2468 3350 2561 3405; x_wconf 79' lang='grc' dir='ltr'>τοῦ</span> <span class='ocrx_word' id='word_1_640' title='bbox 2588 3353 2719 3406; x_wconf 82' lang='grc' dir='ltr'>ναοῦ</span> <span class='ocrx_word' id='word_1_641' title='bbox 2747 3352 3063 3425; x_wconf 81' lang='grc' dir='ltr'>περιαύλιον</span> <span class='ocrx_word' id='word_1_642' title='bbox 3107 3351 3341 3421; x_wconf 78' lang='grc' dir='ltr'>ὑπάρχει</span> <span class='ocrx_word' id='word_1_643' title='bbox 3392 3348 3663 3416; x_wconf 77' lang='grc' dir='ltr'>λιθόστρω</span> <span class='ocrx_word' id='word_1_644' title='bbox 3681 3376 3693 3387; x_wconf 80' lang='lat'><strong><em>~</em></strong></span> 
     </span>
    </p>
   </div>
   <div class='ocr_carea' id='block_1_94' title="bbox 2120 3432 3695 3511">
    <p class='ocr_par' dir='ltr' id='par_1_94' title="bbox 2120 3432 3695 3511">
     <span class='ocr_line' id='line_1_94' title="bbox 2120 3432 3695 3511; baseline -0.01 -14"><span class='ocrx_word' id='word_1_645' title='bbox 2120 3461 2231 3509; x_wconf 87' lang='grc' dir='ltr'>τον,</span> <span class='ocrx_word' id='word_1_646' title='bbox 2268 3442 2363 3496; x_wconf 70' lang='grc' dir='ltr'>καὶ</span> <span class='ocrx_word' id='word_1_647' title='bbox 2404 3439 2568 3508; x_wconf 81' lang='grc' dir='ltr'>μέσον</span> <span class='ocrx_word' id='word_1_648' title='bbox 2602 3441 2767 3494; x_wconf 79' lang='grc' dir='ltr'>αὐτοῦ</span> <span class='ocrx_word' id='word_1_649' title='bbox 2798 3442 2826 3492; x_wconf 98' lang='lat'><strong>6</strong></span> <span class='ocrx_word' id='word_1_650' title='bbox 2867 3441 3033 3511; x_wconf 80' lang='grc' dir='ltr'>τάφος</span> <span class='ocrx_word' id='word_1_651' title='bbox 3072 3438 3166 3492; x_wconf 81' lang='grc' dir='ltr'>τοῦ</span> <span class='ocrx_word' id='word_1_652' title='bbox 3205 3436 3444 3508; x_wconf 84' lang='grc' dir='ltr'>μεγάλου</span> <span class='ocrx_word' id='word_1_653' title='bbox 3481 3432 3695 3501; x_wconf 75' lang='grc' dir='ltr'>Πατρδς</span> 
     </span>
    </p>
   </div>
   <div class='ocr_carea' id='block_1_95' title="bbox 2121 3524 3697 3607">
    <p class='ocr_par' dir='ltr' id='par_1_95' title="bbox 2121 3524 3697 3607">
     <span class='ocr_line' id='line_1_95' title="bbox 2121 3524 3697 3607; baseline -0.01 -18"><span class='ocrx_word' id='word_1_654' title='bbox 2121 3536 2278 3607; x_wconf 74' lang='grc' dir='ltr'>ἡμῶν</span> <span class='ocrx_word' id='word_1_655' title='bbox 2309 3536 2478 3601; x_wconf 76' lang='grc' dir='ltr'>Σὰὗα,</span> <span class='ocrx_word' id='word_1_656' title='bbox 2519 3536 2649 3588; x_wconf 79' lang='grc' dir='ltr'>ὡσεὶ</span> <span class='ocrx_word' id='word_1_657' title='bbox 2703 3531 3065 3603; x_wconf 83' lang='grc' dir='ltr'>σπηθαμιαίῳ</span> <span class='ocrx_word' id='word_1_658' title='bbox 3117 3530 3302 3601; x_wconf 79' lang='grc' dir='ltr'>μέτρῳ</span> <span class='ocrx_word' id='word_1_659' title='bbox 3337 3524 3697 3597; x_wconf 77' lang='grc' dir='ltr'>ὐπερανέχων</span> 
     </span>
    </p>
   </div>
   <div class='ocr_carea' id='block_1_96' title="bbox 2120 3617 3692 3699">
    <p class='ocr_par' dir='ltr' id='par_1_96' title="bbox 2120 3617 3692 3699">
     <span class='ocr_line' id='line_1_96' title="bbox 2120 3617 3692 3699; baseline -0.003 -19"><span class='ocrx_word' id='word_1_660' title='bbox 2120 3629 2220 3699; x_wconf 79' lang='grc' dir='ltr'>τῆς</span> <span class='ocrx_word' id='word_1_661' title='bbox 2251 3631 2374 3697; x_wconf 76' lang='grc' dir='ltr'>γῆς,</span> <span class='ocrx_word' id='word_1_662' title='bbox 2410 3629 2713 3695; x_wconf 73' lang='grc' dir='ltr'>λευκοτάτη</span> <span class='ocrx_word' id='word_1_663' title='bbox 2748 3625 3089 3693; x_wconf 64' lang='grc' dir='ltr'>σκεπόμενος</span> <span class='ocrx_word' id='word_1_664' title='bbox 3126 3620 3458 3691; x_wconf 81' lang='grc' dir='ltr'>μαρμαρίνῳ</span> <span class='ocrx_word' id='word_1_665' title='bbox 3498 3617 3692 3668; x_wconf 76' lang='grc' dir='ltr'>πλακί-</span> 
     </span>
    </p>
   </div>
   <div class='ocr_carea' id='block_1_97' title="bbox 2123 3701 3691 3787">
    <p class='ocr_par' dir='ltr' id='par_1_97' title="bbox 2123 3701 3691 3787">
     <span class='ocr_line' id='line_1_97' title="bbox 2123 3701 3691 3787; baseline -0.01 -18"><span class='ocrx_word' id='word_1_666' title='bbox 2123 3716 2442 3787; x_wconf 77' lang='grc' dir='ltr'>Πρόσεγγυς</span> <span class='ocrx_word' id='word_1_667' title='bbox 2467 3715 2521 3767; x_wconf 77' lang='grc' dir='ltr'>δὲ</span> <span class='ocrx_word' id='word_1_668' title='bbox 2547 3715 2763 3775; x_wconf 85' lang='grc' dir='ltr'>τούτου,</span> <span class='ocrx_word' id='word_1_669' title='bbox 2802 3712 2899 3765; x_wconf 72' lang='grc' dir='ltr'><strong>καὶ</strong></span> <span class='ocrx_word' id='word_1_670' title='bbox 2941 3709 3193 3778; x_wconf 83' lang='grc' dir='ltr'>γύρωθεν</span> <span class='ocrx_word' id='word_1_671' title='bbox 3240 3708 3321 3760; x_wconf 75' lang='grc' dir='ltr'><strong>ἑτι</strong></span> <span class='ocrx_word' id='word_1_672' title='bbox 3356 3722 3412 3759; x_wconf 90' lang='grc' dir='ltr'><strong>τε</strong></span> <span class='ocrx_word' id='word_1_673' title='bbox 3461 3704 3553 3755; x_wconf 77' lang='grc' dir='ltr'><strong>καὶ</strong></span> <span class='ocrx_word' id='word_1_674' title='bbox 3584 3701 3691 3754; x_wconf 79' lang='grc' dir='ltr'><strong>ὑπὸ</strong></span> 
     </span>
    </p>
   </div>
   <div class='ocr_carea' id='block_1_98' title="bbox 2119 3796 3691 3877">
    <p class='ocr_par' dir='ltr' id='par_1_98' title="bbox 2119 3796 3691 3877">
     <span class='ocr_line' id='line_1_98' title="bbox 2119 3796 3691 3877; baseline -0.011 -16"><span class='ocrx_word' id='word_1_675' title='bbox 2119 3808 2218 3877; x_wconf 84' lang='grc' dir='ltr'><strong>τὴν</strong></span> <span class='ocrx_word' id='word_1_676' title='bbox 2244 3808 2346 3877; x_wconf 85' lang='grc' dir='ltr'><strong>γῆν</strong></span> <span class='ocrx_word' id='word_1_677' title='bbox 2374 3806 2483 3859; x_wconf 89' lang='grc' dir='ltr'><strong>τῶν</strong></span> <span class='ocrx_word' id='word_1_678' title='bbox 2529 3809 2585 3859; x_wconf 77' lang='grc' dir='ltr'><strong>ἐν</strong></span> <span class='ocrx_word' id='word_1_679' title='bbox 2613 3805 2806 3875; x_wconf 80' lang='grc' dir='ltr'>ἐρήμῳ</span> <span class='ocrx_word' id='word_1_680' title='bbox 2834 3802 3167 3871; x_wconf 66' lang='grc' dir='ltr'>λαμψάντων</span> <span class='ocrx_word' id='word_1_681' title='bbox 3201 3798 3374 3867; x_wconf 88' lang='grc' dir='ltr'>ἁγίων</span> <span class='ocrx_word' id='word_1_682' title='bbox 3430 3796 3691 3864; x_wconf 72' lang='grc' dir='ltr'>Πατέριυν</span> 
     </span>
    </p>
   </div>
   <div class='ocr_carea' id='block_1_99' title="bbox 2119 3885 3698 3970">
    <p class='ocr_par' dir='ltr' id='par_1_99' title="bbox 2119 3885 3698 3970">
     <span class='ocr_line' id='line_1_99' title="bbox 2119 3885 3698 3970; baseline -0.009 -19"><span class='ocrx_word' id='word_1_683' title='bbox 2119 3899 2354 3970; x_wconf 78' lang='grc' dir='ltr'>ὁρῶνται</span> <span class='ocrx_word' id='word_1_684' title='bbox 2380 3899 2445 3950; x_wconf 79' lang='grc' dir='ltr'><strong>τά</strong></span> <span class='ocrx_word' id='word_1_685' title='bbox 2480 3899 2758 3967; x_wconf 79' lang='grc' dir='ltr'>μνήματα.</span> <span class='ocrx_word' id='word_1_686' title='bbox 2793 3893 2927 3947; x_wconf 85' lang='grc' dir='ltr'>Μεθ’</span> <span class='ocrx_word' id='word_1_687' title='bbox 2951 3889 3025 3947; x_wconf 83' lang='grc' dir='ltr'><strong>ὧν</strong></span> <span class='ocrx_word' id='word_1_688' title='bbox 3046 3893 3138 3946; x_wconf 76' lang='grc' dir='ltr'>καὶ</span> <span class='ocrx_word' id='word_1_689' title='bbox 3163 3891 3273 3944; x_wconf 88' lang='grc' dir='ltr'><strong>τῶν</strong></span> <span class='ocrx_word' id='word_1_690' title='bbox 3295 3889 3469 3957; x_wconf 87' lang='grc' dir='ltr'>ἁγίων</span> <span class='ocrx_word' id='word_1_691' title='bbox 3496 3885 3698 3955; x_wconf 82' lang='grc' dir='ltr'>Κοσμᾶ</span> 
     </span>
    </p>
   </div>
   <div class='ocr_carea' id='block_1_100' title="bbox 2120 3980 3693 4062">
    <p class='ocr_par' dir='ltr' id='par_1_100' title="bbox 2120 3980 3693 4062">
     <span class='ocr_line' id='line_1_100' title="bbox 2120 3980 3693 4062; baseline -0.011 -17"><span class='ocrx_word' id='word_1_692' title='bbox 2120 3994 2214 4045; x_wconf 76' lang='grc' dir='ltr'><strong>καὶ</strong></span> <span class='ocrx_word' id='word_1_693' title='bbox 2243 3991 2494 4045; x_wconf 75' lang='grc' dir='ltr'>Ἰωάννου</span> <span class='ocrx_word' id='word_1_694' title='bbox 2525 3990 2758 4062; x_wconf 83' lang='grc' dir='ltr'>ὁρῶνται</span> <span class='ocrx_word' id='word_1_695' title='bbox 2790 3987 2854 4040; x_wconf 81' lang='grc' dir='ltr'><strong>τά</strong></span> <span class='ocrx_word' id='word_1_696' title='bbox 2886 3987 3172 4057; x_wconf 83' lang='grc' dir='ltr'>μνήματα,</span> <span class='ocrx_word' id='word_1_697' title='bbox 3196 3984 3305 4036; x_wconf 88' lang='grc' dir='ltr'><strong>τῶν</strong></span> <span class='ocrx_word' id='word_1_698' title='bbox 3335 3980 3502 4035; x_wconf 80' lang='grc' dir='ltr'>πάλαι</span> <span class='ocrx_word' id='word_1_699' title='bbox 3530 3993 3693 4047; x_wconf 84' lang='grc' dir='ltr'>ποιη-</span> 
     </span>
    </p>
   </div>
   <div class='ocr_carea' id='block_1_101' title="bbox 2120 4070 3694 4149">
    <p class='ocr_par' dir='ltr' id='par_1_101' title="bbox 2120 4070 3694 4149">
     <span class='ocr_line' id='line_1_101' title="bbox 2120 4070 3694 4149; baseline -0.01 -15"><span class='ocrx_word' id='word_1_700' title='bbox 2120 4082 2247 4136; x_wconf 85' lang='grc' dir='ltr'>τῶν.</span> <span class='ocrx_word' id='word_1_701' title='bbox 2326 4080 2523 4149; x_wconf 83' lang='grc' dir='ltr'>Ἐγγύς</span> <span class='ocrx_word' id='word_1_702' title='bbox 2586 4097 2692 4133; x_wconf 86' lang='grc' dir='ltr'><strong>που</strong></span> <span class='ocrx_word' id='word_1_703' title='bbox 2744 4079 2852 4132; x_wconf 91' lang='grc' dir='ltr'><strong>τῶν</strong></span> <span class='ocrx_word' id='word_1_704' title='bbox 2906 4075 3318 4144; x_wconf 85' lang='grc' dir='ltr'>τεσσαράκοντα</span> <span class='ocrx_word' id='word_1_705' title='bbox 3397 4070 3694 4139; x_wconf 74' lang='grc' dir='ltr'>θεοφόρους</span> 
     </span>
    </p>
   </div>
   <div class='ocr_carea' id='block_1_102' title="bbox 2120 4160 3690 4244">
    <p class='ocr_par' dir='ltr' id='par_1_102' title="bbox 2120 4160 3690 4244">
     <span class='ocr_line' id='line_1_102' title="bbox 2120 4160 3690 4244; baseline -0.01 -17"><span class='ocrx_word' id='word_1_706' title='bbox 2120 4175 2319 4244; x_wconf 77' lang='grc' dir='ltr'>ἄνδρας</span> <span class='ocrx_word' id='word_1_707' title='bbox 2346 4173 2454 4226; x_wconf 89' lang='grc' dir='ltr'><strong>τῶν</strong></span> <span class='ocrx_word' id='word_1_708' title='bbox 2503 4171 2684 4226; x_wconf 76' lang='grc' dir='ltr'>ἄλλων</span> <span class='ocrx_word' id='word_1_709' title='bbox 2730 4165 3272 4239; x_wconf 75' lang='grc' dir='ltr'>ὲκλε).εγμὲνους,⁰ἓξ</span> <span class='ocrx_word' id='word_1_710' title='bbox 3303 4164 3359 4217; x_wconf 79' lang='grc' dir='ltr'>δὲ</span> <span class='ocrx_word' id='word_1_711' title='bbox 3415 4162 3475 4227; x_wconf 81' lang='grc' dir='ltr'>ἐξ</span> <span class='ocrx_word' id='word_1_712' title='bbox 3510 4160 3690 4214; x_wconf 80' lang='grc' dir='ltr'>αὐτῶν</span> 
     </span>
    </p>
   </div>
   <div class='ocr_carea' id='block_1_103' title="bbox 2117 4256 3691 4338">
    <p class='ocr_par' dir='ltr' id='par_1_103' title="bbox 2117 4256 3691 4338">
     <span class='ocr_line' id='line_1_103' title="bbox 2117 4256 3691 4338; baseline -0.01 -16"><span class='ocrx_word' id='word_1_713' title='bbox 2117 4269 2341 4338; x_wconf 79' lang='grc' dir='ltr'>ἁμέσως</span> <span class='ocrx_word' id='word_1_714' title='bbox 2373 4265 2700 4337; x_wconf 72' lang='grc' dir='ltr'>ὁμιλοῦντας</span> <span class='ocrx_word' id='word_1_715' title='bbox 2734 4263 2879 4333; x_wconf 77' lang='grc' dir='ltr'>Θεῷ,</span> <span class='ocrx_word' id='word_1_716' title='bbox 2907 4256 2981 4316; x_wconf 83' lang='grc' dir='ltr'><strong>ὧν</strong></span> <span class='ocrx_word' id='word_1_717' title='bbox 3008 4264 3063 4314; x_wconf 81' lang='grc' dir='ltr'><strong>αἱ</strong></span> <span class='ocrx_word' id='word_1_718' title='bbox 3095 4262 3339 4331; x_wconf 74' lang='grc' dir='ltr'>κλήσεις,</span> <span class='ocrx_word' id='word_1_719' title='bbox 3398 4259 3691 4325; x_wconf 81' lang='grc' dir='ltr'>Στέφανος,</span> 
     </span>
    </p>
   </div>
   <div class='ocr_carea' id='block_1_104' title="bbox 2117 4347 3694 4429">
    <p class='ocr_par' dir='ltr' id='par_1_104' title="bbox 2117 4347 3694 4429">
     <span class='ocr_line' id='line_1_104' title="bbox 2117 4347 3694 4429; baseline -0.01 -17"><span class='ocrx_word' id='word_1_720' title='bbox 2117 4360 2414 4429; x_wconf 74' lang='grc' dir='ltr'>Θεόδωρος,</span> <span class='ocrx_word' id='word_1_721' title='bbox 2457 4360 2551 4411; x_wconf 74' lang='grc' dir='ltr'><strong>καὶ</strong></span> <span class='ocrx_word' id='word_1_722' title='bbox 2585 4355 2815 4419; x_wconf 79' lang='grc' dir='ltr'>Παῦλος,</span> <span class='ocrx_word' id='word_1_723' title='bbox 2866 4357 2893 4407; x_wconf 89' lang='grc' dir='ltr'><strong>ὁ</strong></span> <span class='ocrx_word' id='word_1_724' title='bbox 2924 4354 2979 4407; x_wconf 81' lang='grc' dir='ltr'><strong>δὲ</strong></span> <span class='ocrx_word' id='word_1_725' title='bbox 3023 4353 3284 4421; x_wconf 81' lang='grc' dir='ltr'>τέταρτος</span> <span class='ocrx_word' id='word_1_726' title='bbox 3337 4348 3592 4422; x_wconf 81' lang='grc' dir='ltr'>ὥρμηται</span> <span class='ocrx_word' id='word_1_727' title='bbox 3629 4347 3694 4397; x_wconf 77' lang='grc' dir='ltr'>ὲκ</span> 
     </span>
    </p>
   </div>
   <div class='ocr_carea' id='block_1_105' title="bbox 2125 4434 3695 4518">
    <p class='ocr_par' dir='ltr' id='par_1_105' title="bbox 2125 4434 3695 4518">
     <span class='ocr_line' id='line_1_105' title="bbox 2125 4434 3695 4518; baseline -0.008 -17"><span class='ocrx_word' id='word_1_728' title='bbox 2125 4452 2223 4518; x_wconf 74' lang='grc' dir='ltr'>τῆς</span> <span class='ocrx_word' id='word_1_729' title='bbox 2276 4448 2518 4518; x_wconf 78' lang='grc' dir='ltr'>μεγάλης</span> <span class='ocrx_word' id='word_1_730' title='bbox 2569 4446 2798 4509; x_wconf 83' lang='grc' dir='ltr'>πόλεως,</span> <span class='ocrx_word' id='word_1_731' title='bbox 2851 4444 2948 4497; x_wconf 76' lang='grc' dir='ltr'><strong>καὶ</strong></span> <span class='ocrx_word' id='word_1_732' title='bbox 2979 4446 3007 4497; x_wconf 91' lang='grc' dir='ltr'><strong>ὁ</strong></span> <span class='ocrx_word' id='word_1_733' title='bbox 3058 4442 3310 4512; x_wconf 80' lang='grc' dir='ltr'>πέμπτος</span> <span class='ocrx_word' id='word_1_734' title='bbox 3344 4441 3501 4508; x_wconf 80' lang='grc' dir='ltr'>Ἴϐηρ</span> <span class='ocrx_word' id='word_1_735' title='bbox 3534 4434 3622 4507; x_wconf 85' lang='grc' dir='ltr'><strong>ἧν,</strong></span> <span class='ocrx_word' id='word_1_736' title='bbox 3664 4439 3695 4489; x_wconf 89' lang='lat'><strong>6</strong></span> 
     </span>
    </p>
   </div>
   <div class='ocr_carea' id='block_1_106' title="bbox 2050 4532 3692 4609">
    <p class='ocr_par' dir='ltr' id='par_1_106' title="bbox 2050 4532 3692 4609">
     <span class='ocr_line' id='line_1_106' title="bbox 2050 4532 3692 4609; baseline 0 -15"><span class='ocrx_word' id='word_1_737' title='bbox 2050 4554 2088 4609; x_wconf 71' lang='grc' dir='ltr'><strong>ι)</strong></span> <span class='ocrx_word' id='word_1_738' title='bbox 2115 4542 2172 4595; x_wconf 77' lang='grc' dir='ltr'><strong>δὲ</strong></span> <span class='ocrx_word' id='word_1_739' title='bbox 2199 4543 2357 4604; x_wconf 71' lang='grc' dir='ltr'>ἕκτος</span> <span class='ocrx_word' id='word_1_740' title='bbox 2384 4542 2600 4609; x_wconf 68' lang='grc' dir='ltr'>ὀζπᾶσιν</span> <span class='ocrx_word' id='word_1_741' title='bbox 2617 4540 2672 4590; x_wconf 78' lang='grc' dir='ltr'>ὲν</span> <span class='ocrx_word' id='word_1_742' title='bbox 2686 4538 2966 4608; x_wconf 70' lang='grc' dir='ltr'>τῷδιορᾷν</span> <span class='ocrx_word' id='word_1_743' title='bbox 2988 4534 3338 4605; x_wconf 76' lang='grc' dir='ltr'>περιϐόητος,</span> <span class='ocrx_word' id='word_1_744' title='bbox 3372 4533 3398 4585; x_wconf 94' lang='lat'><strong>6</strong></span> <span class='ocrx_word' id='word_1_745' title='bbox 3436 4532 3692 4600; x_wconf 68' lang='grc' dir='ltr'>στηλίτης</span> 
     </span>
    </p>
   </div>
   <div class='ocr_carea' id='block_1_107' title="bbox 2134 4633 2412 4701">
    <p class='ocr_par' dir='ltr' id='par_1_107' title="bbox 2134 4633 2412 4701">
     <span class='ocr_line' id='line_1_107' title="bbox 2134 4633 2412 4701; baseline 0 -16"><span class='ocrx_word' id='word_1_746' title='bbox 2134 4633 2412 4701; x_wconf 81' lang='grc' dir='ltr'>Ἰωάννης.</span> 
     </span>
    </p>
   </div>
   <div class='ocr_carea' id='block_1_108' title="bbox 2196 4714 3691 4792">
    <p class='ocr_par' dir='ltr' id='par_1_108' title="bbox 2196 4714 3691 4792">
     <span class='ocr_line' id='line_1_108' title="bbox 2196 4714 3691 4792; baseline -0.009 -16"><span class='ocrx_word' id='word_1_747' title='bbox 2196 4725 2281 4789; x_wconf 83' lang='grc' dir='ltr'><strong>ιζ’.</strong></span> <span class='ocrx_word' id='word_1_748' title='bbox 2331 4722 2841 4792; x_wconf 74' lang='grc' dir='ltr'>’Υποστρεφόμενος</span> <span class='ocrx_word' id='word_1_749' title='bbox 2875 4714 2968 4773; x_wconf 72' lang='grc' dir='ltr'>οὖν</span> <span class='ocrx_word' id='word_1_750' title='bbox 3003 4720 3138 4788; x_wconf 78' lang='grc' dir='ltr'>πρὸς</span> <span class='ocrx_word' id='word_1_751' title='bbox 3164 4718 3263 4789; x_wconf 85' lang='grc' dir='ltr'>τὴν</span> <span class='ocrx_word' id='word_1_752' title='bbox 3301 4717 3465 4786; x_wconf 75' lang='grc' dir='ltr'>ἁγίαν</span> <span class='ocrx_word' id='word_1_753' title='bbox 3511 4714 3691 4777; x_wconf 86' lang='grc' dir='ltr'>πόλιν,</span> 
     </span>
    </p>
   </div>
   <div class='ocr_carea' id='block_1_109' title="bbox 2117 4806 3692 4884">
    <p class='ocr_par' dir='ltr' id='par_1_109' title="bbox 2117 4806 3692 4884">
     <span class='ocr_line' id='line_1_109' title="bbox 2117 4806 3692 4884; baseline -0.008 -13"><span class='ocrx_word' id='word_1_754' title='bbox 2117 4820 2177 4870; x_wconf 87' lang='grc' dir='ltr'><strong>οὐ</strong></span> <span class='ocrx_word' id='word_1_755' title='bbox 2224 4817 2313 4870; x_wconf 86' lang='grc' dir='ltr'><strong>διὰ</strong></span> <span class='ocrx_word' id='word_1_756' title='bbox 2341 4815 2441 4884; x_wconf 79' lang='grc' dir='ltr'><strong>τῆς</strong></span> <span class='ocrx_word' id='word_1_757' title='bbox 2493 4813 2763 4877; x_wconf 84' lang='grc' dir='ltr'>κοιλάδος,</span> <span class='ocrx_word' id='word_1_758' title='bbox 2825 4811 2961 4865; x_wconf 79' lang='grc' dir='ltr'>ἀλλὰ</span> <span class='ocrx_word' id='word_1_759' title='bbox 2986 4811 3076 4865; x_wconf 86' lang='grc' dir='ltr'><strong>διὰ</strong></span> <span class='ocrx_word' id='word_1_760' title='bbox 3103 4810 3196 4864; x_wconf 83' lang='grc' dir='ltr'>τοῦ</span> <span class='ocrx_word' id='word_1_761' title='bbox 3242 4811 3448 4881; x_wconf 81' lang='grc' dir='ltr'>ταύτης</span> <span class='ocrx_word' id='word_1_762' title='bbox 3499 4806 3692 4873; x_wconf 80' lang='grc' dir='ltr'>ζυγοῦ,</span> 
     </span>
    </p>
   </div>
   <div class='ocr_carea' id='block_1_110' title="bbox 2117 4899 3693 4979">
    <p class='ocr_par' dir='ltr' id='par_1_110' title="bbox 2117 4899 3693 4979">
     <span class='ocr_line' id='line_1_110' title="bbox 2117 4899 3693 4979; baseline -0.006 -19"><span class='ocrx_word' id='word_1_763' title='bbox 2117 4910 2373 4979; x_wconf 78' lang='grc' dir='ltr'>εὑρήσεις</span> <span class='ocrx_word' id='word_1_764' title='bbox 2408 4906 2519 4977; x_wconf 77' lang='grc' dir='ltr'>πρὸ</span> <span class='ocrx_word' id='word_1_765' title='bbox 2548 4904 2608 4970; x_wconf 79' lang='grc' dir='ltr'><strong>ἒξ</strong></span> <span class='ocrx_word' id='word_1_766' title='bbox 2640 4904 2835 4973; x_wconf 90' lang='grc' dir='ltr'>μιλίων</span> <span class='ocrx_word' id='word_1_767' title='bbox 2868 4902 3043 4974; x_wconf 83' lang='grc' dir='ltr'>αὐτῆς</span> <span class='ocrx_word' id='word_1_768' title='bbox 3064 4904 3165 4973; x_wconf 83' lang='grc' dir='ltr'>τὴν</span> <span class='ocrx_word' id='word_1_769' title='bbox 3199 4904 3370 4973; x_wconf 78' lang='grc' dir='ltr'>μονὴν</span> <span class='ocrx_word' id='word_1_770' title='bbox 3400 4899 3495 4954; x_wconf 79' lang='grc' dir='ltr'>τοῦ</span> <span class='ocrx_word' id='word_1_771' title='bbox 3539 4900 3693 4952; x_wconf 86' lang='grc' dir='ltr'>ὁσίου</span> 
     </span>
    </p>
   </div>
   <div class='ocr_carea' id='block_1_111' title="bbox 2119 4991 3692 5070">
    <p class='ocr_par' dir='ltr' id='par_1_111' title="bbox 2119 4991 3692 5070">
     <span class='ocr_line' id='line_1_111' title="bbox 2119 4991 3692 5070; baseline -0.006 -16"><span class='ocrx_word' id='word_1_772' title='bbox 2119 5002 2331 5069; x_wconf 59' lang='grc' dir='ltr'>Πατρὶς</span> <span class='ocrx_word' id='word_1_773' title='bbox 2371 4998 2527 5070; x_wconf 80' lang='grc' dir='ltr'>ἡμῶν</span> <span class='ocrx_word' id='word_1_774' title='bbox 2556 4997 2837 5051; x_wconf 83' lang='grc' dir='ltr'>Θεοδοσίου</span> <span class='ocrx_word' id='word_1_775' title='bbox 2863 4997 2958 5050; x_wconf 78' lang='grc' dir='ltr'><strong>τοῦ</strong></span> <span class='ocrx_word' id='word_1_776' title='bbox 2986 4995 3404 5065; x_wconf 82' lang='grc' dir='ltr'>Κοινοόιάρχου.</span> <span class='ocrx_word' id='word_1_777' title='bbox 3453 4993 3520 5046; x_wconf 81' lang='grc' dir='ltr'><strong>Ἦ</strong></span> <span class='ocrx_word' id='word_1_778' title='bbox 3561 4991 3692 5061; x_wconf 81' lang='grc' dir='ltr'>γοῦν</span> 
     </span>
    </p>
   </div>
   <div class='ocr_carea' id='block_1_112' title="bbox 2116 5082 3691 5162">
    <p class='ocr_par' dir='ltr' id='par_1_112' title="bbox 2116 5082 3691 5162">
     <span class='ocr_line' id='line_1_112' title="bbox 2116 5082 3691 5162; baseline -0.009 -15"><span class='ocrx_word' id='word_1_779' title='bbox 2116 5094 2339 5162; x_wconf 88' lang='grc' dir='ltr'>τοιαύτη</span> <span class='ocrx_word' id='word_1_780' title='bbox 2368 5090 2502 5161; x_wconf 84' lang='grc' dir='ltr'>μονὴ</span> <span class='ocrx_word' id='word_1_781' title='bbox 2536 5089 2639 5144; x_wconf 83' lang='grc' dir='ltr'>ὐπὸ</span> <span class='ocrx_word' id='word_1_782' title='bbox 2664 5089 2938 5159; x_wconf 85' lang='grc' dir='ltr'>διαφόρων</span> <span class='ocrx_word' id='word_1_783' title='bbox 2966 5085 3395 5157; x_wconf 70' lang='grc' dir='ltr'>περι-τειχίζεται</span> <span class='ocrx_word' id='word_1_784' title='bbox 3442 5082 3691 5152; x_wconf 85' lang='grc' dir='ltr'>πύργων,</span> 
     </span>
    </p>
   </div>
   <div class='ocr_carea' id='block_1_113' title="bbox 2117 5178 3681 5256">
    <p class='ocr_par' dir='ltr' id='par_1_113' title="bbox 2117 5178 3681 5256">
     <span class='ocr_line' id='line_1_113' title="bbox 2117 5178 3681 5256; baseline -0.006 -19"><span class='ocrx_word' id='word_1_785' title='bbox 2117 5188 2221 5256; x_wconf 74' lang='grc' dir='ltr'><strong>πρῆ</strong></span> <span class='ocrx_word' id='word_1_786' title='bbox 2243 5185 2298 5239; x_wconf 83' lang='grc' dir='ltr'>δὲ</span> <span class='ocrx_word' id='word_1_787' title='bbox 2328 5184 2554 5254; x_wconf 86' lang='grc' dir='ltr'>ταύτης,</span> <span class='ocrx_word' id='word_1_788' title='bbox 2588 5183 2719 5236; x_wconf 75' lang='grc' dir='ltr'>ὡσεὶ</span> <span class='ocrx_word' id='word_1_789' title='bbox 2737 5181 2890 5246; x_wconf 79' lang='grc' dir='ltr'>τόξου</span> <span class='ocrx_word' id='word_1_790' title='bbox 2922 5180 3101 5251; x_wconf 77' lang='grc' dir='ltr'>βολῆς,</span> <span class='ocrx_word' id='word_1_791' title='bbox 3135 5178 3422 5250; x_wconf 69' lang='grc' dir='ltr'>πόρρωθέν</span> <span class='ocrx_word' id='word_1_792' title='bbox 3449 5179 3565 5229; x_wconf 80' lang='grc' dir='ltr'>ἐστι</span> <span class='ocrx_word' id='word_1_793' title='bbox 3592 5192 3681 5227; x_wconf 77' lang='grc' dir='ltr'><strong>κα-</strong></span> 
     </span>
    </p>
   </div>
   <div class='ocr_carea' id='block_1_114' title="bbox 2120 5268 3693 5350">
    <p class='ocr_par' dir='ltr' id='par_1_114' title="bbox 2120 5268 3693 5350">
     <span class='ocr_line' id='line_1_114' title="bbox 2120 5268 3693 5350; baseline -0.008 -18"><span class='ocrx_word' id='word_1_794' title='bbox 2120 5279 2293 5349; x_wconf 78' lang='grc' dir='ltr'>μάρα,</span> <span class='ocrx_word' id='word_1_795' title='bbox 2330 5280 2387 5330; x_wconf 80' lang='grc' dir='ltr'><strong>ἐν</strong></span> <span class='ocrx_word' id='word_1_796' title='bbox 2428 5271 2483 5350; x_wconf 75' lang='grc' dir='ltr'>ᾖ,</span> <span class='ocrx_word' id='word_1_797' title='bbox 2525 5276 2599 5338; x_wconf 85' lang='grc' dir='ltr'>ὡς</span> <span class='ocrx_word' id='word_1_798' title='bbox 2629 5277 2657 5327; x_wconf 88' lang='lat'><strong>6</strong></span> <span class='ocrx_word' id='word_1_799' title='bbox 2686 5275 2805 5337; x_wconf 80' lang='grc' dir='ltr'>Βὶος</span> <span class='ocrx_word' id='word_1_800' title='bbox 2829 5273 2923 5327; x_wconf 79' lang='grc' dir='ltr'>τοῦ</span> <span class='ocrx_word' id='word_1_801' title='bbox 2954 5274 3112 5338; x_wconf 85' lang='grc' dir='ltr'>ἁγίου</span> <span class='ocrx_word' id='word_1_802' title='bbox 3140 5270 3311 5339; x_wconf 87' lang='grc' dir='ltr'>δηλοῖ,</span> <span class='ocrx_word' id='word_1_803' title='bbox 3348 5270 3406 5322; x_wconf 79' lang='grc' dir='ltr'><strong>ἐν</strong></span> <span class='ocrx_word' id='word_1_804' title='bbox 3435 5271 3502 5340; x_wconf 82' lang='grc' dir='ltr'>τῇ</span> <span class='ocrx_word' id='word_1_805' title='bbox 3546 5268 3693 5338; x_wconf 73' lang='grc' dir='ltr'>χειρὶ</span> 
     </span>
    </p>
   </div>
   <div class='ocr_carea' id='block_1_115' title="bbox 2117 5358 3691 5436">
    <p class='ocr_par' dir='ltr' id='par_1_115' title="bbox 2117 5358 3691 5436">
     <span class='ocr_line' id='line_1_115' title="bbox 2117 5358 3691 5436; baseline -0.006 -14"><span class='ocrx_word' id='word_1_806' title='bbox 2117 5371 2285 5423; x_wconf 81' lang='grc' dir='ltr'>αὐτοῦ</span> <span class='ocrx_word' id='word_1_807' title='bbox 2350 5368 2658 5436; x_wconf 77' lang='grc' dir='ltr'>ἐσϐεσμένα</span> <span class='ocrx_word' id='word_1_808' title='bbox 2702 5365 3029 5436; x_wconf 76' lang='grc' dir='ltr'>ἀνήφθησαν</span> <span class='ocrx_word' id='word_1_809' title='bbox 3076 5361 3358 5432; x_wconf 79' lang='grc' dir='ltr'>κάρϐωνα,</span> <span class='ocrx_word' id='word_1_810' title='bbox 3418 5360 3583 5430; x_wconf 81' lang='grc' dir='ltr'>μέσον</span> <span class='ocrx_word' id='word_1_811' title='bbox 3634 5358 3691 5412; x_wconf 79' lang='grc' dir='ltr'>δὲ</span> 
     </span>
    </p>
   </div>
   <div class='ocr_carea' id='block_1_116' title="bbox 2116 5449 3691 5530">
    <p class='ocr_par' dir='ltr' id='par_1_116' title="bbox 2116 5449 3691 5530">
     <span class='ocr_line' id='line_1_116' title="bbox 2116 5449 3691 5530; baseline -0.006 -18"><span class='ocrx_word' id='word_1_812' title='bbox 2116 5460 2216 5528; x_wconf 81' lang='grc' dir='ltr'>τῆς</span> <span class='ocrx_word' id='word_1_813' title='bbox 2252 5462 2420 5530; x_wconf 79' lang='grc' dir='ltr'>μονῆς</span> <span class='ocrx_word' id='word_1_814' title='bbox 2471 5460 2686 5512; x_wconf 72' lang='grc' dir='ltr'>ἵσταται</span> <span class='ocrx_word' id='word_1_815' title='bbox 2717 5458 2745 5509; x_wconf 86' lang='lat'><strong>6</strong></span> <span class='ocrx_word' id='word_1_816' title='bbox 2775 5455 2899 5518; x_wconf 74' lang='grc' dir='ltr'>ναὸς</span> <span class='ocrx_word' id='word_1_817' title='bbox 2932 5456 2990 5508; x_wconf 84' lang='grc' dir='ltr'><strong>ἐν</strong></span> <span class='ocrx_word' id='word_1_818' title='bbox 3040 5451 3163 5523; x_wconf 70' lang='grc' dir='ltr'>ὕψει</span> <span class='ocrx_word' id='word_1_819' title='bbox 3218 5451 3509 5521; x_wconf 79' lang='grc' dir='ltr'>κυκλοειδῆ</span> <span class='ocrx_word' id='word_1_820' title='bbox 3552 5449 3691 5519; x_wconf 78' lang='grc' dir='ltr'>ἔχων</span> 
     </span>
    </p>
   </div>
   <div class='ocr_carea' id='block_1_117' title="bbox 2116 5534 3691 5623">
    <p class='ocr_par' dir='ltr' id='par_1_117' title="bbox 2116 5534 3691 5623">
     <span class='ocr_line' id='line_1_117' title="bbox 2116 5534 3691 5623; baseline -0.009 -17"><span class='ocrx_word' id='word_1_821' title='bbox 2116 5553 2214 5623; x_wconf 81' lang='grc' dir='ltr'>τὴν</span> <span class='ocrx_word' id='word_1_822' title='bbox 2246 5553 2470 5622; x_wconf 75' lang='grc' dir='ltr'>ὀροφὴν,</span> <span class='ocrx_word' id='word_1_823' title='bbox 2502 5553 2596 5605; x_wconf 83' lang='grc' dir='ltr'><strong>καί</strong></span> <span class='ocrx_word' id='word_1_824' title='bbox 2628 5546 2985 5602; x_wconf 73' lang='grc' dir='ltr'>ὑποκάτωθεν</span> <span class='ocrx_word' id='word_1_825' title='bbox 3018 5543 3184 5596; x_wconf 82' lang='grc' dir='ltr'>αὐτοῦ</span> <span class='ocrx_word' id='word_1_826' title='bbox 3222 5543 3512 5609; x_wconf 77' lang='grc' dir='ltr'>σπήλαιον,</span> <span class='ocrx_word' id='word_1_827' title='bbox 3562 5544 3620 5593; x_wconf 79' lang='grc' dir='ltr'><strong>ἐν</strong></span> <span class='ocrx_word' id='word_1_828' title='bbox 3646 5534 3691 5608; x_wconf 82' lang='grc' dir='ltr'>ᾧ</span> 
     </span>
    </p>
   </div>
   <div class='ocr_carea' id='block_1_118' title="bbox 2115 5633 3688 5713">
    <p class='ocr_par' dir='ltr' id='par_1_118' title="bbox 2115 5633 3688 5713">
     <span class='ocr_line' id='line_1_118' title="bbox 2115 5633 3688 5713; baseline -0.007 -17"><span class='ocrx_word' id='word_1_829' title='bbox 2115 5649 2142 5696; x_wconf 91' lang='grc' dir='ltr'>ὀ</span> <span class='ocrx_word' id='word_1_830' title='bbox 2172 5645 2345 5713; x_wconf 85' lang='grc' dir='ltr'>τάφος</span> <span class='ocrx_word' id='word_1_831' title='bbox 2373 5642 2466 5696; x_wconf 78' lang='grc' dir='ltr'>τοῦ</span> <span class='ocrx_word' id='word_1_832' title='bbox 2496 5643 2655 5710; x_wconf 82' lang='grc' dir='ltr'>ἁγίου</span> <span class='ocrx_word' id='word_1_833' title='bbox 2683 5641 2821 5705; x_wconf 72' lang='grc' dir='ltr'>ἐστὶ,</span> <span class='ocrx_word' id='word_1_834' title='bbox 2859 5641 2951 5691; x_wconf 75' lang='grc' dir='ltr'><strong>καὶ</strong></span> <span class='ocrx_word' id='word_1_835' title='bbox 2986 5640 3217 5708; x_wconf 75' lang='grc' dir='ltr'>πλησίον</span> <span class='ocrx_word' id='word_1_836' title='bbox 3241 5636 3410 5690; x_wconf 74' lang='grc' dir='ltr'>αὐτοῦ</span> <span class='ocrx_word' id='word_1_837' title='bbox 3437 5633 3688 5704; x_wconf 84' lang='grc' dir='ltr'>καμάραι</span> 
     </span>
    </p>
   </div>
   <div class='ocr_carea' id='block_1_119' title="bbox 2114 5724 3684 5805">
    <p class='ocr_par' dir='ltr' id='par_1_119' title="bbox 2114 5724 3684 5805">
     <span class='ocr_line' id='line_1_119' title="bbox 2114 5724 3684 5805; baseline -0.007 -17"><span class='ocrx_word' id='word_1_838' title='bbox 2114 5736 2379 5805; x_wconf 73' lang='grc' dir='ltr'>διάφοροι,</span> <span class='ocrx_word' id='word_1_839' title='bbox 2418 5736 2476 5787; x_wconf 82' lang='grc' dir='ltr'><strong>ὲν</strong></span> <span class='ocrx_word' id='word_1_840' title='bbox 2512 5728 2601 5795; x_wconf 75' lang='grc' dir='ltr'>αἷς</span> <span class='ocrx_word' id='word_1_841' title='bbox 2657 5733 2827 5799; x_wconf 87' lang='grc' dir='ltr'>ἁγίων</span> <span class='ocrx_word' id='word_1_842' title='bbox 2861 5731 3115 5799; x_wconf 75' lang='grc' dir='ltr'>μεγάλων</span> <span class='ocrx_word' id='word_1_843' title='bbox 3155 5730 3402 5796; x_wconf 61' lang='grc' dir='ltr'>ἔγκξιται</span> <span class='ocrx_word' id='word_1_844' title='bbox 3430 5724 3684 5793; x_wconf 56' lang='grc' dir='ltr'>λείψανά.</span> 
     </span>
    </p>
   </div>
   <div class='ocr_carea' id='block_1_120' title="bbox 2116 5815 3681 5897">
    <p class='ocr_par' dir='ltr' id='par_1_120' title="bbox 2116 5815 3681 5897">
     <span class='ocr_line' id='line_1_120' title="bbox 2116 5815 3681 5897; baseline -0.009 -16"><span class='ocrx_word' id='word_1_845' title='bbox 2116 5829 2226 5892; x_wconf 79' lang='grc' dir='ltr'><strong>Τὰς</strong></span> <span class='ocrx_word' id='word_1_846' title='bbox 2253 5829 2304 5881; x_wconf 78' lang='grc' dir='ltr'><strong>δὲ</strong></span> <span class='ocrx_word' id='word_1_847' title='bbox 2341 5827 2604 5897; x_wconf 69' lang='grc' dir='ltr'>βαθμίδας</span> <span class='ocrx_word' id='word_1_848' title='bbox 2640 5825 2731 5879; x_wconf 79' lang='grc' dir='ltr'>τοῦ</span> <span class='ocrx_word' id='word_1_849' title='bbox 2769 5824 3036 5893; x_wconf 75' lang='grc' dir='ltr'>σπηλαίου</span> <span class='ocrx_word' id='word_1_850' title='bbox 3074 5821 3476 5892; x_wconf 79' lang='grc' dir='ltr'>κατερχόμενος</span> <span class='ocrx_word' id='word_1_851' title='bbox 3518 5815 3681 5886; x_wconf 80' lang='grc' dir='ltr'>εὑρή-</span> 
     </span>
    </p>
   </div>
  </div>
