4042 6426
506 380 611 445 94‘)

1535 379 1991 442 DESCRIPTIO
2027 382 2308 445 TERRJE
2347 380 2675 442 SANCT/E.

3654 380 3759 446 950

503 511 617 558 σεις
650 492 891 561 πλαγίαν
918 492 1059 564 ὀπὴν
1081 491 1273 563 ὲτέρου
1297 492 1591 563 σπηλαίου,
1620 496 1699 557 είς
1725 495 1792 563 ἢν
1820 492 2082 548 εἰσελθὼν

2193 493 2393 562 venies,
2419 494 2472 547 in
2499 510 2659 564 quam
2689 494 2862 550 sancti
2895 491 3194 565 discipulus
3212 489 3445 548 Basilius
3472 490 3758 559 lntroiens,

501 587 529 639 ὁ
571 584 825 656 μαθητὴς
886 583 982 639 τοῦ
1043 585 1202 653 ἀγίου
1254 586 1537 651 Βασίλειος
1565 586 1630 640 τὸ
1674 585 1868 659 μνῆμα
1914 588 2082 642 αὑτοῦ

504 677 844 745 ἀνεκαίνισε,
906 677 1002 732 τοῦ
1034 679 1193 747 ἁγίου
1230 678 1614 745 κελεύσαντος,
1655 679 1842 745 καθὼς
1873 680 1933 734 τδ
1970 682 2085 734 Πα-

504 771 723 840 τερικδν
745 771 1014 843 παριστᾷ,
1057 773 1154 825 καὶ
1195 771 1288 824 ἐπὶ
1324 772 1740 843 τεσσαράκοντα
1777 772 1993 844 ἡμέρας
2024 774 2085 825 ὲν

503 861 583 932 τῷ
616 861 795 932 καιρῷ
822 861 922 931 τῆς
952 861 1227 929 συνάξεως
1251 859 1464 930 ἑώρατο
1495 863 1824 934 συμψάλλων
1840 862 2085 933 *τῷ-ἁγίῳ

507 950 601 1001 καὶ
628 950 743 1010 τοῖς
769 949 1046 1018 ἀδελφοῖς.

578 1047 668 1109 ιη’.
702 1041 964 1113 Ἀντικρὺ
996 1042 1055 1095 δὲ
1120 1043 1221 1113 τῆς
1250 1042 1511 1114 τοιαύτης
1543 1043 1714 1114 μονῆς
1758 1041 2083 1110 δεξιώτερον

505 1133 637 1204 περὶ
661 1132 721 1187 τὸ
753 1133 921 1204 βάθος
961 1138 1060 1204 τῆς
1108 1137 1321 1206 ἐρήμου
1364 1136 1458 1190 τοῦ
1493 1135 1786 1207 Ἰορδάνου,
1839 1134 2079 1204 ὑπάρχει

507 1225 540 1292 ἡ
575 1225 715 1293 μονὴ
740 1225 835 1278 τοῦ
878 1225 1037 1292 ἁγίου
1066 1227 1347 1297 Εὑθυμίου
1382 1228 1476 1281 τοῦ
1527 1228 1789 1298 μεγάλου,
1821 1228 1916 1281 καὶ
1942 1224 2081 1293 αὑτὴ

507 1335 573 1370 πε
582 1318 1022 1388 ριτετειχισμένη
1043 1318 1147 1372 ὑπό
1163 1336 1222 1371 τε
1244 1319 1491 1389 πύργων,
1515 1325 1611 1372 καὶ
1633 1318 1886 1389 μεγάλων
1913 1318 2083 1372 ὲπάλο

505 1405 662 1469 ξεων.
702 1406 884 1459 Μέσον
900 1406 957 1460 δὲ
986 1407 1189 1478 ταύτης
1220 1407 1442 1460 ἵσταται
1470 1409 1497 1461 ό
1528 1407 1678 1474 ναὸς,
1713 1405 2083 1477 κυλινδρωτὴν

508 1498 601 1551 καὶ
635 1490 795 1561 οὗτος
835 1497 977 1569 ἔχων
1010 1499 1109 1571 τὴν
1141 1499 1369 1571 ὀροφὴν,
1397 1500 1763 1554 ὑποκάτωθεν
1811 1499 2080 1577 δξτούτου

506 1589 623 1641 ἐστὶ
653 1589 943 1660 σπήλαιον,
976 1592 1073 1645 καὶ
1110 1593 1279 1659 μέσον
1313 1593 1482 1647 αὑτοῦ
1518 1594 1690 1663 τάφος
1714 1593 1809 1647 τοῦ
1839 1591 2082 1661 μεγάλου

507 1679 807 1751 Εὐθυμίου,
855 1684 1218 1756 παρεμφερὴς
1250 1686 1329 1755 τῷ
1375 1687 1628 1756 μνήματι
1664 1684 1759 1739 τοῦ
1817 1686 2080 1757 θεοφόρου

509 1770 680 1835 Σάϐα,
715 1770 805 1825 διὰ
834 1770 1030 1825 λευκοῦ
1065 1777 1362 1847 μαρμάρου
1392 1778 1485 1830 καὶ
1513 1769 1670 1841 οὗτος
1711 1777 2080 1847 σκεπόμενος,

505 1863 564 1915 ἐν
629 1858 672 1930 ᾧ
710 1864 805 1916 καὶ
863 1868 1316 1937 συναπετέθησαν
1363 1868 1442 1940 τῷ
1493 1869 1658 1938 ἁγίῳ,
1719 1870 1815 1923 καὶ
1860 1867 1930 1921 τά
1975 1869 2084 1921 τῶν

512 1952 683 2018 ἁγίων
712 1953 972 2027 Πατέρων
1005 1956 1239 2026 λείψανα
1268 1960 1628 2028 Πασαρίωνος
1677 1960 1772 2013 καὶ
1827 1961 2088 2029 Δομετια-

508 2056 626 2094 νου.

581 2134 665 2188 ιθ’.
711 2136 816 2188 Καὶ
847 2137 986 2206 μετά
1036 2136 1136 2208 τὴν
1193 2138 1362 2209 μονὴν
1392 2139 1621 2208 ταύτην,
1660 2138 1777 2193 ἐστι
1810 2139 2087 2210 διάστημα

508 2223 637 2280 ὡσεὶ
676 2228 865 2297 μιλίων
907 2227 994 2298 ιβ’.
1033 2231 1145 2285 Kal.
1171 2231 1355 2296 οὕτως
1392 2232 1709 2303 εὑρίσκεται
1734 2232 1957 2304 φάραγξ
1989 2248 2086 2302 με·

510 2317 675 2388 γάλη,
731 2319 827 2372 καὶ
886 2321 1050 2391 μέσον
1098 2323 1302 2393 ταύτης
1348 2324 1626 2395 διέρχεται
1662 2324 1988 2395 χείμαρρος,
2018 2318 2087 2393 ἧς

506 2409 639 2479 περὶ
674 2410 735 2461 τὸ
783 2412 1014 2482 ἀντικρὺ
1065 2414 1231 2491 μέρος
1264 2416 1413 2469 ἐστὶν
1453 2417 1486 2485 ἡ
1530 2414 1667 2487 μονὴ
1716 2415 1812 2469 τοῦ
1849 2413 2083 2478 Χοζιὸᾶ,

511 2501 742 2569 πρᾶγμα
766 2507 831 2574 τῇ
868 2502 967 2573 μὲν
993 2505 1272 2577 ἀφηγήσει
1301 2507 1376 2577 μή
1404 2510 1820 2578 πιστευόμενον,
1855 2509 1920 2576 τῇ
1946 2506 2085 2559 θεω⁶

510 2593 604 2662 ρίᾳ
640 2592 696 2646 δὲ
727 2595 1162 2667 θαυμαζόμενον.
1208 2598 1313 2653 Καὶ
1343 2600 1453 2670 γὰρ
1499 2600 1780 2671 σπηλαίων
1809 2598 1939 2654 ὀπαί
1980 2600 2085 2651 εἱσι

510 2685 579 2736 τὰ
610 2684 721 2737 τῶν
758 2690 1008 2759 μοναχῶν
1040 2690 1248 2746 κελλία.
1293 2693 1406 2745 Καὶ
1439 2692 1603 2755 αὐτὸς
1635 2694 1662 2746 ὁ
1700 2692 1848 2757 ναὸς,
1891 2692 1987 2744 καὶ
2027 2691 2088 2744 τὸ

510 2780 873 2850 κοιμητήριον
898 2783 954 2834 ἐν
983 2783 1059 2851 τῷ
1088 2785 1331 2854 ῥήγματι
1360 2785 1465 2855 τῆς
1497 2788 1704 2857 πέτρας
1727 2783 2088 2855 τεθεμελίων-

507 2884 619 2932 ται,
651 2872 709 2934 ἐς
737 2872 992 2927 τοσοῦτον
1010 2875 1119 2929 ὑπὸ
1142 2877 1239 2945 τῆς
1267 2877 1364 2931 τοῦ
1395 2878 1542 2949 ήλίου
1568 2878 1892 2947 φλογώσεως
1909 2894 2085 2932 κατα·

508 2961 794 3030 καιόμενα,
847 2965 923 3029 ὡς
976 2969 1150 3037 πυρὸς
1195 2970 1585 3040 γλωττίσματα
1633 2972 1928 3043 ἐνορᾶσθαι
1978 2971 2087 3025 ἀπὸ

505 3050 618 3103 τῶν
653 3054 870 3123 πετρῶν
923 3058 982 3110 ὲν
1044 3060 1177 3114 είδει
1225 3062 1549 3134 πυραμίδων
1620 3062 2081 3134 ἀναπεμπόμενα.

2187 588 2492 656 sepulcrum
2549 588 2843 656 proprium,
2908 588 2980 643 ita
3029 597 3223 643 saneto
3264 586 3511 657 jubente,
3545 594 3604 639 ut
3627 584 3762 640 Vitae

2186 677 2407 734 Patrum
2459 688 2734 746 asserunt,
2765 680 3086 750 designavit,
3117 679 3170 733 in
3196 692 3368 749 eoque
3413 685 3655 732 mortuus
3678 676 3763 745 ja-

2186 768 2318 837 cuit,
2377 778 2430 826 et
2485 780 2669 841 postea
2740 785 2835 842 per
2868 772 3224 842 quadraginta
3282 769 3569 826 continuos
3621 770 3756 831 dies,

2188 863 2423 934 Synaxis
2483 874 2748 933 tempore,
2805 879 2907 917 una
2965 879 3088 919 cum
3142 874 3332 917 sancto
3386 876 3451 915 ac
3502 860 3761 915 fratribus

2187 958 2476 1012 concinens
2498 957 2806 1011 videbatur.

2260 1050 2346 1104 l8.
2396 1048 2550 1103 Dicto
2596 1047 2921 1102 monasterio
2991 1047 3298 1110 adversum,
3363 1044 3639 1122 dexterius
3705 1043 3761 1095 in

2186 1140 2513 1210 profundum
2573 1138 2740 1193 eremi
2771 1136 3042 1202 Jordauis,
3077 1125 3249 1192 sancti
3277 1135 3548 1206 Entbymii
3581 1135 3760 1205 magni

2188 1231 2573 1286 monasterium
2625 1243 2744 1297 est;
2786 1230 3027 1284 turribus
3065 1229 3385 1298 magnisque
3435 1226 3619 1280 fulcris
3653 1242 3764 1279 Cir-

2187 1321 2560 1388 cumvallatur,
2614 1331 2669 1375 et
2717 1322 2766 1374 iu
2811 1320 2988 1375 medio
3016 1320 3271 1389 templum
3322 1318 3578 1388 assurgit,
3624 1326 3765 1372 ιεριι

2188 1413 2240 1467 in
2271 1414 2485 1468 modum
2540 1412 2768 1484 cylindri
2794 1413 3035 1466 directo:
3065 1413 3255 1466 subtus
3300 1411 3554 1480 spelunca
3596 1419 3762 1477 patet.

2187 1506 2370 1576 ibique
2398 1509 2630 1560 tnedium
2669 1506 2842 1560 sancti
2902 1505 3177 1575 Euthymii
3220 1504 3548 1573 sepulcrum,
3573 1500 3760 1556 deifuri

2187 1594 2340 1651 Saba:
2397 1597 2646 1665 sepulcro
2690 1597 2830 1650 haud
2866 1595 3147 1659 dissimile,
3207 1595 3440 1649 candido
3498 1609 3765 1647 marmore
3858 1620 3862 1625 α

2184 1704 2336 1758 atque
2365 1705 2427 1743 ac
2454 1689 2582 1744 illud
2628 1699 2915 1764 opertum;
2954 1699 3007 1743 et
3045 1703 3166 1742 cum
3199 1697 3407 1750 sancto,
3452 1696 3763 1741 sanctorum

2188 1782 2348 1835 simul
2400 1781 2618 1836 Patrum
2680 1780 3018 1836 Passarionis
3080 1790 3134 1835 et
3182 1779 3480 1835 Dometiani
3529 1777 3767 1847 reliquias

2192 1875 2570 1927 reconduntur.

2261 2138 2347 2192 19.
2416 2137 2539 2190 Post
2582 2136 2681 2193 hoc
2742 2138 3153 2203 monasterium,
3213 2135 3495 2192 duodecim
3538 2133 3765 2189 millium

2190 2242 2440 2296 passuum
2493 2228 2833 2282 intervallum
2896 2229 3190 2284 excurrit:
3240 2236 3457 2296 tumque
3514 2225 3673 2280 obvia
3708 2226 3767 2279 fit

2189 2319 2378 2391 ingens
2438 2334 2661 2390 vorago,
2722 2334 2881 2388 quam
2932 2328 3144 2374 torrens
3167 2319 3392 2373 mediam
3416 2324 3584 2373 secat.
3621 2315 3766 2370 Illius

2189 2413 2242 2467 iu
2301 2415 2525 2469 adversa
2574 2422 2726 2482 parte
2782 2414 3166 2470 monasterium
3195 2411 3450 2469 Cbozibaz
3474 2412 3765 2484 jacet;res

2188 2503 2456 2570 equidem,
2518 2519 2636 2572 quae
2668 2505 2793 2557 dum
2824 2513 3102 2566 narratur,
3141 2518 3248 2559 nou
3291 2505 3552 2569 creditur,
3576 2514 3630 2560 et
3646 2520 3770 2575 spe-

2188 2592 2461 2647 cnlatione
2507 2594 2668 2651 etiam
2720 2595 2909 2663 ipsain
2957 2595 3315 2651 admiratione
3365 2604 3449 2651 est
3484 2613 3498 2662 ;
3534 2612 3769 2665 namque

2189 2684 2567 2752 speluncarum
2603 2688 2712 2754 ipsa
2745 2687 3009 2742 foramina
3035 2691 3422 2746 monachorum
3454 2701 3576 2744 sunt
3596 2688 3766 2744 cellre.

2186 2771 2256 2827 Et
2290 2776 2545 2844 templum
2600 2777 2773 2845 ipsum
2804 2787 2858 2833 et
2921 2780 3292 2834 cccmeterium
3343 2781 3396 2834 in
3439 2789 3604 2850 petrae
3635 2780 3772 2835 scis-

2189 2880 2317 2921 sura
2372 2878 2723 2933 excavantur,
2802 2872 2938 2925 adeo
2996 2872 3128 2926 solis
3180 2872 3361 2928 calore
3412 2874 3642 2936 deusta,
3710 2878 3772 2926 ut

2189 2968 2255 3009 ex
2281 2957 2426 3011 saxis
2452 2956 2577 3023 illis,
2606 2960 2672 3012 ad
2700 2960 2915 3015 modum
2946 2962 3307 3033 pyramidum,
3355 2963 3492 3030 ignis
3521 2962 3772 3034 liuguulae

2187 3047 2406 3102 exsilire
2430 3048 2869 3119 conspiciantur,
2905 3067 3151 3123 aquaque
3202 3056 3591 3111 monachorum
3622 3055 3771 3124 potui

507 3143 581 3195 Τὸ
603 3143 660 3198 δέ
688 3161 749 3214 γε
779 3150 932 3219 παρά
959 3150 1070 3204 τῶν
1106 3153 1362 3224 μοναχῶν
1385 3132 1691 3225 πινόμενον
1724 3132 1867 3228 ὕδωρ
1909 3132 2088 3210 τοιοῦ-

2193 3148 2445 3208 congesta
2506 3141 2627 3195 talis
2677 3142 2769 3204 sit,
2802 3144 3015 3212 qualem
3069 3160 3100 3199 e
3142 3132 3340 3216 istagno
3380 3148 3616 3214 hauries,
3645 3163 3771 3203 cum

508 3234 601 3286 τόν
630 3237 804 3300 ἐστιν,
837 3235 951 3293 οἷον
987 3242 1097 3296 ἀπὸ
1131 3243 1332 3315 λίμνης
1355 3245 1604 3316 ἑστώσης
1643 3247 1806 3301 ὁπότε
1850 3248 2003 3319 ἥλιος
2029 3250 2087 3301 ἐν

509 3331 825 3402 μεσαιτάτῳ
858 3331 1010 3404 θέρει
1057 3338 1178 3400 ταῖς
1216 3336 1436 3407 λίμναις
1470 3341 1755 3411 ἐπιφοιτᾷ,
1787 3343 1879 3393 καὶ
1904 3340 2087 3411 βολαῖς

508 3419 780 3490 ἐμπύροις
828 3424 1221 3496 ὑποθερμαίνει
1262 3430 1474 3501 ταύτην
1522 3431 1599 3501 τῷ
1655 3431 1957 3502 βράσματι.
1997 3434 2086 3485 Ἐν

509 3508 685 3582 ταύτῃ
721 3514 785 3583 τῇ
829 3518 964 3585 μονῇ
1004 3516 1299 3588 διαφόρους
1329 3519 1431 3590 μὲν
1458 3523 1673 3592 εἴδομεν
1717 3521 2089 3593 ἡγιασμένους

511 3603 739 3674 ἄνδρας,
794 3607 890 3661 ’ἐνα
919 3611 975 3664 δὲ
1012 3612 1224 3664 τούτων
1257 3613 1625 3683 σημειοφόρον
1647 3612 1959 3683 ἄνθρωπον,
1991 3615 2088 3668 καὶ

507 3696 733 3765 ἀμέσως
773 3702 1211 3771 προσομιλοῦντα
1232 3703 1371 3773 Θεῷ,
1404 3705 1621 3767 Λουκᾶς
1653 3705 1801 3757 ἐστιν
1828 3707 1861 3775 ἡ
1894 3703 2091 3773 κλῆσις

506 3787 586 3859 τῷ
618 3789 854 3862 γέροντι.
900 3794 989 3848 Ἐν
1080 3798 1215 3867 μονῇ
1242 3796 1604 3859 ἐπικινδύνως
1632 3795 1957 3867 ἀνήλθομεν,
2000 3796 2090 3851 διά

509 3894 569 3930 τε
601 3878 663 3932 τὸ
691 3883 1018 3951 κρημνῶδες
1048 3882 1142 3938 τοῦ
1164 3884 1353 3951 τόπου,
1378 3884 1472 3939 καὶ
1506 3884 1605 3957 τὴν
1635 3885 2089 3956 ὑπερϐάλλουσαν

510 3972 607 4026 τοῦ
635 3972 783 4043 ἡλίου
808 3977 1006 4046 φοράν.

585 4074 655 4121 κ’.
679 4067 835 4121 Μετά
861 4069 1036 4123 ταῦτα
1075 4071 1315 4142 ὑπάρχει
1358 4074 1799 4144 στενοεπιμήκης
1837 4073 1933 4127 καί¹
1957 4090 2090 4141 τρα-

516 4160 722 4229 χυτάτη
753 4161 869 4224 ὁδὸς
920 4148 1058 4233 πρὸς
1087 4164 1146 4217 τὸ
1181 4165 1415 4219 κατόπιν
1458 4164 1697 4218 ἀπιοῦσα
1725 4166 1825 4235 τῆς
1855 4156 2086 4236 ἐρήμου,

516 4249 712 4319 μέχρις
733 4246 803 4322 ἧς
843 4254 900 4305 ἐν
930 4253 1010 4324 τῷ
1050 4254 1255 4323 μεταξὺ
1292 4255 1460 4325 ῥαχία
1492 4255 1835 4324 καθορῶνται
1859 4256 1973 4322 δύο,
2014 4252 2090 4312 ὧν

517 4336 684 4405 μέσον
728 4340 762 4409 ή
798 4339 916 4403 όδδς
952 4342 1192 4394 ἀπιοῦσα
1234 4342 1397 4414 μέχρι
1415 4343 1516 4412 τῆς
1567 4342 1780 4414 Ἰεριχῶ
1821 4347 2088 4416 καταντᾷ“

511 4429 607 4482 ἐπὶ
642 4431 699 4484 δὲ
746 4432 919 4504 ταύτῃ
965 4433 1087 4487 οὐδὲ
1122 4434 1269 4497 λίθος
1303 4435 1556 4505 θεμελίου
1590 4436 1933 4507 εὑρίσκεται,
1971 4438 2089 4491 ἀλλ’

2193 3230 2295 3296 sol,
2320 3241 2511 3288 testate
2533 3234 2702 3288 media
2728 3235 2954 3290 lacubus
2972 3236 3253 3301 insistens,
3285 3254 3376 3294 eas
3395 3239 3579 3310 ignitis
3607 3239 3776 3293 radiis

2194 3332 2438 3393 aestuque
2488 3325 2888 3383 ferventissimo
2930 3329 3188 3382 incendit.
3217 3328 3271 3384 lu
3306 3331 3408 3385 hoc
3440 3330 3774 3385 monasterio

2195 3414 2436 3470 diversos
2456 3419 2739 3473 sanctitate
2760 3420 3078 3489 conSpicuos
3105 3421 3250 3476 visos
3278 3422 3599 3489 iuvisimus;
3631 3424 3774 3478 inter

2194 3521 2288 3561 eos
2310 3523 2475 3562 unum
2501 3509 2846 3580 signiferum,
2874 3527 3054 3567 coram
3076 3527 3196 3567 cum
3226 3514 3331 3568 Deo
3350 3513 3770 3584 colloquentem,

2196 3599 2281 3652 cui
2343 3597 2504 3655 Lucae
2543 3602 2658 3656 seni
2707 3618 2903 3657 nomen
2953 3613 3055 3659 cst.
3101 3603 3207 3659 Sed
3239 3605 3381 3659 enim
3414 3606 3468 3659 in
3500 3615 3774 3660 monaste—

2198 3690 2358 3758 rium,
2388 3708 2492 3749 non
2517 3695 2637 3749 sine
2668 3695 3002 3760 discrimine,
3044 3704 3154 3750 tum
3191 3698 3261 3753 ob
3297 3706 3566 3767 praerupta
3624 3700 3772 3766 rupis

2198 3785 2337 3851 loca,
2400 3793 2511 3839 tum
2573 3787 2644 3841 ob
2678 3787 3217 3845 vehementissimum
3270 3788 3398 3844 solis
3423 3788 3773 3852 ardorem,ct

2199 3877 2580 3934 descendimus
2604 3888 2655 3934 et
2672 3880 3037 3935 ascendimus.

2266 4059 2355 4114 ευ.
2381 4060 2643 4128 Deinceps
2686 4060 3029 4128 subsequitur
3087 4069 3334 4130 angusta,
3390 4068 3671 4130 protensa,
3715 4069 3770 4116 et.

2197 4154 2492 4222 asperrima
2562 4152 2668 4215 via,
2722 4151 2791 4206 ad
2840 4153 3009 4207 eremi
3054 4162 3204 4220 terga
3252 4152 3581 4206 conducens.
3607 4151 3773 4206 Ante-

2196 4259 2357 4315 quam
2407 4243 2474 4299 ad
2520 4244 2689 4313 ipsam
2750 4245 3082 4311 perveneris,
3142 4243 3196 4298 in
3222 4244 3337 4311 ejus
3393 4243 3571 4299 medio
3611 4246 3773 4299 dorsa

2199 4338 2462 4393 montium
2515 4337 2620 4391 duo
2667 4336 3094 4404 conspiciuntur,
3151 4351 3248 4406 per
3296 4351 3417 4405 quae
3469 4336 3553 4389 via
3597 4337 3774 4390 media

2198 4427 2480 4495 adaperta,
2538 4423 2606 4479 ad
2638 4425 2827 4479 urbem
2848 4423 3063 4480 .lericho
3089 4424 3192 4480 iter
3230 4434 3314 4479 est
3346 4424 3439 4477 :iu
3489 4438 3553 4478 ea
3589 4425 3774 4479 nullus

509 4518 659 4587 ὅμως
682 4521 711 4590 ἡ
746 4522 892 4574 πᾶσα
914 4522 1118 4593 ταύτης
1142 4522 1420 4596 διαγραφή
1446 4526 1706 4595 ἀμυδρῶς
1732 4543 1850 4590 πως
1892 4529 2088 4598 ἐμφαί-

2201 4518 2667 4574 fundamentorum
2700 4516 2835 4585 lapis
2865 4516 3236 4585 conspicitur;
3264 4516 3513 4570 universa
3573 4516 3775 4571 nihilo-

510 4625 694 4665 νεται·
722 4612 817 4668 νῦν
846 4611 940 4668 οὖν
970 4615 1360 4687 ἐπείπερὲστὶν
1389 4619 1422 4687 ή
1445 4619 1594 4671 πᾶσα
1615 4618 1923 4690 περίχωρος
1954 4621 2093 4674 κάθ-

512 4715 700 4769 υγρος,
760 4703 841 4766 είς
920 4704 1194 4774 κήπευσιν
1270 4704 1699 4776 χρηματίζουσα
1746 4707 1856 4761 τῶν
1907 4708 1968 4761 ἐν
2023 4711 2090 4780 τῇ

513 4793 708 4863 ἐρήμῳ
757 4794 1065 4864 ἱδρυμένων
1098 4794 1298 4866 μονῶν.
1356 4798 1731 4867 Διατμηθεῖσα
1773 4798 1881 4869 γὰρ
1927 4800 1962 4872 ἠ
1996 4800 2093 4870 γῆν

514 4879 610 4930 καὶ
648 4880 1063 4953 διαμερισθεῖσα
1090 4886 1211 4947 ταῖς
1238 4882 1421 4953 ἁγίαις
1448 4886 1687 4949 ἐκείναις
1714 4888 1928 4957 μοναίς,
1956 4904 2097 4939 κατ-

511 4970 814 5042 εδενδρώθη
852 4975 886 5043 ή
935 4975 1107 5041 πᾶσα,
1146 4975 1242 5028 καὶ
1273 4975 1599 5045 ὐπάμπελος
1631 4976 1849 5045 γέγονε,
1888 4977 1970 5030 διὸ
1997 4980 2093 5031 καὶ

515 5064 763 5134 πύργους
785 5068 881 5119 ἐπὶ
910 5065 982 5121 τά
1018 5066 1128 5121 τῶν
1158 5067 1412 5137 μοναχῶν
1453 5068 1595 5139 λάχη
1631 5069 1681 5122 οἱ
1721 5052 1953 5140 μοναχοὶ
1984 5069 2096 5139 πή-

517 5156 708 5221 ξαντες
748 5159 1075 5230 πολυφόρως
1114 5160 1241 5224 τοὺς
1279 5161 1528 5229 καρποὺς
1578 5162 1806 5214 ἐκείνων
1845 5160 2095 5231 πορίζον-

515 5266 627 5304 ται.
664 5250 819 5321 Ἔχει
865 5250 1001 5317 γοῦν
1057 5252 1338 5322 σχήματος
1383 5253 1417 5322 ἡ
1475 5253 1627 5306 πᾶσα
1658 5252 1887 5323 ἔρημος,
1943 5256 2040 5306 καὶ
2072 5255 2100 5306 ὁ

517 5344 792 5415 Ἰορδάνης
813 5344 932 5415 ἆμα
960 5347 1028 5416 τῇ
1052 5346 1243 5417 Νεκρᾷ
1264 5345 1374 5398 τῶν
1402 5345 1657 5415 Σοδόμων
1680 5345 1924 5418 θαλάσσῃ
1953 5347 2099 5399 κατά

516 5439 611 5490 τὸν
643 5439 915 5509 ἡμέτερον
949 5439 1257 5509 στοχασμὸν
1284 5438 1386 5508 τῆς
1432 5437 1530 5491 τοῦ
1561 5438 1836 5508 θεάματος
1894 5438 2100 5502 θέσεως

518 5531 789 5602 ’Ᾱχρίδος,
839 5533 897 5584 ὲν
936 5532 1117 5603 τούτῳ
1141 5531 1242 5603 τὴν
1280 5529 1588 5603 ἐναλλαγὴν
1637 5532 1809 5602 μόνην
1839 5531 2102 5600 φαινομὲη

518 5640 642 5692 νην,
661 5626 719 5678 ὲν
744 5623 819 5694 τῷ
851 5624 965 5679 ἀπὸ
1000 5625 1101 5693 μὲν
1138 5626 1239 5697 τῆς
1271 5625 1473 5696 λίμνης
1493 5625 1743 5696 Ἀχρίδος
1779 5623 2100 5695 ἐξέρχεσθαι

521 5716 669 5789 ὕδωρ
710 5720 791 5781 εἰς
819 5718 1116 5789 διαφόρους
1151 5717 1252 5790 τῆς
1291 5719 1398 5788 γῆς
1432 5716 1965 5788 περιλιμναξόμενον
1999 5717 2104 5788 φάρ

523 5829 760 5885 ραγγας,
790 5812 857 5877 ἂς
887 5811 1166 5884 στρούγας
1205 5814 1253 5867 οί
1298 5811 1397 5883 τῆς
1436 5812 1618 5866 ἐκεῖσε
1661 5810 1766 5883 γῆς
1813 5809 2104 5882 οἰκήτορες

2199 4611 2376 4665 minus
2424 4609 2567 4664 illius
2621 4607 2911 4663 delineatio
2951 4607 3182 4664 obscure
3229 4609 3689 4677 deprehenditur:
3723 4619 3777 4663 at

2198 4717 2365 4770 nunc,
2400 4716 2520 4757 cum
2542 4711 2652 4754 tota
2682 4716 2745 4755 ea
2786 4701 3180 4768 circumjacens
3226 4701 3375 4770 regio
3414 4701 3572 4769 aquis
3602 4701 3778 4753 abuu~

2197 4796 2309 4859 det,
2370 4793 2843 4855 monasteriorum,
2869 4807 2986 4862 quze
3041 4793 3091 4846 in
3127 4807 3312 4847 eremo
3350 4800 3497 4857 sunt,
3523 4805 3621 4860 pro
3654 4790 3778 4844 cul-

2202 4894 2319 4940 tura
2377 4887 2676 4949 ltortornm,
2712 4886 2832 4938 usui
2883 4884 3136 4939 deservit.
3178 4882 3418 4952 Namque
3468 4882 3618 4951 regio
3664 4880 3776 4945 illa,

2198 4977 2253 5030 in
2287 4986 2470 5047 partes
2492 4976 2686 5041 scissa,
2717 4974 3029 5043 sanctisque
3060 4972 3170 5028 illis
3196 4971 3541 5026 monasteriis
3576 4970 3775 5035 divisa,

2202 5068 2453 5122 universa
2508 5075 2564 5121 et
2592 5066 2875 5120 arboribus
2910 5065 3263 5119 obumbratur
3284 5072 3337 5118 et
3381 5061 3548 5116 vincis
3601 5060 3780 5114 abun-

2202 5156 2313 5211 dat.
2376 5154 2718 5225 Quapmpter
2773 5165 2829 5211 et
2860 5156 3101 5210 turribus
3129 5154 3186 5208 in
3234 5152 3565 5221 singulorum
3594 5164 3783 5203 mona-

2203 5249 2495 5305 Steriorum
2530 5249 2726 5316 hortis,
2790 5263 2819 5303 a
2846 5247 3125 5302 monachis
3168 5243 3532 5307 exaediﬁcatis,
3571 5242 3783 5296 fructus

2202 5344 2379 5399 omnis
2408 5341 2623 5412 generis
2645 5340 2855 5395 abunde
2900 5337 3331 5408 suppeditantur.
3368 5333 3643 5389 Universze
3684 5333 3784 5387 ita-

2203 5451 2307 5506 que
2332 5450 2541 5502 eremo,
2568 5445 2622 5491 et
2647 5432 2890 5495 Jordani,
2924 5445 3139 5501 unaque
3174 5437 3387 5483 mortuo
3420 5425 3778 5482 Sodomorum

2204 5531 2369 5594 mari,
2434 5537 2619 5586 nostra
2684 5527 3016 5597 conjectura,
3078 5538 3184 5578 non
3241 5523 3346 5577 alia
3394 5520 3562 5591 figura
3595 5520 3779 5584 fuerit,

2207 5635 2373 5690 quam
2428 5635 2550 5689 quae
2591 5617 2845 5673 Achridis
2895 5615 3035 5670 situs
3069 5627 3191 5668 esse
3233 5612 3562 5669 videturzat
3614 5612 3667 5664 in
3719 5625 3784 5666 eo

2205 5710 2543 5770 solummodo
2592 5707 2868 5771 differunt,
2901 5706 3047 5779 quod
3092 5720 3122 5760 e
3143 5705 3338 5777 palude
3367 5703 3783 5773 Acbridisaqua

2207 5817 2479 5875 mergens,
2545 5800 2600 5858 in
2641 5799 2871 5859 diversis
2922 5805 3082 5855 terrae
3139 5797 3476 5855 convallibus
3540 5803 3780 5865 stagnat,
