4042 6394
310 322 413 385 9E3

309 435 604 505 ἑϐδομάδος
685 431 1177 504 εἰσπαρεγένοντο,

310 526 552 600 κεφαλὰς
582 525 1028 597 προσερείδοντες
1064 527 1128 596 τῇ
1181 524 1287 578 τῶν
1322 525 1619 595 ὀφθαλμῶν
1666 525 1888 581 ἐπινεύ-

311 637 394 674 σει
421 618 629 692 τροφὴν
658 618 846 691 ᾔτουν,
866 612 934 691 ἧς
963 617 1443 687 ἐπιτυγχάνοντες,
1467 618 1725 689 εὐμαρῶς
1749 618 1886 686 πρὸς

306 711 406 774 τὰς
437 709 690 781 συνήθεις
718 708 869 772 δίνας
913 706 1006 762 τοῦ
1038 707 1288 776 ποταμοῦ
1330 706 1528 761 ἀπίασι
1575 707 1882 777 χαίροντες.

317 799 385 853 Ἥ
416 799 478 853 δὲ
505 793 575 870 ἦν
623 798 830 869 ὄσπρια
860 796 1136 869 βραχέντα
1178 797 1235 849 ἐν
1280 795 1457 862 ῦδατι,
1496 799 1590 852 καὶ
1633 796 1886 867 ὀλυρίτης

310 891 464 953 ἴσως,
486 890 518 961 ἢ
545 889 796 960 κριθίνου
824 889 1138 958 κλάσματος
1160 891 1344 960 ἀρτος.
1374 890 1595 944 Τούτων
1617 890 1750 944 ποτέ
1777 905 1885 943 πα-

312 977 715 1049 ραγενομένων,
754 978 849 1032 καὶ
885 977 986 1048 τὴν
1018 977 1223 1048 συνήθη
1260 977 1640 1033 ἀπαιτούντων
1671 978 1757 1032 διὰ
1785 978 1885 1047 τῆς

311 1068 646 1132 ἐπινεύσεως
677 1069 785 1123 τῶν
808 1069 1073 1140 ὀμμάτων
1100 1069 1333 1142 τροφὴν,
1386 1070 1415 1122 ὁ
1465 1070 1644 1140 γέρων
1682 1068 1759 1141 μὴ
1794 1070 1884 1123 eb-

307 1160 513 1231 πορῶν,
569 1161 677 1230 ὅτῳ
742 1160 1083 1232 θεραπεῦσαι
1128 1161 1317 1232 τρόπῳ
1372 1161 1471 1233 τὴν
1518 1161 1629 1215 τῶν
1676 1161 1882 1233 θηρίων

306 1254 495 1322 ἔφεσιν
524 1267 541 1285 ·
569 1252 726 1322 ἔτυχε
766 1252 874 1324 γάρ
928 1252 1021 1305 ἐπὶ
1083 1252 1309 1322 ἡμερῶν
1356 1253 1636 1323 διάστημα
1684 1252 1880 1315 εἴκοσι,

308 1346 441 1412 μήτι
465 1342 574 1395 τῶν
592 1342 872 1413 ἐδωδίμων
896 1343 985 1395 τὸν
1008 1344 1152 1413 ἱερὸν
1176 1346 1383 1397 ἐκεῖνον
1410 1344 1667 1412 εὐπορεῖν
1688 1343 1876 1411 ἄνδρα·

303 1432 438 1501 φησὶ
462 1431 600 1503 πρὸς
636 1430 859 1497 αὐτοὺς,
908 1431 1193 1501 Ἐπείπερ,
1218 1425 1264 1485 ὧ
1288 1430 1475 1503 θηρία,
1523 1432 1662 1502 μήτε
1694 1431 1753 1484 τὸ
1783 1431 1884 1502 τῆς

304 1521 583 1592 ἡμετέρας
635 1521 856 1590 φύσεως
899 1522 1123 1587 ἀσθενὲς
1150 1522 1238 1577 διά
1269 1539 1414 1586 τινος
1458 1522 1568 1576 τῶν
1604 1522 1883 1591 ἐδωδίμων

306 1611 689 1682 παρακαλέσαι
741 1610 961 1682 ἔχομεν,
992 1611 1115 1664 ἐπεὶ
1147 1612 1362 1681 ἡμέρας
1406 1612 1581 1665 εἴκοσι
1616 1610 1715 1682 ἤδη
1756 1611 1883 1680 μήθ’

303 1704 437 1772 ἡμῖν
455 1703 759 1772 ἐπαρκέσαι
784 1701 855 1755 τά
881 1702 1069 1756 δέοντα
1089 1704 1229 1756 κατᾶ
1257 1703 1588 1772 τδέσύνηθες,
1619 1702 1715 1756 τοῦ
1742 1700 1877 1755 Θεοῦ

302 1793 511 1859 λόγοις,
543 1785 626 1855 οἷς
655 1791 984 1863 εὐμηχάνως
1011 1787 1140 1857 οἵδε,
1174 1793 1527 1864 καταρτίζειν
1552 1794 1698 1862 ἡμᾶς

305 1886 791 1953 οἰκονομήσαντος,
839 1884 958 1938 δέον
1009 1887 1129 1938 ἐστὶ
1180 1886 1516 1956 πορευθῆναι
1560 1887 1707 1958 ἡμᾶς
1744 1884 1881 1955 πρὸς

302 1974 405 2033 τὰς
467 1970 562 2026 τοῦ
619 1971 889 2042 Ἰορδάνου
933 1972 1084 2043 ῥοὰς,
1140 1975 1236 2027 καὶ
1269 1975 1468 2044 μικρόν
1521 1992 1573 2027 τι
1625 1975 1881 2045 ξυλάριον

308 2060 451 2129 πρὸς
514 2060 665 2128 ἡμᾶς
715 2062 965 2128 ἀγαγεῖν.
1007 2059 1130 2130 Ἀφ’
1161 2054 1221 2115 οὗ
1255 2061 1490 2133 σταυρία
1532 2062 1882 2116 κατασκευά-

304 2167 508 2213 σαντες
529 2151 710 2221 ήμῶν,
738 2153 852 2212 τοῖς
883 2152 1203 2222 ἐπευχίταις
1234 2152 1399 2223 χάριν
1424 2153 1679 2221 εὐλογίας
1707 2153 1883 2208 ταῦτα

303 2239 645 2312 παρέξομεν.
671 2242 793 2312 Ἀφ’
827 2236 901 2296 ὧν
923 2244 1419 2310 ἀντιδεξιωθέντες,
1445 2247 1588 2299 κατά
1621 2246 1723 2317 τὴν
1755 2248 1885 2301 ἐκά-

305 2351 436 2388 στου
501 2335 850 2406 προαίρεσιν,
913 2338 1089 2407 μικρά
1142 2355 1266 2393 τινα
1297 2340 1574 2410 κερμάτια
1627 2340 1697 2393 τά
1746 2342 1883 2410 πρὸς

303 2424 516 2495 τροφὴν
563 2426 702 2496 ἐμοῦ
735 2444 795 2480 τε
847 2428 944 2481 καὶ
970 2428 1126 2497 ὑμῶν
1165 2426 1226 2494 ἐξ
1250 2429 1430 2483 αὐτῶν
1456 2431 1880 2502 εὐπορήσωμεν.

306 2512 470 2582 Eine,
502 2518 598 2571 καὶ
646 2520 698 2571 oi
739 2519 909 2590 θῆρες
951 2521 1217 2592 ἥκουσαν,
1254 2524 1330 2588 ὡς
1374 2527 1431 2577 ἐν
1486 2524 1690 2595 λογικῷ
1728 2526 1883 2594 κινή-

307 2626 464 2677 ματι,
521 2609 620 2665 καὶ
658 2609 955 2680 βαδίσματι
1010 2613 1150 2683 πρὸς
1184 2614 1286 2677 τὰς
1331 2615 1426 2669 τοῦ
1465 2615 1737 2686 Ἰορδάνου
1772 2636 1883 2687 χω-

304 2701 464 2770 ροῦσι
527 2704 679 2771 ῥοάς.
726 2703 838 2757 Καὶ
880 2706 1017 2773 μετὰ
1047 2706 1273 2777 μικρὸν,
1309 2706 1355 2760 ὣ
1407 2704 1503 2761 τοῦ
1560 2708 1878 2780 θαύματοςί

301 2793 595 2863 ὑπαύχενα
630 2782 864 2864 φέρουσι
915 2795 1009 2849 δύο
1065 2796 1320 2867 ξυλάρια,
1369 2800 1463 2852 καὶ
1497 2802 1563 2871 τῇ
1607 2799 1762 2870 βάσει
1788 2800 1883 2854 τοῦ

303 2882 506 2936 στύλου
542 2884 729 2946 θέντες
756 2884 918 2947 αὐτὰ,
952 2886 1021 2939 τά
1063 2888 1202 2957 πρὸς
1243 2887 1513 2958 Ἰορδάνου
1545 2890 1641 2959 ἕλη
1675 2890 1882 2961 προθύ-

305 2991 429 3042 μως
473 2975 785 3045 ἐχώρησαν.
830 2975 993 3030 Ἀλλά
1026 2977 1206 3032 ταῦτα
1261 2979 1361 3047 μὲν
1419 2978 1557 3043 ἃλις.
1600 2981 1791 3048 Ἡμεῖς
1823 2979 1882 3033 δὲ

298 3059 410 3132 τῆς
431 3062 542 3115 τῶν
564 3064 751 3117 τόπων
785 3063 1032 3134 ἱστορίας
1055 3065 1317 3135 ἐχόμεθα.

377 3173 456 3228 κδ’
463 3215 476 3229 .
522 3176 688 3230 Ἀλλά
719 3177 873 3248 καὶὴ
905 3177 1000 3231 τοῦ
1040 3177 1384 3249 Καλαμῶνος
1417 3182 1575 3253 μονὴ,
1610 3184 1705 3235 καλ⁵
1737 3183 1880 3253 αῦτη

298 3266 411 3320 ὑπὸ
442 3266 671 3339 πύργων
696 3282 789 3321 και
816 3267 1105 3338 κορτίνων,
1128 3268 1239 3322 ἀπὸ
1253 3269 1601 3339 τετραγώνου
1620 3270 1880 3335 λαξευτοῦ

294 3358 455 3411 λίθου
488 3358 926 3429 ἀνῳκοδόμηται,
961 3359 1058 3413 καὶ
1108 3360 1138 3411 ό
1191 3360 1318 3425 ναὸς
1366 3361 1534 3431 μέσον
1565 3361 1737 3432 αὐτῆς
1788 3364 1881 3430 ἐγ-

294 3451 542 3523 χόρηγος
566 3452 905 3523 τρουλλωτὸς
943 3451 1158 3526 ἵδρυται
1193 3453 1254 3506 ἐν
1287 3453 1673 3526 κυλινδρωτοῖς
1703 3456 1882 3519 θόλοις

294 3544 743 3614 ἐπικαθήμενος.
786 3544 991 3598 Τούτου
1042 3543 1406 3609 συνέζευκται
1462 3551 1519 3600 ἐν
1581 3548 1659 3618 τῷ
1717 3548 1882 3619 δεξιῷ

298 3637 465 3707 μέρει
494 3638 624 3701 ναὸς
676 3637 866 3708 ἐτερος
904 3638 1135 3702 θολωτὸς
1172 3639 1318 3692 πάνυ
1381 3640 1792 3711 σμικρώτατος,
1826 3646 1882 3694 ἐν

292 3731 417 3791 τοῖς
444 3730 682 3799 χρόνοις,
717 3727 791 3792 ὡς
817 3728 1064 3798 λέγεται,
1111 3730 1220 3783 τῶν
1264 3730 1609 3785 ’Λποστόλων
1653 3733 1882 3802 ἀνεγερ-

294 3819 441 3883 Θεὶς,
480 3815 544 3874 οὗ
576 3822 634 3872 ἐν
657 3819 736 3890 τῷ
765 3821 938 3891 μύακι
961 3820 1127 3874 εἰκὼν
1147 3821 1245 3891 τῆς
1271 3822 1539 3876 Θεοτόκου
1574 3824 1878 3895 ίστόρηται,

296 3914 362 3963 ἐν
416 3912 690 3978 ἀγκάλαις
742 3912 1020 3983 φερούσης
1083 3912 1174 3966 τὸν
1217 3914 1449 3984 Σωτῆρα
1510 3916 1769 3987 Χριστὸν,
1823 3918 1883 3970 τὸ

302 3999 517 4069 σχῆμα,
551 4001 648 4053 καὶ
680 4000 742 4054 τὸ
807 4002 1029 4073 χρῶμα,
1062 4005 1158 4056 καὶ
1209 4004 1272 4056 τὸ
1309 4004 1486 4074 μῆκος
1539 4008 1883 4075 ἐμφαίνουσα

296 4095 402 4163 τῆς
464 4092 524 4145 ἐν
592 4096 658 4164 τῇ
717 4093 1085 4165 Βασιλευούσῃ
1150 4095 1514 4168 Ὀδηγητρίας
1573 4099 1884 4167 ὐπεραγίας

298 4183 541 4248 εἰκόνος.
572 4185 815 4252 Λέγεται
883 4186 940 4239 δέ
974 4187 1039 4242 ἐκ
1092 4186 1341 4241 παλαιῶν
1395 4188 1772 4259 παραδόσεων,
1807 4191 1883 4254 ὼς

303 4276 589 4345 ἱστόρηται
616 4274 756 4345 αὕτη
803 4277 947 4345 χειρὶ
990 4275 1083 4329 τοῦ
1116 4277 1420 4331 ἀποστόλου
1462 4279 1555 4332 καὶ
1598 4280 1885 4348 εὐαγγελι-

304 4365 439 4419 στοῦ
469 4365 567 4419 τοῦ
589 4366 745 4435 ἁγίου
779 4369 987 4423 Λουκᾶ.
1025 4368 1137 4421 Καὶ
1166 4369 1526 4424 πιστεύεσθαι
1559 4370 1657 4443 τὴν
1691 4375 1884 4443 φήμην

1345 319 1798 381 DESCRIPTIO
1840 315 1990 376 TER
2005 320 2119 380 ΠΕ
2164 323 2494 387 SANCT/E.

1274 433 1367 486 καὶ
1422 434 1501 504 τῷ
1560 433 1739 506 στύλῳ
1790 433 1881 496 τὰς

1994 442 2095 502 tes,
2130 448 2185 492 et
2213 439 2477 495 columna:
2532 439 2709 510 capita
2765 439 3119 511 applicantes,
3171 444 3448 501 oculorum
3479 463 3580 502 nu-

3460 328 3571 397 954

1997 530 2161 594 tibus,
2218 533 2396 586 cibum
2450 533 2551 587 sibi
2586 533 2991 591 subministrari
3040 536 3338 606 poscebant
3375 558 3389 595 :
3421 539 3580 609 cujus

1994 636 2114 676 cum
2166 620 2324 678 facile
2371 625 2660 694 participes
2712 624 2839 682 facti
2895 636 3101 692 essent,
3161 628 3227 684 ad
3281 641 3576 687 consuetos

1993 712 2232 768 ﬂuminis
2279 715 2512 772 vortices
2591 718 2698 772 laeti
2766 718 3135 774 reveniebant.
3191 720 3355 776 Cibus
3412 731 3575 777 erant

1993 803 2303 875 legumina,
2362 820 2499 877 aqua
2579 808 2921 873 madefacta,
2981 818 3073 864 aut
3120 811 3259 866 forte
3317 813 3572 883 olyrites,

1991 896 2075 952 vel
2134 897 2287 967 panis
2340 899 2623 955 hordeacei
2685 900 2878 956 frusta.
2935 901 3001 957 lli
3075 918 3196 958 eum
3283 905 3576 976 aliquando

1992 990 2360 1057 advenissent,
2420 999 2495 1057 et,
2521 1005 2621 1059 pro
2650 1006 2824 1059 more,
2863 994 3146 1049 oculorum
3210 997 3428 1052 nutibus
3478 996 3579 1051 ali-

1993 1092 2179 1138 menta
2232 1083 2335 1139 sibi
2393 1083 2748 1154 postularent,
2810 1086 2940 1141 dum
2997 1087 3115 1143 seni
3144 1102 3251 1143 non
3315 1088 3575 1157 suppetit.

1997 1187 2233 1243 quanam
2265 1174 2475 1229 ratione
2503 1172 2741 1230 ferarum
2764 1174 3047 1231 desideriis
3099 1185 3390 1237 occurrat;
3420 1190 3576 1230 nam-

1990 1279 2097 1334 que
2155 1265 2366 1321 dierum
2431 1265 2624 1336 viginti
2682 1266 2966 1322 intervallo
3016 1267 3148 1322 nihil
3197 1283 3262 1323 eo
3300 1269 3576 1337 temporis,

1991 1358 2073 1411 vir
2100 1356 2186 1413 ille
2208 1372 2383 1424 sacer,
2411 1358 2808 1414 esculentorum
2838 1360 2939 1415 sibi
2972 1369 3286 1430 paraverat;
3331 1359 3438 1416 illis
3462 1360 3579 1415 haec

1991 1450 2110 1505 iniit
2142 1468 2156 1503 :
2185 1449 2433 1517 Quando,
2470 1465 2502 1506 ο
2533 1451 2743 1518 bellum,
2768 1467 2942 1521 neque
2970 1463 3205 1508 vestram
3239 1451 3579 1509 debilitatem

1989 1541 2246 1597 alimento
2300 1540 2480 1612 aliquo
2540 1556 2787 1598 recreare
2832 1544 3121 1613 possimus,
3179 1559 3302 1600 cum
3350 1558 3447 1614 per
3478 1545 3577 1598 hos

1989 1631 2186 1703 viginti
2214 1633 2327 1701 jam
2368 1633 2583 1703 elapsos
2612 1633 2729 1689 dies
2757 1648 2855 1691 nec
2881 1636 3098 1705 quidem
3142 1636 3333 1699 nobis,
3373 1645 3432 1690 ut
3459 1650 3579 1689 mo-

1988 1726 2065 1779 ris
2115 1733 2253 1791 erat,
2287 1740 2406 1796 qua:
2441 1727 2749 1782 necessaria
2808 1738 2986 1794 erant,
3047 1727 3442 1793 sull‘ecerimus,
3498 1729 3573 1783 ita

1722 1790 1881 1890 τοῦῨο
1911 1798 1958 1857 Β
1988 1816 2116 1881 Deo,
2150 1831 2254 1886 qua
2283 1827 2467 1873 nostra
2486 1826 2639 1873 curat
2662 1819 3022 1888 providentia,
3085 1820 3362 1888 sapienter
3382 1820 3573 1890 dispov

1986 1916 2168 1968 nente,
2221 1919 2356 1976 opus
2386 1914 2491 1970 est,
2525 1914 2583 1962 ut
2614 1921 2708 1963 vos
2730 1922 2757 1961 a
2786 1905 3044 1963 Jordanis
3104 1908 3301 1964 ﬂuenta
3343 1922 3573 1978 progre-

1986 1996 2228 2062 diamini,
2288 1997 2519 2068 indeque
2575 1998 2777 2069 lignum
2852 2000 3107 2068 pusillum
3176 2001 3242 2054 ad
3291 2014 3391 2056 nos
3437 1998 3572 2055 affe-

1988 2084 2141 2149 ratis,
2191 2097 2255 2138 ex
2313 2097 2420 2152 quo
2475 2099 2665 2140 cruces
2695 2084 2998 2150 confectas,
3048 2087 3159 2142 voti
3194 2085 3573 2151 reis,benedi-

1987 2172 2184 2228 ctionis
2229 2187 2389 2228 causa
2458 2172 2732 2241 dabimus,
2782 2190 2814 2230 α
2865 2176 3081 2245 quibus,
3103 2192 3198 2247 pro
3235 2176 3569 2247 singulorum

1988 2264 2214 2317 arbitrio
2271 2264 2506 2334 gratuita
2568 2266 2706 2335 stipe
2754 2270 3107 2331 remunerati,
3154 2282 3373 2337 parvam
3406 2281 3571 2335 pecu—

1987 2353 2130 2408 niam
2162 2355 2495 2425 colligemus,
2519 2371 2636 2426 qua:
2661 2358 2814 2412 vobis
2837 2358 3073 2427 mihique
3104 2358 3284 2415 cibum
3333 2357 3569 2427 parabit.

1988 2447 2136 2502 Dixit
2185 2446 2295 2503 ille.
2342 2448 2492 2504 Ferte
2544 2450 2856 2517 audierunt,
2911 2463 2989 2515 et,
3039 2457 3315 2521 tamquam
3341 2450 3573 2506 rationis

1988 2549 2287 2608 compotes,
2378 2539 2544 2594 alacri
2599 2550 2745 2595 motu
2818 2556 3113 2610 gressuque
3165 2540 3229 2596 ad
3276 2538 3569 2597 Iordanem

1989 2634 2345 2702 procedunt:
2409 2649 2509 2689 nec
2576 2628 2744 2689 multo
2767 2646 2887 2705 post
2938 2633 3130 2705 (orem
3200 2634 3575 2705 miram),duo

1987 2723 2131 2792 ligna
2167 2727 2220 2779 iu
2253 2725 2393 2781 collo
2439 2734 2672 2795 gestant,
2692 2736 2747 2780 et
2775 2726 3039 2782 columnae
3085 2727 3198 2781 basi
3241 2733 3516 2796 apponunt
3550 2743 3565 2781 :

1989 2824 2102 2869 tum
2169 2816 2385 2871 demum
2421 2818 2487 2871 ad
2516 2814 2768 2872 Jordauis
2799 2818 3021 2887 paludes
3045 2828 3289 2888 prompte
3332 2818 3570 2873 avolant.

1986 2909 2052 2963 Et
2080 2911 2195 2965 haec
2225 2909 2332 2964 siut
2372 2909 2544 2964 satis:
2580 2924 2722 2963 nunc
2758 2909 3000 2964 locorum
3041 2908 3327 2965 historiam
3375 2921 3569 2979 prose-

1986 3016 2238 3071 quamur.

2058 3204 2150 3260 24.
2208 3203 2313 3260 Sed
2379 3211 2433 3259 et
2486 3201 2796 3258 Calamonis
2864 3198 3253 3255 monasterium
3327 3196 3568 3253 turribus

1981 3296 2318 3363 cortinisque
2381 3308 2446 3347 ex
2482 3293 2746 3363 quadrato
2797 3291 3070 3360 politoque
3125 3289 3307 3360 lapide
3350 3297 3569 3343 exstru-

1982 3395 2127 3443 ctum
2155 3396 2273 3443 est:
2308 3395 2364 3441 et
2395 3387 2447 3440 in
2479 3384 2595 3455 ejus
2633 3384 2809 3438 medio
2870 3382 3124 3450 templum
3154 3397 3346 3449 capax,
3379 3380 3571 3434 trulla-

1983 3490 2125 3544 tum,
2170 3479 2427 3546 assurgit,
2492 3475 2674 3540 tholis,
2733 3474 2958 3546 cylindri
3016 3474 3187 3527 instar
3239 3472 3569 3537 fabrefactis,

1984 3571 2249 3625 insiliens.
2301 3567 2439 3623 lluie
2469 3568 2521 3621 in
2554 3566 2775 3621 dextera
2810 3575 2963 3633 parte
3018 3564 3271 3634 templum
3298 3563 3440 3617 aliud
3472 3562 3571 3615 ad-

1984 3661 2240 3725 nectitur,
2286 3657 2435 3713 tbolo
2466 3671 2618 3727 atque
2639 3664 2928 3721 constans,
2961 3654 3215 3725 pusillum
3254 3653 3573 3715 admodum,

1991 3760 2150 3805 aatate
2195 3748 2585 3821 apostolorum,
2639 3754 2697 3801 ut
2770 3745 2987 3801 traditio
3038 3756 3145 3811 est,
3196 3743 3569 3798 :edificalum:

1985 3844 2036 3895 in
2072 3842 2229 3912 cujus
2257 3839 2461 3913 mytulo
2484 3837 2728 3910 Deipara
2749 3836 2927 3908 imago
2956 3836 3168 3907 depicta
3223 3843 3328 3900 est,
3351 3833 3403 3887 in
3428 3832 3571 3908 ulnis

1986 3936 2262 3991 Christum
2314 3932 2653 3988 Salvatorem
2680 3930 2984 4000 gestantis;
3018 3928 3264 3999 figuram,
3311 3924 3568 3985 colorem,

1984 4044 2047 4084 ac
2075 4024 2463 4098 longitudinem
2511 4021 2869 4078 sanctissimae
2908 4018 3161 4087 imaginis
3210 4014 3570 4084 llodegetriac,

1993 4134 2113 4190 qua:
2143 4118 2196 4173 in
2226 4116 2374 4188 regia
2397 4115 2529 4170 urbe
2556 4122 2857 4182 spectatur,
2916 4126 3028 4183 pra:
3048 4125 3107 4165 se
3142 4110 3344 4164 ferens.
3372 4108 3440 4162 Et
3470 4120 3572 4158 an»

1986 4211 2132 4279 tiqna
2153 4209 2280 4263 item
2312 4204 2603 4261 traditione
2625 4210 2994 4266 asseveratur,
3046 4213 3166 4255 eam
3193 4213 3315 4254 esse
3337 4194 3567 4266 apostoli

1985 4311 2039 4354 et
2080 4296 2437 4367 Evangelistee
2477 4295 2633 4349 Luca:
2685 4306 2848 4348 manu
2898 4292 3208 4360 depictam:
3259 4288 3574 4354 famamque

1988 4406 2053 4446 ac
2083 4402 2361 4444 rumorem
2416 4385 2485 4440 de
2515 4399 2578 4439 ea
2611 4383 2896 4439 stabiliunt
2953 4378 3260 4450 frequentia
3286 4376 3574 4442 miracula,

302 4459 554 4511 πείθουσι
574 4459 644 4512 τά
675 4476 735 4512 τε
771 4460 942 4531 συχνά
966 4459 1246 4530 θαύματα,
1277 4463 1370 4515 καὶ
1398 4464 1430 4533 ἡ
1460 4464 1878 4538 φρικωδεστάτη

1991 4492 2045 4538 et
2070 4498 2133 4535 ex
2156 4478 2397 4549 imagine
2445 4476 2799 4532 suavissimus
2850 4475 3008 4539 odor,
3041 4488 3151 4529 non
3181 4472 3300 4527 sine
3330 4472 3574 4525 omnium

304 4551 370 4601 ἐκ
401 4550 500 4616 τῆς
538 4551 746 4613 εἰκόνος
782 4552 1117 4622 ἐξερχομένη
1141 4551 1363 4609 εὐωδία.
1399 4555 1507 4608 Καὶ
1539 4554 1657 4624 μετ’
1684 4555 1874 4625 αὐτὴν,

304 4642 442 4693 ὡσεὶ
474 4641 706 4694 σταδίων
740 4648 803 4706 ε’,
837 4642 1051 4713 ἵδρυται
1088 4644 1121 4712 ἡ
1148 4643 1244 4696 τοῦ
1274 4645 1663 4716 Χρυσοστόμου
1705 4650 1867 4717 μονή.

332 4736 411 4798 ll;
430 4735 636 4788 ἄποθεν
668 4735 804 4788 ὡσεὶ
833 4733 992 4802 τόξου
1018 4733 1179 4806 βολῆς
1208 4737 1628 4811 ἐγκλειστήριος
1661 4741 1878 4796 ἵσταται

308 4828 522 4894 στύλος,
558 4828 638 4891 είς
672 4827 732 4880 δν
768 4831 797 4881 ὁ
829 4828 1004 4897 μέγας
1040 4829 1388 4900 ἐφησύχαζεν
1414 4833 1579 4904 ἀνὴρ,
1626 4832 1879 4904 Ἰϐηριώ-

311 4939 405 4992 ιης
435 4922 498 4974 τὸ
524 4925 705 4989 γένος,
736 4922 829 4975 τὸν
850 4922 1052 4993 τρόπον
1080 4923 1309 4991 ἁπλοῦς,
1339 4925 1429 4978 τὸν
1464 4925 1623 4995 λόγον
1664 4928 1879 4981 αἰδέσι-

310 5032 435 5083 μος,
465 5013 639 5067 πάλαι
670 5014 764 5067 ἐπὶ
798 5015 1018 5085 χρόνοις
1046 5019 1271 5087 συχνοῖς
1310 5019 1369 5070 ἐν
1400 5017 1477 5088 τῷ
1506 5022 1635 5090 περὶ
1660 5019 1757 5093 τὴν
1786 5020 1879 5076 θάο

311 5121 516 5159 ’.ασσαν
536 5104 959 5175 τῆςἊτταλείας
992 5108 1269 5178 πεπηγότι
1300 5107 1462 5178 λίθῳ,
1492 5111 1622 5174 τοὺς
1651 5114 1883 5180 ἀσκητι-

306 5197 440 5258 amb;
478 5195 737 5259 διανύσας
779 5196 1002 5260 πόνους.
1034 5197 1165 5252 Ὅτε
1228 5199 1324 5253 καὶ
1378 5203 1540 5270 ἡμεῖς
1592 5201 1671 5272 τῷ
1727 5204 1885 5275 ἀνδρὶ

305 5290 654 5362 ἐνετύχομεν,
671 5289 749 5361 τῷ
779 5290 1013 5361 ἀοιδίμω
1034 5292 1250 5360 βασιλεῖ
1275 5293 1371 5348 καὶ
1393 5300 1884 5370 πορφυρογεννήτῳ

304 5382 385 5453 τῷ
415 5382 685 5454 Κομνηνῷ
723 5386 1237 5455 συστρατευόμενοι.

383 5480 483 5530 κε’.
515 5474 700 5546 Πέραν
727 5475 785 5529 δὲ
814 5476 908 5531 τοῦ
932 5476 1208 5548 Ἰορδάνου
1261 5480 1492 5550 ἀντικρὺ
1532 5481 1635 5551 τῆς
1682 5484 1886 5537 Βαπτί-

310 5563 448 5627 cedi;
500 5567 609 5619 είσι
640 5565 837 5637 θάμνοι
880 5567 1149 5641 διάφοροι,
1180 5570 1273 5623 καὶ
1309 5570 1472 5641 μέσον
1499 5572 1705 5626 τούτοιν
1752 5575 1885 5629 ὡσεὶ

311 5655 528 5709 σταδίου
561 5657 679 5721 ἐνὸς
712 5657 938 5724 ἄποθεν,
973 5658 1088 5712 ἐστι
1123 5659 1184 5712 τὸ
1216 5660 1312 5714 τοῦ
1348 5662 1656 5716 Βαπτιστοῦ
1701 5663 1885 5720 Ἰωάν-

312 5764 404 5801 νου
437 5750 703 5823 σπήλαιον
737 5753 935 5824 μικρὸν
967 5754 1109 5810 πάνυ
1141 5757 1236 5811 καὶ
1270 5758 1342 5828 μὴ
1394 5757 1694 5830 δυνάμενον
1733 5760 1885 5827 δέξα-

1988 4572 2371 4633 admiratione,
2434 4582 2714 4624 emanans.
2779 4564 3159 4636 Subsequitur,
3210 4564 3403 4620 stadiis
3463 4560 3575 4616 fere

1984 4666 2226 4735 quinque
2279 4660 2509 4725 distans,
2554 4658 2931 4730 Chrysostomi
2980 4657 3417 4714 monasterium:
3452 4653 3574 4705 lnn-

1982 4769 2152 4826 gcque
2180 4751 2245 4806 ab
2288 4765 2353 4806 eo
2381 4749 2448 4803 ad
2487 4749 2575 4803 teli
2600 4750 2811 4817 jactum
2835 4747 3083 4804 columna
3142 4754 3228 4801 est.
3252 4742 3572 4799 iuclisteria.

1984 4849 2035 4902 in
2076 4861 2179 4914 qua
2215 4844 2318 4904 vir,
2371 4842 2557 4898 lberus
2611 4854 2833 4911 genere,
2886 4839 3130 4894 moribus
3174 4836 3430 4907 simplex,
3462 4848 3551 4888 ser

1985 4952 2151 4992 mone
2173 4935 2526 5000 reverendus,
2557 4933 2650 5004 qui
2682 4930 3030 5002 tranquillam
3076 4928 3241 4983 vitam
3274 4927 3407 4997 agit,
3458 4925 3569 4994 pri-

1990 5034 2111 5083 dem
2159 5041 2255 5094 per
2292 5024 2475 5096 plures
2544 5037 2712 5078 annos
2777 5022 2831 5076 iu
2866 5035 3021 5088 saxo,
3056 5019 3122 5073 ad
3154 5032 3305 5073 mare
3358 5014 3573 5069 Attalia'

1985 5117 2230 5184 fundato,
2296 5116 2571 5171 laboribus
2649 5113 2924 5169 continuis
3005 5110 3403 5177 sudoribusque
3454 5119 3574 5159 sese

1985 5214 2339 5275 exercuerat;
2372 5207 2557 5277 ibique
2588 5220 2687 5261 nos
2750 5220 2873 5260 eum
2939 5200 3156 5257 allocuti
3183 5198 3411 5262 fuimus,
3444 5195 3571 5250 dum

1988 5317 2090 5356 una
2148 5315 2274 5354 cum
2349 5298 2703 5353 celeberrimo
2770 5298 3097 5363 imperatore
3164 5299 3219 5344 et
3262 5287 3572 5358 Porphyro-

1988 5402 2217 5466 genneta
2248 5391 2527 5447 Comneno
2550 5388 2930 5444 militaremus.

2058 5485 2151 5540 25.
2205 5483 2263 5538 In
2322 5484 2549 5538 adversa
2606 5480 2857 5537 Jordanis
2882 5485 3057 5548 parte,
3083 5481 3273 5530 contra
3309 5470 3569 5542 Baptismi

1990 5576 2269 5648 templum,
2331 5576 2544 5632 diversa
2595 5574 2813 5628 dumeta
2864 5576 3178 5640 assurgunt,
3206 5568 3453 5637 interque
3477 5579 3565 5629 ea,

1990 5671 2147 5726 stadii
2184 5670 2343 5724 unius
2372 5667 2727 5741 longitudine,
2763 5664 3017 5736 Baptista:
3042 5663 3266 5721 Joannis
3309 5660 3565 5729 spelunca

1990 5760 2363 5832 patet,pusilla
2400 5761 2583 5829 nimis,
2614 5775 2788 5817 ncoue
2821 5760 2994 5817 virum
3040 5769 3277 5829 procera:
3318 5760 3565 5817 statum,
