4042 6398
448 317 562 385 955

1764 332 2091 398 JOANNIS
2169 337 2444 404 PHOCIE

3617 352 3740 451 95s

451 448 635 496 rectus
657 440 750 511 qui
779 443 1018 511 steterit,
1050 444 1272 516 capiens
1307 463 1320 501 :
1355 447 1711 521 ejusdemque
1735 452 1788 507 iu
1813 454 2034 522 faciem,

2147 456 2272 512 σθαι
2296 458 2483 529 ὄρθιον
2511 458 2681 530 ἄνδρα
2713 460 2954 535 εὑμήκη.
2989 462 3099 518 Καὶ
3131 465 3325 520 τούτου
3350 467 3576 524 κατίσον
3600 446 3729 543 περι

449 533 507 587 in
542 535 716 589 eremi
747 537 1038 605 profumlo,
1094 540 1267 595 altera
1331 542 1591 612 spelunca
1642 546 1776 612 hiat,
1822 549 1875 603 in
1929 564 2035 620 qua

452 622 599 681 Elius
631 627 895 697 propheta
951 631 1114 685 vitam
1172 632 1396 705 degens,
1434 637 1501 690 ab
1548 638 1708 705 igneo
1733 653 1895 694 curru
1941 646 2038 695 al)-

451 727 640 785 reptus
668 728 774 774 est.
810 719 964 775 Ultra
994 722 1170 780 dictas
1205 726 1513 797 speluncas,
1554 730 1620 784 ad
1667 729 1812 801 ipsos
1838 730 2034 788 Iorda-

454 808 540 863 nis
562 823 758 865 cursus
805 811 948 867 fama
979 824 1084 878 est,
1108 831 1351 873 eremum
1379 822 1621 887 extendi,
1664 823 1716 877 in
1741 839 1849 893 qua
1874 840 2039 881 vene-

453 900 660 956 randus
711 902 961 959 Zosimas
1009 907 1221 975 angelis
1263 926 1448 981 parem
1480 912 1796 986 Egyptian]
1834 916 2038 974 intueri

452 992 651 1063 dignus
678 994 909 1054 eﬂ‘ectus
944 1008 1049 1057 est.
1100 1002 1278 1059 Trans
1324 1016 1536 1062 montes
1559 1010 1658 1077 ,via
1699 1011 1765 1064 ad
1801 1022 2040 1069 montem

453 1083 665 1153 Sinam,
717 1085 1040 1161 Bhaithum,
1085 1108 1345 1166 mareque
1394 1097 1637 1155 Rubrum
1689 1104 2035 1171 conducens,

453 1173 633 1230 locum
669 1179 773 1234 sibi
801 1182 1079 1241 vendicat.
1104 1184 1212 1242 Sed
1247 1189 1334 1245 hic
1370 1192 1435 1247 de
1459 1208 1645 1250 eremo
1666 1196 1841 1250 oratio
1878 1197 2038 1252 finem

453 1265 673 1324 habeat.

525 1358 618 1415 26.
647 1359 728 1417 Ad
753 1363 1118 1423 dexteriorem
1147 1380 1359 1437 partem
1394 1386 1595 1430 sanetae
1624 1378 1860 1435 civitatis
1883 1380 2043 1437 Jeru-

455 1452 647 1521 salem,
683 1463 740 1511 et
768 1471 796 1511 a
833 1467 983 1515 turre
1006 1460 1236 1520 .Davidis
1273 1468 1574 1536 prophetae,
1604 1471 1790 1542 iugum
1821 1484 1928 1537 est,
1959 1478 2040 1529 vi-

457 1545 604 1602 tibus
637 1549 933 1607 nniversim
964 1556 1260 1625 consitum,
1323 1559 1577 1632 illiusque
1609 1564 1676 1618 ad
1714 1577 1896 1636 partes
1948 1569 2043 1625 de-

456 1640 758 1705 pressiores
782 1643 1062 1703 Iberorum
1101 1654 1524 1719 monasterium,
1563 1657 1705 1713 intra
1744 1662 1900 1730 cujus
1925 1677 2043 1718 am-

458 1728 626 1785 bitum
661 1739 983 1793 veneranda:
1028 1742 1209 1798 crucis
1240 1743 1442 1815 lignum
1494 1748 1548 1804 in
1589 1762 1773 1821 partes
1808 1754 2037 1810 divisum

459 1821 623 1877 fuisse
661 1828 915 1885 traditur.
945 1830 1081 1888 ﬂiuc
1114 1836 1353 1905 regionis
1386 1851 1658 1897 montanae
1695 1844 1846 1899 initia
1890 1858 2039 1914 sunt,

458 1928 564 1968 non
588 1917 826 1975 absurde
852 1922 924 1977 ita
953 1937 1301 1996 nuncupatae,
1326 1934 1471 2001 quod
1498 1935 1739 1990 omnium
1775 1940 2039 1995 montium

453 2023 563 2062 orm
595 2014 768 2081 magis
797 2016 1015 2073 clivosae
1045 2036 1141 2090 per
1168 2024 1332 2078 multa
1366 2027 1539 2081 stadia
1572 2028 1623 2083 in
1653 2030 2039 2101 longitudinem

452 2112 771 2159 excurrant.
795 2107 985 2179 Itaque
1017 2127 1046 2168 a
1080 2127 1269 2171 sancta
1299 2119 1523 2175 civitate
1551 2122 1744 2179 stadiis
1769 2127 1881 2180 fere
1904 2142 2040 2195 qua-

453 2194 775 2265 tuordecim,
829 2199 1109 2260 Zachariae
1154 2210 1434 2278 prophetae
1482 2212 1674 2269 domus
1727 2194 2036 2286 inspicitur,

454 2286 509 2339 in
553 2301 740 2357 quam,
791 2304 913 2361 post
960 2297 1470 2369 Annnntiationem,
1531 2304 2039 2365 immaculatissima

456 2376 690 2448 Deipara
723 2385 958 2443 sollicite
1013 2394 1373 2461 contendens,
1420 2395 1785 2454 Elisabetham
1836 2403 2042 2458 saluta-

457 2471 566 2535 vit;
603 2476 763 2546 cujus
800 2488 856 2534 et
899 2481 1080 2541 infans
1109 2488 1308 2553 gaudio
1362 2491 1416 2543 in
1479 2501 1635 2547 utero
1687 2495 2037 2565 subsultavit,

452 2564 803 2636 cxsultantia,
832 2582 892 2626 ut
925 2589 1023 2641 par
1049 2586 1153 2642 est,
1188 2579 1475 2636 Dominum
1501 2584 1814 2654 excipiens;
1847 2588 2040 2661 Virgo-

454 2666 561 2721 que
603 2655 983 2715 admirandum
1040 2673 1095 2719 et
1160 2670 1536 2737 propheticum
1590 2673 1720 2731 illud
1755 2655 2040 2734 Canticum

455 2745 778 2803 enuntiavit.
803 2748 861 2803 In
894 2751 1011 2808 loco
1035 2755 1218 2826 itaque
1244 2759 1333 2815 illo
1364 2764 1671 2828 castellum,
1700 2777 1755 2821 et
1776 2770 2035 2839 templum

454 2847 621 2902 super
651 2838 908 2906 spelunca
946 2845 1108 2902 situm
1142 2864 1221 2903 esr
1258 2869 1272 2905 :
1305 2852 1358 2906 in
1392 2853 1668 2922 spelunca:
1698 2858 1904 2915 ultimis
1958 2876 2039 2915 re-

453 2926 701 2985 cessibus
749 2928 1111 2994 Prtecursoris
1162 2943 1419 3000 nativitas
1448 2948 1667 3004 accidit.
1701 2948 1876 3021 Prope
1916 2967 2037 3008 eam

457 3015 587 3069 hino
643 3020 733 3075 teli
764 3022 942 3092 jactu,
998 3030 1065 3083 ad
1117 3032 1493 3091 sublimiorem
1548 3049 1760 3108 partem
1811 3046 2035 3112 montis,

2139 549 2200 602 τὸ
2233 550 2400 620 βάθος
2422 552 2526 623 τῆς
2560 554 2767 626 ὲρήμου
2800 555 2990 627 ἕτερόν
3028 554 3144 611 ἔστι
3186 559 3482 630 σπήλαιον,
3518 562 3577 615 ἐν
3631 558 3676 633 ᾧ
3702 568 3730 621 ὁ

2142 644 2434 715 προφήτης
2470 645 2658 711 Ἠλίας
2685 648 3067 719 διαιτώμενος,
3091 650 3198 704 ὑπὸ
3225 651 3322 705 τοῦ
3351 654 3582 723 πυρίνου
3624 657 3723 727 ἠρ-

2142 738 2297 809 πάγη
2353 741 2621 812 ἅρματος.
2671 744 2892 798 Τούτων
2924 744 2982 799 δὲ
3016 747 3303 819 σπηλαίων
3336 750 3549 803 ἐκεῖθεν
3594 752 3729 821 περὶ

2140 829 2240 901 τὴν
2278 831 2373 885 τοῦ
2419 833 2688 906 Ἰορδάνου
2720 836 2913 908 φορὰν,
2940 838 3160 908 λέγεται
3180 840 3335 895 εἶναι
3358 840 3460 914 τὴν
3491 841 3725 913 ἔρημον,

2140 921 2230 989 ἐφ’
2252 921 2320 992 ἢν
2362 924 2391 978 ὁ
2429 922 2745 997 θαυμαστὸς
2796 930 3056 999 Ζωσιμᾶς
3106 929 3206 1000 τὴν
3239 931 3529 1001 ίσάγγελον
3560 935 3731 1003 Αἰγυ-

2141 1014 2304 1069 πτίαν
2336 1015 2464 1070 ἰδεῖν
2493 1017 2726 1089 ἠξιώθη.
2758 1021 2881 1074 Τῶν
2909 1021 2966 1076 δὲ
2992 1022 3201 1093 βουνῶν
3241 1023 3476 1091 ἐκεῖθεν,
3512 1026 3546 1095 ή
3577 1025 3728 1079 ἀπά-

2140 1122 2316 1174 γουσα
2350 1108 2411 1163 ἐν
2448 1109 2527 1181 τῷ
2568 1111 2702 1183 Σινᾷ
2742 1113 2837 1166 καὶ
2883 1112 2963 1183 τῷ
3000 1112 3205 1184 Ῥαῖθῷ
3243 1115 3341 1169 καὶ
3370 1117 3437 1185 τῇ
3491 1116 3731 1188 Ἐρυθρᾷ

2142 1194 2390 1270 θαλάσσῃ
2424 1198 2671 1271 πέφυκεν
2705 1200 2933 1273 ἔρημος.
2964 1202 3238 1259 Ἐνταῦθά
3274 1207 3420 1275 μοιὸ
3465 1206 3592 1276 περὶ
3630 1207 3732 1277 τῆς

2141 1286 2352 1357 ἐρήμου
2386 1288 2545 1357 λόγος
2578 1289 2640 1344 τὸ
2668 1290 2852 1361 τέρμα
2891 1290 3160 1358 δεξάσθω.

2210 1386 2329 1445 σις’.
2359 1379 2774 1454 Δεξιώτερονδὲ
2804 1383 2899 1437 τοῦ
2932 1384 3136 1454 μέρους
3176 1386 3277 1455 τῆς
3313 1385 3478 1453 ἁγίας
3517 1386 3730 1447 πόλεως

2155 1469 2542 1545 Ἰερουσαλήμ,
2577 1475 2672 1529 καὶ
2722 1476 2830 1529 ὑπὸ
2862 1478 2956 1529 τοῦ
2992 1476 3194 1547 μέρους
3227 1477 3324 1531 τοῦ
3370 1479 3587 1549 πύργου
3635 1478 3730 1533 τοῦ

2141 1566 2426 1635 προφήτου
2485 1566 2670 1633 Δαὸὶδ,
2706 1566 2822 1620 ἔστι
2871 1564 3034 1637 ζυγὸς
3064 1568 3182 1632 ὅλος
3235 1569 3585 1640 ὑπάμπελος,
3636 1573 3732 1624 καὶ

2140 1657 2331 1711 τούτου
2385 1660 2517 1731 περὶ
2568 1659 2637 1714 τὰ
2686 1660 3089 1732 χθαμαλώτερα
3129 1662 3297 1734 μέρη,
3344 1663 3454 1718 τῶν
3497 1664 3730 1735 Ἰϐήρων

2146 1750 2282 1821 μονὴ
2313 1752 2579 1820 πέφυκεν,
2610 1747 2679 1826 ἧς
2702 1754 2804 1822 τῆς
2830 1756 3185 1826 περιγραφῆς
3208 1757 3383 1823 ἐντος,
3426 1758 3522 1810 τοῦ
3545 1757 3730 1826 τιμίου

2145 1844 2385 1914 σταυροῦ
2420 1844 2699 1916 τμηθῆναι
2746 1847 2966 1915 λέγεται
2998 1849 3177 1913 ξύλον.
3250 1848 3538 1904 Ἐντεῦθεν
3570 1852 3602 1920 ἡ
3629 1851 3732 1919 τῆς

2143 1936 2363 2007 ὀρεινῆς
2383 1936 2728 2007 λαμϐάνεται
2764 1939 3101 2011 περίχωρος,
3137 1941 3379 2009 εὐλόγως
3413 1942 3557 1995 οὑτω
3595 1941 3733 2008 κληο

2143 2028 2332 2083 θεῖσα·
2366 2030 2460 2083 ἐπὶ
2499 2031 2663 2100 μήκει
2703 2031 2812 2102 γὰρ
2834 2031 3047 2085 πολλῶν
3082 2032 3314 2086 σταδίων
3355 2032 3471 2086 ἐστὶ
3497 2033 3558 2086 τὸ
3590 2032 3732 2086 πάν-

2141 2139 2252 2176 των
2287 2121 2496 2193 βουνῶν
2532 2123 2892 2195 όρεινότερον.
2966 2124 3104 2178 Ἀπὸ
3133 2125 3265 2192 γοῦν
3290 2125 3390 2194 τῆς
3433 2124 3595 2193 ἁγίας
3634 2124 3734 2178 πό-

2141 2216 2281 2280 λεως
2322 2216 2454 2270 ὡσεὶ
2485 2216 2676 2270 στάδια
2713 2213 2773 2271 ιδ’
2816 2217 2964 2271 ἔστιν
3019 2219 3053 2289 ή
3107 2219 3259 2273 οίκία
3296 2219 3576 2289 Ζαχαρίου
3632 2218 3730 2271 τοῦ

2143 2308 2451 2376 προφήτου,
2494 2309 2551 2360 έν
2655 2306 2796 2378 μετὰ
2828 2307 2920 2362 τὸν
2954 2309 3333 2379 χαιρετισμδν,
3368 2309 3654 2363 ἀναστᾶσα
3695 2310 3728 2378 ἡ

2145 2399 2524 2469 πανάχραντος
2563 2399 2825 2462 Θεοτόκος
2859 2399 3141 2471 ἐπορεύθη
3183 2402 3321 2471 μετὰ
3349 2401 3607 2471 σπουδῆς,
3634 2402 3729 2457 καὶ

2144 2491 2434 2560 ἠσπάσατο
2468 2490 2566 2562 τὴν
2601 2491 2908 2557 Ἐλισάόετ,
2935 2493 3031 2546 καὶ
3060 2493 3120 2547 τὸ
3152 2493 3357 2565 βρέφος
3385 2495 3443 2547 ὲν
3464 2493 3728 2562 ἀγαλλιά-

2145 2598 2230 2634 σει
2262 2583 2320 2634 ev
2345 2585 2414 2651 τῇ
2444 2581 2620 2650 κοιλίᾳ
2664 2580 2871 2650 ταύτης
2899 2583 3217 2654 ἐσκίρτησε,
3239 2587 3354 2647 τοῖς
3384 2586 3727 2657 σκιρτήμασι

2143 2674 2275 2726 ώσεὶ
2309 2674 2419 2747 [ἵσ.
2451 2674 2527 2736 ὡς
2561 2673 2732 2747 εἰκὸς]
2777 2674 2869 2727 τὸν
2905 2675 3189 2746 Δεσπότην
3228 2675 3596 2747 δεξιούμενον,
3632 2679 3728 2732 καὶ

2142 2767 2175 2836 ή
2225 2766 2503 2836 Παρθένος
2556 2766 2658 2836 τὴν
2708 2765 3034 2837 θαυμαστὴν
3098 2756 3317 2839 ἐκείνην
3372 2772 3729 2842 προφητικὴν

2143 2858 2290 2931 ᾠδὴν
2325 2860 2737 2929 ἀπεφθέγξατο.
2766 2861 2925 2914 Ἐστι
2958 2861 3090 2929 γοῦν
3118 2864 3177 2915 έν
3199 2863 3277 2931 τῷ
3309 2863 3462 2935 τόπῳ
3492 2865 3728 2919 καστέλ-

2142 2952 2278 3016 λιον,
2314 2954 2410 3006 καὶ
2449 2951 2578 3014 ναὸς
2628 2952 2867 3024 ὕπερθεν
2899 2954 3170 3025 σπηλαίου
3201 2955 3511 3025 ὲφίδρυται,
3547 2959 3642 3012 καὶ
3669 2958 3727 3010 ὲν

2140 3047 2254 3101 τοῖς
2277 3043 2372 3097 τοῦ
2394 3045 2663 3116 σπηλαίου
2695 3047 2889 3116 μυχοῖς
2936 3048 2969 3115 ἠ
3000 3046 3261 3116 γέννησις
3280 3049 3374 3102 τοῦ
3403 3050 3723 3121 Προδρόμου

455 3120 606 3176 petra
639 3124 745 3182 est,
779 3132 901 3187 qua:
954 3119 1124 3177 divisa
1160 3122 1454 3193 fugientem
1491 3128 1746 3199 Baptista:
1780 3145 2034 3202 matrem,

2143 3136 2357 3203 γέγονε,
2376 3136 2471 3190 καὶ
2482 3135 2672 3190 τούτου
2701 3136 3031 3206 πρόσεγγυς,
3053 3137 3186 3191 ώσεὶ
3214 3138 3307 3192 δύο
3334 3141 3504 3205 τόξων
3528 3142 3717 3212 βολῆς,

454 3202 712 3261 infantem
742 3211 1127 3280 amplevatam,
1153 3233 1275 3272 eum
1303 3218 1544 3279 Herodes
1575 3224 1722 3280 caede
1754 3227 2034 3284 immanis-

2144 3230 2276 3298 περὶ
2330 3227 2424 3282 τοῦ
2464 3228 2625 3297 ὅρους
2677 3202 3014 3299 ὑφιαίτερον,
3063 3229 3301 3301 ὑπάρχει
3356 3202 3727 3303 ήνσχισθείσα

451 3295 588 3351 sima
621 3301 856 3369 sazviret,
893 3305 1013 3360 sinu
1040 3322 1139 3364 suo
1168 3311 1373 3366 avexit.

526 3577 619 3634 27.
648 3578 731 3632 Ab
751 3579 1076 3649 Jerusalem,
1103 3588 1250 3642 inter
1268 3590 1401 3645 duas
1443 3592 1582 3657 vias,
1616 3610 1778 3650 unam
1812 3612 1934 3667 quae
1970 3599 2037 3652 ad

454 3677 732 3735 montana,
791 3674 1017 3729 alteram
1054 3693 1175 3747 quae
1210 3682 1276 3736 ad
1308 3685 1707 3743 ctenobiarchte
1757 3701 2025 3745 monaste-

453 3760 596 3815 rium
643 3773 697 3817 et
730 3763 962 3820 Lauram
993 3769 1237 3833 abducit,
1277 3773 1496 3829 dorsum
1527 3780 1840 3847 procurrit;
1879 3791 1934 3837 et
1985 3782 2036 3835 iu

452 3865 520 3903 eo
547 3851 652 3907 iter
683 3857 943 3925 aperitur,
985 3875 1012 3912 a
1047 3874 1235 3918 sancta
1291 3864 1460 3922 Sione
1513 3866 1790 3926 Bethleem
1830 3871 2035 3939 ferens,

459 3940 599 4003 Urbs
629 3962 759 4002 vero
785 3948 1059 4007 Bethleem
1094 3970 1123 4008 a
1148 3967 1336 4011 sancta
1362 3958 1583 4013 civitate
1613 3976 1708 4017 sex
1742 3963 1859 4020 fere
1887 3964 2038 4019 mille

448 4039 704 4105 passibus
729 4041 915 4098 distat.
950 4044 1006 4100 in
1037 4044 1154 4116 eius
1181 4058 1235 4104 et
1264 4059 1467 4106 sancta:
1498 4053 1739 4110 civitatis
1781 4055 2038 4116 meditul-

451 4128 524 4185 lio
574 4137 969 4191 monasterium
1003 4140 1178 4194 sancti
1211 4143 1492 4212 propheta:
1549 4143 1683 4200 Elia:
1729 4147 1967 4214 exsistit,
2005 4167 2035 4205 a

450 4225 836 4283 vetustissimis
872 4229 977 4298 piis
1039 4230 1353 4290 hominibus
1408 4238 1829 4306 exmdiﬂcatum,
1914 4243 2032 4310 sed,

450 4319 613 4369 terra:
627 4318 887 4384 motibus,
912 4319 1156 4378 funditus
1181 4335 1452 4394 aequatum
1475 4328 1624 4385 solo:
1655 4341 2034 4390 verumtamen

448 4411 507 4459 ct
539 4406 664 4469 hoc,
695 4407 761 4462 de
803 4411 936 4465 orbe
975 4413 1231 4470 universo
1280 4418 1419 4472 bene
1471 4434 1722 4487 merens,
1773 4421 2030 4480 dominus

2147 3320 2349 3391 πέτρα,
2413 3320 2509 3374 καὶ
2569 3320 2949 3393 ὑποδεξαμένη
2997 3321 3310 3390 φεύγουσαν
3364 3325 3464 3395 τὴν
3515 3328 3729 3397 μητέρα

2142 3413 2238 3467 τοῦ
2273 3412 2608 3476 Βαπτιστοῦ,
2642 3413 2841 3484 βρέφος
2868 3414 3283 3487 ὴγκαλισμένην
3317 3416 3497 3483 αὑτὸν,
3535 3418 3628 3471 ἐπὶ
3662 3422 3724 3491 τῇ

2147 3504 2515 3576 βρεφοκτονίᾳ
2545 3507 2639 3560 τοῦ
2680 3506 2944 3578 Ἡρώδου.

2215 3595 2321 3659 κζ’.
2379 3598 2515 3651 ’Λπδ
2557 3598 2615 3652 δὲ
2654 3598 2757 3667 τῆς
2805 3597 3165 3670 Ἰερουσαλὴμ
3200 3600 3366 3669 μέσον
3406 3600 3516 3654 τῶν
3548 3602 3639 3655 δύο
3669 3605 3728 3655 ὀ-

2139 3687 2265 3753 δῶν,
2296 3689 2397 3757 τῆς
2425 3706 2486 3742 τε
2534 3689 2674 3760 πρὸς
2704 3690 2805 3760 τὴν
2833 3689 3051 3762 ὀρεινὴν
3102 3692 3451 3764 άπαγούσης,
3486 3695 3583 3748 καὶ
3626 3695 3727 3763 τῆς

2143 3780 2283 3850 πρὸς
2316 3783 2416 3851 τὴν
2446 3781 2618 3852 μονὴν
2649 3781 2744 3835 τοῦ
2786 3784 3185 3855 Κοινοϐιάρχου
3221 3787 3316 3838 καὶ
3360 3786 3461 3856 τῆς
3491 3785 3724 3858 λαύρας,

2141 3870 2260 3926 ἔστι
2294 3873 2505 3943 ραχίον,
2555 3873 2651 3926 καὶ
2676 3872 2793 3937 ὁδὸς
2836 3874 2894 3926 ἐν
2943 3874 3093 3947 αὐτῷ
3143 3874 3305 3945 μέχρι
3349 3876 3450 3944 τῆς
3477 3876 3728 3948 Βηθλεὲμ

2140 3962 2249 4016 ἀπὸ
2275 3962 2376 4033 τῆς
2402 3962 2565 4031 ἁγίας
2594 3962 2733 4018 Σιὼν
2760 3965 3077 4033 ἀπάγουσα.
3114 3967 3182 4019 Ἡ
3207 3967 3264 4020 δὲ
3296 3968 3549 4039 Βηθλεὲμ
3570 3970 3726 4034 πόλις

2141 4052 2339 4121 ἀπέχει
2364 4052 2461 4122 τῆς
2492 4053 2655 4123 ἁγίας
2700 4055 2909 4119 πόλεως
2941 4055 3075 4109 ώσεὶ
3109 4057 3262 4128 μιλία
3292 4057 3373 4125 ἓξ.
3406 4052 3515 4123 Ἧς
3561 4062 3726 4132 μέσον

2138 4144 2194 4198 δὲ
2228 4143 2328 4215 τῆς
2359 4144 2525 4212 ἁγίας
2556 4145 2771 4212 πόλεως
2805 4147 3045 4218 ὑπάρχει
3082 4149 3219 4221 μονὴ
3256 4150 3350 4205 τοῦ
3395 4153 3552 4222 ἁγίου
3590 4170 3727 4223 προ-

2139 4236 2312 4305 φήτου
2331 4236 2540 4302 Ἠλιοῦ,
2586 4238 2693 4291 ὑπὸ
2731 4240 2839 4294 τῶν
2865 4241 3215 4295 παλαιτάτων
3234 4244 3333 4313 μὲν
3366 4245 3722 4316 ἁνεγερθεῖσα

2136 4327 2354 4398 ἀνδρῶν
2385 4328 2675 4399 θεοφιλῶν,
2708 4332 2774 4384 ἐκ
2819 4331 2876 4384 δὲ
2908 4332 3004 4386 τοῦ
3035 4333 3262 4405 σεισμοῦ
3298 4334 3511 4407 ῥιζόθεν
3553 4355 3724 4391 κατα-

2137 4418 2411 4473 πεσοῦσα*
2440 4420 2577 4474 ἀλλὰ
2606 4423 2698 4475 καὶ
2727 4421 2932 4493 ταύτην
2964 4425 2992 4477 ὁ
3031 4425 3293 4494 κοσμικδς
3340 4430 3659 4500 εὐεργέτης.
3693 4432 3723 4482 ὁ

452 4507 606 4550 meus
632 4506 797 4568 atque
826 4499 1120 4570 imperator
1147 4520 1247 4575 per
1271 4521 1429 4563 suum
1480 4512 1788 4579 praesidem,
1830 4514 2028 4586 Syrum

2140 4510 2272 4579 ἐμὸς
2292 4510 2562 4581 δεσπότης
2595 4513 2689 4565 καὶ
2716 4512 2978 4583 βασιλεὺς
3015 4516 3079 4569 ὲκ
3104 4514 3322 4588 βάθρων
3352 4519 3605 4590 ἀνήγειρε
3634 4520 3723 4574 διὰ

449 4583 747 4654 hominem,
785 4605 815 4643 a
851 4591 1219 4652 fundamentis
1252 4601 1530 4669 reparavit
1565 4621 1580 4657 :
1612 4605 1857 4673 adeoque
1892 4608 2037 4661 inter

448 4679 843 4735 monasterium
867 4691 923 4737 et
956 4682 1260 4754 Bethleem,
1292 4689 1531 4762 itemque
1563 4693 1820 4752 Rachelis
1850 4698 2034 4766 sepul-

447 4785 623 4834 crum,
656 4781 929 4829 structura
985 4787 1223 4846 quatuor
1252 4782 1579 4850 fornicibus,
1637 4787 1732 4842 toli
1776 4789 1952 4845 instar
1981 4792 2032 4846 in

448 4860 793 4931 fastigiatum
837 4879 1097 4922 cacumen
1129 4871 1523 4941 desinentibus,
1555 4887 1845 4946 opertum;
1882 4880 2033 4938 locus

445 4952 538 5009 ille
564 4955 817 5027 trianguli
846 4958 1075 5015 formam
1101 4962 1283 5020 eﬂicit.
1306 4966 1385 5021 Ad
1411 4967 1803 5026 sinisteriorem
1829 4986 2033 5030 sanctae

449 5043 728 5103 Bethleem
763 5061 975 5118 partem
1024 5053 1168 5109 inter
1201 5071 1322 5111 eam
1354 5066 1410 5112 et
1461 5062 1865 5119 coenobiarchae
1912 5083 2030 5123 mo-

445 5142 766 5210 nasterium,
802 5158 932 5213 ager
983 5154 1087 5213 est,
1135 5157 1191 5203 et
1238 5148 1293 5203 in
1330 5164 1461 5222 agro
1513 5155 1793 5222 Spelunca,
1838 5159 1890 5212 in
1923 5173 2030 5228 qua

442 5230 586 5285 beati
622 5243 1022 5290 commorantes
1048 5237 1101 5290 in
1136 5238 1285 5307 agris
1317 5249 1564 5309 pastores
1591 5243 1869 5313 angelicas
1912 5245 2026 5298 lau-

439 5323 536 5375 des
600 5325 824 5381 auribus
880 5341 1215 5398 acceperunt
1248 5348 1262 5386 :
1292 5330 1478 5387 Gloria
1517 5334 1572 5388 in
1622 5338 1864 5401 excelsis,
1923 5338 2029 5394 illis

441 5411 885 5481 inclamantibus,
945 5426 995 5472 et
1031 5418 1088 5472 in
1124 5429 1267 5474 terra
1292 5438 1424 5490 pax,
1467 5432 1516 5477 et
1549 5424 1601 5477 in
1627 5429 1822 5479 mundo
1855 5427 2022 5493 salus,

440 5504 510 5559 ob
538 5504 704 5559 Deum
734 5521 914 5562 meum
942 5524 1009 5564 ex
1036 5511 1244 5582 virgine
1268 5513 1495 5583 Deipara
1527 5516 1791 5587 genitum.
1828 5517 2026 5576 Sancta

440 5594 713 5652 Bethleem
746 5600 798 5652 in
847 5601 1033 5666 dorso,
1076 5601 1345 5672 lapidibus
1386 5615 1580 5668 strato,
1638 5607 1859 5663 fundata
1894 5622 1976 5666 est
2010 5627 2025 5665 :

440 5684 493 5736 iu
557 5698 620 5739 ea
674 5687 1014 5757 conspicitur
1043 5701 1099 5745 et
1129 5706 1285 5747 sacra
1333 5696 1623 5763 spelunca,
1662 5708 1716 5751 et
1755 5714 2020 5770 praesepe,

441 5779 498 5831 et
524 5783 736 5847 puteus,
770 5792 836 5834 ex
862 5794 970 5848 quo
1004 5780 1171 5839 David
1219 5784 1408 5844 bibere
1433 5791 1768 5861 concupivit,
1799 5805 1852 5849 et
1883 5803 2023 5851 tem-

2137 4600 2235 4655 τοῦ
2268 4601 2474 4671 ταύτην
2498 4603 2923 4669 ἐπιστατοῦντος
2956 4606 3129 4677 Σύρου
3175 4609 3389 4679 ἀνδρὸς,
3416 4610 3520 4663 ,καὶ
3549 4609 3724 4674 οὕτως

2142 4694 2306 4762 μέσον
2355 4694 2456 4763 τῆς
2494 4695 2664 4763 μονῆς
2706 4696 2802 4747 καὶ
2848 4698 2947 4765 τῆς
2992 4697 3243 4768 Βηθλεὲμ
3277 4700 3591 4771 τριγωνίζει
3631 4703 3723 4755 τὸν

2136 4784 2314 4856 χῶρον
2353 4786 2383 4838 ὁ
2421 4785 2520 4852 τῆς
2568 4784 2769 4855 Ῥαχὴλ
2798 4787 2992 4855 τάφος,
3026 4789 3132 4842 ὑπὸ
3161 4792 3592 4862 τετρακαμάρου
3633 4793 3724 4847 θο-

2134 4875 2312 4929 λωτοῦ
2340 4876 2682 4945 σκεπόμενος
2709 4877 3036 4948 κτίσματος.
3074 4882 3214 4953 Περὶ
3246 4883 3304 4937 δὲ
3333 4884 3396 4937 τὸ
3419 4884 3720 4957 εὑωνυμώ-

2133 4984 2292 5038 τερον
2323 4967 2490 5038 μέρος
2525 4969 2626 5040 τῆς
2654 4969 2818 5037 ἁγίας
2887 4970 3163 5043 Βηθλεὲμ,
3200 4974 3368 5045 μέσον
3419 4977 3593 5049 αὑτῆς
3625 4978 3722 5033 καὶ

2132 5060 2233 5129 τῆς
2258 5058 2353 5112 τοῦ
2384 5060 2789 5133 Κοινοόιάρχου
2834 5064 3025 5135 μονῆς,
3059 5067 3256 5136 δρᾶται
3308 5067 3499 5138 ἀγρὸς,
3533 5071 3626 5123 καὶ
3660 5072 3720 5124 ἐν

2132 5150 2213 5220 τῷ
2249 5151 2407 5224 ἀγρῷ
2439 5152 2730 5224 σπήλαιον,
2767 5158 2827 5209 ὲν
2852 5151 2897 5225 ᾧ
2938 5159 2987 5211 oi
3022 5159 3283 5232 μακάριοι
3311 5161 3719 5232 ἀγραυλοῦντες

2133 5243 2395 5315 ποιμένες
2423 5245 2537 5299 τῶν
2579 5247 2887 5316 ἀγγελικῶν
2922 5250 3165 5321 ἥκουσαν
3203 5250 3412 5323 ὓμνων,
3442 5254 3524 5321 τὸ,
3563 5255 3721 5320 Δόξα

2129 5336 2201 5390 ἐν
2258 5339 2566 5406 ὑψίστοις,
2612 5340 3060 5411 ὲπιφωνούντων,
3096 5342 3240 5409 Θεῷ,
3288 5345 3387 5400 καὶ
3442 5347 3542 5403 ἐπὶ
3603 5349 3719 5419 γῆς

2129 5429 2361 5498 εἰρήνη,
2395 5431 2467 5485 ἐν
2491 5430 2571 5496 τῷ
2594 5433 2800 5503 κόσμῳ
2847 5437 3136 5504 σωτηρία,
3202 5440 3266 5492 ὲκ
3290 5440 3392 5507 τῆς
3431 5442 3715 5511 Παρθένου

2130 5520 2225 5572 καὶ
2281 5520 2548 5574 Θεοτόκου
2600 5523 2695 5577 τοῦ
2749 5523 2887 5577 Θεοῦ
2965 5542 3067 5592 μου
3124 5529 3510 5599 ἀποκυήσεως.
3555 5532 3617 5584 Ἥ
3659 5534 3718 5585 δὲ

2129 5611 2264 5681 ἁγία
2288 5612 2541 5684 Βηθλεὲμ
2561 5615 2956 5686 τεθεμελίωται
2979 5618 3071 5670 ἐπὶ
3102 5616 3472 5690 λιθοστρώτου
3499 5622 3714 5692 ῥαχίου,

2130 5704 2189 5757 ὲν
2290 5705 2386 5757 καὶ
2438 5706 2500 5758 τὸ
2560 5707 2704 5778 ἱερὸν
2764 5706 3036 5781 σπήλαιον
3070 5710 3165 5764 καὶ
3196 5712 3228 5780 ἠ
3284 5713 3487 5783 φάτνη,
3528 5715 3627 5767 καὶ
3655 5717 3717 5769 τδ

2126 5796 2329 5867 φρέαρ,
2358 5798 2417 5863 ἐξ
2447 5791 2509 5851 οὗ
2545 5798 2708 5855 Δαϐὶδ
2738 5802 2885 5856 πιεῖν
2918 5801 3261 5875 ἐπεθύμησε,
3330 5807 3423 5862 καὶ
3454 5806 3581 5871 ναὸς
3615 5810 3712 5862 ἐπὶ
