4042 6394
385 398 490 465 95¹1

1461 387 1923 453 DESCRIPTIO
1960 387 2241 451 TERRJE
2281 382 2615 450 SANCTIE.

3542 357 3650 427 958

375 528 490 587 τοῖς
525 522 622 578 τοῦ
677 518 948 591 σπηλαίου
1000 513 1196 579 νώτοις
1239 512 1654 584 έπικαθήμενος
1704 510 1963 581 βλέπεται

2094 508 2243 572 dum,
2278 504 2550 574 speluncae
2579 489 2824 551 humeris
2853 486 3118 551 insidens,
3144 481 3477 554 praelongum
3511 492 3657 548 pra:—

377 616 696 690 ὲπιμήκης,
748 613 845 668 καὶ
893 610 1244 683 πάμμεγας,
1308 603 1670 677 σταυροειδῶς
1713 601 1774 667 ἐξ
1823 600 1963 669 ἀσή-

383 728 532 768 πτων
566 709 740 775 ξύλων
785 707 1126 777 σκεπόμενος
1157 720 1172 737 ο
1205 704 1241 774 ἡ
1269 701 1327 756 δὲ
1377 700 1510 772 περὶ
1555 697 1617 752 τδ
1663 696 1968 766 θυσιαστή-

390 823 503 878 ριον
565 803 740 876 ὀροφή
802 802 922 854 ἔστι
986 798 1079 854 διά
1130 797 1289 851 θόλου
1341 790 1765 863 ἀνεγηγερμένη
1825 788 1968 842 λιθί-

384 918 502 955 νου.
573 896 738 951 Ἀλλά
769 895 866 949 καὶ
916 890 1107 947 τοῦτον
1157 890 1252 945 τὸν
1304 886 1796 959 περικαλλέστατον
1839 882 1969 935 ναὸν

386 993 481 1047 καὶ
534 992 839 1061 πάμμεγαν
912 990 946 1059 ἡ
1021 984 1115 1041 τοῦ
1186 981 1565 1053 κοσμιωτάτου
1642 994 1745 1049 μου
1814 975 1968 1045 βασι-

384 1081 524 1144 λέως
575 1079 843 1149 ἀνήγειρε
900 1075 1181 1146 φιλότιμος
1212 1071 1357 1142 χεὶρ,
1392 1069 1486 1122 καὶ
1520 1066 1719 1137 ψηφίσι
1765 1079 1968 1133 κεχρυ-

389 1172 657 1243 σωμένοις
684 1169 807 1223 ὅλον
832 1167 922 1222 τὸν
952 1167 1082 1221 ναὸν
1108 1163 1548 1232 κατεκόσμησεν,
1582 1157 1755 1229 ἐφέδν
1792 1158 1821 1210 ὁ
1852 1154 1962 1209 τῶν

388 1267 447 1319 ὲν
465 1266 532 1334 τῇ
562 1259 720 1333 χώρᾳ
764 1258 1101 1330 παρένθετος
1137 1253 1386 1309 Λατίνων
1422 1248 1650 1319 ποιμὴν,
1681 1246 1775 1302 τὸν
1810 1247 1978 1300 αὐτο-,

387 1356 636 1428 κράτορα
665 1353 809 1422 τάχα
859 1351 959 1421 τῆς
1020 1343 1433 1419 μεγαλοψυχίας
1467 1340 1860 1412 ἀμειϐόμενος,
1913 1339 1972 1393 ὲν

388 1426 672 1516 διαφόροις
711 1443 902 1505 τόποις
953 1441 1048 1493 καὶ
1081 1440 1139 1491 ἐν
1171 1435 1320 1506 αὐτῷ
1354 1432 1433 1504 τῷ
1472 1429 1850 1500 θυσιαστηρίῳ
1876 1426 1971 1482 τοῦ

391 1543 551 1613 ἁγίου
570 1539 807 1611 ὕπερθεν
837 1536 1107 1607 σπηλαίου
1140 1532 1237 1602 τὴν
1264 1529 1474 1603 ὡραίαν
1503 1528 1716 1582 ἐκείνου
1756 1523 1973 1597 μορφὴν

394 1635 765 1706 ἀνεστήλωσε.
822 1631 896 1685 Τὸ
930 1631 988 1684 δὲ
1022 1628 1116 1681 τοῦ
1165 1623 1439 1696 σπηλαίου
1496 1620 1705 1692 σχῆμα,
1734 1617 1834 1688 τῆς
1866 1617 1972 1687 φά-

390 1750 543 1805 τνης,
578 1729 675 1783 καὶ
704 1726 796 1780 τοῦ
832 1726 1068 1795 φρέατος
1097 1722 1337 1792 ὑπάρχει
1382 1715 1652 1771 τοιοῦτον.
1722 1710 1864 1781 Περὶ
1913 1710 1975 1764 τὸ

392 1824 673 1892 εὐώνυμον
713 1821 881 1891 μέρος
913 1817 1007 1871 τοῦ
1053 1815 1296 1887 βήματὸς
1335 1813 1471 1892 ὲστιι
1496 1809 1590 1863 τοῦ
1626 1807 1786 1876 ἁγίου
1832 1821 1975 1874 σπη-

392 1918 549 1971 λαίου
576 1882 825 1984 στόμιον,
853 1905 915 1966 οὗ
944 1882 1258 1977 πρόσεγγυς
1285 1882 1472 1959 ἐκεῖνοι
1493 1902 1553 1955 τὸ
1593 1900 1773 1969 φρέαρ
1801 1900 1972 1963 ἐστὶν,

398 2009 458 2073 ἐξ
508 2001 570 2062 οὗ
640 2003 916 2075 αἰσθητῶς
962 2000 1059 2056 καὶ
1110 1998 1318 2068 νοητῶς
1372 1995 1401 2047 ὁ
1449 1993 1757 2065 προπάτωρ
1810 1988 1979 2044 Δαϐὶδ

400 2104 545 2158 πιεῖν
580 2098 950 2168 ἐπεθύμησεν,
995 2086 1058 2148 οὗ
1085 2091 1276 2153 ὓδατος
1309 2090 1358 2142 οί
1395 2085 1977 2158 παραδυναστεύοντες

398 2196 594 2262 ἐκείνῳ
627 2190 819 2261 ἄνδρες
861 2187 975 2254 δύο,
1005 2187 1104 2248 τὰς
1136 2184 1243 2238 τῶν
1273 2181 1591 2256 ἀλλοφύλων
1629 2175 1982 2247 διατεμόντες

401 2280 780 2356 παρεμϐολὰς,
808 2278 904 2332 καὶ
943 2277 1033 2331 διά
1073 2276 1168 2329 τοῦ
1211 2274 1427 2329 καδδίου
1459 2268 1820 2343 ἀρυσάμενοι,
1849 2267 1982 2335 φλε-

399 2378 619 2447 γομένῳ
643 2372 721 2444 τῷ
758 2370 901 2440 δίψει
934 2369 1128 2439 ἐκείνῳ
1151 2366 1519 2437 προσέφερον,
1550 2362 1609 2425 ὃς
1640 2363 1698 2413 ὲν
1723 2357 1802 2430 τῷ
1827 2360 1983 2412 σπεῖ-

403 2487 495 2522 σαι
536 2466 668 2521 αὐτὸ
706 2463 784 2534 τῷ
809 2461 950 2534 Θεῷ,
980 2460 1042 2513 τὸ
1069 2459 1229 2530 μέχρι
1263 2456 1358 2510 τοῦ
1388 2454 1483 2508 νῦν
1509 2451 1796 2519 διαύόητον
1819 2448 1984 2519 ἔργον

402 2552 724 2626 πεποιηκὼς
755 2548 1220 2621 ἀνακηρύττεται.
1253 2545 1352 2598 Ἐκ
1374 2543 1429 2596 δὲ
1457 2540 1559 2609 τῆς
1588 2537 1682 2591 τοῦ
1714 2534 1984 2606 σπηλαίου

404 2647 611 2701 εἰσόδου
648 2645 810 2716 μέχρι
838 2640 932 2695 τοῦ
968 2638 1244 2709 πυθμένος
1275 2632 1465 2694 αὑτοῦ,
1500 2631 1661 2684 ἐστιν
1690 2631 1725 2697 ἡ
1753 2626 1984 2690 κάθοδος

401 2742 491 2794 διὰ
524 2737 806 2810 βαθμίδων
838 2734 898 2800 ἒξ
951 2733 1046 2787 καί⁵
1087 2730 1243 2784 δέκα.
1285 2729 1398 2781 Καὶ
1447 2724 1577 2795 περὶ
1631 2721 1692 2775 τὸ
1737 2718 1988 2790 ἀρκτῷον

410 2805 577 2904 μέρος
632 2805 872 2898 ύπάρχει
922 2824 984 2878 τὸ
1025 2823 1173 2894 ἱερὸν
1197 2821 1381 2874 έκεῖνο
1416 2814 1733 2885 κατάλυμα,
1780 2814 1839 2867 έν
1870 2805 1914 2880 ᾧ
1952 2813 1987 2881 ή

408 2923 688 2996 Παρθένος
726 2919 819 2974 τὸν
872 2917 1103 2988 Σωτῆρα
1150 2910 1393 2985 Χριστὸν
1445 2908 1756 2978 ἀπεκύησε,
1807 2906 1902 2960 καὶ
1953 2908 1987 2976 ή

410 3016 591 3078 κτίσις
644 3015 796 3068 πᾶσα
833 3008 1050 3065 κατεῖδε
1097 3006 1232 3061 Θεὸν
1284 3006 1342 3058 ἐν
1399 3001 1588 3074 σαρκὶ,
1645 2999 1743 3054 καὶ
1784 2999 1989 3067 κόσμος

411 3110 531 3170 ὅλος
561 3103 938 3174 ἀνεκαινίσθη,
971 3102 1063 3156 καὶ
1091 3102 1118 3154 ὁ
1148 3099 1342 3170 θνητὸς
1361 3098 1475 3166 ἐγὼ
1507 3093 1867 3161 πλουτίζομαι
1889 3091 1991 3163 τὴν

2069 571 2412 672 εταηᾱεηιιε,
2445 591 2512 647 ad
2542 589 2773 643 formam
2809 579 3013 643 crucis,
3038 591 3105 634 ex
3141 590 3251 631 non
3282 571 3654 643 putrescenti-

2068 690 2174 747 bus
2225 686 2385 758 lignis
2417 686 2729 739 contectum
2775 695 2792 732 :
2837 675 2984 732 circa
3025 671 3204 727 altare
3246 675 3450 724 tectum
3499 663 3652 717 tholo

2069 797 2236 843 saxeo
2269 756 2393 836 sese
2438 772 2695 831 sustollit.
2737 770 2854 827 Hoc
2897 778 3114 837 quoque
3154 761 3311 830 longe
3337 756 3652 830 pulcherri-

2070 892 2220 933 mum
2247 881 2303 931 et
2360 868 2658 925 maximum
2715 861 2999 930 templum,
3050 854 3306 911 munifica
3350 848 3653 907 servatoris

2069 968 2220 1026 orbis
2250 975 2306 1022 et
2336 959 2684 1033 imperatoris
2723 954 2832 1009 mei
2885 948 3185 1006 liberalitas
3233 941 3528 1004 exstruxit,
3571 949 3654 992 to-

2072 1069 2299 1128 tumque
2341 1052 2541 1123 lapillis
2571 1047 2759 1105 aureis
2786 1039 3076 1099 exornavit
3108 1053 3127 1091 :
3159 1037 3214 1091 in
3266 1047 3373 1103 quo
3408 1028 3654 1087 civitatis

2071 1151 2214 1207 illius
2241 1148 2562 1205 Latinorum
2591 1142 2788 1197 Pastor
2816 1124 3384 1202 interpositm;variis
3407 1125 3460 1179 in
3490 1118 3654 1186 locis,

2073 1255 2238 1315 atque
2274 1243 2390 1312 ipso
2424 1240 2477 1293 in
2525 1231 2845 1292 sanctuario
2877 1241 3039 1297 supra
3095 1221 3437 1291 speluncam,
3472 1214 3650 1283 impc-

2072 1348 2305 1397 ratorem
2333 1336 2403 1391 ob
2431 1343 2632 1387 tantam
2670 1328 2810 1383 forte
2840 1317 3343 1393 magnanimitatem
3400 1323 3655 1366 remune-

2074 1447 2229 1495 rans,
2259 1431 2514 1485 decoram
2552 1422 2694 1478 illius
2719 1416 3015 1487 imaginem
3043 1407 3307 1481 appinxit.
3343 1402 3650 1473 Speluncae,

2072 1524 2355 1598 praesepis,
2387 1529 2440 1576 et
2470 1516 2619 1589 putei
2655 1514 2828 1569 forma
2863 1510 2979 1565 haec
3012 1515 3115 1563 est.
3167 1503 3250 1557 Ad
3283 1507 3491 1569 partem
3520 1493 3657 1549 sini-

2075 1596 2247 1673 stram
2282 1606 2603 1670 sanctuarii,
2635 1610 2840 1660 sanctae
2866 1596 3140 1669 speluncae
3172 1605 3234 1646 os
3265 1596 3451 1658 patet;
3487 1596 3657 1653 penes

2076 1707 2208 1765 illud
2271 1713 2466 1774 puteus
2519 1705 2625 1763 est,
2667 1709 2732 1751 ex
2769 1704 2876 1762 quo
2919 1702 3024 1743 non
3077 1698 3241 1739 sensu
3294 1674 3657 1735 solummodo,

2078 1798 2173 1855 sed
2226 1805 2405 1850 mente
2450 1791 2639 1851 etiam,
2692 1779 3006 1855 progenitor
3061 1772 3230 1829 David
3307 1768 3495 1824 bibere
3532 1778 3657 1833 per-

2010 1870 2051 1924 B
2079 1888 2289 1962 Optavit
2324 1904 2338 1941 :
2381 1897 2579 1951 aquam
2608 1895 2673 1934 ex
2703 1892 2791 1939 eo,
2816 1872 2908 1943 qui
2936 1869 3080 1939 apud
3101 1880 3223 1921 eum
3249 1860 3487 1917 maxime
3522 1870 3661 1924 pla}-

2080 1959 2353 2043 valebant,
2394 1977 2495 2031 viri
2524 1974 2651 2040 duo,
2688 1967 2884 2025 castris
2925 1959 3344 2031 Al’lophylorum
3380 1962 3660 2019 expugua«

2080 2075 2175 2143 tis,
2199 2071 2337 2129 cado
2382 2068 2656 2129 haustam,
2702 2057 2912 2123 Davidi,
2974 2052 3062 2109 siti
3111 2043 3457 2108 exmstuanti,
3495 2039 3666 2093 addu-

2083 2140 2218 2224 cunt
2256 2181 2270 2217 :
2303 2175 2465 2232 quam
2498 2173 2619 2213 cum
2654 2154 2767 2209 Deo
2798 2150 3047 2209 libasset,
3077 2142 3142 2197 ad
3174 2141 3290 2195 bare
3320 2148 3491 2205 usque
3522 2140 3663 2186 tem-

2083 2271 2217 2329 pora
2263 2253 2409 2309 fama
2457 2243 2784 2320 praecelebre
2831 2232 3180 2295 continentiae
3246 2227 3460 2283 facinus
3513 2220 3667 2276 illius

2083 2366 2183 2421 per
2221 2362 2317 2402 ora
2350 2341 2594 2399 omnium
2641 2336 2806 2390 volat.
2855 2333 2937 2386 Ab
2985 2330 3232 2395 ingressu
3268 2319 3540 2389 spelunca:
3597 2313 3665 2367 ad

2086 2445 2193 2499 ima
2223 2454 2317 2495 sex
2359 2445 2412 2491 et
2438 2435 2648 2495 decem,
2685 2425 2881 2496 quibus
2910 2417 3282 2478 descenditur,
3315 2409 3516 2482 gradus
3566 2421 3669 2459 nu-

2088 2495 2389 2589 merantur.
2432 2526 2513 2580 Ad
2547 2495 2825 2578 borealem
2859 2516 3073 2586 plagam
3096 2511 3502 2563 sacrosanctum
3533 2495 3669 2553 illud

2091 2626 2448 2685 diversorium
2500 2619 2645 2687 jar‘ct
2678 2618 2731 2671 iu
2781 2627 2889 2683 quo
2919 2610 3082 2677 Virgo
3111 2603 3389 2660 Christum
3423 2596 3672 2649 Salvato-

2092 2739 2205 2776 rem
2240 2719 2399 2775 enixa
2434 2727 2537 2772 est,
2566 2723 2620 2765 et
2665 2717 2915 2763 creatura
2949 2701 3201 2754 universa
3231 2695 3397 2748 Deum
3427 2690 3481 2742 in
3507 2701 3671 2741 carne

2094 2815 2249 2878 vidit,
2288 2819 2343 2866 et
2370 2806 2609 2863 mundus
2643 2811 2790 2857 tutus
2831 2804 3124 2854 renovatus
3158 2797 3280 2853 est;
3316 2795 3372 2839 et
3423 2778 3673 2836 mortalis

2093 2921 2192 2975 ego
2231 2904 2442 2959 Deitate
2495 2899 2728 2959 ditesco,
2783 2906 2905 2947 cum
2961 2888 3105 2944 Deus
3160 2891 3216 2938 et
3250 2880 3481 2935 Greater
3520 2888 3673 2926 meus

2091 3003 2468 3069 paupertatem
2522 3002 2698 3045 meam
2750 2994 2913 3054 atque
2965 2978 3199 3048 inopiam
3235 2970 3494 3028 induerit.
3533 2964 3673 3020 Tum

2095 3100 2219 3160 post
2256 3089 2422 3165 unius
2460 3079 2665 3153 gradus
2704 3053 3051 3133 descensum,
3109 3065 3321 3121 ratione
3367 3053 3675 3114 carentium

415 3201 647 3270 θεότητα
680 3195 776 3251 τοῦ
803 3154 940 3249 Θεοιύ
967 3193 1063 3248 καὶ
1092 3154 1341 3247 Κτίστού
1364 3154 1466 3262 μου
1506 3188 1607 3259 τὴν
1655 3154 1795 3256 ἐμὴν
1845 3154 1991 3237 πτω-

2094 3160 2414 3237 animalium
2452 3183 2696 3245 praesepe
2729 3163 3087 3234 conspicitur,
3126 3170 3278 3226 aequa
3311 3154 3505 3223 figura,
3540 3160 3677 3217 qua-

2405 3267 2435 3272 "
3026 3248 3162 3272 -ρ--λ
3206 3242 3449 3272 “manu.
3470 3234 3673 3272 εναιιιὲις

410 3296 568 3366 χείαν
598 3290 1039 3363 πτωχεύσαντος.
1091 3282 1224 3340 Εἶτα
1260 3288 1390 3357 μιᾶς
1444 3282 1691 3338 κάτωθεν
1731 3278 1993 3350 βαθμίδος

412 3386 447 3455 ὴ
470 3385 577 3436 τῶν
618 3381 835 3448 ἀλόγων
866 3379 1064 3450 δρᾶται
1112 3374 1314 3455 φάτνη,
1370 3371 1628 3442 ἰσομήκει
1664 3382 1997 3436 τετραγωνι-

412 3450 616 3548 ξομένη
649 3474 725 3546 τῷ
748 3474 1011 3544 σχήματι,
1062 3470 1131 3541 ἦν
1160 3450 1374 3530 λευκοῖς
1402 3467 1453 3519 οἱ
1492 3465 1663 3519 πάλαι
1711 3461 1995 3531 ἄνθρωποι

421 3570 741 3642 μαρμάροις
766 3563 1241 3635 περικαλύψαντες
1269 3599 1285 3625 ,
1320 3560 1485 3629 μέσον
1514 3556 1686 3627 αὐτῆς
1704 3595 1718 3619 ,
1752 3550 1996 3623 ἐκκοπὴν

416 3660 749 3733 ὁμφαλοειδῆ
784 3647 1144 3729 πεποιήκασι,
1178 3652 1303 3708 καθ’
1345 3652 1415 3724 ἢν
1460 3649 1628 3720 μέρος
1656 3648 1829 3717 αὐτῆς
1865 3646 1999 3699 ἀνα-

417 3756 693 3827 φαίνεται,
728 3753 940 3822 φάτνης
968 3748 1208 3817 ἐκείνης,
1240 3745 1341 3815 τῆς
1375 3742 1466 3796 τὸν
1499 3739 1785 3811 ἀχώρητον
1810 3753 1997 3808 χωρηο

421 3851 618 3920 σάσης,
658 3847 760 3917 τῆς
793 3839 1030 3916 ούρανοῦ
1078 3839 1452 3907 πλατυτέρας,
1488 3832 1592 3899 τῆς
1636 3832 1740 3898 γῆς
1775 3832 1867 3882 καὶ
1898 3827 1999 3902 0a:-

418 3944 632 4013 λάσσης
658 3939 753 3994 καὶ
801 3934 1141 4007 ὑποχθονίων
1188 3926 1644 4001 εὐρυχωροτέρας
1695 3922 1789 3975 ἐπὶ
1820 3920 1957 3974 πολύ
1983 3936 1996 3950 ·

418 4035 480 4089 ὃν
508 4012 618 4105 γὰρ
663 4032 862 4086 ἐκεῖνοι
890 4026 1139 4098 χωρῆσαι
1188 4021 1288 4075 οὐκ
1315 4020 1568 4089 ἴσχυσαν,
1605 4013 1747 4083 αὕτη
1795 4012 2005 4085 βρεφω·

427 4129 591 4182 θέντα
623 4122 958 4196 εὐρυχώρως
989 4117 1293 4189 ὲχιῦρησενο
1346 4109 1673 4178 Ἐνάλλομαι
1697 4108 1763 4176 τῇ
1790 4105 2000 4174 γραφῆς

426 4218 523 4274 καὶ
567 4194 704 4279 ὅλως
748 4213 827 4284 τῷ
875 4210 959 4264 νοῒ
1009 4209 1162 4271 ἐντὸς
1197 4206 1424 4275 γίνομαι
1470 4198 1566 4254 τοῦ
1602 4197 1753 4264 ίεροῦ
1788 4194 2003 4249 ἐκείνου

427 4308 721 4380 σπηλαίου,
757 4302 857 4359 καὶ⁵
910 4298 1140 4355 κατὰτὸ
1199 4295 1465 4365 κάλυμμα
1518 4287 1614 4343 τοῦ
1668 4281 2003 4339 Δεσποτικοῦ

429 4375 616 4474 βλέπω
676 4398 858 4460 τόκου,
895 4394 990 4447 καὶ
1018 4391 1118 4462 τὴν
1152 4391 1210 4443 ὲν
1242 4389 1309 4458 τῇ
1341 4385 1521 4455 φάτνῃ
1550 4380 1647 4434 τοῦ
1685 4375 2001 4448 βρεφωθέν-

426 4466 517 4557 τος
550 4489 853 4552 ἀνάκλισιν,
883 4484 979 4538 καὶ
1010 4480 1248 4553 φρικτὴν
1278 4476 1376 4549 τὴν
1403 4474 1532 4545 περὶ
1559 4472 1660 4541 ἐμὲ
1690 4467 1785 4522 τοῦ
1818 4466 2006 4535 Σωτῆ-

432 4602 525 4658 ρος
563 4582 863 4652 ἀγάπησιν,
892 4576 990 4630 καὶ
1024 4573 1122 4643 τὴν
1150 4572 1330 4641 ἄκραν
1373 4566 1582 4637 ταύτης
1611 4560 1909 4632 πτωχείαν,
1939 4557 2008 4610 δι’

428 4649 498 4752 EE;
535 4649 639 4746 ἐμὲ
665 4649 769 4745 τῆς
821 4669 931 4724 τῶν
961 4666 1209 4738 οὐρανῶν
1250 4659 1528 4734 βασιλείας
1565 4655 1832 4728 ἠξίωσεν·
1873 4649 2011 4705 ἀλλὰ

433 4744 531 4825 καὶ
567 4744 833 4823 παλάτιον
879 4761 942 4815 τὸ
977 4760 1244 4829 σπήλαιον
1278 4750 1605 4816 ἔννοῶ,⁴καὶ
1632 4748 1709 4810 ὡς
1748 4747 1806 4798 ὲν
1836 4744 2013 4815 θρόνῳ

428 4860 544 4921 τοῖς
570 4844 925 4925 παρθενικοῖς
982 4847 1205 4907 κόλποις
1243 4842 1335 4896 τὸν
1382 4837 1610 4910 βασιλέα
1659 4833 1998 4904 καθήμενον,

433 4918 539 5000 καί
556 4918 752 5013 χοροὺς
781 4934 1034 5006 ἀγγέλων
1065 4926 1538 5002 περικυκλοῦντας
1561 4920 1748 4993 βλέπω
1779 4920 1840 4973 τὸ
1872 4918 2015 4988 σπή-

433 5011 745 5102 λαῒο-ν,ίκαὶ
776 5030 847 5085 τὰ
872 5027 1023 5095 δῶρα
1046 5027 1174 5087 τοὺς
1197 5021 1426 5091 Μάγους
1456 5012 1908 5089 δωροφοροῦντας
1935 5011 2016 5079 τῷ

435 5131 682 5196 Βασιλεῖ,
715 5127 813 5180 καὶ
838 5123 1023 5193 πάσης
1050 5117 1324 5190 θυμηδίας
1362 5112 1742 5184 ὲμπίπλαμαι,
1776 5106 1870 5160 καὶ
1894 5106 2014 5168 οἵας

433 5224 679 5295 ἡξίωμαι
733 5218 982 5290 χάριτος,
1029 5208 1316 5267 κατανοῶν
1365 5202 1599 5275 γέγηθα.
1641 5200 1929 5273 Ἕγραψεν
1988 5200 2017 5250 ὁ

436 5287 787 5386 τεχνίτης
818 5305 1099 5376 ζωγράφῳ
1148 5299 1296 5372 χειρὶ⁵
1336 5300 1395 5352 ὲν
1445 5294 1597 5364 αὐτῷ
1639 5293 1717 5363 τῷ
1765 5287 2018 5360 σπηλαίῳ

435 5381 616 5465 ατὰ-’ὲν
644 5381 795 5473 αὐτῷ
851 5397 1183 5455 τελεσθέντα
1233 5391 1533 5466 μυστήρια.
1576 5387 1863 5455 Γέγραπτο
1907 5381 2018 5449 γὰρ

439 5499 572 5569 περὶ
603 5499 707 5567 τὴν
750 5472 940 5563 aerea,
974 5493 1035 5544 ὲν
1059 5482 1104 5556 ᾧ
1146 5487 1209 5539 τὸ
1255 5483 1400 5554 μέγα
1430 5480 1526 5534 τοῦ
1562 5476 1771 5547 κόσμου
1804 5472 2016 5544 μυστή-

445 5566 559 5662 ριον
585 5566 723 5661 κόρη
751 5587 888 5658 πρὸς
918 5584 1080 5650 εὐνὴν
1121 5577 1529 5638 ἀναπίπτουσα,
1561 5570 1662 5639 τὴν
1716 5568 1818 5639 μὲν
1856 5566 2018 5620 λαιὰν

442 5658 721 5740 ύποθεϊσαῖ
751 5680 831 5748 τῷ
864 5678 963 5747 τῆς
1007 5673 1207 5742 ἑτέρας
1262 5667 1495 5737 ἀγκῶνι,
1530 5666 1596 5733 τῇ
1628 5661 1782 5729 δεξιᾷ
1826 5658 1883 5713 δὲ
1918 5659 2018 5726 τὴν

444 5775 680 5841 παρειὰν
706 5771 1083 5831 ὲπικλίνουσα,
1133 5764 1229 5820 καὶ
1256 5761 1395 5830 πρὸς
1454 5755 1654 5827 βρέφος
1682 5753 1887 5821 ὁρῶσα,
1923 5751 2019 5802 καὶ

441 5868 542 5941 τὴν
569 5867 722 5931 ἔντος
761 5859 1124 5933 σωφροσύνην
1157 5858 1216 5911 ὲν
1240 5852 1319 5924 τῷ
1352 5852 1447 5907 τοῦ
1484 5852 1767 5921 σχήματος
1805 5840 2018 5913 μειδιά-

2099 3285 2223 3330 tuor
2257 3267 2474 3339 angulis
2502 3263 2967 3320 commensurata,
3020 3248 3166 3321 quod
3203 3242 3452 3302 candidis
3470 3234 3673 3294 vetusti

2101 3367 2175 3423 illi
2230 3362 2482 3420 homines
2534 3351 2904 3413 marmoribus
2947 3348 3354 3402 contexerunt:
3393 3337 3447 3391 in
3498 3330 3677 3388 medio

2103 3467 2361 3529 apertura
2410 3453 2477 3507 ad
2513 3446 2732 3504 modum
2763 3439 3005 3498 umbilici
3044 3435 3256 3498 relicta,
3289 3445 3357 3485 ex
3391 3441 3496 3497 qua
3547 3436 3678 3494 pars

2101 3512 2361 3624 praesepis
2419 3549 2667 3613 apparet,
2713 3532 2972 3605 praesepis
3031 3527 3199 3590 illius,
3243 3520 3388 3591 quod
3420 3531 3543 3574 eum
3585 3512 3678 3582 qui

2106 3611 2253 3707 nullo
2275 3611 2396 3696 loco
2422 3611 2541 3704 capi
2569 3637 2806 3702 poterat,
2835 3625 3011 3695 cepit;
3034 3619 3174 3676 coelo
3204 3611 3509 3685 amplioris,
3534 3616 3680 3662 terra

2106 3729 2356 3797 marique
2388 3733 2445 3779 et
2489 3702 2864 3778 subterraneis
2912 3711 3082 3767 multo
3126 3702 3459 3775 capacioris;
3515 3711 3678 3768 quem

2104 3822 2250 3879 enim
2287 3818 2377 3872 illa
2405 3813 2692 3891 complecti
2733 3824 2832 3865 suo
2874 3806 3083 3860 ambitu
3118 3815 3226 3855 non
3258 3802 3531 3869 poterant,
3555 3789 3684 3845 illud

2108 3912 2411 3968 laxioribus
2440 3885 2633 3978 spatiis
2659 3902 2928 3959 Infantem
2960 3898 3162 3952 factum
3200 3890 3426 3960 accepit.
3463 3885 3683 3940 Pictura

2110 4003 2373 4069 exsulto,’
2398 3976 2651 4069 totiusque
2694 3993 2971 4050 intellectu
3004 3990 3059 4044 in
3100 3989 3504 4043 sacrosanctam
3537 3976 3684 4030 illam

2107 4096 2423 4169 speluncam
2451 4097 2696 4160 penetro,
2722 4093 2778 4138 et
2803 4076 3069 4138 Dominici
3100 4082 3288 4144 partus
3321 4063 3686 4124 diversorium

2106 4160 2280 4247 oculis
2307 4185 2501 4246 lustro,
2537 4190 2701 4245 atque
2729 4176 2784 4229 in
2834 4168 3062 4243 praesepi
3094 4164 3219 4220 facti
3254 4160 3477 4216 infantis
3520 4169 3689 4210 accu.

2107 4281 2402 4342 bationem,
2429 4283 2484 4331 et
2507 4271 2613 4327 mei
2644 4256 2947 4325 salvatoris
2973 4274 3101 4330 erga
3136 4269 3225 4310 me
3260 4263 3528 4310 amorem,
3563 4255 3682 4300 tre-

2111 4388 2266 4430 mens
2299 4370 2605 4436 timensque
2648 4373 2924 4420 revereor,
2960 4359 3373 4417 extremamque
3397 4341 3543 4397 illius
3574 4339 3695 4393 ino-

2110 4467 2276 4538 piam,
2294 4476 2402 4533 qua
2428 4472 2515 4514 me
2539 4454 2659 4512 coali
2682 4464 2850 4522 regno
2876 4447 3096 4518 dignum
3119 4440 3328 4503 effecit;
3362 4432 3459 4490 sed
3490 4430 3694 4498 regiam

2039 4553 2088 4613 ι)
2114 4522 2242 4613 esse
2288 4522 2607 4623 speluncam
2650 4540 3020 4615 apprehendo,
3055 4550 3118 4590 ac
3163 4529 3335 4587 veluti
3397 4525 3452 4580 in
3494 4522 3695 4577 throno

2119 4645 2383 4718 virgineis
2421 4640 2649 4698 sinubus
2691 4636 2892 4705 Regem
2927 4628 3278 4689 insidentem,
3338 4615 3693 4689 angelorum-

2118 4754 2224 4809 que
2246 4736 2444 4792 choros
2469 4729 2784 4800 speluncam
2811 4721 3301 4780 circumversantes
3370 4710 3611 4765 intueor.
3642 4713 3701 4757 et

2118 4832 2326 4901 Magos,
2354 4837 2580 4880 munera
2607 4818 2743 4889 Regi
2770 4814 3084 4875 afferentes,
3113 4805 3310 4864 eximia
3354 4799 3540 4857 laetitia
3569 4794 3700 4850 ani-

2120 4885 2269 4976 muin
2303 4885 2524 4988 oppleo,
2577 4921 2631 4966 et
2659 4885 2872 4980 gratiae,
2905 4917 3012 4973 qua
3044 4900 3240 4970 dignus
3269 4892 3496 4953 emcior,
3546 4885 3700 4940 volu-

2119 5022 2271 5083 ptate
2324 4975 2879 5080 perfundor.—Perita
2940 5008 3102 5048 manu
3156 4987 3332 5059 pinxit
3394 4978 3592 5037 artifex
3642 4975 3697 5029 in

2121 5104 2381 5175 spelunca
2412 5095 2674 5169 mysteria
2702 5107 2822 5164 quas
2849 5090 2904 5143 in
2939 5102 3004 5140 ea
3041 5090 3254 5153 patrata
3285 5083 3445 5131 sunt:
3469 5083 3704 5136 namque
3758 5115 3769 5121 -

2126 5161 2180 5251 in
2216 5193 2407 5250 abside
2459 5161 2695 5259 emgiata
2719 5161 2868 5239 verat
2920 5176 3123 5238 Puella,
3159 5172 3211 5226 in
3245 5169 3388 5223 lecto
3417 5161 3701 5222 recubans,

2121 5291 2253 5344 larva
2284 5288 2521 5340 dexterae
2554 5279 2741 5334 cubito
2765 5272 3071 5343 supposita,
3117 5265 3184 5318 ad
3217 5262 3498 5316 dexteram
3528 5254 3700 5323 ipsam

2121 5379 2274 5451 genis
2302 5374 2600 5434 reclinatis,
2627 5366 2923 5422 Puerulum
2956 5361 3198 5421 intuens,
3221 5362 3277 5407 et
3312 5351 3553 5405 innatam
3576 5359 3705 5414 gra-

2122 5472 2366 5533 vitatem,
2402 5459 2735 5519 subridentis
2768 5454 2968 5525 specie,
3001 5461 3058 5508 ct
3112 5444 3350 5517 eleganti
3395 5439 3554 5496 faciei
3600 5451 3699 5492 co-

2120 5561 2256 5623 lore,
2317 5555 2565 5610 indicans
2603 5568 2619 5603 :
2659 5562 2834 5616 neque
2869 5543 3011 5597 etnim
3060 5539 3232 5603 vultu,
3278 5546 3536 5603 tanquam
3600 5528 3695 5582 illa

2120 5670 2241 5722 quas
2276 5662 2467 5705 recens
2492 5653 2549 5699 et
2571 5641 2804 5712 primum
2835 5636 3068 5707 peperit,
3122 5629 3319 5700 pallida
3363 5623 3699 5689 horridaque

2121 5749 2443 5823 imtnutatur
2484 5756 2499 5793 :
2538 5748 2753 5803 mquum
2777 5730 2978 5800 quippe
3009 5733 3147 5789 erat,
3175 5738 3295 5792 qua:
3323 5720 3485 5784 digna
3508 5713 3703 5769 cﬂ'ecta

2122 5819 2204 5893 est
2241 5845 2296 5889 ut
2323 5844 2486 5901 supra
2533 5840 2782 5883 naturam
2811 5824 3077 5894 gigneret.
3109 5817 3353 5874 dolorum
3402 5825 3497 5877 per
3539 5819 3700 5862 natu-
