4042 6448
315 396 419 459 959
1619 394 1944 460 JOANNIS
1978 394 2247 456 PHOCE
3457 392 3565 459 960

316 524 432 561 ram
485 509 756 565 illatorum
804 523 929 567 esse
961 509 1258 569 immunem
1296 528 1312 566 :
1347 509 1550 569 asellus
1581 510 1801 578 deinde,
1837 517 1893 570 et

1968 564 1971 570 _
1995 525 2148 581 ματι,
2181 507 2273 562 καὶ
2303 507 2371 578 τῇ
2400 504 2511 559 τῶν
2546 503 2793 578 παρειῶν
2822 504 3050 579 εὖχροίᾳ
3095 503 3471 577 ἐμφαίνουσαο
3502 508 3564 562 ού

317 603 439 669 bos,
488 611 543 659 et
583 618 849 678 praesepe,
880 612 935 663 et
977 614 1260 678 pastorum
1290 616 1490 673 castus,
1521 621 1754 677 quorum
1795 619 1892 660 au-

1996 602 2108 673 γὰρ
2133 598 2444 655 ἀλλοιοῦται
2490 599 2550 654 τὸ
2580 599 2896 673 πρόσωπον,
2928 600 3006 666 ὡς
3033 599 3296 673 ώχριῶσά
3327 619 3409 665 τις
3440 600 3566 673 ἄρτι

319 696 470 750 ribus
498 696 564 750 de
602 696 742 754 coelo
795 697 1003 756 clamor
1034 700 1310 768 intonans,
1340 714 1371 754 a
1416 700 1672 772 gregibus
1697 711 1893 753 avoca-

1993 690 2254 758 τεκοῦσα,
2282 691 2377 746 καὶ
2407 690 2626 762 πρῶτον
2654 690 2894 748 τεκοῦσα
2913 707 2927 723 ⁸
2956 692 3056 763 τὴν
3079 691 3189 763 γάρ
3222 693 3320 762 τῆς
3351 691 3568 761 φύσεως

318 785 395 838 vit
435 805 448 841 :
484 802 671 858 quare.
721 791 986 847 armentis
1036 791 1263 859 relictis,
1289 808 1409 863 quae
1440 792 1584 847 inter
1609 791 1806 849 herbas
1838 796 1896 846 et

1994 785 2247 856 κρεῖττον
2281 783 2608 848 ἀξιωθεῖσαν
2637 785 2843 848 τεκεῖν,
2872 783 2979 838 ἔδει
3018 784 3114 839 καὶ
3154 784 3267 837 τῶν
3298 784 3441 838 κατὰ
3467 785 3571 853 φύο

331 880 535 934 [οιιῑεηι
589 881 771 938 cibum
824 893 1120 955 potumque
1170 885 1273 941 sibi
1324 893 1591 955 quatrunt,
1643 891 1699 939 ct
1750 883 1893 950 cani,

1999 893 2086 930 σιν
2116 876 2319 930 ὀδυνῶν
2371 874 2740 947 ἀπηλλάχθαι.
2781 877 2941 940 Ὀνος
2989 874 3240 931 ἐντεῦθεν
3275 876 3372 930 καὶ
3418 875 3568 945 βοῦς,

319 986 541 1041 gregum
573 974 810 1042 custodi,
850 990 1042 1032 eorum
1073 978 1318 1033 custodia
1343 979 1694 1043 demandata,
1722 978 1897 1033 cervi-

1993 972 2090 1023 καὶ
2121 970 2322 1053 φάτνςη,
2357 968 2454 1023 καὶ
2508 968 2732 1039 βρέφος,
2781 970 2879 1024 καὶ
2936 969 3213 1041 ποιμένων
3271 969 3442 1045 ἐσμὸς
3494 968 3569 1024 ὧν

320 1078 437 1116 rem
488 1062 540 1117 in
577 1079 757 1122 aerem
818 1067 1033 1133 tollunt,
1067 1067 1134 1123 ad
1187 1070 1449 1140 strepitus
1508 1084 1704 1127 sonum
1736 1084 1897 1125 aures

1997 1061 2093 1132 βοή
2123 1079 2208 1125 τις
2230 1060 2290 1127 ὲξ
2327 1061 2560 1132 ούρανοῦ
2586 1061 2979 1130 διαθρυλλοῦσα
3001 1063 3072 1115 τὰ
3100 1056 3218 1116 ὦτα
3251 1060 3364 1115 τῶν
3400 1062 3573 1134 θρεμ-

325 1153 591 1223 dirigunt,
623 1157 764 1215 alius
791 1158 899 1213 alio
921 1160 1078 1215 modo
1104 1168 1330 1223 stantes.
1357 1170 1518 1229 prout
1545 1161 1648 1217 sibi
1670 1161 1897 1231 quisque

2001 1153 2190 1224 μάτων
2239 1152 2685 1222 ἀπεὸουκόλησε,
2719 1152 2943 1215 καὶτὰς
2990 1151 3073 1217 όῖς
3115 1151 3310 1221 ἀμέλει
3343 1153 3572 1206 καταλι-

322 1246 623 1304 faciliorem
656 1257 713 1307 et
768 1250 1029 1308 leviorem
1088 1253 1374 1309 stationem
1431 1254 1896 1315 ducebatzethis

1998 1243 2193 1308 πόντες
2222 1244 2352 1314 περὶ
2376 1244 2475 1316 τὴν
2501 1245 2642 1300 πόαν
2672 1245 2770 1299 καὶ
2796 1244 2898 1316 τὴν
2929 1244 3116 1317 πηγὴν
3144 1245 3453 1316 νεμομένας
3477 1247 3575 1301 καὶ

320 1339 536 1404 quidem
577 1343 771 1412 pedum
802 1343 929 1398 nulli
962 1344 1079 1399 usui
1110 1353 1214 1408 est,
1260 1344 1364 1400 illis
1398 1345 1569 1401 facies
1604 1346 1658 1400 in
1691 1347 1892 1401 coelum

1996 1334 2075 1406 τῷ
2128 1336 2252 1390 κυνὶ
2285 1335 2388 1406 τῆς
2442 1335 2648 1408 ἀγέλης
2680 1336 2781 1407 τὴν
2839 1335 3089 1409 φυλακὴν
3141 1337 3567 1409 ἐπιτρέψαντες,

326 1429 537 1499 ﬁgitur;
567 1446 805 1502 namque
853 1432 1111 1488 dexteras
1158 1434 1227 1488 ad
1283 1446 1497 1498 vocem!
1534 1434 1897 1501 retrahentes,

1999 1426 2130 1491 τοὺς
2161 1427 2397 1500 αὐχένας
2430 1427 2680 1498 αἴρουσιν
2712 1429 2793 1491 είς
2826 1427 3044 1498 αἰθέρα,
3102 1427 3274 1499 ἀκοὴν
3304 1429 3576 1494 ίθύνοντες

324 1523 573 1578 turbatas
597 1539 759 1582 auras
789 1536 1110 1593 promovent
1136 1544 1151 1584 :
1179 1542 1285 1582 non
1313 1535 1493 1581 tamen
1521 1526 1627 1582 illis
1658 1526 1900 1583 secundo

2001 1521 2140 1591 πρὸς
2163 1521 2264 1592 τὴν
2289 1521 2385 1575 τοῦ
2415 1523 2620 1576 κτύπου
2647 1522 2841 1592 φορὰν,
2867 1521 3027 1585 ἄλλος
3055 1521 3232 1584 ἄλλως
3258 1523 3571 1591 ἑστηκότες,

326 1606 532 1668 attdire'
545 1628 682 1683 opus
706 1615 839 1677 fuit;
873 1616 1132 1686 majorem
1163 1617 1333 1682 enim,
1360 1632 1523 1687 quam
1547 1630 1728 1680 aures.
1756 1618 1897 1674 oculi

2003 1614 2080 1678 ὡς
2111 1614 2177 1669 ἂν
2206 1614 2434 1678 ἕκαστος
2474 1612 2814 1684 ἀτονώτερον
2841 1611 3001 1684 ᾤετο,
3033 1614 3127 1667 καὶ
3167 1615 3299 1685 ῥᾷον
3328 1614 3574 1680 ἑστάναι,

327 1703 484 1758 tidem
537 1702 788 1760 faciunt:
822 1722 1058 1777 namque
1098 1708 1347 1777 angelus,
1400 1708 1533 1779 ipsis
1580 1724 1898 1775 occurrens,

2001 1707 2098 1761 καὶ
2126 1708 2242 1771 τοῖς
2274 1706 2373 1776 μὲν
2411 1707 2467 1758 αί
2496 1704 2849 1777 καλαύροπες
2873 1705 3086 1776 ἀχρεῖοι
3114 1708 3425 1776 φαίνονται,
3465 1708 3579 1769 τοῖς

328 1795 538 1863 pueruli
568 1798 978 1869 accubationem
1004 1800 1058 1854 in
1085 1801 1311 1872 praesepi
1341 1801 1600 1858 ostendit.
1631 1801 1898 1868 Pecudes,

2001 1797 2059 1851 δὲ
2085 1798 2145 1852 τὸ
2170 1797 2325 1868 ὄμμα
2357 1798 2592 1868 ἤρτηται
2644 1796 2783 1868 πρὸς
2809 1796 3042 1868 οὐρανόν
3062 1814 3078 1828 ·
3110 1798 3209 1863 τὰς
3236 1796 3419 1863 δεξιὰς
3447 1799 3583 1853 ἀνα·-

327 1885 486 1941 factis
520 1887 747 1945 minime
777 1865 1018 1958 intentae,
1047 1889 1203 1947 fatuo
1226 1864 1419 1962 gressu
1451 1893 1746 1958 ducuntur,
1771 1908 1905 1965 qua-

2006 1864 2262 1953 cm't’w-cse
2304 1864 2442 1958 πρός
2469 1864 2568 1959 τὴν
2599 1864 2783 1960 βολήν,
2824 1864 3255 1961 τεταραγμένως
3283 1892 3385 1960 τὴν
3415 1891 3582 1961 ἀκοὴν

325 1991 442 2030 rum
478 1991 605 2046 pars
659 1980 725 2034 ad
784 1979 1006 2036 herbam
1041 1991 1254 2048 nutant,
1293 1999 1420 2054 pars
1452 1985 1519 2039 ad
1554 1985 1754 2041 fontem
1800 1988 1899 2039 ad-

2001 1980 2379 2035 ἀποτείνουσιν
2399 1995 2415 2012 ο
2448 1979 2509 2032 οὒ
2545 1979 2652 2051 μὴν
2675 1980 2869 2051 ἐδέησε
2893 1981 3153 2052 δευτέρας
3181 1983 3367 2046 αὐτοῖς
3387 1983 3580 2054 ἀκοῆς.

327 2079 570 2126 vertunt.
609 2070 774 2128 Canis
802 2089 958 2140 vero,
990 2078 1132 2146 quod
1169 2078 1369 2133 animal
1396 2079 1530 2134 iram
1563 2079 1616 2135 in
1648 2090 1899 2150 promptu

2006 2071 2281 2143 ὀφθαλμοὶ
2329 2070 2440 2142 γὰρ
2473 2066 2628 2126 ὢτων
2662 2073 2995 2143 πιστότεροι.
3025 2073 3293 2143 Ἀγγελος
3313 2075 3423 2145 γὰρ
3458 2093 3585 2129 συν-

296 2154 489 2228 ἐει·ἱι,
526 2161 793 2217 visionem
830 2164 1097 2221 insuetam
1134 2168 1385 2223 meditari
1444 2168 1678 2224 videtur.
1737 2168 1892 2240 Magi,

2006 2166 2252 2236 αντήσας
2289 2163 2500 2227 αὐτοῖς,
2553 2164 2655 2234 τὴν
2698 2163 2793 2216 τοῦ
2852 2163 3090 2235 βρέφους
3142 2165 3433 2221 άνάκλισιν
3492 2168 3588 2221 ἐπὶ

326 2252 713 2310 descendentes
740 2270 806 2311 ex
829 2258 1005 2329 equis,
1029 2275 1256 2315 munera
1280 2260 1531 2317 manibus
1553 2261 1904 2331 accipientes,

2008 2256 2107 2329 τὴν
2145 2257 2356 2327 φάτνην
2409 2255 2596 2319 αὐτοῖς
2654 2255 2969 2325 ὑποφαίνει.
3019 2256 3134 2311 Καὶ
3171 2256 3240 2310 τὰ
3292 2257 3590 2328 θρέμματα

324 2359 605 2415 gcnnaque
624 2348 922 2418 ﬂectentes,
945 2360 1257 2407 reverenter
1273 2352 1407 2407 dona
1429 2350 1631 2421 Virgini
1647 2351 1903 2408 olferunt.

2019 2354 2118 2422 μὲν
2151 2352 2405 2423 οὐδαμῶς
2439 2353 2884 2424 ἐπιστρεφόμενα
2907 2353 3047 2424 πρὸς
3075 2355 3175 2422 τὴν
3206 2354 3338 2410 θέαν
3370 2354 3427 2421 ἐξ
3463 2354 3589 2416 stin-

326 2434 735 2506 Οείαςέφοίτων,
756 2441 825 2494 τὰ
852 2441 949 2511 μὲν
965 2442 1205 2509 νένευκε,
1234 2443 1371 2515 πρὸς
1390 2444 1488 2515 τὴν
1510 2443 1750 2510 «davni
1770 2443 1825 2499 δὲ
1839 2443 1978 2516 πρὸς
1990 2444 2088 2516 τὴν
2107 2445 2228 2516 εἲρη
2237 2446 2404 2517 μένην
2424 2444 2719 2517 ἀποτρέχει
2747 2445 3033 2516 πηγήν.Ἠ
3050 2444 3106 2498 δὲ
3119 2445 3286 2514 κύων,
3309 2448 3590 2518 θυμοειδὲς

326 2532 435 2601 γὶρ
466 2533 602 2605 πρὸς
632 2535 945 2607 ἀλλοτρίους
976 2537 1039 2592 τό
1090 2538 1250 2605 ζῶον,
1276 2540 1592 2595 διασκοπεῖν
1643 2543 1892 2610 φαίνεται
1918 2543 1977 2595 τδ
2002 2543 2097 2609 τῆς
2137 2541 2315 2611 ὅψεως
2340 2540 2531 2612 ἄηθες,
2553 2543 2601 2594 οἱ
2632 2541 2687 2595 δὲ
2731 2542 2937 2610 Μάγοι,
2973 2543 3083 2595 τῶν
3124 2541 3307 2595 ἵππων
3337 2543 3591 2614 ἀποθρώ-

327 2630 539 2695 ξαντες,
602 2632 696 2685 καὶ
741 2633 811 2685 τὰ
851 2632 1000 2704 δῶρα
1032 2633 1325 2706 λαϐόμενοι
1351 2636 1619 2708 ἐγχεροῖν,
1638 2636 1697 2690 τὸ
1732 2636 1863 2707 γόνυ
1889 2653 1950 2714 τε
1979 2636 2282 2702 κλίναντες.
2305 2638 2365 2690 ἐν
2397 2637 2586 2708 τρόμῳ
2613 2634 2786 2690 ταῦτα
2817 2638 2883 2708 τῇ
2910 2635 3172 2707 Παρθένῳ
3195 2637 3588 2709 προσφέρουσι,

397 2769 493 2824 28.
528 2770 693 2825 Extra
752 2782 995 2826 sanctam
1048 2772 1348 2839 Bethleem,
1398 2773 1514 2832 fere
1544 2777 1610 2832 ad
1647 2776 1901 2832 milliaria

2076 2775 2187 2849 κη’.
2211 2778 2322 2849 Τῆς
2346 2777 2509 2847 ἁγίας
2538 2778 2788 2849 Βηθλεέμ
2811 2776 3012 2846 ἔξωθεν
3038 2776 3347 2848 ὡσεὶῑμίλια
3374 2777 3488 2841 δύο,
3506 2782 3592 2834 ἐν·

329 2863 456 2925 11110,
506 2863 560 2915 in
602 2864 996 2919 cmnobiarchre
1042 2868 1374 2922 monasterio
1411 2868 1672 2938 spelunca
1712 2876 1817 2932 est,
1853 2871 1904 2925 in

2004 2872 2094 2933 τος
2135 2873 2235 2942 τῆς
2256 2869 2350 2923 τοῦ
2380 2869 2776 2941 Κοινοϐιάρχου
2812 2871 2984 2941 μονῆς
3002 2871 3119 2923 ἐστι
3138 2870 3199 2923 τὸ
3216 2871 3507 2940 σπήλαιον,
3532 2875 3590 2925 ὲν

329 2965 437 3018 qua
477 2952 703 3007 oraculo
748 2964 974 3023 accepto
1013 2955 1175 3026 Magi,
1210 2971 1276 3013 ne
1308 2959 1375 3013 ad
1406 2957 1670 3016 Herodem
1719 2976 1907 3018 rever-

2008 2956 2052 3029 ᾦ
2114 2963 2586 3033 χρηματισθέντες
2622 2964 2672 3016 οἱ
2704 2963 2912 3031 Μάγοι,
2951 2962 3027 3034 μὴ
3077 2964 3403 3035 ἀνακάμψαι
3454 2966 3590 3037 πρὸς

331 3051 599 3109 terentur,
633 3060 731 3113 per
754 3045 917 3101 aliam
955 3048 1095 3102 viam
1131 3050 1337 3105 reversi
1362 3059 1493 3107 sunt
1535 3052 1589 3106 in
1632 3053 1907 3122 regionem

2020 3055 2291 3127 Ἡρώδην,
2320 3055 2391 3108 δι’
2418 3055 2589 3127 ἄλλης
2628 3055 2749 3110 ὁδοῦ
2775 3055 3138 3128 ἀνεχώρησαν
3164 3058 3246 3122 είς
3272 3058 3371 3128 τὴν
3404 3059 3594 3129 χώραν

330 3150 505 3189 suam.
536 3135 710 3191 Trans
737 3137 971 3201 lauram.
1008 3141 1291 3197 duodecim
1326 3142 1438 3199 fere
1481 3159 1739 3215 passuum
1779 3147 1899 3201 mil-

2004 3147 2201 3203 αὐτῶν.
2234 3149 2345 3203 Καὶ
2381 3148 2486 3219 τῆς
2531 3148 2744 3219 λαύρας
2783 3147 2996 3203 ἐκεῖθεν
3023 3150 3159 3204 ὡσεὶ
3186 3151 3341 3221 μίλια
3378 3149 3464 3220 ιβ’,
3493 3152 3589 3222 τῆς

332 3224 497 3290 libus,
529 3239 699 3295 prope
728 3226 898 3284 Babae
920 3243 1184 3297 eremum,
1219 3234 1395 3289 sancti
1431 3231 1753 3292 Charisonis
1783 3252 1904 3292 mo-

2013 3243 2109 3297 τοῦ
2147 3243 2347 3299 Ῥουϐᾶ
2374 3245 2589 3317 ἐρήμου
2618 3244 2848 3315 πλησίον
2876 3244 3030 3300 ἐστὶν
3060 3246 3093 3315 ἡ
3135 3245 3272 3316 μονὴ
3299 3244 3396 3298 τοῦ
3428 3245 3586 3307 ἁγίου

332 3319 636 3373 nasterium
688 3319 857 3390 jacet.
911 3320 978 3375 Et
1020 3338 1086 3378 eo
1142 3324 1375 3380 ulterius
1418 3326 1582 3399 longo
1620 3327 1909 3386 intervallo

2013 3333 2347 3406 Χαρίτωνος.
2383 3336 2493 3389 Καὶ
2546 3335 2753 3406 ταύτης
2796 3335 3010 3390 ἐκεῖθεν
3044 3338 3105 3389 ἐν
3159 3335 3345 3407 πολλῷ
3372 3336 3593 3407 διαστή-

333 3410 636 3478 sejunctum
674 3412 892 3481 duplex,
959 3416 1103 3483 quod
1136 3414 1423 3473 Chebrone
1467 3427 1571 3485 est,
1610 3420 1907 3476 Abrahami

2018 3442 2152 3492 ματι
2194 3428 2256 3479 το
2302 3427 2361 3479 ἐν
2399 3426 2623 3498 Χιὸρῶν
2662 3426 2898 3482 ⁴διπλοῦν
2943 3428 3137 3500 μνῆμα
3178 3427 3276 3481 τοῦ
3316 3427 3589 3498 Ἀϐραὰμ,

334 3500 663 3570 sepulcrum.
722 3510 779 3556 et
817 3517 1055 3572 quercus
1100 3504 1364 3568 Mambre,
1400 3508 1502 3561 sub
1549 3522 1655 3577 qua
1684 3510 1912 3565 sanctis-

2016 3519 2110 3570 καὶ
2139 3518 2171 3587 ή
2201 3517 2334 3589 δρῦς
2389 3521 2422 3588 ἡ
2457 3519 2684 3589 Μαυρή,
2719 3520 2778 3571 ἐν
2890 3520 2991 3591 τὴν
3021 3521 3294 3588 παναγίαν
3331 3520 3536 3590 Τριάδα
3566 3522 3592 3572 ό

336 3592 530 3647 simam
572 3593 827 3648 Triadem
864 3594 1100 3664 hospitio
1137 3598 1450 3665 patriarcha
1499 3610 1806 3670 exceperat.
1846 3601 1913 3656 Et

2016 3610 2364 3682 πατριάρχης
2422 3611 2661 3677 ἐξένισεν
2697 3592 2974 3683 Ἀϐραάμ.
3036 3612 3200 3667 Ἀλλὰ
3262 3612 3438 3667 ταῦτα
3494 3613 3592 3681 μὲν

337 3686 453 3740 Ιιιεε
480 3686 697 3755 quidem
757 3688 828 3741 ita
878 3702 937 3743 se
973 3688 1174 3744 habent
1203 3704 1231 3743 a
1258 3681 1594 3745 Ptolei'naide
1638 3706 1734 3760 per
1757 3692 1908 3749 Gali-

2018 3681 2328 3770 ἱστόρηνται
2355 3700 2463 3754 ἀπὸ
2493 3701 2592 3771 τῆς
2615 3681 2986 3772 Πτολεμαΐδος
3045 3702 3138 3755 διὰ
3162 3702 3262 3770 τῆς
3298 3702 3593 3766 Γαλιλαίας

336 3776 491 3830 laeam
525 3777 591 3831 ad
644 3786 888 3833 sanctam
941 3780 1127 3834 urbem
1153 3779 1475 3847 Jerusalem,
1518 3780 1829 3851 Iordanem,
1857 3794 1914 3843 et

2019 3791 2183 3862 μέχρι
2213 3793 2313 3862 τῆς
2338 3791 2502 3860 ἁγίας
2524 3792 2735 3857 πόλεως
2770 3793 3154 3867 Ἰερουσαλὴμ,
3184 3793 3278 3846 τοῦ
3323 3794 3592 3863 Ἰορδάνου

332 3882 575 3928 sanctam
617 3888 882 3931 cremnm.
929 3876 1194 3934 Maritima
1247 3895 1375 3936 vero
1406 3881 1497 3938 ita.

2015 3882 2234 3953 καὶτῆς
2265 3883 2428 3951 ἁγίας
2466 3885 2704 3955 ἐρήμου.
2736 3885 2819 3939 Τὰ
2850 3885 2908 3939 δὲ
2937 3885 3040 3955 τῆς
3067 3885 3342 3957 παραλίας
3372 3885 3592 3956 ἔχουσιν

2016 3974 2207 4037 οὕτως.
2597 3969 2605 3975 ’

406 4105 497 4161 29.
527 4107 571 4161 A
603 4116 790 4163 sancta
815 4106 1038 4162 civitate
1068 4103 1390 4174 Jerusalem,
1414 4109 1480 4162 ad
1505 4122 1602 4163 sex
1630 4107 1908 4170 milliaria,

2088 4102 2190 4160 κθ’.
2241 4104 2376 4159 Ἀπὸ
2429 4106 2530 4178 τῆς
2572 4105 2737 4176 ἁγίας
2790 4106 3004 4170 πόλεως
3045 4105 3408 4178 Ἰερουσαλὴμ
3460 4108 3592 4160 ὡσεὶ

336 4199 652 4254 Armathem
680 4199 809 4254 urbs
829 4200 1187 4270 conspicitur,
1211 4199 1263 4254 in
1287 4215 1392 4270 qua
1419 4199 1664 4264 Samuel,
1683 4213 1912 4270 magnus

2020 4194 2172 4266 μίλια
2206 4194 2280 4261 ς’,
2317 4196 2465 4251 ἐστιν
2492 4198 2527 4269 ή
2553 4196 2844 4269 Ἀρμαθὲμ
2890 4197 3067 4262 πόλις,
3112 4200 3171 4251 ἐν
3281 4198 3534 4269 Σαμουὴλ
3567 4202 3591 4251 ὁ

334 4290 424 4345 ille
454 4292 738 4360 prepheta,
767 4303 947 4347 ortum
981 4293 1190 4348 habuit.
1223 4292 1358 4348 lude
1395 4300 1518 4363 post
1549 4291 1655 4347 alia
1701 4301 1908 4363 septem

2019 4289 2191 4357 μέγας
2216 4290 2427 4351 ἐκεῖνος
2456 4289 2747 4361 προφήτης
2770 4288 3119 4359 γεγέννηται.
3159 4290 3268 4342 Καὶ
3308 4291 3425 4359 μετ’
3448 4291 3592 4343 ἐκεί-

333 4387 390 4432 et
427 4379 659 4450 amplius
689 4380 971 4445 milliaria,
1001 4381 1282 4447 Emmaus,
1313 4385 1444 4437 urbs
1477 4396 1693 4452 magna,
1722 4383 1772 4436 in
1799 4397 1913 4436 me-

2016 4397 2108 4435 vov
2159 4381 2296 4434 ὼσεὶ
2348 4380 2483 4450 μεθ’
2511 4382 2716 4452 ἐτέρων
2753 4382 2952 4450 μιλίων
2993 4381 3157 4447 ἐπτά,
3202 4381 3236 4453 ἦ
3287 4382 3381 4435 καὶ
3407 4381 3592 4437 πλεῖον

334 4472 421 4525 dia
475 4472 615 4527 valle
669 4473 1098 4542 supereminenti
1152 4475 1312 4530 dorso
1347 4475 1510 4545 jacet.
1551 4474 1663 4539 Sic,
1697 4477 1762 4527 all
1790 4490 1912 4544 pas-

2015 4472 2314 4543 διάστημα,
2341 4472 2493 4529 ἐστιν
2527 4474 2561 4545 ή
2601 4473 2888 4545 Ἐμμαοῦς
2922 4474 3079 4537 πόλις
3124 4474 3364 4545 μεγάλη,
3409 4475 3591 4528 κοιλά-

335 4577 492 4617 suum
516 4563 628 4618 fere
654 4563 845 4634 viginti
872 4564 1062 4630 millia,
1088 4564 1362 4636 Ramplcze
1385 4566 1536 4638 regio
1562 4565 1859 4622 ell‘unditur
1889 4580 1903 4621 :

2011 4564 2101 4629 δος
2126 4564 2294 4634 μέσον
2318 4566 2572 4637 κειμένη,
2600 4567 2659 4620 ἐν
2688 4566 3160 4635 ὕπερανεστηκότι
3188 4566 3387 4639 ραχίῳ,
3419 4565 3594 4630 οὕτως

332 4665 389 4707 et
421 4655 680 4725 templum
706 4655 896 4728 ingens
925 4660 977 4710 in
1006 4658 1193 4713 eadem
1222 4659 1394 4714 sancti
1434 4659 1616 4728 magni
1649 4657 1903 4729 tuartyris

2013 4657 2145 4710 ὡσεὶ
2202 4657 2356 4727 μίλια
2415 4659 2593 4713 εἴκοσι
2646 4658 2744 4713 καὶ
2791 4659 3039 4730 τέσσαρα
3073 4661 3108 4729 ὴ
3166 4659 3261 4713 τοῦ
3303 4660 3593 4729 Ῥαμπλέα

334 4745 554 4816 Georgii
613 4746 830 4803 visitur.
875 4746 989 4804 Illis
1037 4748 1093 4803 in
1134 4750 1270 4805 locis
1318 4758 1509 4810 sancto
1557 4749 1658 4804 fuit
1710 4749 1912 4805 natalis

2018 4749 2170 4821 χώρα
2195 4751 2551 4823 ὑφήπλωται,
2594 4752 2691 4805 καὶ
2738 4753 2866 4815 ναὸς
2891 4752 3200 4823 πάμμεγας
3245 4753 3305 4806 ἐν
3337 4752 3509 4824 ταύτῃ
3535 4756 3595 4808 6-

332 4839 472 4904 tlies,
507 4848 560 4892 et
592 4853 695 4909 pro
745 4839 947 4910 pietate
980 4841 1220 4911 ingentia
1270 4842 1570 4896 certamina
1626 4842 1813 4905 subiit,
1857 4850 1913 4896 ct

2017 4839 2180 4907 ρᾶται
2218 4838 2313 4892 τοῦ
2351 4839 2509 4909 ἁγίου
2552 4839 3047 4912 μεγαλομάρτυρος
3089 4842 3393 4913 Γεωργίου,
3423 4845 3481 4897 ἐν
3510 4836 3591 4907 οἷς

333 4930 625 5000 sepulturae
685 4932 1046 4988 demandatus
1107 4933 1230 4988 fuit.
1268 4933 1554 5005 Templum
1605 4934 1910 4990 dromicum

2016 4933 2109 4985 καὶ
2131 4932 2460 5003 γεγέννηται
2490 4932 2703 4998 τόποις,
2755 4932 2851 4987 καὶ
2890 4934 3033 5004 ὑπὲρ
3074 4934 3356 4999 εὐσεϐείας
3387 4934 3590 5007 ήθλησε

332 5034 436 5086 est,
461 5033 516 5078 et
540 5023 592 5077 in
623 5024 924 5080 sanctuarii
953 5025 1156 5096 mytulo
1200 5027 1304 5082 sub
1337 5037 1539 5084 sanctae
1590 5026 1784 5082 tabulae
1813 5042 1911 5097 pa-

2031 5024 2314 5092 ιεγίστους
2359 5024 2604 5092 ἀγῶνας,
2654 5024 2785 5079 ἔνθα
2825 5027 2919 5079 καὶ
2964 5026 3111 5097 ἱερὸς
3144 5027 3319 5097 τάφος
3349 5012 3627 5098 ὑπάρχειξ

335 5113 594 5183 vimento,
642 5115 877 5185 sepulcri
903 5129 967 5171 os
997 5126 1169 5187 patet,
1214 5118 1445 5173 candido
1492 5132 1767 5174 marmore
1803 5119 1913 5172 cir-

2032 5087 2211 5173 κὺτοῦ.
2258 5087 2318 5171 'o
2352 5087 2420 5170 δι’
2461 5087 2599 5179 ναός.
2646 5116 2764 5170 ἐστι
2830 5087 3119 5187 δρομικδςῠ,
3172 5087 3268 5171 mit
3299 5087 3359 5171 ἐν
3386 5087 3628 5189 τῷὲἑὸῡε

334 5217 693 5276 cumseptum.
733 5207 930 5264 Verum
981 5223 1163 5280 operte
1195 5210 1427 5278 pretium
1477 5209 1667 5269 fuerit,
1697 5224 1820 5279 quae
1881 5225 1912 5264 a

2019 5207 2265 5277 βήματος
2294 5206 2487 5277 μύακι,
2518 5207 2622 5261 ὑπὸ
2651 5208 2751 5280 τὴν
2772 5207 2871 5277 τῆς
2901 5206 3065 5276 ἁγίας
3088 5206 3375 5279 τραπέζης
3404 5208 3590 5278 χθόνα,

334 5298 518 5370 templi
551 5299 765 5356 clericis
793 5310 921 5356 ante
973 5315 1173 5369 paucos
1207 5315 1381 5358 annos
1440 5302 1494 5357 in
1526 5303 1701 5358 sancti
1735 5303 1915 5370 sepul-

2015 5299 2078 5352 τὸ
2126 5297 2220 5351 τοῦ
2256 5299 2429 5368 τάφου
2467 5301 2664 5369 ὁρᾶται
2728 5299 3028 5369 στομίδιον,
3082 5298 3263 5371 λευκῷ
3309 5298 3592 5369 μαρμάρῳ

334 5406 429 5446 cro
453 5402 583 5446 sunt
610 5401 842 5462 patrata,
876 5394 1195 5449 narratione
1241 5406 1428 5450 nostra
1461 5395 1726 5450 indicare.
1757 5394 1915 5449 Dice-

2018 5392 2547 5463 περιφραττόμενον.
2595 5390 2741 5445 Ἀλλ’
2772 5393 3070 5459 ἀναγκαῖον
3088 5393 3268 5446 εἰπεῖν
3307 5392 3410 5447 ὅσα
3438 5394 3592 5462 παρὰ

338 5485 468 5538 bant
495 5499 746 5554 namque,
780 5485 1155 5555 interjectum,
1203 5486 1298 5557 qui
1331 5502 1475 5542 nunc
1506 5496 1725 5558 prmest,
1764 5486 1916 5541 Lati-

2070 5480 2127 5534 ὒν
2182 5479 2279 5533 τοῦ
2345 5480 2476 5534 ναοῦ
2529 5480 2814 5553 κληρικῶν
2868 5480 3197 5552 ἀκηκόαμεν
3258 5483 3366 5551 πρό
3425 5498 3592 5552 τινων
3656 5512 3666 5523 ο

338 5589 529 5630 norum
556 5577 891 5647 episcopum,
920 5577 1152 5647 sepulcri
1181 5592 1245 5633 os
1264 5591 1515 5633 reserare
1536 5587 1812 5644 conatum,
1835 5587 1910 5646 et,

2016 5571 2283 5627 ἐνιαυτῶν
2322 5571 2417 5624 ἐπὶ
2452 5570 2530 5640 τῷ
2561 5572 2657 5624 τοῦ
2700 5571 2863 5640 άγίου
2899 5571 3057 5642 τάφῳ
3089 5572 3385 5643 γινόμενα.
3421 5573 3592 5644 Ἔφη-

340 5666 520 5720 tabula
551 5682 882 5734 marmorea,
918 5685 1026 5740 qua
1057 5669 1188 5725 illud
1242 5670 1618 5742 obtegebatur,
1673 5671 1911 5736 sublata,

2019 5681 2121 5718 σαν
2149 5663 2258 5734 γὰρ
2295 5664 2379 5717 ὅτι
2420 5665 2451 5717 ό
2493 5663 2592 5718 νῦν
2628 5663 3046 5735 παρεμϐόλιμος
3078 5665 3327 5731 Λατίνων
3369 5665 3591 5719 ἐπίσκο-

342 5756 614 5825 ingentem
650 5760 961 5828 speluncam
995 5774 1115 5816 sese
1140 5761 1469 5827 ostendisse,
1496 5769 1552 5817 et
1593 5761 1647 5815 in
1681 5761 1801 5832 ejus
1833 5761 1913 5815 in-

2018 5772 2119 5818 πος
2146 5754 2208 5807 τὸ
2240 5752 2337 5807 τοῦ
2372 5756 2546 5823 τάφου
2580 5755 2849 5827 ἐπειράθη
2896 5756 3188 5822 ὑπανοῖξαι
3215 5756 3460 5825 στόμιον,
3494 5756 3591 5810 καὶ

349 5843 546 5901 teriore
577 5856 751 5915 parte,
802 5848 975 5905 sancti
1033 5850 1342 5921 sepulcrum
1387 5868 1560 5909 :cutu
1614 5853 1828 5909 domum
1855 5862 1910 5907 et

2024 5850 2124 5919 τῆς
2175 5847 2381 5909 πλακὸς
2426 5847 2690 5918 ἀρθείσης
2731 5848 2830 5919 τῆς
2884 5849 3045 5904 τοῦτο
3086 5849 3592 5920 περιφραττούσης,
