4042 6396
386 341 491 405 961

1418 302 1425 308 ’
1467 334 1931 400 DESCRIPTIO
1967 334 2248 395 TERRIE
2290 334 2622 395 SANCTIE-

3556 343 3666 406 96?.

390 455 591 526 εὑρέθη
630 453 899 525 σπήλαιον
929 452 1096 524 μέγα,
1127 445 1189 506 οὗ
1230 450 1360 523 περὶ
1395 452 1457 504 τὸ
1497 450 1783 521 ἐνδότερον
1813 450 1980 521 μέρος

2089 448 2224 503 illud
2257 464 2472 520 quoque
2506 464 2753 506 reserare
2779 462 3131 521 conarentur,
3166 455 3307 529 ignis
3341 472 3371 514 e
3411 462 3666 532 sepulcro

394 552 422 602 ὁ
450 549 544 601 τοῦ
572 546 736 615 άγίου
769 546 1003 617 εὓρηται
1042 543 1239 613 τάφος.
1266 541 1380 597 Καὶ
1411 543 1549 614 δῆτα
1588 543 1981 614 ἐγχειρισάμε-

393 659 484 706 νος
550 640 649 696 καὶ
713 638 885 694 αὐτὸν
927 636 1029 709 μὲν
1086 634 1399 704 ὑπανοῖξαι,
1451 634 1567 706 πῦρ
1617 633 1981 704 ἐξαλλόμενον

396 733 619 805 ἑωράθη
646 730 744 786 τοῦ
772 731 972 800 τάφου,
1003 728 1098 783 καὶ
1127 728 1223 786 τὸν
1258 729 1361 800 μὲν
1387 728 1483 783 ἕνα
1503 726 1709 783 τούτων
1739 727 1981 799 ἡμίφλε-

392 844 519 884 κτον
556 825 809 895 γενέσθαι
849 822 1148 893 πεποίηκε,
1211 821 1305 876 τὸν
1360 820 1407 876 δ’
1471 822 1663 894 ἕτερον
1729 819 1976 876 θανάτου

393 921 556 984 εὐθὺς
584 918 996 990 παρανάλωμα.

463 1013 529 1067 λ’.
562 1010 721 1067 Μετὰ
753 1009 811 1063 δὲ
846 1008 946 1080 τὴν
978 1005 1166 1080 χώραν
1206 1024 1417 1080 ταυτην
1461 1008 1613 1062 ἐστὶν
1637 1010 1672 1080 ή
1703 1006 1974 1061 Φιλίππου

395 1105 729 1173 Καισάρεια,
760 1100 917 1165 πόλις
941 1099 1177 1172 μεγάλη,
1208 1098 1564 1172 πολύανδρος,
1600 1100 1723 1172 ἥτις
1750 1101 1880 1172 περὶ
1919 1099 1981 1153 τὸ

393 1198 570 1267 χεῖλος
598 1198 698 1266 τῆς
731 1192 1012 1262 θαλάσσης
1036 1192 1270 1262 ἵδρυται,
1312 1194 1369 1246 ἐν
1411 1186 1563 1264 ᾖκαὶ
1602 1192 1773 1265 λιμὴν
1799 1191 1982 1261 ὑπάρ-

394 1307 480 1361 χει
533 1288 679 1342 πάνυ
727 1287 1058 1358 θαυμάσιος,
1115 1286 1284 1359 τέχνῃ
1327 1285 1573 1355 γεγονὼς
1632 1286 1978 1358 ἀνθρωπίνη,

392 1382 615 1453 δαψιλία
646 1381 952 1453 χρημάτων
981 1383 1014 1452 ή
1043 1378 1139 1434 τοῦ
1191 1379 1436 1451 Ἡρώδου
1467 1380 1830 1451 ἐπαρκέσασα
1853 1378 1978 1449 χεὶρ

390 1475 458 1545 τῇ
506 1472 704 1527 τούτου
766 1472 1112 1542 κατασκευῇ.
1186 1471 1279 1526 Ἐν
1317 1468 1493 1543 ταύτῃ
1554 1469 1792 1539 Χριστὸς
1848 1471 1978 1532 τοὺς

403 1564 741 1629 ἀποστόλους
774 1565 982 1634 ἠρώτα,
1018 1566 1155 1617 Τίνα
1183 1580 1262 1633 με
1284 1562 1577 1633 λέγουσιν
1596 1565 1652 1616 οἱ
1679 1561 1979 1629 ἅνθρωποι

392 1659 501 1711 τὸν
548 1657 692 1712 Υὶὸν
740 1658 850 1711 τοῦ
888 1656 1246 1727 ἀνθρώπου;
1299 1658 1396 1712 καὶ
1423 1656 1452 1709 ὁ
1498 1657 1726 1727 Πέτρος,
1759 1655 1843 1710 Σὺ
1866 1650 1979 1710 eid

391 1750 647 1820 Χριστὸς
671 1752 704 1805 ό
742 1749 876 1817 Υἱὸς
900 1749 1008 1804 τοῦ
1041 1749 1214 1813 Θεοῦ,
1245 1749 1383 1820 πρὸς
1416 1748 1581 1803 αὐτὸν
1615 1747 1975 1818 ἁπεκρίνατο,

392 1844 454 1896 τὸ
523 1843 622 1914 τῆς
679 1842 907 1913 ἀγάπης
968 1840 1227 1896 ἐντεῦθεν
1297 1842 1567 1912 διάπυρον
1627 1839 1977 1910 ἐνδεικνύμε-

394 1954 504 1998 νος.

466 2030 570 2082 λα’.
604 2025 764 2082 Μετά
821 2023 998 2082 ταῦτά
1030 2026 1150 2080 ἐστι
1184 2025 1246 2080 τὸ
1287 2025 1617 2098 Καρμήλιον
1647 2025 1798 2096 ὅρος,
1847 2023 1978 2095 περὶ

393 2109 456 2167 οἷ)
512 2115 682 2182 πολὺς
713 2118 869 2189 λόγος
905 2121 1058 2192 παρά
1086 2138 1146 2175 τε
1188 2124 1258 2194 τῇ
1294 2121 1502 2193 παλαιᾷ
1551 2121 1742 2190 Γραφῇ
1774 2116 1871 2171 καὶ
1908 2117 1977 2186 τῇ

397 2211 580 2283 Καινῇ
642 2213 1042 2286 ὑπηγόρευται.
1098 2213 1256 2269 Ἐστι
1298 2214 1357 2267 δὲ
1388 2213 1451 2267 τὸ
1487 2213 1615 2283 ὅρος
1650 2211 1835 2281 ζυγὸς,
1883 2206 1978 2261 ὑπ’

394 2304 563 2358 αὑτοῦ
598 2305 693 2359 τοῦ
740 2305 1032 2361 θαλαττίου
1073 2305 1298 2373 κόλπου,
1333 2305 1427 2358 τοῦ
1468 2306 1600 2375 περὶ
1630 2303 1729 2376 τὴν
1782 2302 1982 2356 Πτολε-

399 2399 590 2469 μαΐδα,
641 2401 737 2454 καὶ
794 2399 892 2454 τοῦ
957 2401 1151 2469 Καῖφᾶ
1190 2399 1605 2469 κοιλαινομένου
1646 2398 1976 2470 ἀρχόμενος,

395 2495 492 2546 καὶ
534 2493 698 2565 μέχρι
754 2494 868 2549 τῶν
896 2494 998 2564 τῆς
1028 2493 1323 2556 Γαλιλαίας
1358 2493 1539 2564 διήκει
1581 2490 1698 2564 [ἵσ.
1747 2489 1980 2564 διήκων]

395 2587 583 2655 ὁρίων.
626 2588 762 2658 Περὶ
793 2586 852 2641 δὲ
894 2584 957 2640 τὸ
997 2578 1433 2661 ἀκροτελεύτιον.
1459 2582 1520 2639 τὸ
1573 2584 1710 2658 πρὸς
1740 2584 1840 2654 τὴν
1884 2583 1983 2639 θά-

396 2680 608 2735 λασσαν
665 2679 765 2735 τοῦ
821 2679 1013 2750 ζυγοῦ,
1064 2679 1182 2734 ἐστι
1232 2680 1294 2733 τὸ
1334 2678 1431 2732 τοῦ
1472 2678 1755 2751 προφήτου
1795 2676 1980 2730 Ἦλιοῦ

399 2773 689 2841 σπήλαιον,
720 2774 779 2826 ἐν
814 2766 859 2843 ᾧ
907 2772 1008 2844 τὴν
1036 2771 1343 2844 ἀγγελικὴν
1377 2770 1661 2824 πολιτείαν
1707 2772 1734 2823 ὁ
1763 2770 1982 2839 θαυμα-

400 2863 526 2928 στὸς
569 2866 782 2929 ἐκεῖνος
827 2865 1147 2928 διατελέσας
1185 2864 1351 2935 ἀνὴρ,
1390 2864 1685 2934 μετάρσιος
1732 2862 1978 2932 γέγονεν.

398 2951 513 3007 Ἦν
545 2955 646 3026 μὲν
671 2956 731 3009 ἐν
783 2956 862 3026 τῷ
891 2956 1120 3028 τοιούτῳ
1168 2955 1334 3028 χώρῳ
1364 2957 1532 3011 πάλαι
1559 2954 1777 3025 μεγάλη
1819 2955 1978 3026 μονὴ,

397 3049 474 3111 ὡς
508 3048 576 3101 τά
620 3048 718 3102 νῦν
779 3049 1086 3121 φαινόμενα
1146 3048 1257 3102 τῶν
1296 3048 1617 3118 κτισμάτων
1661 3046 1979 3101 διδάσκουσι

2084 541 2370 609 exsiliens,
2402 558 2569 598 unum
2600 560 2662 599 ex
2697 544 2763 600 iis
2800 547 2891 614 qui
2926 547 2979 602 id
3031 552 3252 620 aggredi
3302 556 3663 620 conabantur,

2085 634 2406 691 semiustum
2448 634 2705 706 reliquit,
2757 638 3012 696 alterum
3058 644 3242 700 subita
3291 655 3469 703 morte
3510 647 3665 703 dele-

2085 727 2182 783 vit.

2154 1011 2246 1068 30.
2279 1011 2580 1084 Regionem
2606 1012 2751 1069 illam
2776 1015 2981 1085 excipit
3020 1015 3270 1074 Caesarea
3300 1018 3555 1091 Philippi.
3586 1023 3666 1077 ci-

2086 1102 2230 1157 vitas
2263 1119 2483 1174 magna,
2535 1115 2589 1161 et
2640 1104 2841 1175 pupulo
2872 1106 3152 1177 frequens,
3180 1109 3271 1170 :ad
3323 1113 3490 1167 maris
3517 1114 3664 1182 ripas

2081 1194 2336 1263 fundata;
2364 1207 2520 1266 portu
2548 1196 2928 1260 celeberrimo.
2968 1213 3137 1253 manu
3174 1199 3455 1257 hominum
3486 1203 3662 1269 facto,
3730 1191 3739 1197 ’

2084 1289 2378 1344 immanem
2405 1290 2759 1360 pecuniarum
2794 1301 3069 1361 sumptum
3097 1291 3151 1346 in
3182 1293 3287 1348 loci
3332 1304 3663 1351 structuram

2082 1381 2296 1439 Herode
2324 1393 2603 1455 erogaute,
2635 1386 2837 1441 cincta.
2870 1385 2930 1439 ln
2970 1401 3033 1441 ea
3067 1385 3324 1445 Christus
3357 1389 3664 1462 interregn-

2082 1474 2162 1530 vit
2191 1477 2468 1547 apostolos
2494 1494 2509 1531 :
2545 1475 2712 1543 Quem
2745 1496 2826 1534 me
2846 1481 3028 1535 dicunt
3048 1482 3285 1537 homines
3312 1499 3425 1540 esse
3461 1483 3512 1539 F
3513 1486 3663 1542 ilium

2081 1569 2353 1623 hominis?
2419 1578 2475 1626 et
2502 1568 2722 1637 Petrus,
2776 1569 2856 1626 Tu
2891 1589 2946 1627 es
2981 1571 3225 1629 Christus
3282 1572 3458 1629 Filius
3489 1577 3582 1632 Dei
3618 1579 3663 1643 ',

2083 1657 2383 1726 respondit,
2420 1658 2600 1715 verbis
2649 1658 2738 1716 his
2766 1669 2962 1730 aestum
2992 1676 3105 1719 sua:
3138 1663 3427 1723 charitatis
3480 1677 3666 1723 osten-

2081 1747 2236 1806 dens.

2150 2029 2240 2084 ‘51.
2285 2028 2651 2100 Subsequitur
2683 2048 2840 2091 mons
2885 2036 3197 2104 Carmelus,
3232 2040 3298 2094 de
3330 2042 3524 2110 quo;in
3560 2044 3664 2098 Ve-

2083 2118 2183 2172 teri
2221 2117 2646 2193 Recentiorique
2698 2121 2982 2196 Scriptura
3038 2127 3304 2198 plurimus
3341 2144 3522 2187 sermo
3562 2143 3666 2187 est.

2079 2208 2311 2280 Jugatur
2351 2227 2533 2281 mons,
2583 2215 2652 2271 ab
2684 2215 2803 2286 ipso
2839 2218 3007 2274 maris
3055 2220 3205 2285 sinu,
3239 2222 3333 2291 qui
3357 2222 3504 2278 circa
3537 2223 3664 2278 Pto-

2083 2303 2371 2360 lemaidem
2406 2314 2459 2360 et
2481 2306 2743 2377 Caipham
2775 2309 3128 2375 incurvatur,
3188 2311 3401 2368 initium
3433 2314 3664 2379 ducens,

2080 2408 2135 2451 et
2163 2398 2230 2452 ad
2259 2397 2495 2455 Galilaete
2537 2399 2673 2457 lines
2721 2406 3070 2472 perveniens.
3126 2406 3187 2459 In
3212 2415 3459 2462 extrema
3512 2417 3669 2476 parte

2078 2487 2221 2559 jugi,
2264 2505 2369 2560 qua
2400 2505 2555 2548 mare
2627 2494 2874 2563 respicit,
2924 2499 3206 2566 pruphctse
3245 2496 3382 2553 Elite
3408 2504 3668 2569 spelunca

2083 2593 2383 2655 spectatur,
2441 2585 2499 2641 in
2557 2601 2664 2658 qua
2695 2589 3000 2660 angelicam
3058 2590 3187 2646 vitat
3227 2592 3497 2649 rationem
3544 2609 3666 2649 cum

2084 2677 2354 2745 exegisset
2397 2677 2663 2735 miriﬁcus
2722 2680 2813 2736 ille
2845 2682 2950 2747 vir,
2994 2680 3048 2737 in
3098 2697 3226 2738 aera
3284 2684 3531 2740 sublatus
3562 2693 3667 2747 est.

2084 2768 2217 2825 Erat
2243 2786 2310 2827 eo
2341 2771 2445 2828 loci
2504 2775 2808 2844 antiquitus
2860 2777 3259 2833 monasterium
3293 2794 3576 2849 magnum,
3612 2790 3671 2833 ut

2085 2872 2483 2919 structurarum
2517 2867 2748 2938 vestigia
2779 2866 2848 2922 ad
2881 2869 2996 2925 haec
3019 2884 3193 2939 usque
3238 2877 3482 2941 tempora
3516 2886 3669 2927 com-

2089 2964 2438 3023 monstrant;
2468 2958 2566 3014 sed
2601 2958 2752 3025 illud,
2804 2969 3069 3031 tempore,
3105 2963 3250 3032 quod
3278 2964 3459 3018 omnia
3503 2963 3558 3017 in
3588 2978 3672 3019 se-

2086 3046 2235 3101 nium
2286 3048 2551 3117 impellit,
2608 3060 2665 3106 et
2708 3053 2951 3121 gentium
3000 3055 3168 3109 variis
3213 3055 3670 3122 excursionibus,

397 3140 649 3209 λείψανα,
680 3139 796 3195 ἀλλ’
834 3142 938 3195 ὑπὸ
972 3141 1066 3194 τοῦ
1094 3141 1314 3211 χρόνου,
1353 3140 1450 3193 τοῦ
1481 3140 1550 3194 τὰ
1587 3140 1769 3193 πάντα
1802 3137 1979 3209 γηρά-

2083 3139 2300 3207 penitus
2335 3139 2625 3197 abolitum.
2671 3139 2876 3196 Verum
2916 3152 3045 3199 ante
3076 3143 3284 3213 aliquot
3317 3158 3512 3211 annos,
3546 3146 3672 3216 qui--

401 3249 653 3301 σκοντος,
693 3234 791 3286 καὶ
830 3235 931 3306 τῆς
969 3232 1077 3286 τῶν
1113 3233 1327 3304 ἐχθρῶν
1379 3231 1793 3303 ἁλλεπαλλήλου
1854 3234 1979 3284 ἐπι-

409 3325 643 3396 δρομῆς,
672 3325 975 3396 ἠφάνισται
1010 3326 1219 3381 τέλεον.
1280 3326 1397 3397 Πρὸ
1451 3325 1511 3379 δέ
1569 3342 1734 3380 τινων
1770 3324 1980 3395 χρόνων

400 3416 545 3486 ἀνὴρ
588 3417 845 3487 μοναχδς,
879 3417 1063 3486 ἱερεὺς
1090 3416 1192 3488 τὴν
1235 3416 1418 3483 ἀξίαν,
1457 3415 1642 3479 πολιὸς
1668 3415 1766 3486 τὴν
1790 3415 1978 3485 τρίχα,

398 3506 831 3579 Καλαυρῃδόθεν
879 3506 1241 3578 ὁρμώμενος,
1304 3506 1366 3571 ἐξ
1423 3506 1826 3576 ἀποκαλύψεως
1885 3504 1980 3560 τοῦ

401 3600 685 3670 προφήτου
711 3600 789 3671 τῷ
812 3602 966 3672 τόπῳ
995 3601 1366 3671 ἐπιδημήσας,
1400 3602 1460 3654 ἐν
1484 3603 1599 3664 τοῖς
1620 3600 1811 3663 τόποις
1838 3599 1986 3653 ἐκεί-

400 3708 538 3758 νοις,
568 3691 602 3764 ἢ
640 3692 715 3758 ὡς
747 3695 806 3748 ἐν
839 3695 954 3757 τοῖς
983 3691 1084 3763 τῆς
1117 3692 1290 3764 μονῆς
1326 3691 1682 3764 καταλύμασι
1731 3691 1984 3763 θριγγίον

401 3781 584 3853 πήξας
616 3783 836 3854 μικρὸν,
885 3786 980 3839 καὶ
1034 3783 1254 3855 πύργον
1284 3781 1676 3854 οῑκοδομήσας,
1706 3784 1802 3836 καὶ
1854 3784 1983 3837 ναδν

400 3874 697 3946 ἀνεγείρας
725 3875 947 3947 μικρὸν,
974 3877 1075 3931 καὶ
1104 3874 1370 3945 ἀδελφοὺς
1391 3874 1527 3928 ὡσεὶ
1553 3875 1689 3929 δέκα
1720 3873 1980 3940 συνάξας,

401 3965 499 4020 νῦν
529 3967 623 4020 τὸν
655 3968 815 4037 ἅγιον
841 3969 1024 4040 χῶρον
1048 3969 1258 4023 ἐκεῖνον
1286 3970 1451 4022 οἰκεῖ.

477 4060 582 4130 λβ¹.
619 4062 890 4117 Ἐνταῦθα
923 4062 1235 4118 πεπαύοθω
1270 4062 1335 4116 τὸ
1376 4062 1476 4133 τῆς
1499 4060 1825 4131 ἐκφράσεως
1852 4057 1985 4127 σύγ-

402 4173 669 4228 γραμμα,
701 4155 832 4212 ἔνθα
881 4172 972 4229 μοι
1007 4156 1103 4213 καὶ
1151 4158 1181 4210 ό
1212 4155 1321 4210 τῶν
1358 4154 1519 4226 ιερῶν
1557 4154 1741 4208 τόπων
1766 4150 1983 4215 δίαυλος

401 4263 527 4302 τετε
539 4247 863 4320 ρμάτισται.
898 4247 963 4301 El
1033 4247 1221 4319 μέντοι
1256 4246 1403 4312 δόξει
1447 4246 1559 4309 τοίς
1591 4243 1982 4314 ἐντυγχάνουσι

400 4341 559 4394 τουτὶ
602 4339 664 4394 τὸ
715 4341 938 4412 πόνημα
1004 4341 1302 4412 χρήσιμον,
1334 4339 1469 4393 αὑτό
1513 4354 1605 4411 μοι
1638 4339 1701 4392 τὸ
1744 4334 1984 4406 πονηθὲν

403 4433 762 4505 ἁντάμειψις,
795 4435 894 4489 καὶ
927 4430 1099 4488 ἆθλον
1145 4430 1421 4504 ἔμμισθον
1450 4431 1836 4501 λογισθήσεται
1875 4443 1891 4459 ο
1934 4428 1983 4480 εί

401 4526 461 4580 δὲ
519 4526 595 4598 μὴ
650 4526 836 4595 τοῦτο,
878 4526 1019 4599 πρὸς
1054 4527 1156 4598 ἐμὲ
1194 4527 1287 4580 τὸν
1348 4525 1580 4580 τεκόντα
1609 4523 1672 4578 τὸ
1719 4519 1984 4593 γεννηθὲν

401 4620 929 4693 ἐπαναστραφείτω,
964 4620 1060 4674 καὶ
1098 4621 1214 4685 τοῖς
1267 4618 1437 4673 αὑτοῦ
1479 4617 1803 4689 ψελλισμοῖς
1847 4616 1985 4669 ὑπο-

405 4714 663 4786 μνηζέτω
690 4717 802 4770 τῶν
828 4715 991 4770 θείων
1016 4715 1201 4770 τόπων
1243 4710 1493 4779 ἐκείνων,
1534 4710 1604 4767 ἶν’
1629 4713 1688 4766 ἐν
1715 4708 1988 4781 φαντασίᾳ

400 4806 491 4864 διὰ
558 4809 657 4878 τῆς
719 4809 1085 4882 ἀναμνήσεως
1143 4807 1373 4863 ἐκείνων
1436 4806 1749 4877 γενόμενοι,
1814 4803 1986 4875 ἡδέως

402 4901 923 4975 ἐπευφραινώμεθα.

475 5086 497 5118 ⁵
528 5084 719 5143 Matth.
750 5068 1076 5153 illi-1,1546.

2085 3232 2207 3286 dant
2240 3232 2564 3298 monachus,
2598 3233 2863 3304 dignitate
2890 3236 3173 3303 sacerdos,
3196 3236 3458 3308 capillitio
3485 3238 3667 3306 albus,

2084 3339 2117 3379 e
2161 3323 2415 3380 Calabria
2457 3326 2748 3394 oriundus,
2801 3342 2866 3383 ex
2904 3327 3184 3400 propheta:
3221 3329 3555 3386 revelatione
3609 3331 3669 3386 in

2087 3427 2325 3469 montem
2360 3415 2663 3484 appelletis,
2697 3431 2761 3473 ea
2792 3417 2934 3483 loca,
2970 3419 3292 3475 monasterii
3325 3432 3521 3488 nempe
3580 3433 3669 3474 re—

2088 3506 2303 3575 liquias,
2332 3506 2477 3563 vallo
2504 3521 2773 3578 perparvo
2797 3509 3001 3575 cinxit,
3032 3517 3088 3565 et
3117 3509 3258 3565 turri
3303 3509 3668 3573 exaediﬁcato,

2088 3596 2399 3667 temploque
2473 3611 2581 3652 non
2658 3598 2859 3669 ingenti
2922 3610 3239 3668 exstructo,
3299 3599 3672 3671 iratribusque

2087 3687 2259 3744 ferme
2284 3689 2351 3743 ad
2392 3691 2581 3743 decem
2610 3690 2875 3758 collectis,
2906 3692 3207 3749 etiamnum
3240 3701 3491 3750 sanctum
3518 3692 3670 3749 illum

2087 3783 2353 3837 ambitum
2385 3780 2490 3837 coli
2505 3793 2544 3837 t.

2158 4067 2249 4124 52.
2275 4066 2342 4120 Et
2365 4066 2454 4120 hic
2488 4064 2875 4133 descriptionis
2904 4062 3131 4133 hujusce
3167 4062 3351 4118 exitus
3390 4069 3535 4128 esto,
3578 4061 3669 4116 ubi

2089 4171 2371 4215 sacrorum
2402 4156 2648 4210 locorum
2682 4152 2932 4209 circuitio
2985 4152 3148 4207 tinem
3191 4151 3374 4207 habet.
3416 4149 3570 4217 Quod
3623 4150 3671 4205 si

2087 4249 2390 4321 legentibus
2438 4247 2592 4304 labor
2644 4247 2750 4302 iste
2792 4245 3224 4301 emolumentum
3269 4243 3467 4299 aiierre
3523 4244 3673 4299 visus

2086 4341 2274 4409 fuerit,
2306 4355 2447 4411 opus
2476 4341 2654 4409 ipsum
2688 4351 2753 4394 ac
2780 4336 2935 4392 labor
2962 4336 3337 4406 compensatio
3371 4335 3506 4391 mihi
3550 4351 3669 4389 ain-

2019 4486 2064 4543 D
2093 4437 2179 4508 pla
2202 4444 2257 4490 et
2279 4431 2629 4489 luctiﬁcabile
2651 4430 2931 4502 praemium
2955 4429 3331 4543 reputabitur:
3357 4427 3670 4543 sittlminus,

2093 4529 2163 4583 ad
2197 4535 2478 4598 parentem
2501 4522 2715 4589 redeat,
2745 4537 2774 4577 a
2809 4536 2917 4593 quo
2940 4530 3121 4576 ortum
3152 4520 3325 4584 ducit,
3357 4517 3671 4575 balbutien-

2094 4620 2276 4691 doque
2318 4631 2601 4674 sacrorum
2656 4616 2902 4670 locorum
2944 4611 3262 4668 memoriam
3319 4609 3559 4677 reiricet,
3615 4620 3676 4666 ut

2096 4727 2194 4769 nos
2219 4725 2409 4767 eorum
2446 4708 2827 4765 recordatione
2849 4707 2905 4762 in
2942 4708 3122 4762 vivam
3156 4719 3347 4761 eorum
3377 4704 3671 4774 imaginem

2094 4814 2427 4872 remeantes,
2458 4800 2611 4859 suavi
2642 4799 2838 4859 solatio
2865 4799 2923 4856 in
2950 4798 3148 4870 gaudia
3179 4797 3558 4855 restituamur.
