4042 6404
382 357 489 425 963
1659 355 2014 418 ΡΕΒΒῘΕᾹΞ
2066 353 2412 415 EPIIESII.
3488 311 3495 317 ’
3547 336 3661 401 964

2251 488 3650 524 ____________________.____.__.

1157 679 2019 805 ΕΡΙΡΗΑΝΙΙ
2151 669 2918 794 MONACHI

1757 904 2327 969 HAGIOPOLITIE

1225 1088 1577 1188 SYRlA
1681 1087 1832 1179 ET
1936 1087 2235 1180 ΗΒΒὸ
2328 1082 2814 1178 SANCTA.

981 1292 1215 1354 Exstat
1246 1307 1385 1351 cum
1411 1287 1557 1349 aliis
1588 1283 1947 1365 Epiphanii
1981 1283 2237 1362 scriptis
2267 1281 2649 1361 Patrologiw
2681 1290 2833 1342 tom.
2869 1278 3059 1342 CXX.

1587 1652 2469 1803 ΠΕΡΔΙΚΟΥ

1144 1898 2101 1992 ΠΡΩΤΟΝΟΤΑΡΙΟΥ
2175 1899 2395 1987 ΤΗΣ
2471 1897 2910 1990 ΕΦΕΣΟΥ

1854 2088 2176 2142 ΕΚΦΡΑΣΙΣ

1110 2241 1299 2300 ΠΕΡΙ
1329 2243 1471 2301 ΤΩΝ
1495 2244 1599 2299 ΕΝ
1627 2242 1953 2297 ΙΕΡΟΣΟΛ
1968 2240 2196 2297 ΥΜΟΙΣ
2233 2240 2587 2297 ΚΥΡΙΑΚΩΝ
2625 2239 2984 2294 ΘΕΜΑΤΩΝ.

384 2496 1268 2659 PERDIGZE
1322 2386 2790 2658 PROTObIOTARII
2883 2488 3657 2652 EPHESII

1851 2770 2122 2824 EXPOSIT
2132 2770 2195 2822 l0

438 2958 461 2971 ε
501 2928 966 2991 THEMATUM
1002 2922 1561 2988 DOMINICORUM
1604 2924 1705 2985 ET
1748 2924 2393 2991 MEMORABILIUM
2433 2925 2618 3001 QUJE
2664 2923 3269 2986 HIEROSOLYMIS
3305 2923 3532 2986 SUNT.

372 3237 609 3306 Quando
642 3237 840 3305 volupe
870 3245 954 3292 est
997 3231 1295 3304 plerisque,
1324 3232 1540 3303 opinor,
1605 3232 1860 3289 omnibus

1845 3247 1860 3289 5
1996 3240 2044 3298 Α
2087 3232 2355 3306 Ἐπεεπερ
2384 3233 2776 3305 πολυεραστον,
2809 3227 2950 3297 οἴδα,
2985 3229 3248 3301 τυγχάνει
3286 3231 3441 3295 πᾶσι,

374 3333 631 3388 Narratio
661 3333 728 3387 de
757 3331 979 3385 civitate
1014 3325 1169 3393 Sion,
1208 3328 1276 3381 iis

2069 3325 2183 3397 Τὴν
2220 3326 2326 3397 τῆς
2348 3326 2489 3380 Σιὼν
2528 3327 2786 3397 διήγησιν
2820 3327 2936 3388 τοῖς
2967 3324 3043 3395 μὴ
3080 3324 3473 3393 οεασαμένοις,

374 3420 477 3487 Qui
512 3434 618 3476 non
649 3418 993 3484 eamvidcre,
1025 3432 1125 3487 ego
1154 3425 1213 3471 ut
1242 3416 1353 3471 vidi
1388 3414 1633 3485 eloquar.

2082 3417 2171 3483 Ὦς
2198 3418 2395 3489 αὐτοψὶ
2424 3418 2682 3479 τεθέακα,
2711 3415 2886 3485 οὕτως
2908 3417 3072 3480 αὐτὸς
3101 3417 3385 3489 ὲκφράσω.

377 3511 491 3568 lloc
521 3512 782 3583 oppidum
812 3520 897 3567 est
920 3512 1031 3565 situ
1063 3509 1401 3579 spectabile;

2082 3506 2151 3560 Ἦ
2188 3507 2345 3569 πόλις
2371 3506 2472 3578 τὴν
2498 3506 2742 3561 διάθεσιν
2788 3507 3159 3577 περίϐλεπτος
3196 3511 3481 3581 τυγχάνει,

375 3601 590 3671 Quippe
622 3609 708 3658 est
739 3603 807 3658 ab
835 3614 1143 3671 auroraque
1170 3609 1225 3655 et
1254 3614 1451 3655 occasu
1479 3599 1772 3656 imminens

2083 3599 2174 3664 Ὠς
2205 3598 2265 3664 ἐξ
2296 3598 2439 3671 ἑῴας
2473 3599 2567 3654 καὶ
2604 3600 2826 3670 δυσμῶν
2858 3599 2951 3654 δύο
2979 3600 3241 3656 κοιλάδων
3277 3604 3442 3673 μέσον

378 3692 730 3751 Couvallibus
760 3693 1015 3762 geminis,
1053 3690 1290 3746 amoenis
1319 3700 1375 3746 et
1401 3692 1576 3747 cavis.

2084 3692 2494 3764 ’Υπερκειμένη
2520 3692 2779 3763 καθαρῶν
2808 3695 3028 3748 πάντων
3058 3695 3153 3748 καὶ
3177 3694 3523 3766 βαθυτάτων.

381 3784 783 3854 Septentrionis
823 3798 950 3856 pars
980 3785 1167 3854 polita,
1200 3784 1376 3840 solum
1406 3792 1462 3839 et
1484 3785 1671 3851 ferax;

2067 3784 2253 3856 Μέρος
2278 3784 2340 3839 τὸ
2365 3784 2711 3857 βορειότερον
2741 3786 2886 3841 λεῖον
2926 3786 3213 3859 εὐκάρπου
3247 3792 3437 3859 γαίας,

381 3873 690 3929 Serenitate
719 3874 999 3940 decorum,
1033 3884 1088 3930 et
1126 3884 1355 3944 aspectu
1389 3874 1492 3930 loci
1526 3891 1542 3930 :

2068 3879 2183 3933 Kal.
2208 3879 2508 3952 ὲμφανείᾳ,
2532 3881 2630 3933 καὶ
2661 3883 2870 3953 τερπνῇ
2901 3882 3288 3953 κοσμούμενον
3311 3887 3379 3957 τῇ
3417 3885 3538 3958 θέᾳ,

378 3965 481 4021 [lbi
504 3966 679 4022 vincte
705 3965 924 4033 uberes,
950 3977 1001 4025 et
1028 3967 1202 4033 horti,
1244 3967 1487 4037 itemque
1508 3966 1647 4037 agri.

2067 3972 2170 4026 Διὰ
2199 3972 2468 4042 ἀμπέλων
2501 3973 2707 4027 ἱκανῶν
2732 3975 2826 4028 καὶ
2859 3975 3057 4037 κήπων
3085 3958 3449 4048 καὶ-χωρίων.

373 4058 647 4115 Australis
674 4067 731 4115 at
761 4058 971 4116 devexa
1000 4074 1152 4128 pars,
1191 4059 1297 4113 situ
1328 4059 1561 4130 optimo,

2067 4064 2142 4119 Τὸ
2169 4063 2227 4118 δέ
2257 4081 2320 4133 γε
2351 4065 2528 4119 νότιον
2558 4064 2717 4128 εὐθὲς
2748 4064 3064 4136 κατώτερον
3087 4065 3188 4137 τὴν
3219 4067 3397 4132 θέσιν,

374 4149 520 4206 Bona
554 4159 798 4223 tempora
848 4162 902 4208 et
930 4151 1269 4208 feracitatem
1302 4153 1622 4219 continens;

2066 4157 2343 4229 Εὐαερίαν
2363 4156 2487 4227 ἕχον
2523 4174 2582 4210 τε
2612 4157 2708 4212 καὶ
2735 4158 2919 4212 πᾶσαν
2952 4159 3288 4230 εὐκαρπίαν,

373 4242 571 4298 Forma
603 4244 868 4314 quadrata
898 4244 1159 4315 iactitans
1190 4259 1373 4301 arcem
1413 4244 1657 4316 undique

2079 4251 2170 4305 Ἔν
2198 4251 2531 4322 τετραγώνῳ
2561 4250 2807 4321 σχήματι
2840 4250 2900 4304 τὸ
2927 4250 3193 4323 φρούριον
3225 4251 3472 4322 αὐχοῦσα

371 4336 506 4394 Late
539 4348 839 4413 patentem,
867 4354 987 4409 qua:
1020 4337 1166 4393 haud
1198 4347 1317 4408 eget
1346 4339 1667 4394 custodibus

2067 4343 2498 4415 Κεχαλασμένον
2522 4342 2813 4408 πάντοθεν,
2847 4341 3165 4412 ἀφύλακτον
3194 4344 3302 4415 πρὸ
3334 4346 3570 4415 χρόνων,

371 4425 490 4482 Jam
523 4426 651 4483 olim
681 4444 696 4481 ;
726 4427 1080 4497 frequentans
1108 4442 1240 4495 quo,
1272 4428 1340 4484 ab
1375 4429 1693 4498 Aquilonari
1728 4428 1883 4501 plaga

2068 4430 2257 4507 Οὒπερ
2290 4436 2351 4489 ὲν
2387 4434 2550 4506 μέρει
2588 4433 2967 4505 πεφοιτηκὼς,
3001 4435 3062 4489 ὲν
3108 4435 3265 4507 μέρει
3301 4438 3378 4507 τῷ
3414 4436 3652 4509 ἀρκτῴῳ

373 4520 561 4576 Celsas
592 4520 791 4574 domus
818 4519 1048 4583 videbis,
1072 4531 1236 4590 atque
1263 4521 1495 4590 regiam,

1995 4598 2011 4600 _
2069 4526 2348 4598 Εὑρήσεις
2376 4527 2577 4597 δόμους
2604 4526 2869 4599 ὑψηλοὺς,
2899 4526 3186 4600 βασιλικὴν
3209 4528 3396 4583 ἑστίαν

371 4607 655 4677 {ﬁdesque
686 4621 932 4664 amoenas
964 4607 1233 4663 Joachimi
1270 4624 1335 4664 ac
1361 4610 1532 4665 Annae
1567 4626 1743 4679 anus;

2067 4619 2179 4672 Kal.
2227 4618 2374 4673 θεῖον
2408 4616 2559 4672 οἷκον
2592 4598 2939 4690 πάντερπνον
2971 4598 3235 4691 Ἰωακεὶμ
3280 4622 3378 4674 καὶ
3424 4623 3649 4691 ’Λννης.

372 4699 477 4755 Ubi
506 4710 590 4755 est
611 4699 919 4769 sepulcrum
953 4700 1115 4756 ambo
1140 4716 1357 4757 sacrum
1387 4713 1698 4772 parentum.

2076 4709 2194 4781 Ἐφ’
2233 4705 2408 4781 οὗπέρ
2434 4714 2585 4765 ἐστιν
2615 4712 2650 4781 ἡ
2676 4712 2838 4781 σορὸς
2868 4711 3038 4782 ἄμφω
3075 4714 3443 4783 θεοπατόρων.

372 4790 577 4846 Πὶίΐυειι
609 4792 796 4862 opacis
824 4793 989 4849 arbor
1021 4793 1110 4848 hic
1144 4801 1254 4849 stat
1278 4788 1591 4863 frondibus,

2063 4804 2178 4859 Καὶ
2207 4804 2426 4876 δένδρον
2453 4804 2851 4873 εὐσκιόφυλλον
2883 4804 3061 4869 ἑστὼς
3092 4807 3151 4860 ἐν
3176 4807 3254 4876 τῷ
3277 4809 3530 4877 προνάῳδ

372 4884 504 4951 Quae
535 4887 655 4941 luce
688 4887 855 4941 natali
889 4887 1256 4959 integerrima:
1295 4889 1391 4945 Dei

2067 4895 2248 4966 Ὅπερ
2273 4897 2355 4959 εἰς
2380 4895 2440 4949 τὺ
2472 4896 2755 4964 γενέθλιον
2784 4896 2885 4966 τῆς
2920 4897 3310 4967 παναχράντου
3339 4898 3511 4967 κόρης

371 4975 562 5032 Matris
594 4979 782 5050 vigens
825 4979 1061 5036 fructum
1095 4982 1318 5038 exhibet
1347 4982 1655 5050 sterilibus,
1687 4983 1778 5039 his

2077 4987 2348 5056 ’Λναφυὲν
2370 4987 2657 5058 πορίζεται
2690 4989 2902 5059 καρπδς
2924 4990 3053 5053 ταῖς
3086 4988 3518 5059 στειρευούσαις,

368 5071 819 5129 Communionem
845 5089 966 5145 qua:
995 5078 1214 5132 arboris
1243 5075 1460 5133 fructus
1483 5078 1712 5145 habent,

2063 5081 2358 5144 Ποιούσαις
2380 5080 2482 5150 τὴν
2506 5078 2809 5150 μετάληψιν
2836 5079 2901 5134 ὲκ
2924 5078 3019 5133 τοῦ
3039 5080 3260 5147 καρποῦ
3280 5080 3376 5133 τοῦ
3399 5080 3642 5151 δένδρου.

369 5164 676 5223 Porticibus
711 5168 763 5222 in
789 5169 996 5239 quinis,
1034 5169 1105 5225 ibi
1138 5173 1417 5227 natatoria

2064 5174 2212 5246 Πρὸς
2232 5172 2456 5237 τούτους
2482 5174 2632 5229 ἐστὶν
2654 5160 2718 5227 ἓν
2749 5176 2934 5239 στοαῖς
2966 5173 3130 5228 πέντε
3161 5174 3255 5227 καὶ
3287 5172 3648 5244 κολυμῦήθρα

369 5257 656 5316 Probatica
691 5264 987 5332 quondam,
1018 5264 1325 5319 remedium
1358 5264 1645 5337 paralytici

2061 5265 2106 5320 Π
2116 5265 2379 5339 ροὸατικὴ
2404 5267 2464 5322 τὸ
2492 5268 2761 5339 πρότερον
2785 5268 2927 5331 ἴασις
2956 5266 3295 5337 παραλύτου,

367 5348 509 5405 Infra
533 5352 730 5419 solum,
767 5356 936 5411 vectis
970 5355 1195 5425 grabato
1231 5357 1541 5421 commoda,

2071 5357 2357 5429 ’Υπόγεως
2383 5358 2443 5413 ἐν
2472 5358 2704 5430 κλίμακι
2732 5360 2950 5413 πάντων
2984 5361 3434 5430 κατερχομένων,

375 5442 442 5499 Ut
463 5445 733 5511 cluantur,
769 5448 913 5503 unda
943 5450 1069 5504 dum
1107 5450 1392 5504 exundans
1418 5450 1626 5505 tremit.

2073 5449 2471 5520 Ἀπολουθῆναι
2506 5451 2794 5522 τρομερῶς
2820 5452 2898 5515 ὡς
2929 5452 3440 5522 ἀμετροὸυθούσης.

370 5529 545 5601 Supra
581 5535 723 5590 hanc
764 5537 932 5592 situm
984 5538 1243 5605 templum
1279 5542 1549 5611 stupeudo
1577 5541 1776 5598 decore
1809 5553 1948 5610 crat,

1761 5556 1776 5598 Ξ
1809 5553 1948 5610 crat,
2063 5543 2310 5615 ’Ύπερθε
2343 5546 2547 5617 ταύτης
2568 5545 2627 5598 δὲ
2653 5544 2780 5609 ναός
2815 5546 2964 5599 ἐστιν
2990 5545 3357 5617 ὡραῖσμένος,

368 5622 519 5711 Ejus,
566 5627 831 5684 medelam
866 5632 960 5700 qui
991 5632 1247 5688 omnibus
1280 5635 1373 5688 dat
1391 5633 1593 5689 obviis.

2053 5638 2162 5693 Τοῦ
2194 5638 2329 5692 πᾶσι
2359 5640 2475 5702 τοῖς
2510 5638 2910 5708 προϐαίνουσιν
2938 5638 3085 5693 ἴασιν
3116 5638 3509 5711 χορηγοῦντος.

369 5710 499 5770 Post
527 5717 644 5775 haec
670 5717 832 5777 Pilatl
873 5722 1068 5779 domus
1093 5734 1147 5779 et
1176 5723 1346 5781 Anna:
1372 5734 1426 5780 et
1456 5724 1699 5797 Caiphm,

2057 5724 2191 5783 Εἶτα
2221 5729 2460 5785 Πιλάτου
2497 5728 2733 5802 οἴκησις,
2769 5731 2939 5787 ’Δννα
2967 5732 3063 5785 καὶ
3085 5733 3335 5804 Καῖάφα,

414 5809 805 5884 raetoriumque
841 5813 1293 5885 abominandum,
1324 5831 1423 5875 scu
1457 5816 1609 5876 locus

2061 5821 2135 5873 Τὸ
2169 5820 2465 5891 βδελυκτδν
2502 5822 2842 5896 πραιτώριον
2862 5822 2963 5881 καὶ
2998 5823 3166 5889 τόπος
3194 5824 3519 5895 καταδίκης,
