  <div class='ocr_page' id='page_1' title='image "/cluster/home/n/w/nwhite01/storage/ocr_20150623/133/coo.31924054870385/490.png"; bbox 0 0 4042 6404; ppageno 0'>
   <div class='ocr_carea' id='block_1_1' title="bbox 392 338 503 404">
    <p class='ocr_par' dir='ltr' id='par_1_1' title="bbox 392 338 503 404">
     <span class='ocr_line' id='line_1_1' title="bbox 392 338 503 404; baseline 0.054 -9"><span class='ocrx_word' id='word_1_1' title='bbox 392 338 503 404; x_wconf 67' lang='grc' dir='ltr'><strong>9ὃὸ</strong></span> 
     </span>
    </p>
   </div>
   <div class='ocr_carea' id='block_1_2' title="bbox 392 449 1874 527">
    <p class='ocr_par' dir='ltr' id='par_1_2' title="bbox 392 449 1874 527">
     <span class='ocr_line' id='line_1_2' title="bbox 392 449 1874 527; baseline -0.003 -20"><span class='ocrx_word' id='word_1_2' title='bbox 392 454 574 507; x_wconf 85' lang='grc' dir='ltr'>’Ὀπου</span> <span class='ocrx_word' id='word_1_3' title='bbox 605 449 699 507; x_wconf 75' lang='grc' dir='ltr'>τοῦ</span> <span class='ocrx_word' id='word_1_4' title='bbox 744 454 951 527; x_wconf 79' lang='grc' dir='ltr'>Πέτρου</span> <span class='ocrx_word' id='word_1_5' title='bbox 978 454 1235 526; x_wconf 82' lang='grc' dir='ltr'>ἄρνησις,</span> <span class='ocrx_word' id='word_1_6' title='bbox 1273 452 1365 504; x_wconf 68' lang='grc' dir='ltr'><strong>καὶ</strong></span> <span class='ocrx_word' id='word_1_7' title='bbox 1399 452 1618 524; x_wconf 79' lang='grc' dir='ltr'>φυλακὴ</span> <span class='ocrx_word' id='word_1_8' title='bbox 1640 450 1874 522; x_wconf 79' lang='grc' dir='ltr'><strong>Κυρίου,</strong></span> 
     </span>
    </p>
   </div>
   <div class='ocr_carea' id='block_1_3' title="bbox 407 540 1978 616">
    <p class='ocr_par' dir='ltr' id='par_1_3' title="bbox 407 540 1978 616">
     <span class='ocr_line' id='line_1_3' title="bbox 407 540 1978 616; baseline -0.003 -19"><span class='ocrx_word' id='word_1_9' title='bbox 407 543 498 609; x_wconf 77' lang='grc' dir='ltr'>Ἐξ</span> <span class='ocrx_word' id='word_1_10' title='bbox 524 540 592 615; x_wconf 82' lang='grc' dir='ltr'>ἧς</span> <span class='ocrx_word' id='word_1_11' title='bbox 612 546 845 616; x_wconf 78' lang='grc' dir='ltr'>σταυρὸν</span> <span class='ocrx_word' id='word_1_12' title='bbox 869 546 1159 613; x_wconf 80' lang='grc' dir='ltr'>ὲπώμισαν</span> <span class='ocrx_word' id='word_1_13' title='bbox 1182 544 1271 597; x_wconf 77' lang='grc' dir='ltr'><strong>τὸν</strong></span> <span class='ocrx_word' id='word_1_14' title='bbox 1301 544 1541 614; x_wconf 84' lang='grc' dir='ltr'>Κτίστην</span> <span class='ocrx_word' id='word_1_15' title='bbox 1565 543 1659 597; x_wconf 76' lang='grc' dir='ltr'>καὶ</span> <span class='ocrx_word' id='word_1_16' title='bbox 1680 542 1978 614; x_wconf 86' lang='grc' dir='ltr'>Δεσπότην,</span> 
     </span>
    </p>
   </div>
   <div class='ocr_carea' id='block_1_4' title="bbox 390 632 1831 703">
    <p class='ocr_par' dir='ltr' id='par_1_4' title="bbox 390 632 1831 703">
     <span class='ocr_line' id='line_1_4' title="bbox 390 632 1831 703; baseline -0.001 -18"><span class='ocrx_word' id='word_1_17' title='bbox 390 634 551 686; x_wconf 80' lang='grc' dir='ltr'>Μετά</span> <span class='ocrx_word' id='word_1_18' title='bbox 580 633 778 703; x_wconf 71' lang='grc' dir='ltr'>μικρὸν</span> <span class='ocrx_word' id='word_1_19' title='bbox 813 632 1185 703; x_wconf 73' lang='grc' dir='ltr'>βαστάσαντος</span> <span class='ocrx_word' id='word_1_20' title='bbox 1220 633 1462 703; x_wconf 81' lang='grc' dir='ltr'>Σίμωνος</span> <span class='ocrx_word' id='word_1_21' title='bbox 1493 633 1831 703; x_wconf 77' lang='grc' dir='ltr'>Κυρηναίου,</span> 
     </span>
    </p>
   </div>
   <div class='ocr_carea' id='block_1_5' title="bbox 393 726 1975 799">
    <p class='ocr_par' dir='ltr' id='par_1_5' title="bbox 393 726 1975 799">
     <span class='ocr_line' id='line_1_5' title="bbox 393 726 1975 799; baseline -0.001 -19"><span class='ocrx_word' id='word_1_22' title='bbox 393 729 488 791; x_wconf 79' lang='grc' dir='ltr'><strong>Εἰς</strong></span> <span class='ocrx_word' id='word_1_23' title='bbox 534 729 808 798; x_wconf 78' lang='grc' dir='ltr'>Γολγοθὰν</span> <span class='ocrx_word' id='word_1_24' title='bbox 861 729 919 782; x_wconf 81' lang='grc' dir='ltr'>δὲ</span> <span class='ocrx_word' id='word_1_25' title='bbox 954 729 1225 799; x_wconf 69' lang='grc' dir='ltr'>μεταϐὰς,</span> <span class='ocrx_word' id='word_1_26' title='bbox 1281 728 1380 781; x_wconf 77' lang='grc' dir='ltr'><strong>καὶ</strong></span> <span class='ocrx_word' id='word_1_27' title='bbox 1411 728 1576 781; x_wconf 83' lang='grc' dir='ltr'>τόπον</span> <span class='ocrx_word' id='word_1_28' title='bbox 1611 727 1705 781; x_wconf 78' lang='grc' dir='ltr'>τοῦ</span> <span class='ocrx_word' id='word_1_29' title='bbox 1748 726 1975 797; x_wconf 89' lang='grc' dir='ltr'>κρανίου</span> 
     </span>
    </p>
   </div>
   <div class='ocr_carea' id='block_1_6' title="bbox 394 816 1910 891">
    <p class='ocr_par' dir='ltr' id='par_1_6' title="bbox 394 816 1910 891">
     <span class='ocr_line' id='line_1_6' title="bbox 394 816 1910 891; baseline -0.002 -17"><span class='ocrx_word' id='word_1_30' title='bbox 394 817 572 874; x_wconf 82' lang='grc' dir='ltr'>Ὅπου</span> <span class='ocrx_word' id='word_1_31' title='bbox 614 819 834 890; x_wconf 83' lang='grc' dir='ltr'>σταυρῷ</span> <span class='ocrx_word' id='word_1_32' title='bbox 873 821 1195 891; x_wconf 82' lang='grc' dir='ltr'>προσήλωσε</span> <span class='ocrx_word' id='word_1_33' title='bbox 1220 820 1281 872; x_wconf 73' lang='grc' dir='ltr'>τὸ</span> <span class='ocrx_word' id='word_1_34' title='bbox 1310 820 1467 888; x_wconf 85' lang='grc' dir='ltr'>γένος</span> <span class='ocrx_word' id='word_1_35' title='bbox 1498 819 1606 872; x_wconf 89' lang='grc' dir='ltr'><strong>τῶν</strong></span> <span class='ocrx_word' id='word_1_36' title='bbox 1638 816 1910 889; x_wconf 80' lang='grc' dir='ltr'>Ἐϐραίων</span> 
     </span>
    </p>
   </div>
   <div class='ocr_carea' id='block_1_7' title="bbox 393 909 1979 984">
    <p class='ocr_par' dir='ltr' id='par_1_7' title="bbox 393 909 1979 984">
     <span class='ocr_line' id='line_1_7' title="bbox 393 909 1979 984; baseline 0.001 -20"><span class='ocrx_word' id='word_1_37' title='bbox 393 910 500 964; x_wconf 79' lang='grc' dir='ltr'><strong>Τὸν</strong></span> <span class='ocrx_word' id='word_1_38' title='bbox 528 912 902 982; x_wconf 80' lang='grc' dir='ltr'><strong>ἀκατάκριτον</strong></span> <span class='ocrx_word' id='word_1_39' title='bbox 946 911 1145 984; x_wconf 83' lang='grc' dir='ltr'>κριτὴν</span> <span class='ocrx_word' id='word_1_40' title='bbox 1195 912 1335 983; x_wconf 84' lang='grc' dir='ltr'><strong>μετά</strong></span> <span class='ocrx_word' id='word_1_41' title='bbox 1367 912 1585 984; x_wconf 67' lang='grc' dir='ltr'>λῃστῶν</span> <span class='ocrx_word' id='word_1_42' title='bbox 1625 909 1979 981; x_wconf 87' lang='grc' dir='ltr'>κακούργων.</span> 
     </span>
    </p>
   </div>
   <div class='ocr_carea' id='block_1_8' title="bbox 397 1002 1970 1076">
    <p class='ocr_par' dir='ltr' id='par_1_8' title="bbox 397 1002 1970 1076">
     <span class='ocr_line' id='line_1_8' title="bbox 397 1002 1970 1076; baseline -0.002 -20"><span class='ocrx_word' id='word_1_43' title='bbox 397 1004 552 1056; x_wconf 86' lang='grc' dir='ltr'>Ἐστι</span> <span class='ocrx_word' id='word_1_44' title='bbox 580 1004 677 1056; x_wconf 74' lang='grc' dir='ltr'><strong>καὶ</strong></span> <span class='ocrx_word' id='word_1_45' title='bbox 717 1006 884 1076; x_wconf 82' lang='grc' dir='ltr'>μέχρι</span> <span class='ocrx_word' id='word_1_46' title='bbox 913 1004 1070 1057; x_wconf 75' lang='grc' dir='ltr'>τοῦδε</span> <span class='ocrx_word' id='word_1_47' title='bbox 1099 1005 1196 1057; x_wconf 84' lang='grc' dir='ltr'>νῦν</span> <span class='ocrx_word' id='word_1_48' title='bbox 1235 1003 1313 1075; x_wconf 81' lang='grc' dir='ltr'>τῷ</span> <span class='ocrx_word' id='word_1_49' title='bbox 1364 1003 1775 1074; x_wconf 86' lang='grc' dir='ltr'>μακαριωτάτῳ</span> <span class='ocrx_word' id='word_1_50' title='bbox 1818 1002 1970 1073; x_wconf 86' lang='grc' dir='ltr'>λίθῳ,</span> 
     </span>
    </p>
   </div>
   <div class='ocr_carea' id='block_1_9' title="bbox 405 1089 1790 1168">
    <p class='ocr_par' dir='ltr' id='par_1_9' title="bbox 405 1089 1790 1168">
     <span class='ocr_line' id='line_1_9' title="bbox 405 1089 1790 1168; baseline 0.003 -20"><span class='ocrx_word' id='word_1_51' title='bbox 405 1097 523 1164; x_wconf 83' lang='grc' dir='ltr'><strong>Ἐφ’</strong></span> <span class='ocrx_word' id='word_1_52' title='bbox 548 1089 721 1167; x_wconf 70' lang='grc' dir='ltr'>οὗπερ</span> <span class='ocrx_word' id='word_1_53' title='bbox 753 1096 961 1168; x_wconf 77' lang='grc' dir='ltr'>ἔπηξαν</span> <span class='ocrx_word' id='word_1_54' title='bbox 994 1097 1259 1166; x_wconf 81' lang='grc' dir='ltr'>σταυρὸν,</span> <span class='ocrx_word' id='word_1_55' title='bbox 1291 1096 1400 1167; x_wconf 82' lang='grc' dir='ltr'>όπὴ</span> <span class='ocrx_word' id='word_1_56' title='bbox 1430 1097 1790 1167; x_wconf 77' lang='grc' dir='ltr'>τετορημένη.</span> 
     </span>
    </p>
   </div>
   <div class='ocr_carea' id='block_1_10' title="bbox 393 1189 1828 1263">
    <p class='ocr_par' dir='ltr' id='par_1_10' title="bbox 393 1189 1828 1263">
     <span class='ocr_line' id='line_1_10' title="bbox 393 1189 1828 1263; baseline 0.001 -22"><span class='ocrx_word' id='word_1_57' title='bbox 393 1189 505 1241; x_wconf 72' lang='grc' dir='ltr'><strong>Καὶ</strong></span> <span class='ocrx_word' id='word_1_58' title='bbox 541 1189 739 1259; x_wconf 80' lang='grc' dir='ltr'>φλέϐες</span> <span class='ocrx_word' id='word_1_59' title='bbox 763 1189 1132 1260; x_wconf 82' lang='grc' dir='ltr'>ὲρυθάζουσαι</span> <span class='ocrx_word' id='word_1_60' title='bbox 1160 1190 1447 1261; x_wconf 78' lang='grc' dir='ltr'><strong>προδήλως</strong></span> <span class='ocrx_word' id='word_1_61' title='bbox 1476 1191 1828 1263; x_wconf 85' lang='grc' dir='ltr'>παριστῶσαι</span> 
     </span>
    </p>
   </div>
   <div class='ocr_carea' id='block_1_11' title="bbox 393 1280 1973 1359">
    <p class='ocr_par' dir='ltr' id='par_1_11' title="bbox 393 1280 1973 1359">
     <span class='ocr_line' id='line_1_11' title="bbox 393 1280 1973 1359; baseline 0.008 -29"><span class='ocrx_word' id='word_1_62' title='bbox 393 1280 503 1332; x_wconf 78' lang='grc' dir='ltr'><strong>Τοῦ</strong></span> <span class='ocrx_word' id='word_1_63' title='bbox 546 1283 939 1353; x_wconf 88' lang='grc' dir='ltr'>παναχράντου</span> <span class='ocrx_word' id='word_1_64' title='bbox 993 1283 1234 1353; x_wconf 82' lang='grc' dir='ltr'>αἵματος</span> <span class='ocrx_word' id='word_1_65' title='bbox 1273 1284 1600 1337; x_wconf 80' lang='grc' dir='ltr'>δεσποτικοῦ</span> <span class='ocrx_word' id='word_1_66' title='bbox 1641 1286 1740 1356; x_wconf 82' lang='grc' dir='ltr'>τὴν</span> <span class='ocrx_word' id='word_1_67' title='bbox 1788 1287 1973 1359; x_wconf 85' lang='grc' dir='ltr'>χύσιν.</span> 
     </span>
    </p>
   </div>
   <div class='ocr_carea' id='block_1_12' title="bbox 394 1370 1663 1447">
    <p class='ocr_par' dir='ltr' id='par_1_12' title="bbox 394 1370 1663 1447">
     <span class='ocr_line' id='line_1_12' title="bbox 394 1370 1663 1447; baseline 0.005 -25"><span class='ocrx_word' id='word_1_68' title='bbox 394 1370 537 1437; x_wconf 76' lang='grc' dir='ltr'>Πρὸς</span> <span class='ocrx_word' id='word_1_69' title='bbox 561 1370 618 1423; x_wconf 81' lang='grc' dir='ltr'>δὲ</span> <span class='ocrx_word' id='word_1_70' title='bbox 656 1374 750 1425; x_wconf 74' lang='grc' dir='ltr'><strong>καὶ</strong></span> <span class='ocrx_word' id='word_1_71' title='bbox 782 1373 810 1425; x_wconf 89' lang='grc' dir='ltr'><strong>ό</strong></span> <span class='ocrx_word' id='word_1_72' title='bbox 844 1375 1115 1444; x_wconf 83' lang='grc' dir='ltr'>κυριακὸς</span> <span class='ocrx_word' id='word_1_73' title='bbox 1142 1376 1318 1445; x_wconf 83' lang='grc' dir='ltr'>τάφος</span> <span class='ocrx_word' id='word_1_74' title='bbox 1351 1378 1380 1429; x_wconf 89' lang='grc' dir='ltr'><strong>ό</strong></span> <span class='ocrx_word' id='word_1_75' title='bbox 1413 1376 1663 1447; x_wconf 73' lang='grc' dir='ltr'>θεοδέχος</span> 
     </span>
    </p>
   </div>
   <div class='ocr_carea' id='block_1_13' title="bbox 392 1461 1967 1537">
    <p class='ocr_par' dir='ltr' id='par_1_13' title="bbox 392 1461 1967 1537">
     <span class='ocr_line' id='line_1_13' title="bbox 392 1461 1967 1537; baseline 0.008 -25"><span class='ocrx_word' id='word_1_76' title='bbox 392 1461 492 1514; x_wconf 84' lang='grc' dir='ltr'>Διά</span> <span class='ocrx_word' id='word_1_77' title='bbox 519 1461 832 1534; x_wconf 86' lang='grc' dir='ltr'>μαρμάρων</span> <span class='ocrx_word' id='word_1_78' title='bbox 860 1464 1242 1537; x_wconf 73' lang='grc' dir='ltr'>λαμπρυνθεὶς</span> <span class='ocrx_word' id='word_1_79' title='bbox 1287 1468 1485 1523; x_wconf 87' lang='grc' dir='ltr'>κιόνων</span> <span class='ocrx_word' id='word_1_80' title='bbox 1534 1469 1967 1536; x_wconf 74' lang='grc' dir='ltr'>στιλπνοτάτων,</span> 
     </span>
    </p>
   </div>
   <div class='ocr_carea' id='block_1_14' title="bbox 393 1552 1971 1632">
    <p class='ocr_par' dir='ltr' id='par_1_14' title="bbox 393 1552 1971 1632">
     <span class='ocr_line' id='line_1_14' title="bbox 393 1552 1971 1632; baseline 0.01 -29"><span class='ocrx_word' id='word_1_81' title='bbox 393 1552 505 1605; x_wconf 78' lang='lat' dir='ltr'><strong>Kal.</strong></span> <span class='ocrx_word' id='word_1_82' title='bbox 535 1555 641 1623; x_wconf 75' lang='grc' dir='ltr'>πρὸ</span> <span class='ocrx_word' id='word_1_83' title='bbox 674 1554 775 1625; x_wconf 83' lang='grc' dir='ltr'>τῆς</span> <span class='ocrx_word' id='word_1_84' title='bbox 800 1555 976 1628; x_wconf 82' lang='grc' dir='ltr'>θύρας</span> <span class='ocrx_word' id='word_1_85' title='bbox 1010 1559 1291 1622; x_wconf 65' lang='grc' dir='ltr'>κυλισθείς</span> <span class='ocrx_word' id='word_1_86' title='bbox 1317 1563 1344 1614; x_wconf 91' lang='grc' dir='ltr'><strong>ό</strong></span> <span class='ocrx_word' id='word_1_87' title='bbox 1382 1560 1515 1631; x_wconf 86' lang='grc' dir='ltr'>παρ’</span> <span class='ocrx_word' id='word_1_88' title='bbox 1539 1563 1773 1631; x_wconf 73' lang='grc' dir='ltr'>ἀγγέλου</span> <span class='ocrx_word' id='word_1_89' title='bbox 1800 1564 1971 1632; x_wconf 87' lang='grc' dir='ltr'>λίθος,</span> 
     </span>
    </p>
   </div>
   <div class='ocr_carea' id='block_1_15' title="bbox 407 1638 1895 1723">
    <p class='ocr_par' dir='ltr' id='par_1_15' title="bbox 407 1638 1895 1723">
     <span class='ocr_line' id='line_1_15' title="bbox 407 1638 1895 1723; baseline 0.009 -28"><span class='ocrx_word' id='word_1_90' title='bbox 407 1643 497 1708; x_wconf 81' lang='grc' dir='ltr'><strong>Ἐξ</strong></span> <span class='ocrx_word' id='word_1_91' title='bbox 527 1638 602 1698; x_wconf 85' lang='grc' dir='ltr'>ὧν</span> <span class='ocrx_word' id='word_1_92' title='bbox 631 1646 876 1718; x_wconf 74' lang='grc' dir='ltr'>πηγάζει</span> <span class='ocrx_word' id='word_1_93' title='bbox 913 1648 1173 1719; x_wconf 89' lang='grc' dir='ltr'>θαύματα</span> <span class='ocrx_word' id='word_1_94' title='bbox 1208 1654 1342 1705; x_wconf 85' lang='grc' dir='ltr'>πᾶσι</span> <span class='ocrx_word' id='word_1_95' title='bbox 1374 1655 1591 1716; x_wconf 76' lang='grc' dir='ltr'>πιστοῖς</span> <span class='ocrx_word' id='word_1_96' title='bbox 1623 1654 1895 1723; x_wconf 79' lang='grc' dir='ltr'><strong>ἀφθόνως.</strong></span> 
     </span>
    </p>
   </div>
   <div class='ocr_carea' id='block_1_16' title="bbox 394 1737 2048 1848">
    <p class='ocr_par' dir='ltr' id='par_1_16' title="bbox 394 1737 2048 1848">
     <span class='ocr_line' id='line_1_16' title="bbox 394 1737 2048 1848; baseline 0.009 -59"><span class='ocrx_word' id='word_1_97' title='bbox 394 1737 505 1790; x_wconf 76' lang='grc' dir='ltr'><strong>Καὶ</strong></span> <span class='ocrx_word' id='word_1_98' title='bbox 522 1738 583 1791; x_wconf 80' lang='grc' dir='ltr'><strong>τὸ</strong></span> <span class='ocrx_word' id='word_1_99' title='bbox 605 1737 670 1809; x_wconf 86' lang='grc' dir='ltr'>δὴ</span> <span class='ocrx_word' id='word_1_100' title='bbox 692 1741 876 1811; x_wconf 77' lang='grc' dir='ltr'>μεῖζον</span> <span class='ocrx_word' id='word_1_101' title='bbox 904 1745 1201 1815; x_wconf 77' lang='grc' dir='ltr'>προφανῶς</span> <span class='ocrx_word' id='word_1_102' title='bbox 1233 1747 1447 1810; x_wconf 77' lang='grc' dir='ltr'>πιστοῖς</span> <span class='ocrx_word' id='word_1_103' title='bbox 1482 1763 1541 1799; x_wconf 88' lang='grc' dir='ltr'><strong>τε</strong></span> <span class='ocrx_word' id='word_1_104' title='bbox 1570 1747 1664 1800; x_wconf 76' lang='grc' dir='ltr'>καὶ</span> <span class='ocrx_word' id='word_1_105' title='bbox 1694 1747 1969 1815; x_wconf 81' lang='grc' dir='ltr'>ἀπίστοις,</span> <span class='ocrx_word' id='word_1_106' title='bbox 2002 1791 2048 1848; x_wconf 75' lang='grc' dir='ltr'><strong>Β</strong></span> 
     </span>
     <span class='ocr_line' id='line_1_17' title="bbox 406 1829 1705 1848; baseline 0 0"><span class='ocrx_word' id='word_1_107' title='bbox 406 1829 569 1848; x_wconf 75' lang='grc' dir='ltr'>ο..</span> <span class='ocrx_word' id='word_1_108' title='bbox 618 1831 631 1848; x_wconf 81' lang='lat'><strong>.</strong></span> <span class='ocrx_word' id='word_1_109' title='bbox 720 1832 733 1848; x_wconf 88' lang='lat'><strong>.</strong></span> <span class='ocrx_word' id='word_1_110' title='bbox 987 1836 1000 1848; x_wconf 86' lang='lat'><strong>.</strong></span> <span class='ocrx_word' id='word_1_111' title='bbox 1215 1838 1226 1848; x_wconf 92' lang='lat'><strong>.</strong></span> <span class='ocrx_word' id='word_1_112' title='bbox 1287 1838 1299 1848; x_wconf 90' lang='lat'><strong>.</strong></span> <span class='ocrx_word' id='word_1_113' title='bbox 1561 1840 1601 1848; x_wconf 89' lang='lat'><strong>--</strong></span> <span class='ocrx_word' id='word_1_114' title='bbox 1694 1839 1705 1848; x_wconf 94' lang='lat'><strong>.</strong></span> 
     </span>
    </p>
   </div>
   <div class='ocr_carea' id='block_1_17' title="bbox 406 1829 1792 1910">
    <p class='ocr_par' dir='ltr' id='par_1_17' title="bbox 406 1829 1792 1910">
     <span class='ocr_line' id='line_1_18' title="bbox 406 1829 1792 1910; baseline 0.008 -29"><span class='ocrx_word' id='word_1_115' title='bbox 406 1829 472 1881; x_wconf 77' lang='grc' dir='ltr'><em>Ἡ</em></span> <span class='ocrx_word' id='word_1_116' title='bbox 503 1831 644 1884; x_wconf 83' lang='grc' dir='ltr'><strong>κατά</strong></span> <span class='ocrx_word' id='word_1_117' title='bbox 682 1832 782 1903; x_wconf 77' lang='grc' dir='ltr'><strong>τὴν</strong></span> <span class='ocrx_word' id='word_1_118' title='bbox 820 1836 1168 1907; x_wconf 84' lang='grc' dir='ltr'>παγκόσμιον</span> <span class='ocrx_word' id='word_1_119' title='bbox 1203 1838 1506 1891; x_wconf 77' lang='grc' dir='ltr'>ἀνάστασιν</span> <span class='ocrx_word' id='word_1_120' title='bbox 1561 1839 1792 1910; x_wconf 86' lang='grc' dir='ltr'>Κυρίου,</span> 
     </span>
    </p>
   </div>
   <div class='ocr_carea' id='block_1_18' title="bbox 392 1922 1639 2001">
    <p class='ocr_par' dir='ltr' id='par_1_18' title="bbox 392 1922 1639 2001">
     <span class='ocr_line' id='line_1_19' title="bbox 392 1922 1639 2001; baseline 0.01 -28"><span class='ocrx_word' id='word_1_121' title='bbox 392 1922 712 1993; x_wconf 79' lang='grc' dir='ltr'>Φωτοχυσία</span> <span class='ocrx_word' id='word_1_122' title='bbox 733 1925 1004 1997; x_wconf 86' lang='grc' dir='ltr'>πρόδηλος</span> <span class='ocrx_word' id='word_1_123' title='bbox 1030 1928 1210 1999; x_wconf 78' lang='grc' dir='ltr'>φωτὸς</span> <span class='ocrx_word' id='word_1_124' title='bbox 1240 1930 1335 1983; x_wconf 84' lang='grc' dir='ltr'>τοῦ</span> <span class='ocrx_word' id='word_1_125' title='bbox 1364 1932 1639 2001; x_wconf 88' lang='grc' dir='ltr'>παναγίου</span> 
     </span>
    </p>
   </div>
   <div class='ocr_carea' id='block_1_19' title="bbox 395 2014 1808 2093">
    <p class='ocr_par' dir='ltr' id='par_1_19' title="bbox 395 2014 1808 2093">
     <span class='ocr_line' id='line_1_20' title="bbox 395 2014 1808 2093; baseline 0.011 -28"><span class='ocrx_word' id='word_1_126' title='bbox 395 2014 776 2071; x_wconf 83' lang='grc' dir='ltr'>Μεταδιδοῦσα</span> <span class='ocrx_word' id='word_1_127' title='bbox 804 2021 920 2083; x_wconf 89' lang='grc' dir='ltr'>τοῖς</span> <span class='ocrx_word' id='word_1_128' title='bbox 946 2023 1161 2085; x_wconf 81' lang='grc' dir='ltr'>πιστοῖς</span> <span class='ocrx_word' id='word_1_129' title='bbox 1204 2023 1480 2093; x_wconf 74' lang='grc' dir='ltr'>ἁγιασμόν</span> <span class='ocrx_word' id='word_1_130' title='bbox 1511 2023 1606 2077; x_wconf 72' lang='grc' dir='ltr'>καὶ</span> <span class='ocrx_word' id='word_1_131' title='bbox 1632 2024 1808 2093; x_wconf 83' lang='grc' dir='ltr'>φῶτα.</span> 
     </span>
    </p>
   </div>
   <div class='ocr_carea' id='block_1_20' title="bbox 400 2107 1764 2187">
    <p class='ocr_par' dir='ltr' id='par_1_20' title="bbox 400 2107 1764 2187">
     <span class='ocr_line' id='line_1_21' title="bbox 400 2107 1764 2187; baseline 0.01 -29"><span class='ocrx_word' id='word_1_132' title='bbox 400 2107 553 2160; x_wconf 79' lang='grc' dir='ltr'>Ἔστι</span> <span class='ocrx_word' id='word_1_133' title='bbox 570 2109 845 2180; x_wconf 67' lang='grc' dir='ltr'>καητόπος</span> <span class='ocrx_word' id='word_1_134' title='bbox 875 2112 1081 2184; x_wconf 67' lang='grc' dir='ltr'>ὑψηλὸς</span> <span class='ocrx_word' id='word_1_135' title='bbox 1101 2115 1452 2186; x_wconf 84' lang='grc' dir='ltr'>κλιμακωτὺς</span> <span class='ocrx_word' id='word_1_136' title='bbox 1477 2119 1557 2177; x_wconf 83' lang='grc' dir='ltr'><strong>είς</strong></span> <span class='ocrx_word' id='word_1_137' title='bbox 1579 2116 1764 2187; x_wconf 83' lang='grc' dir='ltr'>βάθος,</span> 
     </span>
    </p>
   </div>
   <div class='ocr_carea' id='block_1_21' title="bbox 398 2194 1807 2282">
    <p class='ocr_par' dir='ltr' id='par_1_21' title="bbox 398 2194 1807 2282">
     <span class='ocr_line' id='line_1_22' title="bbox 398 2194 1807 2282; baseline 0.009 -30"><span class='ocrx_word' id='word_1_138' title='bbox 398 2200 486 2253; x_wconf 81' lang='grc' dir='ltr'>Ἐν</span> <span class='ocrx_word' id='word_1_139' title='bbox 520 2194 674 2275; x_wconf 83' lang='grc' dir='ltr'>ᾧπερ</span> <span class='ocrx_word' id='word_1_140' title='bbox 704 2205 986 2276; x_wconf 79' lang='grc' dir='ltr'>κέκρυπτο</span> <span class='ocrx_word' id='word_1_141' title='bbox 1010 2210 1241 2281; x_wconf 77' lang='grc' dir='ltr'>σταυρὸς</span> <span class='ocrx_word' id='word_1_142' title='bbox 1273 2209 1540 2275; x_wconf 77' lang='grc' dir='ltr'>ζωοποιὸς</span> <span class='ocrx_word' id='word_1_143' title='bbox 1575 2212 1807 2282; x_wconf 87' lang='grc' dir='ltr'>Κυρίου.</span> 
     </span>
    </p>
   </div>
   <div class='ocr_carea' id='block_1_22' title="bbox 397 2294 1972 2374">
    <p class='ocr_par' dir='ltr' id='par_1_22' title="bbox 397 2294 1972 2374">
     <span class='ocr_line' id='line_1_23' title="bbox 397 2294 1972 2374; baseline 0.008 -29"><span class='ocrx_word' id='word_1_144' title='bbox 397 2294 509 2348; x_wconf 77' lang='grc' dir='ltr'>Καὶ</span> <span class='ocrx_word' id='word_1_145' title='bbox 545 2295 709 2361; x_wconf 81' lang='grc' dir='ltr'>τόπος</span> <span class='ocrx_word' id='word_1_146' title='bbox 736 2297 940 2370; x_wconf 83' lang='grc' dir='ltr'>βόμϐον</span> <span class='ocrx_word' id='word_1_147' title='bbox 962 2301 1194 2372; x_wconf 75' lang='grc' dir='ltr'>ὲξηχῶν,</span> <span class='ocrx_word' id='word_1_148' title='bbox 1230 2302 1305 2365; x_wconf 84' lang='grc' dir='ltr'>ὡς</span> <span class='ocrx_word' id='word_1_149' title='bbox 1340 2302 1523 2372; x_wconf 87' lang='grc' dir='ltr'>λόγος,</span> <span class='ocrx_word' id='word_1_150' title='bbox 1551 2303 1657 2373; x_wconf 76' lang='grc' dir='ltr'>γῆς</span> <span class='ocrx_word' id='word_1_151' title='bbox 1685 2304 1746 2357; x_wconf 85' lang='grc' dir='ltr'><strong>τὸ</strong></span> <span class='ocrx_word' id='word_1_152' title='bbox 1781 2305 1972 2374; x_wconf 85' lang='grc' dir='ltr'>μέσον,</span> 
     </span>
    </p>
   </div>
   <div class='ocr_carea' id='block_1_23' title="bbox 399 2388 1887 2469">
    <p class='ocr_par' dir='ltr' id='par_1_23' title="bbox 399 2388 1887 2469">
     <span class='ocr_line' id='line_1_24' title="bbox 399 2388 1887 2469; baseline 0.01 -32"><span class='ocrx_word' id='word_1_153' title='bbox 399 2388 583 2443; x_wconf 80' lang='grc' dir='ltr'>Ἀλλοι</span> <span class='ocrx_word' id='word_1_154' title='bbox 613 2390 671 2444; x_wconf 84' lang='grc' dir='ltr'>δὲ</span> <span class='ocrx_word' id='word_1_155' title='bbox 700 2392 1006 2460; x_wconf 78' lang='grc' dir='ltr'>φάσκουσιν</span> <span class='ocrx_word' id='word_1_156' title='bbox 1039 2395 1205 2448; x_wconf 75' lang='grc' dir='ltr'>αὐτὸν</span> <span class='ocrx_word' id='word_1_157' title='bbox 1245 2395 1531 2461; x_wconf 77' lang='grc' dir='ltr'>κολάσεως</span> <span class='ocrx_word' id='word_1_158' title='bbox 1570 2397 1665 2451; x_wconf 82' lang='grc' dir='ltr'><strong>τὸν</strong></span> <span class='ocrx_word' id='word_1_159' title='bbox 1688 2399 1887 2469; x_wconf 80' lang='grc' dir='ltr'>χῶρον,</span> 
     </span>
    </p>
   </div>
   <div class='ocr_carea' id='block_1_24' title="bbox 397 2484 1973 2563">
    <p class='ocr_par' dir='ltr' id='par_1_24' title="bbox 397 2484 1973 2563">
     <span class='ocr_line' id='line_1_25' title="bbox 397 2484 1973 2563; baseline 0.006 -27"><span class='ocrx_word' id='word_1_160' title='bbox 397 2484 506 2536; x_wconf 77' lang='grc' dir='ltr'><strong>Καὶ</strong></span> <span class='ocrx_word' id='word_1_161' title='bbox 535 2487 720 2555; x_wconf 81' lang='grc' dir='ltr'>τὸτῆς</span> <span class='ocrx_word' id='word_1_162' title='bbox 760 2487 863 2556; x_wconf 80' lang='grc' dir='ltr'>γῆς</span> <span class='ocrx_word' id='word_1_163' title='bbox 899 2489 1232 2558; x_wconf 83' lang='grc' dir='ltr'>μεσαίτατον</span> <span class='ocrx_word' id='word_1_164' title='bbox 1273 2491 1366 2545; x_wconf 79' lang='grc' dir='ltr'>τοῦ</span> <span class='ocrx_word' id='word_1_165' title='bbox 1411 2491 1660 2562; x_wconf 78' lang='grc' dir='ltr'>βήματος</span> <span class='ocrx_word' id='word_1_166' title='bbox 1686 2497 1745 2545; x_wconf 78' lang='grc' dir='ltr'>ἐν</span> <span class='ocrx_word' id='word_1_167' title='bbox 1795 2495 1973 2563; x_wconf 79' lang='grc' dir='ltr'>μέσῳ.</span> 
     </span>
    </p>
   </div>
   <div class='ocr_carea' id='block_1_25' title="bbox 397 2576 1794 2656">
    <p class='ocr_par' dir='ltr' id='par_1_25' title="bbox 397 2576 1794 2656">
     <span class='ocr_line' id='line_1_26' title="bbox 397 2576 1794 2656; baseline 0.009 -29"><span class='ocrx_word' id='word_1_168' title='bbox 397 2576 720 2647; x_wconf 77' lang='grc' dir='ltr'>Συνέχονται</span> <span class='ocrx_word' id='word_1_169' title='bbox 756 2579 801 2632; x_wconf 83' lang='grc' dir='ltr'>δ’</span> <span class='ocrx_word' id='word_1_170' title='bbox 829 2581 1120 2653; x_wconf 83' lang='grc' dir='ltr'>ἀμφότερα</span> <span class='ocrx_word' id='word_1_171' title='bbox 1163 2583 1308 2654; x_wconf 87' lang='grc' dir='ltr'>μόνῳ</span> <span class='ocrx_word' id='word_1_172' title='bbox 1337 2582 1454 2654; x_wconf 83' lang='grc' dir='ltr'>λαῷ</span> <span class='ocrx_word' id='word_1_173' title='bbox 1496 2584 1794 2656; x_wconf 82' lang='grc' dir='ltr'>καλλίστῳ.</span> 
     </span>
    </p>
   </div>
   <div class='ocr_carea' id='block_1_26' title="bbox 396 2669 1688 2745">
    <p class='ocr_par' dir='ltr' id='par_1_26' title="bbox 396 2669 1688 2745">
     <span class='ocr_line' id='line_1_27' title="bbox 396 2669 1688 2745; baseline 0.005 -24"><span class='ocrx_word' id='word_1_174' title='bbox 396 2669 577 2736; x_wconf 82' lang='grc' dir='ltr'>Μέρος</span> <span class='ocrx_word' id='word_1_175' title='bbox 608 2670 669 2722; x_wconf 73' lang='grc' dir='ltr'>τὸ</span> <span class='ocrx_word' id='word_1_176' title='bbox 708 2672 966 2743; x_wconf 83' lang='grc' dir='ltr'>περίεχον</span> <span class='ocrx_word' id='word_1_177' title='bbox 990 2674 1046 2727; x_wconf 77' lang='grc' dir='ltr'>δὲ</span> <span class='ocrx_word' id='word_1_178' title='bbox 1074 2673 1164 2727; x_wconf 73' lang='grc' dir='ltr'><strong>τὸν</strong></span> <span class='ocrx_word' id='word_1_179' title='bbox 1197 2675 1462 2745; x_wconf 80' lang='grc' dir='ltr'>ζωοδόχον</span> <span class='ocrx_word' id='word_1_180' title='bbox 1496 2676 1688 2745; x_wconf 81' lang='grc' dir='ltr'>τάφον,</span> 
     </span>
    </p>
   </div>
   <div class='ocr_carea' id='block_1_27' title="bbox 409 2759 1793 2840">
    <p class='ocr_par' dir='ltr' id='par_1_27' title="bbox 409 2759 1793 2840">
     <span class='ocr_line' id='line_1_28' title="bbox 409 2759 1793 2840; baseline 0.004 -27"><span class='ocrx_word' id='word_1_181' title='bbox 409 2759 743 2827; x_wconf 82' lang='grc' dir='ltr'>Ἰσόπλατον,</span> <span class='ocrx_word' id='word_1_182' title='bbox 786 2765 1049 2835; x_wconf 73' lang='grc' dir='ltr'>ἰσόμηκες</span> <span class='ocrx_word' id='word_1_183' title='bbox 1072 2768 1131 2819; x_wconf 84' lang='grc' dir='ltr'>ἐν</span> <span class='ocrx_word' id='word_1_184' title='bbox 1168 2769 1414 2837; x_wconf 83' lang='grc' dir='ltr'>σχήματι</span> <span class='ocrx_word' id='word_1_185' title='bbox 1446 2769 1793 2840; x_wconf 83' lang='grc' dir='ltr'>στρογγύλῳ,</span> 
     </span>
    </p>
   </div>
   <div class='ocr_carea' id='block_1_28' title="bbox 398 2853 1869 2931">
    <p class='ocr_par' dir='ltr' id='par_1_28' title="bbox 398 2853 1869 2931">
     <span class='ocr_line' id='line_1_29' title="bbox 398 2853 1869 2931; baseline 0.003 -24"><span class='ocrx_word' id='word_1_186' title='bbox 398 2853 513 2907; x_wconf 83' lang='grc' dir='ltr'>Οὐκ</span> <span class='ocrx_word' id='word_1_187' title='bbox 548 2856 607 2908; x_wconf 85' lang='grc' dir='ltr'>ὲν</span> <span class='ocrx_word' id='word_1_188' title='bbox 635 2858 819 2921; x_wconf 84' lang='grc' dir='ltr'>στοαῖς</span> <span class='ocrx_word' id='word_1_189' title='bbox 856 2857 956 2929; x_wconf 82' lang='grc' dir='ltr'>τὴν</span> <span class='ocrx_word' id='word_1_190' title='bbox 986 2860 1191 2929; x_wconf 82' lang='grc' dir='ltr'>ὀροφὴν</span> <span class='ocrx_word' id='word_1_191' title='bbox 1237 2859 1414 2931; x_wconf 79' lang='grc' dir='ltr'>ἔχοντι</span> <span class='ocrx_word' id='word_1_192' title='bbox 1441 2861 1869 2931; x_wconf 79' lang='grc' dir='ltr'>κεκλεισμένην,</span> 
     </span>
    </p>
   </div>
   <div class='ocr_carea' id='block_1_29' title="bbox 420 2944 1975 3022">
    <p class='ocr_par' dir='ltr' id='par_1_29' title="bbox 420 2944 1975 3022">
     <span class='ocr_line' id='line_1_30' title="bbox 420 2944 1975 3022; baseline 0.005 -24"><span class='ocrx_word' id='word_1_193' title='bbox 420 2944 563 2999; x_wconf 80' lang='grc' dir='ltr'>Ἀλλ’</span> <span class='ocrx_word' id='word_1_194' title='bbox 599 2947 722 3019; x_wconf 80' lang='grc' dir='ltr'>ῐσην</span> <span class='ocrx_word' id='word_1_195' title='bbox 750 2949 845 3002; x_wconf 75' lang='grc' dir='ltr'><strong>καὶ</strong></span> <span class='ocrx_word' id='word_1_196' title='bbox 861 2947 959 3020; x_wconf 73' lang='grc' dir='ltr'>τὴν</span> <span class='ocrx_word' id='word_1_197' title='bbox 989 2950 1196 3003; x_wconf 80' lang='grc' dir='ltr'>ἄνωθεν</span> <span class='ocrx_word' id='word_1_198' title='bbox 1226 2950 1321 3003; x_wconf 82' lang='grc' dir='ltr'>τοῦ</span> <span class='ocrx_word' id='word_1_199' title='bbox 1352 2952 1653 3021; x_wconf 82' lang='grc' dir='ltr'>κτίσματος</span> <span class='ocrx_word' id='word_1_200' title='bbox 1681 2951 1975 3022; x_wconf 73' lang='grc' dir='ltr'>στεφάνην,</span> 
     </span>
    </p>
   </div>
   <div class='ocr_carea' id='block_1_30' title="bbox 408 3038 1767 3115">
    <p class='ocr_par' dir='ltr' id='par_1_30' title="bbox 408 3038 1767 3115">
     <span class='ocr_line' id='line_1_31' title="bbox 408 3038 1767 3115; baseline 0.003 -22"><span class='ocrx_word' id='word_1_201' title='bbox 408 3038 650 3093; x_wconf 83' lang='grc' dir='ltr'>Ἐκεῖθεν</span> <span class='ocrx_word' id='word_1_202' title='bbox 684 3040 729 3095; x_wconf 85' lang='grc' dir='ltr'>δ’</span> <span class='ocrx_word' id='word_1_203' title='bbox 753 3042 1094 3113; x_wconf 81' lang='grc' dir='ltr'>ἀνιστάμενα</span> <span class='ocrx_word' id='word_1_204' title='bbox 1126 3043 1260 3109; x_wconf 81' lang='grc' dir='ltr'>ξύλα</span> <span class='ocrx_word' id='word_1_205' title='bbox 1294 3044 1436 3115; x_wconf 72' lang='grc' dir='ltr'>μετὰ</span> <span class='ocrx_word' id='word_1_206' title='bbox 1471 3042 1767 3114; x_wconf 89' lang='grc' dir='ltr'>μολύϐδου,</span> 
     </span>
    </p>
   </div>
   <div class='ocr_carea' id='block_1_31' title="bbox 399 3130 1811 3208">
    <p class='ocr_par' dir='ltr' id='par_1_31' title="bbox 399 3130 1811 3208">
     <span class='ocr_line' id='line_1_32' title="bbox 399 3130 1811 3208; baseline 0.006 -27"><span class='ocrx_word' id='word_1_207' title='bbox 399 3130 786 3204; x_wconf 78' lang='grc' dir='ltr'>Συνεχομένων</span> <span class='ocrx_word' id='word_1_208' title='bbox 820 3135 1029 3189; x_wconf 80' lang='grc' dir='ltr'>ἀνωθεν</span> <span class='ocrx_word' id='word_1_209' title='bbox 1070 3137 1435 3206; x_wconf 82' lang='grc' dir='ltr'>σφαιροειδῶς</span> <span class='ocrx_word' id='word_1_210' title='bbox 1456 3137 1568 3190; x_wconf 85' lang='grc' dir='ltr'><strong>τῶν</strong></span> <span class='ocrx_word' id='word_1_211' title='bbox 1598 3136 1811 3208; x_wconf 86' lang='grc' dir='ltr'>ἄκρων,</span> 
     </span>
    </p>
   </div>
   <div class='ocr_carea' id='block_1_32' title="bbox 396 3224 1834 3301">
    <p class='ocr_par' dir='ltr' id='par_1_32' title="bbox 396 3224 1834 3301">
     <span class='ocr_line' id='line_1_33' title="bbox 396 3224 1834 3301; baseline 0.005 -26"><span class='ocrx_word' id='word_1_212' title='bbox 396 3224 476 3276; x_wconf 77' lang='grc' dir='ltr'><strong>Δι’</strong></span> <span class='ocrx_word' id='word_1_213' title='bbox 508 3224 742 3294; x_wconf 76' lang='grc' dir='ltr'>ούρανοῦ</span> <span class='ocrx_word' id='word_1_214' title='bbox 768 3229 861 3281; x_wconf 72' lang='grc' dir='ltr'><strong>τὸν</strong></span> <span class='ocrx_word' id='word_1_215' title='bbox 890 3228 1119 3301; x_wconf 75' lang='grc' dir='ltr'>ούρανοῦ</span> <span class='ocrx_word' id='word_1_216' title='bbox 1153 3230 1395 3300; x_wconf 81' lang='grc' dir='ltr'>Κτίστην</span> <span class='ocrx_word' id='word_1_217' title='bbox 1414 3229 1834 3300; x_wconf 78' lang='grc' dir='ltr'>ἐστεγασμένον,</span> 
     </span>
    </p>
   </div>
   <div class='ocr_carea' id='block_1_33' title="bbox 399 3317 1813 3395">
    <p class='ocr_par' dir='ltr' id='par_1_33' title="bbox 399 3317 1813 3395">
     <span class='ocr_line' id='line_1_34' title="bbox 399 3317 1813 3395; baseline 0.006 -26"><span class='ocrx_word' id='word_1_218' title='bbox 399 3317 511 3370; x_wconf 75' lang='grc' dir='ltr'><strong>Καὶ</strong></span> <span class='ocrx_word' id='word_1_219' title='bbox 542 3319 811 3392; x_wconf 81' lang='grc' dir='ltr'>μηδαμῶς</span> <span class='ocrx_word' id='word_1_220' title='bbox 838 3322 1113 3393; x_wconf 80' lang='grc' dir='ltr'>μηδέποτε</span> <span class='ocrx_word' id='word_1_221' title='bbox 1148 3322 1352 3395; x_wconf 80' lang='grc' dir='ltr'>βροχῆς</span> <span class='ocrx_word' id='word_1_222' title='bbox 1394 3324 1813 3394; x_wconf 81' lang='grc' dir='ltr'>εἰσερχομένης,</span> 
     </span>
    </p>
   </div>
   <div class='ocr_carea' id='block_1_34' title="bbox 400 3408 1899 3482">
    <p class='ocr_par' dir='ltr' id='par_1_34' title="bbox 400 3408 1899 3482">
     <span class='ocr_line' id='line_1_35' title="bbox 400 3408 1899 3482; baseline 0.005 -23"><span class='ocrx_word' id='word_1_223' title='bbox 400 3408 463 3460; x_wconf 83' lang='grc' dir='ltr'>Εἰ</span> <span class='ocrx_word' id='word_1_224' title='bbox 499 3408 593 3461; x_wconf 82' lang='grc' dir='ltr'>τοῦ</span> <span class='ocrx_word' id='word_1_225' title='bbox 635 3410 762 3465; x_wconf 76' lang='grc' dir='ltr'>ναοῦ</span> <span class='ocrx_word' id='word_1_226' title='bbox 794 3411 861 3464; x_wconf 77' lang='grc' dir='ltr'>τὰ</span> <span class='ocrx_word' id='word_1_227' title='bbox 885 3410 1137 3482; x_wconf 84' lang='grc' dir='ltr'>γύρωθεν</span> <span class='ocrx_word' id='word_1_228' title='bbox 1173 3414 1356 3467; x_wconf 85' lang='grc' dir='ltr'>πάντα</span> <span class='ocrx_word' id='word_1_229' title='bbox 1392 3412 1899 3467; x_wconf 85' lang='grc' dir='ltr'>κατακλεισθῶσιν.</span> 
     </span>
    </p>
   </div>
   <div class='ocr_carea' id='block_1_35' title="bbox 410 3501 1728 3577">
    <p class='ocr_par' dir='ltr' id='par_1_35' title="bbox 410 3501 1728 3577">
     <span class='ocr_line' id='line_1_36' title="bbox 410 3501 1728 3577; baseline 0.006 -24"><span class='ocrx_word' id='word_1_230' title='bbox 410 3501 499 3554; x_wconf 84' lang='grc' dir='ltr'>Ἐν</span> <span class='ocrx_word' id='word_1_231' title='bbox 529 3501 605 3572; x_wconf 77' lang='grc' dir='ltr'>τῷ</span> <span class='ocrx_word' id='word_1_232' title='bbox 645 3505 866 3575; x_wconf 80' lang='grc' dir='ltr'>προνάῳ</span> <span class='ocrx_word' id='word_1_233' title='bbox 896 3505 954 3558; x_wconf 81' lang='grc' dir='ltr'>δὲ</span> <span class='ocrx_word' id='word_1_234' title='bbox 991 3506 1158 3576; x_wconf 79' lang='grc' dir='ltr'>σηκὸς</span> <span class='ocrx_word' id='word_1_235' title='bbox 1189 3506 1513 3577; x_wconf 80' lang='grc' dir='ltr'>ἀδελφοθέου</span> <span class='ocrx_word' id='word_1_236' title='bbox 1542 3506 1728 3561; x_wconf 82' lang='grc' dir='ltr'>πέλει.</span> 
     </span>
    </p>
   </div>
   <div class='ocr_carea' id='block_1_36' title="bbox 398 3591 1970 3669">
    <p class='ocr_par' dir='ltr' id='par_1_36' title="bbox 398 3591 1970 3669">
     <span class='ocr_line' id='line_1_37' title="bbox 398 3591 1970 3669; baseline 0.008 -25"><span class='ocrx_word' id='word_1_237' title='bbox 398 3591 602 3646; x_wconf 80' lang='grc' dir='ltr'>Τούτου</span> <span class='ocrx_word' id='word_1_238' title='bbox 623 3595 681 3646; x_wconf 74' lang='grc' dir='ltr'>δὲ</span> <span class='ocrx_word' id='word_1_239' title='bbox 711 3595 946 3665; x_wconf 77' lang='grc' dir='ltr'>πρόσθεν</span> <span class='ocrx_word' id='word_1_240' title='bbox 974 3598 1197 3652; x_wconf 82' lang='grc' dir='ltr'>πέλουσι</span> <span class='ocrx_word' id='word_1_241' title='bbox 1217 3601 1318 3669; x_wconf 75' lang='grc' dir='ltr'><strong>τῆς</strong></span> <span class='ocrx_word' id='word_1_242' title='bbox 1342 3598 1576 3669; x_wconf 80' lang='grc' dir='ltr'>Μάρθας</span> <span class='ocrx_word' id='word_1_243' title='bbox 1603 3599 1696 3651; x_wconf 75' lang='grc' dir='ltr'><strong>καὶ</strong></span> <span class='ocrx_word' id='word_1_244' title='bbox 1726 3599 1970 3669; x_wconf 69' lang='grc' dir='ltr'>Μαρίοις,</span> 
     </span>
    </p>
   </div>
   <div class='ocr_carea' id='block_1_37' title="bbox 396 3686 1764 3760">
    <p class='ocr_par' dir='ltr' id='par_1_37' title="bbox 396 3686 1764 3760">
     <span class='ocr_line' id='line_1_38' title="bbox 396 3686 1764 3760; baseline 0.007 -24"><span class='ocrx_word' id='word_1_245' title='bbox 396 3686 461 3737; x_wconf 72' lang='lat' dir='ltr'><strong>Ai</strong></span> <span class='ocrx_word' id='word_1_246' title='bbox 480 3687 756 3739; x_wconf 80' lang='grc' dir='ltr'>κατοικίαι</span> <span class='ocrx_word' id='word_1_247' title='bbox 799 3688 1057 3760; x_wconf 65' lang='grc' dir='ltr'>σέκρετον</span> <span class='ocrx_word' id='word_1_248' title='bbox 1088 3690 1197 3743; x_wconf 88' lang='grc' dir='ltr'><strong>τῶν</strong></span> <span class='ocrx_word' id='word_1_249' title='bbox 1230 3691 1450 3744; x_wconf 76' lang='grc' dir='ltr'>ἀσεϐῶν</span> <span class='ocrx_word' id='word_1_250' title='bbox 1491 3692 1764 3760; x_wconf 83' lang='grc' dir='ltr'>γεγῶσαι,</span> 
     </span>
    </p>
   </div>
   <div class='ocr_carea' id='block_1_38' title="bbox 398 3777 1871 3855">
    <p class='ocr_par' dir='ltr' id='par_1_38' title="bbox 398 3777 1871 3855">
     <span class='ocr_line' id='line_1_39' title="bbox 398 3777 1871 3855; baseline 0.006 -26"><span class='ocrx_word' id='word_1_251' title='bbox 398 3777 512 3829; x_wconf 79' lang='grc' dir='ltr'>Καὶ</span> <span class='ocrx_word' id='word_1_252' title='bbox 530 3777 744 3833; x_wconf 72' lang='grc' dir='ltr'>παλαιὰ</span> <span class='ocrx_word' id='word_1_253' title='bbox 782 3782 1112 3854; x_wconf 79' lang='grc' dir='ltr'>κατοίκησις</span> <span class='ocrx_word' id='word_1_254' title='bbox 1147 3784 1512 3855; x_wconf 80' lang='grc' dir='ltr'>πατριαρχῶν</span> <span class='ocrx_word' id='word_1_255' title='bbox 1545 3785 1655 3839; x_wconf 87' lang='grc' dir='ltr'><strong>τῶν</strong></span> <span class='ocrx_word' id='word_1_256' title='bbox 1685 3785 1871 3850; x_wconf 84' lang='grc' dir='ltr'>θείων,</span> 
     </span>
    </p>
   </div>
   <div class='ocr_carea' id='block_1_39' title="bbox 400 3868 1872 3948">
    <p class='ocr_par' dir='ltr' id='par_1_39' title="bbox 400 3868 1872 3948">
     <span class='ocr_line' id='line_1_40' title="bbox 400 3868 1872 3948; baseline 0.01 -27"><span class='ocrx_word' id='word_1_257' title='bbox 400 3868 493 3933; x_wconf 69' lang='lat' dir='ltr'><strong>Et;</strong></span> <span class='ocrx_word' id='word_1_258' title='bbox 524 3869 699 3937; x_wconf 74' lang='grc' dir='ltr'>οἷκον,</span> <span class='ocrx_word' id='word_1_259' title='bbox 735 3874 816 3938; x_wconf 84' lang='grc' dir='ltr'><strong>είς</strong></span> <span class='ocrx_word' id='word_1_260' title='bbox 839 3876 1167 3948; x_wconf 84' lang='grc' dir='ltr'>συναγωγὴν</span> <span class='ocrx_word' id='word_1_261' title='bbox 1192 3877 1427 3933; x_wconf 74' lang='grc' dir='ltr'>τελοῦσα</span> <span class='ocrx_word' id='word_1_262' title='bbox 1459 3881 1571 3942; x_wconf 83' lang='grc' dir='ltr'>τοῖς</span> <span class='ocrx_word' id='word_1_263' title='bbox 1597 3878 1872 3944; x_wconf 81' lang='grc' dir='ltr'>ἀπίστοις.</span> 
     </span>
    </p>
   </div>
   <div class='ocr_carea' id='block_1_40' title="bbox 410 3961 1861 4045">
    <p class='ocr_par' dir='ltr' id='par_1_40' title="bbox 410 3961 1861 4045">
     <span class='ocr_line' id='line_1_41' title="bbox 410 3961 1861 4045; baseline 0.008 -32"><span class='ocrx_word' id='word_1_264' title='bbox 410 3961 501 4014; x_wconf 82' lang='grc' dir='ltr'>Ἑν</span> <span class='ocrx_word' id='word_1_265' title='bbox 522 3962 597 4034; x_wconf 84' lang='grc' dir='ltr'>τῷ</span> <span class='ocrx_word' id='word_1_266' title='bbox 630 3964 846 4037; x_wconf 80' lang='grc' dir='ltr'>θατέρῳ</span> <span class='ocrx_word' id='word_1_267' title='bbox 875 3970 1033 4040; x_wconf 83' lang='grc' dir='ltr'>μέρει</span> <span class='ocrx_word' id='word_1_268' title='bbox 1072 3971 1130 4023; x_wconf 77' lang='grc' dir='ltr'>δὲ</span> <span class='ocrx_word' id='word_1_269' title='bbox 1162 3972 1290 4035; x_wconf 65' lang='grc' dir='ltr'>ναὸς</span> <span class='ocrx_word' id='word_1_270' title='bbox 1319 3973 1420 4043; x_wconf 81' lang='grc' dir='ltr'>τῆς</span> <span class='ocrx_word' id='word_1_271' title='bbox 1454 3973 1861 4045; x_wconf 77' lang='grc' dir='ltr'>παναχράντου,</span> 
     </span>
    </p>
   </div>
   <div class='ocr_carea' id='block_1_41' title="bbox 401 4054 1979 4137">
    <p class='ocr_par' dir='ltr' id='par_1_41' title="bbox 401 4054 1979 4137">
     <span class='ocr_line' id='line_1_42' title="bbox 401 4054 1979 4137; baseline 0.009 -30"><span class='ocrx_word' id='word_1_272' title='bbox 401 4054 565 4109; x_wconf 86' lang='grc' dir='ltr'>Ὅθεν</span> <span class='ocrx_word' id='word_1_273' title='bbox 610 4058 831 4113; x_wconf 78' lang='grc' dir='ltr'>ἑστῶσα</span> <span class='ocrx_word' id='word_1_274' title='bbox 867 4062 1108 4132; x_wconf 82' lang='grc' dir='ltr'>τέτρωτο</span> <span class='ocrx_word' id='word_1_275' title='bbox 1152 4066 1223 4117; x_wconf 79' lang='grc' dir='ltr'><strong>τά</strong></span> <span class='ocrx_word' id='word_1_276' title='bbox 1270 4065 1582 4137; x_wconf 87' lang='grc' dir='ltr'>σπλάγχνα,</span> <span class='ocrx_word' id='word_1_277' title='bbox 1624 4065 1979 4137; x_wconf 81' lang='grc' dir='ltr'>θρηνωδοῦσα</span> 
     </span>
    </p>
   </div>
   <div class='ocr_carea' id='block_1_42' title="bbox 401 4149 1815 4228">
    <p class='ocr_par' dir='ltr' id='par_1_42' title="bbox 401 4149 1815 4228">
     <span class='ocr_line' id='line_1_43' title="bbox 401 4149 1815 4228; baseline 0.01 -29"><span class='ocrx_word' id='word_1_278' title='bbox 401 4149 507 4200; x_wconf 76' lang='grc' dir='ltr'>Τὸν</span> <span class='ocrx_word' id='word_1_279' title='bbox 547 4149 788 4222; x_wconf 82' lang='grc' dir='ltr'>Ποιητήν</span> <span class='ocrx_word' id='word_1_280' title='bbox 812 4168 871 4204; x_wconf 89' lang='grc' dir='ltr'><strong>τε</strong></span> <span class='ocrx_word' id='word_1_281' title='bbox 893 4156 987 4205; x_wconf 77' lang='grc' dir='ltr'>καὶ</span> <span class='ocrx_word' id='word_1_282' title='bbox 1019 4154 1144 4207; x_wconf 62' lang='lat' dir='ltr'><strong>re».</strong></span> <span class='ocrx_word' id='word_1_283' title='bbox 1172 4172 1306 4208; x_wconf 89' lang='grc' dir='ltr'>σταυ</span> <span class='ocrx_word' id='word_1_284' title='bbox 1317 4157 1409 4228; x_wconf 85' lang='grc' dir='ltr'><strong>ρού</strong></span> <span class='ocrx_word' id='word_1_285' title='bbox 1419 4175 1580 4227; x_wconf 88' lang='grc' dir='ltr'>μενον</span> <span class='ocrx_word' id='word_1_286' title='bbox 1606 4158 1815 4227; x_wconf 84' lang='grc' dir='ltr'>ὁρῶσα.</span> 
     </span>
    </p>
   </div>
   <div class='ocr_carea' id='block_1_43' title="bbox 411 4239 1979 4321">
    <p class='ocr_par' dir='ltr' id='par_1_43' title="bbox 411 4239 1979 4321">
     <span class='ocr_line' id='line_1_44' title="bbox 411 4239 1979 4321; baseline 0.007 -29"><span class='ocrx_word' id='word_1_287' title='bbox 411 4239 500 4293; x_wconf 86' lang='grc' dir='ltr'>Ἐν</span> <span class='ocrx_word' id='word_1_288' title='bbox 534 4242 691 4313; x_wconf 81' lang='grc' dir='ltr'>μέρει</span> <span class='ocrx_word' id='word_1_289' title='bbox 716 4243 774 4295; x_wconf 84' lang='grc' dir='ltr'>δὲ</span> <span class='ocrx_word' id='word_1_290' title='bbox 801 4243 903 4314; x_wconf 80' lang='grc' dir='ltr'>τῆς</span> <span class='ocrx_word' id='word_1_291' title='bbox 933 4243 1163 4311; x_wconf 84' lang='grc' dir='ltr'>δύσεως,</span> <span class='ocrx_word' id='word_1_292' title='bbox 1195 4250 1290 4301; x_wconf 78' lang='grc' dir='ltr'><strong>καὶ</strong></span> <span class='ocrx_word' id='word_1_293' title='bbox 1344 4249 1573 4320; x_wconf 83' lang='grc' dir='ltr'>πλησίον</span> <span class='ocrx_word' id='word_1_294' title='bbox 1598 4248 1694 4301; x_wconf 81' lang='grc' dir='ltr'>τοῦ</span> <span class='ocrx_word' id='word_1_295' title='bbox 1739 4249 1979 4321; x_wconf 85' lang='grc' dir='ltr'>τείχους,</span> 
     </span>
    </p>
   </div>
   <div class='ocr_carea' id='block_1_44' title="bbox 403 4328 1803 4412">
    <p class='ocr_par' dir='ltr' id='par_1_44' title="bbox 403 4328 1803 4412">
     <span class='ocr_line' id='line_1_45' title="bbox 403 4328 1803 4412; baseline 0.005 -26"><span class='ocrx_word' id='word_1_296' title='bbox 403 4328 560 4386; x_wconf 83' lang='grc' dir='ltr'>Οἶκοι</span> <span class='ocrx_word' id='word_1_297' title='bbox 586 4332 868 4401; x_wconf 86' lang='grc' dir='ltr'>πεφύκασι</span> <span class='ocrx_word' id='word_1_298' title='bbox 894 4336 1060 4389; x_wconf 74' lang='grc' dir='ltr'>Δαϐὶδ</span> <span class='ocrx_word' id='word_1_299' title='bbox 1079 4335 1311 4405; x_wconf 79' lang='grc' dir='ltr'>λείψανα</span> <span class='ocrx_word' id='word_1_300' title='bbox 1347 4343 1459 4401; x_wconf 88' lang='grc' dir='ltr'>τοῖς</span> <span class='ocrx_word' id='word_1_301' title='bbox 1488 4340 1803 4412; x_wconf 86' lang='grc' dir='ltr'>προτέροις.</span> 
     </span>
    </p>
   </div>
   <div class='ocr_carea' id='block_1_45' title="bbox 401 4424 1976 4500">
    <p class='ocr_par' dir='ltr' id='par_1_45' title="bbox 401 4424 1976 4500">
     <span class='ocr_line' id='line_1_46' title="bbox 401 4424 1976 4500; baseline 0.009 -24"><span class='ocrx_word' id='word_1_302' title='bbox 401 4424 519 4495; x_wconf 83' lang='grc' dir='ltr'>ίΙαρ</span> <span class='ocrx_word' id='word_1_303' title='bbox 535 4425 549 4446; x_wconf 84' lang='grc'>’</span> <span class='ocrx_word' id='word_1_304' title='bbox 573 4426 788 4480; x_wconf 85' lang='grc' dir='ltr'>ἀσεϐῶν</span> <span class='ocrx_word' id='word_1_305' title='bbox 807 4428 1089 4499; x_wconf 88' lang='grc' dir='ltr'>νεμόμενα</span> <span class='ocrx_word' id='word_1_306' title='bbox 1110 4430 1249 4500; x_wconf 81' lang='grc' dir='ltr'>πρὸς</span> <span class='ocrx_word' id='word_1_307' title='bbox 1278 4434 1389 4494; x_wconf 89' lang='grc' dir='ltr'>τοῖς</span> <span class='ocrx_word' id='word_1_308' title='bbox 1424 4432 1639 4497; x_wconf 89' lang='grc' dir='ltr'>λοιποῖς</span> <span class='ocrx_word' id='word_1_309' title='bbox 1666 4433 1976 4489; x_wconf 75' lang='grc' dir='ltr'>καὶταῦτα.</span> 
     </span>
    </p>
   </div>
   <div class='ocr_carea' id='block_1_46' title="bbox 403 4518 1845 4597">
    <p class='ocr_par' dir='ltr' id='par_1_46' title="bbox 403 4518 1845 4597">
     <span class='ocr_line' id='line_1_47' title="bbox 403 4518 1845 4597; baseline 0.008 -29"><span class='ocrx_word' id='word_1_310' title='bbox 403 4518 548 4587; x_wconf 79' lang='grc' dir='ltr'>Πρὸς</span> <span class='ocrx_word' id='word_1_311' title='bbox 581 4519 638 4571; x_wconf 85' lang='grc' dir='ltr'>δέ</span> <span class='ocrx_word' id='word_1_312' title='bbox 670 4536 735 4588; x_wconf 85' lang='grc' dir='ltr'><strong>γε</strong></span> <span class='ocrx_word' id='word_1_313' title='bbox 772 4520 872 4590; x_wconf 84' lang='grc' dir='ltr'><strong>τῆς</strong></span> <span class='ocrx_word' id='word_1_314' title='bbox 899 4522 1170 4592; x_wconf 79' lang='grc' dir='ltr'>ἀνατολῆς</span> <span class='ocrx_word' id='word_1_315' title='bbox 1197 4523 1294 4577; x_wconf 79' lang='grc' dir='ltr'>τοῦ</span> <span class='ocrx_word' id='word_1_316' title='bbox 1334 4523 1529 4587; x_wconf 85' lang='grc' dir='ltr'>ἄστεος</span> <span class='ocrx_word' id='word_1_317' title='bbox 1554 4526 1616 4578; x_wconf 79' lang='grc' dir='ltr'><strong>τὸ</strong></span> <span class='ocrx_word' id='word_1_318' title='bbox 1654 4526 1845 4597; x_wconf 82' lang='grc' dir='ltr'>μέρος,</span> 
     </span>
    </p>
   </div>
   <div class='ocr_carea' id='block_1_47' title="bbox 400 4609 1867 4691">
    <p class='ocr_par' dir='ltr' id='par_1_47' title="bbox 400 4609 1867 4691">
     <span class='ocr_line' id='line_1_48' title="bbox 400 4609 1867 4691; baseline 0.009 -30"><span class='ocrx_word' id='word_1_319' title='bbox 400 4609 583 4682; x_wconf 84' lang='grc' dir='ltr'>Πύλην</span> <span class='ocrx_word' id='word_1_320' title='bbox 606 4612 843 4683; x_wconf 83' lang='grc' dir='ltr'>ἀρχαίαν</span> <span class='ocrx_word' id='word_1_321' title='bbox 874 4613 1196 4687; x_wconf 84' lang='grc' dir='ltr'>θαυμαστὴν</span> <span class='ocrx_word' id='word_1_322' title='bbox 1224 4615 1415 4669; x_wconf 79' lang='grc' dir='ltr'>ἔκτοτε</span> <span class='ocrx_word' id='word_1_323' title='bbox 1445 4617 1867 4691; x_wconf 76' lang='grc' dir='ltr'>κεκλεισμένην.</span> 
     </span>
    </p>
   </div>
   <div class='ocr_carea' id='block_1_48' title="bbox 399 4703 1789 4782">
    <p class='ocr_par' dir='ltr' id='par_1_48' title="bbox 399 4703 1789 4782">
     <span class='ocr_line' id='line_1_49' title="bbox 399 4703 1789 4782; baseline 0.006 -26"><span class='ocrx_word' id='word_1_324' title='bbox 399 4703 490 4767; x_wconf 73' lang='grc' dir='ltr'><strong>Εἰς</strong></span> <span class='ocrx_word' id='word_1_325' title='bbox 525 4705 699 4760; x_wconf 86' lang='grc' dir='ltr'>τύπον</span> <span class='ocrx_word' id='word_1_326' title='bbox 725 4706 1033 4761; x_wconf 83' lang='grc' dir='ltr'>ἀδιόδευτον</span> <span class='ocrx_word' id='word_1_327' title='bbox 1068 4705 1236 4764; x_wconf 80' lang='grc' dir='ltr'>οὖσαν</span> <span class='ocrx_word' id='word_1_328' title='bbox 1254 4712 1351 4780; x_wconf 80' lang='grc' dir='ltr'>τῆς</span> <span class='ocrx_word' id='word_1_329' title='bbox 1376 4712 1789 4782; x_wconf 83' lang='grc' dir='ltr'>παναχράντου,</span> 
     </span>
    </p>
   </div>
   <div class='ocr_carea' id='block_1_49' title="bbox 398 4798 1839 4876">
    <p class='ocr_par' dir='ltr' id='par_1_49' title="bbox 398 4798 1839 4876">
     <span class='ocr_line' id='line_1_50' title="bbox 398 4798 1839 4876; baseline 0.008 -27"><span class='ocrx_word' id='word_1_330' title='bbox 398 4798 616 4869; x_wconf 83' lang='grc' dir='ltr'>Ἦνπερ</span> <span class='ocrx_word' id='word_1_331' title='bbox 657 4799 869 4865; x_wconf 84' lang='grc' dir='ltr'>ἀνοῖξαι</span> <span class='ocrx_word' id='word_1_332' title='bbox 897 4801 1168 4873; x_wconf 85' lang='grc' dir='ltr'>πρότερόν</span> <span class='ocrx_word' id='word_1_333' title='bbox 1194 4819 1367 4857; x_wconf 89' lang='grc' dir='ltr'>τινων</span> <span class='ocrx_word' id='word_1_334' title='bbox 1395 4805 1839 4876; x_wconf 84' lang='grc' dir='ltr'>τετολμηκότων,</span> 
     </span>
    </p>
   </div>
   <div class='ocr_carea' id='block_1_50' title="bbox 396 4889 1979 4964">
    <p class='ocr_par' dir='ltr' id='par_1_50' title="bbox 396 4889 1979 4964">
     <span class='ocr_line' id='line_1_51' title="bbox 396 4889 1979 4964; baseline 0.007 -23"><span class='ocrx_word' id='word_1_335' title='bbox 396 4889 507 4958; x_wconf 79' lang='grc' dir='ltr'><strong>Τὴν</strong></span> <span class='ocrx_word' id='word_1_336' title='bbox 534 4890 694 4943; x_wconf 83' lang='grc' dir='ltr'>πόλιν</span> <span class='ocrx_word' id='word_1_337' title='bbox 724 4893 907 4946; x_wconf 84' lang='grc' dir='ltr'>πᾶσαν</span> <span class='ocrx_word' id='word_1_338' title='bbox 943 4892 1188 4949; x_wconf 87' lang='grc' dir='ltr'>σείεσθαι</span> <span class='ocrx_word' id='word_1_339' title='bbox 1220 4896 1441 4964; x_wconf 82' lang='grc' dir='ltr'>λέγεται</span> <span class='ocrx_word' id='word_1_340' title='bbox 1492 4899 1587 4951; x_wconf 70' lang='grc' dir='ltr'><strong>καὶ</strong></span> <span class='ocrx_word' id='word_1_341' title='bbox 1646 4897 1979 4964; x_wconf 82' lang='grc' dir='ltr'>κλονεῖσθαι,</span> 
     </span>
    </p>
   </div>
   <div class='ocr_carea' id='block_1_51' title="bbox 398 4983 1834 5059">
    <p class='ocr_par' dir='ltr' id='par_1_51' title="bbox 398 4983 1834 5059">
     <span class='ocr_line' id='line_1_52' title="bbox 398 4983 1834 5059; baseline 0.006 -25"><span class='ocrx_word' id='word_1_342' title='bbox 398 4984 509 5034; x_wconf 76' lang='grc' dir='ltr'>Καὶ</span> <span class='ocrx_word' id='word_1_343' title='bbox 535 4984 626 5036; x_wconf 82' lang='grc' dir='ltr'><strong>τὸν</strong></span> <span class='ocrx_word' id='word_1_344' title='bbox 653 4983 783 5037; x_wconf 74' lang='grc' dir='ltr'>λαὸν</span> <span class='ocrx_word' id='word_1_345' title='bbox 812 4988 913 5056; x_wconf 80' lang='grc' dir='ltr'><strong>τῆς</strong></span> <span class='ocrx_word' id='word_1_346' title='bbox 952 4987 1162 5050; x_wconf 87' lang='grc' dir='ltr'>πόλεως</span> <span class='ocrx_word' id='word_1_347' title='bbox 1194 4989 1411 5059; x_wconf 86' lang='grc' dir='ltr'>ἀθρόως</span> <span class='ocrx_word' id='word_1_348' title='bbox 1436 4988 1834 5059; x_wconf 84' lang='grc' dir='ltr'>ἀποθνήσκειν.</span> 
     </span>
    </p>
   </div>
   <div class='ocr_carea' id='block_1_52' title="bbox 398 5076 1800 5153">
    <p class='ocr_par' dir='ltr' id='par_1_52' title="bbox 398 5076 1800 5153">
     <span class='ocr_line' id='line_1_53' title="bbox 398 5076 1800 5153; baseline 0.006 -25"><span class='ocrx_word' id='word_1_349' title='bbox 398 5076 566 5129; x_wconf 84' lang='grc' dir='ltr'>Ὅθεν</span> <span class='ocrx_word' id='word_1_350' title='bbox 598 5077 786 5131; x_wconf 78' lang='grc' dir='ltr'>θεόθεν</span> <span class='ocrx_word' id='word_1_351' title='bbox 817 5080 1066 5134; x_wconf 76' lang='grc' dir='ltr'>ἔπαυσαν</span> <span class='ocrx_word' id='word_1_352' title='bbox 1096 5082 1146 5132; x_wconf 80' lang='grc' dir='ltr'>οἱ</span> <span class='ocrx_word' id='word_1_353' title='bbox 1181 5081 1415 5151; x_wconf 79' lang='grc' dir='ltr'>ἄφρονες</span> <span class='ocrx_word' id='word_1_354' title='bbox 1443 5083 1540 5151; x_wconf 84' lang='grc' dir='ltr'>τῆς</span> <span class='ocrx_word' id='word_1_355' title='bbox 1572 5082 1800 5153; x_wconf 84' lang='grc' dir='ltr'>τόλμης.</span> 
     </span>
    </p>
   </div>
   <div class='ocr_carea' id='block_1_53' title="bbox 398 5170 1979 5246">
    <p class='ocr_par' dir='ltr' id='par_1_53' title="bbox 398 5170 1979 5246">
     <span class='ocr_line' id='line_1_54' title="bbox 398 5170 1979 5246; baseline 0.003 -23"><span class='ocrx_word' id='word_1_356' title='bbox 398 5170 610 5241; x_wconf 82' lang='grc' dir='ltr'>Μικρὸν</span> <span class='ocrx_word' id='word_1_357' title='bbox 639 5170 698 5225; x_wconf 74' lang='grc' dir='ltr'>δὲ</span> <span class='ocrx_word' id='word_1_358' title='bbox 742 5171 951 5242; x_wconf 87' lang='grc' dir='ltr'>ταύτης</span> <span class='ocrx_word' id='word_1_359' title='bbox 991 5171 1235 5242; x_wconf 88' lang='grc' dir='ltr'>γεγονὼς</span> <span class='ocrx_word' id='word_1_360' title='bbox 1282 5174 1563 5244; x_wconf 81' lang='grc' dir='ltr'>ἐνδότερον</span> <span class='ocrx_word' id='word_1_361' title='bbox 1598 5176 1694 5227; x_wconf 82' lang='grc' dir='ltr'>τοῦ</span> <span class='ocrx_word' id='word_1_362' title='bbox 1735 5174 1979 5246; x_wconf 88' lang='grc' dir='ltr'>τείχους,</span> 
     </span>
    </p>
   </div>
   <div class='ocr_carea' id='block_1_54' title="bbox 398 5262 1820 5335">
    <p class='ocr_par' dir='ltr' id='par_1_54' title="bbox 398 5262 1820 5335">
     <span class='ocr_line' id='line_1_55' title="bbox 398 5262 1820 5335; baseline 0.001 -19"><span class='ocrx_word' id='word_1_363' title='bbox 398 5264 599 5326; x_wconf 68' lang='lat' dir='ltr'><strong>Dixtin;</strong></span> <span class='ocrx_word' id='word_1_364' title='bbox 625 5263 853 5335; x_wconf 82' lang='grc' dir='ltr'>κατίδῃς</span> <span class='ocrx_word' id='word_1_365' title='bbox 883 5263 1100 5317; x_wconf 82' lang='grc' dir='ltr'>ἀσεϐῶν</span> <span class='ocrx_word' id='word_1_366' title='bbox 1128 5263 1237 5318; x_wconf 89' lang='grc' dir='ltr'><strong>τῶν</strong></span> <span class='ocrx_word' id='word_1_367' title='bbox 1269 5262 1820 5317; x_wconf 84' lang='grc' dir='ltr'>καταποντισθέντων</span> 
     </span>
    </p>
   </div>
   <div class='ocr_carea' id='block_1_55' title="bbox 408 5355 1873 5429">
    <p class='ocr_par' dir='ltr' id='par_1_55' title="bbox 408 5355 1873 5429">
     <span class='ocr_line' id='line_1_56' title="bbox 408 5355 1873 5429; baseline -0.001 -18"><span class='ocrx_word' id='word_1_368' title='bbox 408 5357 642 5429; x_wconf 82' lang='grc' dir='ltr'>Ἰοσεδὲχ</span> <span class='ocrx_word' id='word_1_369' title='bbox 665 5360 762 5411; x_wconf 75' lang='grc' dir='ltr'>καὶ</span> <span class='ocrx_word' id='word_1_370' title='bbox 789 5357 900 5412; x_wconf 88' lang='grc' dir='ltr'><strong>τῶν</strong></span> <span class='ocrx_word' id='word_1_371' title='bbox 922 5358 1131 5412; x_wconf 75' lang='grc' dir='ltr'>λοιπῶν</span> <span class='ocrx_word' id='word_1_372' title='bbox 1172 5358 1286 5412; x_wconf 89' lang='grc' dir='ltr'><strong>τῶν</strong></span> <span class='ocrx_word' id='word_1_373' title='bbox 1316 5355 1873 5427; x_wconf 86' lang='grc' dir='ltr'>είδωλολατρούντων,</span> 
     </span>
    </p>
   </div>
   <div class='ocr_carea' id='block_1_56' title="bbox 397 5450 1764 5523">
    <p class='ocr_par' dir='ltr' id='par_1_56' title="bbox 397 5450 1764 5523">
     <span class='ocr_line' id='line_1_57' title="bbox 397 5450 1764 5523; baseline 0.001 -21"><span class='ocrx_word' id='word_1_374' title='bbox 397 5450 505 5503; x_wconf 82' lang='grc' dir='ltr'>Τοῦ</span> <span class='ocrx_word' id='word_1_375' title='bbox 535 5451 595 5517; x_wconf 79' lang='grc' dir='ltr'>ἐξ</span> <span class='ocrx_word' id='word_1_376' title='bbox 622 5450 826 5520; x_wconf 85' lang='grc' dir='ltr'>ὀσφύος</span> <span class='ocrx_word' id='word_1_377' title='bbox 855 5451 995 5523; x_wconf 84' lang='grc' dir='ltr'>πρὸς</span> <span class='ocrx_word' id='word_1_378' title='bbox 1030 5451 1164 5504; x_wconf 75' lang='grc' dir='ltr'>Θεὸν</span> <span class='ocrx_word' id='word_1_379' title='bbox 1187 5450 1529 5522; x_wconf 83' lang='grc' dir='ltr'>Μελχισεδὲκ</span> <span class='ocrx_word' id='word_1_380' title='bbox 1557 5450 1764 5519; x_wconf 74' lang='grc' dir='ltr'>δεήσει.</span> 
     </span>
    </p>
   </div>
   <div class='ocr_carea' id='block_1_57' title="bbox 395 5540 1820 5612">
    <p class='ocr_par' dir='ltr' id='par_1_57' title="bbox 395 5540 1820 5612">
     <span class='ocr_line' id='line_1_58' title="bbox 395 5540 1820 5612; baseline -0.001 -17"><span class='ocrx_word' id='word_1_381' title='bbox 395 5540 531 5597; x_wconf 81' lang='grc' dir='ltr'>Εἶτα</span> <span class='ocrx_word' id='word_1_382' title='bbox 557 5547 654 5598; x_wconf 73' lang='grc' dir='ltr'><strong>καὶ</strong></span> <span class='ocrx_word' id='word_1_383' title='bbox 678 5544 849 5598; x_wconf 87' lang='grc' dir='ltr'>τόπον</span> <span class='ocrx_word' id='word_1_384' title='bbox 878 5546 1127 5599; x_wconf 49' lang='lat' dir='ltr'><strong>«eam».</strong></span> <span class='ocrx_word' id='word_1_385' title='bbox 1157 5545 1288 5598; x_wconf 74' lang='grc' dir='ltr'>ναὸν</span> <span class='ocrx_word' id='word_1_386' title='bbox 1316 5545 1414 5598; x_wconf 79' lang='grc' dir='ltr'><strong>τοῦ</strong></span> <span class='ocrx_word' id='word_1_387' title='bbox 1447 5543 1820 5612; x_wconf 87' lang='grc' dir='ltr'>Σολομῶντος,</span> 
     </span>
    </p>
   </div>
   <div class='ocr_carea' id='block_1_58' title="bbox 394 5634 1857 5708">
    <p class='ocr_par' dir='ltr' id='par_1_58' title="bbox 394 5634 1857 5708">
     <span class='ocr_line' id='line_1_59' title="bbox 394 5634 1857 5708; baseline 0 -19"><span class='ocrx_word' id='word_1_388' title='bbox 394 5635 535 5705; x_wconf 84' lang='grc' dir='ltr'>Μηδ⁸</span> <span class='ocrx_word' id='word_1_389' title='bbox 575 5638 673 5689; x_wconf 67' lang='grc' dir='ltr'>ἐπὶ</span> <span class='ocrx_word' id='word_1_390' title='bbox 699 5638 851 5690; x_wconf 86' lang='grc' dir='ltr'>λίθον</span> <span class='ocrx_word' id='word_1_391' title='bbox 885 5639 1195 5708; x_wconf 80' lang='grc' dir='ltr'>μείναντος,</span> <span class='ocrx_word' id='word_1_392' title='bbox 1227 5636 1302 5700; x_wconf 85' lang='grc' dir='ltr'>ὡς</span> <span class='ocrx_word' id='word_1_393' title='bbox 1331 5634 1658 5704; x_wconf 78' lang='grc' dir='ltr'>ἐκελεύσθη,</span> <span class='ocrx_word' id='word_1_394' title='bbox 1683 5634 1857 5689; x_wconf 87' lang='grc' dir='ltr'>λίθου.</span> 
     </span>
    </p>
   </div>
   <div class='ocr_carea' id='block_1_59' title="bbox 394 5718 1767 5799">
    <p class='ocr_par' dir='ltr' id='par_1_59' title="bbox 394 5718 1767 5799">
     <span class='ocr_line' id='line_1_60' title="bbox 394 5718 1767 5799; baseline 0.004 -22"><span class='ocrx_word' id='word_1_395' title='bbox 394 5720 518 5795; x_wconf 77' lang='grc' dir='ltr'><strong>Ἐφ’</strong></span> <span class='ocrx_word' id='word_1_396' title='bbox 541 5718 696 5799; x_wconf 76' lang='grc' dir='ltr'>ᾧπερ</span> <span class='ocrx_word' id='word_1_397' title='bbox 728 5723 797 5799; x_wconf 85' lang='grc' dir='ltr'>ἦν</span> <span class='ocrx_word' id='word_1_398' title='bbox 823 5730 891 5782; x_wconf 72' lang='grc' dir='ltr'><strong>τὰ</strong></span> <span class='ocrx_word' id='word_1_399' title='bbox 927 5728 1099 5797; x_wconf 73' lang='grc' dir='ltr'>Ἀγια</span> <span class='ocrx_word' id='word_1_400' title='bbox 1123 5729 1291 5791; x_wconf 67' lang='grc' dir='ltr'>διτως</span> <span class='ocrx_word' id='word_1_401' title='bbox 1339 5727 1409 5781; x_wconf 73' lang='grc' dir='ltr'><strong>τὰ</strong></span> <span class='ocrx_word' id='word_1_402' title='bbox 1440 5726 1767 5795; x_wconf 68' lang='grc' dir='ltr'>τῶνάγίων.</span> 
     </span>
    </p>
   </div>
   <div class='ocr_carea' id='block_1_60' title="bbox 393 5816 1838 5893">
    <p class='ocr_par' dir='ltr' id='par_1_60' title="bbox 393 5816 1838 5893">
     <span class='ocr_line' id='line_1_61' title="bbox 393 5816 1838 5893; baseline 0.003 -22"><span class='ocrx_word' id='word_1_403' title='bbox 393 5816 541 5885; x_wconf 74' lang='lat' dir='ltr'><strong>Nato;</strong></span> <span class='ocrx_word' id='word_1_404' title='bbox 571 5820 1092 5892; x_wconf 79' lang='grc' dir='ltr'>περικαλλέστατος,</span> <span class='ocrx_word' id='word_1_405' title='bbox 1120 5822 1196 5888; x_wconf 83' lang='grc' dir='ltr'>ὡς</span> <span class='ocrx_word' id='word_1_406' title='bbox 1226 5820 1458 5892; x_wconf 85' lang='grc' dir='ltr'>ούρανοῦ</span> <span class='ocrx_word' id='word_1_407' title='bbox 1492 5819 1838 5893; x_wconf 73' lang='grc' dir='ltr'>λαμπρότης,</span> 
     </span>
    </p>
   </div>
   <div class='ocr_carea' id='block_1_61' title="bbox 1479 295 2624 400">
    <p class='ocr_par' dir='ltr' id='par_1_61' title="bbox 1479 295 2624 400">
     <span class='ocr_line' id='line_1_62' title="bbox 1479 295 2624 400; baseline 0.004 -6"><span class='ocrx_word' id='word_1_408' title='bbox 1479 295 1936 394; x_wconf 74' lang='lat' dir='ltr'><strong>DESCllIPTIO</strong></span> <span class='ocrx_word' id='word_1_409' title='bbox 1975 332 2256 393; x_wconf 67' lang='lat' dir='ltr'><strong>man/tt</strong></span> <span class='ocrx_word' id='word_1_410' title='bbox 2296 334 2624 400; x_wconf 60' lang='lat' dir='ltr'><strong>SANCTE.</strong></span> 
     </span>
    </p>
   </div>
   <div class='ocr_carea' id='block_1_62' title="bbox 2009 449 3099 525">
    <p class='ocr_par' dir='ltr' id='par_1_62' title="bbox 2009 449 3099 525">
     <span class='ocr_line' id='line_1_63' title="bbox 2009 449 3099 525; baseline 0.006 -22"><span class='ocrx_word' id='word_1_411' title='bbox 2009 452 2058 511; x_wconf 82' lang='grc' dir='ltr'><strong>Α</strong></span> <span class='ocrx_word' id='word_1_412' title='bbox 2092 449 2485 517; x_wconf 88' lang='lat' dir='ltr'><strong>Damnationis,</strong></span> <span class='ocrx_word' id='word_1_413' title='bbox 2523 464 2578 508; x_wconf 91' lang='lat' dir='ltr'><strong>et</strong></span> <span class='ocrx_word' id='word_1_414' title='bbox 2606 452 2751 509; x_wconf 83' lang='lat' dir='ltr'><strong>Petri</strong></span> <span class='ocrx_word' id='word_1_415' title='bbox 2784 454 3019 525; x_wconf 82' lang='lat' dir='ltr'><strong>negatio,</strong></span> <span class='ocrx_word' id='word_1_416' title='bbox 3045 464 3099 510; x_wconf 86' lang='lat' dir='ltr'><strong>et</strong></span> 
     </span>
    </p>
   </div>
   <div class='ocr_carea' id='block_1_63' title="bbox 3555 336 3661 399">
    <p class='ocr_par' dir='ltr' id='par_1_63' title="bbox 3555 336 3661 399">
     <span class='ocr_line' id='line_1_64' title="bbox 3555 336 3661 399; baseline 0.009 -1"><span class='ocrx_word' id='word_1_417' title='bbox 3555 336 3661 399; x_wconf 75' lang='lat'><strong>966</strong></span> 
     </span>
    </p>
   </div>
   <div class='ocr_carea' id='block_1_64' title="bbox 2083 543 3449 608">
    <p class='ocr_par' dir='ltr' id='par_1_64' title="bbox 2083 543 3449 608">
     <span class='ocr_line' id='line_1_65' title="bbox 2083 543 3449 608; baseline 0.005 -12"><span class='ocrx_word' id='word_1_418' title='bbox 2083 543 2363 608; x_wconf 85' lang='lat' dir='ltr'><strong>Custodia,</strong></span> <span class='ocrx_word' id='word_1_419' title='bbox 2406 544 2632 602; x_wconf 85' lang='lat' dir='ltr'><strong>Domino</strong></span> <span class='ocrx_word' id='word_1_420' title='bbox 2667 546 2756 601; x_wconf 92' lang='lat' dir='ltr'><strong>ubi</strong></span> <span class='ocrx_word' id='word_1_421' title='bbox 2784 557 3151 603; x_wconf 84' lang='lat' dir='ltr'><strong>oneraverunt</strong></span> <span class='ocrx_word' id='word_1_422' title='bbox 3180 564 3396 604; x_wconf 83' lang='lat' dir='ltr'><strong>crucem</strong></span> <span class='ocrx_word' id='word_1_423' title='bbox 3436 565 3449 603; x_wconf 90' lang='lat'><strong>:</strong></span> 
     </span>
    </p>
   </div>
   <div class='ocr_carea' id='block_1_65' title="bbox 2084 634 3270 709">
    <p class='ocr_par' dir='ltr' id='par_1_65' title="bbox 2084 634 3270 709">
     <span class='ocr_line' id='line_1_66' title="bbox 2084 634 3270 709; baseline 0.008 -24"><span class='ocrx_word' id='word_1_424' title='bbox 2084 634 2255 701; x_wconf 82' lang='lat' dir='ltr'><strong>Quam</strong></span> <span class='ocrx_word' id='word_1_425' title='bbox 2291 636 2556 706; x_wconf 83' lang='lat' dir='ltr'><strong>bajulavit</strong></span> <span class='ocrx_word' id='word_1_426' title='bbox 2588 653 2710 692; x_wconf 82' lang='lat' dir='ltr'><strong>mox</strong></span> <span class='ocrx_word' id='word_1_427' title='bbox 2735 639 3032 709; x_wconf 73' lang='lat' dir='ltr'><strong>Cyrenaeus</strong></span> <span class='ocrx_word' id='word_1_428' title='bbox 3055 640 3270 707; x_wconf 87' lang='lat' dir='ltr'><strong>Simon,</strong></span> 
     </span>
    </p>
   </div>
   <div class='ocr_carea' id='block_1_66' title="bbox 2084 727 3234 800">
    <p class='ocr_par' dir='ltr' id='par_1_66' title="bbox 2084 727 3234 800">
     <span class='ocr_line' id='line_1_67' title="bbox 2084 727 3234 800; baseline 0.009 -21"><span class='ocrx_word' id='word_1_429' title='bbox 2084 729 2161 780; x_wconf 83' lang='lat' dir='ltr'><strong>Ad</strong></span> <span class='ocrx_word' id='word_1_430' title='bbox 2196 727 2521 800; x_wconf 82' lang='lat' dir='ltr'><strong>Golgotham</strong></span> <span class='ocrx_word' id='word_1_431' title='bbox 2550 732 2849 800; x_wconf 84' lang='lat' dir='ltr'><strong>profectus,</strong></span> <span class='ocrx_word' id='word_1_432' title='bbox 2879 745 2933 789; x_wconf 90' lang='lat' dir='ltr'><strong>et</strong></span> <span class='ocrx_word' id='word_1_433' title='bbox 2966 734 3234 789; x_wconf 73' lang='lat' dir='ltr'><strong>Calvaria:</strong></span> 
     </span>
    </p>
   </div>
   <div class='ocr_carea' id='block_1_67' title="bbox 2080 812 3424 894">
    <p class='ocr_par' dir='ltr' id='par_1_67' title="bbox 2080 812 3424 894">
     <span class='ocr_line' id='line_1_68' title="bbox 2080 812 3424 894; baseline 0.007 -22"><span class='ocrx_word' id='word_1_434' title='bbox 2080 819 2315 876; x_wconf 80' lang='lat' dir='ltr'><strong>Montem</strong></span> <span class='ocrx_word' id='word_1_435' title='bbox 2342 838 2358 888; x_wconf 93' lang='lat'><strong>;</strong></span> <span class='ocrx_word' id='word_1_436' title='bbox 2384 823 2615 879; x_wconf 84' lang='lat' dir='ltr'><strong>scelesta</strong></span> <span class='ocrx_word' id='word_1_437' title='bbox 2648 823 2872 879; x_wconf 73' lang='lat' dir='ltr'><strong>llebrzca</strong></span> <span class='ocrx_word' id='word_1_438' title='bbox 2906 841 3038 894; x_wconf 80' lang='lat' dir='ltr'><strong>gens</strong></span> <span class='ocrx_word' id='word_1_439' title='bbox 3073 812 3153 880; x_wconf 76' lang='lat' dir='ltr'><strong>ibi</strong></span> <span class='ocrx_word' id='word_1_440' title='bbox 3181 825 3424 882; x_wconf 81' lang='lat' dir='ltr'><strong>Judicem</strong></span> 
     </span>
    </p>
   </div>
   <div class='ocr_carea' id='block_1_68' title="bbox 2083 909 3305 980">
    <p class='ocr_par' dir='ltr' id='par_1_68' title="bbox 2083 909 3305 980">
     <span class='ocr_line' id='line_1_69' title="bbox 2083 909 3305 980; baseline 0.008 -18"><span class='ocrx_word' id='word_1_441' title='bbox 2083 909 2230 964; x_wconf 76' lang='lat' dir='ltr'><strong>Fixit</strong></span> <span class='ocrx_word' id='word_1_442' title='bbox 2278 913 2426 967; x_wconf 83' lang='lat' dir='ltr'><strong>cruci</strong></span> <span class='ocrx_word' id='word_1_443' title='bbox 2462 914 2754 980; x_wconf 78' lang='lat' dir='ltr'><strong>insontem,</strong></span> <span class='ocrx_word' id='word_1_444' title='bbox 2791 915 3032 973; x_wconf 76' lang='lat' dir='ltr'><strong>latrones</strong></span> <span class='ocrx_word' id='word_1_445' title='bbox 3064 927 3118 972; x_wconf 89' lang='lat' dir='ltr'><strong>et</strong></span> <span class='ocrx_word' id='word_1_446' title='bbox 3151 919 3305 974; x_wconf 91' lang='lat' dir='ltr'><strong>duos.</strong></span> 
     </span>
    </p>
   </div>
   <div class='ocr_carea' id='block_1_69' title="bbox 2082 1000 3659 1080">
    <p class='ocr_par' dir='ltr' id='par_1_69' title="bbox 2082 1000 3659 1080">
     <span class='ocr_line' id='line_1_70' title="bbox 2082 1000 3659 1080; baseline 0.006 -25"><span class='ocrx_word' id='word_1_447' title='bbox 2082 1000 2222 1056; x_wconf 86' lang='lat' dir='ltr'><strong>Sunt</strong></span> <span class='ocrx_word' id='word_1_448' title='bbox 2258 1019 2421 1072; x_wconf 86' lang='lat' dir='ltr'><strong>porro</strong></span> <span class='ocrx_word' id='word_1_449' title='bbox 2454 1006 2520 1057; x_wconf 88' lang='lat' dir='ltr'><strong>ad</strong></span> <span class='ocrx_word' id='word_1_450' title='bbox 2566 1005 2707 1060; x_wconf 88' lang='lat' dir='ltr'><strong>hanc</strong></span> <span class='ocrx_word' id='word_1_451' title='bbox 2741 1021 2914 1075; x_wconf 87' lang='lat' dir='ltr'><strong>usque</strong></span> <span class='ocrx_word' id='word_1_452' title='bbox 2957 1007 3123 1074; x_wconf 88' lang='lat' dir='ltr'><strong>diem,</strong></span> <span class='ocrx_word' id='word_1_453' title='bbox 3172 1008 3227 1061; x_wconf 92' lang='lat' dir='ltr'><strong>in</strong></span> <span class='ocrx_word' id='word_1_454' title='bbox 3266 1009 3659 1080; x_wconf 78' lang='lat' dir='ltr'><strong>angustissimo</strong></span> 
     </span>
    </p>
   </div>
   <div class='ocr_carea' id='block_1_70' title="bbox 2082 1091 3299 1166">
    <p class='ocr_par' dir='ltr' id='par_1_70' title="bbox 2082 1091 3299 1166">
     <span class='ocr_line' id='line_1_71' title="bbox 2082 1091 3299 1166; baseline 0.002 -20"><span class='ocrx_word' id='word_1_455' title='bbox 2082 1091 2247 1156; x_wconf 42' lang='lat' dir='ltr'><strong>Saxo,</strong></span> <span class='ocrx_word' id='word_1_456' title='bbox 2283 1111 2498 1150; x_wconf 70' lang='lat' dir='ltr'><strong>crucem</strong></span> <span class='ocrx_word' id='word_1_457' title='bbox 2526 1098 2579 1149; x_wconf 89' lang='lat' dir='ltr'><strong>in</strong></span> <span class='ocrx_word' id='word_1_458' title='bbox 2605 1112 2712 1166; x_wconf 86' lang='lat' dir='ltr'><strong>quo</strong></span> <span class='ocrx_word' id='word_1_459' title='bbox 2744 1097 2977 1153; x_wconf 78' lang='lat' dir='ltr'><strong>ﬁxerant</strong></span> <span class='ocrx_word' id='word_1_460' title='bbox 3007 1099 3299 1163; x_wconf 72' lang='lat' dir='ltr'><strong>foramina,</strong></span> 
     </span>
    </p>
   </div>
   <div class='ocr_carea' id='block_1_71' title="bbox 2082 1183 3253 1257">
    <p class='ocr_par' dir='ltr' id='par_1_71' title="bbox 2082 1183 3253 1257">
     <span class='ocr_line' id='line_1_72' title="bbox 2082 1183 3253 1257; baseline 0.007 -20"><span class='ocrx_word' id='word_1_461' title='bbox 2082 1183 2245 1240; x_wconf 75' lang='lat' dir='ltr'><strong>Vena:</strong></span> <span class='ocrx_word' id='word_1_462' title='bbox 2278 1188 2557 1252; x_wconf 88' lang='lat' dir='ltr'><strong>rubentes,</strong></span> <span class='ocrx_word' id='word_1_463' title='bbox 2593 1203 2712 1257; x_wconf 71' lang='lat' dir='ltr'><strong>qua:</strong></span> <span class='ocrx_word' id='word_1_464' title='bbox 2743 1189 2988 1243; x_wconf 88' lang='lat' dir='ltr'><strong>iudicant</strong></span> <span class='ocrx_word' id='word_1_465' title='bbox 3017 1188 3253 1246; x_wconf 83' lang='lat' dir='ltr'><strong>dilucide</strong></span> 
     </span>
    </p>
   </div>
   <div class='ocr_carea' id='block_1_72' title="bbox 2083 1276 3165 1347">
    <p class='ocr_par' dir='ltr' id='par_1_72' title="bbox 2083 1276 3165 1347">
     <span class='ocr_line' id='line_1_73' title="bbox 2083 1276 3165 1347; baseline 0.006 -19"><span class='ocrx_word' id='word_1_466' title='bbox 2083 1276 2411 1331; x_wconf 81' lang='lat' dir='ltr'><strong>Ell‘usionem</strong></span> <span class='ocrx_word' id='word_1_467' title='bbox 2437 1279 2720 1347; x_wconf 82' lang='lat' dir='ltr'><strong>sanguinis</strong></span> <span class='ocrx_word' id='word_1_468' title='bbox 2742 1278 2963 1335; x_wconf 86' lang='lat' dir='ltr'><strong>Domini</strong></span> <span class='ocrx_word' id='word_1_469' title='bbox 2994 1279 3165 1335; x_wconf 81' lang='lat' dir='ltr'><strong>sacri.</strong></span> 
     </span>
    </p>
   </div>
   <div class='ocr_carea' id='block_1_73' title="bbox 2082 1367 3380 1441">
    <p class='ocr_par' dir='ltr' id='par_1_73' title="bbox 2082 1367 3380 1441">
     <span class='ocr_line' id='line_1_74' title="bbox 2082 1367 3380 1441; baseline 0.005 -21"><span class='ocrx_word' id='word_1_470' title='bbox 2082 1367 2175 1422; x_wconf 80' lang='lat' dir='ltr'><strong>Est</strong></span> <span class='ocrx_word' id='word_1_471' title='bbox 2201 1381 2395 1438; x_wconf 72' lang='lat' dir='ltr'><strong>prreter</strong></span> <span class='ocrx_word' id='word_1_472' title='bbox 2429 1371 2550 1435; x_wconf 81' lang='lat' dir='ltr'><strong>hoc,</strong></span> <span class='ocrx_word' id='word_1_473' title='bbox 2588 1370 2795 1426; x_wconf 88' lang='lat' dir='ltr'><strong>Christi</strong></span> <span class='ocrx_word' id='word_1_474' title='bbox 2821 1372 3129 1441; x_wconf 80' lang='lat' dir='ltr'><strong>sepulcrum</strong></span> <span class='ocrx_word' id='word_1_475' title='bbox 3157 1386 3380 1427; x_wconf 88' lang='lat' dir='ltr'><strong>cernere</strong></span> 
     </span>
    </p>
   </div>
   <div class='ocr_carea' id='block_1_74' title="bbox 2080 1460 3328 1532">
    <p class='ocr_par' dir='ltr' id='par_1_74' title="bbox 2080 1460 3328 1532">
     <span class='ocr_line' id='line_1_75' title="bbox 2080 1460 3328 1532; baseline 0.004 -19"><span class='ocrx_word' id='word_1_476' title='bbox 2080 1460 2122 1513; x_wconf 82' lang='grc' dir='ltr'>Ε</span> <span class='ocrx_word' id='word_1_477' title='bbox 2161 1463 2451 1516; x_wconf 80' lang='lat' dir='ltr'><strong>marmoris</strong></span> <span class='ocrx_word' id='word_1_478' title='bbox 2481 1463 2633 1517; x_wconf 83' lang='lat' dir='ltr'><strong>nitidi</strong></span> <span class='ocrx_word' id='word_1_479' title='bbox 2665 1462 2934 1517; x_wconf 87' lang='lat' dir='ltr'><strong>columnis</strong></span> <span class='ocrx_word' id='word_1_480' title='bbox 2960 1462 3328 1532; x_wconf 75' lang='lat' dir='ltr'><strong>splendidum,</strong></span> 
     </span>
    </p>
   </div>
   <div class='ocr_carea' id='block_1_75' title="bbox 2084 1554 3230 1626">
    <p class='ocr_par' dir='ltr' id='par_1_75' title="bbox 2084 1554 3230 1626">
     <span class='ocr_line' id='line_1_76' title="bbox 2084 1554 3230 1626; baseline 0.003 -20"><span class='ocrx_word' id='word_1_481' title='bbox 2084 1554 2145 1606; x_wconf 79' lang='lat' dir='ltr'><strong>Et</strong></span> <span class='ocrx_word' id='word_1_482' title='bbox 2178 1569 2274 1623; x_wconf 90' lang='lat' dir='ltr'><strong>pro</strong></span> <span class='ocrx_word' id='word_1_483' title='bbox 2301 1554 2509 1609; x_wconf 83' lang='lat' dir='ltr'><strong>foribus</strong></span> <span class='ocrx_word' id='word_1_484' title='bbox 2534 1558 2602 1610; x_wconf 87' lang='lat' dir='ltr'><strong>ab</strong></span> <span class='ocrx_word' id='word_1_485' title='bbox 2639 1554 2832 1625; x_wconf 78' lang='lat' dir='ltr'><strong>angelo</strong></span> <span class='ocrx_word' id='word_1_486' title='bbox 2863 1566 3044 1611; x_wconf 89' lang='lat' dir='ltr'><strong>trusus</strong></span> <span class='ocrx_word' id='word_1_487' title='bbox 3064 1556 3230 1626; x_wconf 89' lang='lat' dir='ltr'><strong>lapis,</strong></span> 
     </span>
    </p>
   </div>
   <div class='ocr_carea' id='block_1_76' title="bbox 2084 1644 3245 1718">
    <p class='ocr_par' dir='ltr' id='par_1_76' title="bbox 2084 1644 3245 1718">
     <span class='ocr_line' id='line_1_77' title="bbox 2084 1644 3245 1718; baseline 0.003 -19"><span class='ocrx_word' id='word_1_488' title='bbox 2084 1644 2239 1700; x_wconf 89' lang='lat' dir='ltr'><strong>Unde</strong></span> <span class='ocrx_word' id='word_1_489' title='bbox 2272 1647 2525 1701; x_wconf 88' lang='lat' dir='ltr'><strong>omnibus</strong></span> <span class='ocrx_word' id='word_1_490' title='bbox 2560 1648 2664 1718; x_wconf 92' lang='lat' dir='ltr'><strong>piis</strong></span> <span class='ocrx_word' id='word_1_491' title='bbox 2698 1656 2849 1717; x_wconf 88' lang='lat' dir='ltr'><strong>patet</strong></span> <span class='ocrx_word' id='word_1_492' title='bbox 2880 1648 3245 1716; x_wconf 83' lang='lat' dir='ltr'><strong>miraculum;</strong></span> 
     </span>
    </p>
   </div>
   <div class='ocr_carea' id='block_1_77' title="bbox 2080 1738 3369 1810">
    <p class='ocr_par' dir='ltr' id='par_1_77' title="bbox 2080 1738 3369 1810">
     <span class='ocr_line' id='line_1_78' title="bbox 2080 1738 3369 1810; baseline 0.003 -18"><span class='ocrx_word' id='word_1_493' title='bbox 2080 1738 2233 1805; x_wconf 83' lang='lat' dir='ltr'><strong>Quod</strong></span> <span class='ocrx_word' id='word_1_494' title='bbox 2268 1739 2443 1809; x_wconf 82' lang='lat' dir='ltr'><strong>majus</strong></span> <span class='ocrx_word' id='word_1_495' title='bbox 2475 1750 2559 1796; x_wconf 89' lang='lat' dir='ltr'><strong>est</strong></span> <span class='ocrx_word' id='word_1_496' title='bbox 2585 1739 2759 1809; x_wconf 85' lang='lat' dir='ltr'><strong>palam</strong></span> <span class='ocrx_word' id='word_1_497' title='bbox 2790 1740 3102 1797; x_wconf 83' lang='lat' dir='ltr'><strong>inﬁdelibus</strong></span> <span class='ocrx_word' id='word_1_498' title='bbox 3136 1756 3201 1796; x_wconf 90' lang='lat' dir='ltr'><strong>ac</strong></span> <span class='ocrx_word' id='word_1_499' title='bbox 3233 1742 3369 1810; x_wconf 86' lang='lat' dir='ltr'><strong>piis;</strong></span> 
     </span>
    </p>
   </div>
   <div class='ocr_carea' id='block_1_78' title="bbox 2080 1830 3236 1901">
    <p class='ocr_par' dir='ltr' id='par_1_78' title="bbox 2080 1830 3236 1901">
     <span class='ocr_line' id='line_1_79' title="bbox 2080 1830 3236 1901; baseline 0.002 -16"><span class='ocrx_word' id='word_1_500' title='bbox 2080 1830 2139 1885; x_wconf 94' lang='lat' dir='ltr'><strong>ln</strong></span> <span class='ocrx_word' id='word_1_501' title='bbox 2164 1845 2274 1901; x_wconf 85' lang='lat' dir='ltr'><strong>qua</strong></span> <span class='ocrx_word' id='word_1_502' title='bbox 2309 1833 2610 1888; x_wconf 80' lang='lat' dir='ltr'><strong>resurrexit</strong></span> <span class='ocrx_word' id='word_1_503' title='bbox 2630 1834 2718 1888; x_wconf 89' lang='lat' dir='ltr'><strong>die</strong></span> <span class='ocrx_word' id='word_1_504' title='bbox 2755 1833 3043 1898; x_wconf 88' lang='lat' dir='ltr'><strong>Dominus,</strong></span> <span class='ocrx_word' id='word_1_505' title='bbox 3069 1834 3236 1889; x_wconf 87' lang='lat' dir='ltr'><strong>micat</strong></span> 
     </span>
    </p>
   </div>
   <div class='ocr_carea' id='block_1_79' title="bbox 2078 1923 3342 1993">
    <p class='ocr_par' dir='ltr' id='par_1_79' title="bbox 2078 1923 3342 1993">
     <span class='ocr_line' id='line_1_80' title="bbox 2078 1923 3342 1993; baseline 0.002 -16"><span class='ocrx_word' id='word_1_506' title='bbox 2078 1923 2211 1978; x_wconf 80' lang='lat' dir='ltr'><strong>Cum</strong></span> <span class='ocrx_word' id='word_1_507' title='bbox 2242 1923 2495 1977; x_wconf 89' lang='lat' dir='ltr'><strong>accensio</strong></span> <span class='ocrx_word' id='word_1_508' title='bbox 2530 1923 2958 1993; x_wconf 75' lang='lat' dir='ltr'><strong>ingensluminis</strong></span> <span class='ocrx_word' id='word_1_509' title='bbox 2989 1924 3342 1991; x_wconf 76' lang='lat' dir='ltr'><strong>sanctissimi,</strong></span> 
     </span>
    </p>
   </div>
   <div class='ocr_carea' id='block_1_80' title="bbox 2079 2012 3328 2088">
    <p class='ocr_par' dir='ltr' id='par_1_80' title="bbox 2079 2012 3328 2088">
     <span class='ocr_line' id='line_1_81' title="bbox 2079 2012 3328 2088; baseline 0.002 -20"><span class='ocrx_word' id='word_1_510' title='bbox 2079 2012 2553 2070; x_wconf 85' lang='lat' dir='ltr'><strong>Communicantis</strong></span> <span class='ocrx_word' id='word_1_511' title='bbox 2582 2016 2927 2071; x_wconf 88' lang='lat' dir='ltr'><strong>sanctitatem</strong></span> <span class='ocrx_word' id='word_1_512' title='bbox 2960 2018 3106 2072; x_wconf 92' lang='lat' dir='ltr'><strong>omni</strong></span> <span class='ocrx_word' id='word_1_513' title='bbox 3137 2020 3328 2088; x_wconf 84' lang='lat' dir='ltr'><strong>probo.</strong></span> 
     </span>
    </p>
   </div>
   <div class='ocr_carea' id='block_1_81' title="bbox 2081 2104 3653 2180">
    <p class='ocr_par' dir='ltr' id='par_1_81' title="bbox 2081 2104 3653 2180">
     <span class='ocr_line' id='line_1_82' title="bbox 2081 2104 3653 2180; baseline 0.005 -22"><span class='ocrx_word' id='word_1_514' title='bbox 2081 2104 2177 2160; x_wconf 88' lang='lat' dir='ltr'><strong>Est</strong></span> <span class='ocrx_word' id='word_1_515' title='bbox 2208 2117 2261 2161; x_wconf 88' lang='lat' dir='ltr'><strong>et</strong></span> <span class='ocrx_word' id='word_1_516' title='bbox 2292 2107 2463 2171; x_wconf 88' lang='lat' dir='ltr'><strong>locus,</strong></span> <span class='ocrx_word' id='word_1_517' title='bbox 2495 2108 2658 2163; x_wconf 63' lang='lat' dir='ltr'><strong>scala</strong></span> <span class='ocrx_word' id='word_1_518' title='bbox 2697 2107 2751 2163; x_wconf 89' lang='lat' dir='ltr'><strong>in</strong></span> <span class='ocrx_word' id='word_1_519' title='bbox 2785 2108 3031 2173; x_wconf 90' lang='lat' dir='ltr'><strong>modum,</strong></span> <span class='ocrx_word' id='word_1_520' title='bbox 3060 2109 3311 2180; x_wconf 88' lang='lat' dir='ltr'><strong>altusque</strong></span> <span class='ocrx_word' id='word_1_521' title='bbox 3337 2112 3653 2179; x_wconf 85' lang='lat' dir='ltr'><strong>admodum,</strong></span> 
     </span>
    </p>
   </div>
   <div class='ocr_carea' id='block_1_82' title="bbox 2079 2194 3405 2270">
    <p class='ocr_par' dir='ltr' id='par_1_82' title="bbox 2079 2194 3405 2270">
     <span class='ocr_line' id='line_1_83' title="bbox 2079 2194 3405 2270; baseline 0.006 -21"><span class='ocrx_word' id='word_1_522' title='bbox 2079 2194 2134 2249; x_wconf 89' lang='lat' dir='ltr'><strong>lu</strong></span> <span class='ocrx_word' id='word_1_523' title='bbox 2162 2212 2270 2266; x_wconf 91' lang='lat' dir='ltr'><strong>quo</strong></span> <span class='ocrx_word' id='word_1_524' title='bbox 2293 2198 2473 2252; x_wconf 87' lang='lat' dir='ltr'><strong>abdita</strong></span> <span class='ocrx_word' id='word_1_525' title='bbox 2497 2197 2600 2254; x_wconf 78' lang='lat' dir='ltr'><strong>fuit</strong></span> <span class='ocrx_word' id='word_1_526' title='bbox 2630 2213 2761 2255; x_wconf 82' lang='lat' dir='ltr'><strong>crux</strong></span> <span class='ocrx_word' id='word_1_527' title='bbox 2789 2198 2943 2265; x_wconf 80' lang='lat' dir='ltr'><strong>Jesu,</strong></span> <span class='ocrx_word' id='word_1_528' title='bbox 2975 2202 3142 2256; x_wconf 82' lang='lat' dir='ltr'><strong>vitam</strong></span> <span class='ocrx_word' id='word_1_529' title='bbox 3175 2202 3405 2270; x_wconf 85' lang='lat' dir='ltr'><strong>habens,</strong></span> 
     </span>
    </p>
   </div>
   <div class='ocr_carea' id='block_1_83' title="bbox 2078 2286 3429 2361">
    <p class='ocr_par' dir='ltr' id='par_1_83' title="bbox 2078 2286 3429 2361">
     <span class='ocr_line' id='line_1_84' title="bbox 2078 2286 3429 2361; baseline 0.006 -21"><span class='ocrx_word' id='word_1_530' title='bbox 2078 2286 2144 2341; x_wconf 87' lang='lat' dir='ltr'><strong>Et</strong></span> <span class='ocrx_word' id='word_1_531' title='bbox 2175 2304 2477 2357; x_wconf 87' lang='lat' dir='ltr'><strong>personaus</strong></span> <span class='ocrx_word' id='word_1_532' title='bbox 2508 2290 2679 2357; x_wconf 90' lang='lat' dir='ltr'><strong>locus,</strong></span> <span class='ocrx_word' id='word_1_533' title='bbox 2711 2303 2769 2347; x_wconf 93' lang='lat' dir='ltr'><strong>ut</strong></span> <span class='ocrx_word' id='word_1_534' title='bbox 2802 2291 3007 2361; x_wconf 75' lang='lat' dir='ltr'><strong>ferunt,</strong></span> <span class='ocrx_word' id='word_1_535' title='bbox 3037 2295 3272 2349; x_wconf 91' lang='lat' dir='ltr'><strong>medium</strong></span> <span class='ocrx_word' id='word_1_536' title='bbox 3306 2295 3429 2350; x_wconf 85' lang='lat' dir='ltr'><strong>soli.</strong></span> 
     </span>
    </p>
   </div>
   <div class='ocr_carea' id='block_1_84' title="bbox 2079 2380 3356 2456">
    <p class='ocr_par' dir='ltr' id='par_1_84' title="bbox 2079 2380 3356 2456">
     <span class='ocr_line' id='line_1_85' title="bbox 2079 2380 3356 2456; baseline 0.006 -23"><span class='ocrx_word' id='word_1_537' title='bbox 2079 2380 2183 2434; x_wconf 86' lang='lat' dir='ltr'><strong>Alii</strong></span> <span class='ocrx_word' id='word_1_538' title='bbox 2213 2392 2521 2450; x_wconf 85' lang='lat' dir='ltr'><strong>autumant,</strong></span> <span class='ocrx_word' id='word_1_539' title='bbox 2559 2385 2703 2441; x_wconf 92' lang='lat' dir='ltr'><strong>hunc</strong></span> <span class='ocrx_word' id='word_1_540' title='bbox 2735 2399 2859 2440; x_wconf 81' lang='lat' dir='ltr'><strong>esse</strong></span> <span class='ocrx_word' id='word_1_541' title='bbox 2892 2386 3145 2456; x_wconf 87' lang='lat' dir='ltr'><strong>supplicii</strong></span> <span class='ocrx_word' id='word_1_542' title='bbox 3179 2388 3356 2442; x_wconf 90' lang='lat' dir='ltr'><strong>locum</strong></span> 
     </span>
    </p>
   </div>
   <div class='ocr_carea' id='block_1_85' title="bbox 2080 2472 3420 2550">
    <p class='ocr_par' dir='ltr' id='par_1_85' title="bbox 2080 2472 3420 2550">
     <span class='ocr_line' id='line_1_86' title="bbox 2080 2472 3420 2550; baseline 0.004 -23"><span class='ocrx_word' id='word_1_543' title='bbox 2080 2472 2266 2529; x_wconf 76' lang='lat' dir='ltr'><strong>Terra:</strong></span> <span class='ocrx_word' id='word_1_544' title='bbox 2296 2477 2638 2542; x_wconf 82' lang='lat' dir='ltr'><strong>umbilicum,</strong></span> <span class='ocrx_word' id='word_1_545' title='bbox 2667 2477 2857 2534; x_wconf 88' lang='lat' dir='ltr'><strong>tumuli</strong></span> <span class='ocrx_word' id='word_1_546' title='bbox 2888 2478 2943 2531; x_wconf 91' lang='lat' dir='ltr'><strong>in</strong></span> <span class='ocrx_word' id='word_1_547' title='bbox 2973 2479 3199 2550; x_wconf 86' lang='lat' dir='ltr'><strong>ipsoque</strong></span> <span class='ocrx_word' id='word_1_548' title='bbox 3224 2481 3420 2543; x_wconf 87' lang='lat' dir='ltr'><strong>medio,</strong></span> 
     </span>
    </p>
   </div>
   <div class='ocr_carea' id='block_1_86' title="bbox 2080 2566 3333 2641">
    <p class='ocr_par' dir='ltr' id='par_1_86' title="bbox 2080 2566 3333 2641">
     <span class='ocr_line' id='line_1_87' title="bbox 2080 2566 3333 2641; baseline 0.004 -19"><span class='ocrx_word' id='word_1_549' title='bbox 2080 2566 2387 2638; x_wconf 88' lang='lat' dir='ltr'><strong>Utrumque</strong></span> <span class='ocrx_word' id='word_1_550' title='bbox 2413 2571 2728 2641; x_wconf 88' lang='lat' dir='ltr'><strong>continetur</strong></span> <span class='ocrx_word' id='word_1_551' title='bbox 2760 2570 2815 2625; x_wconf 91' lang='lat' dir='ltr'><strong>in</strong></span> <span class='ocrx_word' id='word_1_552' title='bbox 2854 2573 3055 2641; x_wconf 90' lang='lat' dir='ltr'><strong>p0pulo</strong></span> <span class='ocrx_word' id='word_1_553' title='bbox 3090 2574 3333 2641; x_wconf 87' lang='lat' dir='ltr'><strong>optimo;</strong></span> 
     </span>
    </p>
   </div>
   <div class='ocr_carea' id='block_1_87' title="bbox 2082 2658 3429 2736">
    <p class='ocr_par' dir='ltr' id='par_1_87' title="bbox 2082 2658 3429 2736">
     <span class='ocr_line' id='line_1_88' title="bbox 2082 2658 3429 2736; baseline 0.007 -23"><span class='ocrx_word' id='word_1_554' title='bbox 2082 2658 2187 2714; x_wconf 89' lang='lat' dir='ltr'><strong>Sed</strong></span> <span class='ocrx_word' id='word_1_555' title='bbox 2214 2662 2502 2717; x_wconf 86' lang='lat' dir='ltr'><strong>continens</strong></span> <span class='ocrx_word' id='word_1_556' title='bbox 2530 2678 2656 2731; x_wconf 84' lang='lat' dir='ltr'><strong>pars</strong></span> <span class='ocrx_word' id='word_1_557' title='bbox 2688 2665 2795 2718; x_wconf 83' lang='lat' dir='ltr'><strong>vita</strong></span> <span class='ocrx_word' id='word_1_558' title='bbox 2828 2666 3095 2720; x_wconf 90' lang='lat' dir='ltr'><strong>tumulum</strong></span> <span class='ocrx_word' id='word_1_559' title='bbox 3126 2681 3235 2735; x_wconf 89' lang='lat' dir='ltr'><strong>quo</strong></span> <span class='ocrx_word' id='word_1_560' title='bbox 3261 2677 3429 2736; x_wconf 88' lang='lat' dir='ltr'><strong>patet,</strong></span> 
     </span>
    </p>
   </div>
   <div class='ocr_carea' id='block_1_88' title="bbox 2083 2748 3549 2826">
    <p class='ocr_par' dir='ltr' id='par_1_88' title="bbox 2083 2748 3549 2826">
     <span class='ocr_line' id='line_1_89' title="bbox 2083 2748 3549 2826; baseline 0.01 -25"><span class='ocrx_word' id='word_1_561' title='bbox 2083 2748 2389 2821; x_wconf 83' lang='lat' dir='ltr'><strong>Datumque</strong></span> <span class='ocrx_word' id='word_1_562' title='bbox 2426 2754 2758 2825; x_wconf 79' lang='lat' dir='ltr'><strong>longumque</strong></span> <span class='ocrx_word' id='word_1_563' title='bbox 2786 2772 2942 2826; x_wconf 73' lang='lat' dir='ltr'><strong>teque</strong></span> <span class='ocrx_word' id='word_1_564' title='bbox 2974 2757 3027 2812; x_wconf 92' lang='lat' dir='ltr'><strong>in</strong></span> <span class='ocrx_word' id='word_1_565' title='bbox 3054 2759 3208 2812; x_wconf 89' lang='lat' dir='ltr'><strong>orbis</strong></span> <span class='ocrx_word' id='word_1_566' title='bbox 3242 2760 3549 2823; x_wconf 58' lang='lat' dir='ltr'><strong>schemate,</strong></span> 
     </span>
    </p>
   </div>
   <div class='ocr_carea' id='block_1_89' title="bbox 2082 2841 3652 2920">
    <p class='ocr_par' dir='ltr' id='par_1_89' title="bbox 2082 2841 3652 2920">
     <span class='ocr_line' id='line_1_90' title="bbox 2082 2841 3652 2920; baseline 0.008 -25"><span class='ocrx_word' id='word_1_567' title='bbox 2082 2841 2197 2896; x_wconf 81' lang='lat' dir='ltr'><strong>Non</strong></span> <span class='ocrx_word' id='word_1_568' title='bbox 2231 2848 2437 2911; x_wconf 79' lang='lat' dir='ltr'><strong>apicem</strong></span> <span class='ocrx_word' id='word_1_569' title='bbox 2481 2847 2713 2901; x_wconf 85' lang='lat' dir='ltr'><strong>habente</strong></span> <span class='ocrx_word' id='word_1_570' title='bbox 2742 2847 2985 2904; x_wconf 86' lang='lat' dir='ltr'><strong>clausum</strong></span> <span class='ocrx_word' id='word_1_571' title='bbox 3030 2860 3085 2904; x_wconf 90' lang='lat' dir='ltr'><strong>ut</strong></span> <span class='ocrx_word' id='word_1_572' title='bbox 3121 2852 3174 2903; x_wconf 90' lang='lat' dir='ltr'><strong>in</strong></span> <span class='ocrx_word' id='word_1_573' title='bbox 3214 2853 3541 2920; x_wconf 74' lang='lat' dir='ltr'><strong>porticibus,</strong></span> <span class='ocrx_word' id='word_1_574' title='bbox 3595 2864 3652 2908; x_wconf 87' lang='lat' dir='ltr'><strong>at</strong></span> 
     </span>
    </p>
   </div>
   <div class='ocr_carea' id='block_1_90' title="bbox 2082 2933 3271 3011">
    <p class='ocr_par' dir='ltr' id='par_1_90' title="bbox 2082 2933 3271 3011">
     <span class='ocr_line' id='line_1_91' title="bbox 2082 2933 3271 3011; baseline 0.011 -26"><span class='ocrx_word' id='word_1_575' title='bbox 2082 2933 2368 3004; x_wconf 72' lang='lat' dir='ltr'><strong>AEqualem</strong></span> <span class='ocrx_word' id='word_1_576' title='bbox 2404 2938 2469 2991; x_wconf 89' lang='lat' dir='ltr'><strong>ab</strong></span> <span class='ocrx_word' id='word_1_577' title='bbox 2495 2938 2603 2993; x_wconf 88' lang='lat' dir='ltr'><strong>alto</strong></span> <span class='ocrx_word' id='word_1_578' title='bbox 2638 2940 2714 2995; x_wconf 88' lang='lat' dir='ltr'><strong>rei</strong></span> <span class='ocrx_word' id='word_1_579' title='bbox 2743 2941 2997 2997; x_wconf 86' lang='lat' dir='ltr'><strong>corollam</strong></span> <span class='ocrx_word' id='word_1_580' title='bbox 3017 2945 3271 3011; x_wconf 62' lang='lat' dir='ltr'><strong>conditas,</strong></span> 
     </span>
    </p>
   </div>
   <div class='ocr_carea' id='block_1_91' title="bbox 2086 3025 3305 3104">
    <p class='ocr_par' dir='ltr' id='par_1_91' title="bbox 2086 3025 3305 3104">
     <span class='ocr_line' id='line_1_92' title="bbox 2086 3025 3305 3104; baseline 0.009 -26"><span class='ocrx_word' id='word_1_581' title='bbox 2086 3025 2151 3079; x_wconf 87' lang='lat' dir='ltr'><strong>Et</strong></span> <span class='ocrx_word' id='word_1_582' title='bbox 2180 3026 2305 3081; x_wconf 88' lang='lat' dir='ltr'><strong>inde</strong></span> <span class='ocrx_word' id='word_1_583' title='bbox 2340 3028 2481 3099; x_wconf 82' lang='lat' dir='ltr'><strong>ligna</strong></span> <span class='ocrx_word' id='word_1_584' title='bbox 2505 3043 2689 3087; x_wconf 90' lang='lat' dir='ltr'><strong>erecta</strong></span> <span class='ocrx_word' id='word_1_585' title='bbox 2714 3048 2838 3088; x_wconf 89' lang='lat' dir='ltr'><strong>cum</strong></span> <span class='ocrx_word' id='word_1_586' title='bbox 2868 3034 3089 3104; x_wconf 88' lang='lat' dir='ltr'><strong>plumbo</strong></span> <span class='ocrx_word' id='word_1_587' title='bbox 3117 3037 3305 3101; x_wconf 88' lang='lat' dir='ltr'><strong>simul,</strong></span> 
     </span>
    </p>
   </div>
   <div class='ocr_carea' id='block_1_92' title="bbox 2004 3116 3448 3195">
    <p class='ocr_par' dir='ltr' id='par_1_92' title="bbox 2004 3116 3448 3195">
     <span class='ocr_line' id='line_1_93' title="bbox 2004 3116 3448 3195; baseline 0.007 -25"><span class='ocrx_word' id='word_1_588' title='bbox 2004 3136 2046 3195; x_wconf 73' lang='grc' dir='ltr'><strong>ρ</strong></span> <span class='ocrx_word' id='word_1_589' title='bbox 2087 3116 2342 3175; x_wconf 77' lang='lat' dir='ltr'><strong>Extrema</strong></span> <span class='ocrx_word' id='word_1_590' title='bbox 2372 3122 2645 3190; x_wconf 86' lang='lat' dir='ltr'><strong>superius,</strong></span> <span class='ocrx_word' id='word_1_591' title='bbox 2679 3123 2825 3192; x_wconf 78' lang='lat' dir='ltr'><strong>globi</strong></span> <span class='ocrx_word' id='word_1_592' title='bbox 2860 3125 3056 3190; x_wconf 87' lang='lat' dir='ltr'><strong>instar,</strong></span> <span class='ocrx_word' id='word_1_593' title='bbox 3093 3134 3153 3180; x_wconf 90' lang='lat' dir='ltr'><strong>ut</strong></span> <span class='ocrx_word' id='word_1_594' title='bbox 3183 3127 3448 3193; x_wconf 69' lang='lat' dir='ltr'><strong>haereant,</strong></span> 
     </span>
    </p>
   </div>
   <div class='ocr_carea' id='block_1_93' title="bbox 2086 3212 3374 3286">
    <p class='ocr_par' dir='ltr' id='par_1_93' title="bbox 2086 3212 3374 3286">
     <span class='ocr_line' id='line_1_94' title="bbox 2086 3212 3374 3286; baseline 0.005 -20"><span class='ocrx_word' id='word_1_595' title='bbox 2086 3212 2373 3267; x_wconf 88' lang='lat' dir='ltr'><strong>Structura</strong></span> <span class='ocrx_word' id='word_1_596' title='bbox 2411 3214 2534 3269; x_wconf 63' lang='lat' dir='ltr'><strong>caeli</strong></span> <span class='ocrx_word' id='word_1_597' title='bbox 2571 3230 2666 3284; x_wconf 90' lang='lat' dir='ltr'><strong>per</strong></span> <span class='ocrx_word' id='word_1_598' title='bbox 2700 3216 2882 3286; x_wconf 89' lang='lat' dir='ltr'><strong>polum</strong></span> <span class='ocrx_word' id='word_1_599' title='bbox 2922 3226 2980 3272; x_wconf 90' lang='lat' dir='ltr'><strong>ut</strong></span> <span class='ocrx_word' id='word_1_600' title='bbox 3001 3228 3253 3274; x_wconf 86' lang='lat' dir='ltr'><strong>contecta</strong></span> <span class='ocrx_word' id='word_1_601' title='bbox 3277 3221 3374 3285; x_wconf 85' lang='lat' dir='ltr'><strong>sit,</strong></span> 
     </span>
    </p>
   </div>
   <div class='ocr_carea' id='block_1_94' title="bbox 2088 3303 3310 3380">
    <p class='ocr_par' dir='ltr' id='par_1_94' title="bbox 2088 3303 3310 3380">
     <span class='ocr_line' id='line_1_95' title="bbox 2088 3303 3310 3380; baseline 0.005 -22"><span class='ocrx_word' id='word_1_602' title='bbox 2088 3303 2160 3359; x_wconf 64' lang='lat' dir='ltr'><strong>Ac</strong></span> <span class='ocrx_word' id='word_1_603' title='bbox 2191 3305 2507 3376; x_wconf 89' lang='lat' dir='ltr'><strong>neutiquam</strong></span> <span class='ocrx_word' id='word_1_604' title='bbox 2534 3308 2774 3365; x_wconf 85' lang='lat' dir='ltr'><strong>stillante</strong></span> <span class='ocrx_word' id='word_1_605' title='bbox 2801 3308 2983 3378; x_wconf 88' lang='lat' dir='ltr'><strong>pluvia</strong></span> <span class='ocrx_word' id='word_1_606' title='bbox 3013 3311 3265 3380; x_wconf 84' lang='lat' dir='ltr'><strong>perpluat</strong></span> <span class='ocrx_word' id='word_1_607' title='bbox 3294 3328 3310 3379; x_wconf 90' lang='lat'><strong>;</strong></span> 
     </span>
    </p>
   </div>
   <div class='ocr_carea' id='block_1_95' title="bbox 2085 3398 3444 3470">
    <p class='ocr_par' dir='ltr' id='par_1_95' title="bbox 2085 3398 3444 3470">
     <span class='ocr_line' id='line_1_96' title="bbox 2085 3398 3444 3470; baseline 0.005 -18"><span class='ocrx_word' id='word_1_608' title='bbox 2085 3398 2177 3453; x_wconf 80' lang='lat' dir='ltr'><strong>Sic</strong></span> <span class='ocrx_word' id='word_1_609' title='bbox 2204 3410 2397 3455; x_wconf 84' lang='lat' dir='ltr'><strong>cuncta</strong></span> <span class='ocrx_word' id='word_1_610' title='bbox 2422 3402 2605 3470; x_wconf 85' lang='lat' dir='ltr'><strong>templi</strong></span> <span class='ocrx_word' id='word_1_611' title='bbox 2639 3402 2691 3455; x_wconf 92' lang='lat' dir='ltr'><strong>in</strong></span> <span class='ocrx_word' id='word_1_612' title='bbox 2718 3403 2977 3458; x_wconf 88' lang='lat' dir='ltr'><strong>ambitum</strong></span> <span class='ocrx_word' id='word_1_613' title='bbox 3007 3404 3263 3459; x_wconf 80' lang='lat' dir='ltr'><strong>conclusa</strong></span> <span class='ocrx_word' id='word_1_614' title='bbox 3295 3416 3444 3459; x_wconf 89' lang='lat' dir='ltr'><strong>sunt.</strong></span> 
     </span>
    </p>
   </div>
   <div class='ocr_carea' id='block_1_96' title="bbox 2083 3491 3376 3550">
    <p class='ocr_par' dir='ltr' id='par_1_96' title="bbox 2083 3491 3376 3550">
     <span class='ocr_line' id='line_1_97' title="bbox 2083 3491 3376 3550; baseline 0.005 -6"><span class='ocrx_word' id='word_1_615' title='bbox 2083 3491 2141 3544; x_wconf 87' lang='lat' dir='ltr'><strong>lu</strong></span> <span class='ocrx_word' id='word_1_616' title='bbox 2180 3491 2391 3548; x_wconf 81' lang='lat' dir='ltr'><strong>Pronao</strong></span> <span class='ocrx_word' id='word_1_617' title='bbox 2424 3504 2603 3548; x_wconf 87' lang='lat' dir='ltr'><strong>autem</strong></span> <span class='ocrx_word' id='word_1_618' title='bbox 2637 3496 2898 3550; x_wconf 87' lang='lat' dir='ltr'><strong>memoria</strong></span> <span class='ocrx_word' id='word_1_619' title='bbox 2930 3503 3014 3550; x_wconf 90' lang='lat' dir='ltr'><strong>est</strong></span> <span class='ocrx_word' id='word_1_620' title='bbox 3044 3495 3231 3550; x_wconf 78' lang='lat' dir='ltr'><strong>fratris</strong></span> <span class='ocrx_word' id='word_1_621' title='bbox 3261 3494 3376 3550; x_wconf 84' lang='lat' dir='ltr'><strong>Dei.</strong></span> 
     </span>
    </p>
   </div>
   <div class='ocr_carea' id='block_1_97' title="bbox 2086 3583 3481 3657">
    <p class='ocr_par' dir='ltr' id='par_1_97' title="bbox 2086 3583 3481 3657">
     <span class='ocr_line' id='line_1_98' title="bbox 2086 3583 3481 3657; baseline 0.004 -20"><span class='ocrx_word' id='word_1_622' title='bbox 2086 3583 2221 3637; x_wconf 74' lang='lat' dir='ltr'><strong>Sunt</strong></span> <span class='ocrx_word' id='word_1_623' title='bbox 2250 3596 2379 3640; x_wconf 87' lang='lat' dir='ltr'><strong>ante</strong></span> <span class='ocrx_word' id='word_1_624' title='bbox 2414 3585 2638 3641; x_wconf 66' lang='lat' dir='ltr'><strong>Marthae</strong></span> <span class='ocrx_word' id='word_1_625' title='bbox 2669 3599 2832 3657; x_wconf 84' lang='lat' dir='ltr'><strong>atque</strong></span> <span class='ocrx_word' id='word_1_626' title='bbox 2862 3586 3047 3642; x_wconf 73' lang='lat' dir='ltr'><strong>Maria:</strong></span> <span class='ocrx_word' id='word_1_627' title='bbox 3085 3587 3430 3644; x_wconf 65' lang='lat' dir='ltr'><strong>domuncula}</strong></span> <span class='ocrx_word' id='word_1_628' title='bbox 3467 3606 3481 3643; x_wconf 90' lang='lat'><strong>:</strong></span> 
     </span>
    </p>
   </div>
   <div class='ocr_carea' id='block_1_98' title="bbox 2082 3677 3289 3751">
    <p class='ocr_par' dir='ltr' id='par_1_98' title="bbox 2082 3677 3289 3751">
     <span class='ocr_line' id='line_1_99' title="bbox 2082 3677 3289 3751; baseline 0.006 -20"><span class='ocrx_word' id='word_1_629' title='bbox 2082 3677 2360 3746; x_wconf 63' lang='lat' dir='ltr'><strong>:IZdesque</strong></span> <span class='ocrx_word' id='word_1_630' title='bbox 2386 3681 2582 3735; x_wconf 87' lang='lat' dir='ltr'><strong>secreti</strong></span> <span class='ocrx_word' id='word_1_631' title='bbox 2620 3682 2913 3751; x_wconf 87' lang='lat' dir='ltr'><strong>impiorum</strong></span> <span class='ocrx_word' id='word_1_632' title='bbox 2942 3690 3071 3737; x_wconf 92' lang='lat' dir='ltr'><strong>sunt</strong></span> <span class='ocrx_word' id='word_1_633' title='bbox 3103 3684 3289 3746; x_wconf 87' lang='lat' dir='ltr'><strong>modo,</strong></span> 
     </span>
    </p>
   </div>
   <div class='ocr_carea' id='block_1_99' title="bbox 2082 3773 3336 3847">
    <p class='ocr_par' dir='ltr' id='par_1_99' title="bbox 2082 3773 3336 3847">
     <span class='ocr_line' id='line_1_100' title="bbox 2082 3773 3336 3847; baseline 0.005 -23"><span class='ocrx_word' id='word_1_634' title='bbox 2082 3773 2430 3844; x_wconf 84' lang='lat' dir='ltr'><strong>Autiqnaque</strong></span> <span class='ocrx_word' id='word_1_635' title='bbox 2459 3775 2655 3829; x_wconf 89' lang='lat' dir='ltr'><strong>domus</strong></span> <span class='ocrx_word' id='word_1_636' title='bbox 2692 3776 3130 3845; x_wconf 59' lang='lat' dir='ltr'><strong>patriarcharum</strong></span> <span class='ocrx_word' id='word_1_637' title='bbox 3165 3777 3336 3847; x_wconf 86' lang='lat' dir='ltr'><strong>pium.</strong></span> 
     </span>
    </p>
   </div>
   <div class='ocr_carea' id='block_1_100' title="bbox 2083 3861 3004 3924">
    <p class='ocr_par' dir='ltr' id='par_1_100' title="bbox 2083 3861 3004 3924">
     <span class='ocr_line' id='line_1_101' title="bbox 2083 3861 3004 3924; baseline 0.007 -8"><span class='ocrx_word' id='word_1_638' title='bbox 2083 3861 2209 3917; x_wconf 85' lang='lat' dir='ltr'><strong>Fuit</strong></span> <span class='ocrx_word' id='word_1_639' title='bbox 2236 3868 2495 3920; x_wconf 87' lang='lat' dir='ltr'><strong>domicilii</strong></span> <span class='ocrx_word' id='word_1_640' title='bbox 2524 3868 2643 3921; x_wconf 89' lang='lat' dir='ltr'><strong>loco</strong></span> <span class='ocrx_word' id='word_1_641' title='bbox 2670 3868 3004 3924; x_wconf 83' lang='lat' dir='ltr'><strong>inﬁdelibus.</strong></span> 
     </span>
    </p>
   </div>
   <div class='ocr_carea' id='block_1_101' title="bbox 2084 3959 3147 4032">
    <p class='ocr_par' dir='ltr' id='par_1_101' title="bbox 2084 3959 3147 4032">
     <span class='ocr_line' id='line_1_102' title="bbox 2084 3959 3147 4032; baseline 0.006 -21"><span class='ocrx_word' id='word_1_642' title='bbox 2084 3959 2216 4012; x_wconf 84' lang='lat' dir='ltr'><strong>Dein</strong></span> <span class='ocrx_word' id='word_1_643' title='bbox 2242 3971 2396 4026; x_wconf 85' lang='lat' dir='ltr'><strong>parte</strong></span> <span class='ocrx_word' id='word_1_644' title='bbox 2428 3962 2481 4014; x_wconf 92' lang='lat' dir='ltr'><strong>in</strong></span> <span class='ocrx_word' id='word_1_645' title='bbox 2514 3962 2683 4016; x_wconf 85' lang='lat' dir='ltr'><strong>altera</strong></span> <span class='ocrx_word' id='word_1_646' title='bbox 2711 3963 2881 4016; x_wconf 76' lang='lat' dir='ltr'><strong>beatas</strong></span> <span class='ocrx_word' id='word_1_647' title='bbox 2910 3959 3147 4032; x_wconf 81' lang='lat' dir='ltr'><strong>Virginis</strong></span> 
     </span>
    </p>
   </div>
   <div class='ocr_carea' id='block_1_102' title="bbox 2088 4050 3123 4116">
    <p class='ocr_par' dir='ltr' id='par_1_102' title="bbox 2088 4050 3123 4116">
     <span class='ocr_line' id='line_1_103' title="bbox 2088 4050 3123 4116; baseline 0.004 -13"><span class='ocrx_word' id='word_1_648' title='bbox 2088 4050 2324 4105; x_wconf 76' lang='lat' dir='ltr'><strong>Ecclesia</strong></span> <span class='ocrx_word' id='word_1_649' title='bbox 2361 4062 2466 4116; x_wconf 87' lang='lat' dir='ltr'><strong>est,</strong></span> <span class='ocrx_word' id='word_1_650' title='bbox 2494 4052 2585 4106; x_wconf 91' lang='lat' dir='ltr'><strong>ubi</strong></span> <span class='ocrx_word' id='word_1_651' title='bbox 2623 4053 2868 4106; x_wconf 84' lang='lat' dir='ltr'><strong>sauciata</strong></span> <span class='ocrx_word' id='word_1_652' title='bbox 2909 4055 3123 4108; x_wconf 82' lang='lat' dir='ltr'><strong>viscera</strong></span> 
     </span>
    </p>
   </div>
   <div class='ocr_carea' id='block_1_103' title="bbox 2085 4140 3302 4215">
    <p class='ocr_par' dir='ltr' id='par_1_103' title="bbox 2085 4140 3302 4215">
     <span class='ocr_line' id='line_1_104' title="bbox 2085 4140 3302 4215; baseline 0.005 -20"><span class='ocrx_word' id='word_1_653' title='bbox 2085 4140 2242 4202; x_wconf 82' lang='lat' dir='ltr'><strong>Sunt.</strong></span> <span class='ocrx_word' id='word_1_654' title='bbox 2268 4143 2461 4196; x_wconf 83' lang='lat' dir='ltr'><strong>Filium</strong></span> <span class='ocrx_word' id='word_1_655' title='bbox 2490 4155 2879 4214; x_wconf 83' lang='lat' dir='ltr'><strong>auctoremque</strong></span> <span class='ocrx_word' id='word_1_656' title='bbox 2896 4144 3128 4215; x_wconf 75' lang='lat' dir='ltr'><strong>lugentis</strong></span> <span class='ocrx_word' id='word_1_657' title='bbox 3154 4146 3302 4201; x_wconf 89' lang='lat' dir='ltr'><strong>cruci</strong></span> 
     </span>
    </p>
   </div>
   <div class='ocr_carea' id='block_1_104' title="bbox 2083 4234 3360 4308">
    <p class='ocr_par' dir='ltr' id='par_1_104' title="bbox 2083 4234 3360 4308">
     <span class='ocr_line' id='line_1_105' title="bbox 2083 4234 3360 4308; baseline 0.005 -20"><span class='ocrx_word' id='word_1_658' title='bbox 2083 4234 2298 4289; x_wconf 81' lang='lat' dir='ltr'><strong>Fixum.</strong></span> <span class='ocrx_word' id='word_1_659' title='bbox 2326 4237 2432 4291; x_wconf 86' lang='lat' dir='ltr'><strong>Sed</strong></span> <span class='ocrx_word' id='word_1_660' title='bbox 2464 4253 2718 4293; x_wconf 88' lang='lat' dir='ltr'><strong>occasum</strong></span> <span class='ocrx_word' id='word_1_661' title='bbox 2751 4241 2817 4292; x_wconf 90' lang='lat' dir='ltr'><strong>ad</strong></span> <span class='ocrx_word' id='word_1_662' title='bbox 2846 4240 3022 4308; x_wconf 90' lang='lat' dir='ltr'><strong>ipsum</strong></span> <span class='ocrx_word' id='word_1_663' title='bbox 3048 4248 3104 4293; x_wconf 90' lang='lat' dir='ltr'><strong>et</strong></span> <span class='ocrx_word' id='word_1_664' title='bbox 3133 4240 3360 4307; x_wconf 71' lang='lat' dir='ltr'><strong>moenia,</strong></span> 
     </span>
    </p>
   </div>
   <div class='ocr_carea' id='block_1_105' title="bbox 2082 4326 3176 4399">
    <p class='ocr_par' dir='ltr' id='par_1_105' title="bbox 2082 4326 3176 4399">
     <span class='ocr_line' id='line_1_106' title="bbox 2082 4326 3176 4399; baseline 0.003 -19"><span class='ocrx_word' id='word_1_665' title='bbox 2082 4326 2276 4385; x_wconf 78' lang='lat' dir='ltr'><strong>Palatii</strong></span> <span class='ocrx_word' id='word_1_666' title='bbox 2310 4330 2477 4385; x_wconf 84' lang='lat' dir='ltr'><strong>David</strong></span> <span class='ocrx_word' id='word_1_667' title='bbox 2508 4330 2753 4399; x_wconf 67' lang='lat' dir='ltr'><strong>reliquiae</strong></span> <span class='ocrx_word' id='word_1_668' title='bbox 2785 4332 2869 4385; x_wconf 89' lang='lat' dir='ltr'><strong>his</strong></span> <span class='ocrx_word' id='word_1_669' title='bbox 2900 4330 3176 4399; x_wconf 85' lang='lat' dir='ltr'><strong>adjacent,</strong></span> 
     </span>
    </p>
   </div>
   <div class='ocr_carea' id='block_1_106' title="bbox 2085 4422 3146 4492">
    <p class='ocr_par' dir='ltr' id='par_1_106' title="bbox 2085 4422 3146 4492">
     <span class='ocr_line' id='line_1_107' title="bbox 2085 4422 3146 4492; baseline 0.003 -16"><span class='ocrx_word' id='word_1_670' title='bbox 2085 4423 2166 4476; x_wconf 85' lang='lat' dir='ltr'><strong>Ah</strong></span> <span class='ocrx_word' id='word_1_671' title='bbox 2208 4422 2498 4492; x_wconf 86' lang='lat' dir='ltr'><strong>impiisque</strong></span> <span class='ocrx_word' id='word_1_672' title='bbox 2523 4424 2894 4492; x_wconf 84' lang='lat' dir='ltr'><strong>possidentur,</strong></span> <span class='ocrx_word' id='word_1_673' title='bbox 2933 4424 3146 4479; x_wconf 87' lang='lat' dir='ltr'><strong>utalia.</strong></span> 
     </span>
    </p>
   </div>
   <div class='ocr_carea' id='block_1_107' title="bbox 2085 4514 3310 4586">
    <p class='ocr_par' dir='ltr' id='par_1_107' title="bbox 2085 4514 3310 4586">
     <span class='ocr_line' id='line_1_108' title="bbox 2085 4514 3310 4586; baseline 0.004 -20"><span class='ocrx_word' id='word_1_674' title='bbox 2085 4514 2166 4566; x_wconf 86' lang='lat' dir='ltr'><strong>Ad</strong></span> <span class='ocrx_word' id='word_1_675' title='bbox 2200 4514 2337 4580; x_wconf 65' lang='lat' dir='ltr'><strong>haec,</strong></span> <span class='ocrx_word' id='word_1_676' title='bbox 2369 4516 2439 4570; x_wconf 89' lang='lat' dir='ltr'><strong>ab</strong></span> <span class='ocrx_word' id='word_1_677' title='bbox 2476 4516 2730 4570; x_wconf 83' lang='lat' dir='ltr'><strong>orientali</strong></span> <span class='ocrx_word' id='word_1_678' title='bbox 2760 4516 2886 4571; x_wconf 88' lang='lat' dir='ltr'><strong>item</strong></span> <span class='ocrx_word' id='word_1_679' title='bbox 2915 4527 3069 4586; x_wconf 90' lang='lat' dir='ltr'><strong>parte</strong></span> <span class='ocrx_word' id='word_1_680' title='bbox 3099 4515 3310 4586; x_wconf 83' lang='lat' dir='ltr'><strong>Oppidi,</strong></span> 
     </span>
    </p>
   </div>
   <div class='ocr_carea' id='block_1_108' title="bbox 2088 4609 3508 4683">
    <p class='ocr_par' dir='ltr' id='par_1_108' title="bbox 2088 4609 3508 4683">
     <span class='ocr_line' id='line_1_109' title="bbox 2088 4609 3508 4683; baseline -0.001 -20"><span class='ocrx_word' id='word_1_681' title='bbox 2088 4609 2389 4666; x_wconf 81' lang='lat' dir='ltr'><strong>Mirabilem</strong></span> <span class='ocrx_word' id='word_1_682' title='bbox 2414 4622 2653 4683; x_wconf 87' lang='lat' dir='ltr'><strong>portam,</strong></span> <span class='ocrx_word' id='word_1_683' title='bbox 2686 4628 2802 4666; x_wconf 78' lang='lat' dir='ltr'><strong>aevo</strong></span> <span class='ocrx_word' id='word_1_684' title='bbox 2835 4616 2904 4666; x_wconf 89' lang='lat' dir='ltr'><strong>ab</strong></span> <span class='ocrx_word' id='word_1_685' title='bbox 2941 4612 3206 4680; x_wconf 83' lang='lat' dir='ltr'><strong>omnique</strong></span> <span class='ocrx_word' id='word_1_686' title='bbox 3238 4611 3508 4675; x_wconf 84' lang='lat' dir='ltr'><strong>obditam,</strong></span> 
     </span>
    </p>
   </div>
   <div class='ocr_carea' id='block_1_109' title="bbox 2084 4703 3341 4776">
    <p class='ocr_par' dir='ltr' id='par_1_109' title="bbox 2084 4703 3341 4776">
     <span class='ocr_line' id='line_1_110' title="bbox 2084 4703 3341 4776; baseline -0.002 -16"><span class='ocrx_word' id='word_1_687' title='bbox 2084 4704 2412 4774; x_wconf 85' lang='lat' dir='ltr'><strong>Iutpervium</strong></span> <span class='ocrx_word' id='word_1_688' title='bbox 2443 4707 2509 4759; x_wconf 90' lang='lat' dir='ltr'><strong>ad</strong></span> <span class='ocrx_word' id='word_1_689' title='bbox 2536 4705 2713 4759; x_wconf 88' lang='lat' dir='ltr'><strong>locum</strong></span> <span class='ocrx_word' id='word_1_690' title='bbox 2751 4708 2975 4776; x_wconf 61' lang='lat' dir='ltr'><strong>integrae</strong></span> <span class='ocrx_word' id='word_1_691' title='bbox 3004 4703 3195 4758; x_wconf 78' lang='lat' dir='ltr'><strong>Matris</strong></span> <span class='ocrx_word' id='word_1_692' title='bbox 3220 4703 3341 4766; x_wconf 89' lang='lat' dir='ltr'><strong>Dei,</strong></span> 
     </span>
    </p>
   </div>
   <div class='ocr_carea' id='block_1_110' title="bbox 2084 4796 3482 4869">
    <p class='ocr_par' dir='ltr' id='par_1_110' title="bbox 2084 4796 3482 4869">
     <span class='ocr_line' id='line_1_111' title="bbox 2084 4796 3482 4869; baseline 0 -18"><span class='ocrx_word' id='word_1_693' title='bbox 2084 4796 2258 4863; x_wconf 86' lang='lat' dir='ltr'><strong>Quam</strong></span> <span class='ocrx_word' id='word_1_694' title='bbox 2283 4799 2411 4853; x_wconf 87' lang='lat' dir='ltr'><strong>olim</strong></span> <span class='ocrx_word' id='word_1_695' title='bbox 2449 4800 2776 4869; x_wconf 87' lang='lat' dir='ltr'><strong>quibusdam</strong></span> <span class='ocrx_word' id='word_1_696' title='bbox 2805 4798 3019 4868; x_wconf 82' lang='lat' dir='ltr'><strong>aperire</strong></span> <span class='ocrx_word' id='word_1_697' title='bbox 3058 4798 3482 4863; x_wconf 79' lang='lat' dir='ltr'><strong>conlidentibus,</strong></span> 
     </span>
    </p>
   </div>
   <div class='ocr_carea' id='block_1_111' title="bbox 2086 4889 3488 4963">
    <p class='ocr_par' dir='ltr' id='par_1_111' title="bbox 2086 4889 3488 4963">
     <span class='ocr_line' id='line_1_112' title="bbox 2086 4889 3488 4963; baseline 0.003 -17"><span class='ocrx_word' id='word_1_698' title='bbox 2086 4889 2289 4947; x_wconf 85' lang='lat' dir='ltr'><strong>Urbem</strong></span> <span class='ocrx_word' id='word_1_699' title='bbox 2311 4891 2495 4947; x_wconf 80' lang='lat' dir='ltr'><strong>ferunt</strong></span> <span class='ocrx_word' id='word_1_700' title='bbox 2529 4901 2736 4946; x_wconf 90' lang='lat' dir='ltr'><strong>motam</strong></span> <span class='ocrx_word' id='word_1_701' title='bbox 2766 4902 2931 4963; x_wconf 85' lang='lat' dir='ltr'><strong>atque</strong></span> <span class='ocrx_word' id='word_1_702' title='bbox 2962 4901 3280 4961; x_wconf 86' lang='lat' dir='ltr'><strong>quassatam</strong></span> <span class='ocrx_word' id='word_1_703' title='bbox 3316 4894 3488 4960; x_wconf 87' lang='lat' dir='ltr'><strong>illico,</strong></span> 
     </span>
    </p>
   </div>
   <div class='ocr_carea' id='block_1_112' title="bbox 2084 4982 3121 5050">
    <p class='ocr_par' dir='ltr' id='par_1_112' title="bbox 2084 4982 3121 5050">
     <span class='ocr_line' id='line_1_113' title="bbox 2084 4982 3121 5050; baseline 0.004 -13"><span class='ocrx_word' id='word_1_704' title='bbox 2084 4982 2307 5041; x_wconf 87' lang='lat' dir='ltr'><strong>Perisse</strong></span> <span class='ocrx_word' id='word_1_705' title='bbox 2329 4984 2489 5039; x_wconf 89' lang='lat' dir='ltr'><strong>simul</strong></span> <span class='ocrx_word' id='word_1_706' title='bbox 2522 4992 2577 5040; x_wconf 85' lang='lat' dir='ltr'><strong>et</strong></span> <span class='ocrx_word' id='word_1_707' title='bbox 2607 4986 2845 5040; x_wconf 85' lang='lat' dir='ltr'><strong>civitatis</strong></span> <span class='ocrx_word' id='word_1_708' title='bbox 2886 4986 3121 5050; x_wconf 88' lang='lat' dir='ltr'><strong>incolas,</strong></span> 
     </span>
    </p>
   </div>
   <div class='ocr_carea' id='block_1_113' title="bbox 2088 5076 3237 5149">
    <p class='ocr_par' dir='ltr' id='par_1_113' title="bbox 2088 5076 3237 5149">
     <span class='ocr_line' id='line_1_114' title="bbox 2088 5076 3237 5149; baseline 0.003 -18"><span class='ocrx_word' id='word_1_709' title='bbox 2088 5076 2300 5133; x_wconf 89' lang='lat' dir='ltr'><strong>Stultos</strong></span> <span class='ocrx_word' id='word_1_710' title='bbox 2331 5077 2427 5134; x_wconf 90' lang='lat' dir='ltr'><strong>Dei</strong></span> <span class='ocrx_word' id='word_1_711' title='bbox 2451 5093 2557 5149; x_wconf 88' lang='lat' dir='ltr'><strong>ope</strong></span> <span class='ocrx_word' id='word_1_712' title='bbox 2587 5082 2654 5134; x_wconf 87' lang='lat' dir='ltr'><strong>ab</strong></span> <span class='ocrx_word' id='word_1_713' title='bbox 2680 5079 2907 5134; x_wconf 88' lang='lat' dir='ltr'><strong>audacia</strong></span> <span class='ocrx_word' id='word_1_714' title='bbox 2939 5081 3237 5136; x_wconf 87' lang='lat' dir='ltr'><strong>coercitos.</strong></span> 
     </span>
    </p>
   </div>
   <div class='ocr_carea' id='block_1_114' title="bbox 2085 5168 3428 5238">
    <p class='ocr_par' dir='ltr' id='par_1_114' title="bbox 2085 5168 3428 5238">
     <span class='ocr_line' id='line_1_115' title="bbox 2085 5168 3428 5238; baseline 0.001 -15"><span class='ocrx_word' id='word_1_715' title='bbox 2085 5168 2143 5223; x_wconf 90' lang='lat' dir='ltr'><strong>Si</strong></span> <span class='ocrx_word' id='word_1_716' title='bbox 2178 5169 2396 5238; x_wconf 89' lang='lat' dir='ltr'><strong>paulum</strong></span> <span class='ocrx_word' id='word_1_717' title='bbox 2437 5172 2505 5224; x_wconf 84' lang='lat' dir='ltr'><strong>ab</strong></span> <span class='ocrx_word' id='word_1_718' title='bbox 2538 5171 2640 5225; x_wconf 87' lang='lat' dir='ltr'><strong>hac</strong></span> <span class='ocrx_word' id='word_1_719' title='bbox 2675 5170 2970 5227; x_wconf 87' lang='lat' dir='ltr'><strong>recesseris</strong></span> <span class='ocrx_word' id='word_1_720' title='bbox 2997 5173 3097 5227; x_wconf 90' lang='lat' dir='ltr'><strong>sub</strong></span> <span class='ocrx_word' id='word_1_721' title='bbox 3131 5172 3428 5231; x_wconf 66' lang='lat' dir='ltr'><strong>moenibus.</strong></span> 
     </span>
    </p>
   </div>
   <div class='ocr_carea' id='block_1_115' title="bbox 2082 5260 3242 5334">
    <p class='ocr_par' dir='ltr' id='par_1_115' title="bbox 2082 5260 3242 5334">
     <span class='ocr_line' id='line_1_116' title="bbox 2082 5260 3242 5334; baseline 0.001 -17"><span class='ocrx_word' id='word_1_722' title='bbox 2082 5260 2287 5317; x_wconf 84' lang='lat' dir='ltr'><strong>Cerues</strong></span> <span class='ocrx_word' id='word_1_723' title='bbox 2319 5262 2513 5319; x_wconf 88' lang='lat' dir='ltr'><strong>domos</strong></span> <span class='ocrx_word' id='word_1_724' title='bbox 2545 5263 2901 5329; x_wconf 79' lang='lat' dir='ltr'><strong>nefariorum,</strong></span> <span class='ocrx_word' id='word_1_725' title='bbox 2934 5264 3023 5334; x_wconf 90' lang='lat' dir='ltr'><strong>qui</strong></span> <span class='ocrx_word' id='word_1_726' title='bbox 3056 5277 3242 5320; x_wconf 85' lang='lat' dir='ltr'><strong>necem</strong></span> 
     </span>
    </p>
   </div>
   <div class='ocr_carea' id='block_1_116' title="bbox 2085 5354 3293 5425">
    <p class='ocr_par' dir='ltr' id='par_1_116' title="bbox 2085 5354 3293 5425">
     <span class='ocr_line' id='line_1_117' title="bbox 2085 5354 3293 5425; baseline 0.001 -16"><span class='ocrx_word' id='word_1_727' title='bbox 2085 5354 2314 5411; x_wconf 91' lang='lat' dir='ltr'><strong>Subiere</strong></span> <span class='ocrx_word' id='word_1_728' title='bbox 2352 5356 2583 5421; x_wconf 71' lang='lat' dir='ltr'><strong>Josedas,</strong></span> <span class='ocrx_word' id='word_1_729' title='bbox 2618 5357 3027 5412; x_wconf 80' lang='lat' dir='ltr'><strong>idololatrarum</strong></span> <span class='ocrx_word' id='word_1_730' title='bbox 3055 5371 3293 5425; x_wconf 90' lang='lat' dir='ltr'><strong>quoque,</strong></span> 
     </span>
    </p>
   </div>
   <div class='ocr_carea' id='block_1_117' title="bbox 2083 5446 3289 5516">
    <p class='ocr_par' dir='ltr' id='par_1_117' title="bbox 2083 5446 3289 5516">
     <span class='ocr_line' id='line_1_118' title="bbox 2083 5446 3289 5516; baseline -0.002 -15"><span class='ocrx_word' id='word_1_731' title='bbox 2083 5446 2348 5503; x_wconf 85' lang='lat' dir='ltr'><strong>Precibus</strong></span> <span class='ocrx_word' id='word_1_732' title='bbox 2372 5463 2529 5501; x_wconf 84' lang='lat' dir='ltr'><strong>sacra</strong></span> <span class='ocrx_word' id='word_1_733' title='bbox 2556 5446 2921 5502; x_wconf 80' lang='lat' dir='ltr'><strong>Melchisedec</strong></span> <span class='ocrx_word' id='word_1_734' title='bbox 2942 5447 3114 5516; x_wconf 89' lang='lat' dir='ltr'><strong>stirpe</strong></span> <span class='ocrx_word' id='word_1_735' title='bbox 3138 5447 3289 5500; x_wconf 87' lang='lat' dir='ltr'><strong>editi.</strong></span> 
     </span>
    </p>
   </div>
   <div class='ocr_carea' id='block_1_118' title="bbox 2082 5534 3377 5607">
    <p class='ocr_par' dir='ltr' id='par_1_118' title="bbox 2082 5534 3377 5607">
     <span class='ocr_line' id='line_1_119' title="bbox 2082 5534 3377 5607; baseline -0.002 -15"><span class='ocrx_word' id='word_1_736' title='bbox 2082 5537 2417 5607; x_wconf 85' lang='lat' dir='ltr'><strong>Campestris</strong></span> <span class='ocrx_word' id='word_1_737' title='bbox 2453 5537 2578 5592; x_wconf 90' lang='lat' dir='ltr'><strong>hinc</strong></span> <span class='ocrx_word' id='word_1_738' title='bbox 2603 5536 2914 5592; x_wconf 85' lang='lat' dir='ltr'><strong>Salomonis</strong></span> <span class='ocrx_word' id='word_1_739' title='bbox 2940 5536 3071 5591; x_wconf 67' lang='lat' dir='ltr'><strong>aedis</strong></span> <span class='ocrx_word' id='word_1_740' title='bbox 3093 5545 3175 5591; x_wconf 89' lang='lat' dir='ltr'><strong>est</strong></span> <span class='ocrx_word' id='word_1_741' title='bbox 3206 5534 3377 5602; x_wconf 75' lang='lat' dir='ltr'><strong>locus,</strong></span> 
     </span>
    </p>
   </div>
   <div class='ocr_carea' id='block_1_119' title="bbox 2085 5627 3375 5700">
    <p class='ocr_par' dir='ltr' id='par_1_119' title="bbox 2085 5627 3375 5700">
     <span class='ocr_line' id='line_1_120' title="bbox 2085 5627 3375 5700; baseline -0.001 -17"><span class='ocrx_word' id='word_1_742' title='bbox 2085 5629 2162 5685; x_wconf 87' lang='lat' dir='ltr'><strong>lbi</strong></span> <span class='ocrx_word' id='word_1_743' title='bbox 2196 5631 2335 5684; x_wconf 91' lang='lat' dir='ltr'><strong>haud</strong></span> <span class='ocrx_word' id='word_1_744' title='bbox 2368 5631 2520 5685; x_wconf 89' lang='lat' dir='ltr'><strong>stetit</strong></span> <span class='ocrx_word' id='word_1_745' title='bbox 2547 5646 2737 5685; x_wconf 81' lang='lat' dir='ltr'><strong>saxum</strong></span> <span class='ocrx_word' id='word_1_746' title='bbox 2769 5645 2935 5700; x_wconf 87' lang='lat' dir='ltr'><strong>super</strong></span> <span class='ocrx_word' id='word_1_747' title='bbox 2959 5643 3151 5683; x_wconf 82' lang='lat' dir='ltr'><strong>saxum</strong></span> <span class='ocrx_word' id='word_1_748' title='bbox 3184 5642 3250 5683; x_wconf 79' lang='lat' dir='ltr'><strong>ex</strong></span> <span class='ocrx_word' id='word_1_749' title='bbox 3280 5627 3375 5683; x_wconf 81' lang='lat' dir='ltr'><strong>Dei</strong></span> 
     </span>
    </p>
   </div>
   <div class='ocr_carea' id='block_1_120' title="bbox 2085 5720 3302 5793">
    <p class='ocr_par' dir='ltr' id='par_1_120' title="bbox 2085 5720 3302 5793">
     <span class='ocr_line' id='line_1_121' title="bbox 2085 5720 3302 5793; baseline -0.003 -14"><span class='ocrx_word' id='word_1_750' title='bbox 2085 5722 2273 5793; x_wconf 89' lang='lat' dir='ltr'><strong>Dicto;</strong></span> <span class='ocrx_word' id='word_1_751' title='bbox 2300 5732 2386 5781; x_wconf 88' lang='lat' dir='ltr'><strong>ast</strong></span> <span class='ocrx_word' id='word_1_752' title='bbox 2419 5726 2473 5780; x_wconf 92' lang='lat' dir='ltr'><strong>in</strong></span> <span class='ocrx_word' id='word_1_753' title='bbox 2509 5725 2612 5781; x_wconf 90' lang='lat' dir='ltr'><strong>hoc</strong></span> <span class='ocrx_word' id='word_1_754' title='bbox 2645 5722 2800 5778; x_wconf 87' lang='lat' dir='ltr'><strong>fuere</strong></span> <span class='ocrx_word' id='word_1_755' title='bbox 2827 5731 3014 5780; x_wconf 87' lang='lat' dir='ltr'><strong>sancta</strong></span> <span class='ocrx_word' id='word_1_756' title='bbox 3044 5720 3302 5787; x_wconf 88' lang='lat' dir='ltr'><strong>numinis,</strong></span> 
     </span>
    </p>
   </div>
   <div class='ocr_carea' id='block_1_121' title="bbox 2086 5815 3325 5910">
    <p class='ocr_par' dir='ltr' id='par_1_121' title="bbox 2086 5815 3325 5910">
     <span class='ocr_line' id='line_1_122' title="bbox 2086 5815 3325 5910; baseline -0.004 -34"><span class='ocrx_word' id='word_1_757' title='bbox 2086 5818 2465 5910; x_wconf 73' lang='lat' dir='ltr'><strong>Pulcherrima</strong></span> <span class='ocrx_word' id='word_1_758' title='bbox 2486 5818 2541 5876; x_wconf 90' lang='lat' dir='ltr'><strong>in</strong></span> <span class='ocrx_word' id='word_1_759' title='bbox 2569 5818 2794 5891; x_wconf 84' lang='lat' dir='ltr'><strong>templo,</strong></span> <span class='ocrx_word' id='word_1_760' title='bbox 2813 5816 2931 5889; x_wconf 85' lang='lat' dir='ltr'><strong>pari</strong></span> <span class='ocrx_word' id='word_1_761' title='bbox 2958 5816 3137 5889; x_wconf 85' lang='lat' dir='ltr'><strong>jubari</strong></span> <span class='ocrx_word' id='word_1_762' title='bbox 3167 5815 3275 5888; x_wconf 91' lang='lat' dir='ltr'><strong>poli</strong></span> <span class='ocrx_word' id='word_1_763' title='bbox 3310 5831 3325 5871; x_wconf 88' lang='lat'><strong>:</strong></span> 
     </span>
    </p>
   </div>
  </div>
