4042 6402
412 398 517 461 967

415 514 567 568 Intus
601 513 798 567 decore
837 509 1087 564 radiante
1114 514 1168 561 ει
1205 515 1359 560 extra
1390 503 1677 575 splendido

409 605 702 675 Aptissima
735 612 1029 661 structura.
1061 613 1226 670 opere
1251 596 1528 664 Mosaico;

408 698 477 750 At
505 698 664 751 modo
692 694 1069 765 Agarenorum
1108 704 1236 746 casa
1270 698 1355 745 est
1384 689 1710 747 foedissima.

409 790 587 845 Statio
616 789 776 859 prius
812 802 935 841 cum
964 793 1107 839 esset
1135 792 1472 839 sacratorum
1504 780 1726 852 pedum,

412 879 617 935 Pedum
655 878 1012 947 profanorum
1046 874 1416 946 pavimentum
1454 871 1613 926 modo
1639 879 1747 926 εει.

414 970 801 1028 Verumtamen
839 985 947 1024 non
976 975 1162 1023 cessat
1201 965 1440 1021 ambitus
1472 965 1671 1019 decens

413 1165 639 1229 llorum,
679 1173 742 1219 ut
767 1164 936 1219 decus
969 1163 1165 1217 mirum
1202 1167 1488 1216 exstruant
1515 1157 1847 1214 stridentium
1875 1198 1887 1221 ,

418 1254 488 1310 Ut
517 1270 700 1315 aream
732 1262 979 1309 sternant
1008 1252 1206 1320 lapillis
1234 1251 1526 1305 marmoris

414 1348 495 1400 Ab
519 1345 813 1414 opiﬁcibus
855 1354 907 1400 et
938 1359 969 1398 a
998 1343 1189 1412 peritis
1221 1342 1459 1408 latomis,

416 1435 580 1489 Multa
617 1434 995 1510 ministrorum
1024 1433 1322 1503 peritorum
1352 1446 1537 1495 manu,

413 1527 580 1593 Qneis
613 1534 955 1599 menstruum
982 1535 1245 1581 statutum
1284 1533 1402 1579 erat
1427 1522 1754 1593 Stipendium

414 1618 653 1687 [Equum
683 1633 972 1673 numerum
1007 1627 1388 1686 argenteorum
1416 1625 1654 1684 quatuor
1686 1630 1699 1667 :

412 1708 639 1764 Videtur
670 1710 774 1766 hoc
808 1710 944 1764 mira
972 1710 1112 1763 inter
1144 1707 1303 1761 alma:
1337 1704 1601 1776 Virginis.

417 1802 564 1856 Pone
589 1801 749 1870 hujus
775 1800 910 1856 aedis
935 1810 1021 1856 est
1053 1799 1202 1855 aliud
1236 1798 1366 1852 item
1398 1813 1640 1862 sacrum,

410 1892 494 1946 Ad
522 1891 664 1962 quod
700 1889 960 1948 Dominus
995 1900 1054 1946 ut
1078 1890 1227 1946 venit
1254 1890 1477 1945 indutus
1501 1891 1799 1955 hominem,

416 1986 624 2041 Sedens
646 1985 877 2041 docebat
903 1984 1163 2055 populum
1193 1983 1259 2037 ad
1289 1997 1439 2036 aram
1475 1984 1794 2054 supplicem.

410 2075 486 2130 lbi
512 2086 706 2145 puteus
739 2075 1111 2131 miserationis
1141 2082 1225 2131 est
1256 2087 1428 2142 aquae.

412 2167 643 2224 Inferius
668 2168 756 2223 his
785 2167 999 2225 illustre
1034 2169 1295 2240 templum
1327 2182 1410 2226 est
1436 2169 1668 2239 hospitis

410 2261 503 2317 Dei
531 2280 546 2329 ;
577 2277 877 2319 coruscans
916 2262 1153 2332 undique
1179 2277 1210 2317 e
1236 2263 1453 2332 plumbo
1490 2272 1751 2331 estapex.

409 2356 536 2413 llaec
562 2359 873 2413 detinentur
900 2358 1066 2413 etiam
1098 2359 1167 2413 ab
1195 2358 1377 2429 impiis
1414 2359 1551 2413 loea.

407 2450 554 2504 Intra
590 2450 846 2520 oppidum
881 2448 1132 2505 miranda
1162 2460 1290 2503 sunt
1312 2450 1429 2505 hme
1454 2448 1691 2505 scilicet.

406 2541 569 2611 Atqui
606 2554 828 2595 necesse
876 2549 961 2595 est
996 2541 1275 2611 persequi,
1300 2557 1422 2613 qua:
1452 2551 1628 2609 extra,
1662 2555 1874 2611 quoque
1904 2559 1917 2595 :

407 2631 475 2684 Et
504 2632 570 2685 ab
603 2628 827 2685 Oriente
858 2630 1059 2686 ducere
1088 2630 1303 2686 initium
1336 2632 1512 2686 decet.

410 2718 562 2772 Mons
597 2727 681 2773 est
715 2716 947 2787 pusillus
963 2732 1123 2788 quem
1167 2720 1265 2774 abs
1291 2718 1504 2775 Oliveto
1529 2725 1747 2786 vocant,

411 2808 529 2863 Non
565 2820 710 2864 recta
744 2811 811 2865 ad
840 2823 1116 2878 auroram,
1143 2812 1239 2865 sed
1260 2812 1477 2882 oblique
1518 2814 1660 2869 situs
1692 2829 1706 2868 :

412 2900 689 2955 Dimensio
714 2902 911 2971 exigua
951 2911 1059 2965 est,
1092 2912 1372 2973 petrosum
1400 2919 1465 2959 ac
1497 2906 1701 2961 solum.

407 2989 503 3045 Est
534 2990 735 3062 quippe
764 2989 1104 3062 longitudine
1139 2993 1305 3050 duum
1346 2994 1596 3052 millium.

406 3081 544 3138 Huic
573 3082 889 3139 rectilineus
907 3093 993 3140 est
1024 3098 1187 3154 apex,
1219 3101 1318 3141 nec
1344 3096 1536 3143 acutus
1560 3096 1666 3144 est.

404 3176 461 3231 In
489 3185 641 3247 parte
665 3176 821 3247 cujus
851 3178 918 3234 ad
946 3179 1362 3249 aquilonemjest
1387 3180 1633 3247 Galilaea,

407 3268 522 3335 Qua
560 3280 911 3327 transeuntes
937 3274 1193 3329 viderunt
1224 3271 1503 3329 Christum
1530 3274 1627 3345 pii.

404 3363 484 3416 Ac
512 3362 747 3418 dirutum
780 3362 1038 3434 templum
1063 3374 1147 3421 est
1177 3365 1245 3420 ab
1273 3365 1516 3421 externis
1540 3365 1693 3433 viris,

405 3450 512 3504 Sed
549 3451 773 3506 arbores
797 3460 853 3506 et
889 3451 1141 3521 palmites
1168 3453 1380 3509 fructus
1408 3452 1632 3522 ferunt;

405 3543 489 3595 Ad
518 3541 763 3596 intimam
789 3544 1131 3614 mediamque
1159 3545 1483 3615 particulam
1511 3547 1649 3618 jngi,

405 3630 744 3688 chundum
777 3632 1038 3690 olivetum
1068 3649 1233 3706 supra
1263 3646 1471 3692 natura:
1503 3653 1677 3707 opus;

408 3723 612 3779 Saxum
641 3734 720 3788 et,
752 3724 937 3780 docuit
966 3727 1017 3780 in
1046 3741 1157 3796 quo
1184 3728 1381 3783 sedens
1411 3738 1616 3797 mystas
1640 3744 1775 3787 suos

403 3816 690 3881 Christus;
722 3816 971 3888 silexque
991 3816 1129 3873 alter
1150 3833 1341 3887 prope,
1371 3818 1515 3873 unde
1543 3830 1859 3893 assumptus
1882 3834 1987 3880 est.

403 3908 483 3963 lbi
510 3915 716 3963 structa
745 3921 899 3964 sacra
923 3909 1087 3975 aedes,
1115 3916 1328 3964 retenta
1375 3910 1669 3978 barbaris;

402 4000 667 4054 Decorata
695 4000 969 4069 praeclaris
1004 3999 1271 4055 columnis
1297 4010 1353 4057 et
1381 4003 1558 4072 stylis.

401 4093 484 4148 Ad
519 4093 766 4163 hancque
798 4092 1085 4165 Synagoga
1113 4101 1194 4148 est
1221 4095 1582 4168 coacta,(pro
1612 4094 1769 4155 dalor
1801 4099 1844 4171 Ι)

404 4181 491 4236 Ab
528 4196 652 4237 area
684 4182 798 4251 illa,
835 4182 938 4239 sub
972 4184 1063 4239 dio
1095 4186 1467 4254 statporticus

404 4270 571 4329 Tecta
596 4288 784 4345 prope,
818 4272 907 4329 ubi
941 4283 1025 4331 est
1056 4284 1259 4331 sancta
1286 4276 1548 4334 feretrum
1584 4279 1839 4353 Pelagia.

400 4364 532 4421 llaec
558 4365 732 4435 virgo,
763 4366 832 4421 ad
865 4380 1080 4423 omnem
1110 4368 1201 4437 qui
1238 4369 1459 4426 advenit
1484 4372 1746 4431 miracula

405 4455 597 4526 Magna
632 4458 746 4512 edit
778 4474 793 4511 :
826 4457 1029 4513 etenim
1058 4467 1214 4515 stans
1243 4462 1310 4515 ad
1345 4476 1531 4530 aequor
1557 4466 1823 4523 moenium

402 4546 600 4601 Erecta
622 4561 719 4616 per
744 4562 1037 4613 marmora,
1070 4550 1260 4619 procul
1290 4550 1479 4607 dissita
1509 4554 1648 4623 solo,

405 4637 653 4707 Spatium
680 4647 762 4693 est
788 4640 1167 4709 perexiguum,
1202 4656 1354 4699 mare
1380 4645 1522 4701 inter
1556 4648 1864 4720 moeniaque
1894 4670 1907 4705 :

402 4729 501 4786 Est
528 4744 658 4799 ergo
696 4744 814 4786 mos
842 4745 907 4786 eo
936 4731 1039 4787 loci
1068 4736 1452 4804 expetentibus
1510 4790 1513 4793 ,

402 4817 685 4885 Transire,
718 4835 914 4891 purum
949 4822 1240 4879 criminum
1271 4826 1511 4882 omnium
1534 4830 1698 4886 edere

404 4909 713 4975 Narratum,
748 4921 805 4965 at
839 4910 911 4977 id,
945 4915 991 4967 sl
1025 4914 1233 4971 abdens
1262 4931 1362 4972 sua
1385 4928 1590 4984 errata,
1625 4921 1810 4989 faciat,

403 4999 476 5057 Se
503 5016 635 5056 saxa
677 5002 932 5070 copulant
960 5006 1266 5075 propinqua
1292 5009 1591 5074 moenibus,

397 5091 806 5149 Conlessionem
841 5095 1015 5151 donec
1047 5098 1306 5153 extulerit
1334 5100 1501 5169 piam.

404 5184 563 5241 Unde
595 5196 677 5240 est
706 5198 899 5243 vocata
927 5196 1172 5243 sanctior
1188 5192 1482 5247 confessio.

396 5274 567 5329 Paulo
598 5276 826 5332 ulterius
855 5286 942 5333 est
981 5276 1315 5351 Bethphage,
1349 5291 1510 5338 notus
1540 5284 1732 5351 locus;

396 5365 440 5419 A
464 5379 571 5434 quo
606 5367 863 5423 recedens
890 5383 1064 5438 usque
1095 5368 1161 5422 ad
1188 5380 1425 5426 amotam
1462 5373 1697 5445 plagam,

395 5454 716 5510 Bethaniam
747 5467 834 5513 est
864 5458 1074 5523 videre,
1105 5460 1335 5527 patriam
1372 5461 1586 5529 Lazari,

397 5544 466 5600 Et
489 5561 660 5612 mare,
692 5548 834 5617 quod
869 5549 1056 5605 obruit
1076 5550 1249 5605 solum
1281 5550 1693 5621 Sodomiticum,

403 5636 722 5709 Undamque
757 5656 1021 5709 amaram,
1058 5643 1585 5715 inlructuosamque,
1624 5658 1675 5704 ει
1707 5649 1822 5719 pice

403 5728 782 5800 Spumantem,
812 5735 878 5790 ab
912 5735 1021 5790 alto
1050 5752 1172 5790 mox
1209 5751 1365 5793 sacer
1392 5736 1595 5794 Jordan
1627 5740 1761 5797 ﬂuit.

407 5820 506 5882 Est
531 5822 684 5882 collis
708 5838 741 5883 e
760 5826 981 5899 regione
1011 5829 1078 5884 ad
1102 5829 1274 5884 austri
1309 5827 1562 5900 ﬂamina;

1686 386 2038 448 PERDICrE
2070 384 2406 448 EPHESH.

3582 377 3689 440 968

2026 511 2069 559 Α
2112 497 2296 561 Ἐντὸς
2332 496 2727 567 ὼραϊζόμενος,
2765 495 2922 558 ἐκτὸς
2945 492 3475 565 λελειμτιρυσμένος,⁴

2114 590 2204 643 Ἐν
2230 590 2552 657 ἀναγκαίοις
2586 588 2875 656 κτίσμασι,
2904 588 3106 658 ψηφίσι
3138 587 3234 642 καὶ
3260 586 3611 657 νμαρμάροις.

2099 681 2179 734 Τὰ
2206 678 2299 733 νῦν
2325 680 2384 733 δὲ
2421 680 2529 733 τῶν
2560 679 2898 749 Σιρακηνῶν
2931 679 3227 748 συναγωγὴ
3263 677 3576 747 τυγχάνων,

2102 773 2277 826 Ὅπου
2317 773 2378 825 τὸ
2431 772 2562 842 πρὶν
2604 770 2852 841 διαγωγὴ
2903 770 3083 824 ποδῶν
3115 770 3227 823 τῶν
3261 769 3685 839 παναχράντων,

2102 866 2262 934 Ἀρτι
2297 862 2479 919 ποδῶν
2527 863 2639 916 τῶν
2688 861 3003 932 βδελυ;,ῶν,’
3042 860 3223 915 ποδῶν
3257 859 3682 930 μεμιασμένων.

2099 957 2248 1028 Πλὴν
2288 958 2383 1009 καὶ
2425 955 2556 1026 πρὸς
2596 953 2805 1007 τούτων
2856 954 3143 1007 ἄπαυστον
3192 952 3541 1022 εὐπρέπειαν
3589 950 3682 1001 εὑ-

3344 1042 3608 1115 [ρίσκων,

2101 1139 2194 1201 El;
2215 1137 2414 1201 κάλλος
2437 1136 2594 1206 ἄγειν
2614 1135 2929 1208 θαυμαστὸν
2954 1135 3138 1189 πᾶσαν
3163 1132 3403 1203 σπουδὴν
3423 1132 3683 1203 ἐχόντων,

2110 1231 2198 1293 Ὠς
2232 1231 2376 1284 ἆπαν
2410 1228 2471 1282 τὸ
2498 1228 2795 1300 περίαυλον
2826 1226 3161 1297 στρωννύειν
3196 1228 3255 1279 ὲν
3299 1225 3614 1295 μαρμάροι;

2098 1320 2175 1372 Δι’
2217 1319 2509 1390 ὑπουργῶν
2534 1323 2629 1373 καὶ
2660 1317 2936 1384 λαξευτῶν
2963 1317 3174 1372 πολλῶν
3198 1317 3608 1387 ἐπιστημόνων,

2111 1413 2374 1484 Ἐχόντων
2398 1414 2478 1477 είς
2509 1414 2808 1483 ἀπόταγμα
2845 1411 2970 1466 καθ’
2999 1412 3233 1466 ἕκαστον
3261 1411 3352 1464 τὸν
3393 1410 3541 1480 μῆνα

2111 1507 2470 1571 Ἐκατοστίας
2517 1507 2789 1577 τέτταρας
2816 1506 3062 1577 ἀργύρου
3092 1506 3467 1577 νομισμάτων,

2099 1598 2221 1651 Τῶν
2242 1599 2299 1652 δὲ
2327 1598 2626 1669 θαυμάτων
2647 1598 2935 1667 φαίνεσθαι
2959 1598 3055 1652 καὶ
3076 1597 3234 1650 τοῦτο
3249 1599 3347 1665 τῆς
3374 1594 3684 1662 ιιανάγνου,

2105 1689 2374 1744 Ὄπισθεν
2404 1690 2562 1744 τοῦδε
2592 1690 2687 1745 τοῦ
2719 1689 2849 1745 ναοῦ
2882 1691 2976 1743 καὶ
3002 1690 3149 1759 ἱερὸν
3176 1688 3466 1758 τυγχάνει,

2114 1786 2228 1854 Ἐφ’
2255 1778 2299 1853 ᾧ
2332 1785 2783 1856 παραγενόμενος
2817 1782 3210 1854 βροτοπρεπῶς
3245 1778 3528 1849 Δεσπότης

2026 1848 2067 1904 Β
2101 1848 2429 1945 Καθὴμενος
2455 1848 2706 1927 ἐδίδασκε
2735 1848 2867 1935 τούξ
2891 1848 3228 1943 ἐρχομένους
3256 1866 3470 1937 ὄχλους.

2110 1968 2199 2020 Ἐν
2226 1962 2308 2030 οἷς
2337 1967 2431 2019 καὶ
2456 1966 2634 2036 φρέαρ
2668 1964 2863 2026 ὓδατος
2886 1966 2981 2016 τοῦ
3016 1959 3253 2031 ἐλεγμοῦ
3289 1960 3549 2027 πεφύκει.

2101 2059 2363 2115 Κάτωθεν
2393 2060 2603 2112 τούτων
2639 2055 3009 2128 πανλαμπρὺς
3038 2055 3165 2117 ναὸς
3197 2051 3290 2107 τοῦ
3322 2051 3575 2121 θεοδόχου

2099 2152 2376 2206 Πάντοθεν
2417 2151 2901 2222 λαμπρυνόμενος,
2947 2150 3057 2203 κάκ
3103 2142 3422 2218 μολιϐδίνης
3457 2147 3683 2210 στέγης,

2098 2243 2213 2298 Kal
2242 2238 2398 2309 οὗτος
2430 2244 2800 2315 κατεχόμενος
2838 2242 2970 2313 παρ’
3000 2239 3239 2302 ἀσεϐῶν,
3267 2237 3342 2300 ὡς
3376 2237 3575 2290 πάντα.

2097 2336 2206 2388 Kal
2236 2335 2413 2390 ταῦτα
2443 2337 2542 2405 μὲν
2564 2336 2633 2388 τὰ
2676 2333 2972 2405 θαυμαστά
2996 2332 3096 2402 τῆς
3145 2330 3355 2392 ﬁdlem;
3383 2327 3452 2383 τὰ
3506 2325 3679 2381 ἔνδον.

2107 2425 2264 2479 Ἐπεὶ
2285 2426 2341 2479 δὲ
2368 2427 2462 2479 καὶ
2488 2428 2557 2479 τὰ
2582 2423 2784 2490 ἔξωθεν
2818 2425 3036 2494 ἀνάγκη
3055 2422 3393 2492 διηγεῖσθαι,

2113 2516 2207 2571 Ἐκ
2236 2519 2332 2587 τῆς
2363 2517 2507 2590 ἑῴας
2554 2517 2775 2587 έναρξιν
2807 2514 3140 2585 ποιήσασθαι
3165 2512 3465 2584 προσῆκον.

2101 2612 2267 2681 Ὄρος
2293 2611 2495 2682 μικρὸν
2525 2607 2841 2679 ἀνεστηκὼς
2865 2610 2986 2661 ἐστι
3011 2606 3106 2660 τοῦ
3138 2603 3423 2668 ἐλαιῶνος,

2111 2700 2437 2771 Ἐγκάρσιον
2462 2700 2563 2753 οὐκ
2602 2697 2785 2770 δρθιον
2809 2697 3067 2767 κείμενον
3095 2696 3232 2769 πρὸς
3264 2696 3365 2764 τὴν
3390 2693 3484 2759 ἔω,

2110 2792 2325 2859 Ὀλίγον
2361 2792 2460 2861 τὴν
2484 2791 2803 2862 διάμετρον,
2839 2788 3043 2857 γεῶδες
3072 2790 3170 2842 καὶ
3200 2784 3502 2857 πετρῶδες,

2102 2882 2177 2937 Τὸ
2220 2886 2396 2955 μῆκος
2430 2883 2491 2937 οὑ
2532 2882 2894 2954 μακρότερον,
2921 2879 3061 2934 ἀλλά
3091 2880 3286 2951 μιλίων
3325 2877 3442 2942 δύο,

2098 2975 2507 3047 Εύθύγραμμον
2547 2975 2650 3043 τὴν
2682 2974 2932 3044 κορυφὴν
2985 2971 3133 3043 ἔχον,
3167 2970 3284 3025 ἀλλ’
3337 2972 3440 3025 οὐκ
3467 2969 3674 3034 ὀξεῖαν.

2096 3064 2282 3139 Οὗπερ
2320 3070 2378 3121 ὲν
2413 3069 2572 3139 μέρει
2609 3066 2746 3135 πρὸς
2771 3066 2976 3136 βορρᾶν
3000 3066 3151 3117 ἐστιν
3180 3064 3213 3134 ἡ
3241 3063 3528 3128 Γαλιλαία,

2014 3192 2062 3256 C
2108 3161 2197 3214 Ἐν
2302 3159 2604 3231 δραμόντες
2638 3158 2873 3228 ἔϐλεψαν
2907 3158 2959 3211 ol
2997 3156 3243 3228 μαθηται
3278 3156 3371 3211 τὸν
3406 3157 3674 3229 Κτίστην.

2108 3252 2247 3307 ’θ’δὲ
2280 3254 2406 3316 ναὸς
2440 3250 2809 3322 καταϐληθεὶς
2844 3251 2949 3303 ὑπὸ
2974 3250 3084 3305 τῶν
3115 3249 3454 3319 ἀλλοφύλων,

2094 3345 2177 3397 Ta
2207 3343 2402 3414 δένδρα
2431 3344 2489 3397 δὲ
2521 3347 2615 3397 καὶ
2641 3345 2900 3413 κλήματα
2928 3341 3002 3404 ὡς
3037 3341 3355 3410 θαυμαστὸν
3379 3340 3676 3412 καρπεύει,

2096 3436 2243 3507 Πρὸς
2271 3436 2328 3489 δέ
2360 3453 2424 3505 γε
2455 3436 2515 3489 τὸ
2545 3434 2874 3505 μεσαίτατον
2931 3435 3098 3503 μέρος
3128 3433 3223 3486 τοῦ
3260 3433 3423 3504 ὅρους
3453 3432 3672 3499 τούτου,

2108 3527 2169 3584 Ὀ
2196 3526 2392 3582 ὲλαιὼν
2427 3528 2785 3596 κατάκαρπος
2825 3524 2969 3598 ὑπὲρ
2992 3525 3090 3595 τὴν
3124 3523 3287 3593 φύσιν
3323 3526 3490 3587 ὄντως
3512 3541 3528 3556 °

2092 3621 2205 3675 Kal
2259 3619 2408 3682 λίθος
2458 3612 2614 3687 ᾧπερ
2645 3617 2939 3680 καθεσθεὶς
2971 3616 3221 3671 ἐδίδασκε
3268 3618 3392 3679 τοὺς
3437 3617 3671 3687 μύστας,

2093 3712 2206 3766 Kal
2235 3712 2429 3764 τούτου
2458 3711 2688 3781 θάτερος
2715 3711 2907 3779 ἔγγὺς,
2948 3710 3043 3779 ἀφ’
3069 3704 3243 3780 οὗπερ
3279 3698 3558 3780 ἀνελήφθη
3579 3728 3594 3743 ·

2096 3805 2275 3858 Ἔνθα
2301 3804 2425 3867 ναὸς
2456 3803 2756 3874 ἀφίδρυται
2780 3802 3167 3874 ’κρατούμενος
3195 3802 3288 3856 ὑπ’
3312 3803 3521 3865 ἔθνους.

2091 3898 2190 3949 Atil
2214 3896 2485 3968 λαμπρῶν
2514 3895 2811 3966 ὠραῖσθεὶς
2838 3898 3153 3965 κτισμάτων
3193 3896 3285 3949 καὶ
3310 3895 3524 3962 κιόνων,

2092 3990 2202 4042 Kal
2221 3988 2358 4059 πρὸς
2374 3987 2538 4042 αὑτὸν
2558 3987 2854 4058 συναγωγὴ
2871 3988 3179 4058 τυγχάνων.
3197 3986 3301 4040 Φεῦ
3315 3987 3409 4041 τοῦ
3430 3988 3634 4049 πάθους
3656 3990 3668 4041 ι

2091 4083 2164 4136 Τὸ
2196 4080 2242 4136 δ’
2272 4080 2370 4135 ἀπ’
2421 4080 2634 4135 ἐκείνου
2669 4079 2938 4152 ὕπαιθρος
2981 4083 3077 4134 καὶ
3116 4080 3355 4153 ἄϐροχος
3392 4084 3665 4152 τηρεῖται.

2095 4175 2364 4244 Ἐγγιστα
2378 4172 2571 4227 τούτου
2602 4174 2696 4227 καὶ
2726 4174 2885 4242 σορὸς
2915 4173 3069 4237 ὁσίας
3089 4173 3384 4243 Πελαγίας,

2091 4267 2235 4337 Πρὸς
2271 4268 2455 4322 πάντα
2498 4269 2946 4339 προσερχόμενον
2991 4267 3178 4340 θαῦμα
3222 4270 3453 4325 ποιοῦσα
3501 4272 3670 4340 μέγα,

2089 4358 2202 4413 Kal
2236 4360 2346 4432 γὰρ
2376 4359 2504 4430 περὶ
2544 4363 2604 4412 τὸ
2632 4358 2865 4427 πλάγιον
2904 4359 3001 4414 τοῦ
3024 4362 3239 4432 τείχους
3270 4362 3561 4434 ἱσταμένη,

2089 4450 2190 4503 Διά
2226 4452 2537 4522 μαρμάρων
2561 4451 2636 4514 ὡς
2667 4452 2842 4505 πολλά
2865 4451 2971 4522 τῆς
3006 4455 3111 4525 γῆς
3144 4455 3485 4523 ἀνεστηκυῖα

2010 4539 2063 4598 ἱ)
2104 4542 2317 4611 Ὀλίγον
2352 4543 2414 4596 τὸ
2439 4542 2710 4613 διάχωρον
2739 4544 2843 4597 ὑπὸ
2874 4544 2971 4598 τοῦ
3001 4545 3217 4616 τείχους
3246 4547 3384 4617 ἔχει.

2091 4634 2256 4697 Ἐθος
2286 4633 2419 4703 γοῦν
2454 4636 2607 4689 ἐστιν
2639 4637 2698 4688 έν
2731 4636 2883 4706 αύτῷ
2921 4638 3053 4701 τοὺς
3084 4638 3315 4693 διελθεῖν
3355 4643 3666 4712 ὁρμῶντας,

2090 4728 2321 4798 Πρῶτον
2355 4728 2632 4782 ποιεῖσθαι
2663 4728 2917 4801 καθαρὰν
2949 4732 3171 4786 πάντων
3201 4733 3510 4803 ὲξαγορίαν.

2086 4821 2151 4873 Εἰ
2186 4819 2243 4871 δέ
2277 4835 2343 4887 γε
2366 4821 2504 4890 παρ’
2531 4820 2853 4892 ὐποκρυδὴν
2887 4822 2995 4876 τῶν
3043 4824 3425 4893 έπταισμένων
3451 4826 3665 4895 δράσει,

2088 4912 2380 4980 Συνέχουσι
2422 4912 2492 4965 τά
2528 4913 2801 4983 μάρμαρα
2828 4913 2906 4984 τῷ
2927 4914 3092 4984 τοίχῳ
3121 4917 3445 4983 γειτνιῶντα

2090 5003 2189 5067 Ἐς
2220 5002 2357 5069 τἠἂν
2386 5002 2777 5075 ἐξομολόγησιν
2813 5005 3080 5078 είλικρινῆ
3117 5009 3339 5079 ποιήσῃ.

2086 5095 2251 5148 Ὅθεν
2282 5094 2672 5165 ἐξομολόγησις
2701 5097 2833 5164 ἁγία
2857 5096 3181 5170 ὠνομάσθη,

2086 5185 2295 5240 Τούτου
2327 5186 2524 5257 μικρὸν
2554 5186 2611 5239 δὲ
2650 5188 2925 5259 παρεκτὸς
2953 5191 3049 5243 καὶ
3086 5191 3376 5261 Βεθιραγῆς
3412 5194 3438 5244 ὁ
3473 5194 3660 5259 τόπος,

2099 5276 2220 5347 Ἀφ’
2246 5273 2417 5347 οὗπερ
2442 5279 2470 5330 ὁ
2510 5279 2822 5348 ἱστάμενος,
2852 5279 2927 5342 ὡς
2951 5280 3013 5345 ἐξ
3040 5280 3290 5336 ἀπόπτου
3317 5284 3484 5338 τόπου

2085 5367 2198 5437 Τὴν
2231 5366 2505 5437 Βηθανίαν
2533 5368 2775 5439 καθορᾷν
2809 5370 3047 5441 πατρίδα
3077 5370 3173 5425 τοῦ
3203 5374 3483 5441 Λαζάρου,

2084 5461 2198 5513 Kal
2217 5460 2315 5527 τὴν
2346 5460 2826 5514 καταποντίσασαν
2861 5461 3144 5518 θάλασσαν
3175 5466 3281 5534 γῆν
3310 5466 3587 5536 Σοδόμων,

2088 5553 2274 5620 ’Υδωρ
2305 5553 2504 5623 μικρὸν
2533 5555 2630 5607 καὶ
2663 5556 2935 5625 ἄκαρπον,
2959 5558 3055 5609 καὶ
3091 5557 3297 5611 πίσσαν
3328 5560 3658 5631 ἑπαφρίζον.

2089 5642 2332 5697 ’Λνωθεν
2360 5643 2417 5695 δὲ
2448 5645 2776 5715 κατέρχεται
2808 5648 2835 5698 ὁ
2865 5646 3006 5711 θεῖος
3046 5649 3343 5720 Ἰορδάνης.

2086 5737 2291 5790 Τούτου
2320 5735 2416 5788 τοῦ
2447 5736 2609 5807 ὅρους
2637 5739 2869 5810 ἀντικρὺ
2894 5741 3031 5811 πρὸς
3056 5742 3232 5796 νότιον
3258 5743 3317 5795 τὸ
3348 5743 3537 5813 μέρος.

2088 5832 2252 5902 Καὶή
2290 5831 2389 5902 τὴν
2418 5832 2539 5888 ὄνον
2566 5832 2744 5901 Elimea
2773 5836 2867 5891 καὶ
2896 5835 3074 5892 πῶλον
3105 5838 3310 5910 σμικρὰ
3345 5836 3531 5909 κώμη.
