4042 6436
363 408 468 474 969

365 523 551 598 Βραχὺ
583 520 641 576 δὲ
666 519 870 590 ταύτης
906 519 1106 586 ἔξωθεν
1140 519 1172 589 ἡ
1207 519 1383 589 λαύρα
1417 517 1562 570 θείου
1594 516 1764 570 Σάϐα.

365 617 505 687 Περὶ
532 613 590 668 δὲ
614 613 714 684 τὴν
748 612 1028 682 ὑπώρειαν
1063 609 1415 679 Γετθσιμανῆ
1434 607 1659 678 χωρίον,

375 707 494 778 Ἐφ’
532 701 685 778 ᾧπέρ
724 707 842 758 ἐστι
873 703 966 758 καὶ
1001 703 1132 767 ναὸς
1181 702 1278 755 καὶ
1311 701 1596 772 σπήλαιον,
1635 698 1732 751 καὶ
1754 703 1922 766 τάφος

363 799 476 870 Τῆς
505 797 853 870 μεταστάσης
879 797 1094 861 ἀληθῶς
1127 794 1402 866 Παρθένου
1434 793 1718 857 Θέοτόκου,

367 893 474 947 Σὺν
505 890 686 954 ἄλλοις
714 889 1080 959 κατεχόμενος
1119 887 1251 957 παρ’
1287 885 1525 946 ἀσεϐῶν,
1560 877 1604 936 ὦ
1627 883 1772 952 δίκη,

366 983 716 1053 Λυχνοκαῖδα
739 980 983 1034 πάντοτε
1025 978 1121 1034 καὶ
1157 977 1442 1046 φωταψίαν
1471 976 1631 1044 ἔχων,

369 1078 484 1130 Kal
513 1073 698 1128 πᾶσαν
737 1073 908 1143 ἄλλην
930 1071 1062 1142 παρ’
1097 1069 1263 1124 αὑτοῦ
1289 1069 1628 1140 εὐπρέπειαν
1657 1064 1950 1136 εὑρίσκων,

369 1169 484 1222 Kal
513 1167 694 1220 ἔλαιον
723 1167 943 1235 ἐτήσιον
975 1163 1118 1233 ὑπὲρ
1145 1161 1492 1231 λυχνοκαϊας.

372 1255 732 1310 Σουλτανικδν
755 1254 1062 1323 άπόταγμα
1089 1251 1278 1322 λίτρας
1309 1249 1610 1312 διακοσίας.

373 1349 489 1403 Καὶ
515 1348 692 1418 τούτῳ
721 1347 1159 1418 θαυματοποιεῖν
1192 1345 1352 1411 δόξαν
1378 1345 1444 1413 τῇ
1472 1341 1846 1412 παντανάσσῃ,

373 1441 583 1494 Τούτου
620 1421 666 1492 δῖ
697 1441 867 1507 ἐγγὺς
899 1437 997 1492 καὶ
1029 1437 1298 1507 σπήλαιον
1341 1438 1420 1498 είς
1453 1434 1482 1488 ὃ
1511 1433 1887 1496 κατονειδίσας

373 1535 518 1598 Τοὺς
559 1533 812 1605 μαθητὰς
856 1529 1240 1590 ύπνώττοντας
1280 1527 1467 1598 καιρῷ
1492 1526 1594 1596 τῆς
1639 1523 1955 1596 προδοσίας,

383 1628 446 1680 Ὀ
477 1626 867 1696 παντεπόπτης
895 1624 1002 1677 τῶν
1025 1621 1193 1676 αὑτοῦ
1219 1619 1506 1674 δακτύλων
1528 1618 1734 1681 τύπους
1753 1617 1953 1672 λείπει.

375 1717 467 1788 Τῷ
494 1716 627 1786 λίθῳ
645 1715 1148 1786 προσεγγίσαντας,
1176 1711 1253 1775 ὡς
1282 1711 1423 1764 πᾶσι
1457 1709 1784 1779 καθορῶντα

389 1808 505 1877 'Atp‘
541 1801 602 1860 οὗ
631 1807 727 1860 καὶ
761 1805 1082 1876 παρεδίδοτο
1122 1802 1350 1872 ζητοῦσι
1391 1802 1506 1864 τοῖς
1535 1799 1781 1870 ἀνόμοις.

373 1903 488 1956 Kal
515 1901 682 1962 τόπος
712 1899 810 1968 τῆς
843 1895 1156 1969 προσευχῆς
1187 1895 1382 1949 τούτου
1407 1894 1510 1964 τῆς
1540 1893 1852 1962 Παναγίας·

377 1991 626 2063 [Ιέραθεν
648 1990 859 2044 τούτων
891 1988 1120 2058 ἀντικρὺ
1145 1987 1243 2051 τῆς
1278 1985 1570 2048 Γαλιλαίας
1595 1984 1736 2039 ἐστί.

390 2083 501 2136 Kal
527 2082 692 2145 τόπος
724 2080 857 2137 ἔνθα
882 2079 1156 2149 Στέφανος
1181 2081 1209 2132 ὁ
1244 2077 1462 2149 πρῶτος
1507 2077 1614 2131 τῶν
1645 2074 1962 2148 μαρτύρων,

381 2173 598 2243 Μικρὸν
629 2171 785 2234 ἐκτὸς
809 2170 910 2240 τῆς
939 2170 1146 2234 πόλεως
1173 2169 1519 2231 λιθόλευστος
1544 2166 1784 2236 γεγόνει,

379 2265 494 2319 Kal
525 2265 690 2328 τόπος
724 2265 752 2316 ὁ
781 2263 1078 2332 δεξάμενος
1107 2262 1199 2316 τὸν
1221 2260 1450 2330 ἀδελφὸν
1483 2260 1714 2330 Κυρίου.

379 2358 537 2412 Μετὰ
567 2357 624 2410 δὲ
653 2354 828 2410 ταῦτα
858 2354 1092 2425 πάρεστι
1129 2353 1322 2416 κοιλὰς
1359 2355 1392 2423 ὴ
1439 2351 1535 2406 τοῦ
1580 2347 1960 2421 κλαυθμῶνος,

390 2451 455 2506 'II
491 2448 776 2517 διαιροῦσα
798 2448 898 2518 τὴν
929 2445 1071 2498 Σιὼν
1103 2445 1214 2498 ἀπὸ
1242 2443 1336 2497 τοῦ
1366 2441 1680 2507 Ἐλαιῶνος,

393 2537 543 2616 Ἑνῇ
575 2542 810 2611 δραμεῖν
840 2538 937 2592 τὸν
967 2538 1195 2607 πύρινον
1229 2537 1316 2588 τὸν
1354 2534 1620 2604 ποταμὸν,
1659 2532 1735 2596 ὡς
1777 2530 1961 2600 λόγος.

384 2637 496 2692 Καὶ
529 2636 662 2688 δέκα
695 2631 1099 2703 φροντιστήρια
1132 2627 1427 2699 παρθένων
1470 2623 1804 2696 ἰσαρίθμων.

384 2728 648 2782 Κάτωθεν
680 2726 736 2779 δὲ
765 2728 857 2778 καὶ
890 2723 1114 2792 Σιλωὰμ
1150 2719 1408 2790 τυγχάνει
1442 2716 1823 2787 κολυμϐήθρα,

396 2823 488 2886 Ἐξ
522 2817 590 2892 ἦς
621 2819 823 2888 τυφλὸς
854 2816 1160 2888 νιψάμενος
1182 2811 1482 2881 ἀνέϐλεψεν
1507 2808 1730 2874 αὐτίκα,

386 2917 461 2969 Τὸ
488 2915 634 2982 ὕδωρ
664 2910 1048 2980 ἐξικνούμενον
1077 2905 1138 2973 ἐξ
1164 2905 1434 2975 ὑπογαίου
1456 2903 1687 2973 πέτρας,

389 3000 782 3073 Τετορημένης
811 3001 892 3062 είς
917 2997 1035 3060 ἐνὸς
1065 2997 1344 3065 διάστημα
1383 2991 1588 3063 μιλίου,

391 3095 503 3148 Kal
538 3091 895 3163 καταρδεύων
927 3089 1017 3142 τὸν
1049 3089 1218 3157 ἐγγὺς
1248 3085 1414 3138 τόπον
1445 3085 1541 3138 καὶ
1583 3079 1970 3144 καλλωπίζων,

403 3182 494 3233 Ἐν
528 3179 812 3249 διαφόροις
841 3177 1118 3245 δένδρεσιν
1143 3175 1446 3245 εὐκάρποις
1468 3173 1562 3226 καὶ
1593 3169 1874 3240 λαχάνοις.

398 3267 636 3321 Ἂνωθεν
662 3267 722 3319 δέ
747 3283 810 3334 γε
851 3263 1096 3336 μεταϐὰς
1123 3264 1262 3334 πρὸς
1305 3263 1499 3314 Νότιον
1541 3261 1599 3312 τὸ
1637 3259 1824 3328 μέρος,

398 3357 506 3410 Τοῦ
535 3358 830 3427 κεραμέως
863 3357 952 3409 τὸν
976 3357 1146 3426 άγρὶν
1180 3355 1297 3425 ἴδῃς
1326 3355 1420 3406 τὸν
1445 3349 1752 3421 ὠνηθέντα,

408 3450 502 3502 Ἐκ
532 3448 628 3501 τοῦ
660 3449 845 3518 τιμίου
869 3447 1125 3516 αἵματος,
1161 3445 1236 3507 ὡς
1267 3444 1402 3514 πρὸς
1425 3441 1604 3511 ταφὴν
1628 3440 1740 3501 τοῖς
1769 3437 1969 3502 ξένοις.

396 3539 502 3591 Τοῦ
534 3541 592 3592 ἐν
620 3537 796 3605 ἁγίοις
832 3534 1154 3606 θαυμαστοῦ
1193 3536 1464 3604 σπήλαιον
1509 3530 1857 3601 Ὀνουφρίου.

397 3631 541 3698 Πρὸς
576 3631 766 3682 τούτου
803 3628 861 3681 δὲ
899 3629 1000 3696 τὴν
1030 3625 1274 3698 κορυφὴν
1303 3625 1396 3676 τού
1438 3624 1597 3693 ὅρους
1635 3621 1936 3691 καθορᾶται

413 3725 485 3775 Ἠ
518 3723 798 3792 θαυμασία
834 3723 927 3774 καὶ
965 3721 1195 3790 λαμπρὰ
1223 3719 1398 3788 λαύρα
1424 3716 1726 3770 Θεοδοσίου.

399 3817 637 3884 Πλησίον
659 3815 714 3867 δέ
744 3812 840 3865 τοῦ
877 3814 1072 3874 ἄστεος
1098 3811 1388 3882 εύκτὴριον
1413 3809 1508 3862 τοῦ
1544 3809 1778 3876 Πέτρου,

411 3905 756 3974 Ὑπόϐαθρον
794 3905 890 3956 καὶ
921 3903 1192 3972 σπήλαιον
1232 3901 1358 3970 ἕχον
1381 3900 1468 3952 διὰ
1498 3899 1796 3970 βαθμίδων,

403 3997 578 4065 Ὅπερ
607 3996 782 4064 ἐμϐὰς
817 3994 1092 4064 ἐθρήνησε
1124 3994 1339 4063 πικρῶς
1373 3993 1431 4043 ἐν
1464 3990 1782 4061 μεταμέλῳ,

404 4089 537 4139 ’Ότε
564 4086 755 4140 παθὼν
803 4085 1152 4153 ἀνθρώπινον
1184 4085 1464 4154 ἠρνήσατο
1491 4083 1552 4136 τὸ
1584 4083 1791 4151 τρίτον.

402 4180 605 4233 Τούτου
632 4179 687 4231 δὲ
727 4177 1080 4247 ύπεράνωθεν
1117 4174 1420 4246 ἐκκλησιῶν
1443 4176 1476 4242 ὴ
1522 4175 1731 4244 μήτηρ,

414 4269 476 4320 '0
510 4267 740 4328 παλαιὸς
774 4267 870 4317 καὶ
895 4263 1210 4332 θαυμαστὸς
1244 4262 1371 4324 ναὸς
1401 4260 1540 4314 Σιὼν
1570 4260 1756 4325 ἁγίας,

405 4362 651 4427 Δειψανα
674 4357 857 4427 φέρων
886 4355 1168 4427 ἀκραιφνῆ
1193 4352 1290 4406 τοῦ
1316 4353 1545 4414 κάλλους
1571 4353 1660 4404 καὶ
1689 4350 1978 4420 μεγέθους.

404 4453 588 4522 Ἀπερ
615 4449 856 4521 ἀρχῆθεν
896 4447 1059 4517 ἔφερε
1093 4446 1201 4518 πρὸ
1230 4445 1324 4498 τοῦ
1357 4444 1796 4513 καταὸληθῆναι.

417 4543 507 4594 Ἐν
537 4540 711 4610 τούτῳ
739 4541 795 4592 δὲ
821 4539 1103 4591 τετέλεστο
1127 4536 1243 4604 ναῷ
1273 4535 1350 4606 τῷ
1377 4536 1670 4606 θαυμασίῳ

415 4636 481 4688 Ἦ
507 4634 616 4688 τῶν
652 4633 830 4686 ποδῶν
868 4631 1124 4698 ἀπόνιψις
1142 4629 1252 4684 τῶν
1279 4628 1439 4681 θείων
1463 4627 1801 4683 ἀποστόλων.

405 4727 516 4780 Kal
553 4728 582 4778 ὁ
611 4725 749 4794 πρὸς
778 4722 1002 4785 τούτους
1031 4722 1325 4792 καινισμὸς
1357 4721 1709 4790 ἐπιφοιτήσει
1737 4720 1859 4790 θείᾳ

406 4814 514 4868 Τοῦ
554 4813 828 4881 παναγίου
881 4810 1198 4880 Πνεύματος
1233 4809 1324 4862 διὰ
1356 4807 1618 4875 γλωσσῶν
1646 4809 1910 4878 πυρίνων.

416 4907 508 4960 Ἐν
551 4905 727 4972 τούτῳ
761 4904 857 4957 καὶ
896 4902 1198 4972 κελλίδριον
1240 4899 1341 4970 τῆς
1391 4897 1722 4968 πανανὼμου
1775 4901 1982 4970 Κόρης,

418 5003 536 5070 Ἀφ’
559 4994 732 5071 οὗπερ
759 4998 992 5066 ἄγγελος
1019 4995 1190 5065 αὐτὴν
1222 4995 1302 5058 είς
1324 4994 1558 5065 οὐρανὸν
1587 4994 1797 5057 ἐκάλει,

406 5101 518 5153 Καὶ
542 5097 648 5150 τῶν
682 5095 971 5164 παρθένων
1005 5091 1332 5162 συνδραμὼν
1353 5089 1541 5160 ὅμιλος
1572 5089 1679 5142 τῶν
1708 5089 1880 5156 ἁγίων

419 5189 783 5258 Ἐθρήνησαν,
813 5185 1081 5255 ἐκόψαντο
1110 5183 1314 5252 ταύτην
1351 5183 1450 5248 τὴν
1481 5182 1772 5252 ἐκδημίαν.

413 5280 526 5332 Καὶ
554 5279 720 5341 τόπος
764 5278 930 5345 μέσον
964 5275 1056 5328 τοῦ
1086 5272 1217 5326 ναοῦ
1255 5275 1336 5334 εἰς
1369 5273 1537 5340 ὅνπερ
1576 5273 1667 5324 ἐπὶ
1691 5271 1881 5340 κλίνης

425 5369 840 5435 ’Δνακλιίέίσης
873 5365 1078 5432 ἔφθασε
1107 5363 1266 5433 χορὸς
1293 5362 1402 5414 τῶν
1434 5359 1772 5423 ἀποστόλων,

424 5460 558 5511 Ἀπὸ
588 5458 842 5527 περάτων
878 5457 1152 5527 ἁρπαγεὶς
1182 5455 1269 5506 διὰ
1302 5451 1484 5522 νεφῶν
1516 5451 1750 5520 ἀθρόως,

417 5548 581 5605 Ὅθεν
619 5554 716 5605 σὺν
747 5552 938 5620 ὕμνοις
984 5549 1222 5620 ἄραντες
1257 5547 1418 5616 σῶμα
1449 5545 1546 5616 τῆς
1583 5543 1882 5612 Παναγίας,

413 5647 761 5716 Κομίσαντες
796 5644 1101 5716 ἐκήδευσαν
1132 5639 1447 5710 Γεθσιμανῆ
1473 5638 1551 5708 τῷ
1574 5638 1748 5706 τόπῳ.

413 5739 488 5792 Τὸ
511 5738 560 5790 ’δ’
594 5739 854 5791 ὑποκάτω
879 5735 1146 5806 σπήλαιον
1190 5730 1322 5785 ναοῦ
1351 5731 1445 5782 τοῦ
1482 5729 1764 5791 Σιωνίτου,

418 5833 609 5888 Ἔστιν
642 5833 700 5885 ἐν
726 5826 770 5899 ᾧ
797 5831 902 5884 τῶν
946 5825 1230 5900 μαθητῶν,
1265 5823 1340 5894 τῷ
1368 5823 1517 5893 φόϐῳ
1552 5822 1658 5879 τῶν
1700 5820 1988 5892 Ἑϐραίων,

713 5927 992 5989 Parrumu
1025 5929 1144 5988 Gtt.
1168 5919 1510 5986 CXXXIII.

1654 400 1752 460 ΒΕ
1785 398 2001 496 LOCIS
2035 400 2371 461 SANCTIS.

3516 397 3619 462 θτθ

1976 525 2022 581 Α
2055 515 2219 572 Vicus
2257 516 2512 586 pusillus,
2539 518 2679 572 unde
2708 516 2876 572 asella
2900 526 2954 572 et
2981 515 3158 586 pullus
3175 524 3258 572 est

2054 606 2369 672 Ahductus;
2394 616 2547 661 extra
2588 607 2864 678 paululum
2893 608 3031 662 cella
3055 617 3138 664 est
3160 608 3234 678 pii

2055 696 2283 765 Sabbze;
2312 701 2377 752 ad
2408 699 2550 754 latus
2581 700 2889 769 clivumque
2918 699 3370 756 Gcthsintane-est
3401 714 3552 772 ager,

2056 789 2112 843 In
2142 805 2248 859 quo
2269 791 2429 846 situm
2451 801 2533 847 est
2566 793 2850 860 templum,
2873 791 3310 862 sepulcrumque,
3328 802 3385 848 et
3412 808 3623 864 specus,

2058 881 2158 936 Ubi
2185 883 2338 954 virgo
2369 883 2598 954 Deipara
2630 884 2842 939 obierat
2866 900 2991 940 vere
3019 886 3203 951 diem;

2056 975 2157 1041 Qui
2187 975 2360 1039 locus,
2399 986 2456 1030 ιιι
2485 979 2601 1042 alii,
2630 977 2698 1030 ab
2732 977 2912 1045 impiis
2935 979 3188 1033 detentus
3223 985 3306 1032 est
3332 996 3347 1032 :

2055 1065 2125 1120 Et
2156 1081 2376 1136 semper
2403 1067 2478 1122 ibi
2514 1069 2735 1123 lucerna
2766 1069 2928 1124 habet
2970 1070 3134 1124 taedas
3166 1069 3452 1141 facesque,

2057 1159 2326 1229 Omnique
2356 1160 2504 1215 cultu
2531 1169 2781 1228 ornatur,
2811 1172 2870 1216 ut
2891 1163 2979 1230 jus
3005 1163 3245 1232 postulat
3273 1179 3288 1214 :

2058 1249 2127 1305 Et
2158 1265 2397 1306 annuum
2415 1260 2499 1307 est
2526 1263 2776 1322 paratum
2807 1253 3006 1308 olivum
3039 1255 3106 1307 ad
3136 1252 3452 1322 lampadas,

2060 1339 2430 1399 Renuntiaute
2458 1345 2672 1399 sultano
2703 1345 2887 1400 multis
2910 1344 3086 1400 libris.

2060 1433 2427 1505 Miraculoque
2458 1437 2512 1491 in
2543 1436 2647 1491 hoc
2669 1437 2832 1492 decus
2857 1435 3076 1505 Regina
3094 1435 3268 1491 inest.

2062 1525 2240 1594 Prope
2267 1529 2422 1582 abest
2443 1527 2726 1597 spelunca,
2755 1529 2807 1583 in
2840 1543 2945 1596 qua
2977 1527 3182 1598 probro
3205 1525 3424 1597 obiecto
3449 1527 3568 1582 suis

2062 1617 2406 1686 Domesticis,
2435 1621 2579 1690 quod
2608 1621 2984 1685 dormitarent,
3017 1619 3249 1689 prodere

2062 1707 2198 1764 Cum
2227 1711 2416 1766 hostes
2441 1720 2702 1781 pararent
2726 1726 2808 1777 se,
2833 1711 3076 1767 omnium
3115 1711 3392 1780 inspector
3416 1717 3570 1780 typos

2064 1801 2306 1872 Digitum
2336 1818 2556 1858 suorum
2588 1803 2768 1873 liquit,
2797 1817 2989 1859 omnes
3013 1810 3303 1858 cernerent

1991 1869 2038 1926 Β
2068 1869 2436 1964 Utvimprobis
2460 1901 2617 1952 datus
2648 1869 2718 1950 ibi
2745 1904 2866 1950 erat
2899 1893 3249 1963 petentibus;

2062 1985 2508 2058 Precatiouisque
2537 1989 2582 2043 is
2609 1987 2760 2044 locus
2797 1985 3179 2044 sanctissimae.

2062 2078 2162 2134 Hie
2197 2081 2431 2136 maxime
2457 2089 2542 2136 cst
2571 2080 2793 2136 Galilaea
2813 2079 3114 2151 conspicuo
3145 2078 3198 2134 in
3226 2079 3356 2135 situ.

2063 2171 2235 2241 Regio
2264 2180 2348 2226 est
2374 2171 2574 2228 ibidem
2611 2171 2922 2242 Stephanus
2951 2173 3066 2236 ubi,
3104 2172 3211 2227 dux
3245 2181 3571 2241 martyrum,

2061 2260 2182 2318 Non
2211 2263 2344 2317 urbe
2368 2263 2553 2332 procul
2581 2271 2664 2318 est
2688 2265 2915 2319 obrutus
2951 2263 3184 2332 lapidum
3210 2262 3408 2318 ictibus

2063 2353 2162 2410 Est
2190 2361 2244 2408 et
2270 2355 2466 2422 platea,
2502 2369 2622 2422 qua:
2648 2353 2850 2423 hospes
2876 2354 2978 2409 luit
2997 2353 3190 2408 fratris
3217 2353 3334 2408 Dei.

2067 2445 2193 2502 Post
2225 2446 2379 2501 vallis
2404 2449 2644 2502 occurrit
2672 2449 2852 2516 gravis
2877 2447 3158 2514 molestiae,

2069 2536 2199 2604 Quae
2225 2538 2414 2592 dividit
2446 2538 2662 2592 Sionem
2691 2536 2887 2593 Oliveti
2916 2539 2982 2592 ab
3005 2539 3182 2609 apice.

2068 2625 2126 2681 In
2159 2641 2322 2696 quam
2353 2627 2570 2696 igneum
2606 2628 2850 2684 delabicr
2886 2629 3083 2685 ﬂutuen
3122 2631 3342 2686 lerunt:

2069 2717 2136 2772 Et
2173 2720 2312 2774 dena
2340 2718 2610 2789 virginum
2643 2721 2975 2776 monasteria
3016 2723 3226 2776 decem.

2075 2810 2222 2865 Siloe
2254 2811 2520 2875 natatoria
2565 2811 2668 2866 sita
2699 2819 2784 2866 est
2815 2826 2946 2881 agro
2981 2813 3033 2865 in
3061 2812 3249 2868 intimo

2071 2903 2303 2958 Ahlutus
2335 2901 2388 2956 in
2412 2917 2521 2972 qua
2553 2917 2727 2958 caecus
2760 2903 2970 2972 aspexit
2993 2904 3205 2958 statim.

2076 2995 2192 3050 Hac
2231 2996 2372 3049 unda
2407 3009 2635 3048 manans
2665 3004 2825 3049 caute
2852 3006 2972 3050 lusa
3003 2996 3106 3050 sub
3128 2996 3244 3052 solo

2073 3084 2178 3139 Per
2211 3084 2368 3138 unius
2393 3085 2621 3152 spatium
2656 3084 2924 3152 integrqu
2959 3084 3220 3151 milliarii,

1999 3198 2042 3256 ο
2078 3176 2258 3246 Usque
2288 3176 2481 3244 irrigat
2522 3175 2757 3229 vicinum
2790 3191 2979 3246 agrum
3012 3177 3272 3248 irriguum
3307 3181 3466 3249 bene,

2077 3269 2224 3324 Inter
2259 3269 2463 3322 feraces
2494 3267 2721 3323 arbores
2746 3277 2801 3322 et
2830 3269 3093 3324 oluscula.

2080 3360 2406 3430 Progressus
2437 3359 2686 3412 altiorem
2722 3358 2790 3412 ad
2824 3360 3119 3415 australem
3150 3361 3387 3433 plagam.

2079 3450 2215 3504 Tum
2257 3450 2400 3518 ﬁguli
2432 3449 2659 3519 agellum
2693 3449 3014 3518 inspexeris,
3047 3463 3261 3519 partum
3289 3469 3442 3517 nece,

2080 3544 2148 3598 Et
2176 3542 2456 3610 sanguinis
2497 3541 2670 3611 pretio
2717 3542 2886 3607 sacri,
2917 3542 2984 3595 ad
3019 3544 3284 3598 tumulum
3335 3547 3650 3620 hospitum;

2082 3635 2454 3703 Mirabilisque
2487 3649 2707 3702 specum
2739 3634 2881 3688 beati
2916 3632 3204 3704 Onuphrii.

2080 3727 2160 3781 Ad
2191 3725 2348 3793 huius
2379 3727 2588 3794 apicem
2622 3727 2823 3780 montis
2849 3726 3041 3795 inspici
3067 3739 3245 3797 potest

2084 3817 2326 3872 Mirauda
2361 3819 2732 3887 prazclaraque
2754 3819 2930 3888 platea
2969 3818 3265 3876 Theodosii.

2081 3905 2242 3961 Juxta
2274 3908 2528 3974 oppidum
2557 3923 2686 3962 vero
2704 3906 2852 3962 Petri
2885 3909 3186 3962 oratorium
3215 3921 3322 3973 est,

2084 3996 2399 4052 Fundamen
2425 4009 2480 4053 et
2504 3999 2817 4067 speluncam
2867 4001 3095 4067 habens,
3141 4016 3243 4055 nec
3275 4017 3379 4056 non
3408 4008 3603 4071 gradus
3641 4044 3652 4057 .

2083 4091 2213 4156 Quae
2239 4105 2358 4142 cum
2389 4091 2643 4153 subisset,
2673 4090 2808 4145 luxit
2831 4106 2957 4145 acer
2977 4091 3268 4160 paenitens,

2083 4180 2216 4234 Cum
2253 4181 2563 4234 humanitus
2591 4179 2780 4246 lapsus
2811 4191 3056 4248 negasset
3086 4184 3264 4236 tertio.

2089 4272 2357 4341 Superius
2391 4285 2474 4326 est
2504 4271 2854 4326 ecclesiarum
2876 4273 2960 4341 pia
2991 4273 3234 4340 Parens;

2086 4363 2393 4417 Mirandum
2429 4374 2482 4416 et
2508 4364 2791 4434 antiquum
2828 4364 3012 4420 Sionis
3043 4368 3302 4437 templum
3336 4369 3386 4422 id
3419 4382 3524 4436 est,

2093 4457 2303 4512 Indicia
2340 4455 2584 4525 pulchrae
2617 4458 2776 4512 molis
2807 4469 2860 4512 et
2893 4473 3106 4528 magnae
3136 4460 3420 4526 exhibens,

2011 4558 2061 4617 ι)
2088 4550 2200 4616 Qua
2232 4550 2384 4610 olim,
2414 4550 2726 4617 priusquam
2755 4551 2990 4603 dirutum
3027 4563 3170 4605 esset
3197 4551 3414 4607 claruit.

2091 4639 2146 4692 In
2181 4639 2280 4694 hac
2308 4649 2531 4708 peracta
2561 4649 2644 4693 est
2669 4640 2784 4694 tede
2814 4643 3108 4709 spectanda
3131 4645 3425 4698 admodum

2089 4731 2468 4800 Apostolorum
2499 4746 2654 4786 sacra
2679 4733 2874 4800 pedum
2913 4732 3118 4790 lavatio
3153 4753 3166 4788 :

2093 4820 2268 4891 Super
2297 4823 2380 4876 his
2409 4837 2622 4891 quoque
2649 4823 2946 4884 innovatio,
2974 4824 3240 4882 adventus
3263 4843 3438 4894 sacer,

2091 4914 2327 4983 Linguas
2350 4930 2446 4982 per
2479 4914 2636 4983 ignis,
2670 4913 2906 4983 Spiritus
2931 4918 3284 4973 sanctissimi.

2092 5003 2187 5057 Est
2221 5005 2456 5073 Virginis
2487 5018 2702 5072 quoque
2739 5005 2812 5058 ibi
2843 5005 3018 5058 beatze
3041 5006 3258 5070 cellula,

2094 5094 2134 5146 E
2160 5111 2265 5164 qua
2295 5095 2518 5163 augt-Ius
2549 5097 2758 5148 vocavit
2801 5097 2975 5164 ipsam
3007 5097 3072 5150 ad
3105 5099 3283 5152 sidera
3324 5116 3337 5151 :

2093 5186 2212 5251 Quo
2235 5187 2502 5254 virginum
2543 5197 2719 5239 cretus
2757 5189 3075 5255 pudicarum
3113 5190 3306 5254 astitit,

2093 5275 2222 5341 Qua:
2253 5276 2555 5328 absentiam
2592 5287 2701 5328 tum
2733 5278 3038 5345 planctibus
3069 5279 3254 5331 luxere
3282 5280 3441 5332 herae.

2095 5365 2149 5417 In
2179 5365 2294 5418 aede
2327 5365 2498 5418 media
2525 5376 2606 5419 est
2641 5367 2811 5431 locus,
2845 5369 2931 5420 ubi
2965 5384 3146 5422 arcam
3177 5371 3449 5425 conditam

2093 5457 2305 5508 Chorus
2333 5456 2623 5508 antevertit
2663 5457 3032 5524 apostolorum
3073 5472 3257 5528 raptus
3283 5463 3344 5515 in

2092 5545 2265 5610 Nube,
2293 5560 2355 5599 ac
2388 5549 2575 5600 eodem
2606 5556 2867 5616 tempore,
2894 5559 3016 5602 ante
3041 5549 3287 5615 dissitas,

2096 5639 2230 5692 Cum
2257 5638 2508 5701 eauticis,
2543 5639 2664 5693 dein
2697 5654 2926 5707 corpore
2948 5639 3088 5696 elato
3115 5642 3258 5697 illius

2098 5730 2370 5783 Soltrmnia
2396 5745 2652 5798 peregere
2677 5729 3041 5787 Getltsemane
3081 5735 3133 5788 iu
3169 5737 3308 5792 loco.

2100 5820 2364 5890 Spelunca
2398 5835 2528 5877 vero
2559 5821 2701 5877 inira
2729 5823 2975 5881 Siouium
3008 5841 3225 5882 sacrum

3193 5921 3257 5985 3i
