4042 6444
423 401 531 462 9'71
1333 391 1683 456 PE-RDICIE
1763 386 2076 450 'EI‘HESII
2121 387 2220 448 DE
2275 386 2489 449 LOLIS
2521 387 2853 449 SANCTIS.
3591 391 3697 458 972

433 510 522 564 illa
556 518 658 575 est,
693 509 781 563 tibi
818 504 1088 577 discipuli,
1127 503 1477 558 Hebraeorum
1517 511 1683 565 metu,

431 599 547 654 Una
589 595 880 652 manebant
920 596 1112 661 clausi,
1144 591 1416 662 Jcsusquc
1440 593 1612 646 astitit

429 690 487 744 lu
525 689 724 753 medio,
754 696 809 742 ct
839 688 921 742 his
953 701 1161 756 pacem,
1192 694 1245 740 et
1279 685 1437 740 Iidem
1474 683 1694 738 Thomm
1728 682 1895 736 dedit.

431 781 532 834 Hic
571 788 655 834 est
687 779 817 834 item
857 779 998 848 regis
1040 779 1315 848 prophetae
1354 790 1488 828 urna
1521 773 1726 844 Lyrici,

433 870 744 924 Salomonis
774 879 827 924 et
855 869 1006 922 valde
1037 870 1145 922 cati
1178 867 1523 921 vatis-ducis.

431 962 606 1016 Trans
637 961 1144 1030 occidentalemque
1167 959 1442 1028 regionem
1474 966 1660 1027 patent

430 1054 630 1108 Prisca:
665 1053 1000 1122 leprosorunt
1031 1051 1427 1105 imbecillorum
1453 1049 1668 1110 domus,

432 1146 498 1198 Et
528 1156 713 1215 postea
743 1144 886 1199 aedes
919 1145 1170 1213 martyris
1206 1142 1429 1212 Procopi
1461 1157 1639 1206 sacra,

434 1237 539 1303 Qui
563 1237 832 1305 quoddam
862 1237 1063 1288 avitum
1093 1235 1426 1290 domicilium
1461 1233 1531 1286 ibi
1565 1239 1868 1300 paraverat.

434 1323 572 1376 Tum
610 1324 803 1378 visitur
827 1324 980 1377 vinea
1011 1322 1257 1378 Nabuthe
1290 1323 1580 1392 pullulans.

434 1412 569 1467 Tum
596 1414 878 1483 mqttabilis
909 1413 1059 1468 locus
1100 1417 1152 1468 in
1185 1414 1392 1484 patenti
1417 1422 1469 1466 ct
1497 1412 1654 1479 plano
1679 1427 1828 1483 agro,

432 1505 490 1560 In
518 1521 626 1575 quo
651 1506 831 1562 ferunt
857 1523 885 1560 a
918 1507 1133 1562 ﬁdicine
1155 1507 1399 1561 occisum
1435 1505 1673 1560 Goliath.

425 1600 546 1665 Qua
584 1599 799 1669 publica
825 1600 933 1654 itur
965 1601 1032 1654 ad
1064 1599 1338 1654 Bethleem
1365 1599 1624 1668 oppidum

429 1693 678 1748 Cisterna
711 1701 1012 1761 comparet,
1045 1701 1360 1747 cruentatus
1394 1693 1564 1758 locus,

421 1781 485 1836 In
522 1799 626 1852 qua
655 1785 926 1839 Abraham
955 1797 1202 1848 manens,
1230 1782 1432 1837 relictis
1451 1782 1700 1847 servulis,

424 1873 697 1941 Cucurrit,
728 1884 787 1930 ut
819 1884 1083 1930 mactaret
1103 1875 1414 1929 adamatum
1444 1873 1615 1928 Isaac.

423 1965 536 2022 Nec
569 1967 725 2039 longe
757 1970 914 2024 abest
943 1969 1138 2025 domus
1164 1969 1330 2024 Helia:
1366 1969 1504 2022 vatis
1543 1983 1720 2024 sacra.

424 2060 555 2115 lude
577 2059 808 2132 profecti
835 2062 902 2117 ad
933 2062 1212 2118 civitatem
1241 2062 1542 2128 Bethleem,

425 2154 822 2227 Templumque
853 2158 919 2212 ad
947 2165 1235 2228 augustum
1268 2155 1611 2211 ambulantes
1644 2153 1905 2226 Virginis.-

423 2246 591 2302 Nobis
621 2247 935 2304 videbamur
963 2250 1073 2318 jam
1106 2249 1172 2302 ad
1205 2259 1352 2302 astra
1380 2246 1694 2302 ascendere.

423 2340 670 2398 Vidimus
701 2345 828 2400 item
851 2357 1094 2414 specum,
1123 2343 1305 2413 polum
1351 2342 1493 2398 velut
1529 2342 1790 2407 alterum,

424 2435 595 2500 Quem
631 2451 752 2490 cum
777 2437 970 2504 pudica
1005 2437 1237 2504 contigit
1273 2434 1614 2504 virguncula,

424 2527 644 2594 Peperit
671 2526 830 2580 modo
860 2526 1146 2580 Dominum
1179 2525 1442 2579 inell‘abili

427 2617 670 2670 Decoris.
710 2613 993 2670 Thronum
1027 2615 1191 2669 alium
1222 2615 1566 2681 inspeximus
1594 2613 1876 2684 praesepii;

427 2705 688 2760 Miracula
720 2704 864 2758 unde
884 2706 1194 2759 scaturiunt
1225 2704 1478 2758 lidelibus

425 2799 669 2852 Cunctis.
704 2796 967 2866 Lapillutn
1007 2797 1130 2850 hinc
1157 2796 1202 2851 si
1225 2797 1349 2864 quis
1381 2807 1475 2850 aut
1500 2795 1862 2864 pulvisculum

425 2886 636 2954 Capiat,
668 2883 936 2938 medelam
964 2883 1328 2938 calamitatum
1361 2885 1652 2940 invenerit.

426 2979 509 3032 Ad
539 2978 653 3032 haec
687 2986 907 3046 puteum
943 2975 1261 3033 inel'fossum
1296 2978 1491 3032 ibidem
1527 2978 1863 3047 aspeximus,

430 3070 498 3123 Et
531 3079 722 3138 suapte
754 3069 934 3125 fusum
981 3077 1195 3140 sponte,
1229 3084 1350 3124 cum
1391 3069 1578 3124 vivens
1621 3085 1759 3138 aqua

426 3163 520 3217 Est
556 3162 782 3234 mystice
814 3173 1078 3217 evacuata
1107 3162 1258 3218 fonte
1293 3163 1437 3217 haud
1475 3163 1720 3231 cognito,

426 3255 468 3310 Ε
497 3272 605 3327 quo
629 3257 818 3312 bibere
845 3257 1115 3325 percupiit
1147 3258 1260 3326 ipse
1296 3256 1770 3327 llymnographus.

424 3349 483 3402 In
516 3364 622 3419 quo
648 3347 928 3420 Magorum
955 3349 1108 3403 stella
1135 3350 1241 3403 dux
1279 3351 1398 3413 viae,
1436 3348 1582 3402 haud
1610 3347 1729 3401 sine

424 3439 712 3506 Miraculo,
745 3439 812 3494 ad
845 3440 1083 3502 natalem
1113 3436 1240 3493 Jesu
1278 3439 1579 3508 praemicat.

426 3533 684 3588 Sanctum
720 3532 895 3587 locum
940 3532 1074 3594 vidi,
1112 3533 1323 3584 cruoris
1349 3540 1404 3584 et
1432 3545 1602 3598 capax

425 3625 681 3691 Marmor,
713 3623 952 3681 ministri
981 3637 1104 3678 cum
1141 3630 1327 3675 truces
1373 3620 1602 3676 Herodis
1635 3621 1686 3674 in

425 3716 617 3771 Partes
644 3729 838 3784 specus
860 3717 1105 3770 membra
1146 3722 1425 3783 amputata
1455 3712 1747 3766 infantium

423 3809 633 3873 Jecere,
671 3823 768 3862 ceu
796 3806 1037 3877 piacula;
1065 3818 1122 3861 at
1157 3807 1263 3860 alio
1299 3805 1351 3859 in
1385 3822 1550 3875 specu

423 3903 556 3955 Atro
585 3899 760 3970 puella
783 3899 896 3954 sola
926 3899 1215 3954 Dominum
1245 3912 1356 3966 quo
1386 3899 1568 3952 ferens

423 3991 781 4059 Occnlnerat;
821 3991 980 4047 lactis
1011 3991 1154 4048 sacri
1187 3993 1312 4044 dum
1347 4006 1435 4044 ros
1467 3988 1604 4056 linit,

428 4083 496 4139 Ut
527 4101 717 4140 caseus
750 4086 990 4140 candens
1028 4085 1179 4139 locus
1208 4085 1300 4148 sit,
1337 4094 1393 4138 nt
1424 4083 1629 4138 ferunt.

425 4176 562 4230 llinc
583 4174 820 4242 laminam,
853 4191 1080 4245 prorsus
1101 4185 1349 4230 carentes
1388 4174 1549 4240 lacte,
1581 4176 1626 4229 si

423 4267 791 4322 Pulvisculum
822 4276 1062 4330 sumant,
1095 4268 1274 4336 rigant
1300 4267 1384 4320 lac
1407 4267 1458 4319 vi
1487 4281 1648 4322 nova.

424 4361 547 4422 Aio,
575 4372 737 4412 omne
768 4361 1028 4428 templum
1063 4370 1227 4426 atque
1260 4358 1535 4426 regionem
1565 4360 1865 4428 proximam

426 4449 564 4517 (Nisi
596 4464 761 4518 prava
801 4464 932 4518 gens
969 4450 1230 4504 incoleret
1257 4450 1329 4502 ob
1351 4449 1564 4519 culpam
1603 4455 1800 4521 meant)

429 4541 678 4594 Potuisse
711 4541 844 4596 dare
875 4542 1258 4597 miraculorum
1293 4541 1544 4597 ﬂutuina.

425 4631 630 4686 Natura
663 4650 788 4687 nam
815 4634 1029 4688 videtur
1067 4636 1306 4690 inanima
1341 4637 1439 4690 sub
1470 4636 1600 4706 jugo

431 4726 500 4780 Ut
532 4742 679 4780 more
705 4729 890 4783 servili
917 4730 1091 4797 capita
1119 4729 1232 4782 sint
1263 4728 1508 4796 subdita,

427 4819 696 4874 Nimirum
726 4821 997 4876 olivarum
1031 4837 1095 4874 ex
1129 4836 1260 4891 agro
1292 4822 1648 4886 Bethlemico,

425 4913 631 4965 Planta:
658 4921 714 4966 ut
739 4912 962 4967 novella:
994 4915 1296 4967 amentDei
1331 4914 1535 4968 cultum
1567 4915 1738 4984 pium.

423 5002 506 5056 Ad
536 5003 713 5057 ilicem
740 5019 864 5057 cum
902 5005 1147 5075 venerint
1176 5004 1302 5058 boni
1331 5005 1582 5074 hospitis,

425 5095 664 5150 Putealis
692 5105 852 5165 atque
886 5094 1094 5165 frigida:
1126 5097 1412 5166 dulcisque
1437 5115 1594 5167 aquae

424 5187 719 5240 Abraltami
756 5187 923 5256 prisci
947 5185 1128 5240 Patris
1157 5187 1474 5256 justissimi,

424 5279 553 5348 Ejus
583 5280 828 5347 sepulcro
860 5279 1228 5349 liberumque,
1255 5292 1309 5334 et
1345 5283 1480 5337 visis
1505 5287 1671 5348 casis,

423 5372 722 5428 Occursum
754 5375 819 5428 ad
857 5375 1016 5430 alma:
1051 5375 1342 5431 Trinitatis
1372 5376 1541 5440 obvii,

427 5465 694 5521 Solatium
727 5468 1001 5524 dictorum
1047 5469 1117 5524 ibi
1156 5471 1551 5526 invenerimus.

2035 507 2075 561 Α
2111 496 2636 568 Συγκεκλεισμένων
2665 496 2901 568 ἔστηκεν
2927 497 3180 568 όΊησοῦς
3207 500 3266 552 ἐν
3304 498 3480 568 μέσῳ,

2108 590 2218 642 Kal
2243 589 2342 659 τὴν
2364 590 2590 661 εἰρήνην
2629 589 2798 643 ἔδωκε
2825 591 2998 662 Θωμᾷ
3029 591 3352 662 πληροφορή
3365 610 3483 656 σας.

2108 683 2152 733 II
2163 681 2250 750 ρδς
2279 681 2334 732 δὲ
2361 681 2456 734 καὶ
2480 682 2928 751 προφητάνοντος
2953 682 3110 752 σορὸς
3146 681 3241 734 τοῦ
3263 681 3691 755 ψαλμογράφου,

2109 775 2217 826 Kal.
2248 775 2596 844 Σολομῶντος
2635 774 2732 828 τοῦ
2775 775 2940 845 σοφοῦ
2967 776 3253 846 προφήτου
3289 774 3578 846 βασιλέως,

2110 863 2356 933 Πέραθεν
2389 865 2445 918 δέ
2475 866 2843 936 τυγχάνουσιν
2875 869 2975 938 τῆς
3009 867 3148 936 πρὸς
3177 866 3395 936 δυσμὰς
3427 865 3692 935 πλατείας

2111 956 2556 1028 Λελεπρωμένων
2581 958 2826 1013 ἀσθενῶν
2855 960 3086 1029 ἀρχαῖαι
3119 958 3425 1023 κατοικίαι,

2109 1047 2221 1100 Kal
2247 1047 2384 1117 μετὰ
2413 1049 2618 1116 ταύτας
2653 1049 2935 1120 μάρτυρος
2966 1049 3094 1112 ναὸς
3127 1049 3224 1103 τοῦ
3249 1053 3583 1120 Προκοπίου.

2112 1140 2224 1194 Kal
2250 1141 2532 1208 γονικόθεν
2562 1141 2783 1212 οἴκησιν
2807 1143 2992 1196 ἐκεῖσε
3028 1142 3400 1212 κεκτημένου.

2111 1232 2223 1284 Kal
2252 1233 2393 1301 μετὰ
2412 1233 2604 1289 τοῦτον
2630 1233 2898 1306 ἀμπελὼν
2933 1233 3029 1290 τοῦ
3080 1236 3332 1290 Ναϐουθέ
3377 1236 3695 1311 καρπεύων.

2112 1322 2247 1378 Εἶτα
2277 1327 2372 1379 καὶ
2398 1325 2566 1390 τόπος
2590 1327 2794 1397 ὁμαλὸς
2819 1327 3138 1399 εὐρύχωρον
3178 1327 3383 1397 πεδίον,

2125 1418 2214 1471 Ἑν
2245 1411 2289 1484 ᾧ
2326 1417 2659 1473 καταλαϐεῖν
2698 1436 2834 1489 φασι
2871 1419 2966 1474 τὸν
2999 1421 3038 1474 Γ
3041 1420 3194 1475 ολιὰθ
3220 1423 3518 1494 χοράρχην.

2111 1512 2224 1581 Τῆς
2253 1511 2536 1583 λεωφόρου
2569 1513 2738 1584 μέσον
2769 1513 2829 1567 δὲ
2856 1512 2996 1586 πρὸς
3029 1514 3281 1586 Βηθλεὲμ
3307 1515 3576 1584 ἀγούσης,

2111 1603 2394 1674 Δεξαμένη
2434 1605 2780 1677 καθέστηκεν
2805 1606 3151 1680 ήγιασμένος
3193 1607 3388 1673 τόπος,

2125 1697 2214 1749 Ἐν
2252 1689 2296 1765 ᾧ
2349 1697 2586 1761 καθίσας
2623 1699 2884 1770 Ἀϐραάμ
2934 1698 3258 1754 καταλιπὼν
3290 1702 3418 1763 τοὺς
3447 1697 3694 1767 δούλους,

2116 1789 2222 1840 Τὸν
2255 1789 2508 1842 ποθεινὸν
2545 1790 2854 1862 ἀνέδραμεν
2891 1791 3006 1845 υἱὸν
3033 1791 3128 1845 τοῦ
3162 1789 3443 1847 θυσιάσαι.

2035 1867 2078 1923 Β
2109 1876 2264 1931 Μετὰ
2291 1879 2490 1948 μικρὸν
2526 1879 2620 1931 καὶ
2661 1878 2842 1933 Ἠλιοῦ
2877 1880 3160 1952 προφήτου
3197 1878 3341 1944 θεῖος
3371 1878 3556 1948 δόμος.

2110 1961 2246 2020 Εἶτα
2281 1968 2724 2039 παραγενόμενοι
2765 1971 2905 2043 πρὸς
2947 1969 3198 2040 Βηθλεέμ
3226 1969 3326 2040 τὴν
3367 1970 3549 2035 πόλιν,

2107 2059 2220 2113 Καὶ
2247 2059 2341 2112 τὸν
2371 2061 2500 2114 ναὸν
2542 2061 2897 2133 πατήσαντες
2938 2062 3033 2115 τὸν
3067 2062 3210 2115 θεῖον
3250 2062 3347 2132 τῆς
3383 2062 3696 2130 Παρθένου,

2107 2151 2204 2214 Εἰς
2233 2152 2466 2223 οὐρανὸν
2494 2154 2763 2222 ἐδόξαμεν
2790 2154 3055 2224 ἄντικρυς
3078 2155 3312 2209 ἀνιέναι.

2106 2243 2342 2314 Είδομεν
2369 2243 2479 2316 γὰρ
2505 2245 2566 2298 τὸ
2594 2246 2861 2316 σπήλαιον
2893 2246 2986 2300 τὸν
3012 2245 3248 2317 οὐρανὸν
3275 2246 3366 2300 τὸν
3397 2245 3582 2312 ἄλλον,

2121 2338 2239 2406 Ἐφ’
2264 2331 2418 2409 ᾧπερ
2442 2339 2476 2408 ή
2509 2339 2654 2393 πανὰ
2664 2357 2860 2410 μωμος
2882 2337 3283 2408 καταφυγοῦσα
3305 2338 3482 2409 Κόρη,

2122 2425 2573 2496 Ἀνερμηνεύτως
2604 2427 2796 2481 τέτοκε
2829 2428 2925 2483 τὸν
2954 2427 3165 2499 Κύριον
3195 2427 3296 2498 τῆς
3336 2427 3518 2496 δόξης.

2111 2517 2341 2587 Ἕτερον
2372 2517 2565 2585 θρόνον
2593 2518 2810 2590 εἴδομεν
2849 2518 2951 2590 τὴν
2992 2520 3205 2590 φάτνην
3236 2519 3335 2590 τὴν
3362 2519 3554 2587 ἁγίαν.

2110 2609 2190 2660 Τὰ
2223 2607 2481 2677 θαύματα
2509 2609 2826 2678 πηγάξοντα
2859 2612 2995 2664 πᾶσι
3031 2611 3248 2672 πιστοῖς
3281 2607 3561 2678 ἀφθόνως,

2123 2699 2211 2764 Ἐξ
2243 2692 2317 2752 ὧν
2338 2700 2388 2752 εί
2419 2697 2570 2752 λίθον
2603 2699 2745 2772 λάϐῃ
2777 2717 2862 2765 τις
2894 2700 2926 2771 ἢ
2959 2702 3114 2757 κόνιν
3158 2700 3261 2772 τὴν
3291 2699 3588 2772 τυχοῦσαν,

2122 2790 2471 2862 Ἀπαλλαγὴν
2499 2792 2803 2861 εὐρήσηται
2847 2794 3066 2847 πάντων
3097 2793 3204 2847 τῶν
3233 2793 3519 2849 ἐναντίων.

2110 2883 2216 2936 Σὺν
2237 2882 2450 2947 τούτοις
2476 2884 2532 2937 δε
2565 2885 2892 2955 κατείδομεν
2921 2887 3223 2957 ἀνόρυκτον
3255 2889 3316 2939 τὸ
3346 2887 3550 2957 φρέαρ,

2123 2974 2408 3029 Ἀναδοθέν
2437 2975 2772 3046 αὐτόματον,
2801 2978 2964 3048 ήνίκα
2995 2978 3105 3043 ζῶν
3129 2979 3188 3031 τὸ
3219 2977 3366 3048 ’ύδωρ

2121 3064 2460 3136 Ἐξεκενώθη
2489 3068 2774 3136 μυστικῶς
2816 3071 3007 3140 πηγῆς
3037 3071 3407 3138 ἀδιανοίκτου,

2032 3201 2078 3264 C
2125 3153 2450 3264 'Afp’fii‘lmp
2483 3161 2802 3231 ἐπεθύμησε
2839 3166 2984 3217 πιεῖν
3007 3164 3036 3217 ὁ
3075 3164 3510 3236 Ψαλμογράφος.

2122 3250 2214 3304 Ἐν
2249 3242 2293 3318 ᾧ
2327 3253 2421 3304 καὶ
2452 3253 2661 3320 Μάγων
2695 3253 2890 3323 ὁδηγὸς
2923 3255 3100 3326 ἀστὴρ
3131 3257 3160 3309 ό
3199 3259 3352 3328 παρὰ
3377 3258 3560 3326 φύσιν,

2124 3339 2212 3393 Ἐν
2234 3340 2310 3412 τῷ
2343 3341 2521 3412 καιρῷ
2553 3344 2649 3396 καὶ
2677 3344 2918 3412 μάλιστα
2963 3344 3076 3399 τῶν
3122 3346 3422 3415 γενεθλίων
3466 3347 3703 3416 λάμπει.

2113 3433 2350 3503 Εἴδομεν
2380 3433 2546 3487 τόπον
2566 3434 2728 3502 ἅγιον
2759 3436 2855 3489 καὶ
2887 3436 3038 3490 λίθον
3067 3438 3379 3507 αἱμοδόχον,
3539 3428 3544 3434 ’

2124 3525 2212 3576 Ἑν
2246 3519 2330 3587 οἷς
2375 3524 2616 3596 Ἡρώδου
2642 3525 2927 3597 τύραννοι,
2959 3531 3402 3600 καρατομοῦντες
3435 3529 3638 3601 βρέφη,

2109 3618 2201 3669 Ἐν
2223 3619 2338 3679 τοῖς
2371 3617 2640 3687 σπηλαίου
2674 3621 2869 3689 μέρεσι
2899 3623 3281 3691 παρέρριπτον
3305 3621 3379 3685 ὡς
3419 3622 3551 3693 ἄγῃ.

2114 3709 2266 3761 Ἀλλ’
2297 3711 2355 3761 ἐν
2383 3710 2556 3781 ἑτέρῳ
2593 3711 2866 3783 σποτεινῷ
2899 3713 3154 3784 σπηλαίῳ
3185 3715 3323 3784 κόρη
3367 3715 3532 3785 μόνη,

2111 3802 2217 3854 Τὸν
2249 3801 2457 3872 Κύριον
2489 3801 2838 3872 βαστάζουσα
2873 3804 2968 3858 καὶ
3011 3806 3552 3877 παρυποκρυϐοῦσα,

2112 3894 2222 3946 Kal
2247 3893 2340 3946 τοῦ
2372 3894 2557 3963 τιμίου
2585 3895 2858 3961 γάλακτος
2887 3896 3278 3961 σταλάξαντος,
3311 3899 3386 3962 ὡς
3419 3899 3604 3966 λόγος,
3665 3961 3674 3964 _

2111 3985 2467 4049 Κατάλευκος
2505 3987 2642 4040 ὡσεὶ
2672 3990 2838 4058 τυρὸς
2875 3989 2902 4041 ὁ
2936 3989 3106 4052 τόπος
3131 3991 3408 4059 ἐγεγόνει,

2124 4077 2218 4142 Ἐξ
2247 4072 2307 4132 οῦ
2340 4081 2605 4147 γυναῖκες
2633 4079 2907 4148 γάλακτος
2937 4081 3174 4152 πάμπαν
3197 4083 3596 4154 ἐστερημέναι,

2109 4169 2248 4232 Χοδς
2291 4169 2816 4240 μεταλαμϐάνουσαι
2851 4173 3145 4242 βλύζουσιν
3172 4174 3313 4244 ὑπὲρ
3349 4175 3534 4244 φύσιν.

2110 4263 2271 4331 Λέγω
2299 4263 2357 4316 δὲ
2388 4265 2571 4317 πάντα
2605 4264 2696 4318 τὸν
2720 4264 2852 4320 ναὸν
2889 4269 2986 4320 καὶ
3013 4269 3182 4321 τόπον
3218 4268 3310 4320 τὸν
3350 4269 3551 4331 ἐκεῖσε,

2113 4357 2174 4408 Εἰ
2211 4356 2288 4426 μὴ
2318 4356 2381 4409 τὸ
2403 4356 2558 4419 ἔθνος
2586 4354 2656 4430 ἦν
2683 4357 2890 4419 οἰκοῦν,
2925 4360 3067 4430 ἐμὰς
3096 4361 3166 4413 δι’
3196 4359 3498 4432 ἁμαρτίας,

2124 4445 2372 4511 Ἰίὶξαίσια
2401 4447 2469 4501 τὰ
2505 4447 2765 4519 θαύματα
2797 4449 3116 4521 ποταμηδὸν
3145 4452 3383 4522 ἐκχέειν.

2040 4539 2083 4594 D
2111 4540 2366 4594 Φαίνεται
2401 4539 2509 4612 γὰρ
2541 4542 2640 4596 καὶ
2674 4541 2884 4613 ἄψυχος
2914 4543 3076 4613 φύσις
3098 4543 3465 4614 ύποταγεῖσα,

2121 4632 2213 4696 Ὧς
2243 4635 2512 4700 δουλικῶς
2538 4637 2639 4700 τὰς
2663 4637 2914 4707 κορυφὰς
2955 4637 3100 4709 ἐχειν
3131 4639 3553 4702 ὑποκλινούσας,

2109 4727 2222 4790 Τὰς
2251 4730 2309 4780 ὲν
2333 4729 2412 4797 τῷ
2439 4729 2594 4799 τόπῳ
2625 4729 2870 4799 Βεθλεέμ
2901 4729 3093 4794 ἐλαίας
3127 4730 3187 4795 ἐξ
3213 4730 3450 4796 ἐκείνου,

2110 4816 2367 4886 Στέργειν
2394 4818 2563 4871 δὲκαὶ
2593 4820 2831 4889 νεόφυτα
2859 4821 2919 4874 τὸ
2952 4821 3089 4892 πρὸς
3118 4820 3208 4875 τὸν
3230 4821 3469 4892 κτίστην
3495 4820 3661 4884 σέϐας
3681 4838 3698 4854 ⁸

2121 4911 2263 4964 Ἀλλ’
2293 4913 2352 4964 ἐν
2388 4913 2513 4982 δρυὶ
2539 4914 2824 4983 γενόμενοι
2849 4916 2914 4985 τῇ
2950 4915 3049 4984 τῆς
3078 4913 3412 4984 φιλοξενίας,

2113 5002 2224 5053 Kal
2259 5003 2520 5071 φρεατίου
2553 5003 2745 5068 ὕδατος
2772 5005 2988 5076 ψυχροῦ
3025 5023 3084 5060 τε
3117 5007 3215 5060 καὶ
3238 5007 3479 5076 ποτίμου

2120 5092 2339 5155 ΙΙιὸντες
2364 5093 2457 5146 τοῦ
2485 5095 2831 5167 προπάτορος
2865 5098 3118 5169 Ἀϐραὰμ
3149 5098 3244 5152 τοῦ
3268 5098 3508 5163 δικαίου,

2115 5184 2225 5235 Καὶ
2255 5183 2356 5247 τὰς
2382 5185 2552 5240 αὑτοῦ
2583 5188 2676 5241 καὶ
2707 5189 2818 5242 τῶν
2845 5189 3012 5242 αὑτοῦ
3047 5191 3243 5260 σοροὺς
3271 5190 3368 5243 καὶ
3405 5189 3699 5252 κατοικίας

2125 5274 2367 5338 Ἰδόντες,
2397 5278 2492 5331 καὶ
2523 5280 2889 5350 προαπαντὴν
2926 5280 3161 5352 Τριάδος
3200 5281 3302 5348 τῆς
3332 5279 3498 5350 ἁγίας

2111 5365 2382 5437 Δευτέραν
2424 5367 2523 5442 τὴν
2568 5368 2857 5441 ἀναψυχὴν
2911 5369 3166 5442 εὕρωμεν
3225 5370 3332 5426 τῶν
3366 5366 3697 5440 λεχθέντων.
