4042 6394
402 406 3672 462 m

1563 571 2508 714 ΑΝΩΝΥΜΟΥ

1862 806 2226 865 ΔΠΟΔΕΙΞΙΣ

1307 977 1574 1071 ΠΕΡΙ
1601 975 1880 1077 ,ΤΩΝ
1950 974 2799 1072 ΙΕΡΟΣΟΛΥΜΩΝΑ

1643 1327 2448 1452 ANONYMUS

1079 1566 1235 1662 DE
1310 1564 1661 1662 LOCIS
1730 1565 1948 1658 HIE
1970 1564 3014 1666 ROSOLYMITANIS.

474 1919 547 1970 α’.
595 1909 828 1986 Ἐπειδὴ
870 1913 1022 1971 κατὰ
1069 1912 1171 1986 τὴν
1220 1911 1440 1984 ἀγαθήν
1492 1927 1587 1964 σου
1635 1909 1989 1982 προαίρεσιν,

2169 1910 2223 1966 1.
2257 1909 2359 1966 Pro
2399 1911 2540 1967 bona
2573 1913 2744 1969 animi
2777 1915 2855 1970 lui
2885 1915 3330 1989 sententia‘petis
3363 1929 3391 1970 a
3429 1929 3517 1971 me
3561 1932 3689 1971 nar-

417 2007 513 2058 καὶ
549 2003 780 2078 ζήτησιν
808 2006 945 2079 περὶ
983 2006 1096 2062 τῶν
1132 2006 1308 2076 ἁγίων
1338 2003 1543 2070 τόπων,
1593 2003 1662 2074 ἢν
1698 2002 1998 2073 ὲπεριεπά-

400 2117 486 2152 τει
511 2102 538 2154 6
564 2100 805 2170 Χριστὸς
833 2101 933 2156 καὶ
965 2103 1000 2172 ἡ
1030 2101 1326 2167 Θεοτόκος,
1364 2099 1461 2154 καὶ
1495 2099 1545 2152 oi
1577 2097 1728 2166 ἆγιοι
1754 2097 1996 2152 ἀπόστο-

405 2194 506 2250 λοι,
540 2194 634 2246 καὶ
682 2195 732 2247 οί
772 2195 1078 2265 προφῆται,
1112 2193 1207 2246 καὶ
1234 2191 1284 2245 οι
1336 2191 1518 2245 λοιποὶ
1565 2188 1734 2257 ἆγιοι,
1772 2189 1996 2257 ἀγαπη-

401 2286 487 2339 τοὶ
520 2285 768 2354 ἀδελφοὶ,
797 2285 865 2339 va
908 2285 1110 2355 μάθετε
1141 2283 1274 2355 περ)⁴
1310 2282 1412 2352 τῆς
1456 2281 1621 2351 ἁγίας
1651 2281 1862 2344 πόλεως
1901 2278 2000 2333 Ἰε-

361 2367 712 2451 ’ρουσαλὴμ,
745 2377 1044 2448 ἐξαιρέτως
1089 2379 1149 2432 δὲ
1200 2376 1271 2430 τὰ
1332 2377 1505 2441 Ἀγια
1534 2375 1644 2430 τῶν
1693 2373 1888 2442 ἁγίων,
1933 2373 1996 2427 τὸ

404 2472 763 2544 Γεθσημανὴ,
818 2472 880 2527 τὸ
926 2471 1055 2542 ὄρος
1112 2470 1222 2524 τῶν
1269 2467 1525 2523 Ἐλαιῶν.
1574 2465 1898 2538 Ἀρξὼμεθα
1943 2464 2001 2519 δὲ

405 2565 658 2621 ἐντεῦθεν
693 2565 802 2619 ἀπὸ
825 2562 921 2618 τοῦ
955 2562 1228 2633 ζωοδὸχου
1258 2562 1436 2632 τάφου
1482 2558 1574 2615 τοῦ
1605 2557 1814 2630 Κυρίου
1838 2555 2002 2627 ἡμῶν

417 2659 596 2730 Ἰησοῦ
655 2656 923 2730 Χριστοῦ.
965 2657 1028 2711 '0
1091 2656 1194 2726 μὲν
1238 2655 1366 2719 ναὸς
1425 2653 1521 2707 τοῦ
1565 2650 1753 2720 Ἀγίου
1809 2648 2001 2718 Τάφου

409 2751 649 2824 ὑπάρχει
702 2748 1180 2822 στρογγυλοειδὴς,
1237 2747 1390 2802 ἔστιν
1443 2749 1502 2801 έν
1557 2745 1638 2816 τῷ
1699 2745 1854 2816 μέσῳ
1903 2743 2003 2815 τῆς

411 2843 574 2910 ἁγίας
613 2842 822 2906 πόλεως
864 2840 1246 2913 Ἰερουσαλὴμ,
1279 2841 1376 2894 καὶ
1437 2838 1554 2909 ἔχει
1588 2837 1857 2910 τρούλλας
1883 2836 2000 2891 δύο.

416 2931 576 2999 Ἔχει
633 2928 729 2983 καὶ
784 2929 1180 3001 καμπανάριον
1218 2928 1560 3000 ὡραιότατον
1601 2927 2003 2997 κεκολλημένον

425 3018 566 3087 μετὰ
591 3018 684 3072 τὸν
738 3018 898 3087 ἅγιον
929 3019 1080 3083 ναὸν,
1117 3019 1216 3071 καὶ
1267 3017 1556 3087 φαίνονται
1587 3017 1697 3071 ἀπὸ
1725 3016 2004 3087 μακρόθεν

413 3111 493 3174 εἰς
543 3109 715 3164 τύπον
767 3111 868 3180 τῆς
900 3109 1064 3180 ἁγίας
1095 3109 1350 3181 Τριάδος.
1406 3108 1471 3162 Ἦ
1528 3107 1584 3162 δὲ
1618 3109 1719 3179 μία
1770 3106 2004 3178 τρούλλα

411 3199 548 3253 ὁποῦ
579 3196 721 3255 εἶναι
747 3198 935 3253 ἐπάνω
966 3199 1064 3254 τοῦ
1100 3199 1260 3266 ἁγίου
1303 3201 1481 3269 τάφου
1523 3199 1646 3254 έναι
1679 3200 2002 3254 ἁνασκέπα-

414 3309 538 3363 στη,
574 3293 658 3347 ὅτι
689 3293 894 3347 ἁπεκεϊ
922 3291 1217 3346 κατέϐαινε
1245 3292 1306 3344 τὸ
1345 3268 1502 3361 ἁγιον
1528 3292 1642 3362 φῶς
1671 3309 1686 3326 ο
1719 3293 1753 3364 ἡ
1781 3293 1840 3346 δὲ
1864 3291 2002 3362 άλλη
2035 3268 2078 3323 Β

412 3384 645 3456 τρούλλα
702 3383 1153 3454 ὲνεσκεπασμένη
1199 3384 1339 3454 μετὰ
1376 3383 1667 3454 μολύϐδου,
1718 3385 1814 3438 καὶ
1857 3383 2005 3439 έσωο

403 3479 512 3534 -θεν
547 3477 820 3548 ἐνδυμένη
868 3477 1214 3547 μετασκευὴν
1247 3475 1468 3546 ξυλίνην
1509 3475 1614 3540 ’ἐως
1644 3473 1716 3529 τὰ
1759 3475 2004 3548 ζωνάρια

416 3567 512 3622 τοῦ
545 3568 757 3639 τοίχου.
792 3567 901 3622 Καὶ
933 3568 1042 3622 ἀπὸ
1067 3567 1167 3640 τὴν
1196 3567 1378 3638 ζώνην
1403 3568 1498 3621 καὶ
1533 3567 1688 3622 κάτω
1716 3565 1862 3621 εἶναι
1883 3583 2006 3622 στο-

419 3660 652 3733 ρισμένη
717 3659 860 3732 μετὰ
917 3661 1126 3732 μωσίου
1181 3659 1387 3732 χρυσοῦ
1447 3660 1561 3714 ὅλοι
1609 3661 1659 3713 οἱ
1699 3660 2003 3732 προφῆται,

416 3755 514 3807 καὶ
541 3756 569 3808 6
599 3753 792 3823 Μέγας
822 3755 1258 3819 Κωνσταντίνος,
1288 3753 1383 3808 καὶ
1410 3755 1443 3825 ή
1473 3753 1607 3823 ἁγία
1649 3751 1861 3825 Ἑλένη.
1893 3752 2006 3806 Καὶ

415 3846 526 3900 ἀπὸ
551 3847 705 3900 κάτω
737 3846 849 3900 τῶν
879 3845 1184 3917 προφητῶν
1227 3841 1370 3902 εἶναι
1426 3848 1698 3919 μάρμαρα
1737 3847 2006 3920 πορφυρᾶ

417 3937 799 4008 κεκολλημένα
841 3939 922 4002 είς
955 3938 1046 3990 τὸν
1084 3939 1266 4009 τοῖχον
1305 3940 1408 4009 τῆς
1451 3939 1721 4008 ἱστορίας,
1751 3937 1850 3993 καὶ
1906 3938 2006 4007 γύ-

415 4029 594 4102 ρωθεν
656 4025 800 4083 εἶναι
860 4031 931 4082 τὰ
991 4029 1385 4102 κατηχούμενα
1439 4031 1537 4084 τοῦ
1584 4030 1744 4100 ἁγίου
1805 4031 2002 4100 τάφου.

427 4121 746 4194 Ὕπάρχουν
781 4121 879 4176 καὶ
923 4121 1174 4186 κολόναις
1229 4124 1644 4194 μαρμαρεῖναις
1689 4122 1858 4189 ὀκτὼ,
1909 4127 2006 4180 καὶ

327 4233 330 4236 ’
416 4213 654 4284 ποδάρια
697 4212 844 4268 ὀκτὼ
887 4214 947 4280 ἐξ
988 4215 1099 4270 ἀπὸ
1128 4217 1198 4270 τὰ
1230 4216 1456 4282 στάολα,
1491 4216 1587 4269 καὶ
1620 4217 1772 4270 κάτω
1800 4216 2002 4286 ἔδαφος

416 4308 535 4360 έναι
575 4306 827 4370 κολόναις
869 4304 970 4372 ις’,
1024 4310 1122 4363 καὶ
1166 4309 1371 4362 κιονίον
1416 4307 1635 4378 χοντρό.
1680 4309 1790 4361 Καὶ
1825 4309 1907 4372 είς
1941 4308 2004 4363 τὸ

420 4401 587 4470 μέσον
617 4402 718 4472 τῆς
745 4400 1017 4472 τρούλλας
1048 4401 1127 4465 είς
1158 4401 1219 4455 τὸ
1253 4401 1450 4471 ἔδαφος
1474 4401 1573 4470 τῆς
1603 4404 1706 4470 γῆς
1728 4400 1846 4454 έναι
1877 4418 2005 4456 κου-

417 4491 671 4547 σούκλιον
703 4495 961 4564 πέτρινον
1003 4494 1368 4566 ὡραιότατον,
1421 4495 1515 4547 καὶ
1551 4496 1721 4563 μέσον
1744 4493 1838 4548 τοῦ
1871 4512 1998 4550 κου-

2102 2003 2372 2059 rationem
2429 2006 2496 2061 de
2550 2006 2686 2062 locis
2717 2008 2944 2076 sanctis,
2996 2024 3095 2080 per
3144 2023 3267 2079 quae
3311 2008 3586 2074 Christus,
3634 2017 3688 2063 et

2101 2095 2357 2166 Deipara,
2391 2107 2449 2153 et
2475 2097 2649 2154 sancti
2692 2099 2946 2168 apostoli,
2997 2110 3050 2155 et
3076 2100 3376 2171 prophetae,
3409 2110 3464 2155 et
3492 2101 3689 2170 reliqui

2104 2191 2303 2256 sancti,
2335 2192 2779 2247 obambularunt.
2814 2192 3018 2248 Morem
3050 2209 3260 2263 geram.
3299 2193 3524 2249 Fratres
3556 2195 3692 2248 cha-

2102 2279 2332 2345 rissitui,
2367 2279 2575 2346 audite,
2609 2297 2730 2350 quae
2759 2283 3006 2339 dicturus
3061 2299 3180 2340 sum
3229 2285 3297 2340 de
3327 2293 3513 2341 sancta
3553 2287 3692 2341 urbe

2100 2367 2426 2436 Jerusalem,
2468 2379 2524 2424 et
2570 2369 2914 2440 potissimum
2965 2375 3033 2428 de
3086 2371 3305 2428 Sanctis
3340 2383 3688 2438 sanctorum,

2101 2457 2479 2527 Gethsemani,
2534 2469 2590 2516 et
2631 2471 2818 2519 monte
2857 2462 3164 2518 Olivarum.
3217 2463 3300 2518 Sit
3329 2478 3459 2519 vero
3491 2473 3693 2520 nostra,
3785 2519 3792 2526 ,

2103 2553 2434 2610 narrationis
2469 2555 2685 2617 initium
2705 2554 2751 2615 fa
2797 2557 3014 2612 vivilico
3046 2556 3300 2627 sepulcro
3331 2555 3544 2612 Domini
3592 2573 3695 2613 no-

2103 2646 2201 2703 stri
2225 2645 2360 2702 Jesu
2382 2645 2612 2705 Christi.
2639 2648 2922 2720 Templum
2949 2653 3125 2708 sancti
3151 2652 3387 2723 sepulcri
3408 2660 3491 2708 est
3517 2650 3694 2706 forma

2104 2739 2361 2808 rotunda,
2396 2739 2450 2794 in
2482 2741 2658 2796 media
2693 2752 2882 2798 sancta
2906 2745 3127 2799 clvitate
3155 2743 3461 2801 Jerusalem
3498 2745 3694 2807 situm,

2095 2831 2318 2888 duabus
2371 2831 2548 2889 trullis
2604 2833 2990 2904 conspicuum.
3031 2835 3207 2892 Habet
3253 2823 3358 2892 sibi
3417 2853 3695 2892 annexum

2104 2924 2408 2994 campanile
2451 2925 2904 2995 pulcherrimum.
2955 2926 3087 2994 Quae
3140 2929 3303 2996 longe
3351 2929 3561 2985 dissitis
3613 2936 3698 3000 ty-

2104 3031 2234 3086 pum
2301 3019 2664 3074 sanctissimte
2727 3019 2945 3074 Triadis
2995 3031 3412 3090 reprasentant.
3471 3023 3694 3090 Trulla,

2105 3125 2271 3179 super
2305 3118 2556 3164 sanctum
2599 3111 2913 3180 sepulcrum
2960 3114 3231 3176 eminens,
3285 3115 3432 3168 nullo
3497 3116 3699 3185 tegitur

2109 3213 2289 3270 tecto;
2348 3203 2492 3272 quod
2559 3203 2686 3257 inde
2746 3203 3110 3259 descenderet
3164 3217 3411 3260 sanctum
3471 3206 3696 3262 lumen:

2108 3295 2214 3348 alia
2249 3295 2472 3365 plumbo
2501 3295 2831 3364 contegitur,
2854 3302 2910 3350 et
2937 3295 3084 3350 intus
3111 3304 3388 3352 structura
3428 3297 3603 3368 lignea
3629 3299 3699 3353 atl

2109 3385 2385 3455 cingulum
2424 3386 2566 3441 muri
2598 3385 3071 3444 circumvestitur.
3107 3387 3150 3442 A
3177 3388 3417 3460 cingulo,
3450 3399 3504 3445 et
3534 3389 3697 3457 intra,

2109 3479 2322 3534 mttsit'u
2374 3493 2542 3533 aureo
2591 3493 2783 3534 omnes
2831 3480 3236 3548 prophetze,‘et
3280 3497 3511 3552 magnus
3556 3483 3702 3537 Con-

2110 3571 2410 3634 stantium,
2440 3580 2496 3626 et
2519 3581 2706 3625 sancta
2741 3570 2962 3635 Helena.
3005 3571 3208 3642 depicti
3249 3583 3398 3628 sunt.
3435 3572 3549 3629 Sub
3576 3590 3702 3644 pro-

2110 3662 2291 3732 phetis
2334 3678 2609 3733 purpurea
2665 3675 2938 3719 marmora
2995 3680 3153 3720 muro
3203 3666 3547 3738 inﬁguntur:
3595 3668 3706 3723 cir-

2110 3771 2234 3811 cum
2288 3767 2540 3812 sanctum
2598 3758 2911 3826 sepulcrum
2979 3761 3493 3815 cateclntmenorum
3556 3763 3702 3816 mdes

2111 3851 2537 3921 amplectuntur.
2589 3849 2729 3906 Sunt
2778 3860 2832 3906 et
2879 3852 3148 3908 columnae
3191 3867 3510 3909 marmoreae
3551 3864 3697 3919 octo,

2107 3954 2262 3997 extra
2295 3944 2560 3999 stationes
2599 3958 2616 3998 :
2652 3953 2706 3998 et
2755 3945 2804 3998 in
2857 3946 3171 4014 pavimento
3208 3945 3474 4001 columnae
3504 3949 3699 4002 sexde-

2109 4037 2237 4102 cim,
2277 4045 2329 4090 el
2376 4037 2617 4090 ciouiuttt
2655 4050 2927 4091 crassum.
2965 4035 3020 4089 In
3065 4036 3223 4090 trulla
3259 4037 3441 4092 media
3487 4046 3542 4091 et
3585 4038 3702 4106 ipso

2111 4130 2430 4201 pavimento
2496 4127 2742 4182 cerni-tur
2804 4127 3057 4182 cubiculo
3109 4143 3325 4182 sacrum
3382 4131 3696 4200 sepulcrum

2110 4217 2326 4274 Domini
2369 4221 2542 4274 nostri
2585 4217 2714 4274 Jesn
2743 4219 2975 4274 Christi.
3020 4218 3156 4275 Cum
3186 4229 3397 4290 portam
3448 4221 3702 4291 ingrede—

2108 4312 2206 4378 ris,
2239 4312 2393 4367 vides
2425 4311 2493 4366 ibi
2526 4311 2802 4382 jacentetn
2853 4311 3088 4380 lapidem
3135 4313 3228 4382 qui
3270 4314 3543 4370 revolutus
3573 4315 3694 4371 fne-

2108 4415 2192 4459 rat
2241 4419 2272 4460 e
2316 4412 2692 4466 monumento,
2732 4403 2895 4459 veluti
2930 4413 3174 4459 sanctam
3210 4419 3474 4473 mensam,
3512 4407 3700 4463 candi-

2107 4496 2256 4561 dam,
2287 4507 2340 4550 et
2384 4495 2835 4565 pulcherrimam.
2875 4494 3051 4564 Supra
3084 4506 3338 4551 sanctum
3387 4500 3697 4566 sepulcrum

417 4585 673 4639 6ουκ).ίου
705 4584 823 4639 έναι
851 4587 879 4639 6
914 4586 1072 4659 ἅγιος
1103 4587 1277 4654 τάφος
1317 4585 1413 4640 τοῦ
1447 4585 1658 4655 Κυρίου
1691 4587 1852 4656 ἡμῶν
1897 4587 2002 4658 ’1ης

2111 4589 2346 4658 pendent
2381 4589 2600 4659 triginta
2634 4603 2726 4644 sex
2755 4589 3058 4658 lampades,
3104 4603 3337 4658 quarum
3371 4592 3492 4645 duae
3534 4601 3696 4647 noctu

418 4677 514 4730 σοῦ
554 4676 820 4748 Χριστοῦ.
871 4679 982 4732 Καὶ
1017 4677 1365 4748 έμπένοντας
1401 4677 1463 4730 τὸ
1510 4677 1686 4749 πορτὴ
1718 4678 1814 4732 τοῦ
1844 4679 2002 4747 ἁγίου

412 4770 591 4837 τάφου
649 4770 828 4822 κεῖται
863 4770 892 4822 6
939 4767 1092 4834 λίθος
1130 4770 1160 4824 6
1189 4769 1584 4834 ἀποκυλισθεὶς
1624 4772 1690 4824 ὲκ
1730 4769 1826 4824 τοῦ
1865 4771 2004 4842 μνή-

418 4877 622 4930 ματος.
660 4861 855 4934 ὥσπερ
912 4862 1046 4932 ἁγία
1095 4861 1373 4933 τράπεζα,
1427 4861 1599 4934 λευκὴ
1646 4864 2002 4934 ὡραιότατος.

417 4954 530 5008 Καί⁹
566 4956 595 5007 6
628 4952 786 5022 ὄιγιος
813 4953 984 5024 τάφος
1037 4953 1157 5010 έναι
1219 4955 1601 5028 μαρμαρέῖνος
1633 4955 2004 5026 ὡραιότατοςο

422 5047 518 5101 καὶ
536 5047 746 5103 ἄνωθεν
779 5048 876 5103 τοῦ
908 5049 1067 5118 ἁγίου
1121 5048 1294 5117 τάφου
1326 5048 1666 5120 κρεμοῦνται
1704 5047 2000 5120 κανδήλαις

420 5141 533 5207 λς’,
579 5142 677 5196 καὶ
723 5142 820 5196 δύο
875 5144 974 5198 καὶ
1006 5143 1386 5213 φωταγωγοῦν
1418 5142 1593 5200 νύκτα
1625 5145 1720 5197 καὶ
1756 5142 1998 5214 ἡμέραν.

421 5228 575 5291 Εἶναι
601 5232 698 5288 καὶ
752 5234 1090 5307 ίστορημένη
1142 5235 1176 5306 ἠ
1228 5233 1561 5304 Λαζάρωσις
1598 5232 1693 5287 τοῦ
1733 5231 2000 5304 Χριστοῦ,

2113 4681 2311 4750 diuque
2373 4680 2640 4736 continue
2694 4682 2908 4736 ardent.
2978 4680 3232 4750 Depictus
3295 4691 3380 4737 est
3422 4684 3693 4754 Christus,

2117 4783 2455 4829 mortuorum
2511 4773 2844 4828 indumentis
2895 4775 3128 4827 amictus
3161 4791 3178 4830 :
3213 4782 3322 4828 tum
3381 4775 3550 4844 ipsius
3589 4777 3696 4833 lie-

2113 4865 2402 4930 surrectio,
2447 4875 2501 4919 et
2531 4863 2820 4919 Ascensio.
2850 4863 3074 4919 Circum
3108 4863 3419 4934 sepulcrum
3448 4867 3699 4922 ambiunt

2119 4971 2390 5013 marmora
2423 4955 2620 5027 parieti
2651 4956 2796 5023 ﬁxa;
2826 4967 2880 5011 et
2905 4956 2958 5010 in
2993 4957 3307 5026 pavimento
3333 4972 3498 5027 penes
3525 4957 3702 5027 ipsum

2115 5059 2194 5105 est
2230 5050 2369 5105 alius
2400 5049 2559 5118 lapis,
2595 5050 2648 5104 in
2682 5065 2792 5121 quo
2828 5049 2970 5105 sedit
2993 5051 3239 5121 angelus,
3259 5061 3313 5104 et
3337 5051 3474 5103 dixit
3504 5052 3699 5106 mulie-

2117 5143 2267 5198 ribus
2306 5159 2321 5197 :
2367 5141 2511 5208 Quid
2568 5145 2816 5214 qumritis
2857 5142 3039 5198 Iesum
3092 5141 3480 5199 Nazarenam?
3529 5159 3704 5196 resur-

2118 5234 2297 5302 rexit;
2323 5249 2426 5288 non
2449 5245 2524 5292 est
2567 5236 2655 5289 hic
2679 5236 2722 5290 ⁸.
2755 5235 2934 5306 Super
2964 5234 3193 5306 lapidem
3225 5234 3462 5305 pendent
3493 5235 3704 5304 lampa-

418 5324 516 5378 καὶ
535 5325 568 5396 ὴ
588 5323 936 5391 Ἀνάστασις,
959 5325 1054 5379 καὶ
1075 5324 1442 5396 ήἈνάληψις.
1478 5325 1589 5379 Καὶ
1615 5324 1695 5388 είς
1727 5323 1818 5377 τὸν
1837 5321 2004 5395 γῦρον

2113 5325 2211 5382 des
2242 5335 2498 5396 quatuor.
2533 5327 2710 5398 Supra
2743 5337 2993 5383 sanctum
3018 5326 3328 5398 sepulcrum
3353 5333 3438 5382 est
3466 5341 3700 5398 parvum

417 5415 514 5468 τοῦ
535 5417 710 5485 τάφου
745 5416 1032 5490 ὑπάρχουν
1070 5417 1343 5490 μάρμαρα
1374 5417 1760 5489 κεκολλημένα
1801 5419 1884 5482 είς
1911 5417 2004 5472 τὸν

2110 5421 2310 5489 cubile,
2369 5421 2588 5493 plumbo
2621 5431 2969 5490 contectum;
2999 5428 3054 5476 et
3095 5436 3128 5476 a
3165 5419 3451 5476 duodecim
3493 5419 3700 5475 colum-

419 5509 621 5578 τεῖχον.
655 5509 770 5562 Καὶ
814 5509 898 5573 είς
928 5509 991 5564 τὸ
1041 5509 1242 5580 ἔδαφος
1275 5511 1408 5582 παρ’
1455 5509 1622 5566 αὐτοῦ
1661 5499 1843 5580 ὀλίγον
1881 5510 2004 5565 ὅσον

2115 5516 2205 5573 nis
2239 5515 2528 5586 purpureis
2577 5524 2633 5572 et
2663 5515 2847 5572 aureis
2875 5513 3128 5586 capitulis
3159 5515 3484 5581 sustinetur,
3530 5513 3700 5568 musi-

423 5601 468 5673 β’
498 5603 724 5676 βήματα
755 5603 936 5660 ποδῶν
959 5603 1078 5660 έναι
1105 5605 1135 5661 6
1167 5605 1317 5672 λίθος
1340 5604 1481 5663 ὀποῦ
1511 5604 1770 5665 ἐκάθισεν
1793 5606 1822 5662 ὁ
1841 5605 2004 5678 ἄγγε-

2114 5622 2296 5679 chue
2321 5621 2492 5668 aureo
2525 5607 2764 5681 undique
2808 5608 2991 5668 varias
3045 5607 3310 5683 imagines
3342 5605 3529 5666 refert.
3571 5605 3702 5664 Inde

492 5765 513 5800 ⁸
537 5763 736 5826 Matth.
772 5781 968 5839 xxvut,
1001 5767 1058 5838 5,
1092 5768 1150 5826 6.
