4042 6410
1790 389 2136 455 ANONYMI
2620 407 2626 416 -
3467 375 3601 458 eis

335 426 442 486 Ητῖὸ

341 534 614 592 descendit
647 541 886 585 sanctum
923 531 1105 583 lumen
1135 535 1324 581 sancto
1363 534 1415 578 et
1450 536 1642 592 magno
1671 518 1909 573 Sahhato
1941 519 1969 576 Α

2072 527 2127 574 ις,
2171 507 2268 561 καὶ
2303 505 2426 560 εἷπε
2459 502 2580 568 ταῖς
2606 499 2844 572 γυναιξὶ,
2887 500 2946 555 Τί
2970 497 3192 568 ζητεῖτε
3233 489 3472 560 Ἰησοῦν
3496 493 3605 544 τὸν

341 631 472 680 hora
508 623 841 692 vespertina,
877 629 929 673 el
961 619 1024 673 ad
1061 629 1310 671 sanctum
1368 600 1572 668 Cht‘isti
1607 609 1913 676 sepulcrum

2072 600 2363 669 αζαρηνόν
2379 614 2399 662 ;
2427 595 2672 668 ἠγέρθη,
2701 598 2811 648 οὐκ
2841 589 2949 646 εἶν’
2981 585 3118 645 ὦδε.
3137 588 3248 641 Kal
3272 583 3479 640 ἄνωθεν
3506 579 3604 635 τοῦ

342 733 464 771 sese
489 716 742 785 applicat,
771 712 1068 780 statimque
1096 708 1398 778 lampades,
1448 706 1647 759 ibidem
1674 702 1918 772 penden-

2072 694 2174 746 θου
2206 691 2543 762 κρεμοῦνται
2571 687 2837 757 κανδὴλια
2863 683 2926 740 δ’.
2957 683 3069 737 Kal
3095 683 3292 733 ἁπάνω
3322 675 3420 730 τοῦ
3444 674 3604 743 ἁγίου

345 766 461 771 ""'
525 766 656 785 It"
982 766 995 780 ι
1209 766 1224 778 ι
1385 766 1395 772 -
1675 766 1687 772 -

345 821 445 873 tes,
477 807 878 860 accenduntur.
919 802 1090 869 Prope
1122 800 1380 866 templum
1417 795 1615 850 sacella
1639 791 1918 862 possiden-

2072 785 2194 852 ἱφου
2231 778 2373 835 εἷναι
2420 778 2748 834 κουῆούκλιν
2797 774 2995 848 μικρὸν
3047 766 3606 843 μολιϐδοσκέπαστον,

342 913 432 953 tur
465 899 532 953 ab
560 896 851 957 haereticis,
887 891 1159 954 Armeuis,
1197 889 1478 952 Jacohitis,
1525 886 1688 949 ludis,
1718 883 1915 937 Nesm-

2072 875 2438 943 δισταζόμενον
2471 873 2576 926 ὑπὸ
2599 871 2810 925 δώδεκα
2847 867 3055 921 στόλων
3092 861 3376 936 πορφυρὺν
3407 876 3608 930 χρυσο-

342 991 534 1045 rianis.
587 987 694 1042 Nos
743 986 1054 1040 universum
1100 979 1348 1036 ecclesia:
1412 993 1609 1047 corpus
1655 985 1919 1030 tenemus.

2072 966 2282 1036 ἔφαλον,
2317 961 2460 1018 εἶναι
2491 964 2589 1016 καὶ
2623 961 3009 1032 ἱστορισμένον
3061 958 3202 1029 μετὰ
3245 954 3344 1008 τοῦ
3379 952 3609 1024 μουσίου

344 1084 491 1137 later
527 1081 659 1134 duas
716 1075 905 1130 trullas
963 1073 1141 1128 fornix
1180 1073 1290 1126 lata
1341 1043 1677 1132 extenditur,
1721 1069 1774 1121 in
1816 1079 1923 1131 qua

2072 1056 2252 1129 ρυσοῦ.
2293 1055 2544 1110 Ἐκεῖθεν
2575 1053 2900 1108 καταϐαίνει
2941 1051 3004 1104 τὸ
3035 1049 3190 1118 ἅγιον
3217 1047 3332 1118 φῶς
3361 1045 3440 1116 τῷ
3468 1043 3609 1111 ἁγίῳ

346 1175 559 1230 musivo
616 1170 830 1240 depicta
899 1167 1095 1222 visitur
1153 1163 1402 1219 ascensio
1473 1158 1684 1215 Domini
1749 1156 1922 1211 nostri

2072 1151 2122 1203 al
2153 1148 2378 1220 μεγάλῳ
2409 1144 2680 1216 Σα66άτῳ
2721 1144 2843 1214 ὥρᾳ
2880 1139 3198 1214 ὲσπερινοῦ,
3242 1136 3340 1192 καὶ
3372 1151 3612 1208 προσεγ-

346 1266 474 1321 Jcsu
507 1262 734 1328 Christi,
771 1269 826 1315 et
867 1256 1210 1312 annuntiatio
1253 1253 1614 1310 sanctissimae
1648 1246 1918 1318 Virginis;

2072 1241 2169 1305 ίζει
2195 1239 2292 1294 τοῦ
2335 1239 2495 1308 ἁγίου
2529 1239 2706 1307 τάφου
2739 1236 2834 1290 τοῦ
2884 1233 3149 1307 Χριστοῦ,
3197 1231 3294 1285 καὶ
3329 1229 3495 1291 εὐθὺς
3547 1226 3612 1280 ἆ-

346 1319 653 1427 pendetque
696 1319 803 1405 tina
856 1350 1087 1418 lampas.
1141 1346 1254 1401 Sub
1304 1343 1464 1399 trulla
1530 1342 1586 1397 in
1638 1341 1926 1411 pavimen—

2072 1350 2256 1387 τουσιν
2303 1333 2362 1386 αἱ
2393 1330 2692 1402 κανδήλαις
2739 1327 2836 1383 τοῦ
2868 1328 3028 1396 ἁγίου
3072 1327 3267 1395 τάφου.
3304 1319 3460 1377 Εἶναι
3490 1322 3611 1373 Πα-

349 1459 407 1505 ιο
457 1457 539 1503 εει
591 1445 879 1500 umbilicus
929 1451 1106 1507 terrae,
1137 1439 1287 1494 orbis
1341 1449 1608 1492 terrarum
1655 1431 1922 1497 medium;

2072 1423 2304 1494 ακλήσια
2337 1422 2448 1476 τῶν
2495 1417 2819 1492 αἱρετικῶν,
2883 1416 3216 1487 Ἀρμενίων.
3255 1411 3613 1472 ’1ακω6ιτῶν,

349 1540 659 1612 pendetque
709 1532 1143 1607 polycandelum.
1197 1529 1336 1584 Sunt
1380 1539 1434 1583 et
1472 1526 1646 1583 cionia
1689 1523 1930 1578 maxima

2072 1516 2338 1580 [νδιανῶν,
2369 1513 2760 1584 Νεστοριανῶν
2788 1529 2870 1566 τε.
2919 1512 2985 1564 οι
3013 1508 3072 1561 δὲ
3115 1509 3278 1578 ἡμεῖς
3313 1507 3509 1575 ἔχομεν
3554 1501 3618 1554 τδ

349 1590 608 1700 (Quatuor.
637 1590 750 1678 Sub
777 1590 964 1678 eadem
992 1619 1149 1674 trulla
1179 1627 1260 1674 est
1287 1617 1450 1672 Bema
1491 1614 1699 1682 templi,
1734 1614 1788 1667 in
1822 1624 1932 1682 quo

2073 1604 2321 1659 αθολικδν
2349 1603 2445 1656 τοῦ
2489 1601 2640 1656 ναοῦ.
2692 1601 2805 1656 Kal
2848 1597 3124 1669 ἁναμέσον
3160 1594 3268 1649 τῶν
3291 1595 3385 1648 δύο
3411 1590 3619 1662 τρούλ-

349 1718 635 1774 orthodoxi
689 1715 885 1771 missas
922 1711 1218 1767 celebrant.
1263 1708 1472 1762 lllusivo
1515 1705 1783 1771 depictum
1825 1712 1930 1763 est,

2072 1716 2142 1752 ων
2171 1697 2287 1768 ἔχει
2313 1696 2544 1766 καμάρα
2577 1694 2825 1765 μηγάλη,
2853 1693 2948 1746 καὶ
2969 1691 3087 1744 έναι
3119 1687 3455 1759 στορισμένη
3480 1687 3621 1757 μετὰ

352 1827 460 1880 quo
489 1812 612 1864 item
649 1807 893 1876 depictus
933 1803 1188 1858 Christus
1217 1800 1408 1854 aﬂixus
1439 1797 1807 1868 conspicitur;
1844 1796 1930 1848 in-
1963 1859 1969 1880 ‘

2072 1789 2263 1843 ,ουσίου
2312 1789 2346 1859 ἡ
2377 1786 2648 1857 ἀνάληψις
2693 1785 2789 1840 τοῦ
2837 1783 3042 1856 Κυρίου
3078 1780 3235 1854 ήμῶν
3274 1778 3454 1851 Ἰησοῦ
3483 1777 3621 1849 Χρι-

354 1859 576 1968 (ἒίδὲιίιυθ
605 1859 738 1954 sun;
770 1895 973 1951 litteris
1002 1892 1168 1948 verba
1199 1908 1213 1945 :
1243 1888 1537 1945 Nobiscum
1564 1859 1742 1951 Deus;
1766 1859 1932 1954 agno-
1963 1859 1969 1915 Ῑ

2072 1882 2149 1950 οῦ,
2187 1881 2283 1936 καὶ
2339 1880 2742 1950 εὐαγγελισμδς
2793 1878 2896 1950 τῆς
2957 1874 3270 1950 ὑπεραγίας
3323 1871 3620 1934 θεοτόκου,

353 1963 507 2057 scite,
539 1998 736 2061 gentes,
767 1997 814 2043 et
863 1986 1048 2042 cedite.
1083 1982 1358 2039 Ambitum
1389 1981 1627 2035 Bematis
1666 1987 1934 2047 occupant

2077 1977 2135 2029 al
2188 1975 2458 2046 κρέμεται
2508 1972 2605 2044 μία
2663 1971 2926 2043 κανδήλα.
2979 1967 3091 2023 Kal
3141 1967 3251 2023 ἀπὸ
3317 1967 3472 2020 κάτω
3521 1963 3628 2032 τῆς

351 2055 619 2135 columnae
667 2077 951 2132 duodecim
1003 2095 1017 2130 ε
1057 2088 1328 2146 supraque
1364 2072 1606 2142 pendent
1659 2069 1935 2139 lampades

2077 2066 2310 2137 ρούλλας
2360 2068 2441 2130 είς
2467 2066 2528 2119 τδ
2557 2065 2754 2134 ἔδαφος
2801 2063 2920 2117 έναι
2949 2063 2976 2116 6
3026 2058 3270 2131 ὀμφαλὸς
3301 2057 3400 2128 τῆς
3433 2055 3560 2125 γῆς.
3589 2056 3624 2124 ἡ

356 2184 609 2243 quatuor.
650 2171 728 2226 lbi
782 2181 866 2225 est
911 2168 1068 2224 sedes
1110 2165 1512 2237 patriarchalis.
1549 2163 1759 2219 Ardent
1809 2172 1937 2217 ante

2072 2159 2184 2229 ;ἐση
2241 2157 2338 2212 τοῦ
2406 2157 2642 2227 κόσμου,
2708 2155 2806 2209 καὶ
2866 2153 3137 2225 κρέμεται
3199 2147 3624 2214 πολυκάνδηλον.

349 2273 600 2321 sanctam
637 2275 880 2316 mensam
916 2257 1201 2327 lampades
1235 2255 1480 2326 triginta,
1515 2269 1634 2323 quae
1665 2264 1811 2307 tenta
1845 2267 1938 2305 va-

2072 2251 2361 2322 Υπάρχουν
2411 2250 2508 2304 καὶ
2557 2249 2739 2304 κιόνια
2787 2247 3022 2319 μεγίστα
3061 2241 3125 2298 δ’.
3169 2243 3262 2305 Et;
3308 2239 3481 2310 αὐτὴν
3528 2236 3629 2310 τὴν

356 2359 438 2411 ria
472 2356 687 2424 depicta
720 2353 1013 2422 obtegitur.
1035 2326 1180 2404 Post
1218 2347 1383 2402 Bema
1423 2356 1511 2402 est
1541 2361 1729 2401 carcer
1777 2344 1934 2401 Chri-

2074 2343 2302 2414 ροὺλλαν
2335 2338 2478 2397 εἶναι
2501 2341 2564 2394 τὸ
2589 2340 2740 2411 βῆμα
2765 2337 2860 2391 τοῦ
2891 2335 3044 2402 ναοῦ,
3089 2332 3226 2387 ὀποῦ
3259 2326 3626 2400 λειτουργοῦν

352 2449 450 2512 sti,
479 2423 644 2516 pedes
673 2441 980 2514 quindecim
1011 2456 1038 2493 a
1088 2454 1248 2494 sacro
1275 2438 1498 2493 Bemate
1532 2437 1860 2507 disiunctus.

2072 2438 2086 2489 ί
2127 2435 2428 2509 ὀρθόδοξοι.
2453 2430 2612 2488 Εἶναι
2639 2433 2737 2486 καὶ
2771 2427 3153 2502 ἱστορισμένον
3199 2426 3340 2498 μετά
3379 2423 3630 2493 μουσίου.

355 2513 521 2594 καὶό
555 2537 790 2610 Χριστὸς
835 2533 1258 2604 ἐσταυρωμένος
1311 2531 1452 2601 μετὰ
1505 2529 1757 2600 μουσίου.
1832 2527 1988 2582 Ἔναι
2027 2529 2122 2582 καὶ
2175 2528 2483 2600 γράμματα
2551 2525 2936 2596 γεγραμμένα,
2985 2521 3124 2577 Μεθ’
3173 2516 3345 2588 ’ἡμῶν
3402 2518 3434 2569 d
3463 2513 3630 2577 Θεός’

347 2637 564 2709 γνῶτε,
590 2635 760 2702 ἔθνη,
794 2632 894 2684 καὶ
948 2627 1233 2698 ἡττᾶσθε.
1266 2629 1375 2681 Kal
1406 2626 1653 2698 γύρωθεν
1687 2625 1782 2679 τοῦ
1839 2626 2092 2697 Βήματος
2155 2624 2269 2696 ἔχει
2329 2624 2584 2684 κολόναις
2618 2620 2704 2692 ιβ’,
2769 2621 2865 2674 καὶ
2933 2618 3199 2672 ἀποπὰνω
3241 2612 3536 2685 κανδήλαις
3567 2612 3630 2674 δ’,

356 2699 538 2783 ῖΕκεῖν
570 2699 768 2779 εῖναι-ὁ
804 2722 993 2792 θρόνος
1022 2720 1116 2776 τοῦ
1152 2719 1517 2790 πατριάρχου.
1575 2718 1820 2786 Φέγγουν
1891 2716 1990 2770 καὶ
2043 2716 2258 2788 όμπρὸς
2307 2718 2385 2780 εἰς
2431 2715 2530 2786 τὴν
2570 2713 2733 2782 ἁγίαν
2782 2710 3065 2784 τράπεζαν
3099 2706 3398 2776 κανδήλαις
3443 2703 3510 2768 λ’,
3540 2699 3636 2757 καὶ

358 2825 395 2893 ἡ
434 2821 562 2889 ἁγία
597 2816 846 2888 τράπεζα
905 2815 1021 2868 έναι
1062 2813 1412 2884 σκεπασμένη
1461 2812 1531 2883 μὲ
1585 2813 1749 2866 τέντα
1800 2811 2136 2883 πλουμιστῆ.
2183 2808 2448 2864 Ὀπισθεν
2514 2806 2608 2861 τοῦ
2660 2806 2814 2874 ἁγίου
2867 2805 3112 2876 βήματος
3142 2796 3281 2855 εἶναι
3321 2802 3356 2872 ἡ
3418 2794 3640 2869 φυλακὴ

360 2915 455 2969 τοῦ
487 2908 728 2982 Χριστοῦ
775 2906 968 2976 ἀπέχει
1002 2904 1110 2959 ἀπὸ
1127 2905 1186 2958 τὸ
1208 2904 1361 2973 ἆγιον
1380 2904 1532 2974 βῆμα
1552 2905 1709 2957 πόδια
1741 2900 1824 2958 ιε’.

436 3034 494 3085 2.
556 3029 731 3083 Distat
773 3040 803 3078 a
856 3030 1048 3078 sancto
1106 3021 1378 3091 sepulcro,
1413 3020 1694 3075 meridiem
1723 3035 1939 3087 versus,

2122 3019 2188 3090 β’.
2218 3020 2314 3082 Εἰς
2346 3017 2535 3072 στάδια
2564 3016 2610 3070 δ’
2632 3013 2741 3069 ἀπὸ
2769 3016 2861 3068 τὸν
2892 3015 3051 3082 ἁγιον
3078 3012 3252 3082 τάφον
3285 3008 3641 3081 μεσημερινὰ

368 3126 566 3181 domus
601 3117 765 3173 David
789 3113 980 3170 stadiis
1011 3123 1242 3182 quatuor
1268 3129 1284 3176 ;
1313 3121 1395 3166 est
1428 3110 1594 3164 turris
1622 3126 1783 3179 quam
1831 3127 1950 3164 ma-

2072 3107 2196 3164 ;ivat
2224 3112 2251 3163 6
2283 3106 2434 3172 οἶκος
2479 3108 2572 3162 τοῦ
2608 3107 2774 3161 Δαϐίδ
2799 3123 2815 3140 ·
2851 3106 2969 3159 ἔστι
3013 3105 3072 3158 δὲ
3107 3101 3469 3174 παμμέγεθος
3499 3100 3643 3171 πύρ-

367 3219 538 3277 sima,
574 3213 626 3266 in
659 3224 762 3278 qua
791 3205 1137 3262 concinnavit
1163 3205 1500 3274 pSalteriutu.
1529 3203 1669 3258 Dicit
1701 3214 1892 3257 auctor
1933 3219 1949 3258 :

345 3309 444 3364 “In
480 3308 632 3360 domo
660 3300 828 3356 David
853 3309 1017 3352 metus
1044 3297 1247 3367 ingens,
1275 3304 1328 3349 et
1352 3295 1478 3349 alibi
1508 3313 1521 3348 :
1551 3294 1832 3349 Terribilia
1861 3295 1954 3362 ﬁni

377 3401 688 3459 traduntur,
707 3405 776 3448 .et
805 3406 924 3461 qua:
953 3399 1279 3458 sequuntur.
1313 3387 1366 3441 lu
1395 3402 1458 3442 ea
1493 3387 1744 3441 Christus
1773 3401 1953 3440 sessu-

374 3506 473 3543 rus
498 3497 603 3551 est,
645 3494 700 3540 et
731 3482 996 3537 mundum
1038 3478 1406 3548 iudicaturus,
1446 3486 1501 3530 et
1537 3476 1728 3545 igneus
1761 3473 1958 3528 ﬂuvius

374 3593 667 3650 petitarum
700 3573 1002 3629 ellluxurus
1035 3585 1052 3624 :
1088 3569 1319 3636 ideoque
1371 3566 1525 3620 vallis
1556 3565 1957 3634 .Lacrymarum

387 3675 734 3738 nuncupatur
768 3682 782 3718 :
814 3663 990 3732 justos
1014 3659 1182 3723 enim,
1213 3671 1351 3726 quos
1381 3655 1450 3710 de
1484 3656 1646 3711 rebus
1673 3655 1812 3710 actis
1838 3669 1960 3726 pte-

383 3763 568 3825 nituit,
605 3757 826 3813 vocabit
865 3756 918 3810 in
967 3767 1194 3823 regnum
1228 3750 1526 3815 caelorum;
1560 3748 1613 3802 iu
1649 3758 1963 3816 peccatores

379 3854 523 3924 ignis
562 3847 874 3906 ell‘undetur
933 3859 965 3898 e
1017 3845 1174 3899 domo
1224 3840 1418 3904 David,
1465 3850 1519 3893 et
1562 3853 1658 3894 eos
1686 3839 1960 3893 amburet.

383 3946 502 3999 Non
542 3941 772 3996 multum
825 3936 894 3992 ab
928 3949 989 3990 ea
1026 3933 1191 3987 distat
1223 3930 1612 3985 monasterium
1646 3928 1838 4000 .sancti
1874 3927 1966 3983 Ja-

381 4035 501 4093 cobi
533 4030 913 4102 Adelphmhei.
941 4029 1177 4082 Tenetur
1197 4025 1266 4079 ab
1283 4023 1555 4078 Armeuis.
1591 4022 1827 4092 Indeque
1858 4036 1963 4076 non

386 4130 555 4183 iunlto
598 4124 880 4180 intervallo
909 4127 1214 4190 sequuntur
1245 4118 1386 4171 :cdes
1412 4115 1637 4170 Joannis
1663 4114 1918 4185 Theologi
1947 4130 1962 4168 :

381 4237 487 4274 nec
515 4221 684 4272 inulto
713 4226 832 4286 post
858 4213 1138 4282 templum,
1167 4209 1563 4263 exaediﬁcatum
1586 4222 1616 4260 a
1650 4206 1964 4272 Salomone,

383 4323 573 4365 sancta
607 4309 760 4371 Sion,
785 4316 956 4359 mater
987 4302 1370 4355 Ecclesiarum.

2055 3220 2152 3271 γος
2182 3201 2277 3255 τοῦ
2309 3202 2473 3254 Δαυῖδ
2493 3218 2506 3233 ·
2536 3201 2634 3254 καὶ
2662 3200 3007 3270 ὲκείἦρμοσε
3031 3197 3093 3250 τὸ
3119 3195 3420 3265 ψαλτήριον
3444 3209 3458 3225 ⁶
3488 3193 3644 3260 λέγει

2057 3294 2152 3349 καὶ
2175 3296 2203 3347 6
2243 3294 2496 3364 ποιητὴς,
2529 3292 2660 3346 Ἐπὶ
2691 3287 2860 3345 οἷκον
2890 3287 3070 3342 Δαυτδ
3091 3289 3280 3357 φόϐος
3299 3285 3512 3354 μέγας,
3544 3283 3644 3338 καὶ

2056 3385 2290 3456 ἀλλαχοῦ
2329 3385 2506 3452 λέγει·
2547 3387 2623 3438 Τὰ
2643 3383 2866 3453 φοϐερὰ
2890 3379 3418 3448 τελεσιουργεῖται,
3455 3377 3551 3431 καὶ
3575 3377 3646 3429 τὰ

2061 3479 2213 3548 ἑξῆς.
2248 3479 2360 3531 Kal
2380 3479 2478 3530 ἀπ’
2505 3475 2673 3530 αὑτοῦ
2713 3475 2900 3546 μέλλει
2933 3473 3158 3527 καθίσαι
3193 3475 3220 3526 6
3250 3471 3506 3540 Χριστὸς,
3549 3471 3645 3523 καὶ

2061 3570 2250 3640 κρίναι
2290 3570 2384 3623 τὸν
2412 3569 2642 3638 κόσμον.
2676 3568 2787 3620 Kal
2815 3565 2926 3619 ἀπὸ
2957 3564 3088 3628 τοὺς
3127 3563 3297 3625 πόδας
3336 3578 3430 3614 του
3460 3560 3525 3614 νὰ
3553 3557 3648 3623 ζυ-

2063 3665 2225 3733 χήσει
2262 3665 2291 3715 ὁ
2335 3661 2566 3733 πύρινος
2605 3659 2851 3730 ποταμὸς
2887 3658 2989 3728 τῆς
3022 3656 3300 3718 κολάσεως
3350 3655 3443 3707 καὶ
3479 3656 3649 3706 κοντά

2065 3759 2148 3820 εἰς
2180 3751 2458 3810 τὸν.οἷκον
2491 3753 2588 3806 τοῦ
2617 3751 2782 3805 Δαυῒδ
2821 3747 2963 3804 εἶναι
2999 3752 3032 3820 ἠ
3076 3749 3304 3803 κοιλάδα
3339 3746 3432 3799 τοῦ
3468 3747 3650 3798 Κλαυ-

2067 3846 2310 3915 θμῶνος.
2337 3846 2452 3899 Kal
2476 3844 2564 3898 διὰ
2592 3843 2754 3896 τοῦτο
2797 3842 3017 3910 λέγεται
3047 3840 3244 3905 οὕτως,
3277 3839 3360 3891 ὅτι
3393 3839 3516 3900 τοὺς
3551 3837 3649 3905 μὲν

2066 3935 2310 3998 δικαίους
2351 3935 2574 3988 καλέσει
2617 3937 2700 3997 εἰς
2755 3936 3050 4002 μετάνοιαν
3102 3931 3184 3993 εἰς
3223 3929 3322 3998 τὴν
3365 3927 3650 3998 βασιλείαν

2066 4025 2176 4080 τῶν
2210 4025 2494 4098 οὐρανῶν·
2537 4027 2620 4088 είς
2654 4023 3016 4094 ἁμαρτωλοὺς
3053 4021 3111 4074 δὲ
3146 4019 3257 4090 πῦρ
3281 4019 3648 4088 ἐκχυθήσεται

2069 4118 2179 4171 ἀπὸ
2207 4119 2300 4172 τὸν
2345 4115 2496 4172 οἷκον
2535 4117 2719 4181 Δαυῖδ,
2772 4116 2859 4169 ἵνα
2905 4112 3247 4168 κατακαύσει
3289 4109 3514 4171 αὐτούς’
3555 4107 3653 4161 καὶ

2071 4210 2378 4280 παρακάτω
2430 4210 2614 4278 ὀλίγον
2652 4204 2794 4260 εἶναι
2837 4207 2898 4258 τὸ
2955 4206 3322 4275 μοναστήριον
3354 4201 3449 4254 τοῦ
3495 4198 3652 4267 ἁγίου

2084 4301 2346 4355 Ἰακώϐου
2375 4300 2466 4353 τοῦ
2501 4297 2876 4367 ’Δδελφοθέοεω
2897 4297 3004 4348 Ka‘t
3023 4295 3179 4366 ἔχουν
3202 4295 3340 4358 το,οῐ
3357 4292 3652 4360 Ἀρμένιοι.

391 4403 501 4456 Kal
529 4401 764 4469 παρεκεῖ
807 4396 988 4463 ὀλίγον
1035 4389 1176 4446 εἶναι
1233 4394 1301 4446 τὰ
1334 4395 1524 4446 σπίτια
1557 4393 1652 4446 τοῦ
1705 4392 1954 4446 Ἰωάννου
1994 4390 2089 4444 τοῦ
2134 4393 2423 4462 Θεολόγου.
2456 4392 2566 4446 Καὶ
2624 4392 2859 4462 παρεκεί
2917 4388 3097 4456 ὀλίγον
3123 4381 3264 4440 εἶναι
3291 4385 3468 4447 ὁναδς
3519 4383 3653 4437 ὀποῦ

389 4501 610 4551 ἔκτισεν
653 4496 680 4546 ὁ
735 4491 1026 4560 Σολωμὼν,
1073 4490 1122 4568 ,ἡ
1175 4488 1310 4560 ἁγία¹
1345 4487 1504 4554 Σιὼν,
1551 4489 1584 4557 ἡ
1639 4489 1821 4558 μήτηρ
1859 4487 1968 4541 τῶν
2021 4488 2378 4560 Ἐκκλησιῶν.

463 4613 516 4666 5.
549 4611 602 4663 In
632 4609 770 4661 dicta
803 4605 968 4659 Sione
997 4605 1186 4658 visitur
1223 4604 1464 4672 Deipara:
1516 4613 1571 4659 et
1602 4607 1772 4659 saneti
1806 4603 1969 4658 Joan-

2147 4613 2218 4674 γ’.
2278 4605 2455 4659 Αὑτοῦ
2503 4607 2584 4668 εἰς
2613 4605 2714 4676 τὴν
2767 4603 2930 4672 ἁγίαν
2962 4601 3102 4655 Σιὼν
3150 4597 3286 4655 εἶναι
3320 4599 3348 4652 6
3375 4595 3522 4661 οἶκος
3553 4595 3656 4666 τῆς

397 4711 483 4764 uis
512 4703 772 4771 Thcolegi
813 4704 1024 4755 domus.
1057 4699 1132 4753 lbi
1176 4699 1414 4755 Joannes
1447 4701 1649 4768 recepit
1689 4699 1971 4769 Deiparam

400 4806 454 4854 in
491 4815 607 4853 sua.
647 4797 704 4848 In
761 4795 919 4846 domo
959 4792 1190 4861 Virginis
1245 4791 1382 4845 facta
1424 4795 1509 4846 est
1539 4806 1692 4846 caena
1724 4794 1973 4862 mystica,

398 4905 453 4947 et
488 4892 788 4949 lavacrum,
835 4894 893 4937 et
929 4885 1208 4937 descendit
1249 4882 1488 4953 Spiritus
1522 4895 1745 4938 sanctus
1779 4884 1974 4952 linguis

400 4983 573 5052 igneis
604 4980 657 5032 in
690 4984 908 5030 sanctos
934 4975 1230 5044 apoStolos.
1259 4973 1334 5029 lbi
1362 4974 1591 5043 Deipara
1625 4973 1973 5038 obdormivit,

397 5093 453 5134 et
489 5080 861 5132 convenerunt
913 5071 1169 5138 apostoli,
1217 5087 1381 5140 super
1436 5073 1608 5127 nubes
1647 5071 1878 5135 devecti,
1925 5079 1980 5122 et

400 5167 752 5226 Gethsemani
791 5165 951 5218 funus
981 5172 1256 5217 curarunt.
1289 5162 1491 5216 lhidem
1527 5172 1705 5216 exstat
1751 5170 1803 5213 ct
1843 5162 1981 5214 alius

395 5259 604 5314 Christi
666 5270 875 5310 carcer.
919 5253 1122 5307 Ibidem
1187 5249 1522 5322 paralyucus
1563 5263 1666 5313 est,
1709 5251 1799 5318 qui
1838 5251 1980 5302 cola-

405 5354 571 5420 phum
605 5349 822 5402 Christo
881 5346 1126 5414 impegit.
1180 5343 1318 5397 Tutu
1356 5345 1658 5412 sepulcrum
1697 5341 1983 5409 propheta-

405 5460 546 5506 rum,
595 5441 815 5494 Davidis
853 5447 905 5491 et
940 5436 1270 5500 Salomonis,
1320 5444 1372 5487 et
1416 5435 1643 5488 senioris
1685 5433 1979 5492 Simeouis,

403 5550 456 5588 et
487 5530 905 5603 protomartyris
939 5528 1221 5596 Stephani.
1253 5526 1565 5594 Visiturque
1597 5527 1791 5578 ibidem
1822 5525 1980 5592 lapis,

401 5639 567 5691 quem
619 5620 923 5690 angeluse
983 5627 1166 5672 monte
1217 5619 1354 5673 .Sina
1413 5619 1646 5672 devexit.
1683 5615 1842 5684 Lapis
1900 5623 1983 5670 est

409 5715 707 5777 maricans,
745 5709 1060 5771 versicolor,
1095 5718 1352 5778 tantaque
1385 5711 1776 5778 magnitudine,
1813 5724 1983 5776 quan-

414 5818 526 5858 tam
581 5811 737 5858 homo
771 5802 912 5857 ulnis
966 5802 1220 5868 expansis
1267 5803 1512 5868 alllpltICli
1572 5801 1767 5856 valet.
1815 5801 1983 5855 Distat

2079 4699 2371 4763 Θεοτόκου,
2425 4698 2654 4751 καὶτοῦ
2705 4697 2864 4766 ἁγίου
2909 4695 3161 4749 Ἰωάννου
3217 4693 3310 4745 τοῦ
3364 4691 3653 4757 Θεολόγου.

2079 4792 2257 4844 Αὐτοῦ
2304 4789 2644 4858 ὲπαρέλαϐεν
2687 4793 2787 4857 τὴν
2817 4788 3080 4840 Θεοτὸκον
3121 4788 3150 4838 6
3187 4784 3440 4852 Ἰωάννης
3472 4786 3552 4844 εἰς
3590 4783 3659 4835 τὰ

2073 4887 2210 4938 fata.
2245 4883 2444 4947 Καθὼς
2484 4883 2637 4949 λέγει
2680 4882 2708 4934 6
2763 4879 3168 4948 Εὑαγγελιστής
3191 4893 3204 4906 ⁸
3237 4877 3450 4941 Γύναι,
3503 4875 3594 4927 ἴδε
3628 4877 3661 4925 ό

2045 4983 2052 4990 ”
2082 4978 2213 5042 υἱός
2243 4991 2362 5029 σου
2385 4991 2399 5005 ’
2453 4974 2657 5040 ὁμοίως
2685 4971 2781 5024 xal
2823 4972 2914 5022 τὸν
2949 4969 3202 5040 μαθητήν
3229 4984 3244 4998 ο
3287 4965 3432 5021 Ἰδοὺ
3467 4966 3505 5033 ἡ
3547 4963 3661 5035 μή-

2081 5083 2194 5133 τηρ
2229 5081 2371 5119 σου.
2424 5065 2534 5117 Kal
2585 5062 2777 5114 ἔλαϐεν
2824 5061 2998 5130 αὐτὴν
3047 5062 3126 5123 εἰς
3166 5059 3234 5111 τὰ
3274 5058 3399 5111 ἴδια.
3439 5059 3528 5118 Εἰς
3565 5056 3662 5125 τὴν

2084 5157 2249 5223 ἁγίαν
2313 5154 2476 5218 Σιὼν,
2512 5156 2592 5216 είς
2651 5153 2742 5204 τὸν
2778 5149 2927 5204 οἷκον
2973 5151 3071 5219 τῆς
3129 5149 3397 5203 Θεοτόκου
3449 5147 3602 5216 ἑγίνη
3635 5149 3663 5199 6

2081 5249 2294 5308 δεῖπνος
2315 5249 2342 5298 ὀ
2371 5245 2634 5316 μυστικὸς
2668 5246 2764 5296 καὶ
2808 5245 2835 5294 ὀ
2887 5244 3181 5310 νιπτῆρας.
3215 5238 3390 5291 Αὐτοῦ
3421 5235 3660 5304 ἐκατέόη

2083 5341 2144 5392 τὸ
2195 5340 2349 5406 ἇγιον
2410 5338 2636 5407 Πνεῦμα
2688 5337 2780 5388 ἐπὶ
2813 5339 2940 5396 τοὺς
2991 5332 3180 5401 ἁγίους
3223 5328 3560 5389 ἀποστόλους
3604 5329 3664 5380 ὲν

2091 5433 2347 5502 πυρίναις
2407 5433 2704 5500 γλώσσαις.
2769 5426 2942 5480 Αὐτοῦ
2987 5423 3256 5493 ἐκοιμήθη
3304 5424 3337 5492 ἡ
3372 5422 3660 5483 Θεοτόκος,

2088 5527 2184 5578 καὶ
2245 5525 2622 5594 ὲσυνὰχθησαν
2677 5522 2728 5576 οἱ
2782 5519 3070 5574 ἀπόστολοι
3112 5517 3218 5568 ὑπὸ
3261 5514 3523 5582 νεφελῶν,
3568 5512 3660 5564 καὶ

2089 5615 2388 5684 ἐκήδευσαν
2417 5617 2476 5666 τὸ
2502 5615 2670 5681 αὐτῆς
2696 5613 2852 5680 σῶμα
2883 5611 2962 5671 εἰς
2993 5605 3322 5675 Γεθσημανῆ
3349 5604 3410 5656 τὸ
3441 5604 3661 5672 χωρίον.

2088 5705 2263 5758 Αὐτοῦ
2307 5709 2387 5768 εἰς
2429 5705 2529 5775 τὴν
2560 5704 2722 5768 ἁγίαν
2755 5702 2895 5753 Σιὼν
2937 5698 3058 5751 έναι
3105 5698 3274 5766 ἑτέρα
3319 5693 3536 5763 φυλακὴ
3569 5692 3664 5742 τοῦ

2087 5798 2342 5872 Χριστοῦ.
2399 5797 2577 5852 Αὑτοῦ
2632 5797 2747 5850 έναι
2801 5795 2828 5847 6
2889 5791 3206 5862 Παράλυτος
3265 5790 3516 5859 ῥάπισμα
3569 5784 3662 5837 τοῦ
