4042 6398
398 374 519 438 9'77

1530 334 1584 353 ””
1673 383 1770 444 DE
1798 380 2016 446 LOCIS
2052 384 2399 450 sanans.

3562 391 3683 447 ιπε-

404 492 644 561 Χριστου
670 510 684 523 θ
715 492 881 549 αὐτοῦ
919 494 1038 550 έναι
1076 497 1104 550 6
1145 513 1316 567 ταφος
1355 496 1464 551 τῶν
1497 499 1799 570 προφητῶν
1828 501 1991 554 Δαυὶδ

2101 501 2230 557 Sion
2283 518 2310 554 a
2346 515 2502 556 sacro
2534 498 2784 569 sepulcro
2833 498 2978 554 mille
3026 513 3234 567 passus.
3288 497 3430 553 Infra
3479 501 3675 555 stadiis

407 585 504 638 καὶ
537 583 815 655 Σολομὼν,
867 588 961 641 καὶ
992 588 1090 641 τοῦ
1130 588 1440 659 πρεσϐύτου
1474 589 1725 661 Συμεῶν,
1766 590 1861 645 καὶ
1891 591 1986 645 τοῦ

406 677 881 749 πρωτομάρτυρος
925 680 1225 750 Στεφάνου.
1262 680 1442 735 Αὐτοῦ
1488 681 1608 736 έναι
1653 682 1801 747 λίθος
1844 681 1984 737 ὀποῦ

405 767 503 821 τὸν
549 766 746 839 έφερεν
776 771 806 823 6
849 769 1086 840 ἄγγελος
1134 771 1241 826 ἀπὺ
1270 773 1365 827 τοῦ
1422 774 1553 828 Σινᾶ
1599 772 1783 845 ὅρους,
1815 776 1912 829 καὶ
1950 777 1982 846 ή

405 857 545 928 ὅχρα
592 858 957 932 τῆςκπέτρας
1010 858 1153 917 εἶναι
1215 866 1442 937 κυνωπῆ
1507 866 1852 938 πλουμιστῆ⁹
1892 867 1988 921 καὶ

406 944 551 1002 εἷναι
604 951 820 1023 μεγάλη
868 951 1016 1007 ὥστε
1061 956 1127 1009 νέι
1161 956 1263 1026 τὴν
1307 956 1632 1027 ἀναμανίσει
1672 957 1984 1029 ἅνθρωπος.

420 1038 640 1109 Ἀπέχει
668 1040 780 1094 ἀπὸ
810 1042 903 1096 τὸν
931 1043 1086 1112 ἅγιον
1113 1046 1286 1115 τάφον
1316 1048 1350 1117 ή
1373 1047 1503 1115 ἁγία
1524 1047 1666 1102 Σιὼν
1698 1048 1878 1118 μίλιον
1905 1055 1976 1103 α’.

417 1129 544 1182 Ἀπ’
564 1130 732 1185 αὐτοῦ
761 1136 858 1188 καὶ
890 1135 1141 1190 κάτωθεν
1169 1140 1360 1192 στάδια
1385 1137 1449 1205 δ’,
1491 1139 1608 1194 έναι
1628 1142 1657 1194 6
1687 1139 1857 1209 ἀγρὸς
1889 1139 1984 1193 τοῦ

414 1220 723 1293 Κεραμέως
742 1224 827 1287 είς
852 1225 1032 1296 ταφὴν
1058 1228 1172 1290 τοῖς
1203 1227 1375 1294 ξένοις
1397 1243 1412 1258 ⁸
1440 1229 1538 1283 καὶ
1568 1230 1687 1283 ἐκεῖ
1716 1229 1986 1283 θάπτουσι

404 1313 532 1376 τοὺς
555 1314 892 1388 καλογέρους
918 1318 1084 1390 μέχρι
1125 1320 1389 1391 σήμερον,
1424 1322 1523 1375 καὶ
1551 1322 1634 1386 είς
1665 1321 1849 1393 κρίσιν
1882 1321 1986 1375 οὐκ

407 1400 683 1474 ἔρχονται.
729 1408 956 1480 Ἀπέχει
986 1413 1097 1467 ἀπὸ
1155 1411 1251 1465 τοῦ
1284 1412 1442 1480 ἁγίου
1476 1412 1652 1482 τάφου
1706 1411 1885 1480 μίλιον
1915 1408 1986 1467 a'.

412 1494 728 1567 Παρακάτω
744 1494 886 1555 εῖναι
916 1501 977 1554 :6
1011 1502 1231 1576 πηγάδη
1258 1503 1353 1556 τοῦ
1383 1503 1597 1557 δικαίου
1643 1500 1767 1556 ’ἰώΰ
1791 1516 1807 1531 ’
1839 1518 1988 1572 παρ-

2097 600 2334 663 quatuor
2357 602 2440 648 est
2470 606 2598 663 ager
2639 590 2834 662 Figuli,
2876 593 2967 662 qui
3009 592 3331 661 sepeliendis
3373 578 3671 662 peregrinis

2096 684 2333 739 deservit
2369 700 2384 736 :
2424 682 2476 736 in
2506 697 2681 751 eoque
2735 683 2803 737 ad
2831 682 2974 737 hunc
3003 682 3143 737 diem
3192 682 3484 736 monachos
3514 696 3667 751 scpe‘

2100 774 2257 838 liunt,
2295 784 2350 830 et
2403 774 2454 829 in
2490 774 2755 844 judicium
2792 790 2897 830 non
2935 774 3173 830 veniunt.
3218 774 3443 830 Distata
3479 784 3673 829 sancto

2096 867 2348 937 sepulcro
2381 867 2530 923 mille
2559 882 2772 936 passus.
2809 867 2954 922 Infra
3002 874 3087 922 est
3111 867 3243 937 justi
3279 865 3400 922 Jobi
3455 874 3666 935 puteus,

2093 958 2365 1029 pauloque
2415 973 2602 1029 supra,
2648 974 2840 1013 versus
2877 957 3213 1020 Jerusalem,
3251 958 3399 1028 jacet
3443 956 3669 1013 Siloami

2092 1050 2322 1118 pisi-ina,
2356 1049 2422 1103 ad
2468 1064 2629 1118 quam
2685 1064 2882 1104 caecum
2934 1049 3172 1104 lavatum
3217 1048 3365 1104 misit
3397 1047 3672 1112 Christus,

2090 1154 2212 1194 cum
2255 1141 2391 1194 dixit
2418 1158 2432 1193 :
2465 1140 2586 1205 Abi,
2632 1149 2682 1195 et
2710 1140 2899 1209 lavare
2928 1142 2984 1196 in
3017 1140 3222 1196 Siloam
3248 1141 3306 1206 ’ς
3338 1148 3415 1206 ει,
3456 1155 3581 1195 cum
3616 1155 3675 1194 se

2095 1228 2337 1293 lavisset,
2367 1229 2519 1285 vidit.
2547 1229 2725 1286 Distat
2751 1247 2780 1285 a
2817 1246 2975 1287 sacro
3006 1229 3255 1302 sepulcro
3290 1229 3436 1284 mille
3461 1244 3673 1296 passus.

2095 1317 2162 1372 El
2188 1335 2372 1389 supra.
2409 1321 2604 1377 Stadiis
2639 1331 2896 1391 quatuor,
2953 1324 3149 1380 visitur
3180 1320 3367 1377 Jacobi
3397 1320 3673 1387 Adelpltov

2097 1410 2206 1466 thei
2243 1422 2676 1478 monumentum,
2724 1430 2886 1485 quem
2920 1414 3115 1482 Judaei,
3151 1429 3183 1470 e
3211 1410 3501 1486 piunacnlo
3540 1420 3675 1466 tem-

2096 1500 2168 1569 pli
2201 1501 2523 1572 projectum,
2549 1506 2887 1562 occiderunt.

404 1590 602 1644 απάνω
656 1590 825 1646 αὐτοῦ
876 1592 1017 1663 πρὸς
1061 1593 1165 1665 τὴν
1224 1594 1585 1666 Ἰερουσαλὴμ
1643 1584 1764 1648 ἔναι’
1820 1592 1917 1646 τοῦ
1987 1592 2209 1665 Σιλωὰμ
2268 1595 2303 1664 ὴ
2374 1595 2753 1670 κολυμϐήθρα,
2806 1601 2942 1653 ὅπου
3004 1600 3325 1654 ἀπέστειλεν
3355 1600 3384 1653 6
3432 1596 3671 1669 Χριστὸς

404 1679 499 1733 τὸν
526 1680 750 1748 τυφλὸν,
777 1682 874 1737 καὶ
916 1678 1096 1751 εἷπεν,
1154 1680 1410 1756 ’Υπαγε,
1460 1687 1637 1755 νίψαι
1695 1686 1782 1750 εἰς
1815 1680 1923 1737 τὸν
1966 1681 2228 1752 Σιλωὰμ,
2278 1686 2372 1739 καὶ
2414 1684 2711 1758 νιψάμενος
2772 1689 3106 1756 ἀπέϐλεψεν.
3153 1691 3378 1761 Ἀπέχει
3445 1689 3554 1742 ἀπὸ
3580 1688 3675 1740 τὸν

408 1776 567 1845 ἅγιον
595 1777 766 1848 τάφον
795 1779 978 1848 μίλιον
1012 1781 1085 1836 α’.
1113 1782 1435 1852 Παραπάνω
1478 1782 1671 1837 στάδια
1694 1782 1736 1835 δ’
1766 1780 1884 1834 έναι
1921 1779 1984 1833 :6
2028 1782 2298 1851 μνημεῖον
2359 1783 2456 1837 τοῦ
2488 1784 2751 1840 Ἰακώϐου
2782 1787 2877 1840 τοῦ
2940 1787 3323 1856 ’Δδελφοθέσψ
3368 1785 3555 1850 καθὼς
3581 1785 3674 1841 τὸν

407 1873 641 1945 ιρῤιψαν
679 1876 732 1930 οί
763 1876 1013 1932 Ἰουδαῖοι
1043 1879 1153 1933 ἀπὸ
1192 1880 1255 1933 :6
1291 1866 1583 1951 πτερύγιον
1617 1878 1712 1935 τοῦ
1750 1876 1922 1950 ἱεροῦ,
1963 1874 2060 1929 καὶ
2107 1877 2439 1934 ἀπέκτειναν
2466 1882 2649 1939 αὐτόν.

480 1962 547 2020 δ’.
591 1965 656 2021 Ἦ
682 1968 740 2022 δὲ
772 1969 915 2025 κατὰ
943 1970 1217 2038 ἀνατολὰς
1238 1972 1334 2026 τοῦ
1358 1974 1518 2043 ἁγίου
1545 1975 1721 2044 τάφου
1755 1974 1862 2040 έξω
1887 1974 1986 2043 τῆς

2159 1971 2214 2028 4.
2249 1972 2414 2029 Extra
2445 1977 2660 2041 urbem,
2690 1993 2885 2035 versus
2905 1979 3174 2034 orientem
3203 1979 3378 2035 sancti
3413 1979 3671 2048 sepulcri,

412 2057 621 2123 πολέως
652 2054 794 2115 εἶναι
820 2062 882 2116 :6
911 2063 1263 2138 Γεθσημανῆ,
1301 2067 1438 2122 ὀποῦ
1479 2067 1596 2123 έναι
1632 2071 1662 2124 6
1688 2068 1860 2137 τάφος
1887 2069 1989 2139 τῆς

410 2151 699 2208 Θεοτόκου.
730 2155 843 2209 Kal
870 2157 900 2211 6
922 2156 1050 2220 ναὸς
1080 2157 1197 2212 έναι
1236 2159 1306 2232 μὲ
1334 2162 1396 2215 :6
1423 2162 1586 2234 δόμοι,
1612 2164 1708 2217 καὶ
1749 2165 1783 2235 ή
1809 2163 1992 2236 ὡραίᾳ

413 2241 559 2313 πύλη
601 2242 716 2315 ἔχει
749 2246 1000 2312 κολόναις
1032 2252 1448 2322 μαρμαρεῖναις
1490 2252 1564 2325 η’,
1603 2254 1699 2309 καὶ
1726 2255 1992 2310 κατεϐαί-

411 2348 510 2399 νης
544 2334 701 2388 κάτω
726 2336 989 2393 σκαλόνια
1020 2346 1135 2412 μην,
1166 2325 1263 2396 καὶ
1291 2342 1559 2415 εύρίσκης
1587 2344 1680 2400 τδν
1707 2346 1860 2409 ναὸν,
1892 2347 1990 2401 καὶ

412 2427 495 2488 εἰς
527 2426 589 2480 :6
634 2428 802 2499 μέσον
829 2431 924 2485 τοῦ
960 2433 1090 2487 ναοῦ
1144 2428 1286 2488 εἶναι
1324 2436 1678 2493 κουὸούκλιον
1710 2439 1988 2511 πέτρινον,

414 2517 511 2571 καὶ
539 2517 707 2589 μέσον
736 2520 831 2576 τοῦ
862 2524 1222 2580 κουὸουκλίου
1258 2524 1405 2583 εἶναι
1440 2530 1468 2582 6
1499 2529 1655 2599 ἅγιος
1695 2533 1866 2603 τάφος
1890 2536 1991 2605 τῆς

415 2608 685 2663 μεστόκου
758 2614 1135 2684 μαρμαρέῖνος
1195 2617 1407 2683 λευκὸς,
1460 2620 1829 2691 ὼραιώτατος.
1880 2625 1991 2679 Καὶ

414 2700 750 2770 κρέμουνται
798 2704 1093 2778 κανδήλαις
1133 2714 1225 2779 ιη’.
1252 2710 1431 2765 Αὐτοῦ
1465 2712 1580 2783 έχει
1622 2714 1754 2784 μίαν
1782 2716 1991 2788 πόρταν

413 2792 801 2866 κεκλεισμένη.
835 2797 947 2852 Καὶ
972 2801 1038 2871 τῇ
1069 2800 1304 2874 δευτέρᾳ
1336 2804 1613 2876 παρουσίᾳ
1652 2806 1748 2860 τοῦ
1779 2809 1990 2880 Κυρίου

415 2885 602 2955 μέλλει
632 2886 700 2942 va
746 2891 889 2962 ρυγῇ
923 2891 954 2945 6
1007 2892 1238 2964 πύρινος
1276 2897 1526 2968 ποταμὸς
1553 2898 1643 2953 διὰ
1676 2901 1804 2965 τοὺς
1837 2902 1994 2972 alpe-

409 2979 622 3047 τικοὺς,
684 2982 783 3037 καὶ
835 2984 1221 3056 ἁμαρτωλοὺς,
1270 2988 1419 3052 ὅπως
1468 2991 1570 3062 τὴν
1606 2990 1989 3064 βλασφημοῦν.

412 3071 591 3125 Αὐτοῦ
638 3075 914 3145 συμπλίον
949 3076 1070 3132 έναι
1139 3078 1203 3133 :6
1254 3079 1530 3152 Σπήλαιον
1577 3083 1712 3137 ὅπου
1769 3081 1903 3156 ἦτον
1963 3076 1992 3140 6

414 3162 651 3230 Χριστὸς
697 3165 766 3236 μὲ
795 3168 923 3231 τοὺς
970 3169 1161 3238 ἁγίους
1213 3172 1547 3238 ἀποστόλους
1580 3178 1990 3248 κεκρυμμένος,

415 3256 512 3308 καὶ
549 3258 618 3328 τῇ
659 3259 816 3313 νυκτὶ
872 3260 1059 3334 ἐκείνῃ
1121 3262 1332 3333 ἐπῆγεν
1358 3268 1439 3329 είς
1466 3266 1559 3323 τὸν
1605 3269 1803 3338 κῆπον,
1843 3272 1937 3323 καὶ
1963 3272 1992 3324 6

413 3345 614 3411 Ἰούδας
640 3350 669 3403 6
698 3350 970 3423 προδότης
997 3353 1163 3425 ἔφερε
1183 3355 1285 3426 τὴν
1315 3358 1545 3428 σπείραν
1566 3360 1680 3415 τῶν
1718 3361 1993 3418 Ἰουδαίων

416 3436 516 3490 καὶ
543 3437 783 3494 ἐπίασαν
810 3442 902 3495 τὸν
932 3444 1163 3515 Κύριον,
1188 3447 1283 3502 καὶ
1334 3448 1573 3520 φιλήσας
1596 3450 1783 3518 αὐτὸν,
1813 3452 1990 3523 εἶπεν,

414 3527 610 3597 Xa'tpe,
629 3528 833 3602 Ῥαϐὴ.
857 3532 889 3588 6
907 3533 1163 3607 λέγεται,
1183 3538 1520 3597 Διδάσκαλε
1538 3559 1552 3574 ’
1581 3542 1677 3598 καὶ
1702 3545 1992 3602 ἁπλὼσαν-

412 3636 505 3684 τες
552 3625 601 3677 οί
641 3624 886 3680 Ἰουδαῖοι
922 3627 1022 3692 τὰς
1052 3631 1243 3702 χεῖρας
1296 3634 1599 3691 ωνέλαόαν
1630 3637 1724 3693 τὸν
1761 3639 1990 3709 Κύριον,

417 3713 513 3766 καὶ
563 3714 830 3787 δήσαντες
862 3718 1028 3774 αὐτὸν
1069 3722 1361 3793 ἀπήγαγον
1409 3727 1491 3790 είς
1542 3729 1672 3794 τοὺς
1717 3731 1996 3803 ἀρχιερεῖς

417 3806 623 3866 αὐτῶν.
660 3809 899 3882 Ἔκοψεν
927 3813 957 3866 6
989 3815 1207 3886 Πέτρος
1246 3816 1309 3871 :6
1339 3817 1500 3873 ὠτίον
1539 3822 1782 3894 Μάλχου.
1814 3827 1995 3897 Παρε-

417 3900 510 3952 κεῖ
540 3900 723 3971 ὀλίγον
750 3904 917 3958 τόπον
940 3900 1084 3961 εἶναι
1109 3909 1138 3961 6
1166 3907 1350 3975 τόπος,
1376 3912 1512 3967 ὀποῦ
1539 3915 1940 3987 ὲπροσεύχετον
1968 3920 1997 3973 6

418 3994 676 4063 Χριστός.
704 3997 946 4069 Παρεκεῐ
961 3998 1146 4070 ὀλίγον
1167 3996 1308 4057 εῖναι
1337 4003 1366 4057 6
1395 4004 1545 4070 λίθος
1575 4007 1711 4061 ὀποῦ
1738 4010 1996 4066 ἐκάθισεν

417 4089 510 4139 καὶ
528 4087 724 4142 έϐλεπε
740 4089 842 4163 τὴν
854 4091 1236 4164 Ἰερουσαλὴμ,
1251 4095 1347 4149 καὶ
1363 4092 1518 4152 εἶπεν
1540 4115 1556 4133 ·
1574 4100 1990 4173 Ἰερουσαλὴμ,

388 4203 394 4209 -
426 4176 849 4252 Ἰερουσαλὴμ,
875 4184 915 4253 ἡ
936 4184 1348 4241 ἀποκτείνασα
1376 4189 1519 4256 τοὺς
1533 4192 1866 4262 προφήτας,
1896 4198 1997 4252 καὶ

413 4276 821 4332 λιθοϐολοῦσα
859 4277 1001 4346 τοὺς
1024 4280 1543 4351 ἀπεσταλμένους,
1571 4286 1830 4353 ποσάκις
1856 4290 1996 4357 ἠθέ-

415 4370 582 4434 λησα
599 4370 970 4441 συναγαγεῖν
995 4372 1068 4427 τὰ
1090 4372 1275 4429 τέκνα
1304 4388 1424 4431 σου
1445 4393 1465 4442 ;
1486 4376 1581 4432 καὶ
1605 4379 1769 4433 πάλιν
1793 4356 1949 4436 εἴπεν
1977 4401 1991 4416 ·

371 4436 385 4462 ⁸
429 4459 587 4514 Ἰδοὺ
599 4436 891 4530 ἀφίεταιο
900 4458 1064 4530 οἷκος
1079 4462 1251 4533 ὑμῶν
1266 4436 1505 4536 ἕρημος,
1526 4469 1625 4523 καί
1653 4470 1726 4525 οὐ
1743 4469 1831 4539 μὴ
1847 4472 1997 4541 μίγα

415 4553 719 4620 λίθοςίέπί
754 4554 948 4611 λίθον.
1007 4556 1231 4628 ’Δπέχει
1279 4559 1315 4631 ἡ
1365 4558 1700 4634 Γεθσημανὴ
1749 4563 1859 4618 ἀπὸ
1899 4566 1994 4621 τὸν

416 4642 573 4712 ἅγιον
602 4643 777 4714 τάφον
800 4645 977 4716 μιλίον
996 4644 1067 4703 a'.

483 4742 549 4792 ε’.
582 4738 693 4793 Kal
722 4738 918 4794 ἁπάνω
952 4739 1052 4810 τῆς
1080 4739 1444 4814 Γεθσημανῆς
1477 4742 1596 4799 έναι
1623 4745 1688 4800 :6
1726 4746 1855 4818 ὅρος
1882 4748 1994 4805 τῶν

424 4830 674 4898 Ἐλαιῶν,
717 4829 857 4886 ὀποῦ
885 4831 1162 4905 ἀνελήφθη
1212 4833 1242 4885 6
1277 4834 1513 4904 Χριστὸς
1540 4837 1623 4900 είς
1661 4840 1790 4902 τοὺς
1821 4840 1991 4911 οὖρα-

410 4922 558 4988 νούς.
595 4924 706 4978 Kal
752 4923 868 4996 εχει
898 4925 1028 4980 ναδν
1070 4925 1428 4999 παμμεγέθη.
1464 4929 1575 4982 Kal
1604 4930 1687 4993 είς
1729 4931 1793 4986 :6
1826 4932 1994 5001 μέσον

411 5014 511 5068 τοῦ
552 5015 685 5071 ναοῦ
725 5012 869 5071 εῖναι
918 5016 1274 5072 κουσούκλιον
1308 5018 1565 5090 πέτρινον
1611 5020 1991 5092 ὡραιώτατον,

414 5106 512 5161 καὶ
538 5104 654 5176 ἔχει
685 5106 936 5171 κολόναις
974 5107 1385 5179 μαρμαρεῖναις
1418 5107 1503 5175 ιε’,
1538 5111 1634 5165 καὶ
1660 5113 1742 5175 είς
1770 5112 1997 5184 τῆν’μέ-

415 5212 520 5264 σην
552 5195 647 5251 τοῦ
678 5195 1039 5251 κουὸουκλίου
1073 5197 1193 5251 έναι
1216 5197 1280 5251 :6
1311 5199 1542 5270 πάτημα
1586 5199 1682 5254 τοῦ
1730 5202 1994 5273 Χριστοῦ,

416 5287 793 5360 βο·;λλωμένον
841 5291 923 5354 εἰς
966 5290 1067 5361 τὴν
1118 5291 1359 5361 πέτραν,
1409 5293 1545 5346 ὀποῦ
1577 5293 1872 5366 ὲπάτησεν,
1902 5298 1998 5350 καὶ

417 5379 699 5452 ἀνελήφθη
734 5381 813 5446 είς
837 5382 964 5445 τοὺς
992 5383 1280 5454 οὐρανοὺς,
1319 5385 1415 5438 καὶ
1436 5402 1536 5454 κρε
1548 5385 1775 5453 μοῦνται
1799 5388 1997 5459 κανδή-

415 5473 542 5535 λαις
561 5470 603 5526 6'
631 5474 973 5545 ἀκοιμήταις
994 5491 1009 5505 ·
1052 5476 1486 5541 καταϐαίνοντας
1524 5479 1676 5533 κάτω
1707 5481 1903 5535 σκαλία
1929 5479 1994 5548 λ’,

419 5565 541 5619 έναι
566 5565 787 5634 ότάφος
820 5564 926 5635 τῆς
960 5563 1124 5635 ἁγίας
1158 5566 1452 5635 Πελαγίας.
1493 5569 1602 5623 Καὶ
1641 5569 1817 5625 λείπει
1841 5574 1869 5625 6
1898 5573 1997 5626 τά·

428 5671 531 5725 φης
556 5654 666 5709 ἀπὸ
695 5655 789 5708 τὸν
828 5656 1230 5728 τοῖχον-ἡμισὲν
1261 5658 1486 5728 χοάριον
1516 5657 1830 5732 ἀνθρώπου.
1862 5662 1996 5716 Ἀπὸ

2024 4640 2073 4696 D

2093 2056 2173 2118 est
2198 2062 2586 2130 Gethscmane,
2643 2068 2694 2122 in
2746 2084 2855 2138 quo
2907 2079 2993 2125 est
3038 2070 3348 2140 sepulcrum
3409 2070 3672 2135 Deipura',

2095 2154 2300 2213 habens
2351 2160 2493 2214 aedes
2544 2176 2808 2218 annexas.
2858 2162 3017 2217 Porta
3071 2164 3317 2231 speciosa
3364 2163 3529 2217 habet
3579 2179 3673 2215 cu-

2092 2246 2307 2304 lumuas
2340 2265 2673 2308 marmoreas
2700 2264 2848 2318 octo.
2892 2264 2968 2322 et,
3003 2270 3125 2309 cum
3155 2256 3510 2310 descenderis
3545 2270 3672 2322 gra-

2093 2340 2193 2394 dus
2246 2343 2602 2413 quadraginta
2635 2354 2783 2409 octo,
2818 2346 3076 2415 templum
3128 2345 3356 2415 reperis,
3390 2354 3443 2399 et
3476 2346 3529 2398 in
3563 2361 3676 2396 me~

2093 2428 2186 2482 dio
2219 2430 2417 2499 templo
2446 2433 2753 2488 cubiculum
2786 2435 3074 2504 lapideum,
3125 2444 3180 2490 et
3226 2434 3281 2490 in
3316 2434 3496 2490 medio
3524 2433 3675 2487 cubi-

2095 2519 2217 2572 culo
2280 2530 2526 2574 sanctum
2567 2523 2880 2599 sepulcrum
2946 2523 3218 2595 Dciparae,
3281 2537 3672 2589 marmoreum,

2093 2610 2406 2679 candidum,
2431 2614 2859 2683 pulcherrimum
2892 2635 2908 2672 :
2944 2617 3289 2688 pendentque
3333 2617 3391 2672 in
3432 2630 3498 2673 eo
3536 2616 3672 2671 lam-

2094 2704 2260 2770 pades
2293 2705 2614 2762 octodecim.
2650 2706 2856 2763 Ibidem
2891 2709 3101 2777 adjacet
3148 2708 3316 2780 janua
3369 2708 3575 2771 clausa,
3607 2722 3671 2763 ex

2094 2808 2224 2863 qua,
2257 2798 2498 2853 secundo
2529 2798 2730 2855 Christi
2781 2801 3039 2866 adventu,
3075 2800 3222 2857 foras
3252 2815 3568 2856 emersurus
3593 2811 3678 2854 est

2095 2887 2288 2958 igneus
2338 2887 2533 2946 ﬂuvius
2581 2891 2844 2948 adversus
2888 2893 3175 2952 haereticos
3214 2902 3271 2948 et
3335 2902 3675 2962 peccatores,

2096 2981 2187 3048 qui
2232 2993 2351 3035 eam
2387 2979 2681 3037 conviciis
2709 2991 2764 3038 et
2794 2982 3098 3040 maledictis
3148 2984 3409 3039 lacerant.
3438 2983 3515 3038 lbi
3549 2997 3679 3053 pro-

2095 3086 2162 3140 pe
2197 3080 2277 3127 est
2308 3073 2586 3143 spelunca,
2619 3075 2674 3129 in
2726 3090 2887 3146 quam
2921 3091 2982 3131 se
3017 3076 3267 3132 Christus
3308 3092 3430 3132 cum
3471 3076 3678 3130 sanctis

2097 3164 2361 3233 apostolis
2385 3166 2610 3234 abdidit,
2649 3177 2705 3222 et
2753 3177 2912 3224 nocte
2938 3168 3029 3223 illa
3061 3171 3290 3225 secessit
3340 3170 3391 3223 iu
3431 3169 3675 3233 hortum,

2097 3266 2153 3311 et
2201 3254 2368 3313 Iudas
2413 3259 2660 3330 proditor
2701 3261 2883 3314 attulit
2919 3260 3198 3315 cohortem
3245 3259 3557 3315 Iudaeorum
3606 3261 3673 3314 ad

2097 3346 2420 3421 capiendum
2454 3348 2776 3412 Dominum;
2808 3358 2861 3400 ct
2884 3350 3161 3402 osculatus
3190 3363 3309 3402 eum
3344 3348 3481 3402 dixit
3510 3347 3676 3412 :Ave,

2098 3439 2308 3509 Rabbi;
2330 3446 2470 3514 quod
2500 3454 2670 3509 notat,
2703 3442 2959 3514 Magister
2984 3443 3027 3497 ³.
3050 3442 3113 3497 Εῑ
3138 3444 3378 3497 extensis
3405 3443 3676 3506 manibus,

2095 3533 2267 3590 Judtei
2296 3536 2827 3604 comprehenderunt
2872 3535 3184 3599 Dominum,
3232 3534 3520 3605 ligatisque
3562 3549 3681 3588 ma-

2100 3626 2262 3682 nibus
2289 3626 2629 3682 adduxerunt
2680 3641 2805 3682 eum
2849 3626 2917 3680 ad
2960 3626 3231 3694 principes
3284 3626 3625 3680 sacerdotum
3661 3643 3673 3656 ·

2098 3718 2172 3775 ibi
2208 3717 2399 3774 Petrus
2428 3718 2727 3774 auriculam
2776 3717 2972 3774 Malchi
3002 3719 3257 3774 abscidit.
3304 3718 3415 3773 Nec
3446 3719 3675 3772 multum

2097 3811 2265 3866 distat
2292 3810 2463 3875 locus,
2510 3810 2564 3865 in
2594 3826 2702 3881 quo
2744 3810 2996 3866 Christus
3039 3811 3213 3866 oravit
3243 3826 3257 3865 :
3289 3808 3680 3879 paululumque

2099 3910 2222 3970 post
2257 3903 2504 3971 sequitur
2532 3901 2688 3971 lapis,
2720 3916 2885 3970 super
2915 3916 3024 3971 quo
3054 3901 3214 3964 sedit,
3255 3901 3552 3969 vidensque
3581 3899 3678 3953 Je-

2097 3991 2358 4059 rusalem,
2392 3991 2528 4048 dixit
2561 4008 2578 4046 :
2621 3973 2941 4055 Jerusalem,
2973 3989 3295 4055 Jerusalem,
3320 4005 3438 4060 qua:
3481 3990 3683 4043 occidis

2097 4087 2394 4152 prophetas,
2412 4095 2459 4139 et
2483 4085 2688 4154 lepidas
2711 4074 2901 4138 missos
2926 4098 2946 4136 .·
2968 4085 3170 4146 quoties
3201 4082 3341 4143 volui
3363 4097 3681 4151 congregare

2096 4178 2235 4247 ﬁlios
2263 4187 2382 4231 tuos
2405 4175 2461 4231 ιι
2490 4185 2546 4231 ει
2575 4177 2703 4231 item
2728 4176 2866 4230 dixit
2904 4192 2918 4230 :
2969 4175 3122 4237 Ecce,
3151 4174 3470 4244 relinquetur
3491 4175 3676 4226 domus

2096 4278 2266 4324 vestra
2293 4268 2579 4331 deserta,et
2598 4284 2702 4322 non
2730 4268 3016 4322 remanebit
3045 4266 3181 4336 lapis
3204 4283 3362 4337 super
3384 4267 3609 4335 lapidem
3632 4268 3675 4323 ⁸,

2097 4364 2275 4419 Distat
2325 4361 2680 4417 Gcthsemani
2735 4375 2767 4416 a
2825 4375 2985 4418 sacro
3039 4360 3290 4430 sepulcro
3352 4360 3500 4414 mille
3554 4375 3683 4429 pas-

2098 4472 2212 4514 ευε.

2174 4742 2227 4798 5.
2262 4738 2440 4810 Super
2468 4738 2823 4795 Gethsemani
2852 4747 2938 4793 est
2968 4751 3123 4791 mons
3151 4735 3451 4805 Olivarum,
3483 4752 3547 4790 ex
3574 4753 3684 4808 quo

2101 4830 2352 4888 Christus
2383 4832 2435 4885 in
2489 4829 2687 4883 (mlum
2721 4837 3031 4896 assumptus
3052 4836 3155 4891 est,
3200 4829 3438 4882 maximo
3483 4831 3682 4896 templo

2101 4924 2450 4995 conspicuus.
2497 4925 2557 4977 In
2606 4922 2785 4978 medio
2829 4921 3029 4990 templo
3063 4928 3147 4975 est
3181 4920 3490 4975 cubiculum
3538 4918 3680 4987 lapi-

2101 5018 2264 5074 deum
2336 5015 2760 5085 pulcherrimum
2821 5029 2944 5067 cum
3022 5013 3293 5068 columnis
3356 5010 3679 5065 marmoreis

2098 5107 2432 5179 quindecim,
2461 5116 2512 5162 et
2556 5105 2609 5160 in
2636 5104 2816 5159 medio
2841 5103 3093 5159 cubiculo
3126 5112 3211 5159 est
3241 5101 3433 5171 plantae
3469 5099 3678 5155 Christi

2098 5200 2409 5271 vestigium,
2465 5198 2625 5267 lapidi
2673 5194 2939 5257 inﬁxum.
2989 5194 3297 5265 quem’ille
3346 5193 3677 5255 calcavcrat',

2100 5305 2222 5347 cum
2260 5300 2637 5346 assumeretur
2686 5289 2740 5342 in
2789 5287 2988 5341 cmlum
3021 5303 3034 5341 :
3071 5296 3125 5339 et
3174 5288 3411 5353 pendent
3439 5295 3678 5350 quatuor

2098 5383 2376 5454 lampades
2407 5382 2774 5436 inexstinctte.
2821 5378 2968 5432 lnl‘ra
3016 5378 3216 5447 gradus
3254 5377 3471 5446 triginta
3502 5378 3680 5429 cerni-

2102 5488 2188 5532 lur
2213 5485 2417 5530 sanctae
2440 5474 2666 5545 Pelagiaa
2692 5469 3021 5539 sepulcrum,
3055 5483 3083 5522 a
3115 5484 3267 5523 muro
3294 5469 3467 5523 media
3495 5470 3674 5538 plziut'l

2100 5569 2323 5625 humani
2368 5566 2521 5637 pedis
2566 5567 2902 5637 seiunctum;
2945 5564 2987 5618 si
3023 5563 3143 5633 quis
3189 5563 3240 5616 in
3269 5563 3501 5633 spatium
3548 5564 3679 5617 illud

2099 5663 2245 5719 inter
2285 5676 2500 5717 murum
2535 5669 2589 5715 et
2619 5656 2924 5729 sepulcrum
2960 5654 3283 5725 ingreditur,
3311 5654 3488 5708 statim
3527 5670 3677 5708 conv

496 5795 698 5889 {leam
725 5810 800 5862 Ix,
832 5797 885 5852 7.
964 5796 985 5828 ³
1009 5796 1197 5853 Matth.
1232 5815 1380 5863 XXVI.
1427 5798 1512 5855 49.
1593 5799 1610 5831 ⁵
1640 5798 1769 5856 Luc.
1807 5817 1923 5859 xm.
1958 5799 2047 5855 5i.
2126 5801 2146 5834 ³
2181 5797 2369 5855 Matth.
2402 5813 2558 5853 xxm.
2596 5795 2684 5849 58.
