4042 6410
325 368 430 431 (.79
1770 365 1921 430 ANO

1995 366 2124 427 YMI
3479 360 3591 426 980

329 481 629 548 prehensus
675 479 988 545 detinetur;
1049 489 1126 547 et,
1178 479 1232 534 ni
1289 479 1440 552 prius
1492 480 1692 536 delicta
1725 480 1908 538 omnia

2011 480 2102 535 :6v
2141 479 2321 550 τοῖχον
2372 476 2711 548 ἔμπένοντας
2755 473 2784 528 ό
2826 473 3115 544 ἄνθρωπος
3150 471 3336 526 διεκεῖ·
3364 475 3591 528 ποιάνε-

328 587 424 625 sua
462 571 890 627 confcssionario
922 572 1101 629 fassus
1135 570 1314 638 fuerit,
1345 589 1624 644 nunquam
1658 573 1906 630 excedet.

2011 591 2104 628 ται
2133 574 2228 626 καὶ
2259 570 2427 641 χωρὶς
2455 568 2521 623 νά
2551 563 2887 638 ξομολογηθῇ
2921 564 3068 627 ὅλαις
3097 579 3194 616 του
3243 564 3362 624 ταῖς
3399 564 3589 635 ἁμαρ·

328 665 409 718 lbi
441 676 522 720 εει
548 665 767 729 cellula,
811 667 861 719 in
903 681 1006 736 qua
1041 681 1136 735 per
1173 675 1378 732 septem
1417 681 1589 721 annos
1623 666 1910 721 immorata

2013 667 2178 729 τίαις,
2211 663 2364 716 οὐδὲν
2395 658 2615 729 ἔμπορῆ
2647 656 2716 710 νὰ
2745 654 2887 726 εΰγῃ,
2919 656 3144 710 ἀποκεῖ.
3179 653 3332 708 Ἐκεῖ
3382 654 3502 708 ἔναι
3533 655 3596 708 :6

330 766 412 808 νει
440 772 454 820 ;
487 758 720 823 [wntlenl
755 757 1034 826 lampades
1081 766 1213 813 tres.
1244 755 1422 827 Prope
1464 756 1655 813 stadiis
1699 757 1913 814 duobus

2015 757 2213 828 κελλὴν
2244 755 2377 809 61:06
2406 751 2669 807 ἔκάθετον
2702 749 2930 821 χρόνους
2964 745 3032 813 ζ’.
3083 748 3440 820 Κρεμοῠνται
3466 765 3600 801 καν-

331 848 645 902 extenditur
691 850 936 916 Caliima,
974 860 1028 904 et
1057 851 1229 914 Cana,
1279 849 1333 903 in
1382 864 1487 919 qua
1521 849 1724 920 nuptia:
1759 849 1914 906 facta:

2014 852 2205 921 δήλαις
2237 856 2306 918 γ’.
2341 848 2453 902 Kal
2509 843 2646 915 σιμὰ
2681 843 2895 898 ἐκεῖθεν
2934 842 3128 898 στάδια
3161 842 3228 913 β’,
3279 841 3399 897 ἔναι
3427 843 3460 910 ἠ
3497 841 3600 893 Γα-

338 949 488 1003 sunt,
523 949 576 994 et
606 939 859 996 Christus
905 941 1176 996 convertit
1206 955 1404 1010 aquam
1435 939 1489 994 in
1517 940 1721 996 vinum.
1753 939 1915 997 Tem-

2017 943 2227 1009 λιλαία,
2280 943 2309 994 6
2349 943 2406 994 ἐν
2463 941 2622 995 Κανᾶ
2675 939 2875 1010 γάμος,
2932 936 3069 992 ὀποῦ
3107 935 3371 1005 ἐποίησεν
3403 933 3432 986 6
3463 934 3601 1003 Χρι-

336 1033 505 1100 plum,
545 1033 649 1088 hoc
680 1045 949 1104 tempore,
989 1034 1103 1088 solo
1137 1043 1410 1104 aequatum
1443 1041 1547 1089 est.

2021 1038 2147 1101 στος
2173 1037 2233 1089 :6
2264 1033 2410 1107 ὕδωρ
2437 1028 2604 1088 οἶνον.
2643 1030 2822 1086 Αὐτοῦ
2852 1025 2986 1105 ἦτον
3029 1027 3126 1083 καὶ
3155 1028 3306 1094 ναὸς,
3337 1027 3434 1080 καὶ
3472 1025 3604 1096 ἔχά-

407 1217 466 1272 6.
497 1215 551 1270 In
584 1225 766 1271 monte
799 1216 1076 1272 Olirarum
1110 1215 1573 1272 Mclchisedechus
1603 1214 1919 1270 immoratus

2093 1147 2152 1182 σε
2190 1167 2205 1184 .

2019 1129 2294 1288 Mlg’iIEl;
2321 1221 2384 1277 :6
2415 1221 2543 1292 ὅρος
2576 1221 2687 1276 τῶν
2706 1218 2939 1275 Ἐλαιῶν
2971 1217 3234 1272 ἔκάθετον
3277 1215 3307 1268 6
3338 1212 3608 1282 Μελχισε-

339 1317 424 1362 est
469 1323 642 1362 annos
694 1309 920 1374 decem;
963 1309 1222 1378 misitque
1269 1307 1409 1363 Deus
1438 1307 1700 1374 Abraam,
1736 1315 1791 1360 et
1818 1319 1921 1358 un-

2023 1315 2117 1371 δὲκ
2152 1317 2380 1386 χρόνους
2425 1313 2468 1378 ζ’
2497 1331 2512 1348 ο
2545 1315 2640 1368 καὶ
2668 1311 2917 1382 ἔπεμψεν
2957 1313 2986 1364 6
3019 1309 3156 1371 Θεὸς
3208 1307 3302 1362 :6v
3325 1305 3606 1377 Ἀϐραὰμ,

341 1416 474 1469 gues
515 1400 662 1456 illius
717 1401 1049 1471 capillosque
1101 1400 1369 1470 praecidit,
1409 1400 1665 1471 deditque
1715 1399 1793 1454 illi
1829 1412 1924 1469 pa-

2025 1407 2120 1460 καὶ
2159 1403 2563 1476 ἐνυχοκόπησέν
2587 1420 2699 1471 τον,
2747 1403 2844 1456 καὶ
2882 1397 3313 1472 ἔτριχοκόπησέν
3339 1411 3459 1460 τον,
3511 1392 3613 1448 καὶ

343 1505 489 1554 nem,
521 1500 577 1544 et
609 1492 976 1556 manducavit,
1014 1501 1067 1546 et
1109 1491 1539 1546 benedictionem
1571 1491 1641 1546 ab
1671 1504 1738 1546 eo
1769 1504 1925 1545 acce-

2027 1498 2228 1553 ἔδωκεν
2250 1498 2343 1550 τὸν
2369 1498 2555 1567 ἄρτον,
2585 1496 2682 1551 καὶ
2703 1493 2930 1564 ἔφαγεν,
2952 1494 3051 1547 καὶ
3075 1485 3613 1578 εὐλογήθηᾋξραάμ

345 1582 445 1650 pit.
494 1581 673 1637 Distat
720 1570 876 1638 mens
911 1581 1188 1639 Olivarum
1221 1598 1250 1638 a
1282 1592 1471 1638 sancto
1498 1581 1749 1650 sepulcro
1780 1581 1926 1636 mille

2028 1589 2138 1642 ἀπὸ
2168 1587 2264 1640 :06
2297 1583 2661 1657 Μελχισεδέκ.
2701 1582 2924 1652 Ἀπέχει
2975 1579 3038 1634 :6
3071 1578 3198 1649 ὅρος
3241 1574 3351 1629 τῶν
3383 1570 3615 1627 Ἐλαιῶν

349 1690 572 1745 passus.
605 1674 881 1730 Orientem
916 1689 1104 1731 versus
1131 1675 1330 1731 montis
1359 1673 1655 1741 Olivarum,
1685 1675 1740 1730 in
1788 1673 1926 1729 inie-

2030 1680 2141 1736 ἀπὸ
2166 1679 2260 1733 τὸν
2290 1677 2446 1747 ἅγιον
2484 1677 2656 1745 τάφον
2699 1673 2879 1744 μιλίον
2912 1669 2982 1727 α’.
3027 1669 3141 1724 Kal
3176 1665 3320 1722 κατὰ
3349 1661 3616 1725 ἀνατολὰς

352 1765 480 1820 riori
531 1767 705 1836 plaga,
759 1767 898 1837 jacet
946 1767 1230 1824 Bethania.
1269 1767 1368 1823 Est
1420 1768 1475 1823 in
1505 1783 1570 1824 ea
1619 1766 1926 1839 sepulcrum
1956 1820 2003 1843 ἢ
2031 1773 2129 1830 τοῦ
2187 1772 2349 1843 ὅρους
2380 1769 2491 1824 τῶν
2530 1766 2762 1823 Ἐλαιῶν
2802 1763 3052 1820 κάτωθεν
3105 1759 3248 1816 εἶναι
3276 1762 3309 1830 ἡ
3347 1756 3615 1828 Βηθανία.

351 1859 523 1914 sancti
555 1858 768 1926 Lazari,
804 1874 1194 1928 marmoreum,
1237 1861 1688 1932 pulcherrimum,
1735 1876 1933 1933 prope—

2042 1820 2366 1923 attigit
2394 1820 2783 1933 "tdt—ptigtoﬁ
2818 1859 2978 1928 ἁγίου
3012 1820 3309 1927 Λαζάρουί
3341 1820 3435 1906 καλ.
3476 1843 3620 1902 εἶναι

352 1964 459 2018 que
511 1950 664 2017 illud,
707 1950 842 2020 lapis
888 1955 940 2006 in
996 1969 1104 2021 quo
1162 1952 1304 2008 sedit
1353 1953 1625 2021 Christus,
1683 1953 1936 2010 confecto

2039 1958 2419 2033 μαρμάρεῖνος
2458 1955 2816 2025 ὡραιότατος.
2849 1950 2962 2006 Καὶ
3008 1948 3178 2004 κοντὰ
3207 1947 3288 2006 εἰς
3332 1945 3424 1999 τὸν
3448 1942 3621 2010 τάφον

354 2042 572 2097 itinere.
628 2043 941 2112 Adversum
979 2044 1231 2114 sepulcro
1285 2045 1429 2100 intra
1484 2045 1798 2116 speluncam
1851 2053 1938 2102 est

2045 2047 2188 2106 εἶναι
2223 2053 2252 2105 6
2278 2049 2423 2112 λίθος
2453 2046 2591 2101 ὀποῦ
2614 2044 2869 2100 ἐκάθισεν
2901 2045 2932 2096 6
2964 2039 3204 2113 Χριστὸς
3235 2039 3302 2092 ἔκ
3329 2037 3432 2106 τῆς
3475 2036 3619 2089 660t-

354 2135 660 2202 sepulcrum
702 2133 923 2190 Martha:
956 2145 1010 2190 et
1047 2135 1396 2207 Magdalenae,
1431 2151 1680 2193 sororum
1715 2137 1931 2193 Lazari.

2037 2143 2238 2215 πορίας
2265 2157 2277 2171 ·
2312 2141 2408 2195 καὶ
2436 2139 2702 2209 ἄντικρυς
2730 2135 2827 2191 τοῦ
2857 2135 3033 2203 τάφου
3066 2133 3206 2205 μέσα
3247 2132 3330 2193 είς
3374 2128 3435 2182 :6
3479 2127 3623 2197 σπή-

354 2225 530 2282 Distat
560 2226 825 2282 Bethania
859 2243 890 2282 a
923 2238 1112 2284 sancto
1139 2228 1394 2298 sepulcro
1424 2229 1682 2284 milliaria
1705 2231 1831 2286 duo.
1857 2231 1938 2286 Ex

2037 2235 2190 2290 λαιον
2218 2227 2356 2286 εἶναι
2376 2232 2405 2285 6
2429 2231 2601 2300 τάφος
2621 2230 2722 2299 τῆς
2749 2226 2986 2296 Μάρθας
3005 2222 3102 2278 καὶ
3122 2223 3222 2291 τῆς
3246 2216 3620 2288 Μαγδαλινῆς,

356 2320 480 2384 hac,
509 2321 577 2374 ad
616 2320 886 2376 orientem
915 2321 1108 2386 solem,
1142 2322 1197 2376 in
1248 2323 1440 2378 urbem
1489 2320 1708 2379 Jericho
1749 2338 1938 2379 cursus

2037 2324 2288 2395 ἀδελφῶν
2317 2324 2413 2376 τοῦ
2464 2320 2747 2390 Λαζάρου.
2791 2315 3068 2386 Ἀπέχειή
3103 2311 3350 2381 Βηθανία
3391 2308 3501 2362 ἀπὸ
3529 2307 3627 2361 τὸν

356 2412 628 2480 dirigitur.
695 2413 774 2469 lbi
809 2413 988 2480 claba,
1018 2417 1071 2468 iu
1116 2430 1220 2484 qua
1251 2413 1414 2485 pedes
1442 2414 1569 2471 Jesu
1602 2415 1804 2471 Christi
1839 2415 1939 2470 im-

2040 2417 2197 2486 ἅγιον
2225 2418 2398 2484 τάφον
2432 2413 2586 2483 μίλια
2617 2411 2685 2482 β’.
2729 2407 2851 2463 Ἀπ’
2885 2405 3048 2462 αὐτοῦ
3089 2405 3322 2474 παγὲνει
3352 2405 3380 2456 6
3419 2401 3623 2472 δρόμος

357 2505 644 2568 miserunt,
691 2521 998 2562 marmorea
1030 2507 1246 2573 visitur,
1282 2517 1337 2561 et
1361 2522 1544 2561 mensa
1586 2507 1636 2560 in
1684 2521 1792 2576 qua
1844 2522 1934 2561 sa-

2040 2511 2123 2574 είς
2149 2507 2248 2578 τὴν
2285 2503 2495 2575 Ἰεριχὼ
2527 2501 2670 2557 κατὰ
2697 2502 2797 2572 τὴν
2822 2498 3096 2568 ἀνατολὴν
3131 2496 3224 2551 :06
3246 2495 3424 2566 ἡλίου.
3446 2491 3625 2546 Αὑτοῦ

358 2607 705 2654 crosanctum
760 2601 945 2655 missae
989 2599 1318 2655 sacriﬁcium
1379 2601 1677 2670 peragitur.
1733 2601 1940 2655 Accen-

2039 2602 2159 2657 ἔναι
2211 2599 2308 2654 καὶ
2343 2601 2377 2671 η
2410 2597 2614 2654 Κλάπα
2653 2594 2790 2649 61:06
2843 2593 3046 2647 ἔϐαλαν
3092 2591 3219 2654 τοὺς
3249 2589 3417 2650 πόδας
3443 2583 3626 2656 Ἰησοῦ

362 2695 496 2749 dunt
523 2703 763 2764 quatuor
789 2695 1087 2763 lampades.
1117 2694 1188 2749 Et
1221 2697 1399 2764 spatio
1429 2696 1614 2751 decem
1659 2711 1936 2767 passuum,

2039 2691 2136 2747 :06
2171 2689 2410 2763 Χριστοῦ
2446 2688 2828 2760 μαρμαρέίνον
2849 2701 2864 2718 ο
2908 2683 3024 2754 ἔχει
3059 2683 3158 2738 καὶ
3184 2680 3468 2752 τράπεζαν
3491 2675 3629 2767 61:06

362 2763 635 2852 columna,
667 2788 722 2842 in
754 2802 864 2856 qua
895 2787 1173 2844 Christum
1219 2763 1394 2844 Judaei
1435 2763 1792 2858 ﬂagellarunt.
1831 2791 1940 2844 Ac-

2041 2779 2416 2854 λειτουργοῦν,
2449 2780 2656 2834 άπτουν
2701 2774 2800 2829 καὶ
2857 2772 3134 2843 κανδήλας
3164 2767 3207 2824 δ’
3228 2785 3243 2800 ο
3281 2767 3379 2822 καὶ⁵
3414 2767 3507 2858 είς
3537 2763 3631 2858 βήτ

361 2879 601 2934 cendunt
643 2855 924 2948 lampades
991 2894 1245 2950 quatuor.
1302 2855 1588 2953 Propeqite
1640 2895 1767 2938 ante
1820 2898 1939 2938 eam

2046 2892 2198 2946 ματα
2229 2880 2262 2927 ι’
2295 2868 2436 2926 εἶναι
2468 2873 2501 2942 ὴ
2533 2869 2751 2932 κολόνα,
2776 2865 2911 2921 ὀποῦ
2951 2864 3171 2935 ἔδειραν
3218 2865 3310 2953 τὸν
3341 2857 3551 2953 Κύριον

363 2968 536 3034 locus,
571 2969 624 3024 in
666 2985 776 3040 quo
802 2970 985 3026 clavos
1013 2972 1389 3039 coniecerunt,
1422 2977 1620 3045 quibus
1653 2977 1803 3032 cruci
1830 2976 1939 3031 Do-

2050 2943 2332 3022 Ἶουδαϊοι·
2371 2963 2579 3018 ἆπτουν
2611 2959 2887 3030 κανδήλας
2922 2956 2986 3011 6'.
3019 2951 3381 3026 Ἕμπροσθεν
3426 2943 3571 3045 εἶναι
3603 2949 3634 3002 6

365 3063 568 3117 minmn
598 3063 912 3120 aiﬁxeruut.
948 3066 1228 3135 Pauloque
1274 3042 1516 3133 ante,—in
1551 3069 1750 3124 sacello
1781 3069 1942 3124 italo-

2044 3059 2213 3121 τόπος
2265 3055 2400 3111 ὀποῦ
2429 3053 2694 3122 ἐποίησαν
2733 3050 2862 3114 τοὺς
2888 3047 3075 3120 ἥλους,
3110 3046 3206 3099 καὶ
3238 3042 3634 3135 ἔπροσήλωσαν

365 3171 510 3223 rum,
543 3157 598 3211 iu
630 3157 967 3227 pavimento,
999 3169 1081 3213 est
1115 3175 1360 3214 marmor
1397 3160 1712 3223 candidum.
1741 3159 1938 3216 rotun-

2045 3153 2136 3208 :6v
2163 3149 2369 3222 Κύριον
2399 3148 2457 3201 ἔν
2495 3145 2574 3213 τῷ
2598 3141 2838 3214 σταυρῷ.
2868 3138 3047 3194 Αὐτοῦ
3080 3134 3292 3208 ὲμπρός
3322 3135 3403 3197 είς
3432 3134 3639 3239 τδοπα-

363 3251 513 3315 dum,
572 3259 626 3304 et
681 3249 733 3304 in
767 3251 947 3307 medio
1000 3251 1264 3316 foramen,
1312 3252 1378 3306 ad
1425 3253 1724 3320 quodcum
1781 3268 1944 3310 aures

2051 3244 2350 3318 ρακλήσιον
2368 3239 2477 3293 τῶν
2497 3235 2723 3292 Ἰταλῶν
2747 3235 2830 3298 είς
2855 3234 2918 3286 :6
2945 3231 3143 3302 ἔδαφος
3179 3228 3296 3320 ἔχει
3327 3225 3631 3320 μαρμάρον

365 3339 639 3409 applicant
688 3339 940 3395 homines
973 3341 1206 3396 audiunt
1253 3315 1309 3396 in
1349 3315 1544 3398 incude
1573 3344 1700 3401 aeris
1747 3346 1948 3416 strepi-

2047 3315 2244 3392 λευκδν
2277 3331 2647 3404 στρογγύλον,
2703 3327 2799 3381 καὶ
2829 3323 3013 3416 είςτο
3045 3323 3210 3393 μέσον
3249 3319 3363 3416 ἔχει
3395 3315 3633 3416 τρύπαν,

368 3441 502 3494 tum,
534 3446 600 3486 ex
647 3446 759 3501 quo
797 3431 937 3487 clavi
974 3431 1210 3489 coniecti
1249 3441 1377 3488 sunt
1410 3452 1425 3490 :
1459 3436 1840 3505 detineturqne
1867 3406 1946 3492 ibi

2050 3431 2148 3485 καὶ
2173 3427 2396 3500 βάνουσι
2433 3423 2606 3493 ταύτη
2655 3420 2784 3484 τοῦς
2816 3419 2866 3472 oi
2897 3415 3204 3488 ἄνθρωποι,
3239 3411 3336 3485 καὶ
3368 3406 3637 3505 γρυκοῦσι

367 3523 584 3588 artifex,
620 3523 786 3578 veluti
843 3523 908 3577 in»
929 3537 1173 3588 carcere,
1209 3539 1382 3594 usque
1431 3527 1498 3583 ad
1540 3529 1681 3583 diem
1732 3529 1945 3599 judicii.

2050 3523 2144 3578 :6v
2198 3521 2399 3594 χαλκὸν
2444 3517 2580 3574 ὀποῦ
2642 3514 2849 3584 ἔκαμεν
2899 3511 3029 3573 τοὺς
3083 3499 3640 3599 ﬁloug,xal_x:u1:;

371 3615 537 3670 Retro
563 3616 616 3670 in
645 3624 834 3670 saneto
859 3615 1098 3680 hemate,
1135 3593 1407 3686 dispertiti
1450 3629 1579 3674 sunt
1620 3593 1948 3678 vestimenta

2051 3619 2132 3682 είς
2157 3593 2484 3686 τδάμόνην,
2528 3611 2624 3664 καὶ
2648 3605 2790 3663 εἶναι
2818 3606 2938 3659 ἐκεῖ
2967 3598 3370 3674 φυλακισμένος
3403 3595 3510 3658 ἔως

369 3705 598 3771 Christi,
629 3713 686 3760 ut
715 3702 986 3773 Propheta
1015 3705 1090 3761 ait
1123 3723 1137 3761 :
1166 3683 1472 3763 Diviseruut
1508 3711 1607 3765 sibi
1645 3713 1949 3769 vestimenta

2052 3709 2270 3780 ἡμέραν
2293 3683 2700 3776 ντῆςθιρίσεως.
2746 3698 2857 3752 Kal
2897 3694 3128 3750 ὄπισθεν
3155 3692 3238 3756 είς
3271 3690 3333 3744 :6
3359 3689 3515 3756 άγιον
3541 3683 3641 3780 βῆζ

373 3815 486 3854 mea
513 3800 558 3866 ⁸,
596 3807 652 3855 et
680 3805 901 3855 caetera.

2058 3776 2136 3872 μα
2163 3776 2306 3854 εἶναι
2334 3798 2363 3851 6
2394 3796 2560 3858 τόπος
2590 3792 2726 3848 ὀποῦ
2755 3785 3190 3861 διεμερίσθησαν
3222 3783 3291 3836 τὰ
3325 3779 3520 3872 ἱμάτια
3544 3776 3640 3831 τοῦ

2057 3869 2500 3962 Κυρίου,καθώς
2550 3899 2720 3955 φησιν
2771 3881 2801 3934 6
2835 3879 3163 3948 Προφήτης·
3217 3869 3643 3942 Διεμερίσαντο

2061 3985 2134 4040 τὰ
2171 3981 2374 4054 ἱμάτιά
2399 3996 2539 4050 μου,
2568 3977 2664 4032 καὶ
2698 3975 2767 4029 τὰ
2798 3973 2949 4044 ἑξῆς.

371 4130 376 4134 .
443 4081 498 4139 7.
534 4081 670 4140 Pars
695 4081 917 4164 sinistra
944 4081 1179 4143 bematis
1229 4078 1403 4141 sancti
1449 4086 1682 4156 sepulcri
1711 4086 1957 4142 ascendit

2129 4052 2200 4142 ζ’.
2237 4077 2304 4129 Ἦ
2333 4074 2390 4128 δὲ
2433 4071 2704 4145 ἀριστερὰ
2739 4067 2834 4121 τοῦ
2871 4065 3117 4137 βήματος
3149 4058 3244 4114 :06
3279 4052 3643 4164 άγίοηυιτάερου

375 4175 576 4246 gradus
611 4148 949 4246 quindettim,
997 4177 1188 4250 sicque
1245 4145 1549 4248 ingreditur
1603 4179 1953 4251 Golgotham,

2058 4169 2346 4227 ἀναϐαίνει
2372 4165 2633 4220 σκαλόνια
2665 4160 2746 4230 ιε’,
2767 4160 2862 4214 καὶ
2887 4156 3125 4212 σεϐαίνει
3153 4154 3233 4217 είς
3257 4150 3348 4251 τὸν
3376 4145 3642 4251 Γολκγοθᾶ,

375 4269 429 4325 in
465 4283 572 4339 quo
617 4267 880 4326 Dominus
918 4270 1071 4326 cruci
1113 4269 1306 4326 aiiixus
1340 4280 1445 4327 est.
1495 4270 1572 4326 ibi
1605 4240 1958 4328 sol‘ohtene-

2059 4261 2196 4319 61:06
2225 4258 2551 4330 ἐσταυρώθη
2573 4255 2604 4308 6
2629 4254 2852 4324 Κύριος.
2883 4247 3060 4304 Αὑτοῦ
3093 4243 3384 4339 ἐσκοτίσθη
3415 4240 3642 4339 όῌῆλιος,

377 4331 565 4412 bratus
603 4363 708 4422 est,
758 4365 814 4413 ct
844 4357 1023 4413 velum
1072 4359 1260 4427 templi
1303 4373 1334 4413 a
1379 4371 1531 4427 parte
1585 4360 1668 4416 sui
1705 4378 1956 4432 suprema

2061 4356 2155 4409 καὶ
2183 4353 2244 4406 :6
2276 4350 2684 4418 καταπέτασμα
2716 4344 2812 4398 :06
2847 4341 2976 4397 ναοῦ
3018 4337 3248 4410 ἐσχίσθη
3286 4335 3394 4391 ἀπὸ
3433 4331 3644 4432 άνωθεν

380 4460 553 4516 usque
610 4447 678 4502 ad
725 4448 970 4502 inﬁmam
1017 4425 1274 4502 scissum.
1323 4425 1400 4504 lbi
1452 4450 1589 4504 dixit
1639 4425 1816 4507 latro:
1847 4451 1960 4507 Me-

2060 4448 2166 4510 ’ἐως
2201 4444 2470 4499 κάτωθεν.
2521 4441 2705 4494 Αὐτοῦ
2758 4433 2912 4490 εἶπεν
2953 4436 2983 4488 6
3039 4433 3271 4504 λῃστὴς,
3323 4425 3647 4494 Μνήσθητί

381 4549 552 4593 mento
583 4538 705 4604 mei,
740 4537 980 4605 Domine,
1025 4539 1077 4592 in
1121 4556 1277 4608 regno
1322 4550 1410 4594 tua
1450 4542 1490 4596 ⁷.
1530 4543 1606 4599 Eo
1645 4543 1751 4599 loci
1783 4557 1866 4601 cst
1905 4556 1958 4602 et

2057 4557 2202 4612 μου,
2233 4539 2434 4606 Κύριε,
2455 4535 2526 4589 ἐν
2545 4533 2622 4602 τῇ
2644 4529 2940 4598 ,ϐασιλείᾳ
2961 4543 3102 4582 σου.
3130 4523 3308 4578 Αὐτοῦ
3339 4521 3458 4575 ἔναι
3490 4519 3590 4612 καὶ
3612 4517 3647 4588 η

379 4641 567 4700 petrar
587 4645 707 4700 quae
739 4629 906 4685 scissa
930 4637 1036 4696 est,
1069 4640 1125 4685 et
1155 4632 1209 4686 in
1237 4647 1398 4700 quam
1435 4634 1703 4703 pretiosus
1735 4637 1958 4708 sanguis

2058 4603 2236 4701 Ῐπέτρα
2278 4603 2415 4682 61:06
2469 4624 2722 4696 ἐσχίσθη,
2772 4621 2870 4676 καὶ
2903 4620 3152 4708 ἔδραμεν
3193 4616 3256 4670 :6
3288 4612 3474 4708 τιμίον
3503 4603 3647 4708 alita

380 4721 580 4783 Clu-isti
615 4721 838 4776 deﬂuxit
881 4739 895 4777 :
936 4738 1034 4778 nec
1080 4739 1188 4779 non
1223 4735 1278 4780 et
1305 4701 1503 4782 Christi
1544 4701 1960 4785 cruciﬁxiovde-

2060 4720 2152 4777 :06
2178 4716 2442 4792 Χριστοῦ.
2472 4717 2624 4770 Ἐκεῖ
2653 4713 2776 4768 Eva:
2827 4711 2924 4766 καὶ
2955 4711 2990 4780 ή
3021 4707 3336 4778 σταύρλωσις
3380 4701 3476 4756 τοῦ
3507 4701 3646 4792 Χριέ

381 4813 546 4880 picta.
577 4812 751 4868 Habet
777 4814 1056 4883 lampades
1087 4816 1421 4885 quindecim.
1455 4817 1521 4872 Et
1543 4827 1629 4873 est
1657 4818 1958 4891 Golgothmi

2064 4812 2192 4867 0:06
2234 4791 2708 4881 ijYpacptcpé‘l'q.
2737 4805 2894 4876 Ἔχει
2957 4801 3256 4871 κανδήλαις
3304 4795 3392 4851 ιε’.
3445 4795 3560 4891 Kal
3620 4791 3649 4845 6

383 4903 565 4973 templi
632 4905 810 4967 tholus
868 4906 934 4960 ad
991 4907 1214 4962 modum
1273 4907 1458 4964 crucis
1503 4886 1845 4977 'eﬁ‘ortnatiis,
1905 4920 1961 4967 et

2066 4904 2336 4974 Γολγοθᾶς
2403 4895 3062 4971 σταυροθολοκτισμένος,
3123 4892 3220 4945 καὶ
3270 4886 3649 4977 ἱστορημένοι,

383 5014 504 5053 cum
556 4999 765 5053 musivo
802 4997 1189 5068 prophetarum
1222 5001 1490 5072 imagines
1527 5001 1849 5069 delineatae;
1906 5013 1962 5060 et

2075 4995 2212 5069 μετὰ
2245 4993 2468 5064 μουσίου
2505 4992 2554 5044 oi
2605 4987 2911 5059 προφῆται,
2956 4984 3053 5039 καὶ
3101 4979 3357 5072 Ἀϐραάμ
3388 4975 3649 5072 ⁸θυσιάζει

384 5091 644 5155 Abraam,
677 5090 1004 5146 sacriﬁcium
1031 5091 1290 5160 oll'erens,
1329 5092 1500 5149 ﬁlium
1547 5108 1726 5150 suum.
1763 5094 1830 5150 Et
1883 5095 1957 5151 ibi

2071 5066 2163 5142 τὸν
2196 5085 2310 5140 υἱὸν
2333 5083 2520 5138 αὑτοῦ.
2551 5078 2731 5136 Αὑτοῦ
2761 5081 2914 5132 ἔστιν
2943 5078 2972 5130 6
2998 5074 3187 5139 τόπος,
3219 5069 3357 5124 61:06
3385 5066 3648 5136 ἐποίησεν

386 5194 468 5239 est
505 5183 677 5250 locus,
704 5185 756 5238 in
789 5199 897 5253 quo
923 5184 1252 5240 sacriiicium
1289 5186 1440 5243 iecit.
1493 5185 1774 5258 Colgotha:
1813 5187 1959 5259 pavi-

2072 5182 2171 5252 τὴν
2205 5177 2418 5235 θυσίαν.
2451 5175 2563 5230 Kal
2593 5171 2657 5226 :6
2707 5170 2903 5240 ἔδαφος
2932 5166 3028 5222 :06
3051 5160 3462 5259 l‘oMoOc’isiva-t
3503 5161 3648 5259 iam:

387 5284 650 5340 mentum,
697 5276 909 5331 musivo
948 5276 1375 5343 interstinctum,
1420 5279 1714 5334 maximam
1749 5279 1965 5335 intuen-

2073 5247 2336 5345 pt'apévov
2366 5267 2504 5338 μετὰ
2535 5263 2760 5336 μουσίου
2789 5259 3128 5329 παντέρπου.
3173 5256 3239 5310 Ἥ
3266 5254 3321 5308 δὲ
3348 5252 3522 5345 όπίσιυ
3551 5247 3649 5345 :06

391 5365 532 5420 tibus
561 5339 893 5434 voluptatem
925 5366 1083 5422 indit.
1115 5367 1160 5423 Δ
1202 5339 1679 5438 ιειιεονϐοιεοιιιω,
1715 5371 1804 5426 ubi
1838 5387 1965 5441 gra-

2063 5339 2309 5432 Ῠολγοθᾶ
2356 5357 2681 5414 καταϐαίνει
2721 5353 2920 5408 σκαλία
2971 5347 3038 5418 λ’,
3095 5349 3193 5404 καὶ
3251 5346 3404 5400 κάτω
3443 5339 3584 5397 εἶναι
3619 5343 3649 5395 6

389 5457 490 5512 dus
515 5457 735 5528 triginta
773 5459 1142 5526 descendetis,
1177 5460 1431 5532 objicitur
1461 5459 1718 5531 templum
1754 5438 1966 5517 sanctae

2064 5457 2190 5519 ναὸς
2216 5455 2318 5522 τῆς
2360 5450 2553 5521 Ἀγίας
2587 5447 2834 5515 Ἑλένης,
2873 5446 2969 5498 καὶ
2991 5442 3105 5512 ἔχει
3130 5438 3382 5502 κολόναις
3417 5451 3647 5532 μαρμα-

395 5544 627 5601 iicleum.
667 5545 841 5604 liabet
869 5547 1148 5603 columnas
1176 5530 1512 5604 marmoreas
1559 5530 1814 5618 quatuor,
1848 5565 1966 5620 qua:

2069 5549 2270 5620 ρεϊναις
2290 5544 2356 5612 6',
2399 5545 2493 5599 καὶ
2529 5540 2836 5615 βαστάζουν
2871 5537 2964 5592 τὶν-ι
3001 5537 3199 5606 νεκρὸν
3237 5530 3645 5595 άενάως.“Ἐναι

395 5650 654 5709 perpetuo
691 5641 834 5698 illius
867 5640 1122 5711 reliquias
1181 5639 1490 5698 sustinent:
1524 5651 1715 5713 estque
1745 5651 1965 5716 praztcr-

2070 5641 2162 5698 xal
2193 5637 2362 5696 αὐτοῦ
2419 5635 2514 5693 :06
2568 5635 2730 5708 ἁγίου
2779 5630 3041 5690 Ἰακώϐου
3082 5626 3178 5683 :06
3217 5623 3569 5698 Ἀδελφοθέου
3611 5621 3639 5673 6

470 5797 491 5828 ⁸
512 5796 655 5851 i‘sai.
687 5813 802 5864 ιιι,
838 5797 926 5854 19.
985 5798 1023 5886 ν’
1055 5797 1188 5855 Luc.
1233 5815 1386 5870 Mitti,
1412 5801 1501 5858 4‘2.
