4042 6428
438 347 542 414 98Ι

1726 359 1826 439 ne
1871 358 2088 424 LOCiS
2119 361 2458 425 SANCTIS.

3597 365 3707 430 982

437 465 653 536 θρόνος.
686 462 814 518 Ἀπ’
848 464 1017 521 αὐτοῦ
1051 466 1149 521 καὶ
1174 465 1346 522 κόιτου
1372 467 1510 524 ἄλλα
1536 471 1738 527 σκαλὶα
1763 473 1854 544 ιβ’,
1881 470 2010 528 εῖναι

2127 491 2193 530 ea
2243 480 2418 532 sancti
2449 476 2638 533 Jacobi
2686 476 3048 548 Adelphothei
3084 477 3334 534 thronus.
3366 476 3449 532 Ab
3486 491 3552 533 eo
3583 485 3706 546 post

434 558 497 610 τὸ
547 557 840 627 σπήλαιον,
890 558 1026 613 ὀποῦ
1073 560 1274 632 εὑρέθη
1317 561 1347 614 6
1399 563 1631 636 σταυρὸς
1673 565 1768 618 τοῦ
1809 567 2016 636 Κυρίου

437 648 622 712 καθὼς
647 649 740 702 τὸν
788 642 949 722 εὗρεν
1005 652 1040 720 ἡ
1085 652 1220 722 ἁγία
1278 653 1469 726 Ἑλένη
1521 657 1825 728 χωσμένον.
1863 660 2016 730 Ἔχει

436 743 531 794 καὶ
555 740 864 812 τράπεζαν,
897 744 1033 797 ὀποῦ
1081 745 1455 818 λειτουργοῦν,
1496 748 1610 820 ἔχει
1653 750 1920 820 κανδήλια
1949 753 2012 807 6".

439 833 793 904 Ἐμπροσθεν
821 833 916 887 τοῦ
970 834 1133 904 ἁγίου
1197 837 1376 906 τάφου
1426 839 1689 910 ἄντικρυς
1721 842 1819 909 τῆς
1859 842 2017 907 ἁγίας

435 923 719 996 τραπέζης
764 925 882 979 ἔναι
907 928 936 980 6
975 927 1142 992 τόπος
1175 929 1312 983 ὀποῦ
1362 930 1721 1003 ὲλαζὰρωσαν
1752 934 1846 986 τὸν
1879 934 2015 1002 Χρι-

437 1020 587 1081 στὸν,
621 1020 718 1073 καὶ
753 1019 1062 1091 ἐκήδευσαν
1104 1022 1134 1074 6
1159 1022 1498 1092 Νικόδημος,
1528 1023 1625 1078 καὶ
1667 1026 1695 1076 ὁ
1730 1025 1928 1094 Ἰωσὴφ
1959 1027 2017 1077 ἐν

436 1110 603 1164 σιδόνι
639 1111 878 1188 καθαρᾷ.
917 1113 1028 1166 Καὶ
1057 1114 1221 1179 αὐτὸς
1260 1118 1289 1169 6
1318 1115 1485 1179 τόπος
1507 1113 1649 1169 εἶναι
1685 1117 2012 1188 πλουμιστὸς

437 1201 506 1268 μὲ
542 1186 814 1271 μάρμαρα
840 1203 1157 1273 πλουμιστὰ
1203 1208 1466 1276 πορφυρὰ
1526 1206 1622 1260 καὶ
1659 1186 1866 1280 μαῢρα.
1903 1209 2016 1262 Καὶ

435 1290 644 1342 ἄνωθεν
685 1292 1025 1363 κρέμουνται
1052 1294 1348 1366 κανδήλαις
1371 1302 1443 1366 η’,
1467 1299 1562 1351 καὶ
1585 1297 1777 1352 καίουν
1800 1297 2018 1368 ἡμέραν

435 1385 531 1436 καὶ
554 1384 758 1437 νύκτα·
817 1385 912 1440 καὶ
955 1388 1124 1442 αὑτοῦ
1169 1387 1284 1459 ἔχει
1317 1388 1574 1454 κολόναις
1602 1391 2013 1461 μαρμαρεῖναις

432 1475 496 1530 6'.
534 1475 646 1530 Καὶ
701 1478 1068 1550 σταυρὸθολος
1110 1474 1274 1546 εἶναι,
1325 1481 1420 1533 καὶ
1456 1481 1740 1552 καμάραις
1791 1483 1872 1544 είς
1917 1479 2019 1533 τὸν

434 1568 564 1622 ναὸν
603 1569 668 1623 λ’.
725 1572 882 1640 Ἔχει
912 1571 1009 1624 καὶ
1044 1571 1254 1641 πόρτας
1301 1573 1329 1626 6
1375 1571 1504 1635 ναὸς
1534 1571 1582 1642 γ’
1602 1587 1621 1605 ⁸
1663 1574 1696 1643 ή
1746 1572 1843 1642 μία
1872 1567 2018 1626 εἶναι

430 1661 647 1714 δυσικά.
682 1661 804 1715 Ἀπ’
831 1662 999 1716 αὐτοῦ
1035 1657 1202 1733 ἦλθεν
1232 1664 1265 1735 ἡ
1291 1663 1416 1718 ὁσία
1446 1664 1635 1732 Μαρία
1664 1665 1731 1718 νὰ
1759 1681 2007 1736 προσκυ-

2133 569 2268 624 alios
2308 571 2506 640 gradus
2540 571 2847 634 duodecim,
2877 571 3134 642 spelunca
3170 572 3301 640 hinc,
3334 572 3389 626 in
3425 586 3530 641 qua
3570 586 3704 627 crux

2132 661 2348 717 Domini
2381 662 2694 718 abscondita
2745 679 2774 718 a
2830 673 3019 720 sancta
3066 663 3267 719 Helena
3320 675 3533 732 reperta
3582 663 3702 718 fuit.

2133 756 2229 810 Est
2260 766 2314 812 et
2355 771 2564 820 mensa,
2594 757 2646 810 in
2679 771 2785 826 qua
2810 755 3004 811 Missas
3047 756 3344 811 celebrant.
3368 755 3539 811 Habet
3569 756 3709 810 lam-

2131 848 2296 918 pades
2342 855 2594 918 quatuor.
2626 849 2765 902 Ante
2809 862 3024 902 sacrum
3064 847 3396 917 sepulcrum,
3441 847 3706 902 exadver-
3776 843 3780 851 ’

2130 955 2224 994 sus
2274 954 2486 994 sacram
2540 954 2808 1002 mensam,
2865 938 3015 993 locus
3063 946 3169 1002 est,
3218 939 3269 992 in
3327 953 3437 1008 quo
3507 953 3704 1008 corpus

2129 1029 2331 1085 Christi
2364 1031 2710 1084 demortuum
2740 1036 3070 1084 curaverunt
3108 1029 3442 1084 Nicodemus
3466 1037 3517 1084 et
3552 1027 3702 1084 Jose-

2129 1121 2290 1190 phus,
2324 1131 2378 1175 et
2405 1122 2770 1191 sepeliverttut
2813 1121 2866 1175 in
2899 1121 3129 1176 sindone
3160 1121 3376 1176 munda.
3411 1121 3587 1177 Locus
3623 1129 3705 1177 est

2130 1212 2280 1266 varie
2310 1211 2554 1280 depictus
2597 1212 2964 1267 marmoribus
2992 1211 3279 1282 purpureis
3311 1220 3367 1266 et
3405 1213 3612 1282 nigris;
3645 1221 3702 1265 et

2127 1317 2294 1381 supra
2327 1302 2565 1373 pendent
2592 1302 2869 1372 lampades
2901 1311 3044 1367 octo,
3074 1303 3164 1358 diu
3193 1311 3462 1372 noctuque
3511 1303 3703 1378 arden-

2127 1405 2245 1462 tes;
2287 1396 2560 1466 habetque
2604 1395 2889 1451 columnas
2919 1411 3255 1451 marmoreas
3289 1403 3546 1465 quatuor,
3579 1396 3703 1449 tbou

2126 1488 2316 1560 losque
2343 1489 2411 1543 ad
2442 1488 2673 1544 formam
2702 1489 2914 1555 crucis;
2945 1498 3002 1544 et
3029 1498 3161 1546 sunt
3186 1488 3427 1544 fornices
3469 1489 3521 1542 in
3559 1498 3699 1542 tem-

2125 1579 2214 1650 plo
2264 1581 2505 1651 triginta.
2561 1579 2842 1650 Templum
2869 1581 3042 1636 tribus
3086 1580 3296 1635 toribus
3341 1589 3487 1651 patet
3537 1596 3554 1637 :
3593 1597 3700 1635 una

2123 1673 2465 1729 occidentem
2491 1672 2748 1742 respicit;
2785 1686 2882 1742 per
2909 1688 3030 1728 eam
3065 1675 3221 1728 beata
3255 1672 3419 1727 Maria
3446 1671 3700 1743 IEgyptia
3811 1750 3817 1756 _

428 1752 592 1824 νήσῃ,
631 1755 724 1807 καὶ
749 1753 988 1825 ὲκολὴθη
1013 1754 1106 1808 ὑπ’
1133 1755 1394 1836 ἀγγέλου,
1433 1755 1510 1828 μὴ
1551 1756 1772 1829 εἰσέλθῃ
1802 1758 1886 1822 εἰς
1913 1757 2007 1812 τὸν

2122 1777 2245 1818 cum
2271 1762 2339 1818 ad
2369 1763 2706 1818 adorandum
2741 1763 2951 1833 ingredi
2977 1771 3287 1828 conaretur,
3318 1763 3607 1818 arcebatur
3631 1763 3700 1816 ab

427 1844 575 1900 ναόν.
602 1846 712 1899 Καὶ
743 1845 855 1899 ἄνω
879 1845 981 1916 τῆς
1002 1845 1178 1917 πύλης
1194 1842 1336 1900 εἶναι
1368 1848 1722 1920 ίστορισμένη
1758 1851 1791 1919 ἡ
1826 1850 2001 1921 ὑπερ-

429 1936 563 2003 αγία
612 1937 899 2004 Θεοτόκος,
952 1939 986 2009 ἡ
1061 1939 1496 2010 ἀντιφανηθεῖσα
1545 1940 1741 2012 αὐτὴν,
1792 1942 1889 1996 καὶ
1932 1943 2010 1996 εί-

429 2028 641 2081 ποῦσαο
706 2029 860 2084 Ἐὰν
923 2029 1033 2084 τὸν
1086 2029 1400 2103 Ἰορδάνην
1445 2031 1750 2100 περάσῃς,
1801 2034 2010 2102 εὑρεῖν

427 2120 610 2188 θέλης
657 2119 1030 2177 ἀνάπαυσιν.
1071 2122 1140 2175 'H
1186 2123 1244 2177 δὲ
1276 2122 1471 2188 ἄλλαις
1511 2122 1606 2177 δύο
1637 2123 1868 2197 πόρταις
1913 2127 2011 2182 τοῦ

427 2212 560 2266 ναοῦ
597 2207 740 2265 εἶναι
766 2212 905 2284 πρὸς
936 2213 1314 2284 μεσημϐρίαν,
1339 2213 1438 2268 καὶ
1471 2213 1632 2284 ἔχουν
1662 2216 1910 2281 κολόναις
1932 2218 2008 2285 ς’,

429 2303 523 2356 καὶ
551 2306 866 2375 πορφυραῖς
891 2302 968 2372 γ’,
997 2303 1092 2358 καὶ
1115 2300 1260 2360 εἶναι
1285 2306 1381 2360 καὶ
1412 2305 1484 2359 τὰ
1506 2306 1739 2376 ἁνόςρλια
1764 2307 2009 2379 γλυπτὰ.

425 2391 599 2448 Αὑτοῦ
639 2393 785 2466 ἔχεις
809 2393 900 2447 καὶ
923 2392 1051 2447 ἐναν
1080 2394 1427 2466 κουϐούκλην
1463 2394 1745 2465 πέτρινον,
1788 2396 2009 2469 ὡραιώ-

424 2502 609 2549 τατον,
656 2485 751 2539 καὶ
797 2486 1160 2556 ἱστορημένον
1204 2485 1346 2556 μετὰ
1394 2486 1646 2556 μουσίου.
1681 2488 1806 2543 ,Καὶ
1839 2490 2010 2544 αὑτοῦ

425 2575 684 2631 ἐκάθισεν
707 2577 738 2630 6
770 2576 1051 2646 βασιλεὺς,
1081 2578 1178 2630 καὶ¹
1203 2576 1445 2650 ἔκρινεν.
1485 2581 1598 2634 Καὶ
1627 2583 1660 2652 ἡ
1699 2581 1835 2654 ἁγίᾳ
1867 2584 2008 2653 αὐλὴ

429 2665 526 2720 τοῦ
555 2667 714 2736 ἁγίου
735 2667 916 2738 τάφου
940 2667 1058 2722 ἔναι
1082 2669 1179 2740 ὅλη
1211 2687 1286 2741 μα
1296 2671 2010 2745 ρμαρωπλακομένη.Ἔναι

425 2758 523 2813 καὶ
553 2759 735 2816 κιόνια
761 2759 827 2824 δ’,
850 2759 950 2814 καὶ
984 2759 1184 2816 ἁπάνω
1219 2760 1384 2815 αὑτοῦ
1421 2763 1624 2818 ἔϐαλαν
1652 2765 1746 2820 τὸν
1773 2765 2012 2833 σταυρὸν

426 2851 528 2904 ἐπὶ
579 2849 673 2906 τδν
713 2851 938 2921 νεκρὸν,
994 2852 1089 2905 καὶ
1123 2850 1349 2924 ἀνέστη.
1387 2847 1546 2907 Εἶναι
1576 2854 1745 2909 αὐτοῦ
1787 2857 1821 2926 ἡ
1861 2858 2012 2927 τρεῖς

423 2941 748 3012 ἐκκλησίαις
807 2941 909 3012 τῆς
982 2942 1143 3009 ἁγίας
1169 2943 1556 3008 Ἀναστὰσεως
1604 2946 1698 2999 τοῦ
1743 2946 2008 3017 Χριστοῦ,

424 3035 521 3088 καὶ
563 3037 674 3090 τῶν
717 3035 888 3104 ἁγίων
935 3034 1350 3104 τεσσαράκοντα
1401 3036 1726 3107 μαρτύρων,
1782 3038 1878 3090 καὶ
1911 3037 2006 3090 τοῦ

2118 1850 2339 1921 angelo.
2385 1850 2454 1906 Et
2501 1865 2669 1922 super
2701 1866 2820 1906 eam
2866 1850 3060 1906 visitur
3106 1851 3288 1921 imago
3332 1851 3699 1912 sanctissima:

2117 1943 2378 2013 Deiparaa,
2417 1957 2537 2014 quae
2569 1942 2711 1998 illam
2764 1943 2999 1997 allocuta
3047 1944 3182 1996 dixit
3222 1959 3238 1997 :
3281 1942 3339 1997 Si
3399 1942 3698 1998 Iordanem-

2110 2035 2496 2105 pertransieris,
2523 2035 2749 2088 invenies
2791 2035 3041 2100 requiem.
3076 2033 3321 2102 Reliquae
3346 2033 3467 2088 duae
3500 2035 3554 2087 in
3581 2047 3694 2088 me-

2112 2129 2303 2182 ridiem
2344 2135 2596 2196 vergunt,
2629 2135 2684 2181 et
2717 2125 2920 2180 habent
2947 2125 3228 2180 columnas
3258 2140 3376 2190 sex,
3410 2133 3464 2178 et
3490 2139 3693 2193 purpu-

2114 2233 2234 2274 reas
2264 2229 2408 2284 tres;
2433 2227 2488 2273 et
2513 2215 2949 2285 superliminaria
2981 2214 3266 2284 exsculpta
3294 2225 3445 2271 sunt.
3475 2215 3680 2270 Ibidem

2111 2318 2166 2365 et
2201 2309 2470 2378 lapideum
2497 2308 2803 2364 cubiculum
2849 2321 3042 2363 cernes
3074 2303 3523 2376 pulcherrimum,
3567 2321 3691 2360 mu-

2112 2401 2230 2456 sivo
2258 2399 2554 2469 depictum,
2595 2399 2646 2453 in
2677 2413 2781 2467 quo
2823 2399 3046 2453 sedebat
3072 2413 3165 2453 rex
3210 2407 3264 2452 et
3291 2397 3594 2467 judicabat.
3625 2396 3693 2451 Et

2112 2491 2252 2546 sacri
2291 2491 2526 2561 sepulcri
2554 2505 2769 2545 sacrum
2803 2489 3000 2543 atrium
3047 2497 3132 2545 est
3167 2489 3406 2558 undique
3453 2504 3692 2552 marmo-
3806 2513 3808 2515 >

2114 2583 2265 2636 ribus
2283 2591 2537 2638 stratum.
2573 2580 2788 2638 Suntet
2822 2582 3000 2636 cionia
3035 2587 3268 2651 quatuor
3305 2598 3321 2635 :
3361 2580 3693 2649 ibidemque,

2112 2688 2274 2728 cruce
2299 2682 2518 2728 mortuo
2549 2671 2817 2742 apposita,
2845 2681 3092 2728 mortuus
3119 2673 3172 2726 in
3205 2671 3374 2725 vitam
3402 2671 3693 2726 restitutus

2111 2775 2216 2820 est.
2274 2763 2415 2819 Sunt
2450 2771 2711 2834 praetcrea
2749 2771 2860 2820 tres
2908 2763 3175 2828 ecclesiae,
3229 2772 3435 2819 sanctae
3487 2762 3693 2818 Christi

2113 2855 2555 2919 resurrectionis,
2601 2865 2657 2910 et
2709 2864 3024 2912 sanctorum
3079 2854 3436 2924 quadraginta
3487 2863 3695 2925 marty-

2113 2960 2258 3008 rum,
2287 2953 2341 2999 et
2369 2945 2538 2999 sancti
2562 2942 2750 2999 Jacobi
2783 2942 3162 3014 Adelphomei,
3185 2953 3238 2999 et
3264 2945 3550 2998 mulierum
3573 2959 3695 3013 qua:

2112 3047 2354 3093 aromata
2410 3038 2742 3093 detulerunt.
2800 3037 2878 3092 Eo
2935 3037 2985 3090 in
3038 3040 3158 3092 loco
3225 3037 3362 3092 vidit
3413 3036 3687 3091 Christum

425 3126 586 3194 ἁγίου
629 3125 887 3180 Ἰακώϐου
923 3124 1021 3179 τοῦ
1055 3124 1439 3195 Ἀδελιροθὲου,
1473 3128 1569 3180 καὶ
1601 3128 1708 3182 τῶν
1753 3129 2008 3200 Μυροφό-

2117 3129 2428 3199 Magdaleua
2458 3137 2577 3198 post
2599 3128 3078 3190 resurrectionem,
3109 3128 3542 3194 existimatusque
3563 3127 3692 3180 hor.

433 3235 563 3287 ρων.
614 3217 796 3271 Αὐτοῦ
831 3213 973 3272 εἶδεν
1024 3220 1057 3288 ἠ
1102 3218 1426 3291 Μαγδαλινὴ
1462 3219 1555 3275 τὸν
1594 3220 1832 3291 Χριστὸν
1869 3221 2007 3291 μετὰ

427 3313 528 3383 τὴν
578 3311 820 3382 ἔγερσιν,
874 3312 971 3366 καὶ
995 3312 1234 3367 δοκοῦσα
1285 3313 1370 3367 ὃτι
1415 3314 1444 3366 6
1480 3313 1757 3384 κηπουρὸς
1786 3309 1876 3383 ἦν,
1905 3313 2006 3366 καὶ⁸

427 3403 582 3458 εἶπεν
608 3422 622 3438 ·
654 3407 850 3475 Κύριε,
881 3406 1001 3462 ποῦ
1043 3406 1111 3461 τὸ
1141 3406 1315 3478 σῶμα
1343 3407 1452 3462 τοῦ
1494 3406 1707 3476 Ἰησοῦ
1757 3425 1879 3476 μου
1913 3405 2006 3460 τέ-

426 3501 658 3565 θηκας;
694 3501 786 3552 καὶ
830 3501 858 3553 6
885 3499 1091 3571 Κύριος
1127 3499 1267 3571 πρὸς
1328 3499 1499 3571 αὐτὴν
1559 3495 1749 3553 εἶπεν·
1784 3501 2004 3569 Μαρία,

420 3588 508 3658 μή
537 3606 656 3657 μου
687 3589 905 3652 ἅπτου,
937 3592 1009 3646 οὐ
1050 3591 1163 3660 γὰρ
1195 3590 1541 3658 ἀναϐέϐηκα
1570 3591 1723 3660 πρὸς
1749 3591 1856 3645 τὸν
1883 3595 2006 3645 Πα-

425 3680 567 3748 τέρα
586 3699 728 3751 μου,
762 3681 860 3735 καὶ
893 3683 1043 3736 Θεόν
1082 3699 1204 3752 μου
1229 3721 1246 3748 ,
1295 3681 1395 3735 καὶ
1454 3681 1602 3736 Θεὸν
1653 3681 1840 3750 ὑμῶν.
1889 3685 2007 3737 Ἀπ’

428 3771 595 3824 αὑτοῦ
622 3773 718 3825 καὶ
765 3772 972 3826 ἄνωθεν
998 3772 1116 3826 έναι
1152 3773 1216 3825 τὸ
1260 3774 1665 3843 [Ιατριαρχικόν
1685 3790 1698 3804 ⁸
1734 3774 1830 3827 καὶ
1862 3792 2006 3846 παρ-

2114 3226 2356 3282 tulanum
2390 3237 2534 3287 esse,
2579 3221 2716 3276 dixit
2751 3239 2766 3275 :
2804 3219 3049 3285 Domine,
3081 3219 3169 3272 ubi
3212 3234 3398 3284 corpus
3427 3217 3551 3270 Iesu
3591 3217 3692 3269 mei

2113 3318 2336 3378 nosuisti
2367 3317 2431 3369 3?
2462 3325 2515 3372 et
2539 3315 2795 3368 Dominus
2826 3312 2889 3367 ad
2916 3328 3035 3367 eam
3061 3329 3076 3365 :
3105 3312 3298 3374 Maria,
3331 3311 3438 3363 noli
3471 3318 3686 3362 metan-

2114 3426 2264 3480 gere;
2307 3407 2539 3462 nondum
2584 3406 2721 3458 enim
2781 3403 2993 3457 ascendi
3030 3404 3097 3456 ad
3146 3403 3359 3456 Patrem
3409 3416 3578 3452 nicum
3640 3411 3688 3456 et

2120 3501 2283 3555 Deum
2332 3509 2559 3553 vestrum
2585 3497 2629 3551 ³.
2670 3493 2840 3550 Paulo
2871 3493 3007 3548 infra
3054 3493 3452 3547 Patriarchium
3485 3499 3598 3556 est;
3634 3501 3690 3544 et

2115 3607 2277 3662 supra
2305 3589 2648 3660 bodegetria,
2682 3597 2736 3643 et
2761 3587 3009 3640 habitant
3030 3584 3314 3639 mouiales.
3345 3582 3422 3636 Ex
3447 3597 3534 3645 eo,
3564 3597 3688 3636 cum

2115 3690 2285 3738 staret
2328 3681 2597 3751 Deipara,
2658 3680 2972 3734 intuebatur
3027 3676 3222 3730 Filium
3277 3676 3330 3729 in
3381 3689 3580 3739 cruce,
3632 3684 3695 3728 et

2116 3775 2489 3843 dcplangebat.
2525 3772 2693 3828 Abest
2715 3787 2743 3824 a
2771 3784 2928 3826 sacro
2955 3769 3202 3838 sepulcro
3233 3767 3466 3820 stadium
3500 3779 3690 3819 unum.

427 3867 543 3921 ἀνω
571 3867 687 3920 Eva:
715 3869 748 3939 ἡ
777 3867 1102 3938 ὁδηγήτρια,
1147 3867 1243 3921 καὶ
1294 3867 1587 3921 κὰθουνται
1659 3869 2004 3940 καλογρίαις.
2050 3869 2171 3923 Ἀπ’
2196 3868 2364 3923 αὑτοῦ
2398 3868 2623 3922 ἔστεκεν
2654 3866 2687 3934 ὴ
2718 3863 3002 3928 Θεοτόκος,
3033 3861 3130 3915 καὶ
3159 3860 3354 3913 ἔϐλεπε
3411 3859 3503 3912 τὸν
3561 3857 3701 3910 Υἱόν-

427 3975 528 4030 της
565 3961 646 4023 εἰς
677 3963 771 4014 τὸν
807 3961 1062 4030 σταυρὸν,
1101 3962 1198 4014 καὶ
1232 3959 1461 4032 ὲθρήνη.
1495 3961 1719 4032 Ἀπέχει
1765 3963 1874 4016 ἀπὸ
1903 3964 1994 4018 τὸν
2036 3963 2192 4032 ἆγιον
2222 3961 2394 4032 τάφον
2426 3959 2643 4014 στάδιον
2679 3954 2748 4012 α’.

497 4050 569 4122 η’.
604 4054 761 4123 Ἔχει
797 4053 877 4117 είς
913 4054 1056 4107 αὐτὰ
1084 4054 1152 4107 τὰ
1183 4055 1327 4126 μέρη
1367 4057 1707 4126 μοναστήρια
1732 4055 2005 4128 δεκατρία

428 4144 626 4199 δυτικὰ
651 4144 744 4198 τοῦ
775 4145 938 4214 ἁγίου
966 4145 1165 4213 τάφου.
1215 4145 1444 4217 Πρῶτον
1485 4148 1512 4200 6
1545 4147 1881 4219 Πρόδρομος,
1909 4147 2009 4202 καὶ

425 4235 459 4287 6
493 4237 665 4305 μέγας
699 4235 997 4304 Γεώργιος,
1037 4235 1134 4290 xui.
1167 4236 1196 4288 6
1253 4236 1430 4306 μέγας
1461 4237 1800 4308 Δημήτριος,
1849 4239 1945 4293 καὶ
1979 4239 2009 4292 6

435 4327 614 4395 μέγας
669 4325 960 4392 Νικόλαος,
999 4326 1097 4381 καὶ
1156 4327 1190 4398 ἠ
1248 4327 1381 4396 ἁγία
1430 4327 1632 4398 Θέκλη,
1668 4329 1827 4399 καὶὴ
1875 4327 2008 4394 ἁγία

432 4418 624 4481 Ἀννα,
654 4417 751 4470 καὶ
785 4419 813 4470 6
873 4417 1033 4484 ἆγιος
1087 4417 1387 4488 Εὐθύμιος,
1418 4421 1514 4472 καὶ
1554 4420 1588 4489 ἡ
1623 4419 1755 4488 ἁγία
1779 4421 2008 4474 Αίκατε-

2182 4055 2236 4111 8.
2271 4054 2369 4110 His
2431 4055 2486 4108 in
2518 4053 2764 4122 partibus
2807 4058 2864 4104 et
2921 4047 3077 4118 plaga
3135 4042 3452 4100 occidentali
3509 4043 3689 4096 sancti

2115 4145 2372 4215 sepulcri,
2417 4153 2544 4199 sunt
2579 4141 2835 4198 tredecim
2884 4136 3234 4193 monasteria.
3279 4133 3491 4188 Primas
3525 4147 3690 4186 occu-

2116 4245 2210 4306 pat
2249 4249 2588 4305 praacursor;
2641 4241 2750 4286 tum
2783 4240 3109 4300 sequuntur,
3139 4241 3367 4294 magnus
3399 4223 3687 4292 Georgius,

2116 4341 2346 4393 magnus
2385 4322 2708 4388 Demetrius,
2746 4334 2972 4390 magnus
3005 4316 3281 4380 Nicolaus,
3324 4321 3508 4370 sancta
3540 4311 3690 4366 The-

2115 4417 2218 4482 cla,
2247 4426 2435 4472 saucta
2481 4418 2662 4480 Anna,
2705 4421 2925 4469 sanctus
2975 4409 3320 4479 Euthymius,
3363 4413 3550 4461 sancta
3581 4403 3688 4457 Ca-

433 4507 582 4577 ρίνα,
612 4509 711 4561 καὶ
738 4509 766 4562 6
797 4507 1113 4578 Ταξιάρχης
1139 4487 1382 4578 Μιχαὴλ,
1412 4509 1508 4563 καὶ
1531 4487 1720 4579 ἔτερος
1747 4510 1876 4572 ναὸς
1912 4507 2006 4564 τοῦ

2117 4507 2353 4573 tbarina,
2385 4505 2614 4561 Michael
2661 4503 2993 4566 Taxiarcha,
3035 4511 3090 4555 et
3117 4498 3263 4554 aliud
3299 4495 3475 4551 sancti
3518 4493 3688 4548 Geor-

427 4597 589 4666 ἁγίου
625 4597 926 4669 Γεωργίου,
970 4598 1068 4652 καὶ
1108 4598 1138 4651 6
1195 4599 1352 4667 ἆγιος
1380 4599 1642 4670 Ἰωάννης
1669 4600 1698 4652 6
1725 4600 2006 4669 θεολόγος,

432 4691 527 4742 καὶ
562 4691 590 4742 6
625 4689 782 4759 ἅγιος
813 4689 1122 4754 Βασίλειος.
1155 4691 1344 4746 Ταῦτα
1389 4695 1457 4745 τὰ
1502 4693 1843 4763 μοναστήρια
1873 4693 2006 4746 ὀποῦ

433 4780 790 4851 εὑρίσκονται
839 4782 978 4851 μετὰ
1008 4782 1486 4854 καμάρωνιἜχει
1526 4784 1622 4836 καὶ
1663 4783 1760 4837 δύο
1803 4784 2011 4853 πόρτας

431 4869 782 4940 προύτζινες,
805 4873 901 4926 καὶ
931 4873 1010 4935 εἰς
1036 4873 1106 4926 τὰ
1127 4871 1281 4937 δεξιὰ
1307 4873 1454 4945 μέρη
1484 4874 1578 4927 τοῦ
1611 4874 1853 4946 βήματος
1877 4877 2010 4930 ἀνα-

431 4961 610 5015 ϐαίνει
640 4961 844 5016 σκαλιὰ
896 4970 983 5028 ιε’,
1025 4964 1121 5018 καὶ
1167 4965 1411 5020 σεϐαίνει
1458 4967 1537 5030 είς
1593 4966 1686 5020 τὸν
1738 4968 1868 5022 ναὸν
1915 4965 2010 5020 τοῦ

445 5052 632 5120 Ἀγίου
686 5053 990 5124 Γεωργίου.
1043 5053 1108 5109 Ἦ
1143 5056 1201 5110 δὲ
1251 5057 1479 5112 ὄπισθεν
1509 5057 1604 5111 τοῦ
1654 5059 1898 5130 βήματος
1930 5063 2012 5123 εἰς

433 5141 626 5196 στάδια
671 5141 768 5196 δύο
813 5139 956 5197 εἶναι
987 5145 1017 5198 6
1045 5145 1209 5210 τόπος
1239 5146 1352 5201 τῶν
1387 5145 1690 5218 ποιμενῶν.
1726 5149 1948 5220 Ἀπέχει
1979 5152 2012 5220 ἡ

432 5231 566 5299 ἁγία
594 5231 846 5304 Βηθλεὲμ
882 5235 990 5288 ἀπὸ
1028 5236 1130 5306 τὴν
1180 5237 1542 5308 Ἰερουσαλὴμ
1591 5239 1776 5309 μίλιον.
1794 5247 1878 5294 α’·
1917 5243 2012 5294 ἀπ’

436 5321 602 5375 αὐτοῦ
633 5322 752 5377 έναι
779 5327 806 5377 6
839 5325 1148 5390 ’Λπεξὰλας
1199 5329 1227 5380 6
1266 5324 1415 5392 οἱκος
1450 5328 1544 5382 τοῦ
1577 5329 1878 5399 Ἐφραθᾶν,
1921 5332 2016 5385 καὶ

437 5411 614 5466 ὀπίσω
651 5413 747 5468 τοῦ
779 5414 1058 5479 Ἀπεζὰλα
1090 5416 1208 5471 ἔναι
1233 5420 1261 5472 6
1289 5419 1416 5482 ναὸς
1440 5417 1539 5471 1:06
1567 5420 1809 5489 μεγάλου
1836 5421 2019 5491 Γεωρ-

441 5504 583 5573 γίου,
619 5505 736 5561 έναι
799 5507 896 5560 καὶ
925 5509 960 5578 ἡ
988 5506 1161 5578 ἁλύση
1205 5508 1341 5562 ὀποῦ
1393 5510 1540 5580 εἶχεν
1595 5505 1678 5573 εἷς
1713 5509 1822 5562 -τὺν
1851 5509 2014 5579 σφόν-

443 5595 598 5651 δυλόν
629 5613 749 5652 του.
779 5598 1008 5668 Ἀπέχει
1033 5599 1142 5655 ἀπὸ
1167 5603 1265 5671 τὴν
1303 5601 1664 5673 Ἰερουσαλὴμ
1701 5601 1856 5672 μιλισι
1877 5599 1950 5674 η’,
1982 5603 2016 5672 ἡ

515 5749 538 5784 ⁸
565 5746 724 5806 Joan.
765 5767 858 5818 xx,
898 5752 985 5808 15.
1064 5756 1084 5787 ⁵
1115 5753 1250 5809 ibid.
1291 5755 1376 5812 17.

2109 4598 2208 4670 gii,
2235 4607 2460 4653 sanctus
2507 4596 2741 4652 Joannes
2779 4593 3110 4663 'l‘heologus,
3162 4598 3386 4646 sanctus
3433 4587 3687 4642 Basilius.

2112 4689 2438 4744 Mouasteria
2472 4687 2772 4742 fornicibus
2797 4686 3028 4742 clarent.
3057 4681 3229 4738 Habet
3265 4691 3319 4737 et
3347 4681 3483 4734 duas
3507 4687 3690 4748 portas

2113 4795 2327 4846 aeneas;
2359 4788 2414 4835 et
2447 4795 2476 4834 a
2505 4787 2656 4848 parte
2683 4778 2872 4832 dextra
2905 4774 3137 4830 hamatis
3165 4771 3466 4828 ascendens
3490 4770 3689 4839 gradus

2111 4872 2449 4944 quindecim,
2505 4870 2802 4940 ingreditur
2833 4867 3092 4936 templum
3141 4864 3316 4919 sancti
3363 4861 3604 4930 Georgii.
3645 4862 3684 4912 A

2112 4975 2263 5035 tergo
2293 4964 2524 5019 bematis
2567 4963 2680 5016 fere
2737 4960 3037 5015 stadiorum
3086 4956 3316 5010 duorum
3365 4952 3560 5020 spatio,
3603 4960 3687 5005 est

2113 5067 2393 5128 pastorum
2435 5054 2607 5109 locus.
2642 5051 2814 5106 Distat
2853 5054 3040 5104 sancta
3084 5045 3362 5100 Bethleem
3394 5057 3423 5095 a
3471 5041 3687 5128 civitate

2111 5127 2412 5203 Jerusalem
2464 5144 2694 5198 milliare
2739 5155 2931 5196 unum.
2981 5137 3059 5192 Ex
3110 5150 3215 5205 qua
3271 5132 3337 5186 ad
3389 5127 3685 5198 Apezalam

2115 5238 2368 5308 Ephratze
2417 5237 2637 5292 donum
2694 5233 3037 5288 intercedunt
3085 5226 3233 5281 mille
3297 5237 3511 5292 passus.
3562 5219 3686 5273 Post
3734 5292 3736 5294 ν

2113 5328 2404 5400 Apezalam
2449 5326 2692 5381 cernitur
2739 5321 2994 5392 templum
3049 5317 3226 5385 magni
3258 5312 3514 5381 Georgii;
3547 5319 3604 5364 et
3633 5311 3686 5362 iu

2117 5437 2182 5477 eo
2213 5428 2522 5476 asservatur
2552 5426 2762 5482 catena,
2795 5428 2957 5485 quam
2991 5411 3077 5465 ille
3112 5409 3258 5464 circa
3289 5403 3568 5460 vertebras
3591 5416 3686 5470 ge-

2119 5512 2319 5566 stabat.
2379 5507 2554 5564 Distat
2604 5505 2673 5560 ab
2707 5504 2839 5559 urbe
2887 5499 3182 5556 Jerusalem
3239 5493 3484 5550 milliaria
3537 5499 3686 5544 octo.

2124 5599 2298 5658 Locus
2346 5597 2578 5656 Abraha:
2632 5603 2777 5650 terra
2835 5592 2990 5662 nigra
3041 5587 3264 5646 occidua
3322 5593 3427 5641 est.
3484 5580 3685 5636 Ibidem
