4042 6414
327 315 432 378 983
1768 320 1885 382 ΑΝ(

1988 321 2114 381 YMI
3475 327 3580 390 9‘Sl

330 432 604 488 Abraham
638 433 1057 506 hospitalitatem
1093 434 1386 491 exercuit:
1418 444 1474 491 et
1513 436 1566 490 in
1601 428 1775 490 media
1807 436 1885 491 do-

2007 438 2064 491 δὲ
2106 439 2134 490 6
2161 437 2323 502 τόπος
2351 439 2442 492 106
2473 434 2728 510 Ἀϐραὰμ
2777 439 2810 510 ἠ
2849 438 2918 509 γῆ
2951 441 2982 508 ἡ
3026 439 3230 509 Μαυρῆ
3264 435 3405 492 εἶναι
3434 440 3580 492 δυτι-

333 539 421 576 m0
443 534 525 579 est
552 525 861 596 sepulcrum
892 528 1061 584 illius.
1111 528 1292 583 Distat
1319 527 1387 582 ab
1429 528 1564 582 urbe
1594 527 1885 584 Jerusaleu'

2008 530 2098 584 κά.
2133 531 2308 584 A6106
2372 531 2488 586 έναι
2521 534 2548 586 6
2576 532 2742 596 τόπος
2774 532 2909 585 όποῦ
2950 531 3158 602 ἔκαμεν
3183 531 3439 602 Ἀϐραὰμ
3480 533 3580 602 τὴν

332 615 586 671 milliaria
619 617 743 673 tria.
775 618 1013 689 Indeque
1043 619 1410 690 progredienti
1446 619 1611 673 millia
1644 634 1882 686 passuun

2008 623 2312 690 φιλοξενίαν
2336 641 2350 657 ο
2381 623 2475 676 καὶ⁴
2527 625 2691 694 μέσον
2739 621 2832 676 τοῦ
2867 625 3020 677 οἴκου
3067 640 3160 676 του
3203 622 3320 675 Εναι
3347 623 3376 674 6
3409 623 3579 691 τάφος

332 706 553 775 triginta
585 707 687 763 tria
729 723 850 765 sese
876 709 1035 764 oll‘ert
1064 709 1241 766 sancti
1284 707 1597 766 Cltaritonis
1627 721 1885 768 monaste-

2005 729 2120 766 του.
2165 714 2385 783 Ἀπέχει
2424 713 2534 767 ἀπὸ
2563 713 2664 782 τὴν
2720 713 3082 784 Ἰερουσαλὴμ
3131 713 3245 782 μιλ.
3293 718 3378 790 γ’..
3432 713 3582 766 Ἐκεῖ

326 798 488 855 rium.
2007 803 2114 857 ί¹δεν
2142 804 2250 874 τὴν,
2269 805 2434 873 ἁγίαν
2477 805 2706 876 Τριάδα.
2751 806 2990 875 Παρεκεῖ
3021 803 3171 872 μίλια
3198 803 3429 874 τριάντα
3453 806 3580 874 τριὰ

2003 896 2119 950 έναι
2148 898 2182 966 ἡ
2205 897 2334 965 ἁγία
2367 898 2501 967 μονὴ
2536 895 2630 949 τοῦ
2673 897 2830 965 ἁγίου
2862 897 3203 964 Χαρίτωνος.

392 978 446 1036 9.
490 979 622 1038 Sina
667 999 821 1041 mons
872 986 924 1041 in
971 987 1167 1042 intimo
1196 987 1396 1044 deserti
1437 989 1768 1055 insinuatur,
1795 991 1885 1045 'di-

2073 987 2138 1042 0'.
2175 990 2333 1043 Ἔναι
2395 989 2454 1042 16
2502 991 2630 1042 Σινᾶ
2657 989 2782 1058 ὄρος
2831 991 2911 1051 είς
2963 988 3064 1058 τὴν
3123 986 3398 1057 ἐσωτέραν
3456 986 3582 1056 ἔρη-

322 1081 544 1143 statque
573 1075 642 1132 ab
671 1077 807 1134 urbe
837 1077 1136 1136 Jerusalem
1195 1082 1387 1137 diebus
1443 1083 1771 1152 quindecim.
1819 1083 1885 1138 lb‘

2006 1097 2127 1150 μον.
2191 1080 2411 1150 ’Δπέχει
2470 1081 2578 1134 ἀπὸ
2627 1081 2726 1152 τὴν
2770 1080 3132 1151 Ἰερουσαλὴμ
3185 1078 3388 1150 δρόμον
3437 1080 3581 1149 ἡμε-

323 1175 576 1221 sanctum
600 1167 792 1224 rubum
817 1170 1098 1226 ardentem
1119 1171 1332 1243 Moyses
1361 1176 1591 1243 aspexit.
1616 1175 1885 1245 Templum

2006 1172 2113 1244 ρῶν
2171 1172 2252 1227 ιε’.
2283 1175 2438 1227 Ἐκεῖ
2466 1170 2609 1226 εἶδεν
2651 1174 2680 1225 6
2733 1174 2975 1241 Μωῦσῆς
3025 1171 3123 1242 τὴν
3162 1171 3326 1238 ἁγίαν
3392 1169 3577 1240 βάτον,

325 1264 616 1315 structura:
640 1259 831 1331 lignea:
870 1263 1088 1332 plumbo
1133 1266 1478 1334 contegitur;
1515 1268 1885 1338 sustinentqut

2000 1269 2135 1321 ὀποῦ
2168 1268 2388 1320 ἐκέετο·
2438 1267 2534 1320 καὶ
2559 1265 2678 1320 ἕναι
2706 1266 2734 1317 6
2759 1266 2884 1327 ναὸς
2927 1263 3067 1334 μετὰ
3122 1265 3327 1332 σκευῆς
3361 1263 3581 1332 ξυλίνης

322 1348 454 1404 ‘rllud
507 1351 771 1408 columna:
800 1354 1106 1412 duodecim.
1157 1357 1319 1412 Bema
1349 1360 1561 1414 musivo
1605 1361 1885 1416 interstin-

2002 1357 2507 1429 μολιϐοσκέπαστη,
2542 1359 2634 1410 καὶ
2683 1356 3026 1426 βαστάστηνε
3061 1355 3310 1418 κολόναις
3345 1354 3412 1424 ιβ’
3434 1371 3447 1386 ο
3481 1356 3578 1406 καὶ

323 1449 471 1495 ctum
517 1453 621 1510 est,
681 1457 1142 1516 reprzesentatque
1186 1450 1725 1520 transﬁgurationem
1785 1453 1885 1506 Do-

1997 1450 2057 1502 16
2121 1449 2272 1521 βῆμα
2313 1445 2453 1504 εῖναι
2493 1449 2873 1520 ίστορίσμένον
2915 1448 3054 1518 μετὰ
3112 1447 3345 1515 μωσίου,
3397 1446 3493 1498 καὶ
3544 1445 3579 1514 ἡ

325 1531 479 1586 mini.
513 1531 690 1590 Situm
730 1547 814 1592 est
865 1537 937 1594 ibi
979 1539 1034 1593 in
1073 1555 1234 1610 capsa
1279 1557 1580 1597 marmorea
1627 1543 1885 1614 reliquum

2002 1541 2450 1611 μεταμόρφωσις.
2489 1543 2646 1594 Ἔναι
2691 1541 2750 1593 16
2800 1539 3023 1608 λείψανο
3059 1539 3160 1607 τῆς
3210 1538 3370 1606 ἁγίας
3407 1537 3579 1590 Αἰκα-

323 1631 524 1680 sanctte
569 1625 908 1696 Catharime;
959 1632 1305 1702 pendentque
1337 1633 1570 1704 desuper
1616 1634 1885 1704 lampades

1998 1634 2215 1703 τερίνης
2235 1623 2319 1698 εἰς
2349 1632 2594 1703 λάρνακα
2627 1632 3020 1703 μαρμαρέῖνον
3041 1648 3055 1661 ·
3087 1632 3183 1684 καὶ
3212 1630 3422 1685 ἄνωθεν
3451 1629 3576 1702 κρέα

324 1725 453 1770 tres.
509 1716 556 1770 Α
607 1724 760 1789 tergo
809 1720 1041 1777 bematis
1095 1723 1195 1778 sub
1254 1739 1411 1779 sacra
1463 1741 1648 1780 mensa
1701 1727 1885 1781 ardent

325 1805 598 1829 Ι-.....-.Ι--
649 1817 758 1829 .___
813 1811 1016 1829 n-4,",
1087 1827 1129 1829 ε,
1227 1828 1230 1829 ,
1297 1826 1307 1829 _
1443 1815 1456 1829 1
1695 1824 1707 1829 -

2003 1741 2229 1793 μουνται
2249 1723 2742 1796 κανδήλαιςγτρεῖς,
2779 1723 2875 1776 καὶ
2893 1721 3069 1775 ὀπίσω
3084 1720 3176 1774 τοῦ
3197 1720 3462 1790 βήματος,
3486 1719 3580 1772 καὶ

2009 1816 2020 1829 .
2159 1814 2172 1829 .
2327 1814 2353 1824 -
2429 1816 2442 1829 .
2501 1814 2513 1829 .
2769 1813 2817 1829 ,ν
2934 1812 2948 1829 .
3081 1811 3106 1823 -
3285 1810 3368 1829 ..ς
3526 1817 3549 1829 Α.

323 1805 600 1875 lampades
649 1817 780 1865 tres.
813 1811 1026 1866 Sacella
1072 1827 1240 1882 penes
1295 1815 1553 1885 templum
1587 1824 1732 1884 sunt,
1770 1833 1885 1872 sau-

1997 1814 2260 1869 ὰποκάτω
2293 1814 2394 1882 τῆς
2419 1814 2581 1887 ἁγίας
2605 1813 2886 1885 τραπέζας
2925 1811 3141 1865 ἁπτοΰν
3175 1810 3470 1880 κανδήλαις
3500 1817 3576 1878 γ’.

321 1907 530 1952 ιἰοτιιιιι
577 1899 856 1967 abbatum,
893 1903 1244 1974 reliquiaeque
1285 1905 1338 1961 in
1387 1908 1455 1962 iis
1490 1908 1759 1978 repositas,
1798 1911 1893 1980 qui

321 1989 374 2043 in
397 1988 524 2044 Sina
557 2001 739 2048 monte
764 2002 819 2048 et
847 1993 1045 2065 Raythi
1073 1999 1296 2055 civitate
1317 2000 1625 2055 obtruncati
1649 2001 1887 2059 fuerunt.

320 2079 594 2152 Propeque
639 2085 810 2140 aedem
861 2089 1186 2144 catholicam
1240 2092 1490 2147 visuntur
1538 2094 1642 2148 alia
1692 2095 1891 2150 sacella

319 2186 434 2226 sex.
471 2171 610 2228 Sunt
638 2181 694 2229 et
739 2175 845 2230 alia
873 2177 1066 2232 sacella
1111 2180 1164 2234 in
1212 2183 1565 2249 monasterio,
1597 2185 1650 2238 in
1695 2187 1892 2252 quibus

316 2263 735 2328 quatuordecim
768 2267 1084 2322 sacerdotes
1128 2270 1324 2326 missas
1355 2273 1656 2329 celebrant.
1689 2275 1890 2333 Puteus

317 2366 534 2423 quoque
585 2365 690 2421 est,
733 2370 798 2411 ex
850 2373 956 2427 quo
988 2357 1199 2429 Moyses
1248 2373 1432 2434 potum
1467 2368 1744 2436 prmbebat
1775 2369 1892 2424 ovi-

319 2441 443 2498 bus.
475 2443 628 2502 Mons
661 2448 791 2503 Sina
838 2459 1172 2513 monasterio
1199 2458 1529 2527 superjacet,
1555 2462 1892 2516 ascenditur-

315 2547 420 2598 que
449 2537 517 2589 ad
562 2537 714 2594 illum
748 2542 1006 2610 gradibus
1063 2551 1341 2605 sexcentis
1379 2561 1433 2605 et
1491 2566 1586 2607 sex
1621 2553 1886 2610 millibus.

312 2621 673 2692 Ascendens,
720 2629 774 2684 in
825 2633 1006 2689 medio
1074 2648 1257 2694 monte
1321 2643 1579 2710 templum
1647 2644 1889 2714 Dciparae

313 2727 532 2771 sacrum
563 2721 788 2790 reperit,
821 2724 908 2780 cui
952 2742 1148 2785 nomen
1188 2731 1454 2804 Engytriae
1485 2752 1500 2788 :
1536 2753 1767 2806 namque
1805 2741 1886 2793 vi-

311 2805 472 2864 detur
512 2815 872 2882 spopondisse
912 2834 1011 2889 pro
1061 2827 1416 2882 monasterio.
1469 2826 1646 2898 Supra
1683 2805 1766 2886 est
1794 2847 1886 2887 sa-

313 2899 566 2994 cra-Elia:
594 2908 875 2975 prophetae
904 2912 1067 2976 aedes,
1101 2923 1154 2968 et
1213 2918 1473 2987 spelunca
1501 2920 1553 2973 in
1588 2938 1689 2992 qua
1740 2923 1887 2994 jeju-

313 2990 462 3044 navit
487 2995 850 3068 quadraginta
871 3001 1010 3059 dies.
1045 3005 1193 3061 Et'in
1235 3019 1426 3066 sancto
1462 2990 1660 3068 montis
1686 2990 1888 3071 vertice

2001 1907 2155 1977 Ἔχει
2185 1907 2551 1976 Παρακλήσια
2570 1906 2677 1959 τῶν
2699 1905 2870 1974 ἁγίων
2905 1903 3186 1958 Ἀϐϐάδων
3204 1920 3219 1936 ο
3250 1904 3345 1956 καὶ
3369 1905 3578 1956 κεῖνται

1995 1999 2065 2051 τὰ
2094 1997 2326 2067 λείψανα
2362 1997 2472 2050 τῶν
2501 1997 2560 2050 ἐν
2599 1998 2733 2068 Σινᾷ
2761 1997 2856 2050 καὶ
2897 1995 3120 2048 Ῥαῖοοὗ
3151 1994 3578 2064 ἀναιρεθέντων.

1995 2089 2172 2143 A6106
2208 2092 2320 2159 ἔχει
2352 2089 2516 2159 ἔτερα
2557 2088 2913 2158 παρακλήσια
2943 2089 3024 2149 είς
3071 2085 3134 2138 16
3163 2083 3458 2137 καθολικὸν
3494 2081 3572 2148 ς’.

1999 2183 2158 2235 Ἔναι
2206 2181 2302 2234 καὶ
2342 2181 2507 2250 ἕτερα
2537 2179 3002 2264 παρακλήσιαχείς
3035 2178 3097 2230 τὸ
3140 2177 3468 2246 μοναστήρη
3504 2177 3573 2244 μὲ

1997 2273 2077 2339 ιδ’,
2111 2274 2247 2328 ὀποῦ
2295 2271 2672 2342 λειτουργοῦν.
2702 2274 2863 2326 ’Έναι
2920 2271 3014 2324 καὶ
3057 2270 3117 2322 τὸ
3151 2270 3398 2340 πηγάδίη,
3437 2266 3570 2321 61106

1994 2366 2242 2430 ἐπότιζεν
2273 2367 2300 2419 6
2327 2366 2570 2434 Μωῦσῆς
2612 2364 2678 2417 τὰ
2723 2363 2998 2434 πρόϐατα.
3045 2361 3112 2416 Ἥ
3142 2361 3199 2414 δὲ
3234 2361 3292 2414 16
3327 2360 3451 2430 ὅρος
3482 2358 3575 2412 106

1992 2457 2123 2509 Σινᾶ
2149 2453 2290 2509 εἶναι
2325 2455 2534 2510 ἄνωθεν
2567 2454 2664 2507 τοῦ
2713 2454 3110 2525 μοναστηρίου,
3159 2452 3255 2506 καὶ
3285 2450 3573 2505 ἀναϐαίνει

1995 2548 2190 2602 σκαλία
2223 2547 2282 2614 ἒξ
2313 2531 2552 2617 χιλιάδες
2603 2548 2696 2600 καὶ
2731 2547 3012 2613 ἑξακόσια,
3037 2546 3132 2599 καὶ
3158 2544 3438 2598 ἀναϐαίνει
3469 2543 3576 2605 ἕως

1990 2640 2095 2711 τὴν
2137 2640 2312 2710 μέσην
2349 2638 2442 2692 τοῦ
2491 2639 2672 2708 ὅρους,
2716 2637 2813 2691 καὶ
2857 2637 3105 2708 εὑρίσκει
3158 2636 3251 2690 τὸν
3302 2635 3428 2689 ναὸν
3476 2637 3577 2704 τῆς

1990 2731 2256 2784 Θεοτόκου
2307 2730 2405 2798 τῆς
2466 2729 2792 2799 Ἔγγύτριας
2850 2727 2946 2781 τοῦ
3022 2726 3423 2798 μοναστηρίου⁶
3479 2726 3577 2781 καὶ

1992 2824 2304 2896 παραπάνω
2339 2818 2481 2878 εἶναι
2523 2823 2550 2874 6
2581 2821 2706 2883 ναὸς
2747 2824 2841 2874 τοῦ
2872 2821 3156 2891 προφήτου
3198 2817 3386 2871 Ἠλιοῦ
3410 2834 3424 2848 ·
3458 2819 3574 2870 έναι

1989 2915 2049 2970 τὸ
2069 2915 2345 2988 Σπήλαιον
2369 2912 2504 2967 ὀποῦ
2527 2914 2852 2984 ἐνήστευσεν
2883 2913 3121 2984 ἡμέραις
3149 2909 3222 2981 μ’.
3261 2913 3370 2966 Καὶ
3387 2911 3574 2966 ἐπάνω

1989 3011 2069 3073 είς
2102 3011 2200 3080 τὴν
2243 3007 2406 3077 ἁγίαν
2436 3005 2682 3078 κορυφὴν
2712 3006 2806 3059 τοῦ
2849 3004 3012 3074 ὅρους
3059 2999 3202 3057 εἶναι
3233 3005 3260 3055 6
3296 3003 3425 3064 ναὸς
3472 3001 3567 3056 τοῦ

311 3082 570 3177 templum
597 3091 929 3148 sanctissimi
960 3097 1235 3167 prephetaa
1270 3099 1491 3172 Moysis,
1524 3105 1575 3157 in
1613 3121 1722 3174 quo
1744 3123 1882 3176 (pta-

1988 3103 2144 3170 ἁγίου
2181 3101 2464 3172 προφήτου
2500 3097 2762 3162 Μωσέως,
2812 3094 2951 3148 ὀποῦ
2989 3096 3319 3164 ἐνήστευσεν
3350 3094 3572 3164 ἡμέρας

310 3173 558 3267 Ατεείηια
588 3177 1032 3254 diesjejunavit;
1065 3192 1407 3256 postmodum
1444 3193 1518 3246 illi
1546 3173 1688 3251 Dens
1713 3173 1881 3267 appa-

311 3265 443 3332 ruit,
466 3279 522 3322 et
547 3269 772 3328 dictavit
801 3274 879 3330 illi
910 3277 1110 3348 legem,
1133 3289 1188 3335 et
1222 3297 1252 3336 a
1294 3282 1404 3340 Deo
1441 3287 1641 3342 incisas
1673 3265 1882 3346 litteras

308 3357 574 3414 exhibuit.
629 3360 830 3420 Ibidem
862 3375 945 3423 est
973 3380 1028 3425 et
1071 3373 1161 3441 qui
1198 3389 1322 3428 eum
1381 3380 1599 3446 operuit
1634 3380 1793 3450 lapis.
1825 3382 1884 3436 In

307 3451 510 3506 montis
540 3453 787 3511 articulis
811 3467 936 3514 sunt
963 3461 1151 3518 sedilia
1193 3472 1438 3534 septem;
1495 3469 1678 3541 ibique
1707 3488 1882 3542 prope

309 3540 522 3610 :uljacet
549 3558 736 3600 saxum
779 3547 836 3602 in
880 3565 988 3618 quo
1021 3550 1256 3611 Joannes
1285 3557 1556 3616 Climacus
1588 3540 1682 3632 per
1707 3540 1886 3622 annos

307 3633 665 3703 quadraginta
690 3640 849 3705 sedit,
879 3650 934 3696 et
969 3644 1190 3714 scripsit
1221 3647 1461 3706 Scalam.
1500 3654 1674 3710 Distat
1711 3673 1738 3712 a
1771 3673 1883 3712 mo-

309 3725 550 3779 nasterio
599 3743 697 3783 sex
747 3731 913 3786 millia
959 3750 1240 3804 passuum.
1291 3739 1491 3797 Saxum
1536 3761 1687 3811 vero,
1740 3751 1882 3818 quod

309 3816 506 3872 baculo
536 3818 752 3890 Moyses
785 3826 1067 3891 tondebat,
1109 3837 1164 3883 et
1201 3845 1269 3885 ex
1302 3848 1410 3901 quo
1444 3852 1597 3906 aqua:
1629 3816 1883 3896 exsilire-

308 3914 455 3974 rnut,
483 3907 538 3962 in
571 3912 748 3968 medio
779 3915 1001 3985 itinere,
1055 3933 1163 3989 quo
1191 3923 1256 3976 ad
1289 3935 1604 3982 sanctorum
1635 3929 1882 3995 Quadra-

306 3999 457 4066 ginta
484 4013 786 4075 martyrum
841 4013 1227 4067 monasterium
1256 4018 1591 4086 proceditur,
1614 4020 1792 4090 jacet;
1830 4030 1884 4076 et

309 4089 378 4142 ibi
427 4106 588 4160 supra
626 4110 786 4151 mons
825 4095 1042 4155 Sancta:
1081 4101 1390 4160 Catharinae
1432 4089 1786 4178 conspicitur,
1825 4113 1880 4167 in

303 4196 411 4235 uno
437 4198 532 4251 per
560 4199 732 4243 annos
767 4198 1039 4247 trecentos
1073 4196 1351 4265 sexaginta
1383 4200 1628 4271 quinque
1658 4204 1885 4272 freqnie-

306 4273 403 4364 vit,
454 4275 522 4329 ab
561 4277 766 4345 angelis
798 4283 1089 4338 custodita.
1135 4286 1178 4339 A
1233 4287 1362 4342 Sina
1402 4301 1589 4346 monte
1619 4295 1685 4347 ad
1740 4294 1882 4364 Roy-

303 4363 458 4418 t~hum
484 4366 692 4433 urbem,
717 4371 944 4425 deorum
974 4374 1186 4431 dierum
1233 4377 1334 4433 iter
1375 4379 1675 4448 interiacet.
1705 4363 1881 4455 Prope

303 4463 390 4508 est
417 4469 566 4511 mare
589 4458 855 4527 Rubrum,
881 4467 1025 4534 quod
1053 4469 1402 4534 pertransivit
1429 4470 1671 4543 Moyses;
1706 4449 1884 4545 Rha—y-
1918 4449 1960 4502 Β

309 4555 420 4597 tum
453 4554 579 4601 sunt
625 4549 788 4603 etiam
829 4555 1168 4624 septuaginta
1200 4558 1371 4612 trunci
1401 4561 1725 4629 palmarum.
1773 4564 1884 4622 Nec

307 4632 466 4704 longe
515 4646 598 4690 est
627 4636 988 4698 Prazcursoris
1024 4649 1456 4717 monasterium;
1499 4667 1607 4721 quo
1645 4654 1697 4709 in
1762 4656 1884 4714 loco

309 4720 555 4776 monachi
587 4737 617 4776 a
653 4721 1054 4797 Blemmydibus
1085 4737 1443 4792 contrucidati
1475 4720 1680 4796 obiere.

377 4914 465 4970 i0.
500 4916 673 4974 Distat
721 4918 987 4992 Egyptus
1033 4924 1101 4979 ab
1143 4927 1275 4982 urbe
1317 4927 1620 4986 Jerusalem
1651 4932 1882 4989 duorum

304 5009 516 5063 dierum
573 5012 696 5066 iter.
752 5013 827 5066 Eo
880 5018 1110 5072 accessit
1160 5017 1388 5090 Deipara
1454 5038 1578 5077 cum
1639 5023 1878 5092 Christo,

306 5101 538 5158 Herodis
572 5103 708 5158 iram
757 5106 967 5175 vitans;
1022 5111 1413 5182 impletumque
1459 5124 1544 5170 est
1602 5117 1881 5186 prophetae

299 5196 499 5249 dictum
538 5216 552 5250 :
587 5195 673 5252 Ex
704 5197 937 5270 ﬂgyplo
968 5205 1146 5256 vocavi
1176 5205 1347 5263 ﬁlium
1397 5223 1568 5261 meum
1599 5208 1666 5261 ‘°.
1692 5209 1757 5263 Et
1794 5218 1878 5264 est

301 5288 472 5355 locus,
504 5290 595 5358 qui
630 5291 857 5347 M-ataria
911 5294 1129 5350 dicitur.
1167 5297 1419 5367 Fluitque
1473 5299 1671 5354 ibidem
1724 5299 1868 5365 lous,

300 5381 390 5447 qui
421 5390 474 5434 et
501 5383 940 5451 speciocissimus
979 5398 1080 5453 est,
1115 5397 1169 5442 et
1199 5389 1465 5445 malorum
1502 5391 1741 5445 omnium
1784 5407 1874 5446 sa-

303 5474 520 5528 nitatem
546 5484 784 5541 prmstat.
817 5475 872 5530 In
908 5492 971 5533 eo
993 5477 1221 5548 Deipara
1256 5479 1450 5537 fascias
1476 5480 1596 5536 Filii
1627 5482 1774 5536 lavit.
1807 5482 1875 5538 Et

303 5567 500 5633 inquo
549 5581 644 5620 eas
702 5571 1097 5641 extenditagro
1141 5569 1548 5629 Balsamelseum
1601 5573 1869 5651 scaturiit.

373 5737 420 5769 ¹⁸
448 5736 586 5796 Osce
610 5754 686 5809 ιι,
725 5741 780 5795 2.

1995 3193 2068 3265 μ’,
2103 3193 2198 3246 καὶ
2226 3191 2364 3261 μετὰ
2397 3189 2571 3244 ταῦτα
2597 3189 2771 3258 ἐφάνη
2797 3186 2947 3255 αὐτῷ
2971 3189 2998 3239 6
3039 3187 3193 3252 Θεὸς,
3244 3187 3340 3240 καὶ
3368 3187 3570 3256 ἐλάλη-

1994 3303 2086 3338 σεν
2113 3285 2261 3355 αὑτῷ
2294 3284 2386 3337 τὸν
2414 3282 2602 3350 νόμον,
2627 3281 2723 3334 καὶ
2745 3281 2812 3333 τὰ
2848 3279 3194 3348 θεοχὰρακτα
3221 3278 3532 3348 γράμματα
3554 3292 3570 3306 ·

1987 3374 2110 3428 έναι
2139 3375 2235 3428 καὶ
2269 3376 2303 3444 ὴ
2339 3375 2516 3441 πέτρα
2551 3373 2585 3442 ἡ
2619 3371 2944 3424 σκεπάσασα
2968 3369 3152 3423 αὐτόν.
3187 3368 3362 3422 A6106
3395 3371 3475 3431 εἰς
3503 3369 3573 3421 τὰ

1985 3468 2088 3538 ὅρη
2124 3467 2268 3534 μέσα
2313 3461 2456 3518 εἶναι
2507 3462 2828 3532 καθίσματα
2859 3460 2922 3526 ξ’.
2955 3461 3132 3514 A6106
3166 3461 3333 3538 κρντὰ
3378 3459 3495 3512 έναι
3531 3463 3566 3529 ἡ

1989 3558 2165 3628 πέτρα
2204 3556 2343 3610 ὀποῦ
2381 3554 2644 3609 ἐκάοετον
2690 3553 2950 3623 Ἰωάννης
2985 3552 3085 3619 τῆς
3113 3551 3401 3620 Κλίμακος
3439 3553 3573 3622 χρό-

1987 3667 2111 3712 νους
2143 3647 2194 3720 μ’
2215 3666 2228 3679 ·
2261 3651 2378 3703 ἐκεῖ
2411 3647 2652 3718 ἔγραψεν
2679 3646 2778 3718 τὴν
2809 3646 3095 3716 Κλίμακα.
3123 3645 3345 3714 Ἀπέχει
3375 3645 3480 3705 ἀπ’)
3509 3646 3572 3698 τὸ

1967 3742 2358 3812 εμοναστὴριον
2393 3740 2548 3810 μίλια
2598 3745 2672 3804 ς’.
2718 3738 2781 3792 Ἦ
2814 3739 2872 3791 δέ
2919 3738 3096 3808 πέτρα
3122 3737 3256 3790 ὀποῦ
3293 3737 3493 3789 ἔδωκεν
3541 3738 3571 3789 6

1985 3833 2232 3902 Μωῦσῆς
2260 3831 2358 3902 τὴν
2391 3831 2606 3902 ῥάϐδον,
2633 3831 2728 3885 καὶ
2748 3830 3024 3901 ἐρρύησαν
3048 3828 3240 3894 ὕδατα,
3275 3829 3394 3882 έναι
3426 3828 3567 3898 μέσα

1985 3926 2066 3987 είς
2120 3923 2212 3976 τὸν
2267 3923 2494 3993 δρόμον,
2540 3923 2676 3976 ὀποῦ
2739 3921 2944 3990 ὑπάγει
2981 3923 3061 3984 είς
3090 3921 3153 3974 16
3192 3921 3565 3992 μοναστήριον

1985 4017 2094 4069 τῶν
2125 4015 2299 4083 ἁγίων
2357 4013 2789 4085 Τεσσαράκοντα
2845 4011 3181 4083 μαρτύρων*
3243 4013 3338 4064 καὶ
3393 4011 3563 4064 αὐτοῦ

1985 4109 2195 4164 ἄνωθεν
2237 4109 2354 4162 έναι
2387 4109 2448 4161 16
2481 4108 2606 4179 ὅρος
2646 4108 2746 4178 τῆς
2792 4107 2984 4175 ’Λγίας
3007 4107 3394 4179 Αἰκατερίνης,
3429 4107 3564 4161 ὀποῦ

1985 4203 2247 4257 ἐκάοετον
2289 4203 2517 4272 χρόνους
2555 4202 2911 4271 τριακοσίους
2953 4201 3217 4270 ἐξήκοντα
3253 4201 3438 4262 πέντε,
3473 4199 3568 4252 καὶ

1985 4293 2224 4347 ἐϐλέπαν
2252 4310 2352 4362 την
2375 4294 2425 4345 οί
2459 4291 2701 4360 ἄγγελοι.
2726 4290 2863 4344 Ἀπὸ
2884 4291 2980 4344 τοῦ
3011 4292 3143 4344 Σινᾶ
3163 4291 3267 4354 ἕως
3297 4291 3564 4360 τῆςῬαῖο

1987 4385 2083 4439 θοῦ
2124 4385 2243 4440 έναι
2286 4387 2314 4438 6
2343 4384 2566 4455 δρόμος,
2616 4385 2743 4438 ὅσον
2775 4386 3074 4454 περιπατεί
3107 4385 3324 4454 ἡμέρας
3373 4382 3440 4454 β’,
3472 4383 3566 4436 καὶ

1986 4479 2154 4530 κοντὰ
2193 4477 2292 4548 τῆς
2331 4475 2553 4529 Ῥαἲοοὗ
2609 4475 2727 4529 έναι
2757 4477 2791 4546 ή
2823 4475 3068 4545 Ἐρυθρὰ
3112 4476 3382 4542 θάλασσα,
3436 4473 3565 4527 ἔνθα

1984 4569 2258 4640 ἐπέρασεν
2298 4569 2326 4622 6
2352 4567 2595 4638 Μωῦσῆς
2624 4568 2705 4632 είς
2731 4566 3074 4637 γλυκύτητα.
3105 4568 3280 4620 A6106
3321 4568 3440 4620 έναι
3470 4567 3566 4620 καὶ

1984 4664 2034 4714 oi
2083 4661 2461 4732 ἐϐδομήκοντα
2512 4660 2749 4731 στελέχη
2791 4660 3075 4730 φοινίκων.
3126 4661 3304 4714 A6106
3337 4662 3418 4724 είς
3463 4660 3565 4730 τὴν

2001 4753 2216 4808 Ῥαῖθοῦ
2279 4753 2418 4824 σιμᾶ
2473 4753 2588 4823 ἔχει
2641 4753 3014 4824 μονα-στήριον
3067 4752 3162 4806 τοῦ
3215 4753 3561 4824 Προδρόμου,

1984 4847 2120 4900 όποῢ
2171 4847 2543 4915 ἁναιρέθησαν
2574 4845 2623 4898 οἱ
2674 4846 2903 4916 μοναχοὶ
2938 4845 3048 4898 ἀπὸ
3093 4844 3202 4898 τῶν
3233 4845 3562 4915 Βλεμμύων.

2062 4944 2113 4992 t'.
2155 4937 2222 4991 Ἦ
2267 4937 2326 4990 δὲ
2355 4938 2633 5006 Αἴγυπτος
2671 4937 2869 5007 ἀπέχει
2908 4937 3016 5005 ἀπὸ
3054 4936 3154 5006 τὴν
3206 4935 3565 5006 Ἰερουσαλὴμ

1993 5029 2193 5100 δρόμον
2221 5029 2447 5099 ἡμερῶν
2479 5027 2546 5098 β’.
2576 5028 2752 5082 A6106
2785 5024 3007 5098 ἦλθενή
3046 5027 3310 5091 Θεοτόκος
3328 5026 3562 5097 φεύγον-

1983 5138 2082 5183 τας
2133 5121 2271 5191 μετὰ
2313 5121 2410 5175 τὸν
2435 5121 2670 5192 Χριστὸν
2726 5120 2834 5174 ὑπὸ
2877 5120 3145 5187 Ἡρώδου.
3185 5120 3362 5173 A6106
3387 5114 3563 5189 ἔπλη-

1984 5211 2133 5282 ρὼθη
2154 5212 2213 5265 16
2237 5212 2399 5284 ῥητὸν
2414 5210 2504 5267 τοῦ
2529 5212 2948 5284 Προφήτου,Ἐξ
2970 5213 3266 5280 Αἰγύπτου
3292 5210 3560 5264 ἐκάλεσα

1980 5301 2089 5354 τόν
2113 5303 2248 5356 υἱόν
2263 5319 2406 5372 μου.
2432 5303 2608 5356 A6106
2635 5303 2747 5374 ἔχει
2781 5304 2966 5368 τόπον,
3004 5306 3096 5356 καὶ
3128 5305 3428 5374 όνομάζουν
3465 5302 3557 5355 τὸν

1982 5393 2293 5463 Ματάρεια.
2336 5394 2490 5464 Ἔχει
2515 5395 2609 5446 καὶ
2638 5396 2824 5464 πηγὴν
2875 5396 3168 5464 παντερπῆ
3202 5395 3296 5446 καὶ
3331 5395 3558 5462 ἱαματι-

1984 5486 2106 5554 κήν.
2125 5485 2299 5538 A6106
2331 5481 2495 5556 ἦλθεν
2527 5487 2560 5556 ἡ
2595 5485 2880 5550 Θεοτόκος,
2928 5486 3022 5540 καὶ
3084 5486 3280 5540 ἔπλυνε
3312 5485 3405 5540 τοῦ
3434 5483 3555 5537 υίοῦ

1985 5577 2084 5647 τῆς
2106 5575 2173 5630 τὰ
2205 5576 2517 5647 σπάργανα.
2555 5577 2662 5630 Καὶ
2694 5579 2810 5631 ἐκεῖ
2849 5575 2984 5631 ὀποῦ
3022 5577 3089 5632 τὰ
3122 5577 3402 5648 ἥπλωσεν,
3435 5575 3553 5631 ἐνέ-
