4042 6400
403 368 513 437 SS5

1653 369 1753 430 DE
1792 368 2007 430 LOCIS
2035 368 2378 433 SANCTIS.

3561 342 3675 426 9'86

404 478 610 551 ϐρυσεν
638 477 699 533 :b
725 476 1153 549 βαλσαμέλαιον.
1182 474 1362 532 A6:06
1407 476 1488 540 είς
1519 475 1580 530 :b
1607 476 1826 547 Κάερος
1851 476 1987 546 σιμᾶ
2012 526 2016 537 η

2117 478 2266 545 ’τορο
2290 477 2548 548 Cayrum,
2580 476 2812 531 duorum
2863 476 3068 530 dierum
3101 473 3225 537 iter,
3260 470 3456 527 visitur
3483 473 3670 542 magni

352 634 365 651 κ
404 572 474 628 ἐκ
514 569 608 624 δύο
651 569 839 644 μερῶν
893 569 1130 642 στράταν
1186 569 1304 625 έναι
1360 570 1422 623 :b
1478 568 1841 639 μοναστήριον
1877 560 1984 622 ’τοῦ

409 663 649 735 μεγάλου
701 664 1002 735 Ἀρσενίου.
1062 663 1240 718 Αὐτοῦ
1299 663 1522 734 ἔρχεται
1567 663 1596 716 6
1637 662 1832 723 Νεῖλος
1882 677 1985 713 1:0-

404 753 585 825 ταμδς
636 753 746 809 ἀπὸ
782 754 876 810 :bv
917 754 1281 826 Παράδεισον,
1312 755 1407 808 καὶ
1461 753 1674 818 ποτίζει
1712 752 1845 823 ὅλην
1882 751 1983 821 τὴν

407 846 711 917 Αἴγυπτον.
753 846 930 900 Αὐτοῦ
955 846 1061 912 ἔξω
1089 846 1185 901 τοῦ
1219 846 1435 917 Καέρος
1464 846 1586 900 Eva:
1618 843 1681 899 :b
1711 845 1950 899 Χανέκει
1969 861 1983 876 ο

410 940 506 993 καὶ
534 940 630 994 ἀπ’
671 938 841 994 αὑτοῦ
873 936 1100 1011 ἔρχεσαι
1148 939 1229 1003 είς
1264 939 1326 993 τὸ
1358 938 1529 1010 Γάζη.
1569 937 1666 992 καὶ
1710 937 1825 1008 ἔχει
1861 935 1989 990 ναὸν

409 1029 512 1098 τῆς
546 1028 855 1100 ὕπεραγίας
910 1028 1175 1083 Θεοτόκου
1226 1027 1604 1100 ὡραιὼτατον.
1657 1027 1881 1097 Ἀπέχει
1927 1024 1990 1078 :b

410 1123 594 1193 Γάζην
631 1120 751 1176 ἀπο
766 1121 868 1192 τὴν
908 1120 1272 1193 Ἰερουσαλὴμ
1303 1120 1518 1192 ἡμέρας
1543 1119 1608 1191 β’.
1651 1119 1830 1173 Αύτοῦ
1863 1118 1993 1173 ἐϐά-

414 1232 609 1270 πτισεν
628 1216 656 1269 6
679 1212 837 1282 ἁγιος
856 1212 1126 1277 Φίλιππος
1156 1213 1250 1267 τὸν
1272 1213 1552 1284 εὐνοῦχον.
1575 1212 1649 1266 Τὸ
1662 1212 1720 1266 δὲ
1742 1211 1992 1282 Καῖάφα,

411 1306 550 1362 ὀποῦ
584 1305 801 1361 ἁλίευεν
821 1307 849 1360 ὁ
872 1305 1101 1375 Πέτρος,
1122 1304 1318 1377 ἀπέχει
1347 1305 1459 1359 ἀπὸ
1489 1304 1591 1376 τὴν
1626 1303 1992 1374 Ἰερουσαλὴμ

417 1400 598 1470 μίλιον
624 1398 697 1456 α’.
737 1399 803 1453 Ἦ
829 1398 888 1452 δὲ
917 1398 1241 1469 Τιϐεριάδος
1269 1398 1537 1462 θάλασσα,
1566 1397 1703 1453 ὀποῦ
1730 1397 1990 1452 ἁλίευσαν

418 1493 470 1546 οί
498 1491 790 1546 ἀπόστολοι
820 1491 1017 1561 ἀπέχει
1078 1490 1190 1546 ἀπὸ
1220 1490 1320 1563 τὴν
1370 1490 1732 1563 Ἰερουσαλὴμ
1777 1489 1997 1560 ἡμέρας

415 1585 488 1658 γ’.
532 1586 711 1642 Αὑτοῦ
753 1588 883 1652 τοὺς
916 1579 1089 1658 ηὗρεν
1143 1590 1172 1640 6
1220 1587 1459 1658 Χριστὸς
1516 1589 1612 1642 καὶ
1644 1587 1772 1649 τοὺς
1801 1583 1994 1639 εἶπενο

415 1681 594 1735 Δεῦτε
631 1681 826 1737 ὀπίσω
851 1699 993 1750 μου,
1042 1681 1143 1735 καί
1172 1681 1407 1748 ποιήσω
1448 1680 1607 1752 ὑμᾶς
1653 1679 1847 1746 ἁλιεῖς
1893 1679 2005 1735 ἀν-

417 1772 702 1841 θρώπωνο
726 1775 821 1830 καὶ
852 1775 1237 1846 ἠκολούθησαν
1267 1773 1442 1846 αύτῷ.
1800 1814 1809 1824 .

493 1864 586 1914 ια’.
644 1860 742 1924 Είς
774 1862 916 1916 αὐτὰ
944 1864 1012 1917 τὰ
1068 1865 1210 1936 μέρη
1268 1859 1411 1919 εἶναι
1463 1863 1634 1934 ὀρηνὴ
1691 1862 1788 1916 τοῦ
1836 1862 1995 1931 ἁγίου

435 1949 692 2005 Ἰωάννου
721 1949 817 2005 :06
851 1951 1194 2023 Προδρ6μου.
1227 1951 1405 2006 Αὐτοῦ
1436 1946 1601 2023 ἦλθεν
1632 1953 1665 2022 ή
1699 1952 1991 2017 Θεοτόκος,

419 2045 514 2098 καὶ
545 2044 831 2115 ἠσπάσατο
851 2045 950 2117 τὴν
1004 2046 1308 2112 Ἐλισὰὗετ,
1334 2046 1430 2100 καὶ
1458 2048 1539 2108 είς
1573 2045 1764 2099 στάδια
1800 2044 1849 2115 β’
1884 2043 2000 2097 έναι

419 2137 483 2189 :b
506 2134 652 2210 ὕδωρ
690 2139 791 2208 τῆς
843 2139 1164 2208 Ἔλέγξεως,
1208 2139 1306 2194 καὶ
1341 2140 1545 2194 ὲπὰνου
1587 2139 1757 2211 μέρου
1818 2138 1936 2191 Eva:
1968 2138 1999 2208 ἡ

422 2227 609 2301 Πέτρα
644 2229 782 2283 61:06
824 2229 1076 2301 ἐσχίσθη,
1110 2230 1208 2283 καὶ
1246 2228 1483 2297 ἐφύλαξε
1548 2228 1641 2281 τὸν
1683 2227 2003 2296 Πρόδρομον

423 2320 522 2375 καὶ
552 2319 655 2390 τὴν
685 2320 901 2392 μητέρα
935 2320 1127 2376 a6:o6.
1162 2320 1321 2373 Ἔναι
1355 2319 1452 2373 καὶ
1480 2318 1608 2382 ναὸς
1639 2317 1829 2383 αὐτοῦ,
1868 2317 2003 2372 ὀποῦ

422 2410 693 2481 ιγεννήθη
721 2409 752 2463 6
788 2410 1128 2480 Πρόδρομος.
1168 2407 1501 2478 Ἐρχομένου
1528 2424 1624 2460 σου
1659 2408 1739 2471 εἰς
1767 2406 1865 2478 τὴν
1908 2408 2007 2461 Ἰεο

429 2499 713 2573 ρουσαλὴμ
753 2501 834 2563 είς
876 2499 1032 2570 μιλία
1078 2498 1145 2569 β’,
1185 2495 1329 2551 εἶναι
1358 2498 1421 2552 :b
1483 2499 1854 2568 μοναστήριον
1907 2497 2006 2552 τοῦ

423 2593 612 2665 τιμίου
633 2591 905 2662 Σταυροῦ,
932 2592 1030 2646 καὶ
1056 2591 1322 2645 ἁποκάτω
1360 2592 1441 2654 είς
1464 2591 1565 2660 τὴν
1604 2591 1769 2658 ἁγίαν
1796 2608 2006 2663 τραπε-

427 2686 529 2751 (av
564 2684 684 2740 ἔναι
713 2687 742 2740 6
769 2683 938 2748 τόπος
982 2683 1122 2737 ὀποῦ
1181 2681 1490 2751 ἐφύτευσεν
1535 2684 1665 2746 τοὺς
1690 2685 1844 2752 τρεῖς
1873 2684 2008 2737 δαυ-

426 2777 556 2843 λοῦς
588 2779 618 2832 6
645 2776 792 2841 Λὼτ,
830 2776 926 2831 καὶ
953 2776 1214 2846 ἑγινήσαν
1250 2773 1468 2846 δένδρη.
1503 2772 1648 2827 Δύτδ
1685 2774 1748 2827 :b
1790 2773 2010 2846 δένδρον

428 2869 633 2940 ἔκοψαν
659 2869 710 2923 oi
733 2868 1004 2934 Ἰουδαῖοι,
1057 2867 1152 2921 καὶ
1195 2866 1466 2936 ἐποίησαν
1500 2864 1593 2919 τὸν
1627 2866 1883 2937 σταυρὸν,
1915 2864 2012 2919 καὶ

428 2960 791 3032 ἐσταύρωσαν
821 2959 914 3014 τὸν
957 2958 1168 3031 Κύριον
1218 2959 1317 3028 τῆς
1361 2957 1543 3028 δόξης.
1570 2957 1735 3011 Ἐναι
1764 2957 1860 3010 καὶ
1883 2956 2011 3021 ναδς

431 3053 771 3126 ὡραιότατος
800 3051 868 3123 μὲ
886 3050 1140 3122 τρούλλη,
1167 3053 1264 3105 καὶ
1291 3050 1560 3120 κτισμένη
1591 3047 1841 3118 γύρωθεν
1861 3040 2013 3102 ὦσὰν

2021 1813 2070 1873 Β

2086 568 2299 623 Arsenii
2347 568 2759 623 monasterium.
2799 566 3108 636 Ibidemque
3140 562 3298 619 Nilus
3348 578 3378 616 ε
3409 563 3671 632 paradiso

2087 659 2277 725 cmuit,
2306 669 2360 715 et
2387 661 2694 714 universam
2727 659 3015 730 Egyptum
3045 657 3291 712 inundat.
3329 654 3495 709 Extra
3518 654 3666 726 Cay-

2090 768 2208 807 rum
2243 766 2361 807 sese
2391 751 2550 806 offert
2574 750 2813 806 Chaneci
2838 767 2854 817 ;
2878 765 2941 804 ex
2968 766 3074 819 quo
3101 751 3166 803 ad
3205 749 3406 803 Gazam
3439 762 3666 818 progre-

2090 844 2258 899 deris.
2332 841 2504 897 Habet
2573 840 2830 911 templum
2909 841 3147 911 Deiparze
3218 839 3664 908 pulcherrimum.

2092 934 2430 992 DistatGaza
2462 935 2530 988 ab
2556 934 2688 988 urbe
2711 932 3010 988 Jerusalem
3043 933 3269 985 duorum
3300 931 3507 985 dierum
3539 931 3665 985 iter.

2094 1024 2169 1079 lbi
2219 1036 2440 1078 sanctus
2502 1021 2783 1091 Philippus
2840 1020 3149 1075 eunuchum
3220 1034 3378 1074 sacro
3447 1019 3667 1073 lavacro

2095 1115 2283 1171 abluit.
2315 1113 2584 1183 Caiapha,
2618 1112 2710 1167 ubi
2769 1111 3086 1183 piscabatur
3129 1110 3351 1174 Petrus,
3384 1110 3548 1164 distat
3602 1108 3672 1163 ab

2094 1206 2227 1259 urbe
2259 1202 2559 1259 Jerusalem
2597 1203 2744 1258 mille
2799 1217 3018 1272 passus.
3055 1200 3206 1255 Mare
3249 1199 3579 1265 Tiberiadis,
3614 1198 3670 1252 in

2094 1312 2202 1366 quo
2232 1297 2582 1366 piscahantur
2613 1294 2866 1365 apostoli,
2898 1294 3065 1348 distat
3108 1292 3175 1347 ab
3203 1292 3338 1346 urbe
3365 1289 3671 1345 Jerusalem

2097 1390 2215 1444 dies
2241 1399 2371 1444 tres.
2398 1389 2605 1443 Ibidem
2626 1400 2749 1442 cum
2772 1385 3068 1456 reperisse:
3084 1399 3181 1440 eos
3208 1382 3483 1445 Christus,
3500 1382 3671 1436 dixit:

2106 1479 2288 1534 Venite
2325 1487 2441 1547 post
2466 1494 2565 1543 me,
2608 1477 2802 1548 faciam
2834 1492 2921 1533 vos
2949 1477 3244 1546 piscatores
3290 1474 3562 1529 hominum
3587 1473 3627 1504 “
3655 1489 3672 1539 ;

2101 1584 2156 1629 et
2178 1572 2353 1629 secuti
2383 1580 2511 1628 sunt
2535 1586 2685 1626 eum.

2170 1864 2260 1931 ll,
2299 1862 2359 1918 In
2397 1862 2484 1918 his
2517 1872 2739 1930 quoque
2768 1856 3017 1930 partibus
3046 1866 3175 1912 sunt
3204 1862 3462 1910 montana
3511 1850 3681 1906 Joan-

2100 1959 2187 2013 nis
2216 1956 2603 2024 Praecursoris,
2638 1953 2705 2009 ad
2761 1967 2881 2022 qua:
2923 1951 3190 2006 accedens
3218 1948 3466 2018 Deipara,
3506 1944 3685 1999 Eliza—

2101 2052 2317 2105 hetham
2377 2048 2652 2104 salutavit.
2708 2044 2943 2114 ludeque
2994 2044 3272 2112 digressus
3319 2041 3426 2093 duo
3480 2036 3679 2099 stadia,

2101 2139 2343 2196 oﬂendes
2390 2152 2587 2208 aquam
2634 2132 3092 2202 Redargutionis;
3146 2138 3203 2186 et
3246 2130 3298 2183 in
3332 2138 3486 2198 parte
3526 2138 3689 2192 supe-

2103 2233 2257 2296 riori,
2288 2239 2518 2301 petram,
2561 2242 2681 2297 qua:
2709 2225 2882 2280 divisa
2922 2223 3323 2278 Praecursorem
3356 2229 3414 2274 et
3445 2226 3682 2270 matrem

2104 2324 2222 2393 ejus
2277 2323 2641 2380 conservavit.
2694 2316 2796 2372 Ubi
2844 2324 3003 2370 natus
3049 2325 3132 2369 est
3169 2313 3501 2375 Praecursor,
3546 2314 3689 2361 tem-

2104 2417 2253 2486 plum
2274 2420 2518 2470 erectum
2542 2420 2647 2467 est.
2684 2407 2987 2464 Jerusalem
3022 2420 3213 2460 versus
3249 2401 3317 2456 ad
3345 2403 3451 2455 duo
3488 2398 3686 2453 millia-

2106 2509 2211 2571 ria,
2242 2515 2325 2562 est
2351 2501 2739 2560 monasterium
2764 2497 3087 2554 venerandae
3116 2496 3328 2550 Crucis.
3362 2492 3473 2547 Sub
3499 2499 3697 2543 sancta.

2108 2612 2296 2653 mensa
2336 2603 2420 2651 est
2455 2594 2619 2664 ;loeus
2670 2592 2723 2645 in
2765 2605 2873 2658 quo
2925 2600 3036 2644 tres
3078 2588 3300 2641 titiones
3331 2584 3434 2638 Lot
3476 2581 3691 2651 planta-

2108 2691 2204 2754 vit,
2243 2688 2333 2759 qui
2367 2688 2420 2742 in
2461 2686 2688 2741 arbores
2718 2694 3039 2738 excrevere.
3074 2679 3151 2733 Ex
3189 2678 3379 2732 horum
3408 2675 3570 2744 lignis
3595 2672 3699 2727 Ju-

2111 2781 2209 2837 daei
2263 2792 2482 2835 crucem
2533 2776 2901 2841 fabricarum,
2954 2771 3136 2841 illique
3170 2768 3355 2839 gloria:
3410 2765 3695 2819 Dominum

2111 2868 2459 2926 sufﬁxerunt.
2513 2864 2804 2934 Templum
2855 2870 2941 2923 est
3003 2856 3456 2930 pulcherrimum,
3531 2851 3695 2907 trulla

2113 2961 2490 3031 conspicuum,
2522 2965 2578 3013 et
2608 2958 2813 3012 circum
2836 2952 3004 3008 veluti
3043 2965 3163 3016 arx,
3195 2947 3366 3002 muris
3396 2944 3695 3004 vallatum;

2119 3054 2284 3124 janua
2317 3051 2493 3108 ferrea
2529 3057 2650 3112 est;
2683 3060 2851 3116 super
2880 3058 3036 3098 sacra
3073 3054 3257 3096 mensa
3296 3037 3529 3108 pendent
3554 3033 3697 3087 lam-

434 3121 699 3219 κάστροψ
722 3121 837 3217 ἔχει
869 3121 963 3199 καὶ
997 3143 1204 3214 πόρταν
1256 3140 1478 3211 σιδερήν
1498 3152 1514 3170 ⁸
1540 3142 1638 3193 καὶ
1667 3137 1877 3193 ἄνωθεν
1909 3137 2012 3209 τῆς

2117 3121 2280 3212 pades
2306 3149 2564 3212 quatuor.
2596 3135 2730 3190 Cum
2756 3130 3057 3188 Jerusalem
3118 3128 3278 3196 petis,
3317 3124 3500 3180 stadia
3546 3121 3704 3191 quin-

433 3241 598 3311 ἁγίας
630 3238 916 3312 τραπέζης
942 3233 1282 3308 κρεμοῦνται
1313 3232 1612 3303 κανδήλαις
1633 3229 1697 3286 δ’.
1740 3230 2015 3300 Ἐρχομέ-

436 3351 529 3391 νου
556 3336 637 3398 εἰς
666 3334 769 3405 τὴν
802 3329 1163 3402 Ἰερουσαλὴμ
1207 3330 1294 3392 είς
1336 3326 1532 3382 στάδια
1560 3331 1621 3389 ε’,
1655 3318 1883 3379 εἶναιτὸ
1918 3339 2018 3390 μο-

438 3426 736 3496 ναστήριον
769 3420 866 3476 τοῦ
924 3419 1087 3490 ἁγίου
1126 3416 1372 3472 Βαϐύλα.
1426 3414 1606 3470 Αὐτοῦ
1669 3412 1877 3484 ἔκοψαν
1922 3411 2022 3484 τὴν

443 3516 687 3588 κεφαλὴν
732 3512 830 3568 :06
871 3511 1033 3580 ἁγίου
1090 3508 1370 3578 Γεωργίου
1395 3523 1409 3537 ο
1459 3506 1555 3560 καὶ
1602 3504 1814 3558 ἀπάνου
1850 3503 2020 3573 μέρου

441 3612 525 3676 είς
554 3609 648 3664 :bv
685 3607 888 3679 δρόμον
915 3605 1038 3659 έναι
1069 3603 1104 3672 ἡ
1136 3601 1314 3671 πέτρα
1342 3599 1480 3654 61:06
1538 3596 1855 3676 ἐκάθισενή
1888 3597 2022 3648 Θεο-

444 3706 620 3768 τόκος.
646 3702 761 3756 Καὶ
787 3699 1022 3770 παρεκεῖ
1054 3691 1198 3750 εἶναι
1231 3693 1367 3763 άλλη
1420 3690 1599 3762 πέτρα
1653 3688 1789 3743 ὀποῦ
1820 3688 2024 3760 ἐστάθη

453 3800 490 3871 ἡ
519 3797 804 3861 Θεοτόκος,
846 3796 942 3846 καὶ
988 3786 1376 3861 ὲπροσκύνησε
1434 3783 1497 3837 :b
1532 3783 1689 3852 ἆγιον
1722 3780 1880 3846 ξύλον
1933 3780 2031 3871 διαὶ

444 3860 653 3963 τίμιον,
687 3886 914 3957 καὶτὴν
944 3860 1110 3952 ἁγίαν
1147 3879 1535 3950 Ἰερουσαλήμ.
1582 3875 1694 3930 Καὶ
1739 3873 1910 3928 κοντὰ
1940 3860 2030 3938 Et;

446 3986 509 4041 :b
555 3982 961 4055 Τοιχόκαστρον
1007 3977 1089 4042 είς
1138 3975 1329 4030 στάδια
1378 3979 1454 4039 ς’,
1494 3973 1611 4025 έναι
1653 3973 1681 4026 6
1735 3971 1904 4041 ἀγρὸς
1932 3965 2030 4022 :06

460 4077 764 4151 ⁹Δγρίππα,
795 4071 935 4127 ὀποῦ
959 4067 1202 4124 ἔστειλεν
1232 4068 1262 4121 6
1291 4063 1567 4136 Ἱερεμίας
1595 4062 1689 4116 :bv
1741 4060 2034 4133 ’Δὸιμελὲχ

449 4172 542 4227 διὰ
592 4167 758 4233 σῦκα,
818 4165 917 4221 καὶ
970 4163 1188 4217 ὕπνωσε
1237 4156 1467 4229 χρόνους
1531 4154 1864 4225 ἑϐδοήκοντα
1915 4152 2031 4210 δύο.

455 4260 701 4318 Ἀνωθεν
727 4255 896 4313 αὐτοῦ
949 4254 1069 4310 Eva:
1101 4251 1343 4321 κάστρον
1389 4246 1581 4302 ἐπάνω
1622 4248 1705 4310 είς
1754 4245 1907 4316 ὅρος,
1937 4244 2036 4300 καὶ

453 4354 618 4412 αὐτοῦ
646 4351 984 4421 ἑπριόνησαν
1004 4345 1098 4400 τὸν
1127 4343 1420 4417 προφήτην
1456 4339 1691 4393 Ἡσαΐαν
1712 4339 1771 4391 ὲν
1799 4337 2036 4409 πριονίῳ

2122 3247 2229 3301 que
2252 3244 2511 3287 emensus
2545 3225 2795 3283 invenies
2834 3221 3008 3280 sancti
3040 3218 3238 3273 Babila:
3285 3214 3704 3269 monasterium.

2120 3325 2201 3381 lbi
2244 3331 2578 3394 amputatum
2620 3326 2704 3373 est
2768 3316 2967 3386 σεμιιῖ
2990 3310 3164 3367 sancti
3244 3305 3488 3376 Georgii.
3543 3301 3708 3357 Parte

2123 3415 2395 3487 superiori
2446 3414 2549 3468 vite
2593 3422 2783 3467 saxum
2816 3406 3083 3468 cernitur,
3121 3402 3172 3454 in
3215 3412 3322 3469 quo
3354 3398 3584 3466 Deipara
3612 3409 3704 3449 se-

2125 3511 2205 3565 dit
2239 3528 2254 3563 :
2287 3521 2392 3562 nec
2414 3504 2585 3560 multo
2634 3506 2754 3571 post
2786 3497 2933 3552 aliud
2967 3509 3184 3558 saxum,
3231 3502 3393 3560 super
3417 3501 3524 3557 quo
3553 3495 3707 3541 stans

2129 3604 2384 3670 Deipara,
2419 3606 2670 3652 sanctum
2699 3600 2754 3646 et
2789 3589 3088 3659 pretiosum
3117 3584 3321 3654 lignum
3352 3588 3712 3646 sanctamque

2128 3693 2429 3750 Jerusalem
2455 3684 2722 3743 adoravit.
2755 3682 2933 3750 Prope
2960 3691 3143 3734 muros
3176 3673 3343 3739 arcis,
3374 3670 3562 3727 stadiis
3586 3683 3706 3731 sex,

2131 3797 2216 3844 est
2246 3798 2373 3855 ager
2394 3781 2663 3851 Agrippae,
2696 3792 2803 3846 quo
2836 3772 3104 3830 Jeremias
3143 3766 3512 3822 Abimelecum
3549 3761 3716 3814 mise-

2131 3887 2239 3944 rat,
2271 3875 2335 3931 ad
2363 3873 2628 3929 tollendos
2657 3869 2812 3933 ﬁcos,
2834 3860 3273 3930 obdormivitque
3297 3870 3465 3911 annos
3489 3862 3710 3920 septua-

2135 3942 2286 4039 ginta
2324 3970 2482 4022 duos.
2518 3963 2694 4033 Supra
2744 3972 2959 4030 agrum,
3010 3955 3066 4010 in
3119 3949 3439 4008 summitate
3482 3942 3711 4007 montis,

2135 4038 2219 4120 est
2269 4076 2388 4126 arx,
2437 4060 2490 4113 in
2536 4071 2665 4128 qua,
2713 4066 2868 4109 serra
2916 4049 3115 4119 lignea,
3150 4043 3345 4099 lsaiam
3397 4038 3716 4125 prophetam

2139 4158 2538 4211 dissecuerunt.
2565 4146 2818 4204 Ambitus
2840 4141 2992 4198 urbis
3015 4145 3217 4195 sancta:
3244 4130 3546 4190 Jerusalem
3574 4116 3712 4184 coit-

2141 4247 2278 4303 tinet
2307 4242 2560 4299 milliaria
2585 4225 2849 4310 quinque.
2874 4235 3005 4289 Hauc
3028 4229 3127 4286 tibi
3145 4225 3431 4296 descripsi.
3461 4241 3494 4280 ο
3517 4225 3717 4285 amice,

2142 4340 2197 4393 in
2234 4335 2522 4391 utilitatem
2555 4333 2752 4386 anima:
2778 4336 2833 4385 et
2864 4324 3059 4383 salutis
3101 4331 3155 4377 et
3187 4318 3338 4390 regni
3362 4315 3598 4372 caelestis
3627 4327 3718 4367 rc-

1060 4401 1433 4507 κάστροντῆς
1461 4431 1631 4499 ἁγίας
1670 4401 2016 4501 Ἰερουσαλὴιξ

2145 4431 2513 4491 novationem,
2554 4422 2729 4491 gratia
2791 4428 2847 4474 et
2894 4415 3232 4472 humanitate
3280 4407 3494 4465 Domini
3545 4401 3721 4458 nostri

2492 4517 2499 4519 μ
2656 4514 2667 4519 -
2739 4513 2750 4519 -
2825 4512 2837 4519 .
3049 4509 3061 4519 .
3120 4518 3123 4519 ν
3179 4505 3193 4519 .
3495 4494 3690 4519 mm.‘

457 4494 928 4612 ξιᾶιᾷτενίνέἓιοὲα
961 4494 1334 4603 ἔχάραξάροι,
1365 4494 1642 4593 aliaeve,
1667 4494 1760 4575 ἵνα
1788 4518 1919 4591 ἔχῃς

2139 4521 2266 4578 Jesu
2303 4517 2546 4582 Christi;
2584 4514 2670 4571 cui
2703 4512 2960 4583 gloriaiet
2984 4509 3152 4564 robur
3179 4505 3235 4560 in
3261 4499 3462 4560 secula
3493 4494 3722 4554 saeculo-

436 4611 635 4704 ¹ψυχῆς
671 4628 944 4699 ὠφέλειαν
988 4623 1085 4678 καὶ
1123 4616 1526 4688 ἁνακαινισμδν
1575 4613 1876 4685 σωτηρίας,
1933 4611 2035 4666 καὶ

2140 4627 2283 4667 rum.
2313 4609 2507 4665 Amen.

456 4677 1319 4798 βασιλείας,
1349 4677 1535 4783 Χάῥιτι
1574 4707 1671 4761 καὶ
1708 4677 2106 4776 ’ᾧιλανθρωπίᾳ
2140 4702 2235 4759 τοῦ
2275 4701 2489 4774 Κυρίου
2553 4696 2714 4770 ἡμῶν
2746 4692 2929 4766 Ἰησοῦ
2977 4688 3243 4764 Χριστοῢν
3296 4677 3342 4757 ᾧ
3375 4685 3412 4756 ἡ
3437 4679 3599 4756 ἱδόξα’
3628 4678 3725 4733 καὶ

458 4796 522 4876 :6
572 4816 796 4891 κράτος,
857 4812 940 4876 είς
994 4810 1125 4873 τοὺς
1181 4805 1389 4867 αἰῶνας
1448 4799 1558 4856 τῶν
1613 4797 1847 4853 αἰώνων.
1883 4796 2085 4867 Ἀμήν.

533 4887 629 4980 ιβ’.
655 4907 816 4964 Mssa
843 4903 925 4968 είς
958 4902 1060 4972 τὴν
1095 4895 1460 4970 Ἰερουσαλὴμ
1483 4895 1565 4957 είς
1584 4891 1680 4945 :bv
1704 4890 1901 4961 καιρὸν
1929 4887 2043 4943 τῶν

472 4978 767 5075 Ῥωμαίων
794 4994 939 5072 ἦσαν
984 4993 1343 5066 μοναστήρια,
1384 4988 1480 5043 xal.
1529 4985 1854 5057 ικκλήσιαις
1911 4978 2044 5047 :Es’.

466 5071 705 5164 Kal'rhv
756 5071 1002 5163 σήμερον
1030 5083 1368 5159 κρατοῦνται
1413 5080 1464 5135 oi
1511 5078 1757 5141 ὰσεὸεϊς.
1784 5074 1945 5130 Κατὰ
1986 5071 2047 5128 δὲ

465 5189 566 5253 τὰς
601 5184 872 5248 ἀνατολὰς
897 5178 993 5236 τοῦ
1020 5179 1181 5248 ἁγίου
1209 5174 1383 5246 τάφου
1429 5172 1570 5235 μέσα
1600 5172 1680 5233 είς
1709 5167 1808 5241 τὴν
1842 5167 2046 5241 Ἰερου-

470 5278 673 5349 σαλὴμ,
706 5277 788 5340 είς
819 5272 1012 5328 στάδια
1035 5268 1099 5335 δ’,
1124 5265 1352 5323 εἶναιτὰ
1386 5264 1558 5333 Ἀγια
1581 5262 1688 5316 τῶν
1711 5259 1905 5329 ἁγίων,
1948 5258 2049 5313 καὶ

470 5370 531 5423 :b
571 5367 721 5439 ἱερὸν
778 5363 914 5420 61:06
963 5361 1246 5416 ἐδίδασκεν
1307 5359 1336 5412 6
1366 5356 1599 5427 Κύριος.
1649 5350 1826 5407 Αὐτοῦ
1866 5353 1948 5415 είς
1981 5349 2051 5404 τὰ

472 5464 642 5532 ’Ἅγια
669 5459 782 5514 τῶν
818 5457 991 5527 ἁγίων
1025 5454 1241 5525 ἐσφάγη
1286 5450 1315 5503 6
1348 5449 1637 5520 προφήτης
1677 5445 1988 5516 Ζαχαρίας,
2021 5443 2052 5496 6

477 5553 662 5626 πατὴρ
713 5552 809 5606 :06
868 5548 1212 5620 Προδρόμου.
1266 5545 1379 5599 Καὶ
1430 5542 1512 5605 εἰς
1549 5540 1644 5594 :bv
1702 5538 1868 5593 αὐτὸν
1920 5538 2053 5591 ναὸν

478 5645 697 5716 ἐδέξατο
732 5645 830 5700 καὶ
867 5644 898 5697 6
940 5640 1231 5712 προφήτης
1277 5633 1508 5707 Συμεὼν
1549 5635 1609 5689 ἐν
1640 5628 1911 5701 ἀγκάλαις
1961 5629 2052 5713 :bv

558 5797 601 5832 “
630 5797 826 5857 Matth.
861 5812 940 5865 tr,
980 5797 1049 5854 l9

2218 4887 2309 4946 12.
2347 4886 2405 4943 In
2443 4884 2562 4955 ipsa
2594 4879 2893 4938 Jerusalem
2924 4875 3027 4933 sub
3059 4869 3478 4945 imperatoribus
3512 4864 3725 4920 Graeci.tl

2143 4987 2303 5038 erant
2338 4972 2674 5034 monasteria
2704 4968 2922 5027 stades
2949 4980 3144 5031 sacrae,
3170 4976 3397 5019 numero
3428 4956 3567 5024 565;
3597 4968 3721 5024 quae

2144 5070 2326 5129 omnia
2380 5081 2524 5123 nunc
2578 5065 2633 5121 in
2664 5070 2987 5135 potestatem
3037 5056 3328 5126 impiorum
3368 5061 3603 5105 cessere.
3641 5044 3723 5098 Ad

2145 5167 2324 5223 locum
2371 5158 2695 5218 orientalem
2740 5153 2915 5211 sancti
2954 5148 3187 5220 sepulcri
3214 5148 3362 5201 intus
3393 5136 3722 5201 Jerusalem,

2148 5272 2318 5328 prope
2348 5254 2648 5313 stadiorum
2690 5257 2922 5319 quatuor
2957 5240 3266 5304 intervallo,
3309 5230 3726 5300 conspiciuntur

2151 5318 2356 5409 .Sancta
2384 5318 2722 5406 sanctorum,
2755 5350 2810 5394 et
2842 5337 3104 5406 templum
3135 5332 3187 5386 in
3228 5343 3337 5400 quo
3363 5321 3592 5379 docebat
3617 5318 3726 5372 Do-

2150 5444 2349 5498 minus.
2375 5438 2528 5494 Intus
2560 5437 2762 5493 Sancta
2797 5440 3110 5488 sanctorum
3138 5421 3360 5479 occisus
3405 5425 3487 5472 est
3512 5412 3725 5467 Zacha-

2151 5539 2283 5602 rias,
2312 5544 2470 5605 pater
2495 5530 2874 5591 Praecursoris.
2907 5526 3208 5590 eodemque
3248 5516 3303 5572 in
3357 5510 3560 5580 templo
3596 5519 3726 5575 pro-

2150 5629 2310 5701 pheta
2332 5627 2554 5684 Simecn
2580 5625 2634 5679 in
2666 5621 2805 5678 ulnis
2823 5616 3048 5691 gestavit
3069 5610 3450 5669 Dominum...
3482 5611 3726 5660 marmo-
