4042 6402
357 326 466 393 987

1818 334 2169 398 ANONYMI

3519 343 3624 406 983

358 443 496 508 reis.
519 445 575 498 e't
596 449 787 499 catena
813 441 1069 513 pendent.
1097 442 1182 510 Et,
1213 458 1335 501 cum
1375 445 1720 504 Christianus
1754 445 1938 519 ingre-

2048 449 2347 520 Χριστὸν...
2379 450 2810 524 μαρμαριτναις,
2828 452 2922 508 καὶ
2949 453 3370 526 κρεμοῦνταιμέ
3399 453 3624 511 άλυσον·

357 536 528 603 ditur,
561 544 958 604 commovetur,
1020 535 1150 593 licet
1204 551 1370 604 nunc,
1407 538 1476 593 ob
1507 537 1811 605 Agarenos,
1838 553 1937 593 ne-

360 629 496 684 mini
521 628 702 685 aditus
727 637 933 699 pateat.
967 628 1173 686 ibidem
1205 629 1372 685 etiam
1407 637 1492 687 est
1531 644 1740 697 mensa,
1770 645 1801 684 a
1828 629 1939 686 Deo

359 735 620 791 appensa.
679 721 962 792 Templum
995 729 1081 777 est
1131 722 1323 794 ingens
1358 731 1413 777 et
1458 722 1778 786 rotundum,
1814 736 1938 777 cum

358 811 521 866 trulla
555 810 777 881 plumbo
801 820 1072 878 contecta,
1106 815 1253 869 intus
1303 811 1544 884 lorisque
1591 814 1806 868 musivo
1842 814 1939 868 de-

359 901 531 971 picta.
559 901 733 958 Habet
763 913 818 958 et
848 904 1072 971 atrium,
1099 905 1151 958 in
1187 903 1342 972 cujus
1383 913 1540 975 parte
1571 904 1828 960 orientali
1859 913 1942 960 est

361 998 542 1059 porta,
573 1001 811 1062 quatuor
827 991 1015 1062 januis
1058 1003 1340 1060 constans,
1372 1010 1470 1065 per
1493 1009 1658 1065 quam
1693 995 1942 1050 transivit

360 1080 618 1140 Christus
651 1099 776 1140 cum
819 1085 1014 1154 palmis
1059 1095 1117 1141 et
1155 1086 1356 1153 ramis;
1402 1096 1457 1143 et
1494 1087 1562 1142 ad
1616 1087 1762 1142 hunc
1800 1089 1940 1144 diem

359 1175 547 1230 clausa
595 1185 702 1232 est.
751 1176 1033 1249 Propeque
1069 1179 1235 1234 etiam
1285 1189 1371 1234 est
1414 1181 1612 1234 atrium
1655 1179 1838 1246 Pilati,
1889 1189 1944 1236 et

359 1264 584 1336 Caiphae
629 1270 969 1336 praetorium,
1020 1272 1293 1340 pauloque
1341 1270 1479 1325 infra
1511 1269 1798 1327 Probatica
1827 1273 1942 1342 pis-

359 1359 506 1424 cina,
542 1359 611 1417 ab
643 1360 886 1418 Hebraeis
919 1363 1189 1420 Bethesda
1225 1363 1392 1430 dicta,
1426 1364 1666 1434 quinque
1699 1365 1943 1436 porticus

357 1450 605 1516 habens;
636 1468 911 1524 propeque
940 1469 1060 1510 eam
1091 1456 1348 1526 templum
1375 1473 1389 1523 ;
1421 1457 1700 1527 distatque
1731 1471 1760 1512 a
1785 1471 1944 1513 sacro

357 1543 612 1614 sepulcro
642 1547 818 1602 stadia
855 1550 982 1604 tria.
1010 1549 1263 1604 Proxime
1291 1559 1382 1604 est
1411 1551 1552 1606 aedes
1584 1549 1859 1606 Joachimi
1889 1558 1945 1606 et

356 1637 530 1694 Annae
569 1641 762 1696 matris
798 1641 1043 1710 Πείρεω
1091 1659 1104 1696 :
1146 1657 1177 1696 a
1207 1657 1314 1710 quo
1361 1658 1467 1697 non
1513 1643 1672 1713 longe
1707 1652 1791 1697 est
1828 1656 1945 1698 coe-

2043 544 2136 597 καὶ
2167 544 2301 598 ὅταν
2329 544 2477 599 σέϐει
2512 545 2866 615 Χριστιανὸς,
2903 549 3265 620 ταράσσεται.
3300 550 3491 620 Ὅμως
3533 552 3626 607 διὰ

2040 635 2168 700 τοὺς
2208 637 2550 708 ’Λγαρηνοὺς
2577 637 2730 692 οὐδὲν
2763 640 2999 711 ἐμπορεῖ
3017 641 3164 696 τίναι
3198 640 3268 697 va
3312 643 3448 718 σέϐῃ
3478 645 3612 704 έσω.

2041 729 2156 781 Καὶ
2203 727 2346 798 μέσα
2379 729 2546 783 αὑτοῦ
2585 729 2704 785 ἕναι
2743 731 2973 802 καὶῖμία
3021 731 3276 806 τράπεζα
3316 735 3627 806 θεοκρέμαο

2044 821 2336 889 στη.Ἔναι
2358 821 2495 876 καὶὸ
2525 821 2650 881 ναὸς
2673 823 2848 892 μέγας
2885 826 3361 899 στρογγυλοειδής.
3397 830 3509 884 Καὶ
3559 833 3627 900 μὲ

2041 911 2276 980 τρούλλα
2310 911 2783 986 μολιϐοσκέπαστη
2847 916 3236 990 ίστορισμένην
3272 920 3476 976 ἔσωθεν
3532 923 3631 977 καὶ

2047 1001 2253 1069 ἔξωθεν
2282 1004 2421 1073 μετὰ
2458 1005 2689 1074 μωσίου.
2721 1007 2875 1077 Ἔχει
2905 1009 3002 1063 καὶ
3035 1010 3210 1076 αὐλὴν
3236 1010 3390 1080 μίαν,
3423 1014 3518 1068 καὶ
3549 1017 3628 1078 εἰς

2047 1095 2148 1166 τὴν
2182 1095 2315 1166 μίαν
2365 1098 2564 1167 μερίαν
2593 1097 2692 1169 τῆς
2747 1099 2919 1170 αὐλῆς
2959 1102 3104 1156 κατὰ
3135 1103 3402 1168 ἀνατολάς
3445 1104 3562 1159 έναι
3594 1107 3628 1174 ἡ

2043 1189 2426 1260 τετράπορτος
2460 1189 2627 1261 πύλη,
2678 1191 2814 1244 ὁποῦ
2851 1193 3124 1265 ἐπέρασεν
3147 1196 3175 1248 6
3211 1195 3447 1268 Χριστὸς
3491 1198 3633 1266 μετά

2048 1279 2217 1350 βαϊων
2245 1281 2340 1334 καὶ
2386 1281 2625 1338 κλάδων.
2656 1283 2767 1337 Kal.
2819 1282 2939 1338 έναι
2975 1285 3343 1358 κεκλεισμένη
3379 1289 3486 1352 έως
3530 1290 3634 1357 τῆς

2048 1372 2317 1444 σήμερον.
2349 1373 2525 1428 Αὑτοῦ
2557 1376 2725 1430 κοντὰ
2751 1376 2870 1431 έναι
2896 1377 2993 1430 τοῦ
3024 1377 3315 1450 Πιλάτουὴ
3347 1380 3510 1452 αὐλὴ,
3537 1384 3635 1436 καὶ

2045 1461 2143 1516 τοῦ
2172 1463 2401 1530 Καῖάφα
2453 1462 2514 1516 :6
2563 1464 2926 1536 πραιτώριον.
2982 1467 3302 1537 Παρακάτω
3334 1471 3431 1523 ἀπ’
3463 1471 3632 1525 αὑτοῦ

2047 1551 2169 1606 έναι
2200 1554 2234 1622 ἡ
2280 1552 2597 1625 Προϐατικὴ
2635 1555 3020 1627 κολυμϐήθρα,
3073 1558 3106 1627 ἡ
3156 1559 3301 1612 κατά
3337 1558 3632 1625 Ἰουδαίους

2049 1643 2319 1713 Βηθεσδά,
2351 1643 2516 1698 πέντε
2546 1645 2710 1708 στοὰς
2740 1646 2961 1716 έχουσα.
3002 1648 3156 1718 Ἔχει
3186 1649 3284 1702 καὶ
3313 1649 3440 1704 ναὸν
3465 1651 3627 1705 αὑτοῖ

359 1746 514 1795 num,
545 1731 599 1786 in
638 1733 782 1802 quod
816 1731 1023 1788 Hebrzri
1054 1735 1398 1806 proiecerunt
1425 1734 1736 1790 Jeremiam.
1770 1735 1944 1790 Distat

2051 1734 2246 1789 κοντά.
2294 1734 2516 1806 Ἀπέχει
2562 1736 2670 1790 ἀπὸ
2724 1738 2820 1792 τὸν
2880 1740 3038 1808 ἅγιον
3097 1739 3272 1809 τάφον
3332 1742 3526 1796 στάδια
3561 1741 3635 1810 γ’.

358 1837 392 1876 a
425 1836 582 1878 sacro
620 1801 872 1894 sepulcro
921 1801 1099 1882 stadia
1147 1801 1406 1897 quatuor.
1460 1827 1523 1882 Et
1570 1827 1686 1882 haec
1715 1827 1940 1897 quidem

2048 1827 2223 1883 Αὐτοῦ
2275 1801 2509 1895 πλησίον
2542 1827 2662 1884 έναι
2712 1831 2740 1883 6
2769 1801 3048 1894 οίκοςτοῦ
3085 1801 3374 1901 Ἰωακεὶμ,
3406 1832 3504 1887 καὶ
3533 1801 3634 1902 τίεις

359 1919 718 1984 monasteria,
778 1931 834 1976 et
872 1929 1024 1976 extra
1078 1931 1134 1976 et
1183 1922 1330 1976 intra
1381 1921 1708 1985 Jerusalem.
1773 1931 1832 1976 et
1885 1925 1938 1976 in

357 2005 592 2065 Jordane
625 2009 763 2081 ipso,
794 2023 1176 2069 numerantur.

2045 1921 2251 1991 1’Λννης
2280 1921 2380 1989 τῆς
2417 1921 2623 1991 μητρὸς
2690 1922 2788 1992 τῆς
2833 1922 3120 1978 Θεοτόκου.
3170 1925 3348 1978 Δί)τοῦ
3408 1923 3639 1995 πλησίον

2043 2013 2165 2067 έναι
2199 2013 2228 2065 6
2261 2011 2546 2084 βόρϐορος,
2581 2013 2716 2066 ὀποῦ
2750 2014 2954 2084 έρηξαν
2982 2014 3034 2067 oi
3077 2015 3321 2087 Ἑϐραῖοι
3348 2017 3440 2070 τδν
3465 2015 3638 2088 Ἰερεο

361 2100 514 2170 μίαν.
543 2102 766 2176 Ἀπέχει
791 2105 899 2159 ἀπὸ
924 2105 1013 2160 τὸν
1045 2105 1203 2177 ἅγιον
1232 2107 1404 2178 τάφον
1459 2109 1654 2163 στάδια
1702 2108 1769 2164 δ’.
1826 2105 2018 2162 Ταῦτα
2055 2103 2127 2175 τᾲ
2163 2105 2507 2176 μοναστήρια
2541 2104 2894 2176 εὑρίσκονται
2924 2108 3004 2172 εἰς
3048 2107 3150 2178 τὴν
3190 2107 3569 2180 Ἰερουσαλὴμ.
3603 2107 3642 2164 ει

357 2192 416 2247 δὲ
451 2194 556 2259 ἔξω
583 2196 684 2266 τῆς
721 2198 885 2267 ἁγίας
916 2193 1148 2268 πόλεως,
1178 2202 1274 2255 καὶ
1300 2201 1382 2267 είς
1408 2201 1500 2257 τδν
1531 2203 1831 2274 Ἰορδάνην.

431 2287 520 2342 15.
550 2287 724 2344 Medio
755 2289 807 2346 in
841 2291 1037 2347 itinere
1086 2294 1208 2348 foris
1247 2295 1632 2362 Apostolorum
1665 2303 1870 2351 manat.
1899 2295 1946 2350 A

359 2393 468 2448 quo
508 2395 696 2449 parum
742 2382 898 2438 abest
919 2384 1094 2439 sancti
1127 2385 1406 2454 Euthymii
1440 2390 1852 2453 monasterium.
1889 2389 1944 2443 in

360 2473 679 2526 summitate
710 2475 910 2530 montis
934 2477 1123 2531 situm.
1167 2475 1342 2534 Distat
1366 2479 1434 2533 ab
1469 2481 1606 2535 urbe
1630 2477 1945 2535 Jerusalem

364 2563 532 2617 millia
562 2566 898 2634 quindecim.
931 2568 995 2624 Et
1018 2569 1158 2624 infra
1199 2572 1530 2641 conspicitur
1552 2574 1948 2628 monasterium

362 2651 630 2722 Dciparze.
685 2654 884 2710 Ibidem
946 2657 1246 2714 lociJosue
1295 2661 1440 2716 ﬁlius
1467 2660 1634 2728 Nave,
1690 2663 1943 2733 angelum

365 2745 616 2810 intuitus,
667 2746 804 2802 dixit
838 2766 852 2803 :
884 2747 1085 2805 Noster
1117 2753 1214 2808 es!
1244 2762 1297 2807 et
1340 2754 1622 2821 respondit
1666 2755 1891 2826 angelus
1923 2771 1941 2810 :

2122 2297 2217 2359 ιγ’.
2256 2293 2370 2346 Καὶ
2417 2291 2560 2362 μέσα
2594 2292 2677 2356 είς
2709 2292 2801 2346 τὸν
2837 2291 3040 2364 δρόμον
3077 2293 3198 2346 έναι
3242 2295 3275 2365 ἡ
3312 2295 3504 2366 βρύσις
3530 2297 3642 2354 τῶν

2059 2382 2426 2436 Ἀποστὸλων.
2456 2383 2567 2436 Καὶ
2597 2384 2680 2446 είς
2710 2382 2894 2451 ὀλίγον
2924 2384 3087 2437 τόπον
3119 2383 3236 2440 έναι
3267 2386 3330 2439 :6
3363 2391 3636 2457 μοναστή-

2047 2491 2164 2546 ριον
2186 2474 2282 2528 :06
2312 2473 2471 2542 ἁγίου
2514 2473 2819 2544 Εὑθυμίου,
2855 2475 2948 2528 καὶ
2983 2474 3104 2529 έναι
3132 2477 3321 2532 ἐπάνω
3359 2479 3442 2542 εἰς
3487 2480 3637 2552 δρος.

2044 2565 2267 2634 Ἀπέχει
2303 2565 2413 2620 ἀπὸ
2441 2563 2542 2634 τὴν
2575 2565 2948 2636 Ἰερουσαλὴμ
2982 2566 3138 2636 μιλία
3193 2573 3273 2622 ιε’.
3317 2569 3428 2623 Kal.
3456 2588 3640 2641 παρα-

2047 2655 2200 2710 κάτω
2226 2655 2345 2710 έναι
2373 2654 2432 2709 :6
2455 2660 2826 2728 μοναστήριον
2847 2658 2948 2728 τῆς
2971 2657 3264 2713 Θεοτόκου.
3293 2660 3469 2714 Αὐτοῦ
3497 2657 3640 2716 εἶδεν

2040 2747 2070 2802 6
2087 2747 2299 2817 Ἰησοῦς
2322 2747 2422 2801 :06
2451 2749 2609 2818 Ναυῆ
2639 2748 2730 2803 τὸν
2758 2749 3014 2819 ἄγγελον,
3049 2753 3145 2816 καὶ
3172 2747 3330 2806 εἶπεν
3355 2769 3368 2784 ·
3389 2753 3638 2822 Ἡμέτε-

363 2836 619 2907 Princeps
658 2856 774 2893 sum
813 2842 1073 2895 exercitus
1102 2842 1404 2910 Domini,et
1435 2861 1572 2900 nunc
1601 2847 1747 2901 venio
1777 2847 1846 2900 ad
1871 2855 1940 2904 te.

2048 2857 2150 2908 ρος
2171 2833 2270 2905 εἷς
2305 2839 2402 2893 καὶ
2434 2841 2463 2892 6
2505 2839 2742 2908 ἄγγελος
2799 2837 2956 2896 εἶπεν
2980 2859 2994 2874 ο
3029 2842 3184 2913 Ἐγὼ
3238 2837 3642 2918 ᾀρχιστράτη·

361 2931 430 2984 Et
467 2929 636 2985 Josue
673 2933 918 2988 adoravit
973 2948 1127 3001 eum;
1183 2946 1237 2990 et
1278 2937 1501 3006 angelus
1550 2939 1686 2995 dixit
1725 2957 1740 2994 :
1785 2939 1943 2996 Solve

360 3021 772 3077 calceamentum
817 3025 880 3080 de
921 3027 1137 3095 pedibus
1170 3028 1312 3094 tuis;
1357 3029 1504 3084 locus
1539 3031 1702 3095 enim,
1738 3033 1794 3086 in
1837 3048 1941 3104 quo

357 3123 490 3179 stas,
526 3125 739 3170 sanctus
787 3119 906 3172 est?
951 3135 1088 3173 nunc
1147 3123 1322 3188 accipe
1380 3139 1562 3176 arcam
1609 3123 1842 3192 (aderis,
1889 3097 2011 3179 etc

357 3208 668 3276 progredere
703 3209 956 3264 adversus
982 3210 1219 3276 Iericho,
1275 3221 1334 3266 ut
1365 3214 1506 3268 muri
1549 3215 1792 3284 fastiditus
1832 3232 1944 3270 cor-

358 3308 517 3352 ruant
545 3300 771 3355 civitatis
807 3303 872 3356 η.
930 3303 1085 3373 Apud
1125 3303 1343 3360 Jericho
1390 3315 1517 3361 sunt
1582 3323 1735 3378 aquae
1784 3309 1944 3365 salsae

359 3393 545 3458 maris,
570 3395 773 3464 quasiin
802 3395 992 3450 dulces
1016 3400 1242 3452 mutavit
1271 3397 1504 3469 Moyses.
1540 3399 1747 3472 Estque
1772 3418 1944 3474 prope

359 3482 714 3552 Sycomorns,
747 3503 907 3555 quam
949 3491 1194 3544 ascendit
1222 3490 1538 3558 Zacchzcus,
1572 3503 1630 3548 ut
1665 3495 1941 3550 Christutn

360 3578 718 3645 prospiceret.
771 3577 1262 3650 Supercminetque
1309 3599 1485 3647 mons,
1548 3584 1599 3636 in
1635 3600 1746 3652 quo
1785 3586 1946 3640 Chri-

359 3676 478 3723 stus
531 3667 800 3740 jejunavit
851 3670 970 3726 dies
1018 3675 1418 3743 quadraginta;
1462 3686 1576 3732 tum
1630 3680 1860 3746 esuriit;
1891 3689 1946 3735 et

359 3761 625 3816 accedens
677 3764 909 3828 daemon,
965 3764 1106 3818 dixit
1141 3781 1156 3819 :
1190 3766 1251 3820 Si
1282 3765 1463 3821 Filius
1493 3768 1588 3822 Dei
1619 3785 1698 3832 es,
1753 3770 1838 3824 dic
1883 3781 1943 3826 ut

359 3852 567 3922 lapides
614 3855 704 3908 isti
741 3871 902 3924 panes
953 3856 1110 3926 ﬁant.
1160 3857 1228 3912 Et
1285 3857 1555 3915 Dominus
1616 3861 1939 3931 respondit:

374 3942 519 4000 Vade
549 3954 716 4011 retro,
742 3945 950 4001 Salano
984 3948 1053 4012 ¹³,
1089 3959 1145 4004 et
1185 3964 1306 4019 quae
1347 3960 1670 4021 sequuntur,
1711 3961 1768 4008 et
1799 3952 1944 4008 illico

359 4040 648 4108 disparuit.
681 4039 855 4096 Distat
901 4042 970 4098 ab
995 4041 1132 4098 urbe
1169 4041 1476 4099 Jerusalem
1509 4045 1702 4114 viginti
1747 4045 1943 4101 millia-

360 4129 463 4186 ria.
487 4131 569 4189 Ab
590 4147 655 4188 eo
695 4132 797 4188 loci
837 4148 1030 4189 versus
1053 4135 1408 4191 solitudinem
1437 4136 1636 4192 visitur
1669 4148 1944 4193 monaste-

361 4221 502 4274 rium
531 4223 733 4278 'sancti
796 4220 1026 4281 Joannis
1093 4225 1478 4281 Praecursoris.
1547 4225 1942 4284 Monasterium

358 4313 765 4382 praeterlabitur
785 4311 1054 4371 Jordanes
1085 4314 1306 4381 ﬂuvius,
1333 4317 1386 4371 in
1407 4330 1516 4385 quo
1546 4315 1791 4374 Joannes
1827 4317 1937 4373 Do-

2042 2947 2149 3001 τος
2179 2933 2400 3000 Κυρίου
2431 2932 2823 3002 παραγέγονά
2852 2935 3004 3002 πρὸς
3034 2937 3129 2990 σέ.
3185 2937 3298 2990 Kal.
3359 2939 3638 3009 προσεκύ-

2044 3039 2212 3094 νησεν
2245 3024 2398 3095 αὐτῷ
2423 3040 2437 3056 ο
2478 3025 2576 3079 καὶ
2609 3021 2764 3081 εἶπεν
2794 3029 2822 3080 6
2854 3028 3091 3096 ἄγγελος
3112 3045 3126 3060 ο
3158 3029 3355 3085 Λῡσαι
3392 3031 3459 3085 τὸ
3492 3034 3642 3087 ὑπό-

2043 3115 2203 3186 δημα
2229 3117 2298 3170 ἐκ
2319 3115 2521 3170 ποδῶν
2553 3133 2694 3183 σου,
2731 3122 2763 3172 ό
2787 3119 2900 3188 γὰρ
2929 3123 3114 3187 τόπος
3133 3121 3300 3191 ἅγιός
3324 3123 3457 3178 ἐστι
3483 3137 3499 3153 ⁸
3523 3125 3642 3180 νῦν

2043 3203 2192 3258 λάϐε
2223 3205 2340 3272 τὴν
2380 3205 2658 3271 κιϐωτὸν,
2711 3206 2811 3260 καὶ
2859 3207 2964 3273 τὰς
3013 3207 3332 3277 διαθήκας,
3367 3211 3467 3268 καὶ
3492 3213 3638 3268 ἕλθε

2043 3296 2337 3352 ἀπέναντι
2355 3297 2597 3366 Ἰεριχὼ,
2617 3298 2720 3352 ἵνα
2744 3299 3100 3367 κολασθῶσι
3131 3301 3202 3355 τὰ
3229 3304 3400 3371 τείχη
3424 3303 3638 3372 αὐτῆς.

2044 3391 2223 3444 Αὐτοῦ
2277 3393 2358 3456 είς
2407 3393 2506 3462 τὴν
2544 3391 2758 3462 Ἰεριχὼ
2808 3392 2928 3446 έναι
2958 3393 3029 3447 τὰ
3069 3394 3294 3466 ἁλμυρὰ
3329 3395 3501 3449 ὕδατα
3534 3397 3638 3466 τῆς

2050 3485 2357 3558 θαλάσσης,
2377 3486 2508 3542 ένοα
2536 3487 2839 3558 μετέϐαλεν
2862 3489 2944 3552 είς
2973 3489 3295 3562 γλυκύτητα
3319 3492 3347 3543 6
3370 3491 3638 3561 Μωῦσῆς.

2046 3577 2228 3640 Αὑτοῦ
2265 3579 2440 3649 έναιὴ
2473 3579 2842 3651 Συκομωρέα,
2876 3582 3011 3634 ὀποῦ
3056 3583 3228 3652 ἀνέϐη
3259 3584 3287 3636 6
3338 3585 3636 3653 Ζακχαῖος,

2049 3669 2138 3723 ἵνα
2179 3669 2264 3741 ἴδῃ
2313 3669 2408 3724 τὸν
2460 3671 2723 3740 Χριστόν.
2759 3671 2936 3727 A6:06
2968 3673 3181 3728 ἄνωθεν
3219 3675 3339 3730 έναι
3393 3677 3454 3730 :6
3512 3677 3641 3747 ὅρος

2046 3760 2185 3815 ὀποῦ
2234 3761 2568 3832 ἐνήστευσεν
2621 3765 2652 3818 6
2708 3765 2947 3834 Χριστὸς
2992 3767 3212 3838 ἡμέρας
3278 3765 3352 3838 μ’,
3406 3768 3639 3836 ὕστερον

2047 3849 2359 3918 ἐπείνασεν,
2401 3853 2496 3906 xal.
2547 3852 2722 3907 ἐλθὼν
2765 3856 2794 3907 6
2828 3854 3040 3926 δαίμων
3065 3873 3078 3888 ·
3114 3859 3186 3912 El
3243 3860 3377 3925 Υἱὸς
3429 3855 3487 3912 εἷ
3529 3858 3638 3914 τοῦ

2049 3943 2219 4009 Θεοῦ,
2265 3939 2398 3998 εἷπε
2444 3945 2546 3999 ἵνα
2589 3948 2643 4000 οι
2685 3947 2845 4002 λίθοι
2889 3947 3057 4017 ἄρτοι
3110 3949 3423 4018 γένωνται.
3457 3951 3575 4004 Kal.
3611 3951 3640 4003 6

2045 4035 2286 4106 Χριστὸς
2316 4031 2497 4092 εἶπεν·
2524 4038 2757 4108 Ὕπαγε
2777 4039 2972 4095 ὀπίσω
2993 4041 3136 4110 μοῦ,
3165 4041 3424 4109 Σατανᾶ,
3455 4045 3548 4097 καὶ
3569 4043 3639 4098 τά

2047 4126 2197 4195 έξῆς,
2234 4127 2330 4181 καὶ
2385 4127 2594 4191 εὐθέως
2650 4129 2895 4198 ἄφαντος
2956 4132 3204 4200 ἐγένετο.
3244 4134 3475 4206 ’Λπέχει
3527 4133 3638 4188 ἀπὸ

2055 4218 2424 4292 Ἰερουσαλὴμ
2485 4220 2604 4291 μιλ.
2637 4219 2708 4276 κ’.
2768 4222 2893 4276 Ἀπ’
2926 4224 3095 4278 αὑτοῦ
3142 4224 3286 4279 κατὰ
3338 4227 3476 4294 πρὸς
3539 4227 3639 4297 τὴν

2045 4312 2256 4384 έρημον
2306 4313 2368 4367 τὸ
2415 4314 2787 4385 μοναστήριον
2855 4313 2948 4368 τοῦ
3013 4315 3176 4384 ἁγίου
3237 4317 3494 4371 Ἰωάννου
3543 4317 3638 4372 :06

361 4405 569 4460 minum
617 4415 863 4462 nostrum
900 4406 1090 4462 Jesum
1140 4409 1420 4464 Christum
1467 4409 1789 4478 baptizavit.
1829 4409 1942 4464 ibi-

2049 4405 2394 4477 Προδρόμου.
2429 4405 2607 4460 Αὐτοῦ
2637 4402 2897 4460 εἶναικαὶ
2926 4408 2955 4459 6
2979 4405 3256 4478 Ἰορδάνης
3298 4411 3327 4462 6
3367 4409 3638 4480 ποταμὸς,

364 4496 510 4562 dem,
550 4495 604 4549 in
637 4497 884 4565 margine
929 4497 1104 4565 ﬂuvii,
1151 4497 1392 4556 Joannes
1449 4500 1656 4570 aspexit
1705 4500 1943 4556 divinam

362 4585 730 4641 Triadem.Et
755 4595 904 4642 trans
946 4585 1240 4645 Jordanem
1286 4590 1546 4658 spelunca
1594 4601 1703 4660 est,
1743 4593 1796 4647 in
1836 4607 1944 4661 qua

363 4676 455 4731 ille
486 4677 826 4747 quiescebat.
859 4678 988 4734 Inde
1006 4680 1168 4735 etiam
1193 4679 1338 4737 Elias
1366 4683 1420 4737 in
1459 4696 1626 4738 curru
1655 4683 1816 4755 igneo
1846 4698 1942 4738 ra-

365 4779 493 4839 plus
517 4777 622 4824 est.
657 4770 834 4825 Distat
863 4769 1130 4827 Jordanes
1151 4771 1347 4828 ﬂuvius
1378 4773 1603 4831 aburbe
1639 4773 1945 4830 Jerusalem

364 4861 618 4916 milliaria
664 4861 908 4931 triginta.
968 4862 1148 4920 Trans
1197 4862 1489 4920 Jordanem
1537 4881 1759 4936 quoque
1815 4876 1945 4921 sunt

363 4965 576 5010 montes
609 4954 835 5020 excelsi,
882 4969 1046 5025 super
1106 4957 1305 5027 quibus
1345 4959 1651 5014 ascendens
1708 4958 1945 5029 Moyses,

363 5063 556 5102 versus
587 5047 890 5105 Jerusalem
942 5051 1164 5117 orabat;
1198 5050 1502 5120 eodemque
1542 5051 1648 5107 luci
1697 5051 1945 5122 sepultus

360 5150 463 5194 est.
495 5139 551 5194 In
585 5142 843 5196 interiore
887 5141 1203 5209 solitudine,
1243 5141 1415 5197 beatae
1447 5141 1632 5198 Mariae
1672 5142 1944 5214 Egyptim

360 5233 668 5300 sepulcrum
698 5235 964 5302 cernitur,
1013 5250 1179 5303 quam
1216 5235 1407 5291 invisit
1446 5235 1618 5291 abbas
1671 5236 1941 5303 Zosimas,

363 5336 416 5378 ct
447 5327 751 5381 tumulavit.
787 5326 1083 5397 [legionem
1127 5327 1272 5383 illam
1319 5328 1476 5384 beata
1533 5327 1944 5383 inhabilaverat

366 5432 537 5472 annos
577 5419 935 5489 quadraginta
962 5431 1197 5491 septem.
1224 5418 1405 5476 Distat
1437 5419 1506 5477 ab
1556 5421 1691 5477 urbe
1718 5419 1941 5476 Jerusa-

366 5525 466 5562 ιυιιι
502 5525 606 5566 ner
639 5512 851 5566 dierum
883 5520 1030 5568 octo.

445 5774 485 5804 ”
519 5773 682 5833 Josue
711 5792 764 5843 v,
797 5779 862 5834 ll.
893 5791 1049 5846 seqq.
1126 5779 1168 5810 ³³
1200 5778 1387 5835 Matth.
1424 5796 1500 5848 iv,
1543 5778 1598 5844 5,
1634 5778 1689 5833 4.

2047 4495 2186 4550 ὀποῦ
2217 4497 2516 4552 ἐϐάπτισεν
2572 4499 2602 4551 6
2633 4497 2893 4568 Ἰωάννης
2923 4497 3015 4552 τὸν
3064 4497 3277 4572 Κύριον
3330 4500 3487 4570 ἡμῶν
3530 4503 3641 4572 Ἰη-

2047 4587 2180 4641 σοῦν
2223 4587 2484 4659 Χριστόν.
2532 4589 2710 4642 Αὑτοῦ
2759 4591 2842 4654 είς
2881 4590 2941 4644 τὸ
2987 4591 3168 4661 χεῖλος
3232 4591 3328 4645 τοῦ
3363 4592 3638 4661 Ἰορδάνου

2050 4678 2157 4734 ῐδεν
2177 4678 2206 4733 6
2233 4679 2494 4752 Ἰωάννης
2523 4680 2621 4751 τὴν
2649 4681 2815 4750 ἁγίαν
2843 4683 3074 4755 Τριάδα.
3109 4684 3267 4737 Ἔναι
3292 4685 3388 4738 καὶ
3412 4685 3472 4738 :6
3496 4686 3641 4756 σπή-

2047 4771 2201 4825 λαιον
2233 4771 2408 4843 πέραν
2468 4770 2565 4826 :06
2611 4773 2908 4844 Ἰορδάνου,
2953 4774 3089 4830 ὀποῦ
3141 4775 3429 4847 ἐσὺχαξεν.
3459 4775 3638 4832 Αὑτοῦ

2051 4863 2286 4933 ἡρπάγη
2327 4865 2425 4917 καὶ
2475 4865 2504 4917 6
2539 4862 2728 4928 Ἠλίας
2777 4866 2836 4919 ἐν
2866 4866 3078 4938 ἅρματι
3128 4867 3327 4940 πυρός.
3357 4868 3583 4940 Ἀπέχει
3610 4871 3640 4923 6

2048 4955 2327 5027 Ἰορδάνης
2377 4954 2628 5024 ποταμὸς
2681 4956 2792 5011 ἀπὸ
2821 4958 2922 5029 τὴν
2961 4958 3327 5032 Ἰερουσαλὴμ
3370 4962 3529 5032 μίλια
3568 4962 3637 5018 λ’.

2059 5048 2123 5102 Ἦ
2155 5047 2213 5101 δὲ
2256 5047 2434 5117 πέραν
2489 5047 2584 5102 :06
2608 5048 2880 5121 Ἰορδάνου
2906 5051 3024 5106 έναι
3053 5053 3154 5124 ὅρη
3190 5054 3260 5108 τὰ
3285 5053 3489 5126 ὑψηλά.
3518 5054 3632 5108 Καὶ

2045 5138 2243 5193 άπάνω
2269 5139 2350 5202 είς
2387 5139 2457 5194 τὰ
2483 5140 2584 5212 ὅρη
2618 5141 2688 5195 τὰ
2719 5142 2907 5214 ὑψηλά
2951 5139 3122 5217 ἦλθεν
3153 5149 3180 5201 6
3233 5147 3504 5218 Μωῦσῆς,
3540 5132 3663 5216 καὶξ

2044 5225 2418 5296 ἐπροσεύχετο
2451 5229 2535 5292 είς
2572 5228 2940 5301 Ἰερουσαλήμ
2967 5248 2983 5264 ·
3013 5233 3110 5286 καὶ
3132 5231 3302 5286 αὐτοῦ
3333 5232 3452 5287 έναι
3483 5235 3512 5286 6
3537 5234 3637 5289 τά·
3658 5223 3700 5303 '\

2051 5335 2150 5388 φος
2189 5335 2307 5374 του.
2342 5320 2406 5372 Ei
2431 5320 2489 5375 δὲ
2540 5322 2683 5386 μέσα
2721 5325 2801 5386 είς
2829 5323 2930 5394 τὴν
2960 5324 3240 5396 ἐσωτέραν
3266 5323 3480 5397 ἔρημον
3515 5325 3635 5378 έναι

2051 5413 2080 5465 6
2099 5409 2272 5480 τάφος
2303 5413 2404 5482 τῆς
2431 5411 2587 5474 ὁσίας
2620 5413 2842 5483 Μαρίας
2868 5414 2969 5484 τῆς
3002 5416 3333 5482 Αἰγυπτίας,
3361 5416 3495 5469 ὀποῦ
3534 5415 3636 5486 τὴν

2052 5495 2220 5572 ηὗρεν
2264 5503 2292 5555 6
2342 5502 2519 5565 άϐϐἄς
2573 5504 2854 5573 Ζωσιμᾶς,
2915 5508 3009 5557 καὶ
3063 5505 3236 5576 έοαψέ
3272 5523 3396 5575 την,
3463 5505 3559 5558 xal.
3599 5506 3663 5575 ή-

2051 5595 2176 5649 δσία
2214 5593 2446 5664 ἐποίησε
2490 5595 2716 5664 χρόνους
2745 5596 2848 5666 μζ.
2881 5597 3108 5669 ’Λπέχει
3155 5600 3260 5653 άπὸ
3298 5599 3398 5670 τὴν
3437 5601 3638 5666 Ἰερου-

2055 5684 2238 5756 σαλὴμ
2268 5683 2492 5756 ἡμερῶν
2522 5684 2722 5757 δρόμον
2755 5685 2828 5758 η’.
