4042 6442
396 379 503 446 989

1673 382 1771 453 DE
1806 394 2024 459 LOCIS
2060 400 2401 466 SANCTIS.

3551 416 3663 479 990

465 496 544 550 ιδ’.
587 496 656 550 Ἡ
702 498 760 553 δὲ
792 497 945 566 δεξιὰ
974 497 1068 554 τοῦ
1100 498 1373 572 Ἰορδάνου
1428 495 1578 585 εἶναι
1628 501 1701 557 τὰ
1744 505 1969 576 Σόδομα¹

2157 514 2246 569 14.
2284 515 2542 571 Dextrum
2600 513 2856 574 Jordanis
2887 518 3033 575 latus
3070 530 3340 591 occupant
3394 520 3656 591 Sodoma,

392 589 488 642 καὶ
509 588 579 642 τὰ
613 589 892 662 Γόμορρα,
924 592 1019 645 καὶ
1056 594 1090 662 ἡ
1127 592 1323 666 Νεκρὰ
1363 573 1636 659 Galae-aa,
1694 594 1791 648 καὶ
1825 597 1854 650 6
1879 573 1975 650 t6;

390 701 495 745 πος
547 682 645 737 toﬁ
705 682 856 750 Λὼτ,
905 685 1004 738 καὶ
1058 684 1226 738 αὑτοῦ
1281 684 1425 755 μέσα
1454 681 1665 759 εῖναιή
1717 687 1966 751 κόλασις.

402 774 629 847 Ἀπέχει
657 776 766 830 ἁπὺ
798 775 897 847 τὴν
949 776 1312 848 Ἰερουσαλὴμ
1344 778 1466 848 μίλ.
1518 780 1585 833 λ’.
1624 780 1803 834 Αὑτοῦ
1853 781 1972 835 έναι

387 867 450 920 τὸ
483 868 853 938 μοναστήριον
881 868 977 921 toﬁ
1004 869 1163 936 ἁγίου
1188 871 1523 941 Γερασίμου,
1552 870 1690 926 ὀποῦ
1719 872 1970 926 ἐδούλευε

358 957 500 1010 -τῶν
518 959 711 1028 ἁγίων.
743 958 856 1012 Kal
883 959 1097 1015 ἄνωθεν
1128 962 1267 1032 πρὸς
1309 964 1408 1031 τὴν
1444 963 1804 1036 Ἰερουσαλὴμ
1832 967 1973 1036 μέσα

386 1050 471 1110 εἰς
502 1048 572 1102 τὰ
630 1047 728 1119 ὅρη
782 1048 901 1102 έναι
955 1049 1199 1120 ἡλαύρα
1250 1050 1346 1104 toﬁ
1382 1051 1543 1119 ἁγίου
1580 1052 1749 1107 Σάὁα.
1792 1053 1970 1108 Αὐτοῦ

387 1137 509 1190 έναι
542 1140 635 1193 καὶ
665 1141 693 1193 6
728 1142 901 1209 τάφος
928 1157 1051 1196 του.
1086 1144 1199 1197 Kal
1237 1143 1298 1196 τὸ
1331 1147 1703 1216 μοναστήριον
1739 1146 1859 1201 έναι
1890 1149 1971 1212 εἰς

385 1231 554 1285 τόπον
588 1234 933 1305 χειμάρρων.
971 1237 1083 1291 Kal
1131 1237 1394 1292 ἀποκάτω
1447 1236 1543 1291 τοῦ
1597 1241 1969 1312 μοναστηρίου

385 1321 509 1377 έναι
536 1326 569 1394 ἡ
606 1325 757 1395 πηγὴ
788 1326 926 1380 ὀποῦ
956 1330 1056 1399 τὴν
1113 1326 1346 1396 εὕγαλεν
1378 1330 1407 1382 6
1435 1329 1591 1396 ἅγιος
1621 1330 1710 1385 διὰ
1734 1347 1970 1402 προσευ-

384 1415 512 1484 χήν.
549 1416 657 1469 Kal
685 1417 713 1468 6
738 1418 866 1481 ναὸς
897 1418 1016 1473 έναι
1051 1418 1118 1490 μὲ
1142 1420 1432 1492 τρούλλην,
1474 1421 1595 1477 έναι
1618 1424 1714 1477 καὶ
1751 1423 1974 1495 ζωγρα-

387 1510 628 1580 φισμένη
674 1529 742 1581 με
789 1514 850 1565 τὸ
880 1513 1143 1585 λαζούρη.
1185 1515 1363 1569 Αὑτοῦ
1395 1516 1516 1571 έναι
1544 1519 1641 1571 καὶ
1682 1518 1743 1573 τὺ
1773 1519 1970 1590 κελλὴν

383 1600 483 1654 τοῦ
515 1602 672 1669 ἁγίου
705 1601 956 1658 Ἰωάννου
989 1604 1084 1658 τοῦ
1108 1606 1500 1677 Δαμασκηνοῦ.
1527 1608 1704 1663 Aﬁtoﬁ
1726 1610 1968 1681 ἔγραψεν

380 1691 467 1756 τὸ,
505 1693 709 1758 Ἀξιόν
742 1694 916 1748 ἐστιν
956 1695 1037 1763 ὡς
1069 1696 1333 1765 ἀληθῶς,
1374 1700 1581 1764 ὁμοίως
1608 1702 1705 1755 καὶ
1748 1702 1849 1773 τὴν
1881 1703 1969 1756 ’0-

382 1787 659 1858 κτὼηχον.
697 1785 826 1860 Εἶχε
890 1792 986 1844 καὶ
1011 1791 1104 1845 τὸν
1131 1790 1326 1862 καιρὸν
1356 1792 1453 1846 toﬁ
1486 1793 1642 1861 ἁγίου
1676 1794 1826 1850 Σάὸα
1863 1814 1965 1851 κα-

382 1879 650 1952 λογήρους
688 1882 894 1951 χιλίους
919 1883 1054 1937 δέκα
1084 1884 1411 1954 τεσσὰρους.
1456 1883 1684 1956 Ἀπέχει
1718 1887 1828 1941 ἀπὸ
1856 1889 1957 1959 τὴν

394 1973 756 2044 Ἰερουσαλὴμ
787 1976 901 2046 μίλ.
936 1977 1020 2047 ιβ’.
1066 1977 1491 2042 Ἀναὸαίνοντας
1520 1980 1599 2043 είς
1628 1980 1729 2052 τὴν
1764 1982 1967 2052 Ἰερου-

386 2065 571 2136 σαλὴμ
613 2067 808 2121 ἁπάνω
865 2068 946 2132 είς
997 2067 1127 2140 ὅρος
1176 2067 1295 2124 έναι
1348 2070 1410 2124 t6
1465 2073 1837 2143 μοναστήριον
1869 2074 1970 2127 τοῦ

386 2156 546 2223 ἁγίου
578 2158 877 2212 Θεωδοσίου
908 2157 1002 2213 τοῦ
1047 2159 1450 2231 κοινοϐιάρχου.
1477 2161 1701 2233 ’Λπέχει
1736 2162 1846 2216 ἀπὸ
1869 2165 1968 2232 τὴν

395 2246 751 2320 Ἰερουσαλὴμ
798 2251 953 2321 μιλία
988 2249 1061 2323 η’.
1107 2252 1219 2306 Kal
1258 2252 1485 2315 amem
1506 2254 1675 2308 αὑτοῦ
1721 2253 1839 2308 έναι
1893 2256 1957 2310 t6

388 2341 752 2413 μοναστήριον
778 2344 872 2397 toﬁ
907 2344 1064 2412 ἁγίου
1115 2346 1398 2416 προφήτου
1434 2345 1648 2413 Ἠλιοῦ,
1690 2348 1785 2400 καὶ
1826 2342 1967 2404 εῖναι

387 2431 529 2500 μέσα
563 2435 645 2496 εἰς
678 2433 779 2503 τὴν
818 2433 936 2487 ὁδὸν
969 2434 1107 2487 ὀποῦ
1151 2434 1379 2502 παγένει
1419 2436 1501 2499 εἰς
1548 2434 1647 2507 τὴν
1694 2434 1972 2508 Βηθλεέμ.

385 2524 492 2576 Kal
527 2524 643 2579 έναι
672 2528 700 2578 6
727 2525 852 2588 ναὸς
903 2524 973 2596 μὲ
1004 2526 1295 2597 τρούλλαν.
1330 2526 1443 2580 Kal
1468 2527 1638 2581 αὑτοῦ
1668 2528 1970 2600 ἐκοιμήθη,

384 2616 480 2669 καὶ
506 2611 660 2669 εἶπεν
688 2618 716 2670 6
750 2615 1008 2685 ἁγγελος’
1052 2616 1336 2683 Ἀνάστα,
1365 2617 1538 2687 φάγε,
1574 2618 1663 2672 ὅτι
1689 2620 1891 2689 μακρὰ
1929 2621 1969 2690 ἡ

384 2707 527 2774 ὁδός
556 2725 696 2765 σου.
744 2708 856 2762 Kal
908 2707 1076 2762 aﬁtoﬁ
1102 2710 1183 2772 είς
1229 2710 1321 2762 τὸν
1350 2710 1659 2782 χείμαρρον
1714 2712 1912 2783 ἔφερεν
1942 2714 1971 2767 6

398 2798 595 2870 Ἰωσὴφ
636 2801 736 2870 τὴν
788 2800 1073 2867 Θεοτόκον,
1132 2800 1220 2854 ἵνα
1269 2800 1445 2875 λάθρα
1476 2802 1727 2876 ἀπολύσῃ
1773 2805 1965 2876 αὐτὴν.

2074 603 2399 672 Gomorrha,
2430 620 2581 661 mare
2614 618 2908 676 mortuum,
2940 621 2996 665 et
3029 611 3149 666 Loti
3184 614 3329 683 regio
3370 615 3509 669 inter
3532 634 3658 686 qua:

2074 690 2319 748 infernus
2348 694 2500 750 latet.
2564 694 2738 751 Distat
2767 697 2836 751 ab
2871 698 3004 751 urbe
3051 697 3349 754 Jerusalem
3409 701 3657 755 milliaria

2075 781 2329 863 triginta.
2347 783 2551 839 Ibidem
2599 795 2683 840 est
2721 788 3114 841 monasterium
3147 790 3318 843 sancti
3359 788 3659 856 Gerasimi,

2074 876 2167 946 qui
2220 876 2427 932 sanctis
2458 877 2822 934 ministrabat.
2858 878 3161 949 Supraque,
3197 896 3388 936 versus
3432 882 3657 936 Jerusa-

2076 968 2202 1032 lem,
2234 967 2376 1022 inter
2401 967 2589 1035 colles,
2631 975 2717 1023 est
2746 970 3135 1024 monasterium
3165 972 3339 1025 sancti
3380 971 3559 1039 εδοξε,
3598 979 3655 1027 ει

2073 1056 2219 1114 illius
2269 1060 2601 1129 sepulcrum.
2664 1059 3059 1115 Monasterium
3119 1062 3511 1116 exaediﬁcatum
3574 1073 3659 1117 est

2072 1160 2293 1220 propter
2328 1159 2649 1207 torrentem.
2684 1150 2797 1205 Sub
2844 1152 3178 1207 monasterio
3229 1152 3349 1207 fons
3401 1154 3656 1217 scaturit,

2071 1252 2230 1306 quem
2281 1237 2371 1293 ille
2402 1240 2652 1308 precibus
2686 1254 2714 1292 a
2758 1239 2871 1294 Deo
2916 1241 3325 1309 impetraverat.
3370 1240 3658 1310 Templum

2074 1328 2237 1382 trulla
2270 1330 2519 1399 erigitur,
2549 1344 2721 1399 eaque
2754 1332 2935 1386 colore
2966 1332 3194 1386 cteruleo
3224 1332 3449 1387 imbuta.
3484 1332 3668 1400 Prope-

2069 1427 2154 1474 est
2206 1420 2341 1475 cella
2384 1421 2559 1475 sancti
2622 1420 2848 1476 Joannis
2886 1419 3227 1486 Damasceni,
3266 1423 3318 1477 in
3370 1438 3473 1492 qua
3504 1438 3660 1479 com-

2068 1518 2251 1586 posuit
2278 1517 2620 1586 Troparium,
2648 1518 2881 1588 Dignum
2906 1528 2981 1573 est
3028 1534 3168 1585 vere,
3213 1526 3266 1573 et
3289 1517 3655 1574 Octoechum.

2068 1606 2254 1661 [Etate
2276 1610 2451 1662 sancti
2481 1606 2638 1662 Sabae
2674 1608 3020 1662 habitabatur
3052 1624 3083 1663 a
3110 1609 3397 1664 monachis
3424 1609 3570 1663 mille
3604 1616 3659 1663 et

2068 1696 2374 1752 duodecim.
2450 1696 2624 1752 Distat
2687 1697 2755 1751 ab
2829 1696 2962 1751 urbe

2067 1789 2499 1859 quatuordecim.
2550 1787 2755 1843 Versus
2801 1786 3130 1855 Jerusalem,
3171 1803 3335 1859 super
3389 1797 3657 1851 montem.

2076 1881 2470 1937 monasterium
2530 1882 2705 1937 sancti
2747 1866 3043 1936 Theodosii
3108 1880 3511 1937 ctenohiarclm
3566 1894 3663 1935 ex-

2074 1978 2336 2025 structum
2376 1979 2477 2026 est.
2546 1972 2718 2026 Distat
2758 1971 2829 2026 ab
2885 1972 3019 2026 urbe
3055 1969 3354 2026 Jerusalem
3409 1968 3671 2023 milliaria-

2076 2073 2229 2129 octo;
2280 2077 2558 2132 supraque
2618 2063 2787 2125 illud,
2854 2062 3244 2118 monasterium
3299 2060 3475 2116 sancti
3529 2058 3662 2135 Elia:

2075 2158 2389 2227 propheta;
2429 2159 2753 2228 adjacetque
2788 2159 2963 2213 media
2995 2159 3046 2213 in
3096 2160 3206 2223 via,
3245 2174 3346 2228 qua
3378 2158 3659 2212 Bethleem

2080 2251 2209 2305 itur.
2240 2250 2523 2321 Templum
2554 2252 2829 2305 trullatum
2862 2259 2960 2311 est,
2992 2250 3176 2320 ibique
3212 2265 3461 2305 somnum
3489 2248 3657 2317 cepit,

2073 2343 2162 2399 cui
2193 2343 2326 2397 dixit
2358 2343 2618 2411 angelus:
2649 2343 2836 2413 Surge,
2877 2343 3184 2408 manduca;
3216 2342 3372 2411 longa
3407 2343 3545 2394 enim
3581 2347 3662 2394 est

2081 2437 2167 2490 υἱα
2196 2435 2261 2489 ³⁵.
2291 2434 2429 2490 lnibi
2456 2436 2506 2489 in
2531 2444 2834 2489 torrentem
2868 2434 2989 2488 tulit
3021 2449 3205 2489 secum
3240 2433 3528 2502 Deiparam
3562 2429 3659 2484 Jo-

2074 2527 2298 2597 scphus,
2356 2538 2415 2582 ut
2462 2528 2602 2582 clam
2632 2528 2965 2589 dimitteret;
2998 2526 3084 2581 cui
3136 2524 3403 2580 accedens
3427 2523 3659 2591 angelus

2074 2616 2499 2686 dixitzloseph,
2554 2617 2634 2687 ﬁli
2689 2614 2878 2680 David,
2940 2632 3003 2669 ne
3048 2616 3283 2679 timeas;
3340 2614 3514 2681 accipe
3564 2612 3661 2665 tibi

2072 2730 2293 2769 uxorem
2336 2713 2601 2779 Mariam;
2624 2714 2762 2768 auod
2788 2713 2927 2767 enim
2954 2728 3019 2766 ex
3052 2727 3115 2765 ea
3150 2720 3416 2776 nascetur,
3447 2726 3510 2763 ex
3538 2706 3662 2777 Spi-

2030 2802 2042 2813 ’
2075 2807 2185 2860 ritu
2216 2815 2397 2860 sancto
2426 2815 2503 2860 est
2530 2804 2598 2859 ¹⁸.

386 2888 494 2941 Kal
543 2884 708 2960 ἦλθεν
757 2892 787 2944 6
844 2890 1098 2960 ἄγγελος,
1141 2890 1237 2944 καὶ
1293 2886 1488 2943 εἷπεν
1544 2891 1790 2962 Ἰωσὴφ,
1818 2896 1952 2963 υίὸς
1988 2896 2193 2963 Δαυὶδ,
2249 2896 2336 2967 μὴ
2404 2894 2707 2966 φοϐηθεὶς,
2737 2894 3331 2965 xapd1a6swra7xa
3375 2891 3493 2962 τὴν
3536 2894 3659 2947 Μα-

378 2981 519 3051 ρίαν
537 2996 672 3045 σου,
706 2982 773 3035 τὸ
798 2981 909 3052 γὰρ
937 2980 1007 3046 ἐξ
1029 2980 1220 3050 αὐτῆς
1248 2980 1563 3051 γεννηθὲν,
1590 2981 1659 3036 ἐκ
1687 2985 2038 3053 Πνεύματος
2056 2988 2228 3056 ἁγίου
2250 2988 2447 3041 ἐστίν.
2971 3011 2978 3016 ·

458 3083 540 3130 ιε’.
580 3077 708 3130 Ἀπ’
744 3075 912 3129 αὐτοῦ
977 3076 1279 3146 ἐρχομένου
1332 3075 1415 3138 είς
1469 3075 1568 3147 τὴν
1618 3077 1781 3145 ἁγίαν
1811 3078 1970 3131 πόλιν

385 3167 646 3238 Βεθλεὲμ,
682 3168 824 3237 μέσα
852 3168 931 3231 είς
958 3166 1058 3238 τὴν
1102 3166 1246 3232 ὁδὸν,
1286 3165 1407 3220 έναι
1456 3167 1517 3219 τὸ
1556 3169 1825 3236 μνημεῖον
1870 3169 1968 3237 τῆς

394 3258 594 3329 Ῥαχὴλ
626 3259 693 3329 μὲ
734 3258 1076 3330 κουϐούκλην
1119 3258 1397 3331 πέτρινον.
1448 3259 1558 3312 Kal
1613 3256 1782 3311 αὑτοῦ
1830 3258 1969 3328 σιμὰ

384 3352 565 3422 έναιὴ
600 3350 731 3420 ἁγία
780 3350 1053 3422 Βηθλεὲμ,
1110 3350 1246 3403 ὀποῦ
1299 3350 1568 3421 ἐγεννήθη
1625 3351 1653 3403 6
1704 3349 1965 3421 Χριστός.

2159 3082 2246 3135 l5.
2276 3082 2405 3135 lude
2434 3080 2746 3150 procedenti
2796 3079 2851 3133 in
2890 3087 3131 3134 sanctam
3159 3076 3456 3142 Bethleem,
3488 3076 3541 3130 in
3572 3077 3658 3131 via

2078 3188 2198 3228 sese
2231 3173 2393 3226 olTert
2440 3180 2850 3225 monumentum
2902 3168 3179 3232 Rachelis,
3212 3183 3333 3222 cum
3365 3182 3530 3221 saxeo
3559 3181 3659 3220 cu-

2077 3264 2276 3319 biculo.
2319 3264 2602 3333 Propeque
2636 3270 2719 3317 est
2753 3270 2940 3315 sancta
2976 3258 3281 3324 Bethleem,
3327 3258 3381 3311 in
3413 3272 3520 3327 qua
3555 3272 3657 3310 na-

2080 3366 2167 3412 tus
2217 3367 2301 3411 est
2347 3355 2622 3411 Christus.
2660 3353 2943 3423 Templum
2977 3361 3058 3408 est
3091 3350 3443 3420 prmlougum,
3507 3358 3659 3402 stru-

387 3445 545 3497 Ἔναι
598 3446 627 3498 6
675 3443 800 3505 ναὸς
854 3443 953 3514 τῆς
1002 3443 1168 3511 ἁγίας
1220 3441 1476 3512 Βηθλεὲμ
1550 3442 1759 3513 μακρὶς
1825 3442 1965 3510 μετὰ

2075 3459 2229 3504 ctura
2260 3448 2460 3517 lignea,
2492 3447 2718 3517 plumbo
2767 3454 2934 3511 tecta,
2961 3450 3013 3498 et
3043 3443 3256 3498 musivo
3304 3456 3470 3495 aureo
3512 3439 3658 3493 colo-

387 3535 590 3604 σκευῆς
635 3535 877 3605 ξυλίνης,
910 3536 1006 3588 καὶ
1068 3533 1432 3604 σκεπασμὲνη
1488 3533 1629 3602 μετὰ
1674 3531 1966 3603 μολύϐδου,

386 3627 484 3680 καὶ
533 3626 649 3679 έναι
693 3626 1053 3698 ἱστορισμένη
1101 3625 1244 3696 μετὰ
1311 3625 1522 3693 μωσίου
1576 3625 1804 3696 χρυσοῦ.
1858 3625 1968 3677 Kal

394 3719 537 3788 μέσα
567 3719 647 3781 εις
678 3718 770 3772 τὸν
803 3718 931 3771 ναὸν
969 3716 1085 3787 ἔχει
1123 3716 1371 3780 κολόναις
1412 3713 1477 3770 ν’.
1520 3716 1631 3769 Kal
1670 3715 1732 3769 τὸ
1769 3714 1969 3783 ἔδαφος

380 3812 482 3864 toﬁ
510 3811 637 3864 ναοῦ
668 3810 1068 3882 μαρμαρέἳνον.
1110 3809 1223 3863 Kal
1255 3810 1337 3873 είς
1396 3808 1464 3861 τὰ
1492 3808 1645 3874 δεξιὰ
1700 3807 1842 3878 μέρη
1870 3807 1969 3860 toﬁ

388 3905 521 3957 ναοῦ
556 3902 667 3972 έχει
701 3902 1083 3974 βαπτιστῆραν
1133 3899 1420 3972 πορφυρὴν
1455 3899 1810 3970 ὡραιότατον.
1860 3898 1970 3952 Kal

389 3995 656 4066 ἀριστερᾶ
702 3993 796 4046 toﬁ
832 3992 1076 4063 βήματος
1130 3994 1455 4048 καταϐαίνει
1485 3993 1684 4046 σκαλία
1735 3992 1821 4047 ιδ’.
1856 3993 1971 4048 Kal

387 4087 668 4157 εὑρίσκεις
708 4086 974 4156 σπήλαιον
1019 4084 1155 4138 ὀποῦ
1210 4085 1481 4156 ἐγεννήθη
1529 4086 1558 4137 ὁ
1592 4086 1854 4155 Χριστός,
1904 4084 1968 4140 Ἥ

392 4178 653 4248 Γέυνησις
691 4176 806 4232 έναι
831 4177 1131 4231 ἀνατολικὰ
1165 4179 1260 4230 καὶ
1295 4181 1375 4237 είς
1415 4177 1485 4231 τὰ
1510 4177 1663 4244 δεξιὰ
1700 4177 1843 4247 μέρη
1871 4175 1969 4229 toﬁ

390 4272 659 4340 σπηλαίου
701 4269 817 4325 έναι
852 4273 879 4325 6
908 4273 1072 4335 τόπος
1103 4271 1241 4324 ὀποῦ
1276 4270 1482 4341 έχωσεν
1533 4272 1566 4341 ἡ
1633 4270 1875 4340 Σαλώμη
1909 4270 1971 4323 τὸ

387 4364 545 4433 νερδν
581 4364 719 4417 ὀποῦ
760 4362 952 4416 έλουσε
997 4364 1090 4417 τὸν
1148 4365 1424 4435 Χριστόν*
1457 4363 1555 4417 καὶ
1606 4361 1761 4433 έγίνη
1796 4361 1974 4433 μύρον

392 4452 760 4522 ἀλάϐαστρον.
798 4452 1020 4507 Ἐτοῦτο
1045 4452 1108 4505 t6
1144 4452 1318 4524 μύρον
1348 4452 1468 4505 ἔναι
1517 4450 1658 4506 ὀποῦ
1698 4450 1913 4521 έλειψεν
1937 4450 1973 4521 ἡ

393 4546 570 4615 πόρνη
624 4546 718 4598 τὸν
770 4546 978 4617 Κύριον
1027 4548 1094 4617 τῇ
1148 4546 1283 4619 ἁγίᾳ
1333 4545 1429 4601 καὶ
1485 4545 1699 4617 μεγάλῃ
1734 4545 1974 4618 τετράδι.

398 4638 551 4707 Ἔχει
572 4637 869 4708 κανδήλαις
891 4638 923 4692 ι’
946 4655 961 4669 ο
991 4640 1093 4694 καὶ
1119 4638 1240 4696 ὅλον
1269 4638 1332 4694 τὸ
1371 4638 1646 4710 σπήλαιον
1669 4636 1790 4694 έναι
1812 4637 1973 4694 ἐνδυ-

401 4731 583 4800 μένον.
621 4729 820 4801 Ἀμήν.

476 4883 520 4916 ³⁸
564 4882 631 4941 lll
661 4883 794 4957 Reg.
824 4902 937 4955 ut,
964 4887 1019 4943 ’7.
1101 4887 1146 4921 ¹⁸
1180 4886 1375 4946 Matth.
1404 4901 1445 4954 ι,
1480 4884 1573 4942 20.

2072 3547 2212 3594 rata.
2264 3537 2321 3592 In
2355 3537 2553 3607 templo
2583 3546 2707 3591 sunt
2739 3534 3007 3589 columnae
3035 3529 3465 3602 quinquaginta;
3497 3527 3653 3598 pavi.

2074 3639 2315 3683 mentum
2371 3643 2437 3682 ex
2505 3641 2795 3682 marmore.
2874 3626 2928 3679 ln
2987 3633 3142 3693 parte
3207 3624 3396 3676 dextra
3469 3619 3655 3688 templi

2072 3720 2794 3789 conspiciturbaptisterium
2818 3717 3184 3787 porphyreum
3207 3712 3663 3784 pulcherrimum.

2072 3812 2118 3865 Α
2148 3811 2367 3866 sinistra
2397 3809 2631 3865 bematis
2663 3807 3012 3862 descenditur
3040 3820 3136 3874 per
3164 3802 3368 3871 gradus
3391 3811 3657 3871 quatuor-

2072 3902 2245 3957 decim
2275 3903 2328 3955 in
2351 3900 2691 3971 speluncam,
2727 3899 2779 3951 in
2804 3912 2909 3966 qua
2930 3904 3087 3951 natus
3112 3902 3194 3949 est
3215 3889 3673 3960 Christus.;Nati--

2073 3992 2215 4049 vitas
2234 3992 2501 4049 orientem
2529 3990 2749 4060 respicit
2779 3997 2870 4043 :et
2897 3987 2951 4041 in
2990 3987 3178 4041 dextra
3211 3990 3366 4052 parte
3384 3982 3672 4050 spelunca:

2074 4087 2225 4140 locus
2258 4094 2363 4150 est,
2399 4084 2454 4137 in
2483 4097 2590 4152 quo
2613 4080 2831 4135 Salome
2863 4092 3082 4147 aquam,
3109 4090 3215 4146 qua
3253 4076 3462 4128 laverat
3492 4071 3656 4125 Chri-

2075 4186 2240 4243 stum,
2302 4174 2620 4241 abscondit;
2672 4185 2793 4241 ηοω
2853 4168 3000 4224 facta
3054 4176 3139 4223 est
3188 4171 3546 4235 unguentum,
3598 4162 3668 4214 in.

2075 4268 2368 4325 alabastris
2426 4265 2613 4335 reponi
2667 4262 2911 4319 solitum.
2967 4259 3027 4315 ld
3064 4257 3324 4328 unguenti
3371 4263 3481 4320 est,
3543 4267 3669 4322 quo.

2076 4360 2359 4427 meretrix,
2390 4367 2576 4413 sancta
2604 4368 2802 4425 magna
2849 4351 2985 4408 feria
3015 4358 3231 4422 quarta,
3270 4346 3431 4402 unxit
3468 4343 3659 4398 Domi-

2077 4465 2229 4506 num.
2283 4446 2525 4505 Pendcnt
2556 4442 2834 4516 lampades
2859 4441 3084 4507 decem;
3116 4448 3171 4494 et
3220 4436 3473 4509 spelunca
3506 4447 3665 4503 qua-

2077 4555 2410 4614 quaversum
2433 4536 2844 4598 circumvestita
2874 4545 2980 4594 est.
3005 4534 3205 4589 Amen.

3026 1696 3325 1752 Jerusalem
3411 1697 3659 1752 milliaria
3712 1720 3734 1734 ε
