4042 6408
368 354 470 420 991

1055 518 1144 526 _-
1157 519 1746 528 -ο--αο--ν-Ψ-ς-
1755 519 1874 526 -..ο-

1791 355 2209 421 EUGESIPPI

3517 359 3629 425 992

1604 634 1896 697 INCIPIT
1931 633 2412 697 TRACTA'I‘US

1954 801 2035 842 DE

770 945 1456 1038 DISTANTIIS
1528 943 2107 1038 LOCOBUM
2183 947 2614 1038 ΤΕΒΒᾹΞ
2687 945 3237 1077 SANC'I‘IE,

1706 1139 1882 1192 QUEM
1917 1139 2180 1184 COMPILA
2194 1143 2223 1182 ν
2235 1141 2294 1184 IT

1397 1297 2549 1414 EUGESIPPUS.
2576 1287 2607 1321 ⁸

467 1625 758 1684 Vel-tamus
789 1627 873 1684 eia
907 1625 1102 1699 stylum
1143 1636 1405 1691 nostrum,
1435 1636 1710 1682 sumentes
1743 1628 1951 1680 initium
1983 1633 2030 1689 Α
2063 1643 2189 1682 vere
2231 1637 2528 1692 mortuum,
2576 1627 2702 1696 quia
2737 1626 2868 1681 nihil
2900 1628 3082 1683 vivum
3131 1625 3364 1696 recipit:
3399 1633 3454 1682 et
3489 1643 3641 1681 mare

377 1735 410 1776 a
452 1720 726 1786 Chebron,
770 1733 888 1787 quae
938 1727 996 1775 et
1054 1718 1297 1774 llebron.
1342 1718 1558 1773 llebron
1593 1718 1719 1772 olim
1761 1718 1957 1774 .Vletro-

378 1810 519 1880 polis
569 1808 1002 1875 Philistinorum,
1037 1817 1092 1863 et
1126 1806 1488 1862 habitaculum
1550 1807 1849 1876 gigantum,
1905 1808 1957 1862 in

379 1903 524 1957 tribu
557 1901 690 1956 Juda
728 1901 922 1956 civitas
955 1897 1323 1963 sacerdotalis,
1348 1909 1402 1952 et
1450 1898 1813 1966 fugitivorum.
1858 1897 1961 1950 lle-

376 1995 514 2049 bron
553 1995 655 2050 sita
687 1993 789 2047 fuit
839 1993 892 2048 iit
927 2006 1056 2063 agro
1110 1991 1221 2056 illo,
1257 1992 1310 2044 in
1339 2006 1446 2060 quo
1481 2005 1725 2044 summus
1778 1990 1959 2060 dispo-

377 2081 513 2142 sitor
570 2097 775 2156 patrem
830 2095 1071 2139 nostrum
1127 2083 1414 2152 plasmavit
1445 2082 1660 2145 Adam,
1692 2091 1745 2136 et
1797 2083 1961 2152 inspi-

377 2179 543 2235 ravit.
562 2175 1177 2242 Hebron,Cariatharbe
1193 2175 1391 2230 dicitur
1421 2191 1436 2240 ;
1463 2177 1605 2244 quod
1642 2177 1964 2230 Saracenice

377 2277 560 2334 sonat,
608 2266 816 2323 Civitas
849 2275 1123 2337 quatuor;
1159 2279 1225 2319 eo
1261 2265 1403 2333 quod
1436 2275 1670 2333 quatuor
1701 2264 1768 2318 ibi
1806 2279 1961 2319 reve-

377 2359 532 2412 rendi
574 2355 762 2412 Patres
811 2356 863 2410 in
894 2355 1148 2423 spelunca
1197 2354 1399 2425 duplici
1445 2355 1740 2424 consepulti
1789 2353 1962 2419 fuere,

377 2464 622 2504 summus
649 2447 860 2503 scilicet
912 2447 1106 2513 Adam,
1141 2447 1438 2512 Abraham,
1481 2445 1652 2514 Isaac,
1680 2455 1733 2502 et
1757 2445 1960 2513 Jacob;

379 2546 435 2592 et
461 2551 650 2591 eorum
680 2551 878 2590 uxores
915 2545 1174 2604 quatuor,
1212 2535 1444 2599 scilicet,
1495 2534 1630 2600 Eva,
1664 2546 1836 2590 mater
1866 2553 1964 2594 tio-.-

380 2639 518 2694 stra,
573 2629 730 2692 Sara,
761 2627 1028 2692 Rebecca,
1060 2626 1177 2681 Lia.
1220 2626 1312 2681 Est
1352 2636 1533 2682 autem
1568 2627 1786 2684 llebron
1815 2628 1967 2697 juxta

381 2723 594 2778 Vallem
637 2722 1000 2792 laerytnarum
1059 2721 1185 2777 sila.
1243 2719 1415 2775 Vallis
1499 2720 1858 2791 lacrymarum
1884 2731 1968 2779 est

382 2815 553 2880 dicta,
607 2829 672 2868 eo
715 2813 864 2884 quod
910 2821 1129 2867 centum
1193 2811 1350 2868 annis
1383 2812 1435 2866 in
1491 2826 1553 2866 ea
1610 2812 1746 2866 luxit
1796 2811 1966 2868 Adam

383 2905 555 2960 filium
600 2920 756 2961 suum
789 2904 966 2960 Abel:
1021 2903 1076 2958 in
1134 2917 1241 2973 qua
1283 2912 1338 2958 et
1367 2903 1604 2960 monitus
1659 2912 1844 2974 postea
1899 2905 1969 2961 ab

382 2998 614 3072 Angelo,
677 2999 930 3071 cognovit
972 3012 1124 3052 suam
1184 3011 1453 3062 uxorem;
1506 3013 1569 3052 ex
1629 3013 1733 3066 qua
1781 2997 1969 3068 genuit

383 3091 553 3146 filium
607 3105 764 3146 suum
815 3089 988 3155 Seth;
1046 3089 1114 3144 de
1172 3088 1328 3158 cujus
1363 3089 1502 3143 tribu
1553 3098 1672 3144 erat
1721 3089 1969 3144 Christus

383 3181 669 3238 oriundus.
698 3180 812 3236 Duo
847 3179 1097 3235 milliaria
1129 3181 1196 3234 ab
1229 3178 1470 3245 llebron,
1501 3177 1774 3250 sepultura
1807 3179 1964 3245 Loth,

384 3275 598 3345 nepotis
635 3274 890 3330 Abrahae.
936 3275 992 3328 In
1036 3273 1252 3328 llebron
1285 3273 1514 3329 habetur
1572 3271 1792 3341 quidam
1838 3286 1971 3340 ager

385 3369 545 3438 cujus
597 3367 750 3437 gleba
805 3367 975 3422 rubea
1002 3375 1124 3424 est:
1177 3381 1298 3435 quae
1334 3367 1400 3420 ab
1438 3366 1633 3420 incolis
1689 3364 1966 3430 effoditur,

385 3470 444 3516 et
479 3474 576 3531 per
613 3458 905 3532 IEgyptum
945 3459 1152 3515 venalis
1203 3469 1532 3528 aSportatur,
1585 3470 1658 3525 et,
1691 3461 1843 3530 quasi
1873 3475 1969 3531 pro

387 3554 591 3623 specie,
631 3551 911 3607 carissime
959 3551 1177 3606 eruitur.
1207 3549 1504 3604 Prtedietus
1530 3564 1678 3619 ager,
1714 3552 1767 3604 in
1799 3567 1971 3620 quan-

389 3653 504 3698 tum
539 3641 649 3699 late
681 3653 736 3698 et
784 3642 1052 3712 profunde
1111 3642 1342 3696 effossus
1378 3641 1562 3707 fuerit,
1625 3642 1681 3696 in
1758 3650 1969 3697 tantum

389 3735 574 3791 divina
620 3735 976 3804 dispositione
1033 3735 1085 3788 in
1135 3749 1274 3788 anno
1304 3734 1510 3804 [futuro
1576 3733 1970 3805 redintegratus

394 3827 687 3898 reperitur.
711 3827 873 3882 Juxta
908 3826 1122 3882 llebron
1176 3843 1331 3883 mons
1363 3827 1605 3882 Mambre
1629 3829 1697 3882 ad
1730 3828 1969 3883 radicem

397 3920 554 3991 cujus
611 3920 974 3978 Terebinthus
1003 3921 1117 3984 illa,
1178 3935 1298 3990 qum
1351 3921 1440 3975 diu
1489 3929 1730 3987 vocatur,
1763 3920 1815 3976 id
1867 3929 1970 3988 est,

395 4011 525 4078 ilex,
574 4021 666 4068 aut
698 4029 950 4083 quercus.
987 4013 1155 4068 Seeus
1184 4027 1343 4081 quam
1376 4026 1472 4082 per
1499 4013 1724 4066 multum
1768 4024 1973 4080 tempo-

392 4101 473 4156 ris
503 4102 738 4173 spatium
809 4106 1006 4159 mansit
1054 4103 1332 4158 Abraham
1379 4121 1394 4159 :
1452 4103 1554 4159 sub
1601 4120 1704 4173 qua
1755 4106 1971 4174 quidem

391 4201 506 4250 tres
556 4196 776 4265 angelos
840 4198 992 4263 vidit,
1015 4205 1072 4252 et
1113 4212 1277 4269 unum
1321 4197 1604 4264 adoravit;
1636 4198 1974 4268 hospitioque

2062 1719 2262 1775 diaboli
2311 1721 2532 1787 dicitur,
2575 1736 2639 1775 eo
2693 1721 2860 1790 quod,
2901 1722 3156 1775 instinctu
3212 1721 3353 1790 ejus,
3403 1731 3639 1790 quatuor

2063 1810 2165 1865 illa:
2218 1811 2468 1867 civitates
2504 1812 2842 1876 miscrrimm,
2880 1811 3137 1879 Sodoma,
3173 1813 3496 1874 Gomorrha,
3543 1811 3642 1866 Se-

2064 1900 2214 1966 boin,
2267 1901 2499 1970 Adama,
2541 1916 2964 1973 perseverantes
3019 1904 3072 1956 in
3133 1905 3470 1973 turpitudine
3519 1919 3643 1966 sua,

2063 1994 2187 2065 igne
2233 1995 2529 2059 sulphureo
2572 2005 2958 2061 concretnatre,
3005 1995 3058 2049 in
3104 1995 3280 2051 lacum
3313 1997 3460 2050 illum
3510 1999 3644 2049 sub-

2067 2102 2263 2142 mersa?
2312 2099 2462 2142 sunt.
2513 2088 2693 2158 Supra
2744 2089 2918 2142 lacum
2978 2091 3030 2142 iu
3067 2090 3374 2144 accubitum
3423 2087 3644 2151 Juda'ar,

2067 2179 2261 2251 Segor,
2317 2195 2437 2250 qua
2471 2189 2526 2236 et
2578 2179 2729 2246 Bala,
2792 2181 2982 2251 quinta
3032 2182 3099 2235 de
3155 2181 3463 2235 civitatibus
3519 2182 3645 2245 illis,

2064 2273 2318 2342 precibus
2348 2272 2452 2328 Lot
2484 2276 2550 2328 de
2579 2273 2936 2328 subversione
2977 2282 3030 2328 et
3062 2275 3312 2328 incendio
3337 2287 3607 2328 reservata
3633 2291 3647 2336 ;

2067 2380 2187 2434 quae
2227 2381 2397 2435 usque
2451 2381 2598 2421 nunc
2625 2366 2954 2421 ostenditur.
2991 2366 3048 2420 ln
3083 2367 3231 2421 exitu
3274 2367 3467 2435 Segor,
3513 2382 3651 2421 uxor

2069 2458 2191 2524 Lot,
2253 2459 2386 2516 salis
2437 2459 2490 2514 in
2550 2459 2784 2530 effigiem
2840 2467 3045 2514 mutata
3075 2459 3224 2516 fuit:
3271 2461 3427 2528 cujus
3477 2459 3652 2514 adhuc

2071 2561 2338 2621 apparent
2368 2550 2592 2621 vestigia
2627 2565 2794 2621 supra
2826 2551 3000 2620 ripam
3031 2551 3276 2622 prmdieti
3303 2551 3488 2606 maris.
3518 2551 3655 2605 Mul-

2072 2649 2184 2695 tum
2217 2650 2300 2697 est
2340 2641 2616 2707 aluminis,
2675 2643 3019 2713 multumque
3068 2643 3375 2707 cataranni,
3407 2643 3548 2712 quod
3585 2643 3655 2696 ab

2073 2733 2270 2790 incolis
2321 2733 2599 2804 reperitur
2628 2742 2684 2790 et
2731 2734 2958 2805 legitur;
3006 2743 3062 2791 et
3099 2750 3164 2790 ex
3219 2737 3354 2789 mari
3411 2735 3656 2789 bitumen

2072 2825 2351 2893 reperitur
2381 2834 2436 2880 et
2464 2825 2792 2890 extrahitur,
2827 2828 2974 2894 quod
2999 2824 3222 2881 Judaice
3263 2826 3561 2898 appellatur
3599 2828 3656 2880 in

2071 2918 2258 2972 multis
2290 2917 2681 2972 necessarium.
2716 2918 2888 2989 Segor
2923 2928 3102 2974 autem
3138 2919 3320 2984 modo,
3358 2933 3388 2972 a
3427 2933 3660 2988 compa-

2077 3009 2278 3077 triotis,
2313 3009 2570 3080 oppidum
2604 3009 2796 3078 palum
2836 3018 3081 3064 voratur.
3124 3008 3295 3076 Supra
3352 3009 3525 3065 lacum
3553 3010 3656 3064 As-

2071 3103 2334 3173 phaltiteu
2393 3103 2445 3156 in
2495 3101 2760 3156 descensu
2807 3101 3044 3169 Arabize,
3097 3101 3370 3156 Carnautn
3430 3103 3483 3155 in
3534 3117 3658 3171 spe-

2071 3193 2252 3256 lunca,
2303 3193 2355 3246 in
2419 3200 2600 3245 monte
2659 3191 3062 3257 Moabitarum;
3126 3192 3176 3244 in
3226 3207 3383 3261 quem
3435 3191 3660 3258 Balat-h,

2072 3285 2213 3339 filius
2239 3284 2397 3348 Beor,
2435 3283 2680 3336 divinttm
2710 3284 2933 3336 adduxit
2959 3282 3175 3336 Balaam
3213 3285 3278 3336 ad
3327 3283 3659 3337 maledicen-

2071 3376 2200 3430 dum
2254 3375 2378 3428 liliis
2421 3373 2586 3428 Israel
2630 3389 2645 3427 :
2683 3375 2770 3442 qui
2821 3385 3043 3443 propter
3102 3375 3396 3428 vehemens
3447 3389 3652 3442 prteru-

2072 3476 2224 3538 ptum
2272 3469 2492 3522 excisus
2525 3477 2774 3521 vocatur.
2822 3465 2998 3522 Lacus
3035 3467 3367 3536 Asphaltites
3409 3467 3650 3536 .luda‘atn

2074 3559 2268 3614 dividit
2288 3569 2341 3614 et
2369 3560 2652 3614 Arabiam.
2686 3559 2911 3626 Arabia,
2942 3570 3184 3628 tempore
3210 3559 3440 3612 filiorum
3467 3556 3658 3622 Israel,

2075 3651 2305 3723 solitudo
2330 3661 2469 3719 erat,
2502 3660 2556 3706 et
2584 3651 2886 3714 desertum,
2920 3659 3066 3705 terra
3098 3651 3245 3704 invia
3278 3661 3332 3704 et
3363 3649 3650 3717 inaquosa.

2074 3741 2132 3798 In
2173 3758 2234 3798 ea
2262 3743 2484 3814 quidem
2539 3742 2773 3797 detinuit
2836 3757 2930 3798 eos
2982 3741 3248 3796 Dominus
3296 3740 3653 3811 quadraginta

2075 3835 2254 3900 annis,
2293 3849 2490 3888 manna
2529 3833 2721 3904 pluens
2777 3835 2842 3888 ad
2898 3834 3360 3896 manducandum,
3405 3847 3543 3900 aqua
3586 3831 3654 3885 de

2076 3942 2208 3998 rupe
2225 3927 2407 3982 ducta.
2429 3925 2482 3979 In
2496 3926 2716 3991 Arabia,
2738 3924 2934 3990 llelim,
2953 3923 3442 3991 castrumjfiliorum
3463 3920 3654 3984 Israel,

2075 4017 2226 4073 locus
2253 4016 2305 4070 in
2330 4015 2566 4076 deserto,
2598 4015 2648 4067 in
2681 4029 2789 4082 quo
2815 4013 3100 4068 duodecim
3135 4012 3330 4076 fontes,
3358 4022 3411 4066 et
3433 4022 3654 4080 septua-

2075 4111 2220 4180 ginta
2255 4108 2482 4178 palmas,
2523 4107 2591 4161 de
2619 4107 2755 4158 mari
2789 4104 2973 4158 Rubro
3011 4115 3275 4160 exeuntes
3307 4112 3650 4171 repererunt.

2075 4204 2134 4257 In
2163 4202 2387 4266 Arabia,
2433 4199 2598 4255 Vallis
2629 4197 2839 4270 Moysi;
2871 4197 2924 4251 iu
2957 4211 3066 4267 qua
3102 4196 3412 4266 percutiens
3440 4196 3522 4250 bis
3574 4195 3654 4248 si-

393 4297 700 4358 susceptos,
767 4289 983 4360 dignus,
1037 4299 1198 4360 prout
1248 4288 1446 4359 potuit,
1501 4288 1639 4343 fovit
1693 4299 1747 4342 et
1776 4291 1924 4358 pavit
1956 4307 1971 4344 :
1998 4305 2043 4366 ο
2076 4292 2238 4347 licem
2272 4291 2448 4359 virga,
2474 4291 2611 4344 duos
2637 4301 2792 4358 aqua:
2839 4285 3034 4356 populo
3069 4286 3168 4341 Dei
3231 4286 3547 4340 reddentem
3583 4284 3658 4338 ri-

395 4380 541 4436 unde
576 4383 784 4450 primus
836 4383 1154 4438 comedendi
1203 4383 1292 4436 via
1322 4383 1502 4438 dictus
1543 4391 1650 4439 est.
1693 4381 1806 4436 llex
1833 4396 1974 4452 prte-

396 4470 538 4525 dicta
588 4484 654 4526 ex
683 4481 810 4526 tunc
841 4487 1014 4542 usque
1045 4473 1114 4528 ad
1153 4480 1369 4542 tempus
1405 4471 1699 4527 Theodosii
1732 4470 1975 4543 Impera-

399 4563 553 4628 toris,
581 4569 819 4618 testante
845 4555 1204 4635 Ilieronymo,
1248 4580 1406 4620 suum
1440 4577 1561 4620 esse
1591 4564 1842 4620 dilatavit
1871 4603 1885 4618 .
1920 4567 1977 4619 et

397 4666 465 4706 ex
510 4653 602 4707 illa
645 4654 758 4708 haec
784 4652 956 4708 fuisse
1004 4655 1339 4723 perhibetur,
1370 4670 1494 4724 qua:
1533 4655 1588 4710 in
1623 4655 1875 4725 praesenti
1909 4655 1978 4711 ab

399 4747 513 4803 illic
545 4746 900 4818 praesentibus
932 4747 1165 4814 videtur,
1217 4757 1271 4803 et
1299 4763 1430 4805 caro
1460 4758 1693 4813 tenetur.
1745 4748 1878 4816 Quae
1905 4748 1977 4804 li-

399 4847 489 4893 cet
553 4837 744 4904 arida,
800 4837 1138 4896 medicabilis
1193 4849 1374 4895 tamen
1435 4855 1558 4896 esse
1615 4842 1879 4910 probatur
1921 4841 1976 4896 in

399 4929 528 4994 hoc,
578 4930 744 4998 quod,
783 4929 830 4985 si
875 4929 943 4985 de
996 4946 1060 4986 ea
1101 4931 1229 5001 quis
1257 4933 1513 5001 equitans
1553 4932 1759 5001 aliquid
1795 4947 1978 4987 secum

399 5021 678 5088 detulerit,
716 5021 920 5077 animal
981 5038 1138 5078 suum
1168 5037 1276 5078 non
1346 5023 1599 5078 infendit.
1648 5023 1707 5078 In
1760 5024 1978 5094 llebron

400 5111 580 5180 primo
627 5112 1010 5183 applicuerunt
1051 5128 1133 5179 se,
1173 5127 1336 5168 causa
1401 5124 1561 5169 terra:
1606 5113 1975 5184 explorandze,

401 5202 603 5274 Caleph
649 5212 703 5260 et
729 5205 918 5272 Josue,
953 5220 1258 5276 eorumque
1309 5205 1444 5261 socii
1498 5205 1710 5262 decem.
1757 5204 1812 5260 In
1871 5203 1977 5260 He-

401 5294 538 5350 bron
580 5295 748 5352 David
780 5297 1024 5366 regnavit
1070 5308 1281 5367 septem
1314 5298 1472 5352 annis
1510 5307 1567 5351 et
1595 5297 1840 5352 dimidio.
1879 5293 1984 5351 De-

402 5402 518 5442 cem
571 5389 820 5444 milliaria
877 5389 946 5444 ab
1005 5389 1263 5455 llebron,
1313 5397 1398 5444 est
1443 5389 1593 5444 lacus
1642 5387 1983 5456 Asphaltices

402 5486 593 5533 contra
640 5478 930 5549 orientem,
955 5480 1044 5551 qui
1076 5490 1132 5536 et
1175 5495 1328 5536 mare
1357 5477 1628 5538 Mortuutu
1655 5478 1898 5546 dicitur;
1929 5487 1984 5533 et

477 5635 542 5706 (')
573 5635 802 5708 Additur
833 5638 972 5708 apud
1006 5636 1280 5702 Allatium,
1322 5639 1473 5692 Anno
1523 5636 1737 5691 Domini
1792 5632 1970 5692 MXL.

405 5706 539 5759 Cum
573 5716 750 5775 autem
783 5707 832 5760 in
867 5706 1204 5763 narrationis
1248 5709 1477 5762 decursu
1534 5709 1776 5761 Balduiui
1830 5711 1970 5775 regis

410 5775 614 5833 mentio
627 5774 756 5848 (col.
777 5776 884 5834 992
907 5777 972 5849 C)
1002 5787 1273 5844 occurrat,
1294 5779 1540 5846 sequitur
1568 5788 1842 5835 auctorem
1875 5774 1970 5833 no-

2082 4383 2276 4450 vulos;
2310 4381 2378 4436 de
2401 4381 2599 4450 quibus
2634 4379 2795 4434 modo
2829 4387 2937 4432 tota
2973 4377 3060 4431 illa
3091 4377 3242 4445 regio
3277 4377 3560 4446 irrigatur.
3595 4375 3652 4430 In

2073 4470 2274 4526 Arabia
2307 4483 2461 4523 mons
2501 4466 2673 4533 Sinai,
2701 4465 2752 4520 in
2786 4481 2895 4536 quo
2930 4465 3141 4534 Moyses
3171 4481 3238 4518 xi.
3273 4465 3486 4530 diebus,
3533 4465 3658 4518 toti-

2075 4563 2304 4631 demque
2347 4559 2620 4623 noctibus,
2665 4557 2830 4612 totius
2861 4556 2966 4611 cibi
2995 4571 3210 4624 expers,
3243 4566 3484 4611 moratus
3518 4555 3654 4623 fuit;

2075 4655 2129 4709 in
2153 4668 2260 4724 quo
2291 4660 2346 4708 et
2371 4651 2628 4706 Dominus
2664 4649 2830 4720 Moysi
2871 4648 3022 4702 dedit
3065 4649 3260 4717 legem,
3312 4650 3535 4718 proprio
3575 4649 3659 4703 di-

2076 4745 2192 4816 gito
2226 4743 2488 4812 scriptam
2534 4741 2588 4794 in
2624 4738 2824 4794 tabulis
2863 4738 3116 4809 lapideis.
3165 4738 3223 4792 In
3255 4739 3478 4805 Arabia,
3524 4753 3662 4809 prte-

2075 4835 2243 4893 cessit
2279 4835 2416 4890 ﬁlios
2446 4833 2614 4889 Israel
2665 4833 2916 4888 columna
2945 4831 3086 4902 ignis
3117 4847 3213 4902 per
3243 4842 3454 4887 noctem
3485 4831 3658 4886 nubes

2075 4941 2209 4981 vero
2243 4923 2465 4978 vallavit
2513 4937 2609 4978 eos
2653 4922 2841 4977 diebus
2889 4921 3138 4990 singulis.
3204 4919 3266 4974 In
3309 4919 3535 4987 Arabia,
3588 4933 3659 4973 ιι.

2079 5017 2392 5073 mansiones
2419 5013 2652 5066 filiorum
2687 5010 2874 5067 Israel.
2901 5009 2960 5064 In
2993 5010 3217 5076 Arabia,
3250 5025 3407 5064 mons
3432 5008 3565 5071 Hor,
3602 5008 3656 5062 in

2080 5124 2189 5179 quo
2223 5106 2472 5176 sepultus
2494 5104 2726 5172 quiescit
2754 5103 2960 5158 Aaron.
2993 5102 3052 5156 In
3083 5102 3305 5166 Arabia,
3331 5116 3487 5156 mons
3518 5101 3660 5154 Aba-

2077 5201 2212 5267 rim;
2251 5199 2303 5252 in
2330 5213 2436 5268 quo
2470 5197 2727 5251 Dominus
2761 5196 2980 5265 Moysen
3003 5193 3272 5262 sepelivit,
3297 5191 3450 5262 cujus
3478 5202 3658 5246 tamen

2079 5307 2344 5364 nusquam
2380 5289 2631 5362 apparuit
2655 5289 2912 5342 tumulus.
2950 5289 3005 5342 In
3037 5285 3264 5350 Arabia,
3301 5300 3456 5338 mons
3504 5299 3660 5351 rega-
3699 5281 3705 5290 “

2081 5387 2170 5451 lis,
2223 5399 2388 5453 quem
2436 5381 2807 5446 Buldeuimus,
2843 5380 3050 5449 primus
3099 5395 3192 5433 rex
3241 5377 3572 5431 Francorum
3606 5376 3661 5430 in

2081 5475 2408 5538 Jerusalem,
2461 5474 2524 5528 ad
2557 5483 2758 5526 terram
2811 5471 2955 5524 illam
2986 5469 3330 5526 Christicolis
3357 5466 3661 5537 subjugatt-

2078 5642 2258 5688 strum
2312 5631 2632 5687 duodecimo
2673 5628 2870 5686 saeculo
2905 5645 3001 5699 per
3031 5639 3230 5685 terram
3285 5637 3529 5685 sanctam
3560 5624 3660 5678 iter

2075 5703 2284 5761 fecisse.
2321 5719 2460 5759 stur.
2505 5716 2663 5758 mut.
