  <div class='ocr_page' id='page_1' title='image "/cluster/home/n/w/nwhite01/storage/ocr_20150623/133/coo.31924054870385/504.png"; bbox 0 0 4042 6444; ppageno 0'>
   <div class='ocr_carea' id='block_1_1' title="bbox 406 406 508 471">
    <p class='ocr_par' dir='ltr' id='par_1_1' title="bbox 406 406 508 471">
     <span class='ocr_line' id='line_1_1' title="bbox 406 406 508 471; baseline -0.039 0"><span class='ocrx_word' id='word_1_1' title='bbox 406 406 508 471; x_wconf 67' lang='lat'><strong>9.33</strong></span> 
     </span>
    </p>
   </div>
   <div class='ocr_carea' id='block_1_2' title="bbox 1668 398 2399 461">
    <p class='ocr_par' dir='ltr' id='par_1_2' title="bbox 1668 398 2399 461">
     <span class='ocr_line' id='line_1_2' title="bbox 1668 398 2399 461; baseline 0 -1"><span class='ocrx_word' id='word_1_2' title='bbox 1668 401 1767 460; x_wconf 87' lang='lat' dir='ltr'><strong>DE</strong></span> <span class='ocrx_word' id='word_1_3' title='bbox 1811 398 2022 459; x_wconf 77' lang='lat' dir='ltr'><strong>LOCIS</strong></span> <span class='ocrx_word' id='word_1_4' title='bbox 2061 399 2399 461; x_wconf 63' lang='lat' dir='ltr'><strong>SANCTIS.</strong></span> 
     </span>
    </p>
   </div>
   <div class='ocr_carea' id='block_1_3' title="bbox 3551 405 3660 470">
    <p class='ocr_par' dir='ltr' id='par_1_3' title="bbox 3551 405 3660 470">
     <span class='ocr_line' id='line_1_3' title="bbox 3551 405 3660 470; baseline 0 0"><span class='ocrx_word' id='word_1_5' title='bbox 3551 405 3660 470; x_wconf 69' lang='grc'><strong>934</strong></span> 
     </span>
    </p>
   </div>
   <div class='ocr_carea' id='block_1_4' title="bbox 411 511 3673 584">
    <p class='ocr_par' dir='ltr' id='par_1_4' title="bbox 411 511 3673 584">
     <span class='ocr_line' id='line_1_4' title="bbox 411 511 3673 584; baseline 0.001 -15"><span class='ocrx_word' id='word_1_6' title='bbox 411 518 532 569; x_wconf 83' lang='lat' dir='ltr'><strong>dam</strong></span> <span class='ocrx_word' id='word_1_7' title='bbox 565 524 618 568; x_wconf 84' lang='lat' dir='ltr'><strong>et</strong></span> <span class='ocrx_word' id='word_1_8' title='bbox 645 513 904 566; x_wconf 89' lang='lat' dir='ltr'><strong>tuendum</strong></span> <span class='ocrx_word' id='word_1_9' title='bbox 938 527 1161 582; x_wconf 80' lang='lat' dir='ltr'><strong>regnum</strong></span> <span class='ocrx_word' id='word_1_10' title='bbox 1193 511 1382 578; x_wconf 86' lang='lat' dir='ltr'><strong>David,</strong></span> <span class='ocrx_word' id='word_1_11' title='bbox 1413 511 1465 564; x_wconf 93' lang='lat' dir='ltr'><strong>in</strong></span> <span class='ocrx_word' id='word_1_12' title='bbox 1501 519 1740 565; x_wconf 83' lang='lat' dir='ltr'><strong>castrum</strong></span> <span class='ocrx_word' id='word_1_13' title='bbox 1775 511 1991 563; x_wconf 92' lang='lat' dir='ltr'><strong>ﬁrmum</strong></span> <span class='ocrx_word' id='word_1_14' title='bbox 2025 513 2068 567; x_wconf 78' lang='grc' dir='ltr'>Α</span> <span class='ocrx_word' id='word_1_15' title='bbox 2103 511 2470 578; x_wconf 87' lang='lat' dir='ltr'><strong>persecutoris</strong></span> <span class='ocrx_word' id='word_1_16' title='bbox 2516 513 2721 568; x_wconf 89' lang='lat' dir='ltr'><strong>veritus</strong></span> <span class='ocrx_word' id='word_1_17' title='bbox 2752 515 2976 570; x_wconf 83' lang='lat' dir='ltr'><strong>rabiem.</strong></span> <span class='ocrx_word' id='word_1_18' title='bbox 3011 517 3246 572; x_wconf 85' lang='lat' dir='ltr'><strong>Libanus</strong></span> <span class='ocrx_word' id='word_1_19' title='bbox 3288 519 3673 584; x_wconf 82' lang='lat' dir='ltr'><strong>interpretatur</strong></span> 
     </span>
    </p>
   </div>
   <div class='ocr_carea' id='block_1_5' title="bbox 406 601 1990 674">
    <p class='ocr_par' dir='ltr' id='par_1_5' title="bbox 406 601 1990 674">
     <span class='ocr_line' id='line_1_5' title="bbox 406 601 1990 674; baseline -0.004 -12"><span class='ocrx_word' id='word_1_20' title='bbox 406 606 655 662; x_wconf 88' lang='lat' dir='ltr'><strong>reddidit.</strong></span> <span class='ocrx_word' id='word_1_21' title='bbox 696 605 896 659; x_wconf 82' lang='lat' dir='ltr'><strong>Arabia</strong></span> <span class='ocrx_word' id='word_1_22' title='bbox 959 604 1202 674; x_wconf 76' lang='lat' dir='ltr'><strong>jungitur</strong></span> <span class='ocrx_word' id='word_1_23' title='bbox 1256 603 1503 658; x_wconf 70' lang='lat' dir='ltr'><strong>Idumzee</strong></span> <span class='ocrx_word' id='word_1_24' title='bbox 1561 604 1614 656; x_wconf 92' lang='lat' dir='ltr'><strong>in</strong></span> <span class='ocrx_word' id='word_1_25' title='bbox 1689 601 1990 656; x_wconf 84' lang='lat' dir='ltr'><strong>conﬁnibus</strong></span> 
     </span>
    </p>
   </div>
   <div class='ocr_carea' id='block_1_6' title="bbox 407 692 1986 758">
    <p class='ocr_par' dir='ltr' id='par_1_6' title="bbox 407 692 1986 758">
     <span class='ocr_line' id='line_1_6' title="bbox 407 692 1986 758; baseline -0.002 -12"><span class='ocrx_word' id='word_1_26' title='bbox 407 695 659 750; x_wconf 81' lang='lat' dir='ltr'><strong>Bostron.</strong></span> <span class='ocrx_word' id='word_1_27' title='bbox 711 695 962 758; x_wconf 81' lang='lat' dir='ltr'><strong>Idumaca,</strong></span> <span class='ocrx_word' id='word_1_28' title='bbox 1001 705 1144 747; x_wconf 90' lang='lat' dir='ltr'><strong>terra</strong></span> <span class='ocrx_word' id='word_1_29' title='bbox 1200 693 1468 748; x_wconf 84' lang='lat' dir='ltr'><strong>Damasci.</strong></span> <span class='ocrx_word' id='word_1_30' title='bbox 1525 692 1760 748; x_wconf 72' lang='lat' dir='ltr'><strong>Idumaza</strong></span> <span class='ocrx_word' id='word_1_31' title='bbox 1805 701 1986 746; x_wconf 88' lang='lat' dir='ltr'><strong>tamen</strong></span> 
     </span>
    </p>
   </div>
   <div class='ocr_carea' id='block_1_7' title="bbox 403 783 1986 856">
    <p class='ocr_par' dir='ltr' id='par_1_7' title="bbox 403 783 1986 856">
     <span class='ocr_line' id='line_1_7' title="bbox 403 783 1986 856; baseline -0.004 -15"><span class='ocrx_word' id='word_1_32' title='bbox 403 789 504 841; x_wconf 88' lang='lat' dir='ltr'><strong>sub</strong></span> <span class='ocrx_word' id='word_1_33' title='bbox 528 785 702 856; x_wconf 86' lang='lat' dir='ltr'><strong>Syria.</strong></span> <span class='ocrx_word' id='word_1_34' title='bbox 727 784 901 854; x_wconf 85' lang='lat' dir='ltr'><strong>Caput</strong></span> <span class='ocrx_word' id='word_1_35' title='bbox 925 784 1096 855; x_wconf 83' lang='lat' dir='ltr'><strong>Syriae</strong></span> <span class='ocrx_word' id='word_1_36' title='bbox 1115 785 1330 854; x_wconf 85' lang='lat' dir='ltr'><strong>quidem</strong></span> <span class='ocrx_word' id='word_1_37' title='bbox 1355 783 1671 838; x_wconf 82' lang='lat' dir='ltr'><strong>Damascus.</strong></span> <span class='ocrx_word' id='word_1_38' title='bbox 1697 783 1986 838; x_wconf 72' lang='lat' dir='ltr'><strong>[dammam</strong></span> 
     </span>
    </p>
   </div>
   <div class='ocr_carea' id='block_1_8' title="bbox 397 874 1986 940">
    <p class='ocr_par' dir='ltr' id='par_1_8' title="bbox 397 874 1986 940">
     <span class='ocr_line' id='line_1_8' title="bbox 397 874 1986 940; baseline -0.003 -10"><span class='ocrx_word' id='word_1_39' title='bbox 397 887 456 930; x_wconf 83' lang='lat' dir='ltr'><strong>et</strong></span> <span class='ocrx_word' id='word_1_40' title='bbox 485 876 825 932; x_wconf 65' lang='lat' dir='ltr'><strong>Plioanieiam</strong></span> <span class='ocrx_word' id='word_1_41' title='bbox 879 875 1071 930; x_wconf 89' lang='lat' dir='ltr'><strong>dividit</strong></span> <span class='ocrx_word' id='word_1_42' title='bbox 1132 875 1400 930; x_wconf 81' lang='lat' dir='ltr'><strong>Libanus.</strong></span> <span class='ocrx_word' id='word_1_43' title='bbox 1443 874 1746 939; x_wconf 80' lang='lat' dir='ltr'><strong>Phrenicia,</strong></span> <span class='ocrx_word' id='word_1_44' title='bbox 1796 874 1849 927; x_wconf 92' lang='lat' dir='ltr'><strong>in</strong></span> <span class='ocrx_word' id='word_1_45' title='bbox 1882 886 1986 940; x_wconf 87' lang='lat' dir='ltr'><strong>qua</strong></span> 
     </span>
    </p>
   </div>
   <div class='ocr_carea' id='block_1_9' title="bbox 406 966 1986 1040">
    <p class='ocr_par' dir='ltr' id='par_1_9' title="bbox 406 966 1986 1040">
     <span class='ocr_line' id='line_1_9' title="bbox 406 966 1986 1040; baseline -0.003 -18"><span class='ocrx_word' id='word_1_46' title='bbox 406 967 532 1033; x_wconf 91' lang='lat' dir='ltr'><strong>Sor,</strong></span> <span class='ocrx_word' id='word_1_47' title='bbox 561 969 616 1024; x_wconf 89' lang='lat' dir='ltr'><strong>id</strong></span> <span class='ocrx_word' id='word_1_48' title='bbox 655 979 758 1035; x_wconf 89' lang='lat' dir='ltr'><strong>est,</strong></span> <span class='ocrx_word' id='word_1_49' title='bbox 807 967 1011 1040; x_wconf 89' lang='lat' dir='ltr'><strong>Tyrus,</strong></span> <span class='ocrx_word' id='word_1_50' title='bbox 1055 966 1346 1022; x_wconf 67' lang='lat' dir='ltr'><strong>Plimuices</strong></span> <span class='ocrx_word' id='word_1_51' title='bbox 1394 967 1734 1023; x_wconf 87' lang='lat' dir='ltr'><strong>nobilissima</strong></span> <span class='ocrx_word' id='word_1_52' title='bbox 1779 974 1986 1020; x_wconf 91' lang='lat' dir='ltr'><strong>metro-</strong></span> 
     </span>
    </p>
   </div>
   <div class='ocr_carea' id='block_1_10' title="bbox 403 1059 1988 1130">
    <p class='ocr_par' dir='ltr' id='par_1_10' title="bbox 403 1059 1988 1130">
     <span class='ocr_line' id='line_1_10' title="bbox 403 1059 1988 1130; baseline -0.001 -18"><span class='ocrx_word' id='word_1_53' title='bbox 403 1061 566 1128; x_wconf 80' lang='lat' dir='ltr'><strong>polis,</strong></span> <span class='ocrx_word' id='word_1_54' title='bbox 597 1075 718 1128; x_wconf 73' lang='lat' dir='ltr'><strong>quac</strong></span> <span class='ocrx_word' id='word_1_55' title='bbox 751 1059 1054 1125; x_wconf 83' lang='lat' dir='ltr'><strong>Christum,</strong></span> <span class='ocrx_word' id='word_1_56' title='bbox 1085 1059 1553 1130; x_wconf 88' lang='lat' dir='ltr'><strong>perambulantem</strong></span> <span class='ocrx_word' id='word_1_57' title='bbox 1595 1059 1890 1122; x_wconf 87' lang='lat' dir='ltr'><strong>maritima,</strong></span> <span class='ocrx_word' id='word_1_58' title='bbox 1929 1065 1988 1112; x_wconf 86' lang='lat' dir='ltr'><strong>ut.</strong></span> 
     </span>
    </p>
   </div>
   <div class='ocr_carea' id='block_1_11' title="bbox 407 1149 1984 1223">
    <p class='ocr_par' dir='ltr' id='par_1_11' title="bbox 407 1149 1984 1223">
     <span class='ocr_line' id='line_1_11' title="bbox 407 1149 1984 1223; baseline -0.001 -17"><span class='ocrx_word' id='word_1_59' title='bbox 407 1152 531 1223; x_wconf 83' lang='lat' dir='ltr'><strong>Syri</strong></span> <span class='ocrx_word' id='word_1_60' title='bbox 567 1163 836 1216; x_wconf 87' lang='lat' dir='ltr'><strong>asserunt,</strong></span> <span class='ocrx_word' id='word_1_61' title='bbox 873 1151 1046 1206; x_wconf 90' lang='lat' dir='ltr'><strong>uoluit</strong></span> <span class='ocrx_word' id='word_1_62' title='bbox 1086 1151 1373 1221; x_wconf 86' lang='lat' dir='ltr'><strong>accipere;</strong></span> <span class='ocrx_word' id='word_1_63' title='bbox 1407 1165 1528 1220; x_wconf 73' lang='lat' dir='ltr'><strong>quae</strong></span> <span class='ocrx_word' id='word_1_64' title='bbox 1561 1161 1636 1217; x_wconf 89' lang='lat' dir='ltr'><strong>et,</strong></span> <span class='ocrx_word' id='word_1_65' title='bbox 1671 1149 1853 1204; x_wconf 88' lang='lat' dir='ltr'><strong>divina</strong></span> <span class='ocrx_word' id='word_1_66' title='bbox 1901 1158 1984 1204; x_wconf 90' lang='lat' dir='ltr'><strong>te-</strong></span> 
     </span>
    </p>
   </div>
   <div class='ocr_carea' id='block_1_12' title="bbox 401 1242 1978 1312">
    <p class='ocr_par' dir='ltr' id='par_1_12' title="bbox 401 1242 1978 1312">
     <span class='ocr_line' id='line_1_12' title="bbox 401 1242 1978 1312; baseline -0.002 -15"><span class='ocrx_word' id='word_1_67' title='bbox 401 1252 580 1297; x_wconf 85' lang='lat' dir='ltr'><strong>stante</strong></span> <span class='ocrx_word' id='word_1_68' title='bbox 617 1244 834 1312; x_wconf 82' lang='lat' dir='ltr'><strong>pagina,</strong></span> <span class='ocrx_word' id='word_1_69' title='bbox 886 1249 965 1296; x_wconf 93' lang='lat' dir='ltr'><strong>tot</strong></span> <span class='ocrx_word' id='word_1_70' title='bbox 993 1251 1264 1312; x_wconf 83' lang='lat' dir='ltr'><strong>martyres</strong></span> <span class='ocrx_word' id='word_1_71' title='bbox 1295 1242 1409 1298; x_wconf 88' lang='lat' dir='ltr'><strong>Deo</strong></span> <span class='ocrx_word' id='word_1_72' title='bbox 1457 1243 1712 1308; x_wconf 87' lang='lat' dir='ltr'><strong>reddidit,</strong></span> <span class='ocrx_word' id='word_1_73' title='bbox 1744 1257 1978 1312; x_wconf 92' lang='lat' dir='ltr'><strong>quorum</strong></span> 
     </span>
    </p>
   </div>
   <div class='ocr_carea' id='block_1_13' title="bbox 400 1335 1982 1408">
    <p class='ocr_par' dir='ltr' id='par_1_13' title="bbox 400 1335 1982 1408">
     <span class='ocr_line' id='line_1_13' title="bbox 400 1335 1982 1408; baseline 0.001 -19"><span class='ocrx_word' id='word_1_74' title='bbox 400 1335 522 1405; x_wconf 84' lang='lat' dir='ltr'><strong>ejus</strong></span> <span class='ocrx_word' id='word_1_75' title='bbox 549 1336 720 1391; x_wconf 83' lang='lat' dir='ltr'><strong>solius</strong></span> <span class='ocrx_word' id='word_1_76' title='bbox 763 1336 991 1392; x_wconf 85' lang='lat' dir='ltr'><strong>scientia</strong></span> <span class='ocrx_word' id='word_1_77' title='bbox 1026 1337 1206 1392; x_wconf 83' lang='lat' dir='ltr'><strong>minus</strong></span> <span class='ocrx_word' id='word_1_78' title='bbox 1246 1338 1470 1408; x_wconf 83' lang='lat' dir='ltr'><strong>colligit.</strong></span> <span class='ocrx_word' id='word_1_79' title='bbox 1502 1336 1679 1407; x_wconf 87' lang='lat' dir='ltr'><strong>Tyrus</strong></span> <span class='ocrx_word' id='word_1_80' title='bbox 1719 1337 1982 1406; x_wconf 87' lang='lat' dir='ltr'><strong>originem</strong></span> 
     </span>
    </p>
   </div>
   <div class='ocr_carea' id='block_1_14' title="bbox 399 1427 1982 1500">
    <p class='ocr_par' dir='ltr' id='par_1_14' title="bbox 399 1427 1982 1500">
     <span class='ocr_line' id='line_1_14' title="bbox 399 1427 1982 1500; baseline 0.001 -19"><span class='ocrx_word' id='word_1_81' title='bbox 399 1427 543 1482; x_wconf 81' lang='lat' dir='ltr'><strong>celat</strong></span> <span class='ocrx_word' id='word_1_82' title='bbox 566 1427 915 1482; x_wconf 87' lang='lat' dir='ltr'><strong>tumulatum.</strong></span> <span class='ocrx_word' id='word_1_83' title='bbox 947 1427 1090 1484; x_wconf 82' lang='lat' dir='ltr'><strong>Ante</strong></span> <span class='ocrx_word' id='word_1_84' title='bbox 1118 1427 1322 1500; x_wconf 87' lang='lat' dir='ltr'><strong>Tyrum</strong></span> <span class='ocrx_word' id='word_1_85' title='bbox 1347 1430 1484 1500; x_wconf 89' lang='lat' dir='ltr'><strong>lapis</strong></span> <span class='ocrx_word' id='word_1_86' title='bbox 1507 1429 1596 1483; x_wconf 90' lang='lat' dir='ltr'><strong>ille</strong></span> <span class='ocrx_word' id='word_1_87' title='bbox 1623 1442 1982 1493; x_wconf 78' lang='lat' dir='ltr'><strong>marmoreus,</strong></span> 
     </span>
    </p>
   </div>
   <div class='ocr_carea' id='block_1_15' title="bbox 400 1518 1984 1590">
    <p class='ocr_par' dir='ltr' id='par_1_15' title="bbox 400 1518 1984 1590">
     <span class='ocr_line' id='line_1_15' title="bbox 400 1518 1984 1590; baseline 0.003 -19"><span class='ocrx_word' id='word_1_88' title='bbox 400 1518 544 1573; x_wconf 87' lang='lat' dir='ltr'><strong>haud</strong></span> <span class='ocrx_word' id='word_1_89' title='bbox 586 1519 854 1585; x_wconf 89' lang='lat' dir='ltr'><strong>modicus,</strong></span> <span class='ocrx_word' id='word_1_90' title='bbox 904 1533 1072 1590; x_wconf 90' lang='lat' dir='ltr'><strong>super</strong></span> <span class='ocrx_word' id='word_1_91' title='bbox 1117 1535 1277 1589; x_wconf 90' lang='lat' dir='ltr'><strong>quem</strong></span> <span class='ocrx_word' id='word_1_92' title='bbox 1321 1522 1464 1576; x_wconf 89' lang='lat' dir='ltr'><strong>sedit</strong></span> <span class='ocrx_word' id='word_1_93' title='bbox 1508 1519 1668 1578; x_wconf 86' lang='lat' dir='ltr'><strong>Jesus</strong></span> <span class='ocrx_word' id='word_1_94' title='bbox 1703 1536 1718 1575; x_wconf 90' lang='lat'><strong>:</strong></span> <span class='ocrx_word' id='word_1_95' title='bbox 1754 1535 1984 1576; x_wconf 88' lang='lat' dir='ltr'><strong>manens</strong></span> 
     </span>
    </p>
   </div>
   <div class='ocr_carea' id='block_1_16' title="bbox 399 1610 1981 1682">
    <p class='ocr_par' dir='ltr' id='par_1_16' title="bbox 399 1610 1981 1682">
     <span class='ocr_line' id='line_1_16' title="bbox 399 1610 1981 1682; baseline 0.001 -18"><span class='ocrx_word' id='word_1_96' title='bbox 399 1610 624 1672; x_wconf 80' lang='lat' dir='ltr'><strong>illaesus,</strong></span> <span class='ocrx_word' id='word_1_97' title='bbox 661 1625 692 1664; x_wconf 87' lang='lat' dir='ltr'><strong>a</strong></span> <span class='ocrx_word' id='word_1_98' title='bbox 722 1620 966 1680; x_wconf 90' lang='lat' dir='ltr'><strong>tempore</strong></span> <span class='ocrx_word' id='word_1_99' title='bbox 1019 1610 1228 1668; x_wconf 83' lang='lat' dir='ltr'><strong>Christi</strong></span> <span class='ocrx_word' id='word_1_100' title='bbox 1270 1627 1444 1682; x_wconf 89' lang='lat' dir='ltr'><strong>usque</strong></span> <span class='ocrx_word' id='word_1_101' title='bbox 1491 1613 1557 1667; x_wconf 91' lang='lat' dir='ltr'><strong>ad</strong></span> <span class='ocrx_word' id='word_1_102' title='bbox 1603 1613 1981 1682; x_wconf 77' lang='lat' dir='ltr'><strong>expulsionem</strong></span> 
     </span>
    </p>
   </div>
   <div class='ocr_carea' id='block_1_17' title="bbox 400 1700 1982 1772">
    <p class='ocr_par' dir='ltr' id='par_1_17' title="bbox 400 1700 1982 1772">
     <span class='ocr_line' id='line_1_17' title="bbox 400 1700 1982 1772; baseline 0.006 -20"><span class='ocrx_word' id='word_1_103' title='bbox 400 1701 640 1770; x_wconf 86' lang='lat' dir='ltr'><strong>gentium</strong></span> <span class='ocrx_word' id='word_1_104' title='bbox 669 1700 738 1755; x_wconf 85' lang='lat' dir='ltr'><strong>ab</strong></span> <span class='ocrx_word' id='word_1_105' title='bbox 761 1703 933 1769; x_wconf 93' lang='lat' dir='ltr'><strong>urbe;</strong></span> <span class='ocrx_word' id='word_1_106' title='bbox 969 1703 1062 1757; x_wconf 91' lang='lat' dir='ltr'><strong>sed</strong></span> <span class='ocrx_word' id='word_1_107' title='bbox 1093 1713 1278 1772; x_wconf 89' lang='lat' dir='ltr'><strong>postea</strong></span> <span class='ocrx_word' id='word_1_108' title='bbox 1312 1705 1666 1759; x_wconf 82' lang='lat' dir='ltr'><strong>defraudatus</strong></span> <span class='ocrx_word' id='word_1_109' title='bbox 1688 1719 1718 1759; x_wconf 91' lang='lat' dir='ltr'><strong>a</strong></span> <span class='ocrx_word' id='word_1_110' title='bbox 1755 1704 1982 1761; x_wconf 87' lang='lat' dir='ltr'><strong>Francis</strong></span> 
     </span>
    </p>
   </div>
   <div class='ocr_carea' id='block_1_18' title="bbox 399 1793 1980 1866">
    <p class='ocr_par' dir='ltr' id='par_1_18' title="bbox 399 1793 1980 1866">
     <span class='ocr_line' id='line_1_18' title="bbox 399 1793 1980 1866; baseline 0.003 -20"><span class='ocrx_word' id='word_1_111' title='bbox 399 1803 452 1846; x_wconf 89' lang='lat' dir='ltr'><strong>et</strong></span> <span class='ocrx_word' id='word_1_112' title='bbox 486 1810 514 1845; x_wconf 89' lang='lat' dir='ltr'><strong>a</strong></span> <span class='ocrx_word' id='word_1_113' title='bbox 556 1793 792 1849; x_wconf 85' lang='lat' dir='ltr'><strong>Venetis.</strong></span> <span class='ocrx_word' id='word_1_114' title='bbox 828 1794 1002 1864; x_wconf 86' lang='lat' dir='ltr'><strong>Supra</strong></span> <span class='ocrx_word' id='word_1_115' title='bbox 1029 1802 1172 1851; x_wconf 82' lang='lat' dir='ltr'><strong>vero</strong></span> <span class='ocrx_word' id='word_1_116' title='bbox 1200 1795 1476 1852; x_wconf 88' lang='lat' dir='ltr'><strong>residuum</strong></span> <span class='ocrx_word' id='word_1_117' title='bbox 1510 1797 1652 1852; x_wconf 90' lang='lat' dir='ltr'><strong>illius</strong></span> <span class='ocrx_word' id='word_1_118' title='bbox 1676 1797 1890 1866; x_wconf 81' lang='lat' dir='ltr'><strong>lapidis,</strong></span> <span class='ocrx_word' id='word_1_119' title='bbox 1927 1797 1980 1852; x_wconf 89' lang='lat' dir='ltr'><strong>in</strong></span> 
     </span>
    </p>
   </div>
   <div class='ocr_carea' id='block_1_19' title="bbox 402 1884 1982 1954">
    <p class='ocr_par' dir='ltr' id='par_1_19' title="bbox 402 1884 1982 1954">
     <span class='ocr_line' id='line_1_19' title="bbox 402 1884 1982 1954; baseline 0.005 -18"><span class='ocrx_word' id='word_1_120' title='bbox 402 1886 661 1939; x_wconf 86' lang='lat' dir='ltr'><strong>honorem</strong></span> <span class='ocrx_word' id='word_1_121' title='bbox 703 1884 1022 1953; x_wconf 87' lang='lat' dir='ltr'><strong>Salvatoris,</strong></span> <span class='ocrx_word' id='word_1_122' title='bbox 1059 1888 1290 1943; x_wconf 84' lang='lat' dir='ltr'><strong>ecclesia</strong></span> <span class='ocrx_word' id='word_1_123' title='bbox 1345 1891 1590 1954; x_wconf 60' lang='lat' dir='ltr'><strong>quadam</strong></span> <span class='ocrx_word' id='word_1_124' title='bbox 1621 1888 1846 1943; x_wconf 72' lang='lat' dir='ltr'><strong>fundata</strong></span> <span class='ocrx_word' id='word_1_125' title='bbox 1877 1899 1982 1944; x_wconf 89' lang='lat' dir='ltr'><strong>est.</strong></span> 
     </span>
    </p>
   </div>
   <div class='ocr_carea' id='block_1_20' title="bbox 407 1970 1981 2048">
    <p class='ocr_par' dir='ltr' id='par_1_20' title="bbox 407 1970 1981 2048">
     <span class='ocr_line' id='line_1_20' title="bbox 407 1970 1981 2048; baseline 0.007 -24"><span class='ocrx_word' id='word_1_126' title='bbox 407 1970 545 2026; x_wconf 82' lang='lat' dir='ltr'><strong>Octo</strong></span> <span class='ocrx_word' id='word_1_127' title='bbox 573 1974 823 2029; x_wconf 80' lang='lat' dir='ltr'><strong>milliaria</strong></span> <span class='ocrx_word' id='word_1_128' title='bbox 854 1991 882 2029; x_wconf 88' lang='lat' dir='ltr'><strong>a</strong></span> <span class='ocrx_word' id='word_1_129' title='bbox 925 1975 1066 2048; x_wconf 82' lang='lat' dir='ltr'><strong>Tyro</strong></span> <span class='ocrx_word' id='word_1_130' title='bbox 1097 1987 1284 2032; x_wconf 88' lang='lat' dir='ltr'><strong>contra</strong></span> <span class='ocrx_word' id='word_1_131' title='bbox 1315 1979 1601 2042; x_wconf 86' lang='lat' dir='ltr'><strong>orientem,</strong></span> <span class='ocrx_word' id='word_1_132' title='bbox 1624 1994 1783 2047; x_wconf 84' lang='lat' dir='ltr'><strong>supra</strong></span> <span class='ocrx_word' id='word_1_133' title='bbox 1812 1995 1981 2045; x_wconf 88' lang='lat' dir='ltr'><strong>mare,</strong></span> 
     </span>
    </p>
   </div>
   <div class='ocr_carea' id='block_1_21' title="bbox 408 2064 1983 2143">
    <p class='ocr_par' dir='ltr' id='par_1_21' title="bbox 408 2064 1983 2143">
     <span class='ocr_line' id='line_1_21' title="bbox 408 2064 1983 2143; baseline 0.006 -25"><span class='ocrx_word' id='word_1_134' title='bbox 408 2064 679 2132; x_wconf 74' lang='lat' dir='ltr'><strong>Sarphen,</strong></span> <span class='ocrx_word' id='word_1_135' title='bbox 739 2081 860 2134; x_wconf 69' lang='lat' dir='ltr'><strong>qua:</strong></span> <span class='ocrx_word' id='word_1_136' title='bbox 894 2076 979 2122; x_wconf 89' lang='lat' dir='ltr'><strong>est</strong></span> <span class='ocrx_word' id='word_1_137' title='bbox 1031 2067 1280 2139; x_wconf 86' lang='lat' dir='ltr'><strong>Sarepta‘</strong></span> <span class='ocrx_word' id='word_1_138' title='bbox 1322 2070 1695 2126; x_wconf 89' lang='lat' dir='ltr'><strong>Sidoniorum.</strong></span> <span class='ocrx_word' id='word_1_139' title='bbox 1751 2071 1811 2125; x_wconf 89' lang='lat' dir='ltr'><strong>In</strong></span> <span class='ocrx_word' id='word_1_140' title='bbox 1873 2087 1983 2143; x_wconf 90' lang='lat' dir='ltr'><strong>qua</strong></span> 
     </span>
    </p>
   </div>
   <div class='ocr_carea' id='block_1_22' title="bbox 400 2156 1980 2231">
    <p class='ocr_par' dir='ltr' id='par_1_22' title="bbox 400 2156 1980 2231">
     <span class='ocr_line' id='line_1_22' title="bbox 400 2156 1980 2231; baseline 0.009 -25"><span class='ocrx_word' id='word_1_141' title='bbox 400 2156 670 2222; x_wconf 81' lang='lat' dir='ltr'><strong>quondam</strong></span> <span class='ocrx_word' id='word_1_142' title='bbox 719 2157 983 2214; x_wconf 83' lang='lat' dir='ltr'><strong>habitavit</strong></span> <span class='ocrx_word' id='word_1_143' title='bbox 1017 2158 1201 2216; x_wconf 86' lang='lat' dir='ltr'><strong>Helias</strong></span> <span class='ocrx_word' id='word_1_144' title='bbox 1249 2162 1535 2230; x_wconf 87' lang='lat' dir='ltr'><strong>propheta,</strong></span> <span class='ocrx_word' id='word_1_145' title='bbox 1572 2163 1624 2216; x_wconf 92' lang='lat' dir='ltr'><strong>in</strong></span> <span class='ocrx_word' id='word_1_146' title='bbox 1663 2179 1767 2231; x_wconf 91' lang='lat' dir='ltr'><strong>qua</strong></span> <span class='ocrx_word' id='word_1_147' title='bbox 1806 2173 1860 2220; x_wconf 88' lang='lat' dir='ltr'><strong>et</strong></span> <span class='ocrx_word' id='word_1_148' title='bbox 1893 2180 1980 2220; x_wconf 87' lang='lat' dir='ltr'><strong>re-</strong></span> 
     </span>
    </p>
   </div>
   <div class='ocr_carea' id='block_1_23' title="bbox 401 2248 1982 2326">
    <p class='ocr_par' dir='ltr' id='par_1_23' title="bbox 401 2248 1982 2326">
     <span class='ocr_line' id='line_1_23' title="bbox 401 2248 1982 2326; baseline 0.007 -24"><span class='ocrx_word' id='word_1_149' title='bbox 401 2248 688 2303; x_wconf 80' lang='lat' dir='ltr'><strong>Suscitavit</strong></span> <span class='ocrx_word' id='word_1_150' title='bbox 711 2250 879 2304; x_wconf 89' lang='lat' dir='ltr'><strong>ﬁlium</strong></span> <span class='ocrx_word' id='word_1_151' title='bbox 907 2251 1102 2319; x_wconf 71' lang='lat' dir='ltr'><strong>viduae,</strong></span> <span class='ocrx_word' id='word_1_152' title='bbox 1131 2252 1324 2308; x_wconf 84' lang='lat' dir='ltr'><strong>Jonatn</strong></span> <span class='ocrx_word' id='word_1_153' title='bbox 1356 2254 1564 2310; x_wconf 88' lang='lat' dir='ltr'><strong>scilicet</strong></span> <span class='ocrx_word' id='word_1_154' title='bbox 1597 2271 1613 2311; x_wconf 86' lang='lat'><strong>:</strong></span> <span class='ocrx_word' id='word_1_155' title='bbox 1643 2270 1802 2325; x_wconf 90' lang='lat' dir='ltr'><strong>quem</strong></span> <span class='ocrx_word' id='word_1_156' title='bbox 1832 2258 1982 2326; x_wconf 90' lang='lat' dir='ltr'><strong>prius</strong></span> 
     </span>
    </p>
   </div>
   <div class='ocr_carea' id='block_1_24' title="bbox 399 2339 1981 2412">
    <p class='ocr_par' dir='ltr' id='par_1_24' title="bbox 399 2339 1981 2412">
     <span class='ocr_line' id='line_1_24' title="bbox 399 2339 1981 2412; baseline 0.009 -21"><span class='ocrx_word' id='word_1_157' title='bbox 399 2339 515 2407; x_wconf 89' lang='lat' dir='ltr'><strong>ipsa</strong></span> <span class='ocrx_word' id='word_1_158' title='bbox 566 2342 802 2410; x_wconf 89' lang='lat' dir='ltr'><strong>hospitio</strong></span> <span class='ocrx_word' id='word_1_159' title='bbox 848 2354 1150 2412; x_wconf 87' lang='lat' dir='ltr'><strong>receperat,</strong></span> <span class='ocrx_word' id='word_1_160' title='bbox 1206 2358 1262 2399; x_wconf 91' lang='lat' dir='ltr'><strong>et</strong></span> <span class='ocrx_word' id='word_1_161' title='bbox 1293 2346 1612 2402; x_wconf 89' lang='lat' dir='ltr'><strong>charitative</strong></span> <span class='ocrx_word' id='word_1_162' title='bbox 1675 2348 1883 2404; x_wconf 79' lang='lat' dir='ltr'><strong>foverat</strong></span> <span class='ocrx_word' id='word_1_163' title='bbox 1916 2366 1981 2406; x_wconf 89' lang='lat' dir='ltr'><strong>ac</strong></span> 
     </span>
    </p>
   </div>
   <div class='ocr_carea' id='block_1_25' title="bbox 398 2431 1980 2506">
    <p class='ocr_par' dir='ltr' id='par_1_25' title="bbox 398 2431 1980 2506">
     <span class='ocr_line' id='line_1_25' title="bbox 398 2431 1980 2506; baseline 0.012 -24"><span class='ocrx_word' id='word_1_164' title='bbox 398 2441 644 2499; x_wconf 82' lang='lat' dir='ltr'><strong>paverat.</strong></span> <span class='ocrx_word' id='word_1_165' title='bbox 683 2431 789 2487; x_wconf 80' lang='lat' dir='ltr'><strong>Sex</strong></span> <span class='ocrx_word' id='word_1_166' title='bbox 843 2435 1094 2490; x_wconf 82' lang='lat' dir='ltr'><strong>milliaria</strong></span> <span class='ocrx_word' id='word_1_167' title='bbox 1142 2452 1170 2490; x_wconf 90' lang='lat' dir='ltr'><strong>a</strong></span> <span class='ocrx_word' id='word_1_168' title='bbox 1228 2437 1496 2506; x_wconf 88' lang='lat' dir='ltr'><strong>Sarphen,</strong></span> <span class='ocrx_word' id='word_1_169' title='bbox 1541 2440 1734 2506; x_wconf 88' lang='lat' dir='ltr'><strong>Sidon,</strong></span> <span class='ocrx_word' id='word_1_170' title='bbox 1787 2443 1980 2501; x_wconf 72' lang='lat' dir='ltr'><strong>civitas</strong></span> 
     </span>
    </p>
   </div>
   <div class='ocr_carea' id='block_1_26' title="bbox 398 2523 1982 2601">
    <p class='ocr_par' dir='ltr' id='par_1_26' title="bbox 398 2523 1982 2601">
     <span class='ocr_line' id='line_1_26' title="bbox 398 2523 1982 2601; baseline 0.009 -24"><span class='ocrx_word' id='word_1_171' title='bbox 398 2523 643 2593; x_wconf 74' lang='lat' dir='ltr'><strong>egregia;</strong></span> <span class='ocrx_word' id='word_1_172' title='bbox 695 2540 760 2578; x_wconf 80' lang='lat' dir='ltr'><strong>ex</strong></span> <span class='ocrx_word' id='word_1_173' title='bbox 794 2541 899 2596; x_wconf 88' lang='lat' dir='ltr'><strong>qua</strong></span> <span class='ocrx_word' id='word_1_174' title='bbox 947 2527 1107 2594; x_wconf 89' lang='lat' dir='ltr'><strong>Dido,</strong></span> <span class='ocrx_word' id='word_1_175' title='bbox 1150 2546 1272 2598; x_wconf 74' lang='lat' dir='ltr'><strong>qua:</strong></span> <span class='ocrx_word' id='word_1_176' title='bbox 1307 2530 1696 2601; x_wconf 80' lang='lat' dir='ltr'><strong>Carthaginem</strong></span> <span class='ocrx_word' id='word_1_177' title='bbox 1731 2548 1982 2592; x_wconf 86' lang='lat' dir='ltr'><strong>constru-</strong></span> 
     </span>
    </p>
   </div>
   <div class='ocr_carea' id='block_1_27' title="bbox 397 2614 1978 2700">
    <p class='ocr_par' dir='ltr' id='par_1_27' title="bbox 397 2614 1978 2700">
     <span class='ocr_line' id='line_1_27' title="bbox 397 2614 1978 2700; baseline 0.011 -34"><span class='ocrx_word' id='word_1_178' title='bbox 397 2614 479 2667; x_wconf 82' lang='lat' dir='ltr'><strong>xit</strong></span> <span class='ocrx_word' id='word_1_179' title='bbox 516 2616 568 2668; x_wconf 91' lang='lat' dir='ltr'><strong>in</strong></span> <span class='ocrx_word' id='word_1_180' title='bbox 622 2616 831 2672; x_wconf 78' lang='lat' dir='ltr'><strong>Africa.</strong></span> <span class='ocrx_word' id='word_1_181' title='bbox 867 2617 1156 2675; x_wconf 81' lang='lat' dir='ltr'><strong>Sexdecitn</strong></span> <span class='ocrx_word' id='word_1_182' title='bbox 1186 2623 1443 2677; x_wconf 89' lang='lat' dir='ltr'><strong>tnilliaria</strong></span> <span class='ocrx_word' id='word_1_183' title='bbox 1475 2640 1504 2679; x_wconf 87' lang='lat' dir='ltr'><strong>a</strong></span> <span class='ocrx_word' id='word_1_184' title='bbox 1541 2626 1760 2694; x_wconf 87' lang='lat' dir='ltr'><strong>Sidone,</strong></span> <span class='ocrx_word' id='word_1_185' title='bbox 1811 2629 1978 2700; x_wconf 88' lang='lat' dir='ltr'><strong>Bery-</strong></span> 
     </span>
    </p>
   </div>
   <div class='ocr_carea' id='block_1_28' title="bbox 400 2708 1978 2789">
    <p class='ocr_par' dir='ltr' id='par_1_28' title="bbox 400 2708 1978 2789">
     <span class='ocr_line' id='line_1_28' title="bbox 400 2708 1978 2789; baseline 0.011 -31"><span class='ocrx_word' id='word_1_186' title='bbox 400 2717 487 2758; x_wconf 89' lang='lat' dir='ltr'><strong>tus</strong></span> <span class='ocrx_word' id='word_1_187' title='bbox 518 2708 928 2776; x_wconf 87' lang='lat' dir='ltr'><strong>opulcntissima</strong></span> <span class='ocrx_word' id='word_1_188' title='bbox 974 2712 1186 2768; x_wconf 85' lang='lat' dir='ltr'><strong>civitas.</strong></span> <span class='ocrx_word' id='word_1_189' title='bbox 1242 2712 1300 2768; x_wconf 92' lang='lat' dir='ltr'><strong>In</strong></span> <span class='ocrx_word' id='word_1_190' title='bbox 1331 2715 1532 2787; x_wconf 85' lang='lat' dir='ltr'><strong>Beryto</strong></span> <span class='ocrx_word' id='word_1_191' title='bbox 1566 2721 1812 2789; x_wconf 82' lang='lat' dir='ltr'><strong>quaedam</strong></span> <span class='ocrx_word' id='word_1_192' title='bbox 1860 2721 1978 2775; x_wconf 87' lang='lat' dir='ltr'><strong>Sal-</strong></span> 
     </span>
    </p>
   </div>
   <div class='ocr_carea' id='block_1_29' title="bbox 398 2797 1974 2878">
    <p class='ocr_par' dir='ltr' id='par_1_29' title="bbox 398 2797 1974 2878">
     <span class='ocr_line' id='line_1_29' title="bbox 398 2797 1974 2878; baseline 0.01 -32"><span class='ocrx_word' id='word_1_193' title='bbox 398 2797 602 2850; x_wconf 78' lang='lat' dir='ltr'><strong>vatoris</strong></span> <span class='ocrx_word' id='word_1_194' title='bbox 653 2801 824 2853; x_wconf 88' lang='lat' dir='ltr'><strong>nostri</strong></span> <span class='ocrx_word' id='word_1_195' title='bbox 882 2802 1028 2869; x_wconf 89' lang='lat' dir='ltr'><strong>icon,</strong></span> <span class='ocrx_word' id='word_1_196' title='bbox 1083 2817 1194 2856; x_wconf 89' lang='lat' dir='ltr'><strong>non</strong></span> <span class='ocrx_word' id='word_1_197' title='bbox 1240 2805 1468 2859; x_wconf 91' lang='lat' dir='ltr'><strong>multum</strong></span> <span class='ocrx_word' id='word_1_198' title='bbox 1518 2818 1639 2876; x_wconf 90' lang='lat' dir='ltr'><strong>post</strong></span> <span class='ocrx_word' id='word_1_199' title='bbox 1665 2811 1974 2878; x_wconf 88' lang='lat' dir='ltr'><strong>passionem</strong></span> 
     </span>
    </p>
   </div>
   <div class='ocr_carea' id='block_1_30' title="bbox 394 2889 1974 2968">
    <p class='ocr_par' dir='ltr' id='par_1_30' title="bbox 394 2889 1974 2968">
     <span class='ocr_line' id='line_1_30' title="bbox 394 2889 1974 2968; baseline 0.009 -25"><span class='ocrx_word' id='word_1_200' title='bbox 394 2889 514 2957; x_wconf 82' lang='lat' dir='ltr'><strong>ejus</strong></span> <span class='ocrx_word' id='word_1_201' title='bbox 548 2891 614 2944; x_wconf 89' lang='lat' dir='ltr'><strong>ad</strong></span> <span class='ocrx_word' id='word_1_202' title='bbox 649 2892 999 2963; x_wconf 80' lang='lat' dir='ltr'><strong>ignominiam</strong></span> <span class='ocrx_word' id='word_1_203' title='bbox 1047 2896 1168 2965; x_wconf 88' lang='lat' dir='ltr'><strong>ejus</strong></span> <span class='ocrx_word' id='word_1_204' title='bbox 1193 2913 1222 2952; x_wconf 88' lang='lat' dir='ltr'><strong>a</strong></span> <span class='ocrx_word' id='word_1_205' title='bbox 1252 2899 1574 2968; x_wconf 89' lang='lat' dir='ltr'><strong>quibusdam</strong></span> <span class='ocrx_word' id='word_1_206' title='bbox 1608 2900 1810 2956; x_wconf 67' lang='lat' dir='ltr'><strong>Judaeis</strong></span> <span class='ocrx_word' id='word_1_207' title='bbox 1843 2902 1974 2956; x_wconf 88' lang='lat' dir='ltr'><strong>ridi-</strong></span> 
     </span>
    </p>
   </div>
   <div class='ocr_carea' id='block_1_31' title="bbox 363 2981 1970 3062">
    <p class='ocr_par' dir='ltr' id='par_1_31' title="bbox 363 2981 1970 3062">
     <span class='ocr_line' id='line_1_31' title="bbox 363 2981 1970 3062; baseline 0.007 -28"><span class='ocrx_word' id='word_1_208' title='bbox 363 2981 580 3035; x_wconf 30' lang='lat' dir='ltr'><strong>.eulose</strong></span> <span class='ocrx_word' id='word_1_209' title='bbox 622 2983 902 3051; x_wconf 80' lang='lat' dir='ltr'><strong>cruciﬂxa,</strong></span> <span class='ocrx_word' id='word_1_210' title='bbox 957 2989 1278 3056; x_wconf 88' lang='lat' dir='ltr'><strong>sanguinem</strong></span> <span class='ocrx_word' id='word_1_211' title='bbox 1319 2991 1575 3059; x_wconf 83' lang='lat' dir='ltr'><strong>produxit</strong></span> <span class='ocrx_word' id='word_1_212' title='bbox 1634 3003 1689 3047; x_wconf 92' lang='lat' dir='ltr'><strong>et</strong></span> <span class='ocrx_word' id='word_1_213' title='bbox 1738 3009 1970 3062; x_wconf 89' lang='lat' dir='ltr'><strong>aquam;</strong></span> 
     </span>
    </p>
   </div>
   <div class='ocr_carea' id='block_1_32' title="bbox 392 3075 1971 3154">
    <p class='ocr_par' dir='ltr' id='par_1_32' title="bbox 392 3075 1971 3154">
     <span class='ocr_line' id='line_1_32' title="bbox 392 3075 1971 3154; baseline 0.01 -30"><span class='ocrx_word' id='word_1_214' title='bbox 392 3075 534 3126; x_wconf 85' lang='lat' dir='ltr'><strong>unde</strong></span> <span class='ocrx_word' id='word_1_215' title='bbox 564 3083 618 3127; x_wconf 92' lang='lat' dir='ltr'><strong>et</strong></span> <span class='ocrx_word' id='word_1_216' title='bbox 647 3075 798 3128; x_wconf 91' lang='lat' dir='ltr'><strong>multi</strong></span> <span class='ocrx_word' id='word_1_217' title='bbox 836 3075 889 3129; x_wconf 90' lang='lat' dir='ltr'><strong>in</strong></span> <span class='ocrx_word' id='word_1_218' title='bbox 917 3091 1044 3134; x_wconf 88' lang='lat' dir='ltr'><strong>vero</strong></span> <span class='ocrx_word' id='word_1_219' title='bbox 1080 3079 1351 3135; x_wconf 81' lang='lat' dir='ltr'><strong>Cruciﬁxo</strong></span> <span class='ocrx_word' id='word_1_220' title='bbox 1380 3083 1748 3150; x_wconf 88' lang='lat' dir='ltr'><strong>crediderunt,</strong></span> <span class='ocrx_word' id='word_1_221' title='bbox 1789 3085 1971 3154; x_wconf 85' lang='lat' dir='ltr'><strong>bapti-</strong></span> 
     </span>
    </p>
   </div>
   <div class='ocr_carea' id='block_1_33' title="bbox 2092 601 3671 674">
    <p class='ocr_par' dir='ltr' id='par_1_33' title="bbox 2092 601 3671 674">
     <span class='ocr_line' id='line_1_33' title="bbox 2092 601 3671 674; baseline 0.006 -18"><span class='ocrx_word' id='word_1_222' title='bbox 2092 601 2432 657; x_wconf 89' lang='lat' dir='ltr'><strong>Candidatio.</strong></span> <span class='ocrx_word' id='word_1_223' title='bbox 2478 601 2554 658; x_wconf 89' lang='lat' dir='ltr'><strong>De</strong></span> <span class='ocrx_word' id='word_1_224' title='bbox 2597 619 2704 674; x_wconf 91' lang='lat' dir='ltr'><strong>quo</strong></span> <span class='ocrx_word' id='word_1_225' title='bbox 2758 607 2811 660; x_wconf 92' lang='lat' dir='ltr'><strong>in</strong></span> <span class='ocrx_word' id='word_1_226' title='bbox 2843 608 3124 662; x_wconf 83' lang='lat' dir='ltr'><strong>Canticis:</strong></span> <span class='ocrx_word' id='word_1_227' title='bbox 3167 607 3292 663; x_wconf 85' lang='lat' dir='ltr'><strong>Veni</strong></span> <span class='ocrx_word' id='word_1_228' title='bbox 3326 611 3390 663; x_wconf 86' lang='lat' dir='ltr'><strong>de</strong></span> <span class='ocrx_word' id='word_1_229' title='bbox 3445 609 3671 672; x_wconf 80' lang='lat' dir='ltr'><strong>Libano.</strong></span> 
     </span>
    </p>
   </div>
   <div class='ocr_carea' id='block_1_34' title="bbox 2089 695 3667 768">
    <p class='ocr_par' dir='ltr' id='par_1_34' title="bbox 2089 695 3667 768">
     <span class='ocr_line' id='line_1_34' title="bbox 2089 695 3667 768; baseline 0.004 -21"><span class='ocrx_word' id='word_1_230' title='bbox 2089 709 2282 759; x_wconf 72' lang='lat' dir='ltr'><strong>sponsa</strong></span> <span class='ocrx_word' id='word_1_231' title='bbox 2339 711 2474 762; x_wconf 86' lang='lat' dir='ltr'><strong>mea,</strong></span> <span class='ocrx_word' id='word_1_232' title='bbox 2510 695 2752 750; x_wconf 83' lang='lat' dir='ltr'><strong>columba</strong></span> <span class='ocrx_word' id='word_1_233' title='bbox 2805 715 2918 752; x_wconf 87' lang='lat' dir='ltr'><strong>mea</strong></span> <span class='ocrx_word' id='word_1_234' title='bbox 2953 699 2993 751; x_wconf 74' lang='grc'><strong>⁸.</strong></span> <span class='ocrx_word' id='word_1_235' title='bbox 3026 701 3106 754; x_wconf 81' lang='lat' dir='ltr'><strong>Ad</strong></span> <span class='ocrx_word' id='word_1_236' title='bbox 3159 700 3395 754; x_wconf 88' lang='lat' dir='ltr'><strong>radicem</strong></span> <span class='ocrx_word' id='word_1_237' title='bbox 3452 699 3667 768; x_wconf 88' lang='lat' dir='ltr'><strong>Libani,</strong></span> 
     </span>
    </p>
   </div>
   <div class='ocr_carea' id='block_1_35' title="bbox 2090 783 3668 854">
    <p class='ocr_par' dir='ltr' id='par_1_35' title="bbox 2090 783 3668 854">
     <span class='ocr_line' id='line_1_35' title="bbox 2090 783 3668 854; baseline 0.005 -16"><span class='ocrx_word' id='word_1_238' title='bbox 2090 783 2376 853; x_wconf 84' lang='lat' dir='ltr'><strong>Pharphar</strong></span> <span class='ocrx_word' id='word_1_239' title='bbox 2412 795 2468 841; x_wconf 89' lang='lat' dir='ltr'><strong>et</strong></span> <span class='ocrx_word' id='word_1_240' title='bbox 2498 786 2707 854; x_wconf 82' lang='lat' dir='ltr'><strong>Abana,</strong></span> <span class='ocrx_word' id='word_1_241' title='bbox 2740 787 2886 843; x_wconf 89' lang='lat' dir='ltr'><strong>ﬂuvii</strong></span> <span class='ocrx_word' id='word_1_242' title='bbox 2918 789 3185 845; x_wconf 87' lang='lat' dir='ltr'><strong>Damasci.</strong></span> <span class='ocrx_word' id='word_1_243' title='bbox 3222 789 3431 846; x_wconf 83' lang='lat' dir='ltr'><strong>Montes</strong></span> <span class='ocrx_word' id='word_1_244' title='bbox 3476 791 3668 846; x_wconf 85' lang='lat' dir='ltr'><strong>Libani</strong></span> 
     </span>
    </p>
   </div>
   <div class='ocr_carea' id='block_1_36' title="bbox 2089 875 3670 947">
    <p class='ocr_par' dir='ltr' id='par_1_36' title="bbox 2089 875 3670 947">
     <span class='ocr_line' id='line_1_36' title="bbox 2089 875 3670 947; baseline 0.004 -18"><span class='ocrx_word' id='word_1_245' title='bbox 2089 885 2144 929; x_wconf 88' lang='lat' dir='ltr'><strong>et</strong></span> <span class='ocrx_word' id='word_1_246' title='bbox 2171 875 2449 944; x_wconf 90' lang='lat' dir='ltr'><strong>planitiem</strong></span> <span class='ocrx_word' id='word_1_247' title='bbox 2479 877 2748 932; x_wconf 88' lang='lat' dir='ltr'><strong>archados</strong></span> <span class='ocrx_word' id='word_1_248' title='bbox 2795 878 3068 932; x_wconf 77' lang='lat' dir='ltr'><strong>transiluit</strong></span> <span class='ocrx_word' id='word_1_249' title='bbox 3111 880 3321 947; x_wconf 87' lang='lat' dir='ltr'><strong>Abaua,</strong></span> <span class='ocrx_word' id='word_1_250' title='bbox 3374 882 3509 935; x_wconf 90' lang='lat' dir='ltr'><strong>mari</strong></span> <span class='ocrx_word' id='word_1_251' title='bbox 3550 898 3670 943; x_wconf 84' lang='lat' dir='ltr'><strong>ma-</strong></span> 
     </span>
    </p>
   </div>
   <div class='ocr_carea' id='block_1_37' title="bbox 2090 968 3668 1042">
    <p class='ocr_par' dir='ltr' id='par_1_37' title="bbox 2090 968 3668 1042">
     <span class='ocr_line' id='line_1_37' title="bbox 2090 968 3668 1042; baseline 0.004 -22"><span class='ocrx_word' id='word_1_252' title='bbox 2090 982 2196 1036; x_wconf 91' lang='lat' dir='ltr'><strong>gno</strong></span> <span class='ocrx_word' id='word_1_253' title='bbox 2227 982 2286 1022; x_wconf 86' lang='lat' dir='ltr'><strong>se</strong></span> <span class='ocrx_word' id='word_1_254' title='bbox 2333 968 2621 1038; x_wconf 85' lang='lat' dir='ltr'><strong>copulans,</strong></span> <span class='ocrx_word' id='word_1_255' title='bbox 2676 970 2876 1026; x_wconf 90' lang='lat' dir='ltr'><strong>ﬁnibus</strong></span> <span class='ocrx_word' id='word_1_256' title='bbox 2909 971 3036 1036; x_wconf 89' lang='lat' dir='ltr'><strong>illis,</strong></span> <span class='ocrx_word' id='word_1_257' title='bbox 3070 973 3268 1042; x_wconf 89' lang='lat' dir='ltr'><strong>quibus</strong></span> <span class='ocrx_word' id='word_1_258' title='bbox 3302 983 3525 1028; x_wconf 89' lang='lat' dir='ltr'><strong>sanctus</strong></span> <span class='ocrx_word' id='word_1_259' title='bbox 3559 972 3668 1027; x_wconf 84' lang='lat' dir='ltr'><strong>Eu-</strong></span> 
     </span>
    </p>
   </div>
   <div class='ocr_carea' id='block_1_38' title="bbox 2086 1059 3745 1129">
    <p class='ocr_par' dir='ltr' id='par_1_38' title="bbox 2086 1059 3745 1129">
     <span class='ocr_line' id='line_1_38' title="bbox 2086 1059 3745 1129; baseline 0.002 -15"><span class='ocrx_word' id='word_1_260' title='bbox 2086 1059 2354 1127; x_wconf 87' lang='lat' dir='ltr'><strong>stachius,</strong></span> <span class='ocrx_word' id='word_1_261' title='bbox 2390 1060 2458 1115; x_wconf 91' lang='lat' dir='ltr'><strong>ab</strong></span> <span class='ocrx_word' id='word_1_262' title='bbox 2483 1075 2652 1116; x_wconf 83' lang='lat' dir='ltr'><strong>uxore</strong></span> <span class='ocrx_word' id='word_1_263' title='bbox 2682 1076 2779 1115; x_wconf 89' lang='lat' dir='ltr'><strong>sua</strong></span> <span class='ocrx_word' id='word_1_264' title='bbox 2815 1062 3074 1129; x_wconf 89' lang='lat' dir='ltr'><strong>privatus,</strong></span> <span class='ocrx_word' id='word_1_265' title='bbox 3108 1072 3162 1117; x_wconf 91' lang='lat' dir='ltr'><strong>et</strong></span> <span class='ocrx_word' id='word_1_266' title='bbox 3190 1063 3314 1118; x_wconf 88' lang='lat' dir='ltr'><strong>ﬁliis</strong></span> <span class='ocrx_word' id='word_1_267' title='bbox 3347 1066 3626 1118; x_wconf 87' lang='lat' dir='ltr'><strong>desolatus</strong></span> <span class='ocrx_word' id='word_1_268' title='bbox 3650 1102 3669 1129; x_wconf 94' lang='lat'><strong>,</strong></span> <span class='ocrx_word' id='word_1_269' title='bbox 3721 1059 3745 1118; x_wconf 40' lang='grc' dir='ltr'>λι</span> 
     </span>
    </p>
   </div>
   <div class='ocr_carea' id='block_1_39' title="bbox 2089 1151 3666 1224">
    <p class='ocr_par' dir='ltr' id='par_1_39' title="bbox 2089 1151 3666 1224">
     <span class='ocr_line' id='line_1_39' title="bbox 2089 1151 3666 1224; baseline 0.003 -19"><span class='ocrx_word' id='word_1_270' title='bbox 2089 1151 2340 1207; x_wconf 87' lang='lat' dir='ltr'><strong>recessit.</strong></span> <span class='ocrx_word' id='word_1_271' title='bbox 2373 1151 2656 1222; x_wconf 88' lang='lat' dir='ltr'><strong>Pharpbar</strong></span> <span class='ocrx_word' id='word_1_272' title='bbox 2688 1168 2783 1220; x_wconf 89' lang='lat' dir='ltr'><strong>per</strong></span> <span class='ocrx_word' id='word_1_273' title='bbox 2816 1152 3027 1224; x_wconf 86' lang='lat' dir='ltr'><strong>Syriam</strong></span> <span class='ocrx_word' id='word_1_274' title='bbox 3068 1155 3238 1209; x_wconf 86' lang='lat' dir='ltr'><strong>tendit</strong></span> <span class='ocrx_word' id='word_1_275' title='bbox 3273 1155 3576 1219; x_wconf 78' lang='lat' dir='ltr'><strong>Reblatam,</strong></span> <span class='ocrx_word' id='word_1_276' title='bbox 3612 1155 3666 1210; x_wconf 91' lang='lat' dir='ltr'><strong>id</strong></span> 
     </span>
    </p>
   </div>
   <div class='ocr_carea' id='block_1_40' title="bbox 2087 1240 3666 1314">
    <p class='ocr_par' dir='ltr' id='par_1_40' title="bbox 2087 1240 3666 1314">
     <span class='ocr_line' id='line_1_40' title="bbox 2087 1240 3666 1314; baseline 0.002 -18"><span class='ocrx_word' id='word_1_277' title='bbox 2087 1250 2193 1307; x_wconf 89' lang='lat' dir='ltr'><strong>est,</strong></span> <span class='ocrx_word' id='word_1_278' title='bbox 2221 1240 2604 1307; x_wconf 86' lang='lat' dir='ltr'><strong>Antiochiam;</strong></span> <span class='ocrx_word' id='word_1_279' title='bbox 2646 1241 2945 1312; x_wconf 88' lang='lat' dir='ltr'><strong>labensque</strong></span> <span class='ocrx_word' id='word_1_280' title='bbox 2970 1257 3130 1298; x_wconf 89' lang='lat' dir='ltr'><strong>secus</strong></span> <span class='ocrx_word' id='word_1_281' title='bbox 3177 1259 3361 1298; x_wconf 91' lang='lat' dir='ltr'><strong>muros</strong></span> <span class='ocrx_word' id='word_1_282' title='bbox 3392 1244 3532 1314; x_wconf 86' lang='lat' dir='ltr'><strong>ejus,</strong></span> <span class='ocrx_word' id='word_1_283' title='bbox 3567 1243 3666 1298; x_wconf 84' lang='lat' dir='ltr'><strong>de-</strong></span> 
     </span>
    </p>
   </div>
   <div class='ocr_carea' id='block_1_41' title="bbox 2085 1330 3667 1404">
    <p class='ocr_par' dir='ltr' id='par_1_41' title="bbox 2085 1330 3667 1404">
     <span class='ocr_line' id='line_1_41' title="bbox 2085 1330 3667 1404; baseline 0.003 -18"><span class='ocrx_word' id='word_1_284' title='bbox 2085 1346 2205 1386; x_wconf 89' lang='lat' dir='ltr'><strong>cem</strong></span> <span class='ocrx_word' id='word_1_285' title='bbox 2229 1330 2478 1386; x_wconf 88' lang='lat' dir='ltr'><strong>milliaria</strong></span> <span class='ocrx_word' id='word_1_286' title='bbox 2511 1332 2580 1386; x_wconf 90' lang='lat' dir='ltr'><strong>ab</strong></span> <span class='ocrx_word' id='word_1_287' title='bbox 2607 1333 2891 1388; x_wconf 90' lang='lat' dir='ltr'><strong>Antiochia</strong></span> <span class='ocrx_word' id='word_1_288' title='bbox 2930 1334 2983 1388; x_wconf 93' lang='lat' dir='ltr'><strong>in</strong></span> <span class='ocrx_word' id='word_1_289' title='bbox 3019 1343 3179 1404; x_wconf 90' lang='lat' dir='ltr'><strong>portu</strong></span> <span class='ocrx_word' id='word_1_290' title='bbox 3204 1333 3373 1388; x_wconf 88' lang='lat' dir='ltr'><strong>Soliut</strong></span> <span class='ocrx_word' id='word_1_291' title='bbox 3403 1345 3527 1389; x_wconf 89' lang='lat' dir='ltr'><strong>ortu</strong></span> <span class='ocrx_word' id='word_1_292' title='bbox 3559 1335 3667 1391; x_wconf 89' lang='lat' dir='ltr'><strong>sci-</strong></span> 
     </span>
    </p>
   </div>
   <div class='ocr_carea' id='block_1_42' title="bbox 2087 1421 3667 1491">
    <p class='ocr_par' dir='ltr' id='par_1_42' title="bbox 2087 1421 3667 1491">
     <span class='ocr_line' id='line_1_42' title="bbox 2087 1421 3667 1491; baseline 0.005 -17"><span class='ocrx_word' id='word_1_293' title='bbox 2087 1421 2216 1476; x_wconf 88' lang='lat' dir='ltr'><strong>licet</strong></span> <span class='ocrx_word' id='word_1_294' title='bbox 2243 1423 2417 1477; x_wconf 87' lang='lat' dir='ltr'><strong>sancti</strong></span> <span class='ocrx_word' id='word_1_295' title='bbox 2471 1424 2767 1491; x_wconf 89' lang='lat' dir='ltr'><strong>Simeonis,</strong></span> <span class='ocrx_word' id='word_1_296' title='bbox 2802 1425 3203 1482; x_wconf 90' lang='lat' dir='ltr'><strong>mediterraneo</strong></span> <span class='ocrx_word' id='word_1_297' title='bbox 3234 1427 3369 1483; x_wconf 84' lang='lat' dir='ltr'><strong>mari</strong></span> <span class='ocrx_word' id='word_1_298' title='bbox 3410 1441 3472 1483; x_wconf 90' lang='lat' dir='ltr'><strong>se</strong></span> <span class='ocrx_word' id='word_1_299' title='bbox 3512 1443 3667 1484; x_wconf 79' lang='lat' dir='ltr'><strong>eom-</strong></span> 
     </span>
    </p>
   </div>
   <div class='ocr_carea' id='block_1_43' title="bbox 2089 1513 3664 1590">
    <p class='ocr_par' dir='ltr' id='par_1_43' title="bbox 2089 1513 3664 1590">
     <span class='ocr_line' id='line_1_43' title="bbox 2089 1513 3664 1590; baseline 0.006 -26"><span class='ocrx_word' id='word_1_300' title='bbox 2089 1513 2334 1568; x_wconf 88' lang='lat' dir='ltr'><strong>mendat.</strong></span> <span class='ocrx_word' id='word_1_301' title='bbox 2372 1513 2428 1568; x_wconf 92' lang='lat' dir='ltr'><strong>ln</strong></span> <span class='ocrx_word' id='word_1_302' title='bbox 2453 1515 2749 1572; x_wconf 84' lang='lat' dir='ltr'><strong>Antiochia</strong></span> <span class='ocrx_word' id='word_1_303' title='bbox 2788 1517 2928 1573; x_wconf 85' lang='lat' dir='ltr'><strong>sedit</strong></span> <span class='ocrx_word' id='word_1_304' title='bbox 2985 1517 3180 1574; x_wconf 86' lang='lat' dir='ltr'><strong>beatus</strong></span> <span class='ocrx_word' id='word_1_305' title='bbox 3211 1518 3408 1573; x_wconf 89' lang='lat' dir='ltr'><strong>Petrus</strong></span> <span class='ocrx_word' id='word_1_306' title='bbox 3453 1530 3664 1590; x_wconf 88' lang='lat' dir='ltr'><strong>septem</strong></span> 
     </span>
    </p>
   </div>
   <div class='ocr_carea' id='block_1_44' title="bbox 2087 1607 3664 1676">
    <p class='ocr_par' dir='ltr' id='par_1_44' title="bbox 2087 1607 3664 1676">
     <span class='ocr_line' id='line_1_44' title="bbox 2087 1607 3664 1676; baseline 0.006 -17"><span class='ocrx_word' id='word_1_307' title='bbox 2087 1607 2268 1671; x_wconf 90' lang='lat' dir='ltr'><strong>annis,</strong></span> <span class='ocrx_word' id='word_1_308' title='bbox 2319 1607 2613 1676; x_wconf 80' lang='lat' dir='ltr'><strong>pontiﬁcali</strong></span> <span class='ocrx_word' id='word_1_309' title='bbox 2669 1611 2957 1668; x_wconf 86' lang='lat' dir='ltr'><strong>decoratus</strong></span> <span class='ocrx_word' id='word_1_310' title='bbox 3022 1611 3219 1668; x_wconf 85' lang='lat' dir='ltr'><strong>infula.</strong></span> <span class='ocrx_word' id='word_1_311' title='bbox 3290 1613 3373 1667; x_wconf 83' lang='lat' dir='ltr'><strong>Ad</strong></span> <span class='ocrx_word' id='word_1_312' title='bbox 3425 1613 3664 1668; x_wconf 91' lang='lat' dir='ltr'><strong>radicem</strong></span> 
     </span>
    </p>
   </div>
   <div class='ocr_carea' id='block_1_45' title="bbox 2084 1697 3664 1783">
    <p class='ocr_par' dir='ltr' id='par_1_45' title="bbox 2084 1697 3664 1783">
     <span class='ocr_line' id='line_1_45' title="bbox 2084 1697 3664 1783; baseline 0.005 -31"><span class='ocrx_word' id='word_1_313' title='bbox 2084 1697 2300 1762; x_wconf 83' lang='lat' dir='ltr'><strong>Libani,</strong></span> <span class='ocrx_word' id='word_1_314' title='bbox 2335 1701 2531 1756; x_wconf 85' lang='lat' dir='ltr'><strong>civitas</strong></span> <span class='ocrx_word' id='word_1_315' title='bbox 2571 1701 2786 1783; x_wconf 34' lang='lat' dir='ltr'><strong>Paneas&#39;</strong></span> <span class='ocrx_word' id='word_1_316' title='bbox 2822 1703 2925 1758; x_wconf 88' lang='lat' dir='ltr'><strong>sita</strong></span> <span class='ocrx_word' id='word_1_317' title='bbox 2975 1712 3078 1771; x_wconf 89' lang='lat' dir='ltr'><strong>est,</strong></span> <span class='ocrx_word' id='word_1_318' title='bbox 3132 1704 3186 1760; x_wconf 90' lang='lat' dir='ltr'><strong>id</strong></span> <span class='ocrx_word' id='word_1_319' title='bbox 3228 1713 3336 1770; x_wconf 92' lang='lat' dir='ltr'><strong>est,</strong></span> <span class='ocrx_word' id='word_1_320' title='bbox 3388 1703 3664 1776; x_wconf 80' lang='lat' dir='ltr'><strong>ilelymas,</strong></span> 
     </span>
    </p>
   </div>
   <div class='ocr_carea' id='block_1_46' title="bbox 2085 1790 3663 1862">
    <p class='ocr_par' dir='ltr' id='par_1_46' title="bbox 2085 1790 3663 1862">
     <span class='ocr_line' id='line_1_46' title="bbox 2085 1790 3663 1862; baseline 0.004 -20"><span class='ocrx_word' id='word_1_321' title='bbox 2085 1803 2207 1859; x_wconf 82' lang='lat' dir='ltr'><strong>quae</strong></span> <span class='ocrx_word' id='word_1_322' title='bbox 2241 1800 2296 1845; x_wconf 90' lang='lat' dir='ltr'><strong>et</strong></span> <span class='ocrx_word' id='word_1_323' title='bbox 2343 1790 2589 1848; x_wconf 81' lang='lat' dir='ltr'><strong>Caesarea</strong></span> <span class='ocrx_word' id='word_1_324' title='bbox 2618 1793 2877 1862; x_wconf 89' lang='lat' dir='ltr'><strong>Philippi.</strong></span> <span class='ocrx_word' id='word_1_325' title='bbox 2906 1794 2989 1849; x_wconf 84' lang='lat' dir='ltr'><strong>Ad</strong></span> <span class='ocrx_word' id='word_1_326' title='bbox 3036 1795 3271 1850; x_wconf 88' lang='lat' dir='ltr'><strong>radicem</strong></span> <span class='ocrx_word' id='word_1_327' title='bbox 3307 1794 3520 1862; x_wconf 89' lang='lat' dir='ltr'><strong>Libani,</strong></span> <span class='ocrx_word' id='word_1_328' title='bbox 3551 1795 3663 1850; x_wconf 88' lang='lat' dir='ltr'><strong>Dan</strong></span> 
     </span>
    </p>
   </div>
   <div class='ocr_carea' id='block_1_47' title="bbox 2086 1879 3663 1955">
    <p class='ocr_par' dir='ltr' id='par_1_47' title="bbox 2086 1879 3663 1955">
     <span class='ocr_line' id='line_1_47' title="bbox 2086 1879 3663 1955; baseline 0.002 -19"><span class='ocrx_word' id='word_1_329' title='bbox 2086 1889 2142 1936; x_wconf 91' lang='lat' dir='ltr'><strong>et</strong></span> <span class='ocrx_word' id='word_1_330' title='bbox 2167 1879 2261 1935; x_wconf 85' lang='lat' dir='ltr'><strong>Jor</strong></span> <span class='ocrx_word' id='word_1_331' title='bbox 2286 1885 2562 1950; x_wconf 91' lang='lat' dir='ltr'><strong>oriuntur,</strong></span> <span class='ocrx_word' id='word_1_332' title='bbox 2589 1884 2766 1940; x_wconf 77' lang='lat' dir='ltr'><strong>fontes</strong></span> <span class='ocrx_word' id='word_1_333' title='bbox 2798 1885 2870 1939; x_wconf 92' lang='lat' dir='ltr'><strong>illi</strong></span> <span class='ocrx_word' id='word_1_334' title='bbox 2891 1886 3018 1951; x_wconf 89' lang='lat' dir='ltr'><strong>duo,</strong></span> <span class='ocrx_word' id='word_1_335' title='bbox 3044 1885 3110 1940; x_wconf 90' lang='lat' dir='ltr'><strong>de</strong></span> <span class='ocrx_word' id='word_1_336' title='bbox 3134 1886 3352 1955; x_wconf 91' lang='lat' dir='ltr'><strong>quibus,</strong></span> <span class='ocrx_word' id='word_1_337' title='bbox 3380 1886 3480 1941; x_wconf 88' lang='lat' dir='ltr'><strong>sub</strong></span> <span class='ocrx_word' id='word_1_338' title='bbox 3512 1902 3663 1940; x_wconf 89' lang='lat' dir='ltr'><strong>mon-</strong></span> 
     </span>
    </p>
   </div>
   <div class='ocr_carea' id='block_1_48' title="bbox 2091 1973 3667 2046">
    <p class='ocr_par' dir='ltr' id='par_1_48' title="bbox 2091 1973 3667 2046">
     <span class='ocr_line' id='line_1_48' title="bbox 2091 1973 3667 2046; baseline 0.004 -21"><span class='ocrx_word' id='word_1_339' title='bbox 2091 1973 2235 2027; x_wconf 91' lang='lat' dir='ltr'><strong>tibus</strong></span> <span class='ocrx_word' id='word_1_340' title='bbox 2265 1973 2492 2040; x_wconf 90' lang='lat' dir='ltr'><strong>Gclboe,</strong></span> <span class='ocrx_word' id='word_1_341' title='bbox 2541 1973 2794 2031; x_wconf 72' lang='lat' dir='ltr'><strong>Iordanis</strong></span> <span class='ocrx_word' id='word_1_342' title='bbox 2827 1975 3135 2032; x_wconf 87' lang='lat' dir='ltr'><strong>conﬁcitur.</strong></span> <span class='ocrx_word' id='word_1_343' title='bbox 3182 1977 3239 2030; x_wconf 93' lang='lat' dir='ltr'><strong>In</strong></span> <span class='ocrx_word' id='word_1_344' title='bbox 3275 1991 3384 2046; x_wconf 92' lang='lat' dir='ltr'><strong>quo</strong></span> <span class='ocrx_word' id='word_1_345' title='bbox 3415 1978 3667 2032; x_wconf 75' lang='lat' dir='ltr'><strong>Cluis&#39;us</strong></span> 
     </span>
    </p>
   </div>
   <div class='ocr_carea' id='block_1_49' title="bbox 2085 2064 3663 2137">
    <p class='ocr_par' dir='ltr' id='par_1_49' title="bbox 2085 2064 3663 2137">
     <span class='ocr_line' id='line_1_49' title="bbox 2085 2064 3663 2137; baseline 0.001 -19"><span class='ocrx_word' id='word_1_346' title='bbox 2085 2080 2114 2118; x_wconf 89' lang='lat' dir='ltr'><strong>a</strong></span> <span class='ocrx_word' id='word_1_347' title='bbox 2146 2064 2376 2133; x_wconf 86' lang='lat' dir='ltr'><strong>Joanne,</strong></span> <span class='ocrx_word' id='word_1_348' title='bbox 2414 2082 2748 2136; x_wconf 85' lang='lat' dir='ltr'><strong>praccursore</strong></span> <span class='ocrx_word' id='word_1_349' title='bbox 2772 2067 2908 2137; x_wconf 88' lang='lat' dir='ltr'><strong>ejus,</strong></span> <span class='ocrx_word' id='word_1_350' title='bbox 2948 2069 3110 2124; x_wconf 91' lang='lat' dir='ltr'><strong>tertio</strong></span> <span class='ocrx_word' id='word_1_351' title='bbox 3148 2067 3326 2137; x_wconf 86' lang='lat' dir='ltr'><strong>lapide</strong></span> <span class='ocrx_word' id='word_1_352' title='bbox 3361 2083 3389 2120; x_wconf 90' lang='lat' dir='ltr'><strong>a</strong></span> <span class='ocrx_word' id='word_1_353' title='bbox 3420 2065 3663 2132; x_wconf 85' lang='lat' dir='ltr'><strong>Jericbo,</strong></span> 
     </span>
    </p>
   </div>
   <div class='ocr_carea' id='block_1_50' title="bbox 2082 2156 3665 2229">
    <p class='ocr_par' dir='ltr' id='par_1_50' title="bbox 2082 2156 3665 2229">
     <span class='ocr_line' id='line_1_50' title="bbox 2082 2156 3665 2229; baseline 0.003 -19"><span class='ocrx_word' id='word_1_354' title='bbox 2082 2156 2348 2226; x_wconf 79' lang='lat' dir='ltr'><strong>baptizari</strong></span> <span class='ocrx_word' id='word_1_355' title='bbox 2381 2159 2551 2214; x_wconf 90' lang='lat' dir='ltr'><strong>voluit</strong></span> <span class='ocrx_word' id='word_1_356' title='bbox 2577 2177 2594 2222; x_wconf 85' lang='lat'><strong>;</strong></span> <span class='ocrx_word' id='word_1_357' title='bbox 2627 2159 2680 2214; x_wconf 89' lang='lat' dir='ltr'><strong>in</strong></span> <span class='ocrx_word' id='word_1_358' title='bbox 2717 2175 2824 2229; x_wconf 91' lang='lat' dir='ltr'><strong>quo</strong></span> <span class='ocrx_word' id='word_1_359' title='bbox 2852 2161 3016 2214; x_wconf 91' lang='lat' dir='ltr'><strong>etiam</strong></span> <span class='ocrx_word' id='word_1_360' title='bbox 3046 2159 3163 2215; x_wconf 90' lang='lat' dir='ltr'><strong>loco</strong></span> <span class='ocrx_word' id='word_1_361' title='bbox 3193 2174 3299 2213; x_wconf 79' lang='lat' dir='ltr'><strong>vox</strong></span> <span class='ocrx_word' id='word_1_362' title='bbox 3329 2157 3509 2214; x_wconf 86' lang='lat' dir='ltr'><strong>Patris</strong></span> <span class='ocrx_word' id='word_1_363' title='bbox 3545 2159 3665 2228; x_wconf 85' lang='lat' dir='ltr'><strong>ejus</strong></span> 
     </span>
    </p>
   </div>
   <div class='ocr_carea' id='block_1_51' title="bbox 2059 2249 3661 2317">
    <p class='ocr_par' dir='ltr' id='par_1_51' title="bbox 2059 2249 3661 2317">
     <span class='ocr_line' id='line_1_51' title="bbox 2059 2249 3661 2317; baseline 0.002 -15"><span class='ocrx_word' id='word_1_364' title='bbox 2059 2249 2338 2317; x_wconf 87' lang='lat' dir='ltr'><strong>-intonuit,</strong></span> <span class='ocrx_word' id='word_1_365' title='bbox 2383 2250 2574 2307; x_wconf 85' lang='lat' dir='ltr'><strong>dicens</strong></span> <span class='ocrx_word' id='word_1_366' title='bbox 2611 2269 2625 2305; x_wconf 76' lang='grc' dir='ltr'><strong>ε</strong></span> <span class='ocrx_word' id='word_1_367' title='bbox 2659 2252 2760 2306; x_wconf 82' lang='lat' dir='ltr'><strong>Hic</strong></span> <span class='ocrx_word' id='word_1_368' title='bbox 2807 2261 2884 2306; x_wconf 72' lang='lat' dir='ltr'><strong>est</strong></span> <span class='ocrx_word' id='word_1_369' title='bbox 2936 2249 3115 2306; x_wconf 84' lang='lat' dir='ltr'><strong>Filius</strong></span> <span class='ocrx_word' id='word_1_370' title='bbox 3169 2268 3315 2306; x_wconf 75' lang='lat' dir='ltr'><strong>mens</strong></span> <span class='ocrx_word' id='word_1_371' title='bbox 3356 2251 3576 2306; x_wconf 73' lang='lat' dir='ltr'><strong>dilectus</strong></span> <span class='ocrx_word' id='word_1_372' title='bbox 3602 2255 3661 2312; x_wconf 82' lang='lat'><strong>&#39;;</strong></span> 
     </span>
    </p>
   </div>
   <div class='ocr_carea' id='block_1_52' title="bbox 2081 2337 3659 2410">
    <p class='ocr_par' dir='ltr' id='par_1_52' title="bbox 2081 2337 3659 2410">
     <span class='ocr_line' id='line_1_52' title="bbox 2081 2337 3659 2410; baseline 0.004 -20"><span class='ocrx_word' id='word_1_373' title='bbox 2081 2346 2136 2390; x_wconf 90' lang='lat' dir='ltr'><strong>et</strong></span> <span class='ocrx_word' id='word_1_374' title='bbox 2167 2352 2329 2407; x_wconf 89' lang='lat' dir='ltr'><strong>super</strong></span> <span class='ocrx_word' id='word_1_375' title='bbox 2378 2337 2561 2394; x_wconf 85' lang='lat' dir='ltr'><strong>Jesum</strong></span> <span class='ocrx_word' id='word_1_376' title='bbox 2593 2337 2994 2396; x_wconf 50' lang='lat' dir='ltr'><strong>descendit‘ibi</strong></span> <span class='ocrx_word' id='word_1_377' title='bbox 3045 2341 3282 2410; x_wconf 88' lang='lat' dir='ltr'><strong>Spiritus</strong></span> <span class='ocrx_word' id='word_1_378' title='bbox 3332 2350 3556 2396; x_wconf 87' lang='lat' dir='ltr'><strong>sanctus</strong></span> <span class='ocrx_word' id='word_1_379' title='bbox 3605 2342 3659 2396; x_wconf 89' lang='lat' dir='ltr'><strong>in</strong></span> 
     </span>
    </p>
   </div>
   <div class='ocr_carea' id='block_1_53' title="bbox 2081 2431 3659 2503">
    <p class='ocr_par' dir='ltr' id='par_1_53' title="bbox 2081 2431 3659 2503">
     <span class='ocr_line' id='line_1_53' title="bbox 2081 2431 3659 2503; baseline 0.006 -21"><span class='ocrx_word' id='word_1_380' title='bbox 2081 2431 2258 2498; x_wconf 88' lang='lat' dir='ltr'><strong>specie</strong></span> <span class='ocrx_word' id='word_1_381' title='bbox 2287 2431 2569 2486; x_wconf 73' lang='lat' dir='ltr'><strong>columbze.</strong></span> <span class='ocrx_word' id='word_1_382' title='bbox 2594 2433 2634 2484; x_wconf 87' lang='lat' dir='ltr'><strong>A</strong></span> <span class='ocrx_word' id='word_1_383' title='bbox 2663 2432 2935 2488; x_wconf 90' lang='lat' dir='ltr'><strong>montibus</strong></span> <span class='ocrx_word' id='word_1_384' title='bbox 2963 2433 3162 2489; x_wconf 87' lang='lat' dir='ltr'><strong>Gelbee</strong></span> <span class='ocrx_word' id='word_1_385' title='bbox 3190 2449 3360 2503; x_wconf 86' lang='lat' dir='ltr'><strong>usque</strong></span> <span class='ocrx_word' id='word_1_386' title='bbox 3389 2435 3456 2490; x_wconf 90' lang='lat' dir='ltr'><strong>ad</strong></span> <span class='ocrx_word' id='word_1_387' title='bbox 3483 2436 3659 2491; x_wconf 89' lang='lat' dir='ltr'><strong>lacum</strong></span> 
     </span>
    </p>
   </div>
   <div class='ocr_carea' id='block_1_54' title="bbox 2079 2519 3659 2594">
    <p class='ocr_par' dir='ltr' id='par_1_54' title="bbox 2079 2519 3659 2594">
     <span class='ocr_line' id='line_1_54' title="bbox 2079 2519 3659 2594; baseline 0.004 -19"><span class='ocrx_word' id='word_1_388' title='bbox 2079 2519 2450 2590; x_wconf 81' lang='lat' dir='ltr'><strong>Asphaltiten,</strong></span> <span class='ocrx_word' id='word_1_389' title='bbox 2512 2524 2691 2591; x_wconf 84' lang='lat' dir='ltr'><strong>vallis,</strong></span> <span class='ocrx_word' id='word_1_390' title='bbox 2751 2539 2846 2594; x_wconf 91' lang='lat' dir='ltr'><strong>per</strong></span> <span class='ocrx_word' id='word_1_391' title='bbox 2894 2539 3054 2594; x_wconf 87' lang='lat' dir='ltr'><strong>quam</strong></span> <span class='ocrx_word' id='word_1_392' title='bbox 3113 2525 3372 2583; x_wconf 86' lang='lat' dir='ltr'><strong>Jordanis</strong></span> <span class='ocrx_word' id='word_1_393' title='bbox 3435 2526 3659 2588; x_wconf 87' lang='lat' dir='ltr'><strong>labitur,</strong></span> 
     </span>
    </p>
   </div>
   <div class='ocr_carea' id='block_1_55' title="bbox 2080 2613 3661 2686">
    <p class='ocr_par' dir='ltr' id='par_1_55' title="bbox 2080 2613 3661 2686">
     <span class='ocr_line' id='line_1_55' title="bbox 2080 2613 3661 2686; baseline 0.005 -19"><span class='ocrx_word' id='word_1_394' title='bbox 2080 2613 2274 2668; x_wconf 89' lang='lat' dir='ltr'><strong>Sortus</strong></span> <span class='ocrx_word' id='word_1_395' title='bbox 2304 2615 2629 2683; x_wconf 88' lang='lat' dir='ltr'><strong>appellatur.</strong></span> <span class='ocrx_word' id='word_1_396' title='bbox 2661 2614 2884 2686; x_wconf 85' lang='lat' dir='ltr'><strong>Suphon</strong></span> <span class='ocrx_word' id='word_1_397' title='bbox 2915 2617 3078 2686; x_wconf 85' lang='lat' dir='ltr'><strong>(quod</strong></span> <span class='ocrx_word' id='word_1_398' title='bbox 3119 2617 3402 2674; x_wconf 76' lang='lat' dir='ltr'><strong>Ilebrzeum</strong></span> <span class='ocrx_word' id='word_1_399' title='bbox 3436 2629 3518 2675; x_wconf 84' lang='lat' dir='ltr'><strong>est</strong></span> <span class='ocrx_word' id='word_1_400' title='bbox 3565 2635 3661 2675; x_wconf 86' lang='lat' dir='ltr'><strong>vo-</strong></span> 
     </span>
    </p>
   </div>
   <div class='ocr_carea' id='block_1_56' title="bbox 2079 2705 3660 2780">
    <p class='ocr_par' dir='ltr' id='par_1_56' title="bbox 2079 2705 3660 2780">
     <span class='ocr_line' id='line_1_56' title="bbox 2079 2705 3660 2780; baseline 0.003 -21"><span class='ocrx_word' id='word_1_401' title='bbox 2079 2705 2356 2774; x_wconf 89' lang='lat' dir='ltr'><strong>cabulum)</strong></span> <span class='ocrx_word' id='word_1_402' title='bbox 2391 2708 2697 2776; x_wconf 88' lang='lat' dir='ltr'><strong>appellatur</strong></span> <span class='ocrx_word' id='word_1_403' title='bbox 2723 2709 2886 2763; x_wconf 87' lang='lat' dir='ltr'><strong>etiam</strong></span> <span class='ocrx_word' id='word_1_404' title='bbox 2918 2709 3076 2764; x_wconf 85' lang='lat' dir='ltr'><strong>vallis</strong></span> <span class='ocrx_word' id='word_1_405' title='bbox 3116 2710 3242 2777; x_wconf 90' lang='lat' dir='ltr'><strong>illa;</strong></span> <span class='ocrx_word' id='word_1_406' title='bbox 3289 2725 3409 2780; x_wconf 69' lang='lat' dir='ltr'><strong>quae</strong></span> <span class='ocrx_word' id='word_1_407' title='bbox 3439 2710 3660 2780; x_wconf 72' lang='lat' dir='ltr'><strong>grandis</strong></span> 
     </span>
    </p>
   </div>
   <div class='ocr_carea' id='block_1_57' title="bbox 2079 2801 3662 2872">
    <p class='ocr_par' dir='ltr' id='par_1_57' title="bbox 2079 2801 3662 2872">
     <span class='ocr_line' id='line_1_57' title="bbox 2079 2801 3662 2872; baseline 0.003 -21"><span class='ocrx_word' id='word_1_408' title='bbox 2079 2807 2240 2866; x_wconf 91' lang='lat' dir='ltr'><strong>atque</strong></span> <span class='ocrx_word' id='word_1_409' title='bbox 2263 2801 2586 2868; x_wconf 89' lang='lat' dir='ltr'><strong>campestris</strong></span> <span class='ocrx_word' id='word_1_410' title='bbox 2618 2816 2685 2855; x_wconf 80' lang='lat' dir='ltr'><strong>ex</strong></span> <span class='ocrx_word' id='word_1_411' title='bbox 2734 2811 2967 2872; x_wconf 84' lang='lat' dir='ltr'><strong>utraque</strong></span> <span class='ocrx_word' id='word_1_412' title='bbox 3014 2814 3169 2870; x_wconf 91' lang='lat' dir='ltr'><strong>parte</strong></span> <span class='ocrx_word' id='word_1_413' title='bbox 3192 2803 3427 2872; x_wconf 28' lang='lat' dir='ltr'><strong>vallatu&#39;r</strong></span> <span class='ocrx_word' id='word_1_414' title='bbox 3457 2805 3662 2859; x_wconf 83' lang='lat' dir='ltr'><strong>monti-</strong></span> 
     </span>
    </p>
   </div>
   <div class='ocr_carea' id='block_1_58' title="bbox 2077 2889 3656 2963">
    <p class='ocr_par' dir='ltr' id='par_1_58' title="bbox 2077 2889 3656 2963">
     <span class='ocr_line' id='line_1_58' title="bbox 2077 2889 3656 2963; baseline 0.003 -19"><span class='ocrx_word' id='word_1_415' title='bbox 2077 2889 2182 2946; x_wconf 89' lang='lat' dir='ltr'><strong>bus</strong></span> <span class='ocrx_word' id='word_1_416' title='bbox 2215 2893 2495 2947; x_wconf 90' lang='lat' dir='ltr'><strong>contiuuis</strong></span> <span class='ocrx_word' id='word_1_417' title='bbox 2527 2908 2558 2946; x_wconf 91' lang='lat' dir='ltr'><strong>a</strong></span> <span class='ocrx_word' id='word_1_418' title='bbox 2591 2892 2794 2948; x_wconf 89' lang='lat' dir='ltr'><strong>Libano</strong></span> <span class='ocrx_word' id='word_1_419' title='bbox 2822 2909 2992 2963; x_wconf 87' lang='lat' dir='ltr'><strong>usque</strong></span> <span class='ocrx_word' id='word_1_420' title='bbox 3019 2895 3084 2948; x_wconf 92' lang='lat' dir='ltr'><strong>ad</strong></span> <span class='ocrx_word' id='word_1_421' title='bbox 3118 2895 3394 2949; x_wconf 84' lang='lat' dir='ltr'><strong>desertum</strong></span> <span class='ocrx_word' id='word_1_422' title='bbox 3419 2892 3656 2948; x_wconf 89' lang='lat' dir='ltr'><strong>Pharan.</strong></span> 
     </span>
    </p>
   </div>
   <div class='ocr_carea' id='block_1_59' title="bbox 2080 2982 3662 3052">
    <p class='ocr_par' dir='ltr' id='par_1_59' title="bbox 2080 2982 3662 3052">
     <span class='ocr_line' id='line_1_59' title="bbox 2080 2982 3662 3052; baseline 0.001 -14"><span class='ocrx_word' id='word_1_423' title='bbox 2080 2983 2282 3038; x_wconf 80' lang='lat' dir='ltr'><strong>Dividit</strong></span> <span class='ocrx_word' id='word_1_424' title='bbox 2313 2992 2490 3038; x_wconf 91' lang='lat' dir='ltr'><strong>autem</strong></span> <span class='ocrx_word' id='word_1_425' title='bbox 2522 2982 2778 3040; x_wconf 69' lang='lat' dir='ltr'><strong>Iordanis</strong></span> <span class='ocrx_word' id='word_1_426' title='bbox 2834 2985 3108 3039; x_wconf 64' lang='lat' dir='ltr'><strong>Galilaram</strong></span> <span class='ocrx_word' id='word_1_427' title='bbox 3141 2993 3194 3039; x_wconf 91' lang='lat' dir='ltr'><strong>et</strong></span> <span class='ocrx_word' id='word_1_428' title='bbox 3233 2983 3548 3052; x_wconf 69' lang='lat' dir='ltr'><strong>ldummam,</strong></span> <span class='ocrx_word' id='word_1_429' title='bbox 3606 2996 3662 3040; x_wconf 84' lang='lat' dir='ltr'><strong>et</strong></span> 
     </span>
    </p>
   </div>
   <div class='ocr_carea' id='block_1_60' title="bbox 2079 3076 3659 3147">
    <p class='ocr_par' dir='ltr' id='par_1_60' title="bbox 2079 3076 3659 3147">
     <span class='ocr_line' id='line_1_60' title="bbox 2079 3076 3659 3147; baseline 0.002 -17"><span class='ocrx_word' id='word_1_430' title='bbox 2079 3085 2280 3130; x_wconf 75' lang='lat' dir='ltr'><strong>terram</strong></span> <span class='ocrx_word' id='word_1_431' title='bbox 2303 3076 2654 3146; x_wconf 60' lang='lat' dir='ltr'><strong>Bost&#39;aa,gquae</strong></span> <span class='ocrx_word' id='word_1_432' title='bbox 2691 3088 2754 3145; x_wconf 89' lang='lat' dir='ltr'><strong>_et</strong></span> <span class='ocrx_word' id='word_1_433' title='bbox 2780 3077 3028 3132; x_wconf 73' lang='lat' dir='ltr'><strong>Idumaea:</strong></span> <span class='ocrx_word' id='word_1_434' title='bbox 3057 3079 3292 3131; x_wconf 90' lang='lat' dir='ltr'><strong>secunda</strong></span> <span class='ocrx_word' id='word_1_435' title='bbox 3319 3078 3659 3147; x_wconf 80' lang='lat' dir='ltr'><strong>metropolis.</strong></span> 
     </span>
    </p>
   </div>
   <div class='ocr_carea' id='block_1_61' title="bbox 389 3163 3656 3247">
    <p class='ocr_par' dir='ltr' id='par_1_61' title="bbox 389 3163 3656 3247">
     <span class='ocr_line' id='line_1_61' title="bbox 389 3163 3656 3247; baseline 0.002 -30"><span class='ocrx_word' id='word_1_436' title='bbox 389 3163 499 3217; x_wconf 86' lang='lat' dir='ltr'><strong>zati</strong></span> <span class='ocrx_word' id='word_1_437' title='bbox 532 3182 546 3218; x_wconf 92' lang='lat'><strong>:</strong></span> <span class='ocrx_word' id='word_1_438' title='bbox 577 3165 888 3234; x_wconf 88' lang='lat' dir='ltr'><strong>quicunque</strong></span> <span class='ocrx_word' id='word_1_439' title='bbox 917 3168 1082 3222; x_wconf 89' lang='lat' dir='ltr'><strong>etiam</strong></span> <span class='ocrx_word' id='word_1_440' title='bbox 1132 3185 1201 3225; x_wconf 81' lang='lat' dir='ltr'><strong>ex</strong></span> <span class='ocrx_word' id='word_1_441' title='bbox 1248 3171 1391 3226; x_wconf 85' lang='lat' dir='ltr'><strong>stilla</strong></span> <span class='ocrx_word' id='word_1_442' title='bbox 1424 3171 1599 3228; x_wconf 88' lang='lat' dir='ltr'><strong>iconis</strong></span> <span class='ocrx_word' id='word_1_443' title='bbox 1637 3178 1906 3241; x_wconf 89' lang='lat' dir='ltr'><strong>peruncti,</strong></span> <span class='ocrx_word' id='word_1_444' title='bbox 1941 3189 1968 3230; x_wconf 81' lang='lat' dir='ltr'><strong>a</strong></span> <span class='ocrx_word' id='word_1_445' title='bbox 2000 3189 2044 3247; x_wconf 73' lang='grc' dir='ltr'>ο</span> <span class='ocrx_word' id='word_1_446' title='bbox 2076 3167 2336 3224; x_wconf 82' lang='lat' dir='ltr'><strong>Jordanis</strong></span> <span class='ocrx_word' id='word_1_447' title='bbox 2368 3170 2662 3224; x_wconf 89' lang='lat' dir='ltr'><strong>descensus</strong></span> <span class='ocrx_word' id='word_1_448' title='bbox 2687 3169 3102 3239; x_wconf 89' lang='lat' dir='ltr'><strong>interpretatur.</strong></span> <span class='ocrx_word' id='word_1_449' title='bbox 3135 3165 3251 3221; x_wconf 90' lang='lat' dir='ltr'><strong>Dan</strong></span> <span class='ocrx_word' id='word_1_450' title='bbox 3280 3167 3398 3222; x_wconf 82' lang='lat' dir='ltr'><strong>fere</strong></span> <span class='ocrx_word' id='word_1_451' title='bbox 3436 3168 3656 3224; x_wconf 75' lang='lat' dir='ltr'><strong>abortu</strong></span> 
     </span>
    </p>
   </div>
   <div class='ocr_carea' id='block_1_62' title="bbox 395 3265 1974 3333">
    <p class='ocr_par' dir='ltr' id='par_1_62' title="bbox 395 3265 1974 3333">
     <span class='ocr_line' id='line_1_62' title="bbox 395 3265 1974 3333; baseline 0.008 -23"><span class='ocrx_word' id='word_1_452' title='bbox 395 3271 720 3328; x_wconf 86' lang='lat' dir='ltr'><strong>quacunque</strong></span> <span class='ocrx_word' id='word_1_453' title='bbox 757 3271 1122 3333; x_wconf 79' lang='lat' dir='ltr'><strong>gravarentur</strong></span> <span class='ocrx_word' id='word_1_454' title='bbox 1156 3265 1494 3331; x_wconf 89' lang='lat' dir='ltr'><strong>inﬁrmitate,</strong></span> <span class='ocrx_word' id='word_1_455' title='bbox 1527 3267 1645 3321; x_wconf 89' lang='lat' dir='ltr'><strong>sani</strong></span> <span class='ocrx_word' id='word_1_456' title='bbox 1682 3269 1974 3322; x_wconf 86' lang='lat' dir='ltr'><strong>reddeban-</strong></span> 
     </span>
    </p>
   </div>
   <div class='ocr_carea' id='block_1_63' title="bbox 393 3354 1969 3430">
    <p class='ocr_par' dir='ltr' id='par_1_63' title="bbox 393 3354 1969 3430">
     <span class='ocr_line' id='line_1_63' title="bbox 393 3354 1969 3430; baseline 0.008 -28"><span class='ocrx_word' id='word_1_457' title='bbox 393 3361 499 3406; x_wconf 91' lang='lat' dir='ltr'><strong>tur.</strong></span> <span class='ocrx_word' id='word_1_458' title='bbox 534 3354 764 3423; x_wconf 86' lang='lat' dir='ltr'><strong>Arphat,</strong></span> <span class='ocrx_word' id='word_1_459' title='bbox 803 3355 930 3410; x_wconf 91' lang='lat' dir='ltr'><strong>urbs</strong></span> <span class='ocrx_word' id='word_1_460' title='bbox 985 3356 1258 3412; x_wconf 89' lang='lat' dir='ltr'><strong>Damasci.</strong></span> <span class='ocrx_word' id='word_1_461' title='bbox 1310 3356 1614 3413; x_wconf 74' lang='lat' dir='ltr'><strong>Damascus</strong></span> <span class='ocrx_word' id='word_1_462' title='bbox 1660 3359 1714 3413; x_wconf 91' lang='lat' dir='ltr'><strong>in</strong></span> <span class='ocrx_word' id='word_1_463' title='bbox 1772 3357 1969 3430; x_wconf 88' lang='lat' dir='ltr'><strong>Syria;</strong></span> 
     </span>
    </p>
   </div>
   <div class='ocr_carea' id='block_1_64' title="bbox 392 3441 1972 3520">
    <p class='ocr_par' dir='ltr' id='par_1_64' title="bbox 392 3441 1972 3520">
     <span class='ocr_line' id='line_1_64' title="bbox 392 3441 1972 3520; baseline 0.008 -27"><span class='ocrx_word' id='word_1_464' title='bbox 392 3441 460 3496; x_wconf 88' lang='lat' dir='ltr'><strong>de</strong></span> <span class='ocrx_word' id='word_1_465' title='bbox 511 3457 615 3512; x_wconf 89' lang='lat' dir='ltr'><strong>qua</strong></span> <span class='ocrx_word' id='word_1_466' title='bbox 655 3444 903 3502; x_wconf 89' lang='lat' dir='ltr'><strong>historia.</strong></span> <span class='ocrx_word' id='word_1_467' title='bbox 951 3448 1250 3503; x_wconf 84' lang='lat' dir='ltr'><strong>Damascus</strong></span> <span class='ocrx_word' id='word_1_468' title='bbox 1289 3457 1453 3518; x_wconf 85' lang='lat' dir='ltr'><strong>caput</strong></span> <span class='ocrx_word' id='word_1_469' title='bbox 1506 3450 1681 3520; x_wconf 68' lang='lat' dir='ltr'><strong>Syria:</strong></span> <span class='ocrx_word' id='word_1_470' title='bbox 1738 3459 1972 3508; x_wconf 90' lang='lat' dir='ltr'><strong>tenenda</strong></span> 
     </span>
    </p>
   </div>
   <div class='ocr_carea' id='block_1_65' title="bbox 395 3534 1970 3603">
    <p class='ocr_par' dir='ltr' id='par_1_65' title="bbox 395 3534 1970 3603">
     <span class='ocr_line' id='line_1_65' title="bbox 395 3534 1970 3603; baseline 0.003 -18"><span class='ocrx_word' id='word_1_471' title='bbox 395 3534 735 3602; x_wconf 88' lang='lat' dir='ltr'><strong>metropolis.</strong></span> <span class='ocrx_word' id='word_1_472' title='bbox 801 3537 862 3588; x_wconf 89' lang='lat' dir='ltr'><strong>In</strong></span> <span class='ocrx_word' id='word_1_473' title='bbox 908 3549 972 3591; x_wconf 91' lang='lat' dir='ltr'><strong>ea</strong></span> <span class='ocrx_word' id='word_1_474' title='bbox 1017 3535 1340 3590; x_wconf 87' lang='lat' dir='ltr'><strong>Damascum</strong></span> <span class='ocrx_word' id='word_1_475' title='bbox 1389 3539 1694 3592; x_wconf 79' lang='lat' dir='ltr'><strong>construxit</strong></span> <span class='ocrx_word' id='word_1_476' title='bbox 1738 3538 1970 3603; x_wconf 77' lang='lat' dir='ltr'><strong>Eliczer,</strong></span> 
     </span>
    </p>
   </div>
   <div class='ocr_carea' id='block_1_66' title="bbox 389 3625 1970 3698">
    <p class='ocr_par' dir='ltr' id='par_1_66' title="bbox 389 3625 1970 3698">
     <span class='ocr_line' id='line_1_66' title="bbox 389 3625 1970 3698; baseline 0.005 -22"><span class='ocrx_word' id='word_1_477' title='bbox 389 3637 581 3677; x_wconf 75' lang='lat' dir='ltr'><strong>servus</strong></span> <span class='ocrx_word' id='word_1_478' title='bbox 620 3625 886 3689; x_wconf 69' lang='lat' dir='ltr'><strong>Abrahae,</strong></span> <span class='ocrx_word' id='word_1_479' title='bbox 916 3627 968 3680; x_wconf 91' lang='lat' dir='ltr'><strong>in</strong></span> <span class='ocrx_word' id='word_1_480' title='bbox 1007 3642 1134 3697; x_wconf 88' lang='lat' dir='ltr'><strong>agro</strong></span> <span class='ocrx_word' id='word_1_481' title='bbox 1166 3627 1279 3692; x_wconf 87' lang='lat' dir='ltr'><strong>illo,</strong></span> <span class='ocrx_word' id='word_1_482' title='bbox 1328 3627 1383 3681; x_wconf 92' lang='lat' dir='ltr'><strong>in</strong></span> <span class='ocrx_word' id='word_1_483' title='bbox 1419 3643 1526 3698; x_wconf 88' lang='lat' dir='ltr'><strong>quo</strong></span> <span class='ocrx_word' id='word_1_484' title='bbox 1575 3627 1707 3682; x_wconf 88' lang='lat' dir='ltr'><strong>Cain</strong></span> <span class='ocrx_word' id='word_1_485' title='bbox 1749 3628 1970 3684; x_wconf 78' lang='lat' dir='ltr'><strong>fratrem</strong></span> 
     </span>
    </p>
   </div>
   <div class='ocr_carea' id='block_1_67' title="bbox 390 3718 1972 3791">
    <p class='ocr_par' dir='ltr' id='par_1_67' title="bbox 390 3718 1972 3791">
     <span class='ocr_line' id='line_1_67' title="bbox 390 3718 1972 3791; baseline 0.003 -22"><span class='ocrx_word' id='word_1_486' title='bbox 390 3731 548 3769; x_wconf 87' lang='lat' dir='ltr'><strong>suum</strong></span> <span class='ocrx_word' id='word_1_487' title='bbox 582 3718 718 3771; x_wconf 82' lang='lat' dir='ltr'><strong>Abel</strong></span> <span class='ocrx_word' id='word_1_488' title='bbox 750 3721 969 3773; x_wconf 87' lang='lat' dir='ltr'><strong>occidit.</strong></span> <span class='ocrx_word' id='word_1_489' title='bbox 1008 3719 1253 3774; x_wconf 89' lang='lat' dir='ltr'><strong>Damasci</strong></span> <span class='ocrx_word' id='word_1_490' title='bbox 1289 3719 1554 3775; x_wconf 86' lang='lat' dir='ltr'><strong>habitavit</strong></span> <span class='ocrx_word' id='word_1_491' title='bbox 1600 3721 1763 3786; x_wconf 84' lang='lat' dir='ltr'><strong>Esau,</strong></span> <span class='ocrx_word' id='word_1_492' title='bbox 1796 3723 1885 3791; x_wconf 92' lang='lat' dir='ltr'><strong>qui</strong></span> <span class='ocrx_word' id='word_1_493' title='bbox 1917 3729 1972 3775; x_wconf 89' lang='lat' dir='ltr'><strong>ct</strong></span> 
     </span>
    </p>
   </div>
   <div class='ocr_carea' id='block_1_68' title="bbox 391 3803 1972 3877">
    <p class='ocr_par' dir='ltr' id='par_1_68' title="bbox 391 3803 1972 3877">
     <span class='ocr_line' id='line_1_68' title="bbox 391 3803 1972 3877; baseline 0.003 -17"><span class='ocrx_word' id='word_1_494' title='bbox 391 3805 536 3873; x_wconf 83' lang='lat' dir='ltr'><strong>Seir,</strong></span> <span class='ocrx_word' id='word_1_495' title='bbox 585 3818 638 3862; x_wconf 91' lang='lat' dir='ltr'><strong>ct</strong></span> <span class='ocrx_word' id='word_1_496' title='bbox 675 3807 844 3862; x_wconf 88' lang='lat' dir='ltr'><strong>Edom</strong></span> <span class='ocrx_word' id='word_1_497' title='bbox 900 3810 1024 3863; x_wconf 87' lang='lat' dir='ltr'><strong>Seir</strong></span> <span class='ocrx_word' id='word_1_498' title='bbox 1075 3809 1313 3877; x_wconf 90' lang='lat' dir='ltr'><strong>pilosus;</strong></span> <span class='ocrx_word' id='word_1_499' title='bbox 1351 3810 1518 3864; x_wconf 87' lang='lat' dir='ltr'><strong>Edom</strong></span> <span class='ocrx_word' id='word_1_500' title='bbox 1569 3803 1738 3866; x_wconf 71' lang='lat' dir='ltr'><strong>rullus</strong></span> <span class='ocrx_word' id='word_1_501' title='bbox 1767 3823 1820 3866; x_wconf 91' lang='lat' dir='ltr'><strong>et</strong></span> <span class='ocrx_word' id='word_1_502' title='bbox 1879 3828 1972 3865; x_wconf 84' lang='lat' dir='ltr'><strong>ru-</strong></span> 
     </span>
    </p>
   </div>
   <div class='ocr_carea' id='block_1_69' title="bbox 393 3898 1974 3956">
    <p class='ocr_par' dir='ltr' id='par_1_69' title="bbox 393 3898 1974 3956">
     <span class='ocr_line' id='line_1_69' title="bbox 393 3898 1974 3956; baseline 0.004 -6"><span class='ocrx_word' id='word_1_503' title='bbox 393 3898 542 3952; x_wconf 81' lang='lat' dir='ltr'><strong>bens.</strong></span> <span class='ocrx_word' id='word_1_504' title='bbox 579 3900 660 3951; x_wconf 85' lang='lat' dir='ltr'><strong>Ab</strong></span> <span class='ocrx_word' id='word_1_505' title='bbox 700 3901 864 3952; x_wconf 69' lang='lat' dir='ltr'><strong>lLdom</strong></span> <span class='ocrx_word' id='word_1_506' title='bbox 901 3909 1010 3952; x_wconf 88' lang='lat' dir='ltr'><strong>tota</strong></span> <span class='ocrx_word' id='word_1_507' title='bbox 1043 3900 1134 3952; x_wconf 88' lang='lat' dir='ltr'><strong>illa</strong></span> <span class='ocrx_word' id='word_1_508' title='bbox 1169 3909 1310 3954; x_wconf 85' lang='lat' dir='ltr'><strong>terra</strong></span> <span class='ocrx_word' id='word_1_509' title='bbox 1345 3911 1571 3954; x_wconf 87' lang='lat' dir='ltr'><strong>vocatur</strong></span> <span class='ocrx_word' id='word_1_510' title='bbox 1601 3901 1859 3956; x_wconf 71' lang='lat' dir='ltr'><strong>ldumaaa.</strong></span> <span class='ocrx_word' id='word_1_511' title='bbox 1895 3905 1974 3956; x_wconf 89' lang='lat' dir='ltr'><strong>De</strong></span> 
     </span>
    </p>
   </div>
   <div class='ocr_carea' id='block_1_70' title="bbox 389 3991 1972 4060">
    <p class='ocr_par' dir='ltr' id='par_1_70' title="bbox 389 3991 1972 4060">
     <span class='ocr_line' id='line_1_70' title="bbox 389 3991 1972 4060; baseline 0.003 -18"><span class='ocrx_word' id='word_1_512' title='bbox 389 3996 492 4058; x_wconf 72' lang='lat' dir='ltr'><strong>Qua</strong></span> <span class='ocrx_word' id='word_1_513' title='bbox 523 3993 574 4044; x_wconf 93' lang='lat' dir='ltr'><strong>iu</strong></span> <span class='ocrx_word' id='word_1_514' title='bbox 611 3991 820 4060; x_wconf 85' lang='lat' dir='ltr'><strong>psalmo</strong></span> <span class='ocrx_word' id='word_1_515' title='bbox 849 3999 956 4046; x_wconf 77' lang='lat' dir='ltr'><strong>:tn</strong></span> <span class='ocrx_word' id='word_1_516' title='bbox 988 3991 1281 4044; x_wconf 77' lang='lat' dir='ltr'><strong>ldumwam</strong></span> <span class='ocrx_word' id='word_1_517' title='bbox 1322 3993 1607 4045; x_wconf 78' lang='lat' dir='ltr'><strong>extendam</strong></span> <span class='ocrx_word' id='word_1_518' title='bbox 1640 3994 1972 4048; x_wconf 81' lang='lat' dir='ltr'><strong>calceamen-</strong></span> 
     </span>
    </p>
   </div>
   <div class='ocr_carea' id='block_1_71' title="bbox 390 4083 1970 4155">
    <p class='ocr_par' dir='ltr' id='par_1_71' title="bbox 390 4083 1970 4155">
     <span class='ocr_line' id='line_1_71' title="bbox 390 4083 1970 4155; baseline 0.001 -19"><span class='ocrx_word' id='word_1_519' title='bbox 390 4093 502 4136; x_wconf 85' lang='lat' dir='ltr'><strong>tum</strong></span> <span class='ocrx_word' id='word_1_520' title='bbox 536 4100 709 4136; x_wconf 85' lang='lat' dir='ltr'><strong>meum</strong></span> <span class='ocrx_word' id='word_1_521' title='bbox 741 4085 781 4138; x_wconf 91' lang='grc'><strong>¹.</strong></span> <span class='ocrx_word' id='word_1_522' title='bbox 816 4084 912 4139; x_wconf 87' lang='lat' dir='ltr'><strong>Est</strong></span> <span class='ocrx_word' id='word_1_523' title='bbox 945 4096 1125 4138; x_wconf 90' lang='lat' dir='ltr'><strong>autem</strong></span> <span class='ocrx_word' id='word_1_524' title='bbox 1171 4083 1338 4138; x_wconf 79' lang='lat' dir='ltr'><strong>Edoni</strong></span> <span class='ocrx_word' id='word_1_525' title='bbox 1399 4097 1589 4139; x_wconf 91' lang='lat' dir='ltr'><strong>vocata</strong></span> <span class='ocrx_word' id='word_1_526' title='bbox 1620 4102 1633 4138; x_wconf 89' lang='lat'><strong>:</strong></span> <span class='ocrx_word' id='word_1_527' title='bbox 1665 4087 1805 4139; x_wconf 90' lang='lat' dir='ltr'><strong>unde</strong></span> <span class='ocrx_word' id='word_1_528' title='bbox 1839 4099 1970 4155; x_wconf 87' lang='lat' dir='ltr'><strong>pro-</strong></span> 
     </span>
    </p>
   </div>
   <div class='ocr_carea' id='block_1_72' title="bbox 392 4174 1974 4244">
    <p class='ocr_par' dir='ltr' id='par_1_72' title="bbox 392 4174 1974 4244">
     <span class='ocr_line' id='line_1_72' title="bbox 392 4174 1974 4244; baseline 0.001 -18"><span class='ocrx_word' id='word_1_529' title='bbox 392 4176 550 4240; x_wconf 88' lang='lat' dir='ltr'><strong>pheta</strong></span> <span class='ocrx_word' id='word_1_530' title='bbox 586 4191 601 4228; x_wconf 89' lang='lat'><strong>:</strong></span> <span class='ocrx_word' id='word_1_531' title='bbox 638 4174 766 4238; x_wconf 79' lang='lat' dir='ltr'><strong>Quis</strong></span> <span class='ocrx_word' id='word_1_532' title='bbox 790 4185 863 4228; x_wconf 79' lang='lat' dir='ltr'><strong>est</strong></span> <span class='ocrx_word' id='word_1_533' title='bbox 893 4176 1009 4236; x_wconf 79' lang='lat' dir='ltr'><strong>iste.</strong></span> <span class='ocrx_word' id='word_1_534' title='bbox 1047 4175 1140 4244; x_wconf 83' lang='lat' dir='ltr'><strong>qui</strong></span> <span class='ocrx_word' id='word_1_535' title='bbox 1172 4176 1312 4228; x_wconf 84' lang='lat' dir='ltr'><strong>venit</strong></span> <span class='ocrx_word' id='word_1_536' title='bbox 1362 4176 1428 4228; x_wconf 87' lang='lat' dir='ltr'><strong>de</strong></span> <span class='ocrx_word' id='word_1_537' title='bbox 1459 4174 1652 4240; x_wconf 78' lang='lat' dir='ltr'><strong>Edam,</strong></span> <span class='ocrx_word' id='word_1_538' title='bbox 1685 4177 1857 4229; x_wconf 78' lang='lat' dir='ltr'><strong>tinctis</strong></span> <span class='ocrx_word' id='word_1_539' title='bbox 1889 4192 1974 4228; x_wconf 87' lang='lat' dir='ltr'><strong>ve-</strong></span> 
     </span>
    </p>
   </div>
   <div class='ocr_carea' id='block_1_73' title="bbox 323 4262 1971 4332">
    <p class='ocr_par' dir='ltr' id='par_1_73' title="bbox 323 4262 1971 4332">
     <span class='ocr_line' id='line_1_73' title="bbox 323 4262 1971 4332; baseline 0.002 -17"><span class='ocrx_word' id='word_1_540' title='bbox 323 4267 325 4269; x_wconf 81' lang='grc'><strong>’</strong></span> <span class='ocrx_word' id='word_1_541' title='bbox 392 4262 556 4316; x_wconf 74' lang='grc' dir='ltr'>διὶιηιε</span> <span class='ocrx_word' id='word_1_542' title='bbox 590 4263 654 4316; x_wconf 85' lang='lat' dir='ltr'><strong>de</strong></span> <span class='ocrx_word' id='word_1_543' title='bbox 710 4263 883 4318; x_wconf 77' lang='lat' dir='ltr'><strong>Bozra</strong></span> <span class='ocrx_word' id='word_1_544' title='bbox 911 4264 968 4316; x_wconf 67' lang='grc' dir='ltr'><strong>’ἲ</strong></span> <span class='ocrx_word' id='word_1_545' title='bbox 1018 4263 1114 4318; x_wconf 86' lang='lat' dir='ltr'><strong>Est</strong></span> <span class='ocrx_word' id='word_1_546' title='bbox 1147 4276 1326 4318; x_wconf 88' lang='lat' dir='ltr'><strong>autem</strong></span> <span class='ocrx_word' id='word_1_547' title='bbox 1360 4264 1606 4332; x_wconf 63' lang='lat' dir='ltr'><strong>quaedam</strong></span> <span class='ocrx_word' id='word_1_548' title='bbox 1639 4279 1765 4332; x_wconf 86' lang='lat' dir='ltr'><strong>pars</strong></span> <span class='ocrx_word' id='word_1_549' title='bbox 1813 4275 1971 4318; x_wconf 76' lang='lat' dir='ltr'><strong>terra:</strong></span> 
     </span>
    </p>
   </div>
   <div class='ocr_carea' id='block_1_74' title="bbox 395 4349 1965 4421">
    <p class='ocr_par' dir='ltr' id='par_1_74' title="bbox 395 4349 1965 4421">
     <span class='ocr_line' id='line_1_74' title="bbox 395 4349 1965 4421; baseline -0.001 -17"><span class='ocrx_word' id='word_1_550' title='bbox 395 4353 557 4416; x_wconf 89' lang='lat' dir='ltr'><strong>illius,</strong></span> <span class='ocrx_word' id='word_1_551' title='bbox 591 4365 733 4407; x_wconf 89' lang='lat' dir='ltr'><strong>terra</strong></span> <span class='ocrx_word' id='word_1_552' title='bbox 761 4352 892 4416; x_wconf 88' lang='lat' dir='ltr'><strong>llus,</strong></span> <span class='ocrx_word' id='word_1_553' title='bbox 921 4367 984 4406; x_wconf 81' lang='lat' dir='ltr'><strong>ex</strong></span> <span class='ocrx_word' id='word_1_554' title='bbox 1021 4367 1126 4421; x_wconf 80' lang='lat' dir='ltr'><strong>qua</strong></span> <span class='ocrx_word' id='word_1_555' title='bbox 1155 4351 1349 4406; x_wconf 89' lang='lat' dir='ltr'><strong>beatus</strong></span> <span class='ocrx_word' id='word_1_556' title='bbox 1373 4351 1472 4405; x_wconf 89' lang='lat' dir='ltr'><strong>Job</strong></span> <span class='ocrx_word' id='word_1_557' title='bbox 1497 4367 1511 4416; x_wconf 92' lang='lat'><strong>;</strong></span> <span class='ocrx_word' id='word_1_558' title='bbox 1540 4366 1657 4417; x_wconf 75' lang='lat' dir='ltr'><strong>qua:</strong></span> <span class='ocrx_word' id='word_1_559' title='bbox 1685 4360 1738 4404; x_wconf 89' lang='lat' dir='ltr'><strong>et</strong></span> <span class='ocrx_word' id='word_1_560' title='bbox 1769 4349 1965 4416; x_wconf 89' lang='lat' dir='ltr'><strong>Sueta;</strong></span> 
     </span>
    </p>
   </div>
   <div class='ocr_carea' id='block_1_75' title="bbox 395 4439 1964 4514">
    <p class='ocr_par' dir='ltr' id='par_1_75' title="bbox 395 4439 1964 4514">
     <span class='ocr_line' id='line_1_75' title="bbox 395 4439 1964 4514; baseline -0.002 -17"><span class='ocrx_word' id='word_1_561' title='bbox 395 4461 424 4497; x_wconf 90' lang='lat' dir='ltr'><strong>a</strong></span> <span class='ocrx_word' id='word_1_562' title='bbox 483 4461 584 4514; x_wconf 85' lang='lat' dir='ltr'><strong>qua</strong></span> <span class='ocrx_word' id='word_1_563' title='bbox 633 4444 832 4499; x_wconf 84' lang='lat' dir='ltr'><strong>Baldad</strong></span> <span class='ocrx_word' id='word_1_564' title='bbox 889 4444 1143 4508; x_wconf 86' lang='lat' dir='ltr'><strong>Suhites;</strong></span> <span class='ocrx_word' id='word_1_565' title='bbox 1199 4442 1252 4497; x_wconf 91' lang='lat' dir='ltr'><strong>in</strong></span> <span class='ocrx_word' id='word_1_566' title='bbox 1300 4457 1403 4511; x_wconf 90' lang='lat' dir='ltr'><strong>qua</strong></span> <span class='ocrx_word' id='word_1_567' title='bbox 1449 4450 1503 4497; x_wconf 88' lang='lat' dir='ltr'><strong>et</strong></span> <span class='ocrx_word' id='word_1_568' title='bbox 1549 4439 1792 4496; x_wconf 86' lang='lat' dir='ltr'><strong>Theman</strong></span> <span class='ocrx_word' id='word_1_569' title='bbox 1853 4456 1964 4495; x_wconf 87' lang='lat' dir='ltr'><strong>tne-</strong></span> 
     </span>
    </p>
   </div>
   <div class='ocr_carea' id='block_1_76' title="bbox 394 4518 2046 4604">
    <p class='ocr_par' dir='ltr' id='par_1_76' title="bbox 394 4518 2046 4604">
     <span class='ocr_line' id='line_1_76' title="bbox 394 4518 2046 4604; baseline -0.002 -15"><span class='ocrx_word' id='word_1_570' title='bbox 394 4537 642 4604; x_wconf 83' lang='lat' dir='ltr'><strong>tropolis.</strong></span> <span class='ocrx_word' id='word_1_571' title='bbox 705 4537 783 4590; x_wconf 81' lang='lat' dir='ltr'><strong>Ex</strong></span> <span class='ocrx_word' id='word_1_572' title='bbox 849 4535 1152 4596; x_wconf 65' lang='lat' dir='ltr'><strong>Themans.</strong></span> <span class='ocrx_word' id='word_1_573' title='bbox 1208 4535 1427 4603; x_wconf 85' lang='lat' dir='ltr'><strong>Eliphat</strong></span> <span class='ocrx_word' id='word_1_574' title='bbox 1488 4532 1861 4600; x_wconf 90' lang='lat' dir='ltr'><strong>Themanites,</strong></span> <span class='ocrx_word' id='word_1_575' title='bbox 1913 4533 1968 4586; x_wconf 92' lang='lat' dir='ltr'><strong>in</strong></span> <span class='ocrx_word' id='word_1_576' title='bbox 2004 4518 2046 4572; x_wconf 77' lang='grc' dir='ltr'>ι)</span> 
     </span>
    </p>
   </div>
   <div class='ocr_carea' id='block_1_77' title="bbox 396 4624 1976 4697">
    <p class='ocr_par' dir='ltr' id='par_1_77' title="bbox 396 4624 1976 4697">
     <span class='ocr_line' id='line_1_77' title="bbox 396 4624 1976 4697; baseline -0.001 -18"><span class='ocrx_word' id='word_1_577' title='bbox 396 4647 500 4696; x_wconf 86' lang='lat' dir='ltr'><strong>qua</strong></span> <span class='ocrx_word' id='word_1_578' title='bbox 541 4639 596 4683; x_wconf 91' lang='lat' dir='ltr'><strong>et</strong></span> <span class='ocrx_word' id='word_1_579' title='bbox 635 4629 898 4683; x_wconf 75' lang='lat' dir='ltr'><strong>Naamath</strong></span> <span class='ocrx_word' id='word_1_580' title='bbox 947 4627 1242 4697; x_wconf 88' lang='lat' dir='ltr'><strong>oppidum;</strong></span> <span class='ocrx_word' id='word_1_581' title='bbox 1285 4641 1314 4679; x_wconf 91' lang='lat' dir='ltr'><strong>a</strong></span> <span class='ocrx_word' id='word_1_582' title='bbox 1349 4639 1457 4695; x_wconf 89' lang='lat' dir='ltr'><strong>quo</strong></span> <span class='ocrx_word' id='word_1_583' title='bbox 1487 4625 1703 4694; x_wconf 89' lang='lat' dir='ltr'><strong>Sophar</strong></span> <span class='ocrx_word' id='word_1_584' title='bbox 1743 4624 1976 4679; x_wconf 81' lang='lat' dir='ltr'><strong>Naama-</strong></span> 
     </span>
    </p>
   </div>
   <div class='ocr_carea' id='block_1_78' title="bbox 397 4717 1975 4777">
    <p class='ocr_par' dir='ltr' id='par_1_78' title="bbox 397 4717 1975 4777">
     <span class='ocr_line' id='line_1_78' title="bbox 397 4717 1975 4777; baseline -0.004 -3"><span class='ocrx_word' id='word_1_585' title='bbox 397 4723 576 4777; x_wconf 88' lang='lat' dir='ltr'><strong>thites.</strong></span> <span class='ocrx_word' id='word_1_586' title='bbox 613 4721 678 4774; x_wconf 90' lang='lat' dir='ltr'><strong>Ili</strong></span> <span class='ocrx_word' id='word_1_587' title='bbox 728 4731 837 4774; x_wconf 86' lang='lat' dir='ltr'><strong>trcs</strong></span> <span class='ocrx_word' id='word_1_588' title='bbox 897 4721 1270 4775; x_wconf 88' lang='lat' dir='ltr'><strong>consolatores</strong></span> <span class='ocrx_word' id='word_1_589' title='bbox 1314 4719 1438 4776; x_wconf 82' lang='lat' dir='ltr'><strong>Job.</strong></span> <span class='ocrx_word' id='word_1_590' title='bbox 1499 4717 1557 4772; x_wconf 90' lang='lat' dir='ltr'><strong>In</strong></span> <span class='ocrx_word' id='word_1_591' title='bbox 1615 4717 1860 4772; x_wconf 69' lang='lat' dir='ltr'><strong>Itlumacte</strong></span> <span class='ocrx_word' id='word_1_592' title='bbox 1911 4717 1975 4768; x_wconf 83' lang='lat' dir='ltr'><strong>ﬁ-</strong></span> 
     </span>
    </p>
   </div>
   <div class='ocr_carea' id='block_1_79' title="bbox 396 4809 1978 4880">
    <p class='ocr_par' dir='ltr' id='par_1_79' title="bbox 396 4809 1978 4880">
     <span class='ocr_line' id='line_1_79' title="bbox 396 4809 1978 4880; baseline -0.003 -12"><span class='ocrx_word' id='word_1_593' title='bbox 396 4815 576 4877; x_wconf 90' lang='lat' dir='ltr'><strong>nibus,</strong></span> <span class='ocrx_word' id='word_1_594' title='bbox 609 4815 715 4867; x_wconf 93' lang='lat' dir='ltr'><strong>duo</strong></span> <span class='ocrx_word' id='word_1_595' title='bbox 757 4812 1005 4866; x_wconf 85' lang='lat' dir='ltr'><strong>milliaria</strong></span> <span class='ocrx_word' id='word_1_596' title='bbox 1057 4827 1087 4866; x_wconf 88' lang='lat' dir='ltr'><strong>a</strong></span> <span class='ocrx_word' id='word_1_597' title='bbox 1117 4809 1374 4877; x_wconf 79' lang='lat' dir='ltr'><strong>Jordaue,</strong></span> <span class='ocrx_word' id='word_1_598' title='bbox 1408 4811 1600 4866; x_wconf 87' lang='lat' dir='ltr'><strong>ﬂuvius</strong></span> <span class='ocrx_word' id='word_1_599' title='bbox 1637 4809 1842 4876; x_wconf 80' lang='lat' dir='ltr'><strong>Jaboc;</strong></span> <span class='ocrx_word' id='word_1_600' title='bbox 1870 4823 1978 4880; x_wconf 90' lang='lat' dir='ltr'><strong>quo</strong></span> 
     </span>
    </p>
   </div>
   <div class='ocr_carea' id='block_1_80' title="bbox 399 4900 1975 4972">
    <p class='ocr_par' dir='ltr' id='par_1_80' title="bbox 399 4900 1975 4972">
     <span class='ocr_line' id='line_1_80' title="bbox 399 4900 1975 4972; baseline -0.002 -16"><span class='ocrx_word' id='word_1_601' title='bbox 399 4906 745 4959; x_wconf 89' lang='lat' dir='ltr'><strong>transvadato</strong></span> <span class='ocrx_word' id='word_1_602' title='bbox 773 4901 961 4970; x_wconf 85' lang='lat' dir='ltr'><strong>Jacoh,</strong></span> <span class='ocrx_word' id='word_1_603' title='bbox 990 4917 1112 4957; x_wconf 92' lang='lat' dir='ltr'><strong>cum</strong></span> <span class='ocrx_word' id='word_1_604' title='bbox 1141 4918 1168 4956; x_wconf 73' lang='grc' dir='ltr'><strong>ιι</strong></span> <span class='ocrx_word' id='word_1_605' title='bbox 1205 4901 1592 4972; x_wconf 85' lang='lat' dir='ltr'><strong>Mesopotamia</strong></span> <span class='ocrx_word' id='word_1_606' title='bbox 1625 4903 1848 4967; x_wconf 90' lang='lat' dir='ltr'><strong>rediret,</strong></span> <span class='ocrx_word' id='word_1_607' title='bbox 1887 4900 1975 4954; x_wconf 85' lang='lat' dir='ltr'><strong>lu-</strong></span> 
     </span>
    </p>
   </div>
   <div class='ocr_carea' id='block_1_81' title="bbox 396 4994 1978 5063">
    <p class='ocr_par' dir='ltr' id='par_1_81' title="bbox 396 4994 1978 5063">
     <span class='ocr_line' id='line_1_81' title="bbox 396 4994 1978 5063; baseline -0.001 -13"><span class='ocrx_word' id='word_1_608' title='bbox 396 5009 580 5050; x_wconf 87' lang='lat' dir='ltr'><strong>ctatus</strong></span> <span class='ocrx_word' id='word_1_609' title='bbox 614 5004 820 5050; x_wconf 85' lang='lat' dir='ltr'><strong>estcum</strong></span> <span class='ocrx_word' id='word_1_610' title='bbox 852 5009 1080 5063; x_wconf 85' lang='lat' dir='ltr'><strong>augeo;</strong></span> <span class='ocrx_word' id='word_1_611' title='bbox 1113 4996 1203 5063; x_wconf 91' lang='lat' dir='ltr'><strong>qui</strong></span> <span class='ocrx_word' id='word_1_612' title='bbox 1242 4996 1310 5050; x_wconf 89' lang='lat' dir='ltr'><strong>de</strong></span> <span class='ocrx_word' id='word_1_613' title='bbox 1336 4994 1506 5050; x_wconf 81' lang='lat' dir='ltr'><strong>Jacob</strong></span> <span class='ocrx_word' id='word_1_614' title='bbox 1535 4996 1584 5048; x_wconf 87' lang='lat' dir='ltr'><strong>ei</strong></span> <span class='ocrx_word' id='word_1_615' title='bbox 1627 5009 1822 5049; x_wconf 91' lang='lat' dir='ltr'><strong>nomen</strong></span> <span class='ocrx_word' id='word_1_616' title='bbox 1852 5008 1978 5048; x_wconf 86' lang='lat' dir='ltr'><strong>mu-</strong></span> 
     </span>
    </p>
   </div>
   <div class='ocr_carea' id='block_1_82' title="bbox 345 5084 1978 5154">
    <p class='ocr_par' dir='ltr' id='par_1_82' title="bbox 345 5084 1978 5154">
     <span class='ocr_line' id='line_1_82' title="bbox 345 5084 1978 5154; baseline -0.001 -14"><span class='ocrx_word' id='word_1_617' title='bbox 345 5127 355 5130; x_wconf 91' lang='grc'><strong>-</strong></span> <span class='ocrx_word' id='word_1_618' title='bbox 401 5090 530 5142; x_wconf 87' lang='lat' dir='ltr'><strong>tavit</strong></span> <span class='ocrx_word' id='word_1_619' title='bbox 593 5089 644 5141; x_wconf 91' lang='lat' dir='ltr'><strong>in</strong></span> <span class='ocrx_word' id='word_1_620' title='bbox 677 5085 866 5141; x_wconf 88' lang='lat' dir='ltr'><strong>Israel.</strong></span> <span class='ocrx_word' id='word_1_621' title='bbox 919 5085 976 5138; x_wconf 94' lang='lat' dir='ltr'><strong>In</strong></span> <span class='ocrx_word' id='word_1_622' title='bbox 1030 5084 1260 5140; x_wconf 77' lang='lat' dir='ltr'><strong>lduttnea</strong></span> <span class='ocrx_word' id='word_1_623' title='bbox 1316 5102 1473 5140; x_wconf 90' lang='lat' dir='ltr'><strong>mons</strong></span> <span class='ocrx_word' id='word_1_624' title='bbox 1515 5086 1674 5153; x_wconf 83' lang='lat' dir='ltr'><strong>Scir;</strong></span> <span class='ocrx_word' id='word_1_625' title='bbox 1726 5087 1826 5140; x_wconf 92' lang='lat' dir='ltr'><strong>sub</strong></span> <span class='ocrx_word' id='word_1_626' title='bbox 1871 5099 1978 5154; x_wconf 89' lang='lat' dir='ltr'><strong>quo</strong></span> 
     </span>
    </p>
   </div>
   <div class='ocr_carea' id='block_1_83' title="bbox 399 5173 1978 5239">
    <p class='ocr_par' dir='ltr' id='par_1_83' title="bbox 399 5173 1978 5239">
     <span class='ocr_line' id='line_1_83' title="bbox 399 5173 1978 5239; baseline -0.002 -11"><span class='ocrx_word' id='word_1_627' title='bbox 399 5173 884 5236; x_wconf 11' lang='lat' dir='ltr'><strong>Darnascus.VDuo</strong></span> <span class='ocrx_word' id='word_1_628' title='bbox 934 5175 1186 5229; x_wconf 86' lang='lat' dir='ltr'><strong>milliaria</strong></span> <span class='ocrx_word' id='word_1_629' title='bbox 1241 5190 1271 5227; x_wconf 89' lang='lat' dir='ltr'><strong>a</strong></span> <span class='ocrx_word' id='word_1_630' title='bbox 1335 5175 1620 5239; x_wconf 85' lang='lat' dir='ltr'><strong>Damasco,</strong></span> <span class='ocrx_word' id='word_1_631' title='bbox 1685 5176 1858 5239; x_wconf 91' lang='lat' dir='ltr'><strong>locus,</strong></span> <span class='ocrx_word' id='word_1_632' title='bbox 1924 5174 1978 5226; x_wconf 89' lang='lat' dir='ltr'><strong>in</strong></span> 
     </span>
    </p>
   </div>
   <div class='ocr_carea' id='block_1_84' title="bbox 398 5265 1974 5338">
    <p class='ocr_par' dir='ltr' id='par_1_84' title="bbox 398 5265 1974 5338">
     <span class='ocr_line' id='line_1_84' title="bbox 398 5265 1974 5338; baseline -0.003 -16"><span class='ocrx_word' id='word_1_633' title='bbox 398 5286 505 5338; x_wconf 87' lang='lat' dir='ltr'><strong>quo</strong></span> <span class='ocrx_word' id='word_1_634' title='bbox 533 5269 698 5322; x_wconf 85' lang='lat' dir='ltr'><strong>Sanlo</strong></span> <span class='ocrx_word' id='word_1_635' title='bbox 733 5267 984 5322; x_wconf 89' lang='lat' dir='ltr'><strong>Christus</strong></span> <span class='ocrx_word' id='word_1_636' title='bbox 1024 5269 1296 5336; x_wconf 83' lang='lat' dir='ltr'><strong>apparuit,</strong></span> <span class='ocrx_word' id='word_1_637' title='bbox 1332 5268 1521 5321; x_wconf 80' lang='lat' dir='ltr'><strong>dicens</strong></span> <span class='ocrx_word' id='word_1_638' title='bbox 1559 5282 1574 5320; x_wconf 88' lang='lat'><strong>:</strong></span> <span class='ocrx_word' id='word_1_639' title='bbox 1610 5266 1792 5333; x_wconf 84' lang='lat' dir='ltr'><strong>Sanle,</strong></span> <span class='ocrx_word' id='word_1_640' title='bbox 1825 5265 1974 5320; x_wconf 86' lang='lat' dir='ltr'><strong>Sau-</strong></span> 
     </span>
    </p>
   </div>
   <div class='ocr_carea' id='block_1_85' title="bbox 396 5357 1975 5428">
    <p class='ocr_par' dir='ltr' id='par_1_85' title="bbox 396 5357 1975 5428">
     <span class='ocr_line' id='line_1_85' title="bbox 396 5357 1975 5428; baseline 0 -15"><span class='ocrx_word' id='word_1_641' title='bbox 396 5361 466 5425; x_wconf 76' lang='grc' dir='ltr'>ιι»,</span> <span class='ocrx_word' id='word_1_642' title='bbox 499 5361 622 5428; x_wconf 84' lang='lat' dir='ltr'><strong>quid</strong></span> <span class='ocrx_word' id='word_1_643' title='bbox 654 5376 736 5413; x_wconf 83' lang='lat' dir='ltr'><strong>me</strong></span> <span class='ocrx_word' id='word_1_644' title='bbox 761 5361 1092 5428; x_wconf 70' lang='lat' dir='ltr'><strong>persequeris</strong></span> <span class='ocrx_word' id='word_1_645' title='bbox 1115 5359 1173 5412; x_wconf 79' lang='lat'><strong>&#39;?</strong></span> <span class='ocrx_word' id='word_1_646' title='bbox 1204 5360 1256 5412; x_wconf 91' lang='lat' dir='ltr'><strong>in</strong></span> <span class='ocrx_word' id='word_1_647' title='bbox 1286 5374 1395 5424; x_wconf 88' lang='lat' dir='ltr'><strong>quo</strong></span> <span class='ocrx_word' id='word_1_648' title='bbox 1422 5367 1474 5412; x_wconf 90' lang='lat' dir='ltr'><strong>et</strong></span> <span class='ocrx_word' id='word_1_649' title='bbox 1503 5357 1724 5413; x_wconf 88' lang='lat' dir='ltr'><strong>Saulutn</strong></span> <span class='ocrx_word' id='word_1_650' title='bbox 1755 5360 1975 5413; x_wconf 81' lang='lat' dir='ltr'><strong>claritas</strong></span> 
     </span>
    </p>
   </div>
   <div class='ocr_carea' id='block_1_86' title="bbox 399 5449 1971 5507">
    <p class='ocr_par' dir='ltr' id='par_1_86' title="bbox 399 5449 1971 5507">
     <span class='ocr_line' id='line_1_86' title="bbox 399 5449 1971 5507; baseline -0.002 -2"><span class='ocrx_word' id='word_1_651' title='bbox 399 5453 626 5506; x_wconf 76' lang='lat' dir='ltr'><strong>tle-coelo</strong></span> <span class='ocrx_word' id='word_1_652' title='bbox 662 5465 774 5507; x_wconf 85' lang='lat' dir='ltr'><strong>non</strong></span> <span class='ocrx_word' id='word_1_653' title='bbox 815 5452 1024 5506; x_wconf 85' lang='lat' dir='ltr'><strong>modica</strong></span> <span class='ocrx_word' id='word_1_654' title='bbox 1065 5449 1450 5504; x_wconf 81' lang='lat' dir='ltr'><strong>circuntl‘ulsit.</strong></span> <span class='ocrx_word' id='word_1_655' title='bbox 1485 5449 1542 5503; x_wconf 92' lang='lat' dir='ltr'><strong>In</strong></span> <span class='ocrx_word' id='word_1_656' title='bbox 1576 5449 1841 5502; x_wconf 85' lang='lat' dir='ltr'><strong>Damasco</strong></span> <span class='ocrx_word' id='word_1_657' title='bbox 1875 5451 1971 5502; x_wconf 85' lang='lat' dir='ltr'><strong>ba-</strong></span> 
     </span>
    </p>
   </div>
   <div class='ocr_carea' id='block_1_87' title="bbox 399 5541 1969 5616">
    <p class='ocr_par' dir='ltr' id='par_1_87' title="bbox 399 5541 1969 5616">
     <span class='ocr_line' id='line_1_87' title="bbox 399 5541 1969 5616; baseline 0.001 -20"><span class='ocrx_word' id='word_1_658' title='bbox 399 5544 621 5612; x_wconf 82' lang='lat' dir='ltr'><strong>ptizavit</strong></span> <span class='ocrx_word' id='word_1_659' title='bbox 649 5543 873 5616; x_wconf 86' lang='lat' dir='ltr'><strong>Saulum</strong></span> <span class='ocrx_word' id='word_1_660' title='bbox 898 5545 1166 5608; x_wconf 81' lang='lat' dir='ltr'><strong>Ananias,</strong></span> <span class='ocrx_word' id='word_1_661' title='bbox 1197 5557 1394 5596; x_wconf 85' lang='lat' dir='ltr'><strong>nomen</strong></span> <span class='ocrx_word' id='word_1_662' title='bbox 1419 5545 1468 5596; x_wconf 90' lang='lat' dir='ltr'><strong>ei</strong></span> <span class='ocrx_word' id='word_1_663' title='bbox 1497 5541 1645 5596; x_wconf 84' lang='lat' dir='ltr'><strong>Pauli</strong></span> <span class='ocrx_word' id='word_1_664' title='bbox 1665 5541 1969 5612; x_wconf 87' lang='lat' dir='ltr'><strong>imponens.</strong></span> 
     </span>
    </p>
   </div>
   <div class='ocr_carea' id='block_1_88' title="bbox 401 5632 1972 5704">
    <p class='ocr_par' dir='ltr' id='par_1_88' title="bbox 401 5632 1972 5704">
     <span class='ocr_line' id='line_1_88' title="bbox 401 5632 1972 5704; baseline -0.002 -13"><span class='ocrx_word' id='word_1_665' title='bbox 401 5637 459 5691; x_wconf 88' lang='lat' dir='ltr'><strong>In</strong></span> <span class='ocrx_word' id='word_1_666' title='bbox 494 5637 754 5692; x_wconf 88' lang='lat' dir='ltr'><strong>Damasco</strong></span> <span class='ocrx_word' id='word_1_667' title='bbox 785 5639 852 5693; x_wconf 89' lang='lat' dir='ltr'><strong>de</strong></span> <span class='ocrx_word' id='word_1_668' title='bbox 892 5635 1070 5692; x_wconf 87' lang='lat' dir='ltr'><strong>muris</strong></span> <span class='ocrx_word' id='word_1_669' title='bbox 1101 5634 1300 5691; x_wconf 87' lang='lat' dir='ltr'><strong>missus</strong></span> <span class='ocrx_word' id='word_1_670' title='bbox 1332 5632 1434 5689; x_wconf 81' lang='lat' dir='ltr'><strong>fuit</strong></span> <span class='ocrx_word' id='word_1_671' title='bbox 1456 5632 1656 5688; x_wconf 89' lang='lat' dir='ltr'><strong>Paulus</strong></span> <span class='ocrx_word' id='word_1_672' title='bbox 1685 5635 1736 5688; x_wconf 91' lang='lat' dir='ltr'><strong>iu</strong></span> <span class='ocrx_word' id='word_1_673' title='bbox 1765 5644 1972 5704; x_wconf 88' lang='lat' dir='ltr'><strong>sporta,</strong></span> 
     </span>
    </p>
   </div>
   <div class='ocr_carea' id='block_1_89' title="bbox 473 5754 1435 5820">
    <p class='ocr_par' dir='ltr' id='par_1_89' title="bbox 473 5754 1435 5820">
     <span class='ocr_line' id='line_1_89' title="bbox 473 5754 1435 5820; baseline -0.002 -10"><span class='ocrx_word' id='word_1_674' title='bbox 473 5756 490 5788; x_wconf 77' lang='grc'>⁸</span> <span class='ocrx_word' id='word_1_675' title='bbox 531 5755 674 5812; x_wconf 87' lang='lat' dir='ltr'><strong>Psal.</strong></span> <span class='ocrx_word' id='word_1_676' title='bbox 706 5773 793 5813; x_wconf 79' lang='lat' dir='ltr'><strong>th</strong></span> <span class='ocrx_word' id='word_1_677' title='bbox 848 5755 931 5811; x_wconf 84' lang='lat' dir='ltr'><strong>IO.</strong></span> <span class='ocrx_word' id='word_1_678' title='bbox 1011 5759 1031 5790; x_wconf 82' lang='grc'><strong><em>⁵</em></strong></span> <span class='ocrx_word' id='word_1_679' title='bbox 1063 5754 1168 5814; x_wconf 83' lang='lat' dir='ltr'><strong>Isa.</strong></span> <span class='ocrx_word' id='word_1_680' title='bbox 1198 5770 1352 5820; x_wconf 69' lang='lat' dir='ltr'><strong>Lttttt,</strong></span> <span class='ocrx_word' id='word_1_681' title='bbox 1384 5755 1435 5809; x_wconf 90' lang='lat' dir='ltr'><strong>I.</strong></span> 
     </span>
    </p>
   </div>
   <div class='ocr_carea' id='block_1_90' title="bbox 396 5828 627 5894">
    <p class='ocr_par' dir='ltr' id='par_1_90' title="bbox 396 5828 627 5894">
     <span class='ocr_line' id='line_1_90' title="bbox 396 5828 627 5894; baseline -0.004 -12"><span class='ocrx_word' id='word_1_682' title='bbox 396 5842 542 5894; x_wconf 70' lang='lat' dir='ltr'><strong>CXIX,</strong></span> <span class='ocrx_word' id='word_1_683' title='bbox 573 5828 627 5882; x_wconf 85' lang='grc'><strong>5.</strong></span> 
     </span>
    </p>
   </div>
   <div class='ocr_carea' id='block_1_91' title="bbox 2079 3260 3654 3331">
    <p class='ocr_par' dir='ltr' id='par_1_91' title="bbox 2079 3260 3654 3331">
     <span class='ocr_line' id='line_1_91' title="bbox 2079 3260 3654 3331; baseline -0.003 -16"><span class='ocrx_word' id='word_1_684' title='bbox 2079 3277 2176 3316; x_wconf 93' lang='lat' dir='ltr'><strong>suo</strong></span> <span class='ocrx_word' id='word_1_685' title='bbox 2199 3261 2614 3316; x_wconf 88' lang='lat' dir='ltr'><strong>subterraneum</strong></span> <span class='ocrx_word' id='word_1_686' title='bbox 2642 3260 2787 3316; x_wconf 92' lang='lat' dir='ltr'><strong>ducit</strong></span> <span class='ocrx_word' id='word_1_687' title='bbox 2821 3261 3089 3331; x_wconf 78' lang='lat' dir='ltr'><strong>gurgitem</strong></span> <span class='ocrx_word' id='word_1_688' title='bbox 3113 3274 3285 3328; x_wconf 90' lang='lat' dir='ltr'><strong>usque</strong></span> <span class='ocrx_word' id='word_1_689' title='bbox 3311 3261 3378 3312; x_wconf 89' lang='lat' dir='ltr'><strong>ad</strong></span> <span class='ocrx_word' id='word_1_690' title='bbox 3401 3260 3654 3326; x_wconf 70' lang='lat' dir='ltr'><strong>Melitam,</strong></span> 
     </span>
    </p>
   </div>
   <div class='ocr_carea' id='block_1_92' title="bbox 2075 3350 3656 3424">
    <p class='ocr_par' dir='ltr' id='par_1_92' title="bbox 2075 3350 3656 3424">
     <span class='ocr_line' id='line_1_92' title="bbox 2075 3350 3656 3424; baseline -0.001 -18"><span class='ocrx_word' id='word_1_691' title='bbox 2075 3353 2358 3424; x_wconf 70' lang='lat' dir='ltr'><strong>planitiem</strong></span> <span class='ocrx_word' id='word_1_692' title='bbox 2392 3352 2540 3406; x_wconf 87' lang='lat' dir='ltr'><strong>illam</strong></span> <span class='ocrx_word' id='word_1_693' title='bbox 2571 3352 2627 3406; x_wconf 93' lang='lat' dir='ltr'><strong>in</strong></span> <span class='ocrx_word' id='word_1_694' title='bbox 2672 3367 2778 3422; x_wconf 89' lang='lat' dir='ltr'><strong>qua</strong></span> <span class='ocrx_word' id='word_1_695' title='bbox 2811 3352 2942 3407; x_wconf 87' lang='lat' dir='ltr'><strong>satis</strong></span> <span class='ocrx_word' id='word_1_696' title='bbox 2992 3361 3264 3420; x_wconf 85' lang='lat' dir='ltr'><strong>patentem</strong></span> <span class='ocrx_word' id='word_1_697' title='bbox 3311 3366 3468 3406; x_wconf 87' lang='lat' dir='ltr'><strong>suum</strong></span> <span class='ocrx_word' id='word_1_698' title='bbox 3506 3350 3656 3405; x_wconf 78' lang='lat' dir='ltr'><strong>foras</strong></span> 
     </span>
    </p>
   </div>
   <div class='ocr_carea' id='block_1_93' title="bbox 2075 3445 3656 3513">
    <p class='ocr_par' dir='ltr' id='par_1_93' title="bbox 2075 3445 3656 3513">
     <span class='ocr_line' id='line_1_93' title="bbox 2075 3445 3656 3513; baseline -0.004 -8"><span class='ocrx_word' id='word_1_699' title='bbox 2075 3450 2277 3505; x_wconf 90' lang='lat' dir='ltr'><strong>emittit</strong></span> <span class='ocrx_word' id='word_1_700' title='bbox 2332 3449 2569 3503; x_wconf 85' lang='lat' dir='ltr'><strong>alveum.</strong></span> <span class='ocrx_word' id='word_1_701' title='bbox 2607 3448 2876 3504; x_wconf 88' lang='lat' dir='ltr'><strong>Planities</strong></span> <span class='ocrx_word' id='word_1_702' title='bbox 2933 3446 3023 3502; x_wconf 88' lang='lat' dir='ltr'><strong>illa</strong></span> <span class='ocrx_word' id='word_1_703' title='bbox 3083 3445 3257 3502; x_wconf 85' lang='lat' dir='ltr'><strong>Melda</strong></span> <span class='ocrx_word' id='word_1_704' title='bbox 3291 3455 3538 3513; x_wconf 70' lang='lat' dir='ltr'><strong>vocatur,</strong></span> <span class='ocrx_word' id='word_1_705' title='bbox 3587 3462 3656 3500; x_wconf 86' lang='lat' dir='ltr'><strong>eo</strong></span> 
     </span>
    </p>
   </div>
   <div class='ocr_carea' id='block_1_94' title="bbox 2075 3540 3657 3612">
    <p class='ocr_par' dir='ltr' id='par_1_94' title="bbox 2075 3540 3657 3612">
     <span class='ocr_line' id='line_1_94' title="bbox 2075 3540 3657 3612; baseline -0.001 -16"><span class='ocrx_word' id='word_1_706' title='bbox 2075 3543 2220 3612; x_wconf 83' lang='lat' dir='ltr'><strong>quod</strong></span> <span class='ocrx_word' id='word_1_707' title='bbox 2261 3543 2310 3596; x_wconf 90' lang='lat' dir='ltr'><strong>in</strong></span> <span class='ocrx_word' id='word_1_708' title='bbox 2361 3541 2450 3595; x_wconf 91' lang='lat' dir='ltr'><strong>illa</strong></span> <span class='ocrx_word' id='word_1_709' title='bbox 2492 3540 2684 3596; x_wconf 88' lang='lat' dir='ltr'><strong>Meldis</strong></span> <span class='ocrx_word' id='word_1_710' title='bbox 2716 3551 2820 3596; x_wconf 90' lang='lat' dir='ltr'><strong>est.</strong></span> <span class='ocrx_word' id='word_1_711' title='bbox 2876 3541 3202 3596; x_wconf 88' lang='lat' dir='ltr'><strong>Saracenice</strong></span> <span class='ocrx_word' id='word_1_712' title='bbox 3235 3541 3452 3608; x_wconf 88' lang='lat' dir='ltr'><strong>quidem</strong></span> <span class='ocrx_word' id='word_1_713' title='bbox 3499 3548 3657 3595; x_wconf 84' lang='lat' dir='ltr'><strong>sonat</strong></span> 
     </span>
    </p>
   </div>
   <div class='ocr_carea' id='block_1_95' title="bbox 2075 3629 3653 3703">
    <p class='ocr_par' dir='ltr' id='par_1_95' title="bbox 2075 3629 3653 3703">
     <span class='ocr_line' id='line_1_95' title="bbox 2075 3629 3653 3703; baseline -0.004 -15"><span class='ocrx_word' id='word_1_714' title='bbox 2075 3635 2332 3703; x_wconf 87' lang='lat' dir='ltr'><strong>plataem.</strong></span> <span class='ocrx_word' id='word_1_715' title='bbox 2356 3634 2540 3689; x_wconf 85' lang='lat' dir='ltr'><strong>Platea</strong></span> <span class='ocrx_word' id='word_1_716' title='bbox 2562 3633 2756 3698; x_wconf 81' lang='lat' dir='ltr'><strong>lllelda,</strong></span> <span class='ocrx_word' id='word_1_717' title='bbox 2779 3631 2970 3688; x_wconf 90' lang='lat' dir='ltr'><strong>Latine</strong></span> <span class='ocrx_word' id='word_1_718' title='bbox 2997 3633 3412 3701; x_wconf 86' lang='lat' dir='ltr'><strong>autemplatea,</strong></span> <span class='ocrx_word' id='word_1_719' title='bbox 3444 3629 3653 3690; x_wconf 75' lang='lat' dir='ltr'><strong>forum;</strong></span> 
     </span>
    </p>
   </div>
   <div class='ocr_carea' id='block_1_96' title="bbox 2077 3721 3657 3794">
    <p class='ocr_par' dir='ltr' id='par_1_96' title="bbox 2077 3721 3657 3794">
     <span class='ocr_line' id='line_1_96' title="bbox 2077 3721 3657 3794; baseline -0.005 -15"><span class='ocrx_word' id='word_1_720' title='bbox 2077 3725 2247 3780; x_wconf 83' lang='lat' dir='ltr'><strong>Melda</strong></span> <span class='ocrx_word' id='word_1_721' title='bbox 2281 3741 2410 3780; x_wconf 89' lang='lat' dir='ltr'><strong>vero</strong></span> <span class='ocrx_word' id='word_1_722' title='bbox 2443 3734 2687 3781; x_wconf 85' lang='lat' dir='ltr'><strong>vocatur.</strong></span> <span class='ocrx_word' id='word_1_723' title='bbox 2712 3738 2778 3779; x_wconf 89' lang='lat' dir='ltr'><strong>eo</strong></span> <span class='ocrx_word' id='word_1_724' title='bbox 2818 3725 2960 3794; x_wconf 89' lang='lat' dir='ltr'><strong>quod</strong></span> <span class='ocrx_word' id='word_1_725' title='bbox 2990 3725 3232 3778; x_wconf 90' lang='lat' dir='ltr'><strong>intrante</strong></span> <span class='ocrx_word' id='word_1_726' title='bbox 3267 3729 3454 3778; x_wconf 75' lang='lat' dir='ltr'><strong>aestate</strong></span> <span class='ocrx_word' id='word_1_727' title='bbox 3495 3721 3657 3775; x_wconf 79' lang='lat' dir='ltr'><strong>innu-</strong></span> 
     </span>
    </p>
   </div>
   <div class='ocr_carea' id='block_1_97' title="bbox 2077 3813 3658 3886">
    <p class='ocr_par' dir='ltr' id='par_1_97' title="bbox 2077 3813 3658 3886">
     <span class='ocr_line' id='line_1_97' title="bbox 2077 3813 3658 3886; baseline -0.006 -14"><span class='ocrx_word' id='word_1_728' title='bbox 2077 3818 2361 3872; x_wconf 88' lang='lat' dir='ltr'><strong>merabilis</strong></span> <span class='ocrx_word' id='word_1_729' title='bbox 2393 3818 2464 3871; x_wconf 91' lang='lat' dir='ltr'><strong>ibi</strong></span> <span class='ocrx_word' id='word_1_730' title='bbox 2502 3817 2754 3886; x_wconf 89' lang='lat' dir='ltr'><strong>populus,</strong></span> <span class='ocrx_word' id='word_1_731' title='bbox 2789 3829 2980 3869; x_wconf 80' lang='lat' dir='ltr'><strong>set-um</strong></span> <span class='ocrx_word' id='word_1_732' title='bbox 3009 3813 3261 3870; x_wconf 83' lang='lat' dir='ltr'><strong>deferens</strong></span> <span class='ocrx_word' id='word_1_733' title='bbox 3283 3813 3462 3867; x_wconf 85' lang='lat' dir='ltr'><strong>omnia</strong></span> <span class='ocrx_word' id='word_1_734' title='bbox 3498 3825 3658 3865; x_wconf 82' lang='lat' dir='ltr'><strong>vena—</strong></span> 
     </span>
    </p>
   </div>
   <div class='ocr_carea' id='block_1_98' title="bbox 2077 3900 3654 3975">
    <p class='ocr_par' dir='ltr' id='par_1_98' title="bbox 2077 3900 3654 3975">
     <span class='ocr_line' id='line_1_98' title="bbox 2077 3900 3654 3975; baseline -0.006 -14"><span class='ocrx_word' id='word_1_735' title='bbox 2077 3908 2170 3974; x_wconf 91' lang='lat' dir='ltr'><strong>lia,</strong></span> <span class='ocrx_word' id='word_1_736' title='bbox 2195 3909 2451 3962; x_wconf 83' lang='lat' dir='ltr'><strong>convenit</strong></span> <span class='ocrx_word' id='word_1_737' title='bbox 2481 3907 2781 3975; x_wconf 83' lang='lat' dir='ltr'><strong>ingensque</strong></span> <span class='ocrx_word' id='word_1_738' title='bbox 2811 3906 3136 3960; x_wconf 84' lang='lat' dir='ltr'><strong>Parthorum</strong></span> <span class='ocrx_word' id='word_1_739' title='bbox 3188 3914 3242 3958; x_wconf 92' lang='lat' dir='ltr'><strong>et</strong></span> <span class='ocrx_word' id='word_1_740' title='bbox 3289 3905 3524 3956; x_wconf 85' lang='lat' dir='ltr'><strong>Arabum</strong></span> <span class='ocrx_word' id='word_1_741' title='bbox 3552 3900 3654 3954; x_wconf 85' lang='lat' dir='ltr'><strong>mi-</strong></span> 
     </span>
    </p>
   </div>
   <div class='ocr_carea' id='block_1_99' title="bbox 2075 3991 3656 4063">
    <p class='ocr_par' dir='ltr' id='par_1_99' title="bbox 2075 3991 3656 4063">
     <span class='ocr_line' id='line_1_99' title="bbox 2075 3991 3656 4063; baseline -0.003 -15"><span class='ocrx_word' id='word_1_742' title='bbox 2075 3997 2210 4060; x_wconf 87' lang='lat' dir='ltr'><strong>litia,</strong></span> <span class='ocrx_word' id='word_1_743' title='bbox 2236 3996 2302 4050; x_wconf 83' lang='lat' dir='ltr'><strong>ad</strong></span> <span class='ocrx_word' id='word_1_744' title='bbox 2337 3996 2593 4050; x_wconf 89' lang='lat' dir='ltr'><strong>tuendum</strong></span> <span class='ocrx_word' id='word_1_745' title='bbox 2621 3994 2874 4063; x_wconf 86' lang='lat' dir='ltr'><strong>populum</strong></span> <span class='ocrx_word' id='word_1_746' title='bbox 2907 4004 2962 4048; x_wconf 89' lang='lat' dir='ltr'><strong>ct</strong></span> <span class='ocrx_word' id='word_1_747' title='bbox 2990 4008 3180 4062; x_wconf 82' lang='lat' dir='ltr'><strong>greges</strong></span> <span class='ocrx_word' id='word_1_748' title='bbox 3203 4007 3330 4046; x_wconf 88' lang='lat' dir='ltr'><strong>suos</strong></span> <span class='ocrx_word' id='word_1_749' title='bbox 3356 3994 3408 4044; x_wconf 92' lang='lat' dir='ltr'><strong>in</strong></span> <span class='ocrx_word' id='word_1_750' title='bbox 3439 3991 3656 4058; x_wconf 86' lang='lat' dir='ltr'><strong>pascuis</strong></span> 
     </span>
    </p>
   </div>
   <div class='ocr_carea' id='block_1_100' title="bbox 2075 4082 3653 4154">
    <p class='ocr_par' dir='ltr' id='par_1_100' title="bbox 2075 4082 3653 4154">
     <span class='ocr_line' id='line_1_100' title="bbox 2075 4082 3653 4154; baseline -0.006 -13"><span class='ocrx_word' id='word_1_751' title='bbox 2075 4088 2184 4142; x_wconf 91' lang='lat' dir='ltr'><strong>illis</strong></span> <span class='ocrx_word' id='word_1_752' title='bbox 2215 4086 2507 4141; x_wconf 86' lang='lat' dir='ltr'><strong>uberrimis</strong></span> <span class='ocrx_word' id='word_1_753' title='bbox 2534 4100 2630 4154; x_wconf 88' lang='lat' dir='ltr'><strong>per</strong></span> <span class='ocrx_word' id='word_1_754' title='bbox 2659 4093 2824 4138; x_wconf 90' lang='lat' dir='ltr'><strong>totam</strong></span> <span class='ocrx_word' id='word_1_755' title='bbox 2858 4091 3128 4138; x_wconf 71' lang='lat' dir='ltr'><strong>aestatem.</strong></span> <span class='ocrx_word' id='word_1_756' title='bbox 3186 4082 3399 4137; x_wconf 79' lang='lat' dir='ltr'><strong>Meldan</strong></span> <span class='ocrx_word' id='word_1_757' title='bbox 3431 4097 3653 4150; x_wconf 78' lang='lat' dir='ltr'><strong>cumpo-</strong></span> 
     </span>
    </p>
   </div>
   <div class='ocr_carea' id='block_1_101' title="bbox 2074 4163 3651 4241">
    <p class='ocr_par' dir='ltr' id='par_1_101' title="bbox 2074 4163 3651 4241">
     <span class='ocr_line' id='line_1_101' title="bbox 2074 4163 3651 4241; baseline -0.004 -11"><span class='ocrx_word' id='word_1_758' title='bbox 2074 4177 2225 4230; x_wconf 76' lang='lat' dir='ltr'><strong>nitur</strong></span> <span class='ocrx_word' id='word_1_759' title='bbox 2275 4191 2344 4231; x_wconf 72' lang='lat' dir='ltr'><strong>ex</strong></span> <span class='ocrx_word' id='word_1_760' title='bbox 2392 4174 2518 4241; x_wconf 84' lang='lat' dir='ltr'><strong>Mel,</strong></span> <span class='ocrx_word' id='word_1_761' title='bbox 2572 4183 2626 4229; x_wconf 91' lang='lat' dir='ltr'><strong>et</strong></span> <span class='ocrx_word' id='word_1_762' title='bbox 2669 4173 2936 4229; x_wconf 85' lang='lat' dir='ltr'><strong>Dan.Mel</strong></span> <span class='ocrx_word' id='word_1_763' title='bbox 2981 4172 3312 4227; x_wconf 88' lang='lat' dir='ltr'><strong>Saracenice</strong></span> <span class='ocrx_word' id='word_1_764' title='bbox 3342 4163 3502 4240; x_wconf 87' lang='lat' dir='ltr'><strong>aqua.</strong></span> <span class='ocrx_word' id='word_1_765' title='bbox 3540 4170 3651 4224; x_wconf 85' lang='lat' dir='ltr'><strong>Dan</strong></span> 
     </span>
    </p>
   </div>
   <div class='ocr_carea' id='block_1_102' title="bbox 2075 4264 3650 4336">
    <p class='ocr_par' dir='ltr' id='par_1_102' title="bbox 2075 4264 3650 4336">
     <span class='ocr_line' id='line_1_102' title="bbox 2075 4264 3650 4336; baseline -0.005 -13"><span class='ocrx_word' id='word_1_766' title='bbox 2075 4269 2294 4332; x_wconf 90' lang='lat' dir='ltr'><strong>ﬂuvius,</strong></span> <span class='ocrx_word' id='word_1_767' title='bbox 2341 4283 2406 4321; x_wconf 83' lang='lat' dir='ltr'><strong>ex</strong></span> <span class='ocrx_word' id='word_1_768' title='bbox 2468 4267 2694 4336; x_wconf 88' lang='lat' dir='ltr'><strong>planitie</strong></span> <span class='ocrx_word' id='word_1_769' title='bbox 2745 4267 2859 4322; x_wconf 88' lang='lat' dir='ltr'><strong>Dan</strong></span> <span class='ocrx_word' id='word_1_770' title='bbox 2913 4265 3169 4334; x_wconf 68' lang='lat' dir='ltr'><strong>praediCIa</strong></span> <span class='ocrx_word' id='word_1_771' title='bbox 3212 4280 3270 4319; x_wconf 92' lang='lat' dir='ltr'><strong>se</strong></span> <span class='ocrx_word' id='word_1_772' title='bbox 3318 4264 3549 4318; x_wconf 77' lang='lat' dir='ltr'><strong>reddens</strong></span> <span class='ocrx_word' id='word_1_773' title='bbox 3597 4265 3650 4316; x_wconf 92' lang='lat' dir='ltr'><strong>in</strong></span> 
     </span>
    </p>
   </div>
   <div class='ocr_carea' id='block_1_103' title="bbox 2073 4353 3652 4426">
    <p class='ocr_par' dir='ltr' id='par_1_103' title="bbox 2073 4353 3652 4426">
     <span class='ocr_line' id='line_1_103' title="bbox 2073 4353 3652 4426; baseline -0.004 -13"><span class='ocrx_word' id='word_1_774' title='bbox 2073 4358 2319 4416; x_wconf 83' lang='lat' dir='ltr'><strong>ﬂuvium.</strong></span> <span class='ocrx_word' id='word_1_775' title='bbox 2377 4359 2596 4412; x_wconf 86' lang='lat' dir='ltr'><strong>Suctam</strong></span> <span class='ocrx_word' id='word_1_776' title='bbox 2643 4365 2914 4426; x_wconf 84' lang='lat' dir='ltr'><strong>peragrat,</strong></span> <span class='ocrx_word' id='word_1_777' title='bbox 2951 4357 3002 4409; x_wconf 91' lang='lat' dir='ltr'><strong>in</strong></span> <span class='ocrx_word' id='word_1_778' title='bbox 3057 4368 3160 4423; x_wconf 86' lang='lat' dir='ltr'><strong>qua</strong></span> <span class='ocrx_word' id='word_1_779' title='bbox 3223 4354 3465 4425; x_wconf 85' lang='lat' dir='ltr'><strong>pyramis</strong></span> <span class='ocrx_word' id='word_1_780' title='bbox 3508 4353 3652 4407; x_wconf 87' lang='lat' dir='ltr'><strong>beati</strong></span> 
     </span>
    </p>
   </div>
   <div class='ocr_carea' id='block_1_104' title="bbox 2075 4443 3650 4518">
    <p class='ocr_par' dir='ltr' id='par_1_104' title="bbox 2075 4443 3650 4518">
     <span class='ocr_line' id='line_1_104' title="bbox 2075 4443 3650 4518; baseline -0.006 -14"><span class='ocrx_word' id='word_1_781' title='bbox 2075 4450 2176 4505; x_wconf 87' lang='lat' dir='ltr'><strong>Job</strong></span> <span class='ocrx_word' id='word_1_782' title='bbox 2207 4458 2507 4518; x_wconf 88' lang='lat' dir='ltr'><strong>superstes,</strong></span> <span class='ocrx_word' id='word_1_783' title='bbox 2543 4463 2572 4502; x_wconf 89' lang='lat' dir='ltr'><strong>a</strong></span> <span class='ocrx_word' id='word_1_784' title='bbox 2606 4446 2812 4502; x_wconf 74' lang='lat' dir='ltr'><strong>Grtecis</strong></span> <span class='ocrx_word' id='word_1_785' title='bbox 2840 4457 2894 4501; x_wconf 88' lang='lat' dir='ltr'><strong>et</strong></span> <span class='ocrx_word' id='word_1_786' title='bbox 2935 4445 3230 4517; x_wconf 89' lang='lat' dir='ltr'><strong>gentilibus</strong></span> <span class='ocrx_word' id='word_1_787' title='bbox 3261 4443 3517 4500; x_wconf 89' lang='lat' dir='ltr'><strong>solemnis</strong></span> <span class='ocrx_word' id='word_1_788' title='bbox 3551 4443 3650 4496; x_wconf 90' lang='lat' dir='ltr'><strong>ha-</strong></span> 
     </span>
    </p>
   </div>
   <div class='ocr_carea' id='block_1_105' title="bbox 2079 4535 3654 4607">
    <p class='ocr_par' dir='ltr' id='par_1_105' title="bbox 2079 4535 3654 4607">
     <span class='ocr_line' id='line_1_105' title="bbox 2079 4535 3654 4607; baseline -0.006 -9"><span class='ocrx_word' id='word_1_789' title='bbox 2079 4545 2256 4599; x_wconf 91' lang='lat' dir='ltr'><strong>betur.</strong></span> <span class='ocrx_word' id='word_1_790' title='bbox 2291 4541 2430 4607; x_wconf 90' lang='lat' dir='ltr'><strong>Dan,</strong></span> <span class='ocrx_word' id='word_1_791' title='bbox 2459 4554 2647 4594; x_wconf 88' lang='lat' dir='ltr'><strong>contra</strong></span> <span class='ocrx_word' id='word_1_792' title='bbox 2680 4537 2956 4594; x_wconf 68' lang='lat' dir='ltr'><strong>Galilaeam</strong></span> <span class='ocrx_word' id='word_1_793' title='bbox 2986 4537 3222 4606; x_wconf 86' lang='lat' dir='ltr'><strong>gentium</strong></span> <span class='ocrx_word' id='word_1_794' title='bbox 3271 4549 3330 4589; x_wconf 89' lang='lat' dir='ltr'><strong>se</strong></span> <span class='ocrx_word' id='word_1_795' title='bbox 3361 4535 3654 4604; x_wconf 77' lang='lat' dir='ltr'><strong>obliquatis</strong></span> 
     </span>
    </p>
   </div>
   <div class='ocr_carea' id='block_1_106' title="bbox 2080 4623 3652 4692">
    <p class='ocr_par' dir='ltr' id='par_1_106' title="bbox 2080 4623 3652 4692">
     <span class='ocr_line' id='line_1_106' title="bbox 2080 4623 3652 4692; baseline -0.006 -6"><span class='ocrx_word' id='word_1_796' title='bbox 2080 4634 2146 4686; x_wconf 90' lang='lat' dir='ltr'><strong>ab</strong></span> <span class='ocrx_word' id='word_1_797' title='bbox 2189 4632 2321 4684; x_wconf 88' lang='lat' dir='ltr'><strong>urbe</strong></span> <span class='ocrx_word' id='word_1_798' title='bbox 2372 4629 2548 4683; x_wconf 88' lang='lat' dir='ltr'><strong>Cedar</strong></span> <span class='ocrx_word' id='word_1_799' title='bbox 2599 4628 2761 4682; x_wconf 62' lang='lat' dir='ltr'><strong>caecis</strong></span> <span class='ocrx_word' id='word_1_800' title='bbox 2813 4624 3151 4680; x_wconf 87' lang='lat' dir='ltr'><strong>medicabilia</strong></span> <span class='ocrx_word' id='word_1_801' title='bbox 3206 4623 3396 4678; x_wconf 87' lang='lat' dir='ltr'><strong>balnea</strong></span> <span class='ocrx_word' id='word_1_802' title='bbox 3454 4623 3652 4692; x_wconf 82' lang='lat' dir='ltr'><strong>spincti</strong></span> 
     </span>
    </p>
   </div>
   <div class='ocr_carea' id='block_1_107' title="bbox 2079 4713 3652 4791">
    <p class='ocr_par' dir='ltr' id='par_1_107' title="bbox 2079 4713 3652 4791">
     <span class='ocr_line' id='line_1_107' title="bbox 2079 4713 3652 4791; baseline -0.006 -17"><span class='ocrx_word' id='word_1_803' title='bbox 2079 4723 2237 4791; x_wconf 87' lang='lat' dir='ltr'><strong>plana</strong></span> <span class='ocrx_word' id='word_1_804' title='bbox 2283 4719 2582 4789; x_wconf 89' lang='lat' dir='ltr'><strong>proﬂuens,</strong></span> <span class='ocrx_word' id='word_1_805' title='bbox 2629 4718 2723 4772; x_wconf 87' lang='lat' dir='ltr'><strong>.lor</strong></span> <span class='ocrx_word' id='word_1_806' title='bbox 2776 4716 3083 4786; x_wconf 89' lang='lat' dir='ltr'><strong>c0pulatur.</strong></span> <span class='ocrx_word' id='word_1_807' title='bbox 3131 4714 3226 4770; x_wconf 82' lang='lat' dir='ltr'><strong>Jor</strong></span> <span class='ocrx_word' id='word_1_808' title='bbox 3255 4713 3400 4768; x_wconf 89' lang='lat' dir='ltr'><strong>haud</strong></span> <span class='ocrx_word' id='word_1_809' title='bbox 3440 4713 3652 4784; x_wconf 84' lang='lat' dir='ltr'><strong>Iongea</strong></span> 
     </span>
    </p>
   </div>
   <div class='ocr_carea' id='block_1_108' title="bbox 2080 4803 3655 4876">
    <p class='ocr_par' dir='ltr' id='par_1_108' title="bbox 2080 4803 3655 4876">
     <span class='ocr_line' id='line_1_108' title="bbox 2080 4803 3655 4876; baseline -0.006 -9"><span class='ocrx_word' id='word_1_810' title='bbox 2080 4814 2289 4868; x_wconf 89' lang='lat' dir='ltr'><strong>Paneas</strong></span> <span class='ocrx_word' id='word_1_811' title='bbox 2311 4813 2486 4866; x_wconf 87' lang='lat' dir='ltr'><strong>lacum</strong></span> <span class='ocrx_word' id='word_1_812' title='bbox 2524 4811 2668 4864; x_wconf 92' lang='lat' dir='ltr'><strong>illius</strong></span> <span class='ocrx_word' id='word_1_813' title='bbox 2699 4809 2879 4863; x_wconf 89' lang='lat' dir='ltr'><strong>reddit</strong></span> <span class='ocrx_word' id='word_1_814' title='bbox 2915 4824 2980 4863; x_wconf 81' lang='lat' dir='ltr'><strong>ex</strong></span> <span class='ocrx_word' id='word_1_815' title='bbox 3029 4821 3108 4874; x_wconf 88' lang='lat' dir='ltr'><strong>se,</strong></span> <span class='ocrx_word' id='word_1_816' title='bbox 3141 4816 3326 4876; x_wconf 88' lang='lat' dir='ltr'><strong>postea</strong></span> <span class='ocrx_word' id='word_1_817' title='bbox 3365 4821 3515 4859; x_wconf 92' lang='lat' dir='ltr'><strong>mare</strong></span> <span class='ocrx_word' id='word_1_818' title='bbox 3543 4803 3655 4859; x_wconf 85' lang='lat' dir='ltr'><strong>Ga-</strong></span> 
     </span>
    </p>
   </div>
   <div class='ocr_carea' id='block_1_109' title="bbox 2083 4895 3657 4970">
    <p class='ocr_par' dir='ltr' id='par_1_109' title="bbox 2083 4895 3657 4970">
     <span class='ocr_line' id='line_1_109' title="bbox 2083 4895 3657 4970; baseline -0.006 -12"><span class='ocrx_word' id='word_1_819' title='bbox 2083 4906 2253 4970; x_wconf 74' lang='lat' dir='ltr'><strong>lilacaa,</strong></span> <span class='ocrx_word' id='word_1_820' title='bbox 2291 4917 2512 4957; x_wconf 86' lang='lat' dir='ltr'><strong>sumens</strong></span> <span class='ocrx_word' id='word_1_821' title='bbox 2544 4901 2757 4955; x_wconf 89' lang='lat' dir='ltr'><strong>initium</strong></span> <span class='ocrx_word' id='word_1_822' title='bbox 2791 4901 2930 4954; x_wconf 82' lang='lat' dir='ltr'><strong>inter</strong></span> <span class='ocrx_word' id='word_1_823' title='bbox 2963 4899 3253 4953; x_wconf 81' lang='lat' dir='ltr'><strong>Betltsaida</strong></span> <span class='ocrx_word' id='word_1_824' title='bbox 3306 4907 3361 4952; x_wconf 89' lang='lat' dir='ltr'><strong>et</strong></span> <span class='ocrx_word' id='word_1_825' title='bbox 3409 4895 3657 4966; x_wconf 68' lang='lat' dir='ltr'><strong>Caphar.</strong></span> 
     </span>
    </p>
   </div>
   <div class='ocr_carea' id='block_1_110' title="bbox 2082 4985 3658 5052">
    <p class='ocr_par' dir='ltr' id='par_1_110' title="bbox 2082 4985 3658 5052">
     <span class='ocr_line' id='line_1_110' title="bbox 2082 4985 3658 5052; baseline -0.005 -4"><span class='ocrx_word' id='word_1_826' title='bbox 2082 5009 2264 5048; x_wconf 88' lang='lat' dir='ltr'><strong>naum.</strong></span> <span class='ocrx_word' id='word_1_827' title='bbox 2298 4993 2342 5044; x_wconf 88' lang='lat' dir='ltr'><strong>A</strong></span> <span class='ocrx_word' id='word_1_828' title='bbox 2373 4989 2659 5045; x_wconf 75' lang='lat' dir='ltr'><strong>Bethsaida</strong></span> <span class='ocrx_word' id='word_1_829' title='bbox 2693 4990 2885 5044; x_wconf 83' lang='lat' dir='ltr'><strong>Petrus</strong></span> <span class='ocrx_word' id='word_1_830' title='bbox 2934 4997 2989 5050; x_wconf 82' lang='lat' dir='ltr'><strong>et</strong></span> <span class='ocrx_word' id='word_1_831' title='bbox 3037 4985 3294 5052; x_wconf 82' lang='lat' dir='ltr'><strong>Joannes,</strong></span> <span class='ocrx_word' id='word_1_832' title='bbox 3327 4987 3571 5040; x_wconf 82' lang='lat' dir='ltr'><strong>Andreas</strong></span> <span class='ocrx_word' id='word_1_833' title='bbox 3601 4995 3658 5040; x_wconf 89' lang='lat' dir='ltr'><strong>et</strong></span> 
     </span>
    </p>
   </div>
   <div class='ocr_carea' id='block_1_111' title="bbox 2078 5074 3652 5149">
    <p class='ocr_par' dir='ltr' id='par_1_111' title="bbox 2078 5074 3652 5149">
     <span class='ocr_line' id='line_1_111' title="bbox 2078 5074 3652 5149; baseline -0.005 -11"><span class='ocrx_word' id='word_1_834' title='bbox 2078 5083 2314 5138; x_wconf 81' lang='lat' dir='ltr'><strong>Jacobus</strong></span> <span class='ocrx_word' id='word_1_835' title='bbox 2368 5081 2599 5149; x_wconf 65' lang='lat' dir='ltr'><strong>Alphati.</strong></span> <span class='ocrx_word' id='word_1_836' title='bbox 2651 5080 2894 5146; x_wconf 82' lang='lat' dir='ltr'><strong>Quatuor</strong></span> <span class='ocrx_word' id='word_1_837' title='bbox 2941 5079 3196 5132; x_wconf 89' lang='lat' dir='ltr'><strong>milliaria</strong></span> <span class='ocrx_word' id='word_1_838' title='bbox 3248 5093 3277 5130; x_wconf 89' lang='lat' dir='ltr'><strong>a</strong></span> <span class='ocrx_word' id='word_1_839' title='bbox 3335 5074 3652 5137; x_wconf 85' lang='lat' dir='ltr'><strong>Bethsaida.</strong></span> 
     </span>
    </p>
   </div>
   <div class='ocr_carea' id='block_1_112' title="bbox 2081 5167 3657 5238">
    <p class='ocr_par' dir='ltr' id='par_1_112' title="bbox 2081 5167 3657 5238">
     <span class='ocr_line' id='line_1_112' title="bbox 2081 5167 3657 5238; baseline -0.006 -11"><span class='ocrx_word' id='word_1_840' title='bbox 2081 5172 2372 5236; x_wconf 85' lang='lat' dir='ltr'><strong>Corozaiu,</strong></span> <span class='ocrx_word' id='word_1_841' title='bbox 2419 5170 2471 5222; x_wconf 91' lang='lat' dir='ltr'><strong>in</strong></span> <span class='ocrx_word' id='word_1_842' title='bbox 2515 5183 2623 5238; x_wconf 87' lang='lat' dir='ltr'><strong>qua</strong></span> <span class='ocrx_word' id='word_1_843' title='bbox 2666 5169 2937 5222; x_wconf 91' lang='lat' dir='ltr'><strong>nutrietur</strong></span> <span class='ocrx_word' id='word_1_844' title='bbox 2975 5167 3368 5227; x_wconf 88' lang='lat' dir='ltr'><strong>Antichristus,</strong></span> <span class='ocrx_word' id='word_1_845' title='bbox 3399 5167 3657 5219; x_wconf 87' lang='lat' dir='ltr'><strong>seductor</strong></span> 
     </span>
    </p>
   </div>
   <div class='ocr_carea' id='block_1_113' title="bbox 2082 5252 3656 5316">
    <p class='ocr_par' dir='ltr' id='par_1_113' title="bbox 2082 5252 3656 5316">
     <span class='ocr_line' id='line_1_113' title="bbox 2082 5252 3656 5316; baseline -0.005 0"><span class='ocrx_word' id='word_1_846' title='bbox 2082 5262 2246 5316; x_wconf 88' lang='lat' dir='ltr'><strong>orbis.</strong></span> <span class='ocrx_word' id='word_1_847' title='bbox 2280 5260 2354 5313; x_wconf 89' lang='lat' dir='ltr'><strong>De</strong></span> <span class='ocrx_word' id='word_1_848' title='bbox 2378 5259 2642 5312; x_wconf 77' lang='lat' dir='ltr'><strong>Corozaiu</strong></span> <span class='ocrx_word' id='word_1_849' title='bbox 2673 5270 2727 5312; x_wconf 79' lang='lat' dir='ltr'><strong>et</strong></span> <span class='ocrx_word' id='word_1_850' title='bbox 2759 5257 3050 5312; x_wconf 70' lang='lat' dir='ltr'><strong>Bethsaida</strong></span> <span class='ocrx_word' id='word_1_851' title='bbox 3075 5256 3150 5310; x_wconf 90' lang='lat' dir='ltr'><strong>ait</strong></span> <span class='ocrx_word' id='word_1_852' title='bbox 3173 5254 3428 5310; x_wconf 85' lang='lat' dir='ltr'><strong>Christus</strong></span> <span class='ocrx_word' id='word_1_853' title='bbox 3450 5252 3608 5308; x_wconf 75' lang='lat' dir='ltr'><strong>Jesus</strong></span> <span class='ocrx_word' id='word_1_854' title='bbox 3640 5271 3656 5308; x_wconf 91' lang='lat'><strong>:</strong></span> 
     </span>
    </p>
   </div>
   <div class='ocr_carea' id='block_1_114' title="bbox 2093 5345 3661 5417">
    <p class='ocr_par' dir='ltr' id='par_1_114' title="bbox 2093 5345 3661 5417">
     <span class='ocr_line' id='line_1_114' title="bbox 2093 5345 3661 5417; baseline -0.005 -11"><span class='ocrx_word' id='word_1_855' title='bbox 2093 5354 2181 5406; x_wconf 78' lang='lat' dir='ltr'><em>Vw</em></span> <span class='ocrx_word' id='word_1_856' title='bbox 2198 5351 2620 5417; x_wconf 72' lang='lat' dir='ltr'><strong>tibi,Corozain,</strong></span> <span class='ocrx_word' id='word_1_857' title='bbox 2641 5366 2718 5403; x_wconf 78' lang='lat' dir='ltr'><strong>me</strong></span> <span class='ocrx_word' id='word_1_858' title='bbox 2742 5350 2859 5414; x_wconf 82' lang='lat' dir='ltr'><strong>tibi,</strong></span> <span class='ocrx_word' id='word_1_859' title='bbox 2884 5348 3168 5402; x_wconf 78' lang='lat' dir='ltr'><strong>Betltsaida</strong></span> <span class='ocrx_word' id='word_1_860' title='bbox 3185 5347 3226 5398; x_wconf 76' lang='grc'><strong>⁸.</strong></span> <span class='ocrx_word' id='word_1_861' title='bbox 3259 5345 3508 5415; x_wconf 87' lang='lat' dir='ltr'><strong>Quinque</strong></span> <span class='ocrx_word' id='word_1_862' title='bbox 3538 5345 3661 5398; x_wconf 86' lang='lat' dir='ltr'><strong>mil-</strong></span> 
     </span>
    </p>
   </div>
   <div class='ocr_carea' id='block_1_115' title="bbox 2083 5437 3662 5503">
    <p class='ocr_par' dir='ltr' id='par_1_115' title="bbox 2083 5437 3662 5503">
     <span class='ocr_line' id='line_1_115' title="bbox 2083 5437 3662 5503; baseline -0.005 -5"><span class='ocrx_word' id='word_1_863' title='bbox 2083 5445 2238 5499; x_wconf 88' lang='lat' dir='ltr'><strong>liaria</strong></span> <span class='ocrx_word' id='word_1_864' title='bbox 2299 5457 2331 5496; x_wconf 90' lang='lat' dir='ltr'><strong>a</strong></span> <span class='ocrx_word' id='word_1_865' title='bbox 2379 5441 2668 5503; x_wconf 80' lang='lat' dir='ltr'><strong>Corozain,</strong></span> <span class='ocrx_word' id='word_1_866' title='bbox 2714 5441 2912 5503; x_wconf 89' lang='lat' dir='ltr'><strong>Cedar,</strong></span> <span class='ocrx_word' id='word_1_867' title='bbox 2970 5437 3428 5493; x_wconf 82' lang='lat' dir='ltr'><strong>excellentissima</strong></span> <span class='ocrx_word' id='word_1_868' title='bbox 3467 5437 3662 5490; x_wconf 83' lang='lat' dir='ltr'><strong>civitas</strong></span> 
     </span>
    </p>
   </div>
   <div class='ocr_carea' id='block_1_116' title="bbox 2084 5526 3658 5602">
    <p class='ocr_par' dir='ltr' id='par_1_116' title="bbox 2084 5526 3658 5602">
     <span class='ocr_line' id='line_1_116' title="bbox 2084 5526 3658 5602; baseline -0.006 -10"><span class='ocrx_word' id='word_1_869' title='bbox 2084 5540 2196 5602; x_wconf 89' lang='lat' dir='ltr'><strong>illa,</strong></span> <span class='ocrx_word' id='word_1_870' title='bbox 2230 5537 2296 5590; x_wconf 89' lang='lat' dir='ltr'><strong>de</strong></span> <span class='ocrx_word' id='word_1_871' title='bbox 2339 5547 2443 5602; x_wconf 90' lang='lat' dir='ltr'><strong>qua</strong></span> <span class='ocrx_word' id='word_1_872' title='bbox 2483 5532 2539 5585; x_wconf 91' lang='lat' dir='ltr'><strong>in</strong></span> <span class='ocrx_word' id='word_1_873' title='bbox 2581 5531 2818 5596; x_wconf 86' lang='lat' dir='ltr'><strong>Psalmo,</strong></span> <span class='ocrx_word' id='word_1_874' title='bbox 2854 5547 2974 5584; x_wconf 86' lang='lat' dir='ltr'><strong>cum</strong></span> <span class='ocrx_word' id='word_1_875' title='bbox 3014 5527 3372 5582; x_wconf 80' lang='lat' dir='ltr'><strong>habitantibus</strong></span> <span class='ocrx_word' id='word_1_876' title='bbox 3417 5526 3589 5583; x_wconf 86' lang='lat' dir='ltr'><strong>Cedar</strong></span> <span class='ocrx_word' id='word_1_877' title='bbox 3615 5528 3658 5583; x_wconf 87' lang='lat'><strong>&quot;.</strong></span> 
     </span>
    </p>
   </div>
   <div class='ocr_carea' id='block_1_117' title="bbox 2083 5619 3657 5700">
    <p class='ocr_par' dir='ltr' id='par_1_117' title="bbox 2083 5619 3657 5700">
     <span class='ocr_line' id='line_1_117' title="bbox 2083 5619 3657 5700; baseline -0.008 -13"><span class='ocrx_word' id='word_1_878' title='bbox 2083 5631 2259 5687; x_wconf 76' lang='lat' dir='ltr'><strong>Cedar</strong></span> <span class='ocrx_word' id='word_1_879' title='bbox 2291 5633 2704 5700; x_wconf 84' lang='lat' dir='ltr'><strong>interpretatur,</strong></span> <span class='ocrx_word' id='word_1_880' title='bbox 2753 5626 2804 5678; x_wconf 91' lang='lat' dir='ltr'><strong>in</strong></span> <span class='ocrx_word' id='word_1_881' title='bbox 2860 5623 3122 5678; x_wconf 88' lang='lat' dir='ltr'><strong>tenebris.</strong></span> <span class='ocrx_word' id='word_1_882' title='bbox 3167 5619 3548 5690; x_wconf 87' lang='lat' dir='ltr'><strong>Capharuaum</strong></span> <span class='ocrx_word' id='word_1_883' title='bbox 3577 5620 3657 5687; x_wconf 42' lang='lat' dir='ltr'><strong>&#39;in</strong></span> 
     </span>
    </p>
   </div>
   <div class='ocr_carea' id='block_1_118' title="bbox 1513 5731 3662 5822">
    <p class='ocr_par' dir='ltr' id='par_1_118' title="bbox 1513 5731 3662 5822">
     <span class='ocr_line' id='line_1_118' title="bbox 1513 5731 3662 5822; baseline -0.007 -15"><span class='ocrx_word' id='word_1_884' title='bbox 1513 5753 1533 5785; x_wconf 85' lang='grc'>³</span> <span class='ocrx_word' id='word_1_885' title='bbox 1568 5750 1689 5809; x_wconf 82' lang='lat' dir='ltr'><strong>Act.</strong></span> <span class='ocrx_word' id='word_1_886' title='bbox 1719 5754 1864 5822; x_wconf 66' lang='lat' dir='ltr'><strong>tx,4.</strong></span> <span class='ocrx_word' id='word_1_887' title='bbox 1943 5751 1964 5783; x_wconf 76' lang='lat'><strong>‘</strong></span> <span class='ocrx_word' id='word_1_888' title='bbox 1987 5751 2142 5808; x_wconf 86' lang='lat' dir='ltr'><strong>Cant.</strong></span> <span class='ocrx_word' id='word_1_889' title='bbox 2165 5766 2237 5816; x_wconf 86' lang='lat' dir='ltr'><strong>tv,</strong></span> <span class='ocrx_word' id='word_1_890' title='bbox 2265 5749 2316 5804; x_wconf 93' lang='lat'><strong>8.</strong></span> <span class='ocrx_word' id='word_1_891' title='bbox 2393 5749 2414 5779; x_wconf 76' lang='lat'><strong><em>”</em></strong></span> <span class='ocrx_word' id='word_1_892' title='bbox 2435 5744 2624 5800; x_wconf 75' lang='lat' dir='ltr'><strong>Matth.</strong></span> <span class='ocrx_word' id='word_1_893' title='bbox 2648 5758 2728 5812; x_wconf 88' lang='lat' dir='ltr'><strong>tu,</strong></span> <span class='ocrx_word' id='word_1_894' title='bbox 2762 5743 2848 5797; x_wconf 84' lang='lat' dir='ltr'><strong>l7.</strong></span> <span class='ocrx_word' id='word_1_895' title='bbox 2925 5739 3152 5796; x_wconf 66' lang='lat' dir='ltr'><strong>“Matth.</strong></span> <span class='ocrx_word' id='word_1_896' title='bbox 3183 5753 3236 5794; x_wconf 78' lang='grc' dir='ltr'><strong>ιι</strong></span> <span class='ocrx_word' id='word_1_897' title='bbox 3261 5778 3276 5802; x_wconf 85' lang='grc'><strong>.</strong></span> <span class='ocrx_word' id='word_1_898' title='bbox 3303 5737 3394 5793; x_wconf 76' lang='grc'><strong>21.</strong></span> <span class='ocrx_word' id='word_1_899' title='bbox 3473 5735 3493 5769; x_wconf 85' lang='grc'><strong>⁷</strong></span> <span class='ocrx_word' id='word_1_900' title='bbox 3515 5731 3662 5793; x_wconf 87' lang='lat' dir='ltr'><strong>Psal.</strong></span> 
     </span>
    </p>
   </div>
  </div>
