4042 6426
402 384 513 450 995

1855 370 2138 438 EUGESI
2150 367 2275 431 PPI

3578 367 3685 431 996

403 503 630 558 dextera
663 504 818 566 parte
854 493 1022 549 maris
1054 493 1156 549 sita
1209 501 1314 558 est,
1364 491 1560 548 civitas
1622 487 1997 550 Ccnturioms,
2026 489 2078 550 Α
2105 486 2262 541 mini.
2305 483 2567 540 Defuncto
2621 482 2783 555 igitur
2816 479 3080 551 Cleoplia,
3127 477 3346 536 Salome
3395 479 3551 537 duxit
3583 481 3686 538 ite—

405 603 568 661 rujus
601 587 770 642 tilium
801 585 854 639 in
887 599 949 639 ea
980 581 1196 639 sanavit
1239 580 1432 647 Jesus;
1465 581 1535 636 de
1565 594 1673 650 quo
1707 579 1786 634 ait
1816 596 1832 634 :
1868 576 1994 631 Non

406 681 579 735 iuveni
623 687 826 731 tantam
877 676 1035 744 ﬁdem
1081 675 1140 728 in
1183 672 1354 728 Israel
1397 673 1441 727 ⁸.
1488 671 1550 727 In
1603 671 1992 741 Capharnauin

409 775 579 829 multa
633 771 738 826 alia
796 768 928 823 fecit
957 766 1136 831 Jesus,
1174 765 1380 821 docens
1433 766 1489 820 in
1532 763 1842 835 Synagoga.
1888 762 1994 816 Ca-

412 865 738 934 pharnaum,
764 859 888 914 villa
911 857 1276 929 pulcherrima
1309 856 1721 926 interpretatur,
1755 853 1842 909 vel
1868 852 1996 907 villa

407 950 838 1025 pulchritudinis
873 966 888 1004 :
923 963 1045 1018 quae
1095 948 1255 1002 nobis
1283 957 1532 1001 sanctam
1577 946 1777 1017 llgurat
1808 944 1997 1000 Eccle-

410 1045 573 1103 siam.
605 1043 687 1098 Ad
717 1056 880 1112 quam
915 1050 1029 1094 tum
1073 1041 1164 1108 qui
1198 1040 1266 1093 de
1313 1037 1522 1093 Libano
1551 1037 1918 1101 descendunt,
1942 1036 2002 1092 id

409 1145 520 1202 est,
544 1135 612 1190 de
643 1145 884 1187 canoore
921 1129 1209 1194 virtutum,
1234 1128 1307 1182 ab
1339 1141 1408 1182 ea
1434 1137 1492 1183 et
1521 1125 1579 1180 in
1611 1141 1677 1181 ea
1705 1125 2002 1181 lucidiora:

412 1227 743 1282 redduntur.
803 1221 1057 1276 Secundo
1101 1219 1357 1274 miliiario
1402 1233 1431 1272 a
1464 1218 1871 1289 Caphamaum,
1907 1217 1999 1272 de-

411 1330 646 1374 scensus
672 1314 820 1369 illius
859 1312 1060 1368 montis
1103 1321 1210 1379 est,
1257 1311 1309 1366 in
1339 1325 1447 1380 quo
1495 1308 1892 1366 sermocinatus
1919 1316 2001 1362 cst

414 1408 482 1464 ad
513 1408 722 1473 turbas,
773 1414 826 1460 et
877 1404 1136 1460 instruxit
1161 1403 1437 1473 apostolos
1491 1417 1658 1468 suos;
1695 1401 1750 1456 in
1804 1415 1913 1470 quo
1945 1408 2002 1455 et

411 1502 691 1571 leprosum
721 1499 962 1554 curavit.
995 1495 1254 1551 Milliario
1295 1511 1323 1548 a
1359 1494 1624 1550 descensu
1661 1494 1777 1556 illo,
1821 1493 1996 1557 locus,

416 1589 474 1646 in
509 1604 620 1660 quo
657 1590 805 1658 pavit
853 1589 1098 1657 quinque
1131 1585 1298 1639 millia
1331 1583 1611 1640 hominum
1655 1598 1724 1638 ex
1759 1583 2002 1653 quinque

412 1683 644 1750 panibus
673 1691 728 1735 et
759 1680 975 1735 duobus
1005 1677 1271 1747 piscibus.
1306 1675 1463 1731 Unde
1493 1677 1648 1730 locus
1679 1674 1770 1729 ille
1811 1689 1999 1730 mensa

409 1786 678 1836 vocatur;
711 1774 866 1842 quasi
907 1773 1062 1827 locus
1093 1771 1434 1826 refectionis.
1480 1770 1578 1825 Cui
1625 1769 1782 1825 locus
1811 1768 2000 1839 subja-

411 1876 502 1921 cet
534 1866 645 1930 ille,
679 1868 731 1920 in
773 1879 884 1936 quo
912 1865 1166 1920 Christus
1191 1872 1317 1933 post
1348 1861 1807 1917 resurrectionem
1840 1875 1996 1916 suam

411 1957 690 2026 discipulis
736 1957 1010 2026 apparuit,
1043 1955 1340 2011 comedens
1372 1969 1495 2008 cum
1528 1954 1610 2008 eis
1637 1962 1852 2023 partem
1881 1954 1996 2022 pis-

409 2047 490 2101 cis
517 2045 623 2099 assi
651 2060 816 2115 supra
843 2060 1032 2112 mare;
1070 2046 1125 2099 in
1164 2059 1272 2115 quo
1299 2055 1354 2100 et
1379 2043 1642 2098 Dominus
1676 2045 1826 2099 sicco
1859 2044 1998 2114 pede

413 2137 732 2198 ambulavit,
761 2153 884 2192 cum
913 2138 1058 2192 circa
1091 2146 1338 2207 quartam
1368 2135 1543 2191 noctis
1565 2135 1807 2205 vigiliam
1836 2135 1998 2191 Petro

409 2238 466 2282 et
495 2230 727 2284 Andreae
751 2229 1092 2299 piscantibus
1145 2229 1434 2299 apparuit;
1469 2227 1558 2283 ubi
1591 2237 1650 2283 et
1687 2226 1872 2293 Petro,
1906 2243 2000 2283 su-

408 2333 505 2388 pra
537 2319 604 2373 ad
645 2334 767 2374 eum
811 2321 891 2373 ire
932 2319 1161 2386 volenti,
1195 2330 1252 2375 et
1281 2334 1483 2385 mei-so,
1519 2319 1596 2373 ait
1638 2318 1799 2374 Jesus
1833 2337 1847 2374 :
1881 2318 2002 2374 Μο-

409 2411 545 2463 dicae
573 2409 700 2476 ﬁdei
724 2409 770 2463 ’.
797 2409 902 2466 Ubi
938 2411 1105 2464 etiam
1155 2410 1261 2465 alia
1295 2411 1416 2466 vice
1448 2410 1738 2480 discipulis
1768 2412 1910 2478 suis,
1944 2412 1999 2466 in

410 2502 539 2556 navi
570 2502 870 2570 periclitari
900 2501 1294 2566 metuentibus,
1329 2517 1480 2557 mare
1541 2504 1783 2571 quietum
1818 2503 2001 2557 reddi-

413 2591 518 2644 dit.
550 2589 608 2644 In
659 2591 885 2644 sinistro
943 2591 1114 2645 maris
1144 2591 1344 2660 capite,
1399 2591 1600 2644 montis
1654 2593 1710 2645 in
1738 2605 2000 2658 concavo,

411 2679 746 2748 Genezaret;
786 2682 946 2737 locus
979 2695 1251 2753 generans
1291 2696 1506 2747 aurum,
1553 2682 1696 2750 quod
1726 2683 1902 2735 adhuc
1934 2683 2003 2736 ab

411 2772 524 2828 illis
553 2770 913 2842 praesentibus
949 2773 1208 2827 sumitur.
1242 2772 1501 2827 Milliario
1535 2774 1772 2828 secundo
1809 2787 1840 2826 a
1891 2770 2004 2827 Ge-

413 2874 656 2932 nezaret,
689 2864 999 2934 Magdalum
1025 2866 1285 2935 oppidum
1318 2907 1334 2930 ,
1371 2881 1399 2918 a
1435 2880 1544 2935 quo
1573 2863 1740 2918 Maria
1786 2862 2002 2935 Magda-

413 2957 562 3014 lena.
611 2956 738 3013 Haec
777 2965 958 3012 autem
1000 2960 1155 3028 regio
1188 2957 1409 3013 Galilzca
1473 2957 1718 3028 gentium
1769 2967 1887 3021 est;
1947 2956 2002 3010 in

415 3047 561 3103 tribu
593 3058 774 3104 tamen
794 3047 1038 3104 Zabulon
1066 3058 1121 3104 et
1147 3041 1518 3119 Nephthalim.
1552 3047 1611 3100 In
1631 3045 2003 3116 superioribus

411 3140 530 3206 ejus
561 3138 820 3206 Galil-acac,
851 3140 1046 3211 viginti
1081 3141 1298 3194 luerunt
1322 3138 1572 3194 civitates
1601 3137 1729 3202 illae,
1759 3151 1878 3205 quae
1903 3150 2000 3191 rex

411 3234 664 3290 Salomon
705 3233 890 3288 Hiram
924 3233 1035 3305 regi
1074 3231 1226 3302 Tyri,
1261 3232 1442 3287 amico
1492 3243 1615 3294 suo,
1650 3230 1794 3283 dono
1822 3228 1996 3284 dedit.

411 3326 664 3380 Secundo
717 3320 972 3380 milliario
1034 3338 1064 3377 a
1121 3321 1388 3393 Magdalo,
1450 3320 1746 3385 Ceneretlt,
1784 3334 1907 3389 quae
1941 3327 1998 3375 et

412 3415 662 3470 Tiberius
706 3431 734 3468 a
766 3415 990 3470 Tiberio
1033 3413 1254 3470 Cresare
1296 3413 1713 3484 cognominata;
1743 3425 1907 3479 quain
1942 3411 1998 3466 in

407 3505 698 3574 jnventute
719 3521 817 3561 sua
851 3507 1204 3575 frequentare
1236 3505 1467 3562 solebat.
1503 3505 1712 3570 Quarto
1743 3501 1999 3558 milliario

414 3616 444 3650 a
473 3596 785 3664 Tiberiade,
812 3597 1060 3652 Bethulia
1092 3598 1322 3662 civitas;
1361 3611 1430 3652 ex
1469 3611 1576 3664 qua
1601 3593 1814 3660 Judith,
1851 3608 1993 3663 quae,

411 3704 511 3758 pro
544 3699 704 3757 gente
742 3691 1025 3755 salvanda,
1067 3689 1228 3744 nimis
1256 3697 1440 3743 astute
1493 3687 1726 3757 peremit
1755 3682 2001 3741 Holofer-

415 3794 541 3833 nem
601 3783 654 3835 in
703 3782 990 3836 obsidione
1015 3781 1183 3836 urbis.
1217 3780 1473 3835 Milliario
1511 3789 1709 3848 quarto
1757 3795 1789 3834 a
1838 3776 2001 3834 Tibe-

418 3873 571 3928 riade
623 3883 810 3927 contra
859 3875 1170 3941 meridiem,
1208 3871 1486 3935 Dothaim,
1544 3872 1599 3926 in
1647 3886 1754 3941 quo
1805 3869 2001 3927 iratres

409 3978 542 4019 suos
598 3980 815 4037 gregem
870 3973 1160 4036 pascentes
1209 3965 1415 4036 reperit
1452 3962 1695 4032 Joseph;
1733 3978 1895 4034 quem
1940 3975 1997 4019 et

407 4055 723 4125 lsmaelitis,
777 4074 901 4114 eum
931 4059 1056 4114 odio
1092 4059 1382 4121 habentes,
1419 4059 1802 4112 vendiderunt.
1849 4057 1998 4112 Duo-

413 4152 623 4206 decimo
653 4151 906 4206 milliario
929 4167 959 4205 a
1003 4150 1310 4216 Tiberiade,
1339 4149 1631 4215 Nazareth,
1664 4151 1858 4204 civitas
1890 4149 2017 4211 Ga-l

408 4242 586 4308 lila'ae,
624 4244 796 4312 patria
839 4241 1166 4310 Salvatoris,
1211 4259 1278 4300 eo
1323 4244 1469 4313 quod
1523 4244 1576 4298 in
1631 4258 1696 4298 ea
1760 4245 1998 4298 nutritus

413 4334 534 4390 fuit.
595 4333 862 4389 Nazaretli
900 4335 1290 4406 interpretatur
1343 4335 1468 4403 llos,
1531 4336 1615 4389 vel
1669 4336 1994 4406 virgultum;

409 4441 513 4481 nec
543 4427 661 4482 sine
700 4441 889 4493 causa,
919 4442 1043 4482 cum
1078 4429 1129 4482 in
1175 4443 1238 4483 ea
1265 4439 1421 4483 ortus
1455 4429 1528 4484 sit
1574 4428 1694 4493 llos,
1735 4443 1802 4483 ex
1837 4430 1995 4492 cuius

2103 597 2218 635 rum
2242 581 2453 635 Annam
2478 593 2732 644 uxorem;
2758 579 2824 631 de
2844 592 2950 646 qua
2973 575 3159 646 genuit
3189 574 3406 629 tertiam
3431 574 3678 631 Mariam.

2099 672 2392 727 Zehedaeus
2419 670 2575 725 duxit
2605 683 2724 724 eam
2761 682 3006 733 uxorem,
3040 665 3292 721 videlicet
3325 665 3539 721 tertiam
3569 666 3684 720 Ma.

2101 765 2269 829 riam;
2302 776 2421 831 quae
2455 762 2644 832 genuit
2673 760 2722 814 ei
2765 761 2902 814 duos
2946 772 3176 827 magnos
3210 758 3381 821 viros,
3417 756 3682 813 Jacobuut

2103 855 2368 912 Minorem
2395 865 2449 910 et
2485 854 2747 910 Joannem
2783 851 3203 922 Evangelistam.
3250 851 3320 906 Et
3358 851 3447 906 isti
3482 851 3682 906 nihilo-

2101 948 2281 1003 minus
2329 944 2550 1015 cognati
2588 942 2802 1000 Domini
2855 942 3106 1000 fuerunt.
3165 940 3402 996 Primam
3456 940 3682 997 Mariam

2101 1041 2260 1097 duxit
2315 1041 2372 1097 in
2417 1055 2642 1096 uxorein
2690 1037 2918 1109 Joseph,
2961 1038 3054 1109 qui
3116 1036 3416 1096 vocabatur
3472 1035 3682 1100 Justus,

2101 1137 2400 1191 secundam
2425 1134 2657 1190 lat-ian
2673 1134 2830 1189 duit
2851 1131 3124 1203 Alpinius.
3153 1130 3407 1188 Secundo
3429 1129 3684 1186 milliario

2101 1239 2130 1279 a
2166 1223 2422 1294 Sephori,
2465 1223 2615 1280 Cana
2661 1222 2922 1286 Galilac,
2949 1230 3148 1277 contra
3171 1219 3483 1289 060mm;
3518 1234 3549 1274 a
3580 1234 3685 1290 qua

2103 1317 2384 1388 Philippus
2417 1326 2475 1372 et
2509 1315 2830 1372 Nathanacl.
2872 1315 2928 1370 In
2957 1329 3064 1386 qua
3097 1323 3156 1370 et
3185 1329 3324 1384 puer
3345 1312 3532 1379 ιω..
3558 1329 3686 1369 cum

2103 1419 2278 1466 matre
2325 1410 2677 1466 discumbens
2729 1409 2782 1464 in
2821 1409 3045 1477 nuptiis,
3089 1423 3284 1478 aquam
3329 1409 3602 1462 convertit
3633 1407 3694 1462 in

2103 1502 2309 1558 vinum.
2347 1502 2408 1558 in
2468 1500 2738 1558 Nazareth
2775 1499 2975 1556 labitur
3029 1499 3151 1554 fons
3178 1499 3442 1572 exiguus;
3490 1499 3544 1553 in
3578 1512 3690 1570 quo

2104 1591 2158 1646 in
2209 1591 2446 1662 pueritia
2511 1605 2611 1646 sua
2663 1589 2910 1646 habitare
2968 1587 3199 1654 solebat,
3252 1597 3310 1642 et
3342 1587 3470 1643 inde
3525 1588 3690 1642 mini-

2103 1686 2281 1733 strare
2312 1677 2472 1732 matri
2507 1693 2622 1734 sua:
2647 1687 2700 1734 et
2729 1677 2857 1733 sibi.
2887 1675 3142 1732 Milliario
3168 1693 3198 1731 a
3228 1675 3527 1740 Nazareni,
3552 1692 3685 1732 con-

2103 1777 2188 1824 tra
2234 1770 2542 1836 meridiem,
2589 1785 2770 1838 mons,
2803 1770 2897 1841 qui
2945 1768 3323 1840 Praecipitatus
3355 1770 3588 1837 dicitur;
3619 1784 3689 1825 ex

2102 1875 2210 1930 quo
2241 1860 2497 1928 juvenem
2532 1859 2719 1916 Jesum
2770 1861 3110 1931 praecipitare
3163 1861 3471 1928 voluerunt,
3521 1877 3692 1916 annu-

2103 1949 2278 2005 lantes
2316 1951 2660 2019 prudentiam
2713 1949 2866 2021 ejus;
2904 1951 2999 2005 sed
3069 1950 3138 2004 ab
3197 1951 3280 2003 eis
3319 1950 3373 2003 in
3414 1959 3691 2004 momento

2103 2033 2392 2108 disparuit.
2455 2037 2661 2106 Quarto
2723 2039 2979 2093 milliario
3035 2054 3066 2093 a
3129 2037 3438 2105 Nazareth,
3495 2024 3687 2093 contra

2102 2129 2391 2192 orientem,
2432 2145 2592 2186 mons
2645 2129 2899 2196 Tliahor;
2937 2129 2990 2184 in
3024 2146 3131 2200 quo
3185 2130 3589 2201 transfiguravit
3631 2147 3693 2188 se

2101 2219 2282 2289 Iesus,
2325 2222 2588 2292 apostolis
2623 2222 2738 2278 suis
2779 2221 3113 2288 videntibus,
3165 2221 3354 2290 Petro,
3397 2222 3608 2280 Joanne
3634 2232 3692 2280 et

2100 2309 2330 2379 Jacobo,
2377 2311 2563 2384 Moyse
2614 2323 2670 2368 et
2721 2312 2870 2378 Elia;
2919 2313 3120 2384 quibus
3159 2314 3323 2369 etiam
3371 2329 3478 2371 vox
3511 2315 3692 2371 Patris

2103 2403 2288 2456 audita
2321 2413 2426 2470 est,
2457 2403 2647 2459 dicens
2686 2419 2700 2458 :
2739 2401 2845 2457 llic
2871 2413 2946 2457 est
2977 2401 3154 2458 Filius
3181 2420 3326 2459 meus
3360 2405 3584 2461 dilectus
3617 2407 3686 2463 ".

2107 2493 2365 2550 Secundo
2398 2493 2656 2549 milliario
2685 2509 2715 2548 a
2744 2491 2988 2559 Thabor,
3014 2502 3206 2549 contra
3232 2496 3501 2552 orientem
3535 2511 3692 2553 mons

2106 2584 2366 2642 Harmon.
2426 2586 2483 2641 In
2549 2588 2814 2642 descensu
2868 2586 3069 2642 montis
3120 2585 3357 2654 Thabor,
3449 2589 3695 2645 obviavit

2103 2680 2356 2745 Abrahae,
2395 2678 2640 2734 redeunti
2698 2692 2728 2733 a
2780 2677 2928 2734 caede
2965 2677 3205 2745 Amalec,
3262 2679 3692 2744 Melchisedech.

2104 2773 2197 2843 qui
2247 2782 2304 2826 et
2357 2770 2507 2837 Seni,
2560 2769 2702 2826 [ilius
2759 2768 2894 2838 Noe,
2941 2772 3219 2840 sacerdos,
3252 2781 3309 2828 et
3346 2788 3439 2828 rex
3479 2771 3685 2842 Salem,

2107 2873 2443 2934 praesentaus
2493 2863 2542 2918 ei
2592 2878 2786 2934 panem
2827 2872 2882 2918 et
2937 2864 3157 2932 vinum;
3219 2866 3363 2935 quod
3421 2865 3690 2937 signiticet

2105 2956 2431 3012 oblationem
2495 2955 2685 3011 altaris
2745 2955 2949 3011 Christi
3006 2956 3108 3011 sub
3173 2957 3373 3026 gratia.
3431 2958 3687 3014 Secundo

2105 3050 2360 3105 milliario
2387 3063 2419 3104 a
2450 3047 2691 3114 Thabor,
2725 3047 2878 3102 Naim
2923 3047 3117 3103 civitas
3147 3065 3162 3112 ;
3195 3049 3260 3102 ad
3291 3049 3446 3119 cujus
3475 3060 3685 3120 portam

2107 3141 2360 3198 Chrisms
2402 3140 2640 3205 restituit
2666 3141 2790 3196 vitae
2853 3139 3026 3194 lilium
3064 3140 3258 3195 viduae.
3311 3139 3486 3209 Supra
3533 3140 3691 3196 Naini

2106 3248 2265 3289 mons
2309 3232 2493 3289 Endor
2523 3249 2537 3288 :
2568 3232 2636 3288 ad
2689 3233 2927 3287 radicem
2977 3232 3154 3300 cujus,
3186 3233 3359 3306 lsnpra
3395 3244 3692 3289 torrentem

2102 3323 2434 3389 Raduinuin,
2477 3323 2572 3394 qui
2621 3331 2705 3378 est
2760 3332 2982 3380 torrens
3033 3323 3222 3388 Cison,
3282 3325 3370 3380 ubi
3419 3339 3542 3380 cum
3585 3325 3695 3379 (ilio

2103 3418 2327 3474 Debora:
2362 3416 2737 3488 prophetissae,
2765 3416 2975 3472 Baracli
3018 3417 3160 3474 illius
3199 3417 3464 3472 Abimem
3510 3419 3692 3473 deviat

2101 3510 2389 3577 Idumaeos,
2445 3509 2630 3565 Sisara
2668 3510 2922 3565 videlicet
2978 3509 3160 3565 occiso
3210 3523 3242 3564 a
3299 3509 3478 3576 Jahel,
3523 3525 3692 3566 uxore

2101 3599 2280 3657 Heber
2308 3600 2496 3667 Cinmi,
2523 3600 2633 3656 Zeh
2657 3610 2857 3668 autem,
2885 3611 2940 3657 et
2969 3600 3148 3657 Zebec
3180 3613 3232 3655 ct
3257 3600 3511 3656 Salmana
3535 3611 3690 3659 trans

2100 3691 2393 3748 Jordanem
2460 3707 2816 3764 persequens,
2880 3691 3062 3763 gladio
3123 3694 3387 3762 peremit;
3457 3693 3687 3762 Barach,

2101 3784 2244 3840 duce
2276 3798 2463 3838 eorum
2495 3785 2546 3838 in
2583 3784 2788 3848 Endor,
2815 3794 2871 3840 et
2902 3785 3003 3839 sub
3036 3783 3222 3838 Endor
3252 3787 3496 3840 exercitu
3521 3802 3686 3843 cmso.

2102 3873 2231 3928 Inde
2282 3875 2335 3929 in
2371 3873 2604 3940 psalmo,
2660 3874 2871 3929 Tliabor
2911 3884 2964 3930 et
2999 3875 3230 3932 Hermon
3255 3877 3318 3940 ",
3350 3887 3457 3932 etc.
3486 3877 3688 3944 Quinto

2103 3967 2357 4022 milliario
2385 3983 2416 4022 a
2465 3967 2646 4032 Naim,
2677 3968 2926 4026 Jezrahel
2959 3970 3174 4030 civitas.
3213 3985 3337 4039 quae
3369 3978 3423 4024 el
3451 3969 3685 4037 Zararn;

2100 4075 2167 4117 ex
2192 4077 2299 4132 qua
2324 4060 2562 4125 chabel,
2595 4061 2918 4131 impiissima
2971 4061 3181 4131 regina,
3215 4061 3336 4124 fuit,
3362 4076 3482 4130 qua:
3501 4063 3685 4116 abstu-

2101 4154 2163 4209 lit
2197 4155 2409 4211 vineam
2439 4152 2653 4210 Nahoth
2683 4170 2700 4209 :
2729 4168 2851 4222 quae
2880 4162 2960 4218 et,
2985 4169 3085 4224 pro
3118 4155 3534 4224 importunitate
3561 4170 3681 4221 sua,

2099 4246 2168 4302 de
2215 4261 2431 4302 summo
2467 4244 2656 4314 palatii
2715 4244 2798 4299 sui
2848 4243 3184 4313 praecipitata
3249 4243 3452 4299 interiit
3488 4263 3501 4298 :
3531 4244 3685 4314 cujus

2101 4339 2280 4395 adhuc
2337 4339 2580 4410 pyramis
2601 4345 2880 4408 superstes
2926 4337 3161 4393 videtur.
3199 4335 3358 4392 Juxta
3413 4337 3682 4402 Jezrahel,

2100 4447 2322 4502 campus
2347 4430 2643 4500 Mageddo;
2676 4431 2728 4484 in
2760 4445 2867 4499 quo
2888 4427 3064 4484 Josias
3089 4445 3180 4485 rex
3212 4445 3242 4484 a
3272 4447 3396 4500 rege
3423 4431 3684 4485 Sam-ariae

413 4519 591 4570 [ructu
627 4519 882 4574 sceculum
921 4521 1182 4589 repletum
1207 4533 1310 4575 est.
1348 4519 1474 4576 Flos
1505 4522 1608 4576 iste
1649 4522 1802 4589 virgo
1828 4521 1995 4575 Maria
2026 4525 2075 4585 Ι)
2101 4518 2355 4573 subactus
2385 4517 2660 4584 occubuit,
2693 4516 2890 4573 deinde
2918 4517 3220 4573 translatus
3262 4519 3313 4572 in
3348 4519 3479 4574 Sion
3521 4529 3575 4574 et
3599 4533 3685 4574 se-

409 4625 477 4662 ex
527 4624 631 4678 qua
678 4609 896 4664 Gabriel
957 4613 1311 4683 arcliangelus
1374 4615 1426 4667 in
1479 4616 1668 4669 eadem
1718 4613 1989 4667 Nazaretli

408 4693 609 4751 Filium
644 4699 909 4752 Altissitni
968 4702 1305 4756 nasciturum
1349 4703 1636 4766 nuntiavit,
1689 4702 1943 4770 inquiens
1985 4719 2000 4756 :

408 4793 537 4853 Ave,
570 4789 747 4844 Maria
772 4792 838 4848 ¹⁰.
867 4791 937 4845 De
968 4791 1234 4848 Nazaretli
1267 4795 1470 4849 dictum
1495 4795 1593 4850 fuit
1623 4816 1636 4853 :
1668 4797 1708 4848 A
1736 4794 2002 4848 Nazaretli

307 4921 309 4924 ‹
402 4890 579 4951 potest
611 4881 734 4935 boni
783 4883 988 4953 aliquid
1045 4885 1194 4938 esse?
1240 4884 1499 4941 Milliario
1535 4888 1728 4956 quinto
1757 4902 1786 4940 a
1824 4885 1996 4940 Naza~

415 4975 556 5041 retli,
593 4972 854 5044 Sephoris
900 4977 1118 5043 civitas,
1155 4975 1262 5040 via,
1297 4993 1418 5047 quae
1455 4978 1606 5032 ducit
1649 4978 1864 5031 Achon.
1911 4973 1992 5030 Ex

369 5065 649 5146 ,δυσμῇσι-ἱ
696 5077 869 5121 mater
901 5068 1072 5124 beata:
1120 5068 1341 5134 Maria},
1385 5068 1564 5134 Anna,
1607 5079 1658 5123 et
1697 5067 1990 5137 ilermana,

406 5174 646 5214 sorores.
675 5159 756 5214 De
811 5159 1084 5216 Hermana
1137 5171 1262 5215 nata
1318 5171 1404 5216 est
1456 5161 1761 5225 Elizabeth,
1818 5169 1990 5216 mater

409 5249 633 5306 Joannis
695 5251 972 5321 Baptistae.
1029 5254 1202 5310 Porro
1256 5253 1503 5310 Joachiin
1561 5254 1714 5308 duxit
1769 5254 1982 5307 Annam

411 5356 658 5405 uxorem,
698 5345 787 5413 qui
815 5347 1000 5415 genuit
1024 5361 1091 5400 ex
1118 5359 1183 5401 ea
1215 5344 1462 5412 Mariam,
1493 5344 1717 5399 Matrem
1751 5344 1984 5399 Domini.

410 5432 622 5488 Mortuo
647 5433 917 5504 Joachim,
944 5435 1213 5508 CleOphas
1239 5435 1396 5492 duxit
1419 5438 1628 5491 Annam
1661 5436 1714 5489 in
1739 5451 1986 5500 uxorem,

408 5531 462 5577 et
499 5528 684 5596 genuit
719 5542 787 5582 ex
835 5543 900 5584 ea
928 5530 1156 5585 alteram
1193 5528 1442 5596 Mariam,
1508 5543 1628 5599 qua:
1655 5527 1758 5583 fuit
1817 5539 1991 5584 mater

407 5615 594 5672 Jacobi
645 5619 876 5678 minoris
910 5621 1141 5693 Alphzei,
1185 5621 1278 5692 qui
1321 5620 1622 5692 appellatur
1664 5621 1827 5675 frater
1883 5619 1991 5674 Do-

480 5755 716 5828 ιἶΜειιιὶι.
751 5775 870 5826 vui,
909 5759 995 5816 12.
1071 5758 1253 5821 ’ibid.
1280 5760 1370 5815 26.
1455 5761 1496 5793 ¹⁰
1528 5760 1664 5818 Luc.
1711 5777 1752 5820 ι.
1782 5759 1873 5816 28.
1950 5759 1994 5790 -ίι

2101 5760 2217 5816 ιιιιι.
2273 5772 2404 5828 xvu,
2439 5757 2492 5814 5.

411 5840 450 5894 ι,
483 5827 573 5881 21.

2103 4610 2284 4680 pultus
2311 4624 2326 4664 :
2356 4625 2454 4680 pro
2491 4609 2652 4680 cujus
2685 4617 2861 4664 morte
2907 4609 3035 4682 fecit
3086 4609 3350 4666 Jcremias
3398 4611 3685 4667 Lamenta—

2099 4704 2299 4759 tiones.
2352 4702 2608 4758 Milliario
2661 4719 2689 4755 a
2753 4700 3029 4766 Jezrahet,
3091 4716 3302 4758 montes
3355 4704 3591 4771 Gelboe;
3631 4706 3683 4761 in

2100 4797 2298 4865 quibus
2351 4794 2682 4850 dimicantes
2721 4793 2850 4849 Saul
2903 4804 2957 4849 et
3012 4793 3292 4861 Jonathas,
3353 4797 3558 4852 subacti
3604 4798 3685 4854 si-

2099 4888 2332 4942 luerunt.
2379 4886 2533 4942 Unde
2573 4887 2743 4942 David
2784 4903 2798 4941 :
2850 4885 3053 4941 Montes
3095 4885 3287 4941 Gelboe
3317 4889 3380 4954 “,
3420 4901 3528 4944 etc.
3580 4891 3683 4944 Se-

2099 4981 2282 5036 cumlo
2319 4980 2574 5034 milliario
2608 4995 2638 5033 a
2695 4979 2919 5047 Gelboe,
2977 4988 3163 5034 contra
3205 4978 3504 5044 Orientem,
3544 4981 3681 5052 Scy-

2102 5072 2337 5140 thopolis
2384 5071 2600 5134 civitas,
2644 5070 2882 5125 Galilaeae
2937 5071 3285 5140 metr0p0lis,
3332 5088 3452 5142 qua:
3487 5083 3538 5127 et
3584 5071 3684 5128 Bc-

2097 5165 2278 5229 tlisan,
2320 5163 2372 5215 id
2407 5171 2508 5226 est,
2549 5162 2740 5217 domus
2768 5162 2923 5229 solis,
2972 5175 3052 5217 vet
3085 5163 3298 5230 civitas,
3335 5179 3494 5234 supra
3528 5163 3681 5234 cujus

2099 5270 2286 5309 muros
2345 5253 2747 5322 suspenderunt
2790 5262 2954 5322 caput
3019 5253 3171 5308 Sani.
3230 5253 3431 5320 Quinto
3485 5255 3682 5308 millia-

2093 5348 2178 5399 rio
2239 5360 2267 5396 a
2301 5341 2568 5407 chrahel,
2617 5343 2890 5413 geminum
2944 5343 3200 5411 oppidum
3258 5345 3426 5408 iilud,
3482 5360 3513 5398 a
3573 5359 3684 5413 quo

2092 5437 2284 5506 incipit
2365 5435 2638 5490 Samaria.
2691 5434 2916 5490 Decimo
2985 5435 3240 5490 milliario
3297 5450 3328 5490 a
3395 5434 3682 5502 Samaria,

2093 5543 2214 5598 qua:
2243 5536 2297 5583 et
2325 5526 2570 5593 Sebaste,
2611 5527 2662 5581 id
2716 5535 2823 5591 est,
2854 5527 3123 5596 Augusta,
3166 5529 3234 5582 ab
3263 5529 3508 5598 Augusto
3557 5526 3678 5583 Ca2-

2100 5634 2225 5704 sare
2255 5621 2397 5674 dicta
2429 5637 2444 5674 :
2481 5619 2535 5674 in
2561 5633 2665 5689 qua
2697 5618 2941 5689 sepultus
2985 5617 3087 5674 fuit
3136 5621 3546 5692 paranymplius
3583 5617 3680 5674 ille

2615 5758 2656 5790 "
2680 5757 2828 5817 Psal.
2876 5772 3145 5827 Lxxxvm,
3179 5757 3266 5816 13.
3382 5760 3426 5791 ¹³
3458 5759 3504 5815 il
3540 5758 3673 5834 Reg.
