4042 6400
433 378 534 441 997

1713 372 1812 433 DE
1852 371 2071 433 Loets
2113 370 2448 435 SANC’I‘IS.

3592 380 3695 443 938

434 505 486 549 ct
514 508 816 562 prtt'cursOI'
858 491 1089 556 Domini,
1122 490 1353 546 Joannes
1387 490 1656 559 Baptista,
1682 492 1749 542 ab
1794 487 2008 542 Herode
2039 490 2084 546 Λ
2114 485 2391 543 Bethleem
2450 489 2839 571 interpretatur
2901 490 3101 547 Domus
3155 494 3345 562 panis;
3418 510 3516 550 nec
3575 497 3694 553 sine

434 585 728 639 decollatns
753 595 905 638 trans
936 583 1226 638 Jnrdanem
1251 584 1406 650 juxta
1440 585 1617 637 lacum
1666 580 2008 647 Asphaltiten

434 679 483 731 in
531 676 770 730 Castello
825 675 1135 738 Macherus,
1197 684 1251 729 et
1308 691 1338 729 a
1403 675 1684 743 discipulis
1740 674 1854 728 suis
1887 672 2011 726 inde

428 770 727 823 translatus
758 767 1044 833 Sebasten,
1095 768 1275 837 ibique
1322 768 1565 837 sepultus
1597 768 1737 821 inter
1772 765 2008 820 Eliseum

432 877 480 915 et
512 863 741 915 Abdiam
781 878 796 915 :
838 871 1025 930 postea
1074 861 1273 915 exinde
1323 870 1663 930 assumptum
1731 872 1931 929 corpus
1976 872 2009 910 a

431 954 639 1007 Juliauo
664 961 946 1022 Apostata,
979 952 1093 1020 ejus
1121 953 1276 1021 jussu
1310 961 1615 1008 crematum
1655 950 1826 1006 fuisse
1883 965 2010 1019 per-

431 1047 671 1109 hibetur,
704 1045 844 1099 datis
888 1054 1050 1098 vento
1078 1045 1392 1110 cineribus;
1424 1045 1517 1099 sed
1553 1044 1761 1113 absque
1794 1042 2005 1112 capite,

429 1134 569 1197 quod
622 1133 1002 1186 Alexandriam
1032 1141 1188 1186 antea
1221 1133 1544 1188 translatum
1591 1133 1790 1196 fuerat,
1818 1143 2006 1202 postea

429 1225 975 1294 Constantinopolim,
1018 1226 1085 1279 ad
1139 1225 1388 1279 ultimum
1451 1227 1503 1280 in
1556 1225 1747 1280 Gallia:
1810 1240 2006 1295 pagum

428 1313 842 1380 Pictaviensem,
889 1326 943 1370 et
996 1317 1201 1385 absque
1244 1317 1450 1387 judice,
1497 1319 1643 1387 quod
1695 1318 2031 1372 venientem,

427 1407 611 1461 Jesum
642 1409 709 1461 ad
746 1407 1016 1478 baptisma
1063 1409 1345 1476 indicavit,
1392 1409 1578 1466 dicens
1609 1430 1623 1466 :
1659 1410 1795 1465 Ecce
1828 1414 2027 1480 Agnus-

428 1495 522 1549 Det'
553 1496 618 1550 “.
646 1495 892 1551 Jttdicem
924 1495 1135 1553 Justum
1173 1508 1363 1554 sancta
1393 1498 1559 1569 Virgo
1611 1512 1817 1571 martyr
1840 1501 2006 1571 Alpes

426 1590 549 1643 tulit
591 1588 818 1655 Thecla,
848 1591 938 1645 ubi
993 1591 1094 1646 sub
1128 1592 1362 1646 maxima
1395 1592 1743 1647 veneratione
1796 1602 2006 1647 tenetur

424 1682 477 1735 in
534 1682 763 1737 ecclesia
822 1682 1141 1738 Morinensi.
1194 1681 1443 1738 Samaria
1499 1699 1697 1739 nomen
1756 1685 1909 1739 urbis
1947 1692 2006 1739 et

424 1774 632 1840 patriae.
666 1773 891 1841 jQuarlo
926 1774 1179 1830 milliario
1220 1791 1247 1828 a
1281 1775 1530 1839 Sebaste,
1574 1774 1849 1845 Neapolis,
1882 1790 2004 1846 qua!

424 1873 480 1919 et
511 1862 752 1927 Sicbem,
795 1882 825 1920 a
865 1864 1097 1921 'Sichem
1130 1875 1285 1936 patre
1316 1868 1535 1933 Hemor,
1565 1869 1658 1938 qui
1715 1868 1907 1922 Diuam
1941 1869 2002 1922 fi-

425 1954 552 2009 liam
591 1958 789 2025 rapuit,
822 1956 1023 2013 finibus
1055 1958 1161 2012 illis
1193 1959 1654 2014 deambulantem.
1684 1961 1742 2013 ln
1784 1957 2002 2013 Sicbem

424 2059 555 2100 vero
604 2046 772 2101 relata
824 2045 1047 2101 fuerunt
1087 2062 1210 2101 ossa
1270 2047 1467 2116 Joseph
1529 2063 1594 2103 ex
1644 2047 1898 2118 Egypto.
1943 2044 2003 2101 lu

426 2136 642 2191 Sicbem
688 2138 843 2206 juxta
884 2137 1088 2193 fontem
1147 2139 1439 2192 fabricavit
1470 2138 1756 2194 Jeroboam
1808 2139 2004 2193 vitulos

421 2244 619 2284 aureos
653 2230 812 2293 duos,
847 2245 984 2297 quos
1036 2229 1253 2283 adorari
1291 2229 1416 2285 fecit
1450 2247 1477 2282 a
1508 2231 1693 2285 decem
1727 2230 2003 2296 tribubus,

420 2334 560 2388 quas
612 2334 641 2372 a
676 2317 981 2374 Jerusalem
1043 2320 1343 2375 abduxerat
1394 2332 1448 2375 et
1501 2322 1813 2376 seduxerat.
1848 2320 2006 2376 Unde

422 2424 585 2462 unum
615 2424 681 2463 ex
704 2410 785 2464 eis
809 2410 987 2478 posuit
1021 2410 1071 2464 in
1101 2411 1238 2474 Dan,
1270 2411 1434 2465 alium
1466 2413 1514 2465 in
1543 2411 1751 2466 Bethel.
1786 2411 2003 2466 Sicbem

424 2505 612 2554 urbem
652 2501 795 2554 illam
828 2501 1142 2555 deleverunt
1174 2503 1268 2556 lilii
1311 2502 1501 2563 Jacob.
1534 2504 1841 2571 llemorque
1875 2520 2005 2572 per-

419 2602 693 2656 emerunt,
745 2593 988 2647 dolentes
1019 2594 1084 2647 de
1131 2595 1400 2650 adulterio
1450 2594 1597 2649 Dina:
1637 2596 1839 2649 sororis
1869 2611 2001 2650 suae.

424 2685 639 2739 Sicbem
672 2685 736 2736 iis
756 2685 946 2739 diebus
977 2685 1229 2749 Neapolis
1259 2688 1483 2752 dicitur,
1518 2688 1568 2742 id
1603 2698 1708 2752 est,
1738 2687 1887 2743 Nova
1924 2690 2003 2741 ci-

425 2776 587 2839 vitas,
624 2772 818 2829 Sicbar
863 2787 1031 2841 ante;
1098 2777 1251 2845 juxta
1284 2776 1499 2831 Sicbem
1545 2780 1825 2846 praedium,
1858 2779 2003 2848 quod

425 2865 574 2919 dedit
603 2863 773 2919 Jacob
820 2866 931 2919 lilio
966 2882 1062 2920 suo
1119 2866 1344 2937 Joseph.
1401 2868 1461 2921 ln
1497 2868 1764 2938 quo‘fous
1811 2867 2001 2935 Jacob,

421 2957 513 3023 qui
566 2963 620 3009 et
660 2965 890 3024 puteus;
942 2973 1102 3026 supra
1136 2974 1293 3026 quem
1344 2960 1767 3028 cvangelizatur,
1800 2962 2001 3016 fessum

420 3050 619 3103 itinere
635 3047 839 3111 Jesum,
861 3066 1169 3104 sermonem
1203 3052 1455 3105 habuisse
1478 3069 1598 3105 eum
1627 3053 1998 3117 Samaritana;

2039 1832 2080 1887 Β

425 3141 513 3196 ubi
561 3157 705 3195 nunc
758 3151 813 3196 et
844 3142 1076 3197 ecclesia
1137 3139 1494 3198 construitur.
1531 3142 1696 3198 Juxta
1756 3144 1997 3209 Sicbem,
2034 3187 2078 3244 ϐ

428 3233 767 3287 terebinthus
807 3233 919 3297 illa,
952 3236 1054 3287 Sub
1089 3251 1194 3302 qua
1230 3233 1398 3289 Jacob
1421 3236 1706 3290 abscondit
1747 3237 1913 3290 idola.
1946 3236 2005 3291 In

424 3324 634 3387 Bethel,
675 3324 931 3379 milliaria
971 3342 999 3378 a
1041 3323 1281 3387 Sicbem,
1318 3326 1466 3380 Luza
1506 3327 1724 3391 civitas,
1779 3328 1833 3381 iu
1899 3343 2006 3398 qua

425 3433 522 3486 per
554 3417 781 3471 multum
815 3417 1079 3485 temporis
1116 3418 1348 3486 spatium
1384 3418 1650 3471 habitavit
1677 3418 1953 3472 Abraham
1986 3435 2002 3474 :

424 3507 511 3560 ubi
541 3516 596 3561 et
626 3505 817 3571 Jacob,
847 3506 1143 3570 dormiens,
1186 3506 1397 3560 scalam
1420 3508 1552 3561 vidit
1579 3509 1645 3561 ad
1678 3518 1837 3577 caput
1864 3509 2002 3578 ejus,

424 3599 626 3652 etclum
658 3609 989 3667 tangentem,
1047 3596 1377 3667 angelusque
1408 3615 1504 3668 per
1534 3615 1653 3654 eam
1708 3602 2008 3656 ascenden-

427 3701 507 3743 tes
552 3698 606 3742 et
633 3689 1064 3755 descendentes;
1105 3699 1160 3744 et
1204 3691 1391 3745 statim
1437 3692 1727 3760 evigilaus,
1753 3693 1872 3746 ait:
1907 3691 2006 3746 Hic

425 3781 571 3835 locus
632 3796 750 3836 vere
793 3793 1009 3835 sanctus
1037 3791 1135 3847 est,
1163 3792 1211 3835 et
1242 3793 1397 3851 porta
1425 3784 1540 3837 cali
1584 3785 1659 3848 η,
1684 3784 2006 3855 erigensque

425 3872 656 3941 lapidem
694 3873 748 3927 in
813 3872 1049 3939 titulum,
1102 3873 1391 3944 oleumque
1453 3875 1683 3930 fundens
1748 3875 2002 3944 desuper,

426 3965 723 4033 appellavit
784 3981 979 4021 nomen
1016 3966 1116 4021 loci
1162 3967 1305 4019 illius
1355 3965 1567 4032 Bethel,
1609 3967 1700 4037 qui
1753 3969 2005 4038 primitus

426 4055 569 4111 Luza
599 4058 999 4127 appellabatur.
1040 4056 1095 4111 In
1128 4058 1339 4123 Bethel,
1374 4060 1550 4128 angeli
1590 4072 1882 4131 praecepto,
1912 4076 2007 4115 vo-

430 4150 528 4203 luit
562 4150 837 4203 Abraham
867 4151 1149 4205 immolare
1179 4150 1409 4205 Domino
1442 4152 1610 4205 lilium
1642 4167 1797 4207 suum
1827 4155 2003 4209 Isaac.

429 4242 524 4295 Est
561 4254 740 4298 autem
771 4242 957 4297 Bethel
984 4243 1321 4298 collateralis
1352 4261 1507 4299 mons
1538 4243 1806 4310 Garixim,
1832 4246 2006 4315 respi-

425 4334 581 4389 ciens
624 4344 859 4389 montem
931 4333 1124 4393 Hebal.
1181 4335 1450 4390 orientem
1497 4333 1653 4404 juxta
1687 4335 1802 4391 Dan
1841 4351 2007 4406 super

429 4427 669 4480 Sicbem.
709 4426 979 4481 Vicesimo
1027 4427 1282 4481 milliaria
1312 4442 1342 4480 a
1382 4428 1600 4483 Sicbem
1634 4436 1943 4497 quartoque
1971 4443 2003 4484 a

2115 594 2301 643 causa,
2340 581 2462 648 quia
2493 581 2558 635 de
2602 581 2733 637 (lore
2779 582 3058 638 Nazarene
3089 588 3355 655 processit
3400 588 3452 642 in
3487 603 3548 643 ea
3580 588 3694 643 [ηι-

2113 677 2231 724 ctus
2267 672 2410 731 vitaz,
2444 672 2510 725 de
2542 672 2758 743 Virgine
2780 674 2945 729 Maria
2977 672 3143 731 Filius
3173 677 3263 732 Dei
3292 680 3420 743 vivi,
3442 680 3693 736 videlicet

2111 757 2360 813 Christus
2388 757 2569 820 Jesus,
2605 762 2696 830 qui
2745 763 2898 831 panis
2931 774 3013 818 est
3044 765 3383 836 angelorum,
3418 773 3690 838 totiusque

2114 847 2301 901 mundi
2353 848 2485 901 vita.
2525 846 2580 902 In
2642 849 2935 917 Bethleem,
2991 852 3146 922 juxta
3198 855 3369 909 locum
3426 855 3689 912 Natbita-

2113 936 2204 1000 tis,
2267 952 2523 1007 praesepe,
2578 939 2631 995 in
2693 955 2799 1009 quo
2850 952 2905 996 et
2956 944 3071 1011 ipse
3124 944 3353 1001 latitavit
3400 947 3575 1002 infans
3603 948 3697 1003 Je-

2109 1042 2224 1083 sus.
2262 1028 2412 1084 Unde
2441 1038 2496 1083 et
2543 1032 2806 1099 propheta
2845 1050 2857 1084 :
2893 1031 3148 1101 Cognovit
3193 1035 3282 1089 bos
3336 1050 3689 1101 possessorem
3738 1058 3739 1061 η

2111 1137 2265 1174 suum
2296 1121 2361 1178 ¹⁷.
2400 1121 2479 1175 Ex
2526 1138 2633 1192 quo
2666 1122 2870 1178 frenum
2906 1123 3056 1189 illud,
3111 1124 3164 1179 in
3207 1142 3314 1196 quo
3358 1129 3689 1192 latitat-erat,

2111 1212 2340 1267 Romam
2370 1214 2605 1269 delatum
2643 1213 2820 1270 fuerat
2859 1221 2927 1270 ab
2977 1215 3205 1284 Helena,
3235 1228 3285 1271 et
3341 1220 3567 1275 honeste
3601 1237 3688 1276 res

2110 1304 2389 1359 conditum
2419 1305 2471 1359 in
2499 1306 2729 1361 ecclesia
2759 1319 2962 1362 sanctae
2994 1308 3176 1363 Mariae
3223 1309 3462 1378 majoris.
3494 1312 3688 1367 Millia-

2111 1397 2192 1450 rio
2250 1411 2279 1450 a
2335 1394 2638 1463 Bethleem,
2697 1399 2905 1455 refulsit
2955 1401 3041 1453 lnx
3085 1402 3409 1469 pastoribus,
3459 1401 3692 1457 Domino

2109 1496 2259 1553 nato,
2293 1488 2413 1557 ejus
2461 1499 2759 1559 apparente
2811 1490 3002 1560 angelo
3044 1503 3099 1547 et
3131 1493 3344 1548 dicente
3375 1512 3389 1548 :
3415 1492 3600 1549 Gloria
3632 1499 3690 1553 iv.

2106 1581 2329 1636 excelsis
2355 1580 2462 1636 Deo
2489 1582 2554 1637 ιθ.
2603 1581 2661 1637 lu
2698 1583 2975 1639 Bethleem
3008 1599 3148 1639 nova
3203 1586 3359 1640 stella
3405 1590 3565 1654 duce,
3598 1604 3691 1643 ve-

2111 1682 2308 1729 nerunt
2340 1684 2447 1729 tres
2477 1690 2635 1744 reges
2683 1676 2752 1730 ab
2800 1675 3047 1740 Oriente,
3084 1678 3325 1732 venerati
3379 1692 3564 1733 natum
3595 1680 3688 1734 Je-

2108 1781 2257 1831 sum,
2290 1775 2365 1833 et,
2400 1776 2458 1822 ut
2493 1765 2694 1838 Regem
2745 1769 3057 1836 angelorum
3105 1771 3417 1836 adorarent,
3453 1786 3691 1838 praesen—

2113 1869 2291 1916 tantes
2324 1859 2557 1930 mystica
2589 1874 2837 1923 munera,
2864 1876 3079 1925 aurum,
3114 1861 3264 1925 thus,
3296 1869 3351 1915 et.
3386 1864 3687 1932 myrrham.

2111 1951 2168 2007 ln
2214 1951 2487 2008 Bethleem
2529 1951 2756 2021 ejusque
2790 1952 3013 2019 ﬁnibus,
3049 1952 3309 2006 decollari
3338 1953 3505 2021 jussit
3535 1952 3692 2008 Inno-

2111 2054 2297 2099 centes
2349 2044 2592 2100 Herodes
2638 2061 2651 2097 :
2701 2058 2932 2113 quorum
2984 2059 3111 2113 pars
3175 2046 3444 2109 maxima,
3497 2054 3689 2107 contra

2112 2137 2417 2201 meridiem,
2458 2137 2698 2193 secundo
2749 2135 3000 2191 milliario
3043 2153 3072 2189 a
3109 2136 3409 2203 Bethleem,
3444 2138 3687 2192 secundo

2112 2242 2140 2281 a
2171 2227 2414 2293 Thecua,
2446 2230 2655 2298 sepulta
2686 2230 2940 2299 quiescit.
2986 2228 3193 2294 Quarto
3226 2231 3481 2284 milliario
3509 2246 3538 2284 a
3588 2230 3694 2286 Be-

2114 2319 2337 2382 thleem,
2370 2328 2559 2374 contra
2591 2320 2895 2384 meridiem,
2930 2327 3012 2374 est
3038 2320 3266 2374 ecclesia
3295 2320 3439 2375 beati
3464 2319 3691 2375 Pareto-

2112 2411 2218 2477 lis;
2253 2411 2343 2466 ubi
2367 2420 2442 2473 et,
2484 2412 2599 2480 ipso
2641 2420 2963 2466 transeunte
2995 2410 3061 2465 de
3114 2412 3216 2465 hoc
3249 2412 3469 2479 mumlo,
3503 2428 3691 2467 mona-

2111 2505 2195 2558 chi
2252 2503 2392 2570 ejus,
2426 2504 2624 2573 quibus
2686 2505 2800 2571 ipse
2857 2512 3042 2571 pastor
3101 2502 3413 2573 pra2fuerat,
3468 2518 3590 2557 cum
3623 2519 3690 2558 eo

2113 2596 2317 2664 pariter
2348 2597 2816 2664 agonizaveruut;
2851 2594 2994 2663 quod
3031 2595 3167 2649 adeo
3199 2596 3393 2648 dev0te
3426 2596 3691 2665 praestite-

2114 2696 2262 2751 runt,
2305 2701 2372 2740 eo
2405 2687 2547 2755 quod
2578 2697 2731 2755 pater
2759 2701 2946 2741 eorum
2982 2684 3103 2752 pius
3126 2684 3413 2751 extiterat;
3445 2700 3541 2740 nec
3568 2693 3691 2755 post

2112 2794 2238 2833 cum
2271 2780 2322 2833 in
2360 2780 2558 2833 mundo
2588 2780 2770 2833 vivere
2798 2777 3077 2842 volebant,
3110 2779 3181 2831 ita
3213 2777 3329 2848 ejus
3358 2779 3544 2832 am'ore
3572 2778 3690 2832 l‘er-

2113 2872 2336 2937 vebant;
2370 2887 2601 2937 quorum
2635 2870 2973 2939 singulorum
2994 2871 3341 2939 compagiues
3375 2870 3427 2924 in
3456 2871 3690 2925 ecclesia

2115 2966 2281 3019 videri
2320 2972 2568 3032 possent,
2602 2964 2761 3017 modo
2798 2961 2892 3015 illo
2940 2976 3047 3032 quo
3075 2976 3133 3016 se
3165 2962 3468 3016 habuerunt
3503 2962 3553 3016 in
3592 2964 3695 3017 de-

2112 3057 2377 3111 solatione
2404 3055 2572 3121 patris
2603 3069 2792 3109 eorum
2825 3055 3186 3123 agonizantis.
3226 3055 3471 3108 translati
3502 3065 3689 3123 postea

2114 3149 2166 3203 in
2201 3147 2526 3203 Jerusalem.
2554 3145 2615 3199 In
2652 3145 2956 3211 Bethleem,
3011 3146 3064 3200 in
3100 3145 3321 3200 basilica
3356 3145 3499 3200 haud
3533 3147 3692 3216 longe

2110 3258 2139 3295 a
2194 3240 2478 3311 praesepio,
2515 3238 2812 3308 requiescit
2880 3254 3078 3308 corpus
3140 3239 3282 3294 beati
3344 3237 3687 3312 Hieronymi,

2113 3347 2258 3387 nunc
2308 3332 2527 3400 quidem
2565 3330 2771 3395 Romae,
2824 3329 2913 3384 ubi
2944 3331 3109 3385 etiam
3162 3330 3215 3383 in
3247 3331 3483 3386 ecclesia
3516 3332 3690 3385 sancti

2109 3421 2311 3477 Nicolai
2363 3423 2712 3491 requiescunt
2765 3436 2994 3489 corpora
3058 3430 3373 3475 sanctorum
3435 3421 3586 3476 I‘auli
3634 3430 3691 3479 et

2109 3512 2419 3577 Eustachii;
2458 3511 2655 3579 quibus
2686 3510 2801 3580 ipse
2832 3509 3197 3579 Hieronymus
3252 3510 3464 3564 scribit.
3496 3510 3691 3565 Millia-

2108 3606 2191 3660 rio
2223 3622 2253 3661 a
2286 3604 2586 3669 Bethleem,
2617 3602 2721 3668 via,
2753 3618 2871 3672 qure
2898 3602 3047 3655 ducit
3070 3601 3393 3668 Jerusalem,
3439 3601 3689 3669 Hoblata,

2109 3702 2281 3765 locus,
2320 3700 2371 3754 in
2403 3714 2535 3769 quo,
2570 3712 2692 3752 cum
2727 3695 3026 3766 peperisset
3056 3693 3457 3763 Benjaminum,
3487 3697 3689 3751 Rachel

2108 3791 2399 3855 occubuit;
2452 3790 2636 3858 ibique
2685 3802 2810 3843 cum
2856 3785 3044 3851 Jacob,
3104 3788 3221 3842 viro
3254 3802 3376 3853 suo,
3423 3787 3687 3843 tumulata

2109 3880 2341 3952 quiescit
2384 3896 2398 3933 :
2439 3879 2597 3947 cujus
2622 3879 2676 3932 in
2712 3876 2919 3933 tumulo
2963 3878 3247 3947 supposuit
3290 3875 3460 3933 Jacob
3489 3878 3689 3931 duode-

2108 3973 2213 4028 cim
2246 3970 2455 4040 lapides
2483 3984 2588 4024 non
2629 3969 2895 4032 modicos,
2947 3969 2999 4022 in
3043 3976 3371 4022 testamento
3403 3968 3686 4023 duodecim

2109 4065 2342 4118 filiorum
2376 4076 2618 4126 suorum,
2649 4059 2805 4130 cujus
2836 4060 3012 4114 adhuc
3060 4059 3297 4129 pyramis
3330 4073 3359 4111 a
3401 4067 3689 4113 transeun-

2111 4157 2254 4211 tibus
2284 4155 2518 4208 videtur.
2549 4151 2873 4217 Jerusalem,
2905 4150 3141 4221 gloriosa
3184 4148 3383 4204 Judaeze
3413 4158 3687 4217 metropo-

2108 4248 2198 4312 lis,
2228 4247 2383 4315 juxta
2413 4242 2761 4314 philosophos
2792 4243 2845 4296 in
2885 4241 3062 4296 medio
3096 4241 3277 4295 mundi
3309 4240 3413 4295 sita
3442 4248 3547 4295 est.
3578 4239 3686 4294 Re-

2107 4340 2293 4411 gnavit
2323 4348 2505 4392 autem
2528 4335 2693 4389 David
2724 4336 2775 4389 in
2804 4351 2866 4389 ea
2900 4334 3117 4405 triginta
3143 4332 3350 4388 duobus
3379 4333 3537 4387 annis
3562 4348 3684 4388 cum

2108 4429 2352 4486 dimidio.
2403 4427 2495 4481 Est
2526 4425 2742 4495 quidem
2775 4425 2828 4479 in
2859 4423 3164 4479 Jerusalem
3208 4438 3362 4477 mons
3394 4422 3558 4476 Moria
3589 4437 3685 4477 su-

428 4515 751 4581 Jerusalem,
788 4517 872 4571 via
922 4534 1041 4585 qua:
1073 4519 1224 4573 ducit
1249 4519 1567 4588 Diospolim,
1593 4535 1749 4577 mons
1782 4518 1917 4587 Silo,
1949 4514 2206 4594 etDper
2259 4534 2419 4589 quem
2474 4518 2683 4582 David,
2739 4517 2924 4571 videns
2984 4515 3234 4584 angelum
3292 4514 3686 4583 percutientem

429 4608 642 4672 civitas,
674 4623 792 4676 qua:
820 4616 874 4661 et
906 4606 1110 4673 Rama;
1156 4611 1243 4663 ubi
1296 4625 1421 4663 arca
1462 4610 1675 4665 Domini
1729 4620 1787 4665 et
1824 4612 2003 4666 taber-

408 4701 680 4773 naculum
735 4701 802 4756 ab
866 4704 1099 4757 adventu
1162 4703 1392 4758 filiorum
1452 4705 1619 4761 Israel
1689 4716 2008 4763 manserunt

430 4807 598 4860 usque
623 4791 685 4846 ad
715 4803 955 4863 tempora
980 4792 1251 4851 Samuelis
1274 4798 1548 4863 propheta:
1574 4796 1815 4864 etDavid
1842 4801 2004 4868 regis.

503 4886 775 4954 Vigesimo
839 4895 1034 4953 quarto
1088 4888 1344 4944 milliaria
1406 4905 1433 4943 a
1501 4891 1743 4956 Sicbem,
1795 4893 2007 4945 decimo

427 4990 620 5032 octavo
644 4996 671 5030 a
708 4979 967 5047 DiOSpoll,
1008 4980 1219 5035 decimo
1244 4992 1399 5035 sexto
1429 4982 1497 5037 ab
1528 4981 1767 5047 Hebron,
1793 4983 2007 5037 decimo

432 5072 588 5126 tertio
615 5088 642 5125 ιι
671 5069 911 5133 Jericho,
944 5081 1137 5139 quarto
1166 5087 1197 5126 a
1229 5072 1532 5136 Bethleem,
1566 5074 1779 5129 decimo
1812 5084 2007 5130 octavo

431 5181 461 5217 a
491 5165 778 5227 Bersabee,
812 5166 1073 5233 vigesimo
1106 5176 1297 5233 quarto
1336 5169 1400 5220 ab
1431 5166 1718 5229 Ascalone,
1754 5166 2010 5220 totidem-

431 5272 535 5324 que
564 5272 591 5309 a
644 5255 834 5324 anpe,
885 5256 1076 5325 quinto
1117 5271 1145 5309 a
1180 5257 1447 5311 Ramatha
1479 5273 1494 5322 ;
1523 5256 1844 5317 JeruSaIem,
1880 5272 2009 5311 san-

431 5346 676 5399 ctissima
708 5346 922 5409 civitas,
952 5343 1149 5397 Judaaac
1185 5343 1519 5411 metropolis,
1558 5359 1677 5412 quae
1734 5353 1790 5397 et
1837 5342 2006 5410 Sion;

432 5438 499 5489 de
519 5452 623 5505 qua
666 5438 866 5491 dictum
899 5449 983 5491 est
1013 5453 1027 5492 :
1061 5435 1313 5490 Gloriosa
1341 5436 1487 5488 dicta
1519 5445 1641 5489 sunt
1672 5440 1735 5487 de
1769 5444 1837 5501 te,
1869 5435 2006 5509 civi-

431 5538 513 5580 tas
547 5527 643 5581 Dei
696 5527 761 5581 ".
808 5529 938 5593 Quae
970 5526 1112 5581 [Elia
1161 5528 1228 5580 ab
1260 5525 1405 5580 IElio
1446 5524 1704 5591 Adriano,
1758 5526 1847 5591 qui
1886 5538 2008 5580 eam

430 5621 757 5676 construxit.
780 5620 1078 5687 Bethleem,
1104 5618 1488 5683 civitasJudaa,
1510 5633 1631 5689 quae
1656 5628 1709 5672 et
1744 5618 2004 5689 prrata.

506 5734 547 5765 “
571 5734 727 5791 Joan.
763 5752 801 5803 ι,
833 5735 924 5791 29.

414 5806 530 5885 qu.

1003 5736 1050 5770 “
1072 5735 1208 5792 Gen.
1252 5749 1447 5802 xxviii,
1488 5734 1576 5787 Π.

2112 4611 2401 4680 evaginato
2428 4607 2628 4677 gladio,
2655 4605 2745 4675 qui
2772 4604 3023 4673 populum
3055 4602 3144 4656 Dei
3168 4599 3683 4670 graviterctedebat,

2111 4704 2327 4765 timens,
2361 4715 2427 4754 ne
2461 4698 2513 4752 in
2550 4712 2608 4751 se
2637 4705 2693 4751 et
2737 4697 2790 4750 in
2827 4696 3014 4749 urbem
3049 4694 3427 4755 ulcisceretur,
3460 4690 3598 4759 quod
3634 4690 3686 4743 in

2116 4794 2311 4864 populo
2343 4789 2677 4845 numerando
2729 4787 3097 4855 deliquerat,‘
3122 4785 3328 4852 primus
3377 4783 3427 4834 iu
3487 4790 3686 4834 terram

2113 4885 2337 4946 corruit,
2367 4898 2492 4935 vere
2528 4880 2820 4949 poznitrns,
2851 4876 3195 4947 graviterque
3244 4888 3301 4927 se
3333 4870 3594 4940 afﬂigens,
3635 4878 3691 4923 et

2114 4994 2143 5030 a
2173 4976 2401 5031 Domino
2451 4972 2764 5037 exauditus,
2831 4970 3039 5022 veniam
3090 4965 3319 5030 meruit;
3367 4963 3433 5016 de
3463 4975 3569 5030 quo
3615 4959 3691 5013 ait

2057 5087 2064 5093 ·
2116 5068 2425 5123 Dominus:
2478 5063 2663 5118 Inueni
2715 5063 2882 5115 cirum
2930 5059 3089 5128 juxta
3144 5072 3235 5109 cor
3291 5068 3461 5107 meum
3510 5052 3574 5103 ‘9.
3632 5049 3692 5104 In

1655 5734 1698 5765 ”
1727 5731 1869 5788 Psal.
1903 5745 2123 5796 Lxxxw,
2178 5729 2233 5783 ὅ.

2118 5169 2303 5212 monte
2335 5154 2526 5219 Maria,
2564 5162 2825 5222 regnante
2862 5149 3045 5211 David,
3085 5145 3312 5201 florebat
3339 5158 3464 5196 area
3505 5139 3692 5196 Ornan

2116 5249 2368 5313 Jebnsaﬁ,
2400 5263 2427 5301 a
2458 5262 2564 5314 quo
2602 5256 2657 5300 et
2695 5244 2811 5313 ipse
2861 5240 3029 5296 David
3060 5255 3178 5293 eam
3211 5250 3392 5291 emere
3430 5233 3595 5288 voluit
3623 5231 3694 5287 ad

2120 5338 2558 5396 constituendam
2604 5336 2675 5390 ibi
2711 5339 2925 5388 domum
2962 5327 3195 5393 Domini,
3230 5340 3296 5382 eo
3325 5324 3471 5395 quod
3524 5324 3694 5380 ntise«

2119 5432 2412 5489 ricordiam
2458 5431 2577 5485 loco
2621 5428 2712 5484 illo
2742 5433 3071 5482 consecutus
3100 5431 3204 5487 est,
3246 5428 3302 5475 et
3326 5433 3394 5475 eo
3427 5417 3572 5489 quod
3598 5432 3697 5473 an-

2116 5526 2268 5596 gelus
2298 5521 2533 5585 Domini,
2563 5521 2611 5575 ei
2646 5530 2896 5589 parcens,
2934 5513 3051 5568 urbi
3087 5512 3387 5575 restiterat,
3421 5518 3551 5566 sunt
3577 5509 3699 5579 qui-

2126 5619 2271 5684 dem,
2320 5613 2413 5670 sed
2439 5610 2663 5666 vetitum
2697 5607 2797 5662 fuit
2846 5620 2877 5661 a
2918 5604 3171 5672 Domino,
3206 5616 3274 5659 ne
3311 5599 3700 5657 intromitteret

2312 5728 2354 5759 ”
2386 5726 2491 5784 lsa.
2519 5741 2557 5793 I,
2589 5726 2643 5780 3.
2750 5722 2793 5755 ⁸⁸
2824 5719 3056 5791 Luc.'tt,
3090 5719 3179 5787 14,
3284 5719 3328 5751 ¹⁹
3355 5715 3377 5773 ι
3403 5714 3536 5788 Reg.
3571 5730 3692 5783 xm,
