4042 6408
351 398 464 461 εθςι

1775 374 2055 437 EUGESi
2068 373 2194 435 PPI

3479 363 3619 430 ωοο

361 525 422 565 se
461 505 605 570 inde,
638 505 764 574 quia
798 503 878 556 vir
905 499 1186 568 sanguinis
1216 504 1353 554 erat.
1393 495 1531 564 Ergo
1570 507 1706 562 quas
1733 490 1801 545 ad
1835 491 1938 544 hoc
1968 491 2016 547 Δ
2043 493 2133 554 tyr
2155 482 2426 574 οεοιὼυῑίτ
2455 481 2628 550 Supra
2691 480 2946 574 ιριγιριιιπι
2981 479 3082 534 hoc
3111 478 3170 533 ίιὶ
3206 477 3382 574 "ﬁeri
3426 476 3622 574 Τεξεῑειο

361 605 756 668 praeparaverat
783 605 1070 664 expensas,
1106 590 1383 645 Salomoni
1443 588 1554 641 [ilio
1605 600 1727 650 suo,
1781 583 1864 638 cui
1908 596 1940 640 a

358 693 588 752 Domino
638 688 1055 751 concedebatur,
1086 681 1329 745 tradidit,
1376 688 1642 748 quatenus
1674 677 1799 730 inde
1847 675 1942 728 do-

358 796 503 837 mum
538 779 767 833 Domino
795 782 1164 831 construeret.
1200 770 1519 827 [Editicavit
1553 783 1645 823 rex
1683 767 1938 823 Salomon

359 873 588 932 beluino
629 869 923 938 templum.
1015 867 1067 920 id
1123 875 1248 928 est,
1307 862 1538 924 Bethel,
1600 870 1655 915 et
1708 860 1878 912 altare
1923 873 1938 911 :

356 981 478 1033 qua:
525 972 580 1017 et
622 960 895 1016 dedicavit
945 955 1361 1027 incomparabili
1410 961 1662 1022 sumptu:
1690 960 1883 1021 petens
1911 964 1942 1004 a

357 1057 617 1118 Domino,
666 1055 834 1124 quod,
864 1053 1173 1122 quicunque
1207 1053 1273 1106 de
1299 1062 1621 1120 quocunque
1653 1046 1942 1102 Dominum

357 1149 687 1213 consuleret,
755 1147 811 1200 in
867 1161 932 1201 eo
989 1143 1234 1200 exaudiri
1269 1150 1588 1205 mereretur,
1620 1139 1762 1208 quod
1811 1151 1945 1192 con-

358 1255 577 1295 cessum
605 1237 704 1292 fuit
733 1255 760 1290 a
794 1235 1044 1290 Domino.
1075 1233 1217 1303 Ergo
1250 1233 1443 1288 domus
1473 1229 1713 1294 Domini,
1745 1227 1940 1282 domus

360 1331 599 1388 consilii.
629 1329 760 1384 Illud
789 1338 992 1390 autem,
1041 1341 1138 1394 pro
1179 1321 1578 1378 incontinentia
1637 1318 1940 1388 principum

359 1433 417 1480 et
466 1421 670 1492 p0puli,
704 1419 1035 1490 exspoliavit
1083 1415 1588 1472 Nabuchodonosor
1622 1427 1721 1482 per
1759 1408 1942 1464 Nabu-

361 1515 589 1575 zardan,
617 1511 916 1582 principem
944 1522 1240 1576 coquorum
1274 1520 1519 1576 suorum,
1563 1511 1808 1570 tempore
1842 1499 1943 1555 Se-

344 1597 570 1659 dechiae
605 1602 766 1670 regis,
825 1600 1111 1668 ipsumque
1167 1595 1398 1665 privavit
1454 1595 1610 1657 urbe,
1661 1602 1942 1659 totumque

363 1694 504 1760 quod
539 1691 838 1760 pretiosum
897 1688 1140 1758 fulgebat
1189 1687 1240 1740 iu
1283 1687 1398 1739 atde
1443 1693 1498 1738 et
1525 1684 1577 1736 in
1608 1684 1760 1746 urbe,
1795 1681 1940 1747 tulit,

363 1782 579 1852 sibique
609 1780 926 1852 pra-sentari
973 1779 1137 1848 jussit
1181 1778 1233 1832 in
1270 1776 1594 1847 Babylonem
1621 1815 1636 1837 ,
1670 1783 1725 1828 et
1773 1787 1940 1842 popu-

2049 583 2234 629 mento
2259 573 2602 628 sanetilicare
2627 572 2890 658 'solebant
2920 581 3162 626 turtures
3213 580 3270 626 et
3302 571 3582 626 columbas
3608 590 3622 625 :

2044 668 2190 736 quod
2229 681 2258 720 a
2296 665 2586 721 Saracenis
2607 672 2794 734 postea
2825 665 3165 718 immutatum
3192 673 3278 718 est
3318 665 3372 717 in
3408 663 3626 719 horolo-

2043 757 2211 825 gium,
2247 764 2302 812 et
2351 757 2532 813 adhuc
2560 757 2736 812 videri
2775 765 2975 826 potest.
3021 754 3126 810 Per
3157 754 3468 824 Speciosam
3500 771 3627 828 por-

2047 859 2154 904 tam
2184 849 2368 920 templi
2397 849 2667 905 transiens
2698 847 2896 904 Petrus
2923 863 3046 903 cum
3072 847 3299 914 Joanne,
3337 848 3628 917 respondit

2043 940 2246 1009 petenti
2277 939 2346 996 ab
2368 940 2448 996 eis
2482 956 2499 995 :
2532 940 2687 1006 Quod
2714 950 2889 994 autem
2917 939 3106 1006 Itabeo,
3138 940 3236 993 hoc
3260 939 3356 994 tibi
3385 939 3454 993 do
3475 940 3543 993 ³³.
3565 939 3626 995 ltt

2045 1031 2347 1089 Jerusalem
2373 1032 2662 1088 Probatica
2695 1033 2938 1102 piscina;
2973 1047 3161 1102 quam,
3199 1041 3446 1103 tempore
3471 1031 3623 1096 Jesu,

2044 1126 2212 1181 certis
2240 1124 2571 1193 temporibus
2599 1138 2818 1179 movere
2851 1123 3080 1192 angelus
3109 1121 3325 1177 Domini
3367 1122 3622 1188 solebat;

2044 1216 2358 1287 quicunque
2385 1217 2638 1272 inﬁrmus
2663 1224 2844 1270 autem
2880 1223 3004 1284 post
3027 1215 3324 1270 motionem
3358 1213 3621 1280 intrabat,

2044 1323 2208 1363 sanus
2248 1309 2432 1374 liebat,
2461 1323 2490 1360 a
2534 1319 2860 1377 quacunque
2899 1305 3252 1361 detinebatur
3281 1303 3622 1360 inﬁrmitate.

2043 1399 2318 1456 Probaton
2355 1399 2564 1464 Graece,
2610 1413 2776 1469 pecus
2803 1397 3015 1463 Latine,
3045 1412 3111 1452 eo
3147 1398 3294 1467 quod
3329 1398 3381 1452 in
3413 1397 3628 1453 sacriﬁ—

2045 1489 2146 1545 ciis
2174 1489 2422 1544 solebant
2457 1489 2582 1544 inde
2609 1486 2760 1543 ablui
2791 1497 2914 1543 exta
2955 1486 3242 1556 pecudum.
3273 1486 3626 1558 Eratquippe

2042 1581 2211 1636 rubea
2235 1595 2300 1634 ex
2334 1579 2550 1644 hostiis,
2583 1593 2705 1648 qua:
2751 1577 2826 1632 ibi
2856 1577 3303 1632 immolabantur.
3331 1575 3386 1630 In
3421 1576 3628 1632 Proba-

2045 1673 2148 1726 tica
2182 1671 2285 1724 ista
2318 1671 2661 1739 languentem
2698 1669 2923 1724 sanitati
2956 1669 3201 1724 restituit
3231 1667 3625 1732 Jesus,dicens

2044 1763 2094 1817 ei
2126 1777 2142 1816 :
2176 1760 2324 1814 Tolle
2354 1761 2633 1829 grabatum
2673 1770 2822 1814 tuum
2863 1759 2930 1827 “,
2963 1770 3069 1816 etc.
3099 1758 3156 1814 ln
3188 1761 3367 1814 medio
3403 1757 3628 1815 Jerusa-

369 1833 724 1929 ﬂagitant,
758 1883 884 1940 post
932 1833 1150 1938 qaidem
1185 1833 1401 1924 Pharao
1431 1833 1650 1921 Nechao
1683 1833 1936 1934 templum
1971 1833 2010 1887 Β
2045 1857 2176 1922 lem.
2203 1855 2462 1909 excitavit
2490 1871 2518 1908 ει
2545 1861 2719 1909 morte
2751 1853 2985 1922 puellam
3017 1853 3198 1919 Jesus,
3248 1853 3351 1907 sub
3380 1851 3629 1907 Salomo-

361 1965 559 2020 delevit
600 1974 653 2018 et
684 1965 894 2017 urbem.
927 1961 1083 2016 Modo
1121 1975 1273 2026 vero,
1323 1975 1391 2014 ne
1427 1959 1646 2014 relatori
1690 1957 1940 2013 videatur

361 2055 680 2120 absurdum,
714 2056 943 2109 auditori
977 2055 1281 2118 taediosum,
1312 2053 1411 2106 sub
1434 2052 1633 2121 quibus
1662 2060 1714 2106 et
1757 2052 1940 2120 a‘qni-

357 2150 462 2201 bus
494 2146 859 2201 restitntiones
907 2155 960 2200 et
992 2145 1390 2200 destructiones
1419 2143 1579 2212 primi
1627 2153 1679 2198 et
1714 2141 1940 2197 set-undi

359 2248 416 2292 et
445 2239 586 2292 tertii
635 2237 819 2305 templi
854 2238 1179 2300 commissae,
1217 2238 1320 2291 hoc
1349 2236 1413 2290 de
1446 2234 1701 2304 praesenti
1728 2234 1938 2300 Bethel,

358 2339 519 2396 prout
547 2329 726 2381 verius
773 2342 993 2397 queam,
1026 2327 1301 2382 elucidare
1337 2326 1598 2381 conabor.
1633 2324 1840 2380 Revera
1875 2327 1940 2381 de

361 2420 465 2472 hoc
510 2418 716 2479 Bethel,
753 2419 853 2471 sub
895 2426 1086 2486 quoet
1131 2431 1160 2470 a
1205 2431 1314 2484 quo
1347 2414 1594 2485 principe
1628 2414 1940 2469 restitutum

331 2511 452 2573 “sit,
489 2509 601 2563 fere
631 2509 937 2579 ignoratur.
967 2508 1195 2573 Quidam
1232 2509 1401 2571 enim,
1454 2509 1554 2562 sub
1584 2506 1941 2561 Constantino

361 2602 715 2669 imperatore,
775 2602 841 2654 ab
892 2599 1097 2654 llelena
1175 2609 1352 2653 matre
1401 2614 1500 2652 sua
1555 2597 1939 2653 reaadiiieatum

355 2689 530 2747 fuisse
555 2691 862 2759 perhibent,
920 2706 1020 2759 pro
1049 2692 1358 2745 reverentia
1393 2700 1605 2745 sancta:
1637 2691 1814 2742 erucis
1847 2702 1943 2756 per

363 2796 486 2834 eam
534 2789 796 2849 repertae;
835 2780 925 2834 alii
961 2781 1029 2834 ab
1058 2779 1307 2834 [ierat-lio
1349 2781 1694 2850 imperatore,
1731 2793 1828 2848 pro
1860 2792 1944 2832 re-

361 2868 606 2922 verentia
638 2868 767 2935 ligni
805 2866 1041 2932 Domini,
1078 2869 1221 2936 quod
1255 2869 1320 2922 de
1347 2868 1570 2922 Perside
1600 2865 1942 2934 triumphans

362 2960 658 3024 attulerat;
687 2960 779 3013 alii
808 2976 835 3013 a
861 2959 1170 3014 Justiniano
1200 2961 1482 3031 Augusto;
1522 2959 1612 3014 alii
1647 2973 1676 3012 a
1707 2957 1940 3027 quodam

359 3051 681 3106 admirando
704 3052 964 3121 Memphis
996 3051 1237 3122 Egypti,
1273 3066 1373 3121 pro
1405 3049 1706 3105 reverentia
1734 3047 1942 3102 Allahi-

2043 1952 2129 2006 nis
2163 1949 2331 2021 regia,
2371 1949 2422 2003 in
2448 1949 2702 2002 accubitu
2751 1947 2908 2002 Sion.
2937 1947 2988 2000 ln
3026 1945 3312 2015 Josaphat,
3346 1945 3625 2000 natatoria

2045 2039 2191 2095 Siloe
2230 2057 2242 2092 :
2274 2039 2343 2094 ad
2377 2054 2538 2108 quam
2571 2037 2824 2092 Christus
2869 2051 3096 2102 caecum,
3132 2041 3200 2093 ab
3239 2051 3304 2092 eo
3343 2035 3624 2090 illumina-

2046 2143 2180 2199 tum,
2243 2131 2412 2194 misit,
2477 2137 2535 2184 ut
2561 2145 2626 2185 ex
2685 2143 2749 2183 ea
2807 2129 3017 2184 lavaret
3076 2129 3267 2185 oculos
3311 2145 3474 2197 suos,
3528 2131 3624 2201 qui

2044 2223 2252 2287 abiens,
2286 2221 2435 2287 lavit,
2469 2229 2523 2276 et
2544 2221 2696 2276 vidit.
2739 2219 2908 2286 Siloe,
2961 2221 3161 2276 missus
3212 2221 3621 2292 interpretatur.

2047 2313 2216 2380 Siloe,
2285 2315 2582 2370 secundum
2632 2313 2978 2368 traditionem
3039 2313 3329 2382 majorum,
3393 2327 3459 2368 ex
3511 2313 3626 2370 Silo

2045 2421 2267 2461 inanare
2299 2407 2522 2460 dicitur.
2578 2403 2734 2459 Unde
2772 2405 2944 2460 lsaias
2977 2423 2991 2460 :
3029 2403 3180 2459 Siloe
3228 2420 3352 2459 cum
3405 2407 3625 2462 silentio

2045 2498 2312 2565 gurgitem
2355 2513 2516 2553 suum
2571 2497 2753 2563 ducit;
2806 2497 2935 2566 quia
2979 2498 3425 2553 subterraneum.
3461 2495 3630 2554 Juxta

2048 2588 2194 2644 Siloe
2219 2590 2430 2644 exstitit
2458 2603 2692 2658 quercus
2728 2587 2894 2658 Rege!
2920 2605 2935 2654 ;
2964 2590 3064 2644 sub
3104 2603 3209 2657 qua
3247 2589 3439 2644 beatus
3462 2589 3630 2644 lsaias

2046 2679 2294 2748 sepultus
2341 2681 2594 2748 quiescit.
2627 2680 2686 2734 ln
2709 2682 2847 2734 valle
2881 2679 3167 2750 Josaphat,
3199 2684 3301 2735 sub
3326 2690 3485 2735 acuta
3523 2697 3625 2753 py-

2048 2772 2276 2838 ramide,
2350 2787 2442 2826 rex
2487 2772 2628 2825 idem
2671 2771 2934 2841 Josaphat
2985 2771 3228 2841 sepultus
3257 2772 3513 2842 quiescit.
3568 2774 3625 2830 In

2047 2860 2187 2915 valle
2216 2859 2482 2930 Josaphat
2512 2862 2755 2930 sepultus
2779 2869 2862 2915 est
2890 2861 3079 2916 beatus
3104 2860 3364 2928 Jacobus,
3395 2861 3628 2932 indeque

2049 2954 2344 3008 translatus
2383 2953 2914 3023 Constantinopolin.
2973 2953 3225 3009 Secundo
3285 2955 3540 3010 milliaria
3593 2971 3624 3010 a

2043 3045 2368 3110 Jerusalem,
2401 3051 2510 3111 via,
2543 3063 2664 3116 quae
2708 3048 2862 3101 ducit
2895 3045 3134 3112 Sichem,
3182 3061 3336 3102 mons
3382 3046 3627 3104 Sabauth

356 3143 473 3211 byi,
501 3143 551 3196 id
579 3153 682 3208 est,
707 3143 905 3196 summi
939 3141 1053 3208 Dei,
1081 3143 1245 3198 etiam
1272 3143 1338 3197 ad
1367 3142 1597 3212 primum
1628 3139 1938 3196 colendum.
1969 3171 2010 3229 α
2048 3140 2098 3191 in
2133 3137 2274 3192 tribu
2300 3137 2602 3208 Benjamin.
2638 3137 2886 3192 Milliario
2933 3153 2962 3191 a
3002 3136 3327 3202 JeruSalem,
3359 3139 3412 3193 in
3463 3155 3628 3195 accu-

329 3234 443 3285 -Ah
473 3234 619 3287 omni
677 3234 858 3304 lingua
909 3234 1205 3289 reverende
1240 3242 1527 3288 veneratur
1557 3247 1794 3303 praesens
1832 3231 1939 3287 hoc

360 3325 648 3394 templum,
679 3333 946 3394 quantum
989 3324 1333 3394 praedicatur.
1356 3322 1522 3390 Cujus
1545 3323 1598 3378 in
1620 3321 1938 3391 penultimo,

351 3422 550 3467 ettavo
591 3413 680 3468 die
711 3413 904 3466 natalis
940 3415 1046 3476 sui,
1084 3428 1219 3482 puer
1257 3413 1616 3468 circumcisus
1644 3421 1764 3478 est;
1801 3426 1938 3480 prte-

361 3506 569 3572 putium
597 3505 768 3574 cujus.
795 3503 1090 3559 Jerusalem
1126 3506 1177 3557 in
1205 3504 1402 3572 templo
1429 3506 1495 3559 de
1520 3503 1696 3570 cmlis,
1732 3504 1800 3557 ab
1836 3518 1938 3557 an-

361 3599 503 3667 gelo,
530 3599 725 3653 Carolo
747 3598 943 3666 Magno
977 3599 1084 3666 regi
1119 3607 1505 3666 praesentatum
1543 3597 1668 3661 fuit.
1693 3606 1744 3652 et
1775 3599 1842 3651 ab
1873 3611 1938 3652 eo

355 3691 602 3746 delatum
646 3691 697 3744 in
746 3690 974 3744 Calliam
1015 3690 1417 3760 Aquisgranum
1454 3708 1468 3745 ε
1502 3701 1689 3760 postea
1720 3691 1936 3758 quidem

362 3795 390 3832 a
418 3780 615 3833 Carolo
645 3779 810 3841 Calvo
842 3780 1160 3833 translatum
1197 3781 1248 3833 in
1277 3795 1471 3850 pagum
1516 3778 1935 3844 Pietaviensem,

362 3871 503 3938 apud
535 3871 875 3934 Carnosiam,
921 3871 974 3925 in
1001 3871 1252 3934 ecclesia,
1283 3886 1443 3940 quam
1477 3870 1549 3924 ibi
1592 3870 1644 3924 in
1676 3869 1935 3924 honorem

359 3963 658 4018 Salvatoris
674 3965 994 4029 construxit,
1016 3973 1070 4016 et
1097 3963 1258 4032 regiis
1288 3964 1445 4017 bonis
1465 3962 1814 4030 amplissimis
1839 3961 1939 4016 sub

360 4055 663 4108 monachali
716 4054 980 4124 religione
1041 4057 1431 4124 locupletavit,
1498 4057 1641 4124 quod
1691 4070 1756 4108 ex
1809 4065 1938 4109 tunc

359 4163 529 4216 usque
554 4150 714 4202 modo
753 4150 828 4203 ibi
856 4150 1174 4204 soletnniter
1205 4158 1498 4204 veneratur
1526 4152 1638 4220 ipsa
1682 4149 1937 4220 praesenti

360 4253 456 4291 suo
490 4237 646 4294 Jesus
672 4253 700 4292 a
741 4250 912 4294 matre
960 4255 1054 4294 sua
1087 4250 1447 4309 praetentatus
1477 4247 1578 4306 est,
1611 4249 1665 4295 et
1691 4253 1937 4312 receptus

359 4344 388 4381 a
442 4332 598 4383 beato
657 4330 898 4394 Simone,
943 4331 1203 4384 dicente:
1240 4327 1400 4384 Nunc
1455 4331 1676 4384 dimittis
1729 4349 1936 4387 servum

359 4429 532 4482 tuum,
571 4420 790 4473 Domine
811 4419 877 4472 '°.
899 4419 973 4474 De
997 4421 1197 4490 templo
1223 4420 1336 4489 ipso
1360 4420 1607 4476 liberavit
1638 4423 1935 4478 adulteram

361 4513 430 4565 ab
447 4511 828 4566 accusantibus
851 4527 994 4576 eam,
1020 4513 1240 4565 dicens:
1269 4511 1372 4576 Qui
1398 4513 1509 4566 sine
1537 4525 1748 4581 peccato
1774 4526 1846 4568 est
1868 4516 1938 4581 ",

357 4612 468 4655 etc.
501 4600 605 4654 lsta
645 4602 888 4655 adultera
918 4601 1019 4655 fuit
1049 4601 1116 4656 de
1144 4602 1286 4656 tribu
1316 4600 1643 4672 Nephtalim,
1691 4605 1797 4659 ﬁlia
1837 4608 1939 4660 Se-

357 4707 478 4761 gor.
530 4693 584 4746 ln
637 4693 839 4762 templo
886 4695 990 4746 isto
1038 4693 1278 4748 laudavit
1325 4710 1523 4751 munus
1570 4699 1936 4767 pauperculae,

357 4789 502 4856 quod
545 4787 596 4841 in
629 4788 1014 4858 gazophylacio
1054 4798 1344 4856 posuerat;
1383 4801 1505 4856 qua:
1559 4799 1754 4854 totum,
1792 4792 1937 4859 quod

355 4879 614 4944 habebat,
647 4880 928 4934 attulerat.
961 4879 1017 4932 In
1054 4879 1253 4946 templo
1297 4881 1421 4945 isto,
1453 4880 1580 4933 dum
1627 4892 1939 4935 moraretur

359 4969 683 5034 Jerusalem,
715 4970 944 5025 docebat
983 4968 1218 5038 JUdiBOS,
1267 4971 1394 5026 licet
1429 4987 1551 5025 eum
1584 4971 1930 5027 rettittlautes.

357 5060 534 5129 Supra
588 5061 933 5130 pinnaculum
980 5062 1161 5130 templi
1203 5062 1389 5115 statuit
1432 5060 1612 5114 Jesum
1663 5061 1936 5125 diabolus.

362 5161 574 5206 tcntans
602 5167 748 5218 eum,
786 5163 841 5208 et
865 5153 1048 5207 dicens
1081 5171 1093 5206 :
1121 5152 1183 5207 Si
1221 5131 1391 5206 Filius
1427 5153 1524 5205 Dei
1552 5168 1604 5206 ea
1629 5155 1695 5214 η,
1727 5163 1832 5207 etc.
1862 5153 1940 5206 De

358 5243 562 5314 templo
588 5245 952 5313 praecipitatus
986 5245 1087 5297 fuit
1119 5246 1277 5299 divus
1305 5243 1562 5306 Jacobus,
1600 5245 1805 5312 primus
1830 5243 1933 5297 sub

361 5335 532 5404 gratia
583 5335 823 5404 pontifex
867 5335 921 5389 in
949 5335 1274 5389 JesuSaIem.
1314 5335 1370 5387 ln
1413 5335 1612 5402 templo
1662 5334 1765 5386 isto
1802 5350 1940 5386 nun-

364 5429 553 5481 tiatum
592 5427 712 5495 fuit,
760 5429 826 5481 ab
873 5427 1084 5498 angelo,
1122 5427 1421 5489 Zachariae,
1482 5426 1658 5480 natale
1710 5426 1804 5480 lilii
1859 5426 1939 5479 sui

359 5517 581 5575 Joannis
617 5520 893 5588 Baptism,
943 5521 1078 5575 feria
1107 5531 1284 5583 sexta,
1336 5520 1466 5572 hora
1503 5516 1757 5572 secunda.
1800 5515 1944 5571 lnter

363 5611 624 5680 templum
654 5619 706 5664 et
734 5613 906 5666 aitare
942 5609 1254 5675 Zacharias,
1284 5609 1424 5664 lilius
1458 5606 1760 5674 Barachia',
1791 5623 1938 5662 mar-

438 5786 486 5818 “
515 5785 647 5842 Luc.
689 5805 750 5856 tt,
791 5790 883 5847 29.

964 5791 1003 5823 ²¹
1028 5788 1182 5846 Joan.
1219 5807 1337 5858 vin,
1376 5791 1424 5846 7.
1501 5795 1546 5826 θ’
1575 5789 1766 5846 Matth.
1799 5807 1871 5859 tv,
1905 5791 1960 5850 Ζ.

2047 3229 2161 3282 bitu
2205 3230 2406 3283 utentis
2439 3228 2658 3292 Oliveti,
2695 3239 2883 3283 contra
2910 3227 3274 3298 Aspbaltiten,
3305 3228 3566 3285 Bethania
3605 3244 3623 3291 :

2053 3335 2176 3389 quae
2215 3320 2546 3374 collateralis
2584 3329 2668 3374 est
2707 3321 2874 3374 monti
2934 3321 3151 3378 Oliveti.
3202 3322 3354 3378 Mons
3402 3322 3626 3390 Oliveti,

2051 3425 2207 3466 mons
2246 3411 2585 3477 oﬂ‘ensionis,
2617 3423 2671 3466 et
2703 3411 3016 3468 continuus.
3069 3411 3270 3468 Dividit
3311 3425 3488 3469 autem
3525 3430 3624 3471 eos

2052 3507 2160 3569 via,
2201 3520 2320 3573 qua:
2385 3505 2450 3558 de
2482 3504 2745 3572 Josapliat
2785 3519 2879 3572 per
2911 3504 3188 3577 Betphage
3235 3507 3402 3563 ducit.
3439 3509 3624 3564 Dictus

2050 3607 2134 3651 est
2171 3609 2349 3650 autem
2386 3611 2539 3650 mons
2575 3596 2914 3660 oliensionis,
2940 3612 3006 3651 eo
3053 3599 3197 3666 quod
3242 3615 3333 3655 rex
3368 3599 3621 3654 Salmnon

2051 3689 2103 3742 in
2132 3702 2196 3742 co
2237 3687 2434 3742 idolum
2482 3687 2690 3742 Moloch
2725 3689 2989 3742 adoravit.
3039 3688 3305 3744 Bethania
3359 3701 3442 3745 est
3470 3693 3626 3761 Oppi-

2051 3780 2180 3833 dum
2207 3779 2360 3842 illud,
2399 3780 2451 3832 in
2483 3795 2588 3849 quo
2625 3777 2809 3833 Simon
2847 3781 3094 3850 leprosus
3138 3795 3279 3850 saepe
3325 3781 3506 3837 Jesum
3537 3799 3628 3838 re-

2051 3873 2196 3941 cepit
2218 3872 2270 3924 in
2299 3874 2562 3940 hospitem
2588 3889 2602 3938 ;
2631 3874 2720 3927 cui
2749 3873 2944 3927 devote
2972 3874 3357 3928 ntiniSIrabant
3380 3874 3545 3929 Maria
3568 3887 3624 3931 et

2049 3963 2278 4017 Martha.
2313 3963 2590 4016 Bethania:
2644 3962 2810 4016 Maria
2873 3978 2996 4016 cum
3031 3963 3284 4034 lacrymis
3320 3964 3501 4034 rigans
3526 3982 3619 4035 pe-

2057 4057 2152 4108 des
2205 4051 2355 4118 Jesu,
2414 4055 2639 4121 suisque
2674 4053 2915 4108 crinibus
2956 4066 3266 4124 emergens,
3308 4065 3362 4109 et
3414 4071 3622 4131 ungens

2053 4154 2348 4215 unguento,
2384 4161 2604 4201 suorum
2633 4146 2847 4198 veniam
2896 4146 3090 4198 meruit
3115 4156 3484 4212 peccatorum.
3523 4147 3624 4206 Be-

2055 4238 2252 4291 thania:
2307 4237 2552 4291 Christus
2600 4235 2867 4290 Martham
2924 4237 3187 4303 laudavit,
3247 4245 3301 4292 et
3363 4237 3620 4304 Mariam,

2052 4325 2342 4389 Martham,
2398 4325 2453 4378 in
2504 4325 2863 4380 ministrando
2919 4326 3247 4390 sollicitam;
3285 4324 3533 4390 Mariam,
3566 4327 3620 4381 iu

2049 4418 2229 4472 verbis
2256 4418 2374 4486 ejus
2408 4417 2696 4472 sollicitam
2733 4435 2746 4471 :
2782 4432 3014 4486 quarunt
3059 4420 3308 4484 precibus
3338 4427 3392 4473 et
3445 4420 3620 4490 lacry-

1973 4505 2019 4560 Ι)
2049 4511 2152 4563 mis
2179 4519 2503 4572 commotus,
2541 4509 2764 4563 fratrem
2800 4523 2983 4562 earum
3021 4508 3288 4563 Lazarum
3343 4513 3394 4564 in
3433 4528 3622 4565 monu-

2043 4613 2225 4657 mento
2253 4601 2365 4668 jam
2399 4602 2845 4671 quatriduanum,
2885 4601 3006 4654 vita:
3038 4601 3298 4654 restituit.
3331 4600 3614 4667 Bethania,

2039 4693 2227 4746 domus
2279 4692 2589 4747 obedientia:
2625 4692 3038 4760 interpretatur.
3079 4689 3371 4759 Betpbage,
3419 4707 3538 4760 qua:
3565 4703 3620 4745 et

2039 4782 2230 4836 vitulus
2250 4783 2603 4847 sacerdotum,
2637 4785 2819 4835 domus
2847 4781 3023 4835 buccae
3059 4781 3142 4834 vel
3169 4782 3512 4834 maxillarum
3541 4786 3622 4835 in-

2043 4883 2389 4943 terpretatur.
2420 4873 2573 4927 Mons
2610 4873 2829 4938 Oliveti,
2864 4889 3018 4929 mons
3063 4873 3344 4936 tribuaris,
3376 4874 3455 4926 vel
3492 4890 3620 4929 san-

1999 5010 2002 5015 .
2043 4967 2411 5021 ttiticationis.
2455 4967 2619 5020 Vallis
2653 4966 2940 5036 Josapbat,
2978 4966 3362 5033 vallisjudicii.
3399 4966 3620 5020 Jerusa-

2043 5059 2171 5124 lem,
2199 5061 2338 5114 visio
2385 5061 2556 5129 pacis.
2617 5059 2770 5121 Sion,
2804 5061 3106 5130 speculum,
3161 5060 3247 5115 vel
3297 5062 3616 5131 speculatio.

2042 5150 2146 5204 Per
2201 5150 2345 5204 hunc
2381 5155 2652 5204 tramitem
2683 5153 2927 5208 ascendit
2955 5151 3116 5208 Jesus
3170 5151 3618 5222 Hierosolymam,

2043 5243 2238 5296 sedens
2289 5257 2450 5308 super
2483 5243 2712 5306 asinam,
2765 5241 2873 5305 die,
2927 5258 3028 5312 qua
3079 5243 3386 5297 celebratur
3439 5259 3620 5298 ramus

2053 5330 2377 5401 palmarum.
2412 5331 2502 5386 Sic
2536 5344 2589 5386 et
2619 5333 2847 5400 quisque
2876 5333 3175 5388 catholicus
3221 5331 3394 5402 angeli
3421 5333 3619 5388 summi

2045 5423 2255 5476 consilii
2288 5422 2447 5477 debet
2473 5424 2750 5489 incedere,
2775 5432 2829 5478 et
2867 5425 3019 5478 adire
3044 5428 3387 5494 praesentiam
3428 5441 3615 5480 sacer-

2044 5515 2257 5578 dotum,
2294 5517 2382 5584 qui
2410 5516 2500 5570 Dei
2533 5517 2752 5570 verbum
2787 5517 3102 5584 ruminant;
3130 5527 3190 5574 ut
3227 5521 3296 5575 ab
3327 5522 3406 5577 eis
3443 5519 3618 5576 corri-

2050 5617 2231 5678 gatur,
2257 5618 2310 5661 et
2352 5609 2674 5674 instruatur,
2710 5624 2884 5679 eoque
2918 5611 3148 5669 consilio
3174 5622 3228 5669 et
3263 5614 3506 5671 doctrina
3528 5629 3618 5670 su-

2039 5797 2083 5828 ”
2134 5796 2254 5852 Act.
2288 5813 2370 5862 tu,
2433 5796 2484 5852 6.
2564 5797 2608 5829 ³³
2635 5797 2800 5854 Marc.
2843 5814 2898 5865 tt,
2928 5799 2981 5852 9.
