4042 6394
393 366 525 443 1001

1627 381 1726 443 DE
1767 382 1984 445 LOCIS
2022 375 2356 447 SANCTIS.

3514 386 3652 454 1002

390 494 509 547 bire
560 490 755 545 vallem
819 488 1034 560 iudicii,
1092 487 1148 544 id
1203 497 1317 554 est,
1379 491 1760 547 contritionem
1818 497 2394 566 sanaAliquorihus,
2427 503 2483 552 et
2536 495 2872 552 aromatibus
2933 494 3193 562 condivit,
3243 496 3657 572 involutumtu

387 581 844 654 compunctionis,
873 583 926 635 in
960 591 1285 652 conspectu,
1318 586 1334 604 ‘
1355 581 1600 638 videlicet
1625 585 1713 653 qui
1743 600 1802 639 se
1829 585 1968 640 ami-

385 675 483 745 git,
518 687 614 742 per
645 682 854 741 portam
913 670 1244 726 Orientalem
1274 672 1435 741 digne
1466 673 1791 728 introiturus
1837 689 1967 728 san-

388 776 528 821 ctam
554 761 882 830 Jerusalem,
915 763 1190 819 cmlestem
1244 763 1398 827 Sion,
1429 764 1564 820 stola
1607 767 1968 834 iucunditatis

385 858 746 912 decorandus.
781 855 960 912 Monte
997 855 1126 910 Sion
1164 857 1296 910 lavit
1325 854 1485 911 Jesus
1526 861 1690 926 pedes
1721 858 1966 926 discipu-

384 947 559 1000 lorum
628 962 874 1010 suorum,
929 947 1115 1000 dicens
1169 945 1413 1000 cis:Sic
1468 947 1632 1016 facite
1683 948 1738 1001 in
1795 963 1965 1001 meam

383 1041 924 1093 commemorationem
964 1039 1032 1092 ’⁸.
1071 1039 1247 1092 Monte
1301 1039 1430 1094 Sion
1493 1041 1732 1094 cmuavit
1800 1038 1962 1094 Jesus

383 1145 507 1186 cum
555 1130 834 1199 discipulis
859 1131 994 1194 suis,
1028 1132 1161 1184 dans
1196 1131 1275 1184 eis
1306 1130 1360 1184 in
1402 1145 1537 1199 pane
1565 1145 1764 1200 corpus
1803 1145 1962 1186 suum

383 1221 450 1276 ad
489 1221 950 1286 manducandum,
985 1231 1040 1276 et
1090 1220 1143 1275 in
1200 1221 1326 1275 vino
1357 1222 1680 1291 sanguinem
1709 1238 1865 1276 suum
1895 1221 1959 1276 ad

382 1314 674 1368 bibendum
705 1332 718 1368 :
748 1317 892 1383 quod
919 1324 1002 1368 est
1032 1314 1284 1368 viaticum
1316 1325 1516 1368 nostra:
1548 1315 1958 1384 redemptionis.

380 1404 562 1459 Monte
592 1401 746 1472 Sion,
787 1407 839 1459 in
869 1419 1026 1460 coena
1062 1422 1224 1476 supra
1285 1418 1476 1477 pectus
1508 1407 1723 1462 Domini
1771 1409 1961 1462 beatus

379 1495 614 1552 Joannes
677 1499 967 1564 recubuit,
1029 1500 1096 1553 de
1154 1500 1304 1554 fonte
1370 1500 1651 1569 sapientiai
1740 1509 1955 1570 potans.

379 1590 561 1645 Monte
598 1591 751 1655 Sion,
783 1589 957 1657 Iudae,
989 1594 1251 1661 proditori
1275 1607 1395 1659 suo,
1429 1594 1481 1646 in
1515 1607 1672 1648 caena
1709 1593 1961 1649 Christus

381 1682 681 1738 buccellam
757 1683 916 1751 panis
966 1683 1174 1739 intulit.
1219 1684 1399 1739 Monte
1442 1683 1569 1740 Sion
1627 1684 1707 1739 ait
1754 1685 1957 1740 Jesus:

380 1772 586 1826 Mecum
625 1775 779 1827 estin
821 1790 1024 1840 mensa,
1101 1791 1303 1829 mecum
1352 1777 1566 1846 intiugit
1626 1789 1842 1832 manum
1905 1781 1958 1833 in

2079 592 2132 646 in
2156 591 2384 647 sindone
2412 590 2630 656 munda,
2662 589 2802 644 haud
2836 590 2991 659 longe
3019 591 3266 661 sepelivit
3297 591 3350 647 in
3385 592 3568 660 horto,
3601 598 3656 650 in

2077 693 2453 745 monumento,
2488 683 2628 751 quod
2685 696 2884 736 novum
2926 681 3029 737 sibi
3063 683 3128 736 de
3159 699 3294 754 rupe
3327 685 3656 754 scnlpserat.

2077 772 2212 828 lude
2262 774 2542 828 descendit
2597 776 2662 826 ad
2718 772 2922 829 inferos
2971 776 3037 829 ad
3075 776 3449 832 redimendum
3484 779 3662 834 homi-

2077 878 2252 921 nem:
2302 864 2426 918 inde
2459 866 2796 929 resurrexit,
2846 881 3005 921 verus
3057 866 3142 922 leo
3191 871 3258 922 de
3302 869 3444 924 tribu
3492 855 3657 934 Iuda,

2077 965 2251 1008 morte
2282 955 2506 1008 subacta
2536 955 2608 1009 ibi
2640 973 2654 1010 :
2692 966 2746 1010 et
2777 957 3002 1026 angelus
3038 957 3248 1010 Domini
3290 960 3494 1012 sanctis
3539 975 3662 1012 nm-

2076 1043 2298 1099 lieribus
2349 1048 2617 1115 apparuit,
2652 1048 2763 1116 jam
2803 1047 2872 1101 ab
2899 1048 3040 1101 ostio
3076 1048 3417 1102 monumenti
3476 1037 3658 1117 lapide

2075 1137 2343 1201 revoluto,
2367 1145 2441 1201 et,
2468 1135 2651 1192 Jesum
2676 1152 2805 1192 vere
2827 1138 3198 1193 resurrexisse
3226 1140 3508 1206 nuntians,
3536 1139 3588 1192 ai
3640 1155 3655 1192 :

2072 1227 2174 1293 Ite,
2205 1240 2251 1282 et
2285 1229 2443 1284 dicite
2463 1230 2735 1296 discipulis
2756 1230 2891 1298 ejus,
2924 1240 2971 1284 et
3015 1229 3199 1294 Petro,
3226 1232 3366 1302 quod
3396 1232 3658 1300 prwcedet

2070 1337 2160 1375 vos
2190 1322 2243 1375 in
2290 1321 2568 1377 Galilteam
2602 1324 2668 1378 ".
2705 1312 2818 1380 Sub
2851 1326 2970 1380 loco
3021 1325 3313 1390 Calvariae,
3376 1325 3428 1379 in
3480 1325 3658 1393 capite

2070 1408 2350 1477 Ecclesiae,
2385 1413 2452 1467 ab
2484 1411 2686 1468 Helena
2737 1430 2869 1468 crux
2905 1415 3114 1469 Domini
3154 1425 3368 1482 reperta
3419 1425 3525 1471 est.
3556 1416 3658 1470 Sed»

2069 1506 2249 1560 eundo
2284 1504 2586 1560 milliarioa
2615 1494 2944 1570 Jerusalem,
2975 1517 3171 1562 contra
3203 1507 3503 1562 Jerusalem
3535 1523 3659 1563 cre-

2067 1597 2145 1650 vit
2183 1596 2346 1650 arbor
2392 1595 2481 1650 illa
2519 1597 2859 1667 dignissima,
2895 1614 2949 1653 ιιι
2976 1616 3081 1669 qua
3113 1615 3272 1655 verus
3300 1600 3389 1655 ille
3437 1600 3520 1655 leo
3555 1615 3656 1668 pe-

2069 1687 2274 1756 pendit,
2303 1687 2395 1756 qui
2428 1696 2604 1743 morte
2629 1703 2724 1742 sua
2753 1699 2984 1744 mortem
3011 1691 3229 1755 delevit,
3257 1693 3426 1746 Vitam
3450 1692 3656 1747 mundo

2070 1794 2348 1846 reparans.
2382 1778 2533 1835 Unde
2558 1783 2818 1849 propheta
2848 1800 2863 1837 :
2900 1781 2944 1836 0
2977 1800 3140 1848 mors,
3162 1800 3249 1837 ero
3285 1801 3427 1838 mors
3456 1795 3548 1840 tuo
3581 1786 3649 1852 ⁸³,

371 1866 674 1934 paropside.
698 1869 790 1937 qui
808 1884 888 1920 me
916 1868 1210 1922 traditurus
1233 1879 1310 1922 est
1335 1870 1402 1924 ".
1442 1868 1539 1924 Cui
1561 1869 1760 1924 Judas:
1786 1870 1960 1924 Num-
1993 1871 2030 1925 Β
2059 1882 2168 1929 etc.-
2203 1871 2275 1928 De
2309 1889 2531 1929 carcere
2568 1889 2716 1938 vero,
2771 1885 2826 1929 et
2874 1877 3055 1931 medio
3087 1879 3296 1938 mundi,
3327 1878 3652 1933 fabulatorie

371 1959 499 2028 quid
523 1975 615 2029 ego
651 1975 788 2026 sum,
823 1958 985 2014 Rabbi
1012 1961 1038 2011 ?
1067 1959 1227 2016 Jesus
1278 1961 1572 2031 respondet
1603 1962 1652 2016 ei
1691 1979 1704 2017 :
1745 1962 1826 2016 Tu
1869 1963 1956 2016 di-

373 2050 448 2102 cis
475 2049 541 2102 ’τε
571 2051 650 2102 Ad
677 2051 956 2104 sinistram
981 2053 1181 2106 montis
1210 2051 1364 2115 Sion,
1397 2068 1560 2121 super
1585 2069 1772 2122 agrum
1799 2068 1958 2123 pere-

371 2140 674 2208 grinorum,
719 2144 810 2211 qui
847 2152 901 2196 et
935 2141 1286 2207 Ilakeldama.
1339 2145 1392 2199 id
1423 2155 1527 2208 est,
1572 2159 1702 2213 ager
1727 2147 1952 2214 sangui-

370 2235 476 2301 nis,
507 2251 668 2290 secus
699 2239 864 2302 viam,
890 2256 1008 2308 qua:
1036 2241 1185 2295 ducit
1212 2241 1480 2312 Ephrata.
1504 2246 1519 2264 ⁶
1540 2242 1692 2297 Mons
1723 2242 1876 2310 Sion,
1899 2245 1952 2298 in

367 2340 475 2394 quo
503 2342 592 2381 rex
624 2327 883 2384 Salomon
918 2339 1135 2395 unctus,
1170 2335 1319 2402 regni
1351 2334 1603 2388 diadema
1637 2337 1866 2404 recepit.
1896 2336 1951 2390 In

365 2417 668 2474 Jerusalem
708 2422 950 2476 vendidit
985 2422 1172 2477 Jesum
1209 2422 1376 2479 Judas
1411 2425 1542 2479 hora
1574 2440 1950 2496 vesperarum.

369 2511 424 2563 Ιιι
456 2514 710 2567 accubitu
770 2517 972 2570 montis
1022 2505 1229 2570 Oliveti'
1261 2528 1452 2573 contra
1498 2519 1764 2574 orientem
1800 2527 1952 2574 trans

367 2602 770 2674 Cedron,~jactu
799 2605 994 2676 lapidis
1023 2622 1051 2660 a
1076 2607 1450 2675 Gcthscmaui,
1492 2610 1671 2664 oravit
1701 2609 1954 2664 Christus

365 2698 431 2751 ad
485 2697 698 2754 Patrem
745 2717 926 2763 suum,
986 2704 1215 2758 dicens:
1247 2703 1444 2768 Pater,
1483 2706 1530 2758 si
1584 2705 1702 2772 ﬁeri
1762 2715 1950 2774 potest,

363 2794 596 2843 transeat
624 2807 656 2844 α
687 2808 769 2846 me
821 2793 964 2846 calix
997 2795 1097 2848 iste
1126 2794 1211 2861 ἐς
1254 2796 1342 2851 tibi
1393 2811 1458 2849 ex
1505 2797 1702 2850 timore
1744 2797 1949 2861 carnis,-

361 2882 612 2936 sudorem
650 2883 788 2938 fudit
823 2885 976 2955 quasi
1025 2887 1347 2954 sanguinem
1377 2905 1394 2955 ;
1427 2888 1515 2943 ubi
1551 2899 1605 2942 et
1639 2890 1717 2944 ait
1740 2884 1902 2945 Petro
1933 2908 1948 2946 :

366 2972 486 3027 Non
513 2975 762 3043 paruistis
805 2993 910 3029 una
961 2977 1093 3030 hora
1126 2977 1347 3046 vigilare
1396 2994 1599 3034 mecum
1633 2979 1714 3034 "‘3
1749 2981 1952 3036 Deinde

359 3066 711 3123 Cethsemani
765 3084 1044 3139 regressus
1093 3079 1199 3124 est.
1229 3068 1400 3126 Judas
1459 3081 1639 3126 autem
1695 3074 1946 3140 traditur,

361 3168 587 3228 accepto
603 3161 714 3227 jam
743 3164 938 3231 pretio,
969 3163 1033 3217 ad
1061 3162 1116 3217 id
1148 3164 1290 3233 quod
1325 3165 1390 3219 de
1419 3163 1544 3218 Jesu
1574 3163 1777 3220 .Iudmis
1812 3182 1948 3235 spo-s

361 3253 566 3319 pondit,
604 3253 815 3321 signum
845 3254 1065 3308 dederat
1093 3254 1304 3309 cohorti
1337 3273 1350 3308 :
1385 3254 1758 3326 Quemcunque
1786 3275 1944 3311 oscu-

359 3342 499 3396 latus
523 3343 674 3411 [uero
701 3344 770 3410 ³ο,
803 3357 910 3399 etc.
946 3345 1143 3411 Quem,
1173 3348 1449 3416 cognitum
1481 3348 1685 3402 fraudis
1730 3351 1940 3416 osciilo,

360 3435 598 3488 vinctum
630 3436 832 3490 ducunt
867 3437 920 3489 in
966 3437 1121 3503 Sion,
1168 3440 1234 3491 ad
1269 3437 1423 3492 Pilati
1459 3443 1794 3508 praetorium.
1842 3441 1941 3497 Ubi

356 3535 411 3577 et
450 3524 645 3580 Petrus
677 3535 763 3581 ter
796 3543 918 3580 etnn
968 3530 1184 3597 negavit
1218 3545 1234 3584 ε
1270 3530 1412 3584 unde
1466 3541 1536 3593 et,
1600 3532 1722 3602 galli
1781 3545 1939 3588 cantu

360 3618 444 3686 pie
475 3619 830 3674 reminiscens
867 3618 1200 3685 verbiJesu,
1228 3636 1356 3676 vere
1380 3623 1656 3691 paenituit,
1689 3623 1942 3693 ﬂevitque

357 3724 580 3775 amare;
633 3723 686 3763 et
731 3711 944 3781 fugiens
973 3711 1027 3766 in
1083 3727 1393 3776 cavernam,
1451 3727 1572 3781 quae
1602 3717 1760 3770 modo
1803 3716 1939 3771 Galli

349 3811 548 3858 cantus
579 3805 905 3874 appellatur,
940 3806 1343 3875 vulgariterque
1391 3806 1629 3862 Galilaeaa
1674 3810 1782 3872 via,
1821 3827 1941 3878 quae

358 3895 639 3950 descendit
682 3895 968 3965 Josaphat,
1016 3898 1116 3950 sub
1143 3908 1292 3965 porta
1327 3899 1527 3952 montis
1574 3896 1726 3955 Sion.
1759 3900 1939 3956 Monte

358 3979 491 4036 Sion
515 3981 698 4037 Jesum
726 3985 1030 4054 Opprobriis
1056 3979 1331 4047 afﬂictum,
1363 3988 1680 4043 verberibus
1710 4005 1935 4057 cmsnm,

352 4078 565 4130 catenis
607 4086 834 4140 tentum,
868 4093 931 4132 ac
971 4077 1233 4142 derisum,
1283 4078 1463 4133 crucis
1517 4093 1630 4133 sua:
1676 4080 1934 4147 bajulnm,

353 4167 513 4221 Pilati
538 4166 714 4234 jussu,
751 4167 1057 4224 Judworum
1091 4170 1346 4238 impulsu,
1375 4173 1430 4224 in
1454 4169 1742 4240 Golgotha,
1789 4172 1935 4241 quod

353 4267 436 4311 est
476 4259 739 4314 Caivarize
789 4260 964 4325 locus,
1003 4261 1180 4315 tunica
1215 4271 1459 4327 exutum,
1492 4260 1618 4317 felle
1664 4274 1720 4318 et
1779 4276 1934 4319 aceto

353 4360 618 4418 putatum,
650 4352 830 4407 crucis
853 4353 1095 4421 patibulo
1126 4367 1446 4420 suspensum
1491 4352 1614 4408 neci
1644 4355 1928 4408 dederunt.

353 4443 550 4510 Locus,
586 4448 828 4515 inquam,
879 4445 1146 4501 Calvariae
1190 4447 1389 4510 dictus,
1453 4460 1518 4500 eo
1574 4446 1718 4514 quod
1755 4446 1807 4500 in
1866 4463 1931 4502 eo

2061 1967 2417 2035 prtedicatur;
2468 1981 2590 2020 cum
2649 1968 2931 2038 utriusque
2964 1969 3065 2024 loci
3106 1970 3347 2039 dignitas
3389 1972 3520 2024 satis
3555 1987 3655 2026 ι·εό

2061 2060 2296 2113 verenda
2327 2061 2416 2114 sit.
2450 2061 2644 2126 Locus,
2679 2063 2918 2131 inquam,
2955 2062 3046 2131 qui
3076 2065 3233 2116 modo
3262 2063 3462 2117 Carcer
3491 2063 3653 2117 Citri-

2059 2153 2126 2205 sti
2167 2152 2392 2216 dicitur,
2428 2154 2478 2205 in
2515 2156 2770 2222 passione
2815 2153 2942 2209 Jesu
2985 2158 3308 2223 campestris
3354 2167 3508 2222 erat;
3551 2157 3649 2212 sed

2060 2244 2111 2296 in
2140 2243 2216 2312 lea
2253 2255 2457 2298 moram
2508 2245 2714 2311 habuit,
2780 2247 3016 2314 quandiu
3080 2247 3536 2301 machinabantur
3594 2247 3644 2303 ei

2057 2337 2238 2391 crucis
2268 2337 2642 2406 suspendium.
2692 2336 2786 2392 Illo
2823 2338 3037 2416 quidem
3071 2338 3213 2403 loco,
3258 2340 3501 2394 secundo
3530 2355 3648 2394 ma-

2059 2427 2337 2483 nifestavit
2364 2445 2422 2484 se
2452 2428 2612 2485 Jesus
2653 2429 2836 2484 Maria:
2865 2429 3215 2499 Magdalenae,
3259 2447 3383 2486 cum
3439 2432 3648 2488 rediri!

2057 2521 2126 2575 ab
2163 2521 2373 2576 inferis.
2406 2522 2608 2579 Eadem
2641 2524 2729 2578 die
2747 2524 2861 2592 jam
2895 2524 3205 2580 declinante
3224 2526 3292 2579 ad
3332 2540 3642 2595 vesperam,

2054 2612 2158 2666 sub
2189 2614 2458 2680 peregrini
2493 2615 2678 2682 specie
2734 2614 2978 2678 latitans,-
3015 2614 3268 2683 apparuit
3317 2614 3529 2670 duobus
3563 2617 3649 2669 di-

2055 2705 2280 2776 scipulis
2306 2706 2360 2760 in
2393 2705 2500 2769 via,
2555 2706 2659 2761 sub
2711 2717 3010 2776 conquestu
3039 2707 3106 2762 de
3135 2716 3310 2762 morte
3352 2707 3495 2762 illius
3527 2717 3648 2762 tenv-

2053 2796 2307 2852 dentibus
2337 2796 2645 2866 Nicopolin,
2676 2798 2728 2852 id
2756 2805 2864 2862 est,
2885 2798 3141 2854 Emmaus
3170 2800 3452 2870 oppidum,
3473 2800 3645 2870 septis

2055 2905 2147 2944 mo
2179 2890 2436 2944 milliario
2465 2907 2494 2943 a
2525 2888 2830 2945 Jerusalem
2861 2907 2876 2944 :
2909 2905 3067 2960 quem
3091 2900 3146 2948 et
3176 2893 3248 2948 ibi
3282 2903 3558 2963 receptmn
3585 2895 3642 2950 in

2053 2979 2326 3050 hospitem
2387 2991 2820 3052 recognoverunt
2891 2985 2948 3037 in
3016 2981 3282 3040 l‘ractione
3350 2986 3534 3055 panis;
3585 2994 3643 3042 et

2055 3073 2239 3126 statim
2273 3072 2542 3142 disparuit
2567 3074 2634 3126 ah
2679 3073 2782 3127 eis.
2833 3072 3016 3129 Monte
3058 3072 3190 3129 Sion
3224 3077 3478 3144 apparuit
3506 3091 3642 3146 apo-

2051 3162 2206 3216 stolis
2260 3165 2531 3231 omnibus,
2571 3163 2775 3232 absque
2815 3162 3047 3229 Thoma,
3075 3163 3257 3232 januis
3286 3165 3510 3230 clausis,
3553 3166 3637 3220 di-

2051 3268 2179 3308 cens
2206 3255 2333 3309 eis:
2375 3253 2492 3308 Pax
2535 3257 2677 3310 vobis
2723 3256 2788 3312 ".
2839 3256 3021 3311 Monte
3074 3255 3226 3323 Sion,
3277 3267 3467 3312 octava
3521 3257 3636 3320 die.

2050 3343 2272 3401 Thomas
2319 3363 2442 3400 cum
2479 3347 2605 3415 illis,
2631 3347 2811 3416 ianuis
2846 3347 3052 3404 clausis
3087 3349 3364 3415 omnibus,
3408 3349 3634 3404 vulnera

2047 3450 2145 3491 sua
2191 3437 2459 3507 palpanda
2485 3439 2702 3495 obtulit.
2753 3437 2850 3495 Cui
2903 3439 2980 3494 ait
3037 3438 3278 3495 Thomas
3323 3439 3636 3494 :Dominue

2045 3547 2214 3597 meus,
2241 3542 2287 3584 et
2323 3530 2466 3586 Deus
2512 3548 2656 3585 meus
2691 3532 2759 3587 ³⁸.
2795 3530 2848 3586 In
2891 3529 3115 3587 Galilaaa
3161 3546 3320 3587 secus
3373 3548 3543 3596 mare,
3579 3543 3636 3587 et

2047 3625 2102 3680 in
2133 3623 2265 3679 mari
2310 3625 2595 3694 discipulis
2632 3626 2746 3680 suis
2789 3635 2871 3678 ter
2909 3641 2969 3680 se
3038 3623 3433 3679 manifestavit.
3482 3623 3634 3690 Qua-

2049 3717 2361 3784 dragesimo
2391 3717 2499 3781 die,
2531 3717 2581 3770 in
2615 3725 2796 3770 monte
2842 3715 3061 3779 Oliveti,
3091 3726 3386 3786 susceptus
3408 3733 3438 3771 a
3466 3718 3629 3779 nube,

2049 3807 2302 3861 manibus
2327 3807 2548 3871 erectis,
2570 3806 2738 3861 celos
2766 3808 3032 3861 ascendit.
3067 3808 3495 3878 Quadragesimo
3523 3809 3630 3873 die,

2043 3903 2134 3970 qui
2162 3899 2320 3955 nobis
2348 3899 2612 3967 jubileum
2642 3914 2870 3967 annum,
2907 3900 2960 3954 id
2995 3911 3097 3968 est,
3119 3912 3378 3954 azternam
3407 3901 3634 3954 liberta-

2046 3999 2150 4044 tem
2179 3989 2401 4062 ﬁgurat,
2437 3990 2808 4060 apostolorum
2841 3989 3006 4045 corda
3037 4004 3260 4043 suorum
3292 3988 3628 4042 inﬂammati-'-

2048 4091 2182 4146 tem,
2215 4091 2464 4136 sanctum
2499 4081 2710 4135 remisit
2738 4081 3000 4150 Spiritum
3036 4079 3404 4136 Paractctum.
3443 4079 3627 4136 Monte

2042 4174 2171 4227 Sion
2209 4172 2394 4242 Virgo,
2442 4171 2568 4228 Jesu
2615 4172 2806 4236 Mater,
2855 4173 3070 4228 transiit
3101 4172 3169 4227 de
3215 4174 3439 4242 mundo,
3476 4183 3533 4228 et
3568 4173 3626 4228 in

2038 4263 2304 4333 .losaphat
2331 4266 2398 4320 ab
2425 4254 2685 4334 apostolis
2711 4263 2923 4333 sepulta
2955 4263 3093 4330 fuit;
3126 4264 3249 4318 inde
3286 4279 3312 4316 a
3352 4263 3493 4318 Filio
3523 4268 3625 4318 stio

2038 4371 2198 4424 supra
2228 4357 2424 4411 choros
2449 4355 2762 4426 angelorum
2786 4355 3047 4411 exaltata.
3085 4356 3265 4410 Monte
3297 4356 3428 4411 Sion
3455 4356 3625 4412 David

2038 4462 2154 4514 rex,
2204 4456 2260 4502 et
2314 4446 2598 4513 Salomon,
2657 4448 2860 4518 aliique
2910 4463 3065 4518 reges
3121 4445 3624 4518 Ilierosolymitani,

347 4538 576 4603 calvari,
613 4539 665 4592 id
701 4547 804 4602 est,
840 4537 1082 4592 damnari
1115 4538 1191 4591 rei
1219 4537 1486 4592 solebant.
1513 4537 1776 4594 Calvariaz
1800 4540 1925 4594 dum
1955 4548 2012 4608 ι)
2035 4539 2234 4608 sepulti
2285 4541 2590 4610 quiescunt.
2649 4541 2791 4595 Ante
2849 4549 3062 4611 portam
3121 4539 3448 4604 Jerusalem,
3501 4553 3624 4607 quae

349 4629 403 4683 in
431 4643 595 4684 cruce
640 4638 918 4699 pateretur
944 4627 1124 4694 Jesus,
1170 4626 1397 4684 Matrem
1429 4643 1582 4684 suam
1623 4629 1802 4684 amico
1835 4643 1935 4685 suo

346 4721 747 4774 commendavit
803 4732 859 4774 ut
897 4720 1164 4789 virginem
1217 4721 1406 4790 virgini
1457 4720 1636 4786 Matri,
1689 4721 1874 4786 dicens
1915 4740 1930 4777 :

349 4809 485 4863 Ecce
519 4811 667 4880 ﬁlius
692 4823 814 4865 tuus
849 4813 916 4877 ³³,
944 4823 1056 4867 etc.
1096 4812 1359 4868 Calvariae
1387 4814 1515 4868 dum
1545 4813 1598 4866 in
1631 4829 1794 4868 cruce
1833 4829 1929 4882 pa-

348 4910 555 4957 teretur
598 4906 774 4958 hostia
813 4904 1022 4970 mundi,
1081 4905 1276 4960 latroni
1329 4906 1582 4974 pendenti
1636 4906 1700 4960 ad
1737 4909 1925 4961 dexte-

348 5007 486 5056 ram,
521 4997 586 5046 ah
620 5010 684 5048 eo
724 4995 928 5062 petenti
980 4998 1216 5062 veniam,
1251 4997 1444 5052 stolam
1497 4998 1925 5052 immortalitatis

345 5087 646 5150 promisit:
689 5087 868 5141 crucis
923 5088 978 5142 in
1030 5088 1290 5158 patibulo,
1350 5088 1655 5157 perioratus
1711 5088 1922 5153 IattCea,

344 5176 663 5244 sanguinem
723 5178 904 5232 emisit.
974 5187 1031 5232 et
1091 5193 1310 5248 aquam,
1385 5194 1451 5233 ex
1491 5194 1722 5248 quorum
1779 5179 1924 5233 stilla

342 5268 519 5334 aperti
568 5277 696 5322 sunt
735 5270 883 5324 oculi
947 5269 1201 5342 Longini,
1256 5271 1348 5341 qui
1385 5286 1507 5326 eum
1558 5281 1924 5341 percusserat.

344 5357 456 5413 Sub
489 5361 610 5416 loco
643 5362 906 5418 Calvariae
936 5365 1004 5418 ad
1043 5365 1347 5430 dexteram,
1386 5364 1438 5418 in
1482 5365 1705 5419 introitu
1734 5364 1926 5420 Eccle-

344 5451 461 5519 siae,
493 5455 666 5519 locus,
696 5459 750 5510 in
785 5472 892 5526 quo
929 5456 1128 5528 Ioseph
1171 5460 1484 5528 impetravit
1526 5474 1559 5512 a
1602 5459 1776 5514 Pilato
1805 5475 1929 5516 cor-

344 5560 442 5612 pus
473 5546 625 5612 Jesu,
663 5549 936 5604 sublatum
962 5552 1030 5604 de
1060 5565 1222 5606 cruce
1263 5551 1394 5604 lavit
1423 5540 1738 5605 reverenter
1781 5553 1928 5617 caris

415 5723 461 5753 ³⁸
491 5723 620 5776 Luc.
659 5739 684 5775 χ
699 5738 796 5786 χιι,
821 5723 910 5778 i9.

343 5806 399 5858 x,
428 5793 521 5848 ‘26.
598 5794 642 5824 ³³
676 5794 869 5847 Μαιιιι.
907 5811 1101 5866 xxvm,
1137 5797 1190 5850 7.
1270 5795 1316 5826 ³³
1347 5795 1486 5852 Osee
1519 5813 1638 5865 ant,
1671 5799 1756 5855 ιι.

657 5890 934 5952 ΡΑτιιοι..
967 5892 1083 5952 (in.
1119 5890 1469 5954 CXXXIII.

989 5725 1036 5757 “
1064 5727 1262 5780 Matth.
1295 5741 1442 5790 xxvi,
1470 5726 1563 5782 25.
1639 5729 1684 5759 ³⁷
1716 5727 1850 5785 Ibid.
1882 5729 1945 5783 25

989 5811 1101 5866 vin,
1137 5797 1190 5850 7.
1270 5795 1316 5826 ³³
1347 5795 1486 5852 Osee
1519 5813 1638 5865 xit],
1671 5799 1756 5855 14.
1834 5799 1880 5833 ³⁸
1905 5799 1945 5854 L

2055 5729 2100 5760 ’⁸
2126 5729 2265 5784 Ibid.
2290 5731 2378 5784 '59.
2456 5729 2500 5761 ”
2541 5727 2678 5783 Ibid.
2711 5729 2802 5784 40.
2878 5728 2919 5762 ³⁸

2076 5816 2226 5866 ιιιιν,
2256 5801 2349 5857 56.
2426 5800 2469 5832 ³⁸
2496 5798 2656 5858 JOan.
2694 5815 2787 5870 xx,
2826 5800 2919 5856 28.

2038 4631 2258 4699 respicit
2293 4646 2545 4687 occasum
2575 4635 2587 4651 ‘
2617 4633 2745 4686 urbs
2773 4641 2961 4686 sancta
2989 4629 3182 4693 Israel,
3204 4631 3358 4686 saxis
3389 4631 3620 4684 obrutus

2033 4721 2230 4778 beatus
2260 4723 2576 4794 Stephanus
2599 4732 2968 4794 protomartyr
2990 4722 3147 4787 obiit,-
3174 4723 3302 4777 inde
3324 4722 3620 4776 translatus

2035 4817 2090 4870 in
2127 4815 2286 4883 Sion,
2315 4827 2369 4870 et
2415 4817 2661 4886 sepultus
2707 4818 2847 4870 inter
2873 4815 3233 4871 Nicodemum
3282 4828 3337 4870 et
3361 4814 3616 4879 Habilon,

2027 4916 2082 4962 et
2135 4907 2527 4975 Gamalieletn;
2581 4916 2771 4977 postea
2831 4905 3339 4976 Constantinopolin
3378 4923 3393 4961 :
3432 4906 3616 4958 Romae

2035 4998 2106 5053 ad
2138 4999 2387 5053 ultimum
2425 4998 2582 5054 beato
2635 4996 2932 5053 Laurentio
2984 4996 3414 5052 contumulatus.
3459 4993 3618 5050 Unde

2033 5102 2088 5143 et
2119 5090 2173 5144 in
2207 5090 2416 5145 tumulo
2439 5091 2696 5146 scribitur
2728 5108 2742 5144 :
2780 5090 2912 5156 Quae
2950 5087 3080 5144 Sion
3107 5090 3296 5143 occidit
3323 5087 3469 5140 nobis
3495 5085 3616 5139 bis‘

2027 5192 2214 5236 austra
2274 5184 2436 5238 misit.
2498 5185 2638 5239 Ante
2680 5193 2886 5252 portam
2945 5183 3269 5246 Jerusalem,
3315 5181 3467 5250 juxta
3528 5179 3616 5232 lo-

2029 5289 2149 5327 cum
2197 5275 2292 5344 qui
2341 5275 2568 5345 respicit
2619 5274 2904 5329 meridiem
2935 5288 3103 5328 cavea
3151 5271 3264 5336 illa,
3299 5272 3349 5324 in
3387 5287 3492 5340 qua
3523 5270 3612 5324 leo

2029 5365 2272 5435 quidam,
2320 5367 2480 5436 jussu
2542 5367 2636 5422 Dei
2695 5366 3112 5436 omnipotentis,
3147 5373 3446 5435 martyrum
3497 5365 3612 5418 fere

2029 5455 2312 5511 duodecim
2351 5456 2520 5511 millia
2558 5457 2659 5514 sub
2692 5457 2930 5512 Cosrhoe
2964 5464 3262 5526 perempta,
3299 5471 3406 5511 una
3453 5470 3613 5512 noete

2033 5551 2222 5610 detulit
2266 5569 2278 5604 :
2319 5554 2462 5607 unde
2515 5563 2570 5607 et
2631 5567 2863 5607 caverna
2914 5552 3088 5606 leonis
3155 5552 3377 5606 dicitur.
3442 5553 3612 5607 Sexto

2055 5729 2100 5760 ³⁸
2126 5729 2265 5784 Ibid.
2290 5731 2378 5784 '59.
2456 5729 2500 5761 ²⁹
2541 5727 2678 5783 Ibid.
2711 5729 2802 5784 40.
2878 5728 2922 5762 ³⁸
2956 5727 3092 5783 Ibid.
3135 5725 3227 5781 48.
3306 5729 3525 5786 “Joau.
3557 5747 3609 5786 XI

3202 5888 3279 5998 5’3
