4042 6426
420 382 556 457 1003
658 383 665 387 ’

1637 389 2036 451 TIIEODOBI
2076 389 2479 451 PRODROMI

3533 390 3667 453 1004

418 505 673 565 milliaria
730 517 758 556 a
818 499 1146 564 Jerusalem,
1193 499 1301 564 via,
1338 514 1459 568 quae
1507 500 1651 553 ducit
1707 500 1992 564 llamatha,
2023 506 2074 564 Α
2104 499 2291 564 David,
2326 500 2567 553 miserere
2593 500 2694 552 mei
2718 498 2783 562 ”,
2808 498 2874 552 ab
2897 513 2961 553 eo
2989 498 3284 555 illuminari
3318 501 3538 566 meruit,
3562 510 3673 556 tam

414 615 570 657 mons
609 595 790 652 Modin
816 610 834 661 ;
871 610 935 649 ex
963 608 1070 663 qua
1102 590 1453 656 Malhathias,
1477 601 1628 660 pater
1657 591 1994 646 Machabara—

414 705 568 752 rum;
606 689 658 741 in
682 700 791 756 quo
817 683 1014 751 sepulti
1041 683 1357 750 quiescunt,
1384 695 1570 736 eorum
1599 682 1777 735 adlmc
1825 697 1994 751 appa-

416 784 660 839 rentibus
711 776 959 834 tumulis.
1016 775 1221 830 Octavo
1275 773 1531 827 milliaria
1583 788 1611 825 a
1647 772 1851 833 Madin.
1907 772 1990 826 via

417 888 536 945 quae
565 871 717 928 ducit
771 869 1004 938 Joppen,
1066 865 1261 929 Lidda,
1319 880 1441 934 quae
1500 874 1554 919 et
1590 864 1854 934 Diospolis
1889 882 1903 918 :
1939 865 1991 915 iu

416 981 522 1037 qua
553 977 751 1032 corpus
778 961 923 1015 beati
976 956 1195 1027 Georgii
1226 957 1492 1025 sepultura
1546 955 1718 1010 fuisse
1767 953 1996 1007 manife-

418 1064 615 1112 statur.
645 1051 904 1107 Milliaria
945 1063 976 1102 a
1010 1047 1302 1109 Ramatha,
1340 1047 1501 1100 tertio
1537 1046 1795 1100 milliaria
1831 1062 1858 1097 a
1898 1044 1996 1099 Be—

420 1148 641 1212 thleem,
666 1143 888 1200 Thecue
917 1140 1196 1211 oppidum,
1241 1153 1301 1193 ex
1335 1154 1442 1208 qua
1472 1138 1636 1192 Amos
1685 1139 1946 1207 propheta
1977 1153 1991 1191 :

418 1239 512 1311 qui
543 1247 597 1292 et
628 1237 704 1293 ibi
737 1235 978 1306 sepultus
1023 1233 1278 1304 quiescit.
1308 1231 1512 1297 Quarto
1540 1230 1795 1284 milliaria
1842 1245 1872 1282 a
1900 1227 1995 1283 Je-

420 1329 655 1385 rusalem
686 1328 754 1381 ad
803 1334 1075 1390 austrum,
1100 1323 1353 1393 oppidum
1407 1322 1558 1386 illud,
1591 1322 1643 1374 in
1680 1336 1788 1390 qua
1813 1335 1994 1375 mara-

421 1424 583 1477 batur
608 1417 904 1473 Zacharias
955 1424 1083 1471 tunc
1133 1416 1415 1482 temporis,
1478 1428 1604 1467 cum
1639 1412 1813 1467 Mater
1864 1411 1993 1467 Jesu

420 1511 609 1574 Maria,
650 1509 935 1571 festinans,
964 1506 1074 1574 jam
1109 1507 1313 1561 habens
1364 1508 1415 1559 in
1451 1516 1605 1560 utero
1639 1503 1837 1559 Filium
1872 1504 1993 1570 Dei,

422 1601 569 1657 venit
593 1602 657 1655 ad
685 1596 1020 1654 salutandam
1047 1596 1340 1660 Elisabeth,
1367 1604 1649 1664 cognatam
1676 1611 1852 1659 suam,
1871 1610 1994 1664 quae

2098 590 2329 645 interius
2357 604 2517 660 quam
2551 590 2808 645 exterius.
2841 587 3027 643 Tertia
3074 589 3331 645 milliaria
3363 605 3393 644 a
3427 587 3673 656 Iericho,

2097 682 2336 737 secunda
2384 681 2637 736 milliaria
2686 698 2714 734 a
2771 681 3052 749 Bethagla,
3099 682 3244 750 quod
3282 682 3679 751 interpretatur

2099 774 2244 827 locus
2274 776 2409 843 gyri,
2442 788 2506 828 eo
2536 773 2678 842 quod
2721 772 2791 827 ibi
2843 786 2995 827 more
3047 773 3415 844 plangentium
3449 773 3678 830 circuis-

2098 873 2216 919 sent
2245 864 2431 918 {littera
2465 864 2658 928 Jacob,
2700 864 2793 918 lilii
2824 864 2940 932 ejus
2968 874 3021 920 et
3052 881 3187 937 gens
3221 880 3342 932 sua,
3377 865 3676 923 referentes

2098 971 2218 1008 eum
2252 956 2319 1010 de
2351 954 2587 1026 [Egypto
2610 956 2660 1009 in
2691 953 2926 1011 llebron.
2961 956 3200 1025 Engaddi
3244 957 3295 1010 in
3336 958 3478 1012 tribu
3515 954 3678 1023 Iuda,

2100 1046 2187 1099 ubi
2248 1046 2533 1100 abscondit
2578 1060 2636 1099 se
2679 1044 2845 1100 David
2894 1046 2946 1099 in
2999 1046 3316 1113 solitudine,
3360 1062 3484 1117 qua:
3506 1049 3676 1104 estin

2098 1138 2293 1191 auloue
2319 1138 2339 1159 '
2371 1136 2609 1202 Jericbo,
2643 1139 2746 1191 hac
2773 1148 2875 1199 est,
2901 1138 2954 1191 in
2989 1139 3208 1208 regione
3245 1139 3333 1193 illa
3359 1139 3677 1209 campestri,

2099 1228 2165 1283 de
2188 1244 2291 1297 qua
2316 1244 2475 1296 supra
2513 1230 2768 1284 diximus.
2799 1228 3042 1284 Vocatur
3069 1231 3218 1286 vicus
3241 1231 3331 1286 ille
3353 1234 3676 1302 pergrandis

2098 1317 2430 1374 Judaeornm.
2471 1319 2524 1373 In
2571 1320 2756 1374 Gatlda
2799 1321 2953 1390 juxta
2987 1336 3136 1376 mare
3179 1321 3474 1387 Mat-tuum,
3500 1322 3681 1377 balsa-

2100 1426 2246 1465 mum
2298 1410 2481 1465 allerri
2515 1413 2725 1466 solebat
2769 1425 2824 1467 et
2853 1414 3007 1469 oriri.
3043 1412 3198 1468 Unde
3250 1423 3305 1468 et
3361 1415 3535 1471 vinea:
3561 1414 3676 1468 En-

2099 1502 2259 1573 gaddi
2305 1513 2704 1572 nuncupantur.
2760 1504 2963 1559 Octava
3013 1505 3263 1561 milliaria
3325 1521 3354 1559 a
3408 1503 3679 1561 Nazarcth

2100 1601 2289 1648 contra
2316 1592 2623 1648 Carmelum
2673 1595 2844 1650 Cham
2896 1612 3088 1664 mons;
3119 1598 3186 1653 ad
3231 1598 3471 1654 radicem
3502 1599 3678 1669 cujus,

424 1701 542 1747 erat
584 1689 808 1760 gravida
846 1685 1058 1742 Joanne
1091 1687 1375 1757 Baptista;
1409 1701 1569 1755 quem
1601 1686 1676 1741 ibi
1711 1693 1766 1740 et
1809 1696 1995 1741 natum
2096 1688 2253 1758 juxta
2294 1687 2522 1754 fontem,
2565 1688 2826 1752 Lamech,
2863 1699 3012 1759 pater
3040 1689 3173 1756 Noe,
3201 1692 3393 1759 sagitta
3426 1706 3521 1746 sua
3552 1706 3681 1760 per-

370 1845 383 1855 .
426 1783 590 1837 fuisse
633 1780 938 1850 perhibent.
973 1778 1192 1832 Decimo
1225 1779 1385 1832 tertio
1415 1776 1668 1832 milliaria
1710 1792 1739 1831 a
1781 1777 1995 1833 Jerusa~

2102 1779 2237 1833 emit
2269 1778 2424 1841 Cain,
2471 1794 2711 1847 arcuque
2746 1796 2843 1834 suo
2870 1781 3061 1834 ducem
3106 1797 3284 1837 suum.
3318 1781 3473 1839 Unde
3497 1775 3683 1838 furore

423 1877 522 1928 lem
556 1846 744 1928 contra
782 1873 1022 1935 boream,
1054 1866 1296 1933 lericha,
1335 1883 1403 1922 ex
1449 1883 1556 1937 qua
1590 1868 1779 1923 Rabab
1814 1882 1993 1923 mere-
2030 1846 2070 1903 Β
2104 1870 2362 1939 repletus,
2419 1881 2473 1925 et
2523 1846 2715 1935 iratus,
2775 1873 2852 1926 ait
2884 1889 2898 1925 :
2927 1872 3107 1927 Occidi
3160 1874 3333 1946 virum
3382 1877 3438 1929 in
3489 1875 3682 1929 vulnus

322 1988 330 1995 -
425 1966 554 2029 trix,
584 1979 702 2034 quae
737 1963 973 2031 hospitia
998 1961 1236 2030 suscepit
1262 1970 1317 2014 et
1354 1962 1502 2029 pavit
1528 1961 1995 2030 celavitque:qua-

425 2070 547 2111 tuor
600 2054 979 2124 exploratores
1054 2061 1213 2107 terrae
1268 2051 1669 2122 promissionis.
1738 2051 1820 2106 Ex
1890 2067 1996 2121 qua

419 2146 681 2201 Zachaeus
732 2153 939 2201 statura
974 2144 1239 2214 .pusillus,
1290 2143 1516 2199 audiens
1566 2141 1770 2208 Jesum,
1816 2153 1999 2213 partes

418 2239 540 2293 illas
569 2236 1060 2307 perambulantem,
1090 2233 1706 2305 sycamorum‘arborem
1732 2236 1995 2301 ascendit,

419 2339 496 2394 et,
533 2340 589 2383 ut
622 2329 911 2386 Da'minum
938 2328 1171 2393 videret,
1201 2336 1258 2383 et
1305 2343 1426 2382 cum
1469 2342 1538 2382 eo
1568 2329 1905 2397 loqueretur,
1939 2343 2000 2384 se

418 2420 699 2486 indicavit,
732 2429 921 2490 petens
953 2421 1204 2485 veniam;
1230 2434 1294 2473 ex
1331 2435 1436 2489 qua
1466 2429 1521 2472 et
1550 2419 1723 2489 pueri,
1750 2420 1839 2488 qui
1873 2420 2000 2475 bea-

425 2511 848 2575 tum‘Elisaeum,
888 2509 1316 2580 Hierosolymam
1345 2504 1755 2575 ascendentem,
1790 2509 2003 2566 derise-

424 2610 551 2656 runt
584 2602 958 2657 exclamantes
992 2617 1008 2655 :
1044 2601 1285 2655 Ascende
1308 2599 1474 2664 calve,
1510 2600 1734 2654 ascende
1755 2600 1901 2655 calve
1927 2601 1994 2655 ".

424 2691 679 2747 Secunda
715 2691 896 2761 lapide
933 2706 962 2745 a
994 2688 1215 2747 Jericha
1266 2692 1333 2746 ad
1365 2699 1632 2757 austrum,
1672 2703 1752 2748 est
1808 2694 1998 2749 deser-

426 2794 567 2848 tum,
599 2784 742 2853 quod
775 2783 1124 2849 Quarantena
1157 2792 1402 2849 vocatur,
1455 2785 1508 2839 in
1536 2800 1646 2855 quo
1671 2785 1830 2841 Jesus
1860 2801 1999 2855 qua-

422 2876 671 2945 draginta
731 2874 923 2930 diebus
982 2874 1321 2944 totidemque
1394 2877 1647 2932 noctibus
1702 2878 1997 2946 jejunavit,

422 2983 658 3038 eumque
691 2968 761 3023 ibi
788 2970 1116 3023 esurientem
1154 2976 1375 3024 tentans
1404 2969 1676 3035 diabolus,
1710 2972 1785 3023 ait
1823 2988 1838 3026 :
1879 2970 1997 3034 Dic,

421 3071 478 3115 lu
521 3061 722 3130 lapides
767 3061 859 3115 iui
897 3076 1058 3129 panes
1110 3060 1244 3128 ﬁant
1280 3061 1348 3115 ³⁷.
1384 3060 1639 3116 Secundo
1693 3062 1999 3118 milliarioa

421 3149 774 3216 Quarantena
808 3156 999 3204 contra
1046 3149 1348 3215 Galilaeam,
1387 3165 1544 3206 mons
1591 3150 1847 3206 excelsus
1887 3151 1996 3216 ille,
2027 3175 2071 3236 ρ

422 3244 480 3297 in
514 3258 624 3312 qua
659 3243 857 3298 iterum
893 3241 1145 3298 diabolus
1197 3245 1428 3298 tentavit
1455 3241 1665 3309 Jesum,
1700 3246 1995 3299 ostendens

420 3335 471 3389 ei
506 3335 686 3389 omnia
740 3349 903 3402 regna
944 3335 1159 3402 mundi,
1199 3344 1256 3389 et
1305 3336 1604 3406 inquiens:
1643 3334 1775 3391 ch
1817 3336 1996 3390 omnia

421 3425 517 3480 tibi
542 3425 703 3491 dabo,
752 3427 799 3479 si
827 3427 1019 3480 cadens
1061 3427 1368 3481 adaraveris
1397 3443 1477 3482 me
1497 3427 1563 3482 ³⁸ε
1616 3426 1728 3483 Sub
1749 3427 1999 3494 Quaran-

420 3525 569 3582 tena,
611 3515 777 3573 fontis
811 3517 958 3571 illius
998 3517 1231 3581 rivulus,
1266 3532 1426 3586 quem
1487 3519 1684 3572 beatus
1747 3518 1996 3583 Eliszeus,

422 3609 544 3678 ejus
581 3616 770 3662 sanata
811 3609 1125 3673 sterilitate,
1179 3608 1247 3663 de
1286 3623 1473 3664 amara
1497 3610 1787 3678 potabilcm
1826 3611 2003 3665 reddi.

424 3700 523 3753 dit.
574 3698 717 3754 Ante
761 3696 1005 3765 Iericho,
1056 3714 1219 3756 secus
1250 3700 1417 3765 viam,
1469 3716 1644 3756 caecus
1699 3702 1999 3766 mendicus,

426 3786 653 3843 audiens
692 3791 834 3858 quod
886 3786 1046 3846 Jesus
1102 3788 1377 3855 transiret,
1425 3789 1703 3845 clamans:
1734 3788 1884 3857 Jesu,
1917 3791 2002 3860 ﬁli

493 3946 648 4021 “__IV
682 3947 818 4021 Reg.
862 3965 926 4016 ll,
966 3950 1055 4006 25.

385 4020 390 4025 η
493 3950 648 4025 "__IV
682 3950 818 4021 Reg.
862 3965 926 4016 ll,
966 3950 1055 4006 25.
1160 3951 1206 3984 "’
1236 3950 1430 4009 Matth.
1467 3969 1539 4023 tv,
1575 3954 1631 4010 ὅ.

423 4032 520 4087 vn,
555 4018 610 4074 5.

1730 3956 1774 4005 ’9
1801 3955 1936 4012 Ibid.
1977 3958 2031 4014 9.

2101 1978 2292 2028 meum,
2318 1970 2368 2016 et
2397 1963 2841 2016 adolescentulum
2873 1965 2928 2017 in
2959 1964 3175 2020 livorem
3202 1981 3373 2019 meum
3399 1966 3467 2020 “.
3493 1958 3682 2020 Tertio

2102 2053 2352 2106 milliaria
2406 2068 2434 2105 a
2479 2052 2611 2106 Cain
2644 2064 2850 2117 mante,
2877 2068 3038 2107 mons
3085 2054 3343 2121 Carmeli,
3373 2056 3438 2111 de
3479 2070 3588 2125 qua
3621 2055 3683 2110 in

2099 2144 2339 2200 Canticis
2374 2161 2390 2197 :
2419 2144 2627 2201 Collum
2662 2154 2834 2211 tuum,
2869 2156 2921 2198 ut
2969 2146 3240 2201 Carmelus
3277 2148 3354 2215 ll";
3404 2149 3457 2202 in
3489 2162 3599 2218 quo
3622 2157 3683 2203 et

2102 2251 2197 2303 per
2232 2236 2460 2290 multum
2520 2238 2783 2305 temporis
2847 2239 3083 2306 spatium
3141 2240 3456 2295 conversari
3508 2240 3682 2296 voluit

2102 2331 2290 2383 beatus
2332 2329 2500 2394 Elius,
2564 2330 2789 2399 ejusque
2836 2331 3134 2399 discipulus
3184 2348 3305 2387 cum
3356 2334 3684 2399 eo,.beatus

2112 2420 2356 2475 Elisarus.
2384 2420 2626 2490 Septimo
2660 2421 2909 2474 milliaria
2931 2437 2960 2474 a
2978 2422 3247 2477 Nazaretlt
3274 2422 3679 2479 contra'Geni--~
3738 2401 3762 2415 ’

2104 2513 2290 2575 mium,
2320 2511 2515 2576 Gaver,
2538 2512 2687 2565 locus
2711 2513 2764 2565 in
2787 2529 2894 2581 quo
2916 2513 3049 2567 Jehu
3087 2530 3176 2569 rex
3207 2516 3370 2570 Israel
3414 2516 3683 2585 percussit

2106 2603 2400 2657 Uchoziam
2433 2615 2613 2669 regem
2663 2600 2882 2655 ludam.
2919 2600 3136 2663 Decimo
3175 2612 3331 2658 sexta
3370 2602 3622 2656 milliaria
3648 2618 3678 2656 a

2104 2689 2374 2745 Nazaretb
2430 2701 2620 2744 contra
2688 2691 2952 2743 orientem
3000 2704 3161 2760 supra
3209 2706 3359 2746 mare
3418 2676 3679 2757 Gallinae,

2102 2783 2361 2854 Gergesa,
2391 2784 2598 2838 viculus
2640 2784 2751 2847 ille,
2788 2783 2841 2837 in
2894 2798 3004 2852 quo
3065 2782 3315 2836 Salvator
3369 2798 3467 2839 eos
3498 2785 3589 2853 qui
3648 2805 3677 2838 ει

2103 2876 2443 2931 daemonibus
2477 2874 2839 2938 vexabantur,
2903 2875 3121 2929 sanitati
3161 2875 3438 2940 restituit;
3464 2889 3533 2929 ex
3568 2889 3680 2944 quo

2103 2975 2159 3021 et
2182 2969 2236 3020 in
2270 2967 2412 3021 mari
2452 2966 2601 3036 porci
2652 2965 2975 3035 praecipitati
3024 2966 3231 3020 abiere.
3267 2967 3492 3021 Decimo
3521 2978 3707 3021 sexta.

2105 3058 2358 3112 milliaria
2388 3069 2569 3112 monte
2595 3057 2826 3112 Carmeli
2850 3066 3043 3112 contra
3072 3058 3381 3125 meridiem,
3408 3057 3681 3123 Caesarea,

2103 3150 2406 3207 Palaestinae
2439 3150 2779 3219 metropolis,
2829 3165 2895 3204 ex
2955 3165 3060 3219 qua
3095 3150 3381 3205 Cornelius
3411 3151 3683 3215 centuria,

2103 3257 2264 3312 quem
2297 3241 2349 3295 in
2381 3256 2446 3296 ea
2481 3242 2777 3311 baptizavit
2822 3242 3016 3295 beatus
3052 3241 3268 3307 Petrus,
3295 3253 3350 3297 et
3380 3245 3588 3299 creavit
3622 3244 3679 3298 in

2103 3334 2450 3405 episcopum:
2478 3334 2529 3386 in
2557 3349 2662 3403 qua
2694 3342 2748 3388 et
2785 3334 2952 3388 turris
2981 3333 3276 3413 Stratonis,
3312 3351 3476 3404 quam
3507 3335 3681 3391 Heru-

2106 3427 2204 3483 des
2252 3438 2442 3481 contra
2485 3428 2778 3482 adventum
2829 3428 3053 3498 Augusti
3084 3427 3318 3484 Caesaris
3371 3430 3682 3485 construxit

2109 3522 2175 3575 de
2225 3518 2347 3573 albo
2404 3534 2708 3585 marmore;
2756 3529 2812 3574 et
2860 3521 3088 3584 turrim,
3142 3534 3264 3589 qua:
3313 3521 3680 3589 supereminet

2107 3607 2519 3679 Hierosolymis,
2568 3609 2682 3679 ipse
2729 3608 2992 3675 Herodes,
3043 3625 3165 3679 quae
3204 3620 3260 3667 et
3293 3614 3461 3666 turris
3509 3610 3679 3665 David

2105 3702 2329 3767 dicitur,
2357 3701 2595 3770 Josepbo
2635 3707 2950 3767 attestante,
2986 3700 3278 3757 fabricavit
3308 3717 3540 3774 eamque
3565 3702 3681 3756 An-

2109 3793 2310 3849 toniam
2337 3791 2571 3848 vocavit.

2138 3956 2181 3989 ”
2240 3954 2565 4022 Matth-Ix,
2624 3953 2716 4008 27.
2823 3955 2870 3987 ⁸⁰
2915 3951 3053 4010 Gen.
3110 3969 3187 4021 tv,
3243 3951 3334 4009 25.
3433 3950 3476 3984 "
3514 3949 3679 4007 Cant.

436 4206 3673 4261 Μ

1611 4392 1762 4436 POST
1792 4391 2050 4437 MEDIUII
2089 4390 2396 4435 δείξοιοΜ
2432 4391 2519 4435 XII

632 4571 1969 4752 THEODORUS

2120 4561 3459 4750 PBODBOMUS

1807 5014 2313 5105 ΝΟΤΙΤΙΑ

835 5193 928 5256 (Ex
954 5191 1122 5241 Leone
1156 5190 1338 5241 Allatio
1367 5191 1434 5239 De
1460 5185 1733 5240 Theudoris
1766 5202 1900 5239 num.
1933 5188 2099 5252 CXVI,
2129 5202 2206 5251 ap.
2239 5188 2415 5238 Maium
2440 5187 2490 5239 in
2520 5189 2646 5241 Bibl.
2674 5193 2806 5244 Nov.
2838 5193 2981 5244 Patr.
3007 5195 3128 5245 tam.
3155 5192 3256 5259 Vl.)

492 5436 810 5497 Theodorus
856 5444 1204 5512 Prodromus,
1241 5446 1355 5500 sive
1409 5446 1955 5515 Ptochoprodromus,
1989 5448 2060 5501 ita
2092 5446 2233 5502 enim
2262 5446 2559 5513 saepissime
2592 5444 2647 5501 in
2705 5447 3092 5518 manuscriptis
3136 5446 3477 5521 exprimitur,
3515 5443 3676 5502 Chri-

423 5529 614 5589 stianis
646 5537 962 5605 parentibus
993 5549 1168 5605 ortus,
1200 5539 1360 5596 bonis
1391 5540 1604 5611 piisque
1633 5539 1937 5610 disciplinis
1965 5541 2276 5597 instruitur.
2310 5541 2428 5610 Ipse
2456 5526 2601 5596 enim
2635 5540 2703 5597 de
2728 5554 2788 5597 se
2825 5540 2997 5602 dicit:

1477 5655 1573 5718 Ὃς
1600 5655 1851 5727 πατέρων
1898 5650 1996 5725 μὲν
2027 5656 2221 5725 ὲξέφυν
2258 5656 2584 5725 θεοφρόνων,

1465 5727 1577 5798 [Sal
1603 5726 1786 5798 πίστιν
1813 5727 1877 5781 ἐκ
1914 5742 1983 5798 τε
2015 5727 2357 5798 πραγμάτων
2393 5726 2769 5781 πιστουαένων

1468 5795 1580 5849 Καὶ
1604 5796 1830 5859 κλῆσεσι
1854 5795 2088 5859 μάλιστὰ
2118 5795 2544 5863 χριστωνυμξαςυ
