4042 6400
416 421 556 486 me)
1681 420 1996 484 OPERUM
2042 423 2432 485 REGE-N310.
3529 409 3661 473 1010

491 533 786 604 Ἐξήγησις
813 535 892 599 εἰς
915 535 1042 599 τοὺς
1068 535 1126 589 ἐν
1153 535 1270 598 ταῖς
1300 535 1474 606 ἱεραῖς
1507 534 1866 599 Δεσποτικαῖς
1909 536 2126 606 ἑορταῖς
2154 535 2475 597 ὲκτεθέντας
2501 534 2732 596 κανῦνας
2769 532 2920 602 παρὰ
2970 531 3078 583 τῶν
3137 527 3306 597 ἁγίων
3357 526 3451 580 καὶ
3485 525 3667 593 σοφῶν

408 629 650 699 ποιητῶν
682 632 882 702 Κοσμᾶ
914 634 1009 687 καὶ
1044 628 1296 687 Ἰωάννου
1344 631 1440 687 τοῦ
1489 633 1876 703 Δαμασκηνοῦ.
1935 634 2004 701 II;

2071 635 2230 702 ιίμ-ιον
2263 633 2345 696 εἰς
2377 632 2467 685 τὸν
2491 632 2952 703 Ὀριρανοτρόξοτμ
2982 628 3265 699 Expositio
3317 626 3373 679 in
3445 637 3667 676 canones

406 717 710 774 sanctorum
739 733 787 776 et
820 724 1139 792 sapientium
1161 735 1432 794 poetarum
1463 725 1664 779 Cosma:
1695 735 1739 778 et
1783 723 2015 778 Joannis
2047 724 2367 779 Damasceni
2391 724 2541 794 (quos
2593 724 2673 778 illi
2700 731 3101 793 composuerunt
3160 723 3213 775 in
3245 734 3427 773 sacras
3456 715 3669 770 Domini

406 813 575 866 ηὸτινὶ
597 814 1000 887 solemnitates.)
1037 817 1350 872 Proazmium
1375 819 1444 871 ad
1487 818 2002 886 Orpltanotrophum.

2075 823 2103 870 ⁵.
2137 819 2382 884 Ἔοικας,
2414 817 2666 886 ἄνθρωπε
2699 815 2794 869 τοῦ
2825 815 2982 878 Θεοῦ,
3011 815 3149 884 πρὸς
3187 813 3286 882 τὴν
3310 809 3420 862 τῶν
3459 809 3518 861 ἐν
3548 807 3671 870 ταῖς

408 903 777 968 Δεσποτικαῖς
807 907 901 959 καὶ
927 906 1282 976 δημοτελέσιν
1312 911 1546 980 ἑορταῖς.
1579 909 1907 964 Posseviuus
1937 910 1988 963 in

2068 910 2385 965 paucissimis
2413 908 2595 964 verbis
2623 909 2790 962 variis
2819 908 3097 963 erroribus
3127 908 3383 960 lectorem
3421 900 3614 956 imbult
3652 919 3664 952 :

412 996 720 1054 Theodorus
749 1018 952 1070 pauper
983 1003 1234 1069 explicuit
1268 1004 1750 1070 interpretationem
1780 1005 1902 1058 libri
1928 1003 2157 1059 Joannis
2186 1001 2506 1057 Damasceni
2527 1002 2618 1072 qui
2666 1001 2938 1056 octoechus
2972 1001 3190 1054 dicitur.
3223 999 3541 1054 Theodorus
3571 995 3672 1048 iste

411 1103 622 1160 pauper
654 1107 760 1146 non
818 1095 955 1148 alius
991 1095 1098 1148 fuit
1139 1109 1167 1149 a
1217 1096 1538 1152 Prodromo.
1572 1095 1710 1150 Nam
1766 1095 1870 1152 iste
1919 1095 2172 1166 pauperis
2204 1094 2364 1148 etiam
2397 1095 2498 1149 sibi
2524 1094 2687 1148 veluti
2740 1108 3039 1163 cognomen
3093 1089 3351 1145 adnexuit
3393 1108 3406 1144 :
3442 1089 3674 1156 indeque

326 1219 328 1221 ›
409 1175 611 1239 factum
636 1187 1156 1257 πτωχοπρόδρομος,
1193 1202 1384 1258 nempe
1419 1204 1619 1256 pauper
1652 1187 1996 1243 Prodromus.
2043 1186 2112 1240 Et
2152 1195 2270 1240 erat
2338 1203 2464 1242 vere
2492 1187 2804 1244 conditione
2847 1187 3012 1240 miser
3034 1199 3098 1238 ae
3128 1196 3349 1252 pauper.
3381 1179 3668 1233 Somnium

408 1291 618 1331 merum
650 1287 752 1345 est,
783 1277 1155 1347 Interpretatio
1186 1280 1310 1333 libri
1332 1279 1668 1335 Damasceni.
1710 1280 1925 1335 Nullum
1953 1283 2096 1336 enim
2123 1282 2210 1335 ille
2239 1281 2396 1335 titulo
2423 1279 2668 1335 Octoech'i
2707 1279 2947 1348 scripsit.
2983 1275 3314 1340 Octoechns,
3351 1288 3507 1342 quem
3541 1272 3644 1325 Pro

408 1369 635 1423 dromus
663 1369 1037 1438 explieaverit,
1069 1371 1196 1430 quid
1229 1381 1530 1426 monstrum
1566 1373 1656 1437 sit,
1683 1373 1914 1440 explicet
1969 1372 2318 1428 Possevinus.
2379 1371 2445 1426 Et
2491 1373 2808 1426 oetoechum
2839 1370 3070 1426 Joannis
3103 1383 3261 1437 Opus.
3293 1368 3539 1422 octoechi
3569 1380 3670 1418 no-

409 1459 574 1522 mine,
607 1457 751 1525 quod
783 1461 1026 1529 nuspiam
1059 1472 1162 1525 est,
1192 1461 1386 1515 misere
1418 1459 1660 1516 fmdavit.
1689 1461 1868 1527 Quare
1895 1463 2156 1516 sententia
2195 1464 2265 1516 ita
2295 1463 2614 1532 corrigenda
2647 1471 2769 1518 est:
2803 1460 3109 1515 Theodorus
3154 1458 3673 1530 PtochOprodt-omns

408 1550 784 1617 interpretatus
806 1562 882 1607 est
923 1552 1150 1608 Joannis
1186 1553 1502 1608 Damasceni
1528 1554 1748 1621 librum,
1791 1558 1881 1626 qui
1907 1557 2186 1612 octoechus
2216 1556 2434 1611 dicitur.
2471 1556 2576 1612 Sed
2621 1557 2674 1612 id
2725 1572 2942 1628 quoque
2983 1554 3174 1609 falsum
3237 1554 3362 1608 erit.
3409 1553 3670 1620 Quamvis

408 1643 552 1696 enim
589 1643 690 1698 iste
713 1643 1048 1700 Prodromus
1075 1645 1357 1715 scripserit
1391 1647 1894 1716 interpretationem
1930 1649 1980 1704 in
2009 1665 2247 1705 canones
2279 1650 2490 1705 Cosmae
2515 1658 2572 1706 et
2598 1649 2914 1704 Damasceni
2944 1649 3044 1719 (ι),
3076 1663 3213 1718 quos
3243 1647 3313 1700 illi
3361 1648 3412 1702 in
3448 1647 3664 1701 Domini

408 1733 584 1788 nostri
611 1735 878 1792 solemnes
924 1737 1040 1791 dies
1073 1737 1237 1791 festos
1269 1740 1687 1802 concinnarunt,
1744 1756 2017 1809 nunquam
2070 1750 2249 1796 tamen
2304 1743 2406 1812 legi
2453 1746 2703 1798 eumdem
2758 1741 3070 1795 Dumasceui
3124 1739 3444 1795 Octoechum
3489 1739 3660 1794 inter-

412 1833 706 1894 pretatum,
736 1843 899 1897 quem
931 1829 1204 1885 fusissimo
1226 1833 1620 1885 commentario
1663 1831 1903 1886 Joannes
1955 1833 2203 1890 Zonaras
2231 1835 2545 1902 explicavit.
2581 1833 2718 1889 Cum
2752 1833 2956 1903 reliqua
3012 1836 3282 1901 peregerit
3317 1831 3666 1893 Prodromus,

413 1917 591 1984 potuit
650 1928 705 1972 et
759 1919 899 1973 hanc
951 1937 1167 1992 quoque
1228 1923 1730 1992 interpretationem
1765 1926 2062 1994 perlicere;
2102 1927 2195 1982 sed
2230 1941 2348 1982 eam
2389 1926 2454 1981 ad
2495 1927 2638 1982 hunc
2669 1940 2839 1996 usque
2878 1924 3018 1978 diem
3055 1924 3202 1978 nulla
3248 1923 3300 1976 in
3336 1924 3664 1979 bibliotheca

410 2008 680 2079 signatam
705 2011 839 2066 vidi.
880 2012 1094 2067 Utinam
1130 2023 1184 2068 et
1215 2015 1329 2069 haec
1351 2031 1565 2084 quoque
1596 2018 1866 2072 eaStaret!
1910 2019 2075 2086 llujus
2106 2019 2462 2089 expositionis
2499 2019 2742 2073 meminit
2774 2017 3277 2072 Thessalonicensis
3306 2018 3356 2070 iu
3389 2017 3663 2071 Prommio

412 2116 525 2154 suae
556 2099 928 2171 Expositionis
973 2106 1200 2161 canonis
1222 2105 1446 2162 Joannis
1485 2108 1799 2164 Damaseeui
1832 2112 1882 2164 in
1911 2110 2008 2166 Per

2073 2124 2265 2166 :costen
2300 2113 2402 2181 (5).
2436 2112 2498 2164 El
2545 2111 2638 2163 καὶ
2681 2111 2710 2162 ὀ
2735 2110 2980 2178 ἀοίδιμος
3030 2109 3088 2160 ὲν
3122 2112 3308 2176 σοφοῖς
3339 2110 3614 2178 Θεόδωρος
3642 2107 3669 2156 ὁ

411 2193 729 2264 Πρόδρομος
756 2197 1048 2266 αἰτιολογεῖ
1098 2200 1314 2270 σεμνῶς
1349 2201 1502 2267 αὐτὸ,
1536 2203 1766 2260 κανόνας
1802 2204 1981 2272 ἱεροὺς

2077 2204 2462 2275 Ξηγησάμενος.
2504 2203 2620 2256 Etsi
2649 2204 2783 2257 inter
2816 2203 3074 2271 sapientes
3113 2201 3398 2254 clarissimi
3449 2201 3673 2253 nominis

414 2285 719 2342 Theodorus
759 2289 1083 2345 Prodromus
1119 2293 1339 2362 hujusce
1359 2310 1565 2362 grauem
1614 2311 1830 2350 causam
1864 2297 2077 2361 reddat,
2108 2299 2200 2368 qui
2228 2314 2405 2352 sacros
2453 2312 2678 2350 canones
2709 2295 2969 2360 exposuit.
3010 2291 3065 2346 In
3103 2307 3220 2346 eam
3246 2307 3461 2362 quoque
3495 2306 3672 2359 respe-

410 2380 494 2433 xit
536 2378 877 2450 Nicephorus
911 2381 1207 2438 Blemmida
1271 2385 1518 2439 oratione
1549 2387 1616 2440 ad
1663 2385 1923 2440 Jacobum
1954 2387 2006 2440 Βι

2079 2389 2220 2457 garim
2249 2388 2742 2456 archiepiscopum.
2771 2386 2862 2438 Ἐν
2895 2384 3107 2447 τούτοις
3157 2385 3184 2435 ό
3235 2383 3675 2455 ὲξηγούμενος,δ

415 2471 635 2536 ⁸πολλοῖς
657 2473 1094 2543 θαυμαζόμενος,
1122 2476 1151 2526 6
1185 2477 1278 2528 καὶ
1299 2476 1408 2528 τῶν
1441 2477 1603 2546 ιερῶν
1653 2480 1892 2532 κανόνων
1933 2481 2149 2550 πρῶτος
2185 2479 2546 2550 σαφηνιστὴς,
2599 2477 2659 2530 ea
2685 2477 3066 2547 ἐκλάμψαντα,
3099 2477 3254 2545 φησὶ,
3287 2476 3386 2544 τὴν
3417 2476 3533 2530 ἄνω
3556 2477 3676 2545 γέν-

415 2580 576 2635 νησιν
603 2563 698 2618 τοῦ
724 2565 853 2616 Υἱοῦ
881 2566 1066 2634 ἀπαθῆ
1091 2566 1448 2637 παρίστησιν.
1477 2569 1560 2622 Ad
1597 2569 1708 2624 hac
1749 2571 2011 2640 interpres

2071 2574 2144 2642 tui
2192 2572 2367 2624 multis
2403 2573 2456 2625 in
2487 2571 2843 2624 admiratione
2885 2577 2979 2627 est.
3017 2577 3064 2620 et
3106 2569 3194 2636 qui
3225 2584 3406 2622 sacros
3443 2584 3667 2620 canones

408 2657 615 2726 primus
644 2655 886 2724 exposuit
911 2668 931 2706 .'
956 2656 1184 2722 Ewm,
1214 2660 1402 2726 inquit,
1435 2677 1714 2729 supernam
1737 2661 1868 2716 Filii
1895 2664 2088 2732 absque
2116 2665 2359 2730 passione
2389 2663 2777 2734 generatione»:
2825 2661 3057 2714 denotat.
3089 2659 3330 2713 [labetur
3360 2659 3474 2713 haec
3498 2658 3678 2727 Expo-

410 2747 542 2808 sitio
571 2747 936 2815 manuscripts
969 2746 1204 2802 Scoriaei
1237 2749 1290 2802 in
1320 2750 1650 2807 Bibliotheca
1696 2755 1863 2822 regia,
1905 2752 2088 2807 Roma:
2115 2754 2168 2806 iu
2202 2754 2482 2818 Vaticana,
2517 2751 2832 2815 Barberim,
2873 2749 3263 2817 Altempsiana.

483 2838 737 2894 Carmine
772 2840 935 2893 etiam
968 2846 1078 2892 tum
1108 2840 1352 2909 politico,
1387 2851 1498 2895 tum
1529 2843 1782 2908 iambico,
1817 2854 1927 2897 tum
1981 2843 2202 2897 heroico
2232 2851 2431 2912 praeter
2473 2841 2587 2910 jam
2617 2839 2760 2895 edita
2814 2838 3042 2892 olurima
3095 2839 3242 2893 lusit.
3296 2837 3405 2893 Nos
3437 2853 3557 2908 qum
3589 2837 3678 2892 hic

411 2929 733 2985 adnotamus
755 2930 1008 3000 legimus,
1039 2941 1093 2986 et
1129 2940 1259 2985 sunt
1285 2950 1298 2986 :

487 3023 584 3084 Εἰς
613 3025 1309 3117 γραμματικὸν-Θεόδωρον
1358 3025 1448 3080 τὸν
1477 3027 1862 3099 Στυππιώτην.
1892 3029 1957 3084 In
1983 3046 2079 3099 gra

2076 3031 2390 3084 :mmaticum
2446 3026 2772 3082 Theodorum
2818 3024 3168 3095 Styppiotam.
3214 3023 3274 3078 P.
3307 3019 3379 3075 Ὦ
3429 3022 3672 3094 βέλτιστε

411 3117 854 3184 γραμματικῶν.

453 3133 854 3187 ραμματικων..

485 3211 579 3274 El;
607 3213 697 3264 τὸν
746 3213 979 3284 μοναχὸν
1039 3215 1204 3286 κυρὸν
1243 3215 1590 3270 Ἰωαννίκιον.
1640 3215 1704 3270 In
1763 3221 2049 3273 monac/tun

2066 3235 2098 3281 ι,
2160 3220 2408 3272 domuum
2462 3216 2823 3271 Joannicium.
2861 3215 2922 3270 P.
2971 3214 3044 3268 Ού
3083 3213 3160 3283 μὰ
3194 3210 3253 3264 σὲ
3286 3211 3433 3279 κάρα
3469 3208 3623 3277 φίλον
3651 3228 3662 3240 ·

414 3302 478 3372 αι
503 3304 633 3376 γάρ·

500 3395 853 3466 Ἐπιτύμὸιος
879 3401 959 3463 εἰς
988 3400 1078 3454 τὸν
1109 3401 1272 3471 κύριν
1307 3404 1716 3458 Κωνσταντῖνον
1745 3404 1836 3456 τὸν
1891 3405 2091 3474 Καμυτ

2078 3409 2217 3475 ιζην.
2255 3401 2581 3472 Sepulcralis
2635 3401 2686 3453 in
2723 3401 2993 3454 dominum
3045 3397 3454 3453 Constantinum
3485 3389 3674 3460 Camy-

414 3494 569 3540 tum.
607 3486 668 3542 P.
693 3489 758 3542 Τί
786 3491 908 3552 τοὺς
938 3492 1142 3558 τύπους
1172 3495 1410 3564 ἕστηκας
1447 3495 1678 3567 ἱστορῷν
1701 3496 1844 3562 ξένε.

487 3584 645 3638 Κατὰ
670 3591 1090 3656 μακρογενείου,
1135 3591 1420 3655 δοκοῦντος
1450 3587 1592 3646 εἶναι
1618 3593 1706 3647 διὰ
1735 3591 1894 3646 τοῦτο
1945 3609 2078 3660 σοφο

2083 3592 2134 3646 ῦ.
2175 3591 2369 3648 Contra
2414 3590 2801 3660 longibarbum,
2835 3596 3216 3658 proptereaque
3253 3581 3504 3652 sapientis
3561 3595 3675 3648 spe--

419 3676 548 3730 ciem
586 3677 887 3735 habentem.
927 3682 986 3736 P.
1025 3685 1372 3751 ’ἰατταταιὰξ
1403 3687 1502 3755 τῆς
1533 3685 1706 3756 ἁδρᾶς
1729 3687 2029 3754 γενειάδος.
2101 3715 2104 3718 ~

495 3770 908 3839 Σχετλιαστικοὶ
925 3777 1062 3846 πρὸς
1093 3777 1192 3844 τὴν
1224 3779 1510 3848 Πρόνοιαν.
1534 3777 1929 3845 Indignabundi
1959 3781 2011 3834 in
2039 3779 2091 3834 Ρ]

2073 3778 2453 3834 ’rovidentiam.
2479 3775 2544 3830 P.
2573 3777 2688 3831 Οὐκ
2718 3773 3044 3844 ἀγνοοῦμεν,
3072 3767 3372 3842 δημιουργὲ
3390 3782 3491 3836 μου
3509 3764 3669 3832 Λόγε.

489 3863 646 3918 Κατὰ
668 3862 1036 3932 φθονούντων.
1063 3867 1320 3922 Adversus
1345 3872 1566 3927 invidos.
1603 3871 1661 3925 P.
1703 3873 1817 3925 03x
1850 3871 1998 3924 ἐστιν
2027 3873 2085 3941 ﬁt.

1107 3872 1320 3922 dversns
1345 3872 1566 3927 invidos.
1603 3871 1661 3925 P.
1703 3873 1817 3925 03x
1850 3871 1998 3924 ἐστιν
2027 3873 2158 3941 ἡμῖν
2186 3870 2292 3933 ἰνὸς
2319 3872 2463 3940 ἴχνος
2493 3872 2550 3922 ὲν
2580 3867 2700 3938 βίῳ.

491 3957 898 4028 Σχετλιαστικοὶ
925 3960 1020 4012 ἐπὶ
1049 3962 1113 4029 τῇ
1149 3961 1362 4032 ἀτιμίᾳ.
1399 3961 1794 4032 Indiguubundi
1823 3971 2036 4030 propter
2066 3963 2082 4013 i

1620 3963 1794 4016 tbundi
1823 3971 2036 4030 propter
2066 3962 2423 4030 ignominiam.
2459 3957 2518 4011 P.
2556 3959 2778 4029 'Eppet‘
2805 3956 2948 4028 ἐμοῦ
2974 3955 3216 4027 βιότοιο..

499 4048 659 4103 Κατὰ
689 4050 848 4102 νόσου
878 4049 1064 4120 ἡρῷοι.
1089 4051 1284 4106 Contra
1318 4055 1550 4106 morbum
1571 4056 1782 4107 heroici.
1829 4056 1886 4109 Ρ.
1916 4057 2020 4108 Ἥ)
2051 4072 2095 4106 σε

953 4049 1064 4120 ῷοι.
1089 4051 1284 4106 Contra
1318 4055 1550 4106 morbum
1571 4056 1782 4107 heroici.
1829 4056 1886 4109 Ρ.
1916 4057 2020 4108 Ἥ)
2051 4072 2111 4106 σε
2142 4054 2283 4122 μέγα
2319 4052 2549 4120 κρατεή.

489 4138 582 4202 Εἰς
615 4141 989 4211 εἰκονισμένον
1031 4142 1165 4208 βίον.
1193 4142 1257 4196 In
1286 4145 1447 4197 vitam
1482 4144 1796 4214 efﬁgiatam.
1837 4146 1896 4201 P.
1926 4147 2061 4214 Ἐμὲ

1769 4164 1796 4198 ι.
1837 4146 1896 4201 Ρ.
1926 4147 2061 4214 Ἐμὲ
2090 4148 2182 4198 τὸν
2214 4147 2353 4215 βίον,
2378 4143 2656 4213 ἄνθρωπε,
2688 4142 2838 4208 δέξαι
2872 4157 2967 4193 σου
2998 4138 3365 4208 παραινέτην.·

490 4231 731 4300 Αἷνιγμα
771 4234 852 4296 εἰς
880 4235 980 4304 τὴν
1016 4235 1268 4304 νεφέλην.
1301 4234 1560 4305 ίΕηὶθηια
1595 4239 1647 4289 in
1667 4237 1932 4292 nebulam.
1962 4238 2026 4292 Ρ.
2054 4238 2212 4299 Υἱέος
2243 4234 2513 4306 ἡμετέρου
2559 4250 2626 4302 με
2659 4232 2958 4301 φιτύσσατο
2987 4231 3074 4284 δία
3111 4230 3382 4300 θυγάτηρ.

506 4316 852 4376 Ὑποθετικοὶ
887 4325 979 4376 ὲπι
1009 4341 1118 4378 τινι
1150 4325 1509 4398 ἐκϐρασθέντι
1555 4326 1652 4394 τῆς
1683 4326 1960 4398 θαλάσσης
1984 4327 2102 4398 ἄχει

2086 4345 2168 4398 ιρι
2207 4323 2405 4396 νεκρῷ.
2447 4323 2721 4380 Monitorii
2751 4324 2816 4378 de
2863 4323 3092 4393 quodam
3119 4339 3145 4377 θ
3190 4322 3325 4376 mari
3369 4319 3530 4390 ejecta
3562 4317 3678 4374 sine

419 4415 661 4468 manibus
691 4425 921 4471 mortuo.
951 4416 1008 4472 P.
1043 4419 1218 4482 Ξεῖνε,
1251 4419 1302 4471 τί
1335 4418 1430 4473 νῦν
1465 4437 1533 4490 με
1573 4419 1856 4490 δέδορκας.

491 4509 1012 4582 Συντακτήριοιτοίς
1042 4513 1373 4578 Βυζαντίοις.
1413 4514 1770 4570 νοιεάὶι-εηιεε
1804 4515 2083 4584 Byzantini

1452 4514 1770 4570 ’aledirentes
1804 4515 2132 4584 Byzantinis.
2163 4513 2224 4566 P.
2258 4512 2454 4583 Χαῖρε,
2485 4511 2641 4573 πόλις
2677 4511 3048 4582 μεγάπυργε..

490 4604 566 4658 De
586 4605 759 4658 horto.
791 4605 849 4660 P.
896 4605 1064 4679 Ὁρᾷς
1100 4607 1266 4662 θεατὰ
1303 4609 1397 4662 τοῦ
1438 4608 1683 4678 φυτῶνος
1704 4609 1804 4677 τὴν
1838 4609 2022 4680 χάριν.

495 4701 680 4756 Aliud.
708 4697 770 4754 P.
804 4699 976 4768 Ὁρῶν
1012 4718 1095 4768 σε,
1127 4702 1294 4771 κῆπε.
1340 4745 1344 4748 .

491 4792 675 4846 Aliud.
704 4790 766 4847 P.
806 4792 1091 4862 Ἄνθρωπε
1123 4793 1282 4865 δεῦρο
1332 4795 1425 4849 καὶ
1457 4795 1753 4867 τρύγησον.

491 4882 678 4939 Aliud.
710 4882 772 4940 P.
801 4885 978 4939 Βαεαὶ
1005 4885 1203 4948 πόσαις
1232 4889 1260 4938 ὁ
1291 4887 1484 4956 κῆπος.

497 4979 683 5036 Aliud.
727 4977 788 5032 P.
817 4977 929 5049 Τὴν
955 4978 1242 5048 καλλονὴν,
1280 4979 1562 5049 ἄνθρωπε,
1595 4977 1690 5031 τοῦ
1719 4977 1896 5045 ῥόδου.

500 5071 629 5126 Ἐπὶ
660 5069 740 5141 τῷ
770 5071 934 5140 γάμῳ
962 5070 1056 5123 τοῦ
1087 5071 1204 5122 υἱοῦ
1234 5069 1403 5140 κυροῦ
1442 5069 1756 5140 Νικηφόρον
1779 5068 1872 5122 τοῦ
1906 5069 2096 5140 Φορὸηι

2095 5069 2202 5133 νοῦ,
2243 5072 2396 5140 κυρῷ
2441 5068 2663 5135 Αλεξίῳ.
2704 5069 2766 5122 In
2792 5069 3004 5134 nuptias
3045 5068 3148 5139 ﬁlii
3175 5069 3351 5123 domui
3381 5067 3691 5138 Nicephori-t

418 5166 710 5233 Phorbeni,
738 5167 930 5221 domno
958 5168 1164 5223 Alexio.
1201 5166 1260 5220 P.
1302 5167 1393 5230 Ὠς
1426 5167 1659 5236 εὐτυχὴς
1693 5169 1786 5220 καὶ
1816 5165 2011 5236 εὐκλεὴ

1035 5168 1164 5220 txio.
1201 5166 1260 5220 P.
1302 5167 1393 5230 Ὠς
1426 5167 1659 5236 εὐτυχὴς
1693 5169 1786 5220 καὶ
1816 5165 2042 5236 εὐκλεὴς
2072 5168 2105 5236 ἡ
2146 5167 2213 5238 σὴ
2238 5166 2631 5238 νυμφαγωγία.

491 5257 556 5313 In
576 5260 804 5314 easdem.
838 5257 899 5312 P.
933 5259 1189 5312 Κατάθου
1230 5276 1324 5311 σου
1368 5258 1458 5312 τὸν
1489 5257 1737 5328 θώρακα.

491 5352 559 5408 In
585 5353 818 5408 easdem.
847 5350 912 5406 Ρ.
946 5353 1041 5416 Τίς
1075 5349 1183 5406 εἶδε
1213 5356 1390 5424 κῆπον
1415 5353 1648 5422 ἀρετῶν.

493 5445 556 5504 In
590 5445 803 5500 easdem
830 5445 920 5499 -P.
952 5444 1349 5518 Τρισευτυχὴς,
1374 5444 1781 5515 τρισεύδαιμον.

495 5601 574 5672 (4)
612 5600 781 5668 llnjus
821 5602 1280 5672 interpretationis
1316 5600 1590 5672 specimen
1626 5600 1862 5672 habesin
1894 5617 1994 5656 no-
2099 5617 2198 5657 nos
2241 5601 2294 5655 in
2354 5600 2540 5672 Spicil.
2575 5599 2730 5672 Rom.
2770 5608 2810 5654 t.
2848 5594 2912 5672 Υ,
2951 5613 3001 5672 p.
3054 5595 3311 5672 161-585.
3351 5592 3672 5672 Locus_a_u_-

422 5663 854 5740 stro'Spicilegio
886 5663 1068 5737 Rom,
1110 5683 1149 5726 t.
1190 5669 1252 5730 V.
1280 5663 1470 5740 p.390
1494 5684 1647 5738 seqq.
1680 5671 1745 5725 A.
1781 5669 1850 5724 Μ.
1898 5739 1903 5740 γ
2101 5684 2206 5729 tem
2239 5672 2306 5725 ab
2359 5663 2554 5728 A'llatio
2617 5671 2814 5725 citatus
2863 5663 3058 5740 legitur
3109 5670 3249 5736 apud
3293 5679 3414 5732 nos,
3447 5679 3501 5735 ρ.
3543 5663 3682 5722 ιη...

496 5743 572 5811 (5)
605 5742 753 5795 Hane
775 5739 1049 5795 Eustachii
1081 5739 1352 5809 egregiam
1379 5741 1779 5811 Expositionem
1813 5744 1865 5794 in
1894 5739 1994 5793 Da-
2098 5745 2164 5799 A.
2205 5744 2277 5794 Μ.

423 5810 666 5868 masceui
703 5812 957 5882 hymnum
997 5812 1420 5880 pentecostalem
1465 5810 1732 5866 edidimus
1796 5811 1987 5866 Grtcce
