  <div class='ocr_page' id='page_1' title='image "/cluster/home/n/w/nwhite01/storage/ocr_20150623/133/coo.31924054870385/513.png"; bbox 0 0 4042 6400; ppageno 0'>
   <div class='ocr_carea' id='block_1_1' title="bbox 361 354 3635 435">
    <p class='ocr_par' dir='ltr' id='par_1_1' title="bbox 361 354 3635 435">
     <span class='ocr_line' id='line_1_1' title="bbox 361 354 3635 435; baseline -0.005 -3"><span class='ocrx_word' id='word_1_1' title='bbox 361 366 496 435; x_wconf 76' lang='grc'>1011</span> <span class='ocrx_word' id='word_1_2' title='bbox 1553 358 1951 425; x_wconf 78' lang='lat' dir='ltr'>THEODORI</span> <span class='ocrx_word' id='word_1_3' title='bbox 1995 358 2398 425; x_wconf 77' lang='lat' dir='ltr'>PRODROMI</span> <span class='ocrx_word' id='word_1_4' title='bbox 3495 354 3635 421; x_wconf 73' lang='lat'>1012</span> 
     </span>
    </p>
   </div>
   <div class='ocr_carea' id='block_1_2' title="bbox 425 472 1687 543">
    <p class='ocr_par' dir='ltr' id='par_1_2' title="bbox 425 472 1687 543">
     <span class='ocr_line' id='line_1_2' title="bbox 425 472 1687 543; baseline -0.003 -10"><span class='ocrx_word' id='word_1_5' title='bbox 425 478 492 533; x_wconf 87' lang='lat' dir='ltr'><strong><em>In</em></strong></span> <span class='ocrx_word' id='word_1_6' title='bbox 514 477 743 535; x_wconf 88' lang='lat' dir='ltr'><strong><em>easdem.</em></strong></span> <span class='ocrx_word' id='word_1_7' title='bbox 773 475 833 531; x_wconf 87' lang='lat' dir='ltr'><strong><em>P.</em></strong></span> <span class='ocrx_word' id='word_1_8' title='bbox 865 475 1061 540; x_wconf 89' lang='grc' dir='ltr'>Γάμοι,</span> <span class='ocrx_word' id='word_1_9' title='bbox 1100 473 1196 528; x_wconf 77' lang='grc' dir='ltr'>καὶ</span> <span class='ocrx_word' id='word_1_10' title='bbox 1222 474 1415 543; x_wconf 87' lang='grc' dir='ltr'>γάμων</span> <span class='ocrx_word' id='word_1_11' title='bbox 1450 472 1687 529; x_wconf 87' lang='grc' dir='ltr'>τελεταί.</span> 
     </span>
    </p>
   </div>
   <div class='ocr_carea' id='block_1_3' title="bbox 434 560 2030 635">
    <p class='ocr_par' dir='ltr' id='par_1_3' title="bbox 434 564 2030 631">
     <span class='ocr_line' id='line_1_3' title="bbox 434 564 2030 631; baseline -0.003 -6"><span class='ocrx_word' id='word_1_12' title='bbox 434 566 780 625; x_wconf 72' lang='grc' dir='ltr'>⁹Ϊτιοθετικοὶ</span> <span class='ocrx_word' id='word_1_13' title='bbox 812 568 891 631; x_wconf 86' lang='grc' dir='ltr'>εἰς</span> <span class='ocrx_word' id='word_1_14' title='bbox 919 565 1233 620; x_wconf 70' lang='grc' dir='ltr'>Παυσανίαν</span> <span class='ocrx_word' id='word_1_15' title='bbox 1254 564 1668 621; x_wconf 83' lang='grc' dir='ltr'>ἀπολιθωθὲντα</span> <span class='ocrx_word' id='word_1_16' title='bbox 1702 565 1791 621; x_wconf 73' lang='grc' dir='ltr'>διὰ</span> <span class='ocrx_word' id='word_1_17' title='bbox 1816 565 1908 620; x_wconf 81' lang='grc' dir='ltr'>τὸν</span> <span class='ocrx_word' id='word_1_18' title='bbox 1963 564 2030 620; x_wconf 68' lang='lat' dir='ltr'><strong><em>oe</em></strong></span> 
     </span>
    </p>
   </div>
   <div class='ocr_carea' id='block_1_4' title="bbox 2044 560 3640 635">
    <p class='ocr_par' dir='ltr' id='par_1_4' title="bbox 2044 560 3640 635">
     <span class='ocr_line' id='line_1_4' title="bbox 2044 560 3640 635; baseline -0.004 -15"><span class='ocrx_word' id='word_1_19' title='bbox 2044 582 2136 620; x_wconf 86' lang='grc' dir='ltr'>ντα</span> <span class='ocrx_word' id='word_1_20' title='bbox 2162 563 2257 620; x_wconf 89' lang='grc' dir='ltr'>τοῦ</span> <span class='ocrx_word' id='word_1_21' title='bbox 2292 563 2408 619; x_wconf 80' lang='grc' dir='ltr'>υἱοῦ</span> <span class='ocrx_word' id='word_1_22' title='bbox 2441 561 2610 620; x_wconf 80' lang='grc' dir='ltr'>αὐτοῦ</span> <span class='ocrx_word' id='word_1_23' title='bbox 2640 562 2875 635; x_wconf 79' lang='grc' dir='ltr'>Πέτρου.</span> <span class='ocrx_word' id='word_1_24' title='bbox 2902 561 3175 618; x_wconf 70' lang='lat' dir='ltr'><strong><em>Monitorii</em></strong></span> <span class='ocrx_word' id='word_1_25' title='bbox 3204 563 3260 617; x_wconf 78' lang='lat' dir='ltr'><strong><em>in</em></strong></span> <span class='ocrx_word' id='word_1_26' title='bbox 3302 560 3640 617; x_wconf 70' lang='lat' dir='ltr'>Pausaniam</span> 
     </span>
    </p>
   </div>
   <div class='ocr_carea' id='block_1_5' title="bbox 357 663 1953 742">
    <p class='ocr_par' dir='ltr' id='par_1_5' title="bbox 357 663 1953 742">
     <span class='ocr_line' id='line_1_5' title="bbox 357 663 1953 742; baseline -0.002 -21"><span class='ocrx_word' id='word_1_27' title='bbox 357 665 584 742; x_wconf 71' lang='lat' dir='ltr'><strong><em>lapilem</em></strong></span> <span class='ocrx_word' id='word_1_28' title='bbox 619 666 818 735; x_wconf 79' lang='lat' dir='ltr'><strong><em>factum</em></strong></span> <span class='ocrx_word' id='word_1_29' title='bbox 845 673 1066 734; x_wconf 88' lang='lat' dir='ltr'><strong><em>propter</em></strong></span> <span class='ocrx_word' id='word_1_30' title='bbox 1089 665 1287 719; x_wconf 89' lang='lat' dir='ltr'><strong><em>obitum</em></strong></span> <span class='ocrx_word' id='word_1_31' title='bbox 1321 666 1424 732; x_wconf 81' lang='lat' dir='ltr'><strong><em>ﬁlii</em></strong></span> <span class='ocrx_word' id='word_1_32' title='bbox 1447 666 1531 719; x_wconf 84' lang='lat' dir='ltr'>sui</span> <span class='ocrx_word' id='word_1_33' title='bbox 1561 663 1730 719; x_wconf 90' lang='lat' dir='ltr'><strong><em>Petri.</em></strong></span> <span class='ocrx_word' id='word_1_34' title='bbox 1761 663 1823 720; x_wconf 89' lang='lat' dir='ltr'><strong><em>P.</em></strong></span> <span class='ocrx_word' id='word_1_35' title='bbox 1854 663 1953 721; x_wconf 75' lang='lat' dir='ltr'>IIé1</span> 
     </span>
    </p>
   </div>
   <div class='ocr_carea' id='block_1_6' title="bbox 834 663 2430 742">
    <p class='ocr_par' dir='ltr' id='par_1_6' title="bbox 845 663 2430 734">
     <span class='ocr_line' id='line_1_6' title="bbox 845 663 2430 734; baseline 0 -16"><span class='ocrx_word' id='word_1_36' title='bbox 845 673 1066 734; x_wconf 79' lang='lat' dir='ltr'>propter</span> <span class='ocrx_word' id='word_1_37' title='bbox 1089 665 1287 719; x_wconf 89' lang='lat' dir='ltr'><strong><em>obitum</em></strong></span> <span class='ocrx_word' id='word_1_38' title='bbox 1321 666 1424 732; x_wconf 81' lang='lat' dir='ltr'><strong><em>ﬁlii</em></strong></span> <span class='ocrx_word' id='word_1_39' title='bbox 1447 666 1531 719; x_wconf 84' lang='lat' dir='ltr'>sui</span> <span class='ocrx_word' id='word_1_40' title='bbox 1561 663 1730 719; x_wconf 90' lang='lat' dir='ltr'><strong><em>Petri.</em></strong></span> <span class='ocrx_word' id='word_1_41' title='bbox 1761 663 1823 720; x_wconf 89' lang='lat' dir='ltr'><strong><em>P.</em></strong></span> <span class='ocrx_word' id='word_1_42' title='bbox 1854 663 2063 734; x_wconf 79' lang='grc' dir='ltr'>Πέτρος</span> <span class='ocrx_word' id='word_1_43' title='bbox 2091 663 2163 717; x_wconf 71' lang='grc' dir='ltr'>ἔτι»</span> <span class='ocrx_word' id='word_1_44' title='bbox 2204 664 2430 734; x_wconf 68' lang='grc' dir='ltr'>πέτρον,</span> 
     </span>
    </p>
   </div>
   <div class='ocr_carea' id='block_1_7' title="bbox 429 757 1924 831">
    <p class='ocr_par' dir='ltr' id='par_1_7' title="bbox 429 757 1924 831">
     <span class='ocr_line' id='line_1_7' title="bbox 429 757 1924 831; baseline -0.001 -16"><span class='ocrx_word' id='word_1_45' title='bbox 429 759 507 815; x_wconf 87' lang='lat' dir='ltr'><strong><em>De</em></strong></span> <span class='ocrx_word' id='word_1_46' title='bbox 522 760 1048 826; x_wconf 83' lang='lat' dir='ltr'><strong><em>eodemargumento.</em></strong></span> <span class='ocrx_word' id='word_1_47' title='bbox 1079 757 1138 811; x_wconf 88' lang='lat' dir='ltr'><strong><em>P.</em></strong></span> <span class='ocrx_word' id='word_1_48' title='bbox 1180 759 1279 821; x_wconf 89' lang='grc' dir='ltr'>Ὃς</span> <span class='ocrx_word' id='word_1_49' title='bbox 1308 757 1517 829; x_wconf 81' lang='grc' dir='ltr'>Νιόόην</span> <span class='ocrx_word' id='word_1_50' title='bbox 1555 757 1924 831; x_wconf 74' lang='grc' dir='ltr'>πολύδακρυν.</span> 
     </span>
    </p>
   </div>
   <div class='ocr_carea' id='block_1_8' title="bbox 426 848 1776 921">
    <p class='ocr_par' dir='ltr' id='par_1_8' title="bbox 426 848 1776 921">
     <span class='ocr_line' id='line_1_8' title="bbox 426 848 1776 921; baseline -0.001 -14"><span class='ocrx_word' id='word_1_51' title='bbox 426 852 503 907; x_wconf 88' lang='lat' dir='ltr'><strong><em>De</em></strong></span> <span class='ocrx_word' id='word_1_52' title='bbox 528 852 704 906; x_wconf 76' lang='lat' dir='ltr'><strong><em>eodem</em></strong></span> <span class='ocrx_word' id='word_1_53' title='bbox 738 860 1065 921; x_wconf 85' lang='lat' dir='ltr'><strong><em>argumento.</em></strong></span> <span class='ocrx_word' id='word_1_54' title='bbox 1102 848 1161 903; x_wconf 88' lang='lat' dir='ltr'><strong><em>P.</em></strong></span> <span class='ocrx_word' id='word_1_55' title='bbox 1196 850 1515 920; x_wconf 70' lang='grc' dir='ltr'>Παυσανίην</span> <span class='ocrx_word' id='word_1_56' title='bbox 1547 848 1776 920; x_wconf 80' lang='grc' dir='ltr'>ήλύπη.</span> 
     </span>
    </p>
   </div>
   <div class='ocr_carea' id='block_1_9' title="bbox 429 940 2025 1016">
    <p class='ocr_par' dir='ltr' id='par_1_9' title="bbox 429 941 2025 1014">
     <span class='ocr_line' id='line_1_9' title="bbox 429 941 2025 1014; baseline -0.002 -16"><span class='ocrx_word' id='word_1_57' title='bbox 429 945 528 1008; x_wconf 86' lang='grc' dir='ltr'>Εἰς</span> <span class='ocrx_word' id='word_1_58' title='bbox 561 942 734 1012; x_wconf 78' lang='grc' dir='ltr'>τάφον</span> <span class='ocrx_word' id='word_1_59' title='bbox 762 942 1087 997; x_wconf 84' lang='grc' dir='ltr'>Ἀθανασίου</span> <span class='ocrx_word' id='word_1_60' title='bbox 1117 943 1430 1013; x_wconf 81' lang='grc' dir='ltr'>ἡσυχαστοῦ</span> <span class='ocrx_word' id='word_1_61' title='bbox 1463 944 1840 1014; x_wconf 79' lang='grc' dir='ltr'>ὲπιτιμητικοὶ</span> <span class='ocrx_word' id='word_1_62' title='bbox 1872 941 2025 1013; x_wconf 69' lang='grc' dir='ltr'>τυμᾶ</span> 
     </span>
    </p>
   </div>
   <div class='ocr_carea' id='block_1_10' title="bbox 2045 940 3641 1016">
    <p class='ocr_par' dir='ltr' id='par_1_10' title="bbox 2045 940 3641 1016">
     <span class='ocr_line' id='line_1_10' title="bbox 2045 940 3641 1016; baseline -0.005 -15"><span class='ocrx_word' id='word_1_63' title='bbox 2045 943 2277 1015; x_wconf 75' lang='grc' dir='ltr'>ορύχοις.</span> <span class='ocrx_word' id='word_1_64' title='bbox 2311 943 2378 1000; x_wconf 88' lang='lat' dir='ltr'><strong><em>In</em></strong></span> <span class='ocrx_word' id='word_1_65' title='bbox 2407 942 2735 1014; x_wconf 71' lang='lat' dir='ltr'>sepulturam</span> <span class='ocrx_word' id='word_1_66' title='bbox 2777 945 3044 1001; x_wconf 83' lang='lat' dir='ltr'><strong><em>Athunusi</em></strong></span> <span class='ocrx_word' id='word_1_67' title='bbox 3075 944 3422 1016; x_wconf 73' lang='lat' dir='ltr'><strong><em>hesychastw,</em></strong></span> <span class='ocrx_word' id='word_1_68' title='bbox 3453 940 3641 1012; x_wconf 59' lang='lat' dir='ltr'><strong><em>objur-</em></strong></span> 
     </span>
    </p>
   </div>
   <div class='ocr_carea' id='block_1_11' title="bbox 352 1036 1948 1110">
    <p class='ocr_par' dir='ltr' id='par_1_11' title="bbox 352 1037 1948 1107">
     <span class='ocr_line' id='line_1_11' title="bbox 352 1037 1948 1107; baseline -0.003 -12"><span class='ocrx_word' id='word_1_69' title='bbox 352 1038 548 1100; x_wconf 79' lang='lat' dir='ltr'><strong><em>9atorii</em></strong></span> <span class='ocrx_word' id='word_1_70' title='bbox 591 1038 843 1092; x_wconf 80' lang='lat' dir='ltr'><strong><em>adversus</em></strong></span> <span class='ocrx_word' id='word_1_71' title='bbox 868 1037 1225 1107; x_wconf 83' lang='lat' dir='ltr'>sepulcrorum</span> <span class='ocrx_word' id='word_1_72' title='bbox 1258 1038 1553 1107; x_wconf 75' lang='lat' dir='ltr'><strong><em>e/fossores.</em></strong></span> <span class='ocrx_word' id='word_1_73' title='bbox 1580 1037 1641 1092; x_wconf 88' lang='lat' dir='ltr'><strong><em>P.</em></strong></span> <span class='ocrx_word' id='word_1_74' title='bbox 1677 1037 1736 1091; x_wconf 86' lang='grc' dir='ltr'><strong>Ὀ</strong></span> <span class='ocrx_word' id='word_1_75' title='bbox 1763 1038 1948 1107; x_wconf 76' lang='grc' dir='ltr'>τυμϐοι</span> 
     </span>
    </p>
   </div>
   <div class='ocr_carea' id='block_1_12' title="bbox 1375 1036 2971 1110">
    <p class='ocr_par' dir='ltr' id='par_1_12' title="bbox 1375 1036 2971 1110">
     <span class='ocr_line' id='line_1_12' title="bbox 1375 1036 2971 1110; baseline 0.003 -19"><span class='ocrx_word' id='word_1_76' title='bbox 1375 1055 1553 1094; x_wconf 70' lang='lat' dir='ltr'><strong><em>ssores.</em></strong></span> <span class='ocrx_word' id='word_1_77' title='bbox 1580 1037 1641 1092; x_wconf 88' lang='lat' dir='ltr'><strong><em>P.</em></strong></span> <span class='ocrx_word' id='word_1_78' title='bbox 1677 1037 1736 1091; x_wconf 85' lang='grc' dir='ltr'><strong>Ὀ</strong></span> <span class='ocrx_word' id='word_1_79' title='bbox 1763 1036 2171 1110; x_wconf 78' lang='grc' dir='ltr'>τυμϐορύκτης,</span> <span class='ocrx_word' id='word_1_80' title='bbox 2196 1041 2223 1092; x_wconf 85' lang='grc' dir='ltr'>ὁ</span> <span class='ocrx_word' id='word_1_81' title='bbox 2265 1038 2593 1110; x_wconf 87' lang='grc' dir='ltr'>σπαράκτης</span> <span class='ocrx_word' id='word_1_82' title='bbox 2621 1038 2731 1094; x_wconf 90' lang='grc' dir='ltr'>τῶν</span> <span class='ocrx_word' id='word_1_83' title='bbox 2762 1039 2971 1110; x_wconf 83' lang='grc' dir='ltr'>τάφων.</span> 
     </span>
    </p>
   </div>
   <div class='ocr_carea' id='block_1_13' title="bbox 426 1129 2022 1204">
    <p class='ocr_par' dir='ltr' id='par_1_13' title="bbox 426 1129 2022 1204">
     <span class='ocr_line' id='line_1_13' title="bbox 426 1129 2022 1204; baseline -0.003 -17"><span class='ocrx_word' id='word_1_84' title='bbox 426 1133 518 1204; x_wconf 82' lang='grc' dir='ltr'>Τῷ</span> <span class='ocrx_word' id='word_1_85' title='bbox 552 1131 966 1203; x_wconf 78' lang='grc' dir='ltr'>ὀρφανοτρόφῳ.</span> <span class='ocrx_word' id='word_1_86' title='bbox 993 1130 1450 1199; x_wconf 81' lang='lat' dir='ltr'><strong><em>Orphanotroplto.</em></strong></span> <span class='ocrx_word' id='word_1_87' title='bbox 1488 1130 1549 1186; x_wconf 84' lang='grc' dir='ltr'>Ρ.</span> <span class='ocrx_word' id='word_1_88' title='bbox 1583 1131 1647 1184; x_wconf 88' lang='grc' dir='ltr'>Τί</span> <span class='ocrx_word' id='word_1_89' title='bbox 1677 1130 1804 1199; x_wconf 80' lang='grc' dir='ltr'>φὴς,</span> <span class='ocrx_word' id='word_1_90' title='bbox 1832 1131 1859 1183; x_wconf 84' lang='grc' dir='ltr'>ὁ</span> <span class='ocrx_word' id='word_1_91' title='bbox 1897 1129 2022 1200; x_wconf 66' lang='grc' dir='ltr'>λαμτ</span> 
     </span>
    </p>
   </div>
   <div class='ocr_carea' id='block_1_14' title="bbox 1148 1129 2744 1204">
    <p class='ocr_par' dir='ltr' id='par_1_14' title="bbox 1148 1129 2744 1202">
     <span class='ocr_line' id='line_1_14' title="bbox 1148 1129 2744 1202; baseline 0.004 -18"><span class='ocrx_word' id='word_1_92' title='bbox 1148 1133 1450 1199; x_wconf 77' lang='grc' dir='ltr'>ιηοινορΙιο.</span> <span class='ocrx_word' id='word_1_93' title='bbox 1488 1130 1549 1186; x_wconf 86' lang='grc' dir='ltr'>Ρ.</span> <span class='ocrx_word' id='word_1_94' title='bbox 1583 1131 1647 1184; x_wconf 88' lang='grc' dir='ltr'>Τί</span> <span class='ocrx_word' id='word_1_95' title='bbox 1677 1130 1804 1199; x_wconf 80' lang='grc' dir='ltr'>φὴς,</span> <span class='ocrx_word' id='word_1_96' title='bbox 1832 1131 1859 1183; x_wconf 82' lang='grc' dir='ltr'>ὁ</span> <span class='ocrx_word' id='word_1_97' title='bbox 1897 1129 2281 1201; x_wconf 87' lang='grc' dir='ltr'>λαμπρότατος</span> <span class='ocrx_word' id='word_1_98' title='bbox 2311 1130 2744 1202; x_wconf 75' lang='grc' dir='ltr'>ὀρφανοτρόφος.</span> 
     </span>
    </p>
   </div>
   <div class='ocr_carea' id='block_1_15' title="bbox 435 1222 2031 1298">
    <p class='ocr_par' dir='ltr' id='par_1_15' title="bbox 435 1222 2031 1298">
     <span class='ocr_line' id='line_1_15' title="bbox 435 1222 2031 1298; baseline -0.003 -18"><span class='ocrx_word' id='word_1_99' title='bbox 435 1226 528 1298; x_wconf 85' lang='grc' dir='ltr'>Τῷ</span> <span class='ocrx_word' id='word_1_100' title='bbox 560 1225 711 1298; x_wconf 81' lang='grc' dir='ltr'>αὐτῷ</span> <span class='ocrx_word' id='word_1_101' title='bbox 741 1223 934 1296; x_wconf 77' lang='grc' dir='ltr'>ήρῷοι.</span> <span class='ocrx_word' id='word_1_102' title='bbox 964 1222 1149 1278; x_wconf 83' lang='lat' dir='ltr'>Eidem</span> <span class='ocrx_word' id='word_1_103' title='bbox 1173 1227 1367 1280; x_wconf 83' lang='lat' dir='ltr'>heroici</span> <span class='ocrx_word' id='word_1_104' title='bbox 1384 1241 1579 1280; x_wconf 79' lang='lat' dir='ltr'><strong><em>versus.</em></strong></span> <span class='ocrx_word' id='word_1_105' title='bbox 1622 1223 1679 1278; x_wconf 87' lang='lat' dir='ltr'><strong><em>P.</em></strong></span> <span class='ocrx_word' id='word_1_106' title='bbox 1709 1222 2031 1295; x_wconf 82' lang='grc' dir='ltr'>Μαρτύρετο</span> 
     </span>
    </p>
   </div>
   <div class='ocr_carea' id='block_1_16' title="bbox 896 1222 2492 1298">
    <p class='ocr_par' dir='ltr' id='par_1_16' title="bbox 897 1222 2492 1297">
     <span class='ocr_line' id='line_1_16' title="bbox 897 1222 2492 1297; baseline 0.004 -23"><span class='ocrx_word' id='word_1_107' title='bbox 897 1240 934 1275; x_wconf 91' lang='grc' dir='ltr'>ι.</span> <span class='ocrx_word' id='word_1_108' title='bbox 964 1222 1149 1278; x_wconf 83' lang='lat' dir='ltr'><strong><em>Eidem</em></strong></span> <span class='ocrx_word' id='word_1_109' title='bbox 1173 1227 1367 1280; x_wconf 83' lang='lat' dir='ltr'><strong><em>heroici</em></strong></span> <span class='ocrx_word' id='word_1_110' title='bbox 1384 1241 1579 1280; x_wconf 78' lang='lat' dir='ltr'><strong><em>versus.</em></strong></span> <span class='ocrx_word' id='word_1_111' title='bbox 1622 1223 1679 1278; x_wconf 88' lang='lat' dir='ltr'><strong><em>P.</em></strong></span> <span class='ocrx_word' id='word_1_112' title='bbox 1709 1222 2068 1295; x_wconf 81' lang='grc' dir='ltr'>Μαρτύρεται</span> <span class='ocrx_word' id='word_1_113' title='bbox 2105 1222 2291 1297; x_wconf 68' lang='grc' dir='ltr'>ἠέλοιο</span> <span class='ocrx_word' id='word_1_114' title='bbox 2310 1225 2492 1293; x_wconf 82' lang='grc' dir='ltr'>φύσις.</span> 
     </span>
    </p>
   </div>
   <div class='ocr_carea' id='block_1_17' title="bbox 444 1315 2040 1389">
    <p class='ocr_par' dir='ltr' id='par_1_17' title="bbox 444 1315 2040 1389">
     <span class='ocr_line' id='line_1_17' title="bbox 444 1315 2040 1389; baseline -0.004 -15"><span class='ocrx_word' id='word_1_115' title='bbox 444 1321 731 1389; x_wconf 78' lang='grc' dir='ltr'>Ἐλεγεῖοι.</span> <span class='ocrx_word' id='word_1_116' title='bbox 767 1317 1031 1386; x_wconf 69' lang='lat' dir='ltr'><strong><em>Elegiaei.’</em></strong></span> <span class='ocrx_word' id='word_1_117' title='bbox 1059 1317 1120 1372; x_wconf 87' lang='lat' dir='ltr'><strong><em>P.</em></strong></span> <span class='ocrx_word' id='word_1_118' title='bbox 1150 1321 1324 1389; x_wconf 74' lang='grc' dir='ltr'>Εἴπερ</span> <span class='ocrx_word' id='word_1_119' title='bbox 1351 1318 1431 1370; x_wconf 72' lang='grc' dir='ltr'>ἐνὶ</span> <span class='ocrx_word' id='word_1_120' title='bbox 1469 1315 1697 1387; x_wconf 78' lang='grc' dir='ltr'>χθονίοις</span> <span class='ocrx_word' id='word_1_121' title='bbox 1728 1317 1888 1385; x_wconf 79' lang='grc' dir='ltr'>γέντο</span> <span class='ocrx_word' id='word_1_122' title='bbox 1926 1317 2040 1385; x_wconf 63' lang='grc' dir='ltr'>θεμέ</span> 
     </span>
    </p>
   </div>
   <div class='ocr_carea' id='block_1_18' title="bbox 742 1315 2338 1389">
    <p class='ocr_par' dir='ltr' id='par_1_18' title="bbox 767 1315 2338 1389">
     <span class='ocr_line' id='line_1_18' title="bbox 767 1315 2338 1389; baseline 0.001 -18"><span class='ocrx_word' id='word_1_123' title='bbox 767 1317 1031 1386; x_wconf 69' lang='lat' dir='ltr'><strong><em>Elegiaei.’</em></strong></span> <span class='ocrx_word' id='word_1_124' title='bbox 1059 1317 1120 1372; x_wconf 87' lang='lat' dir='ltr'><strong><em>P.</em></strong></span> <span class='ocrx_word' id='word_1_125' title='bbox 1150 1321 1324 1389; x_wconf 74' lang='grc' dir='ltr'>Εἴπερ</span> <span class='ocrx_word' id='word_1_126' title='bbox 1351 1318 1431 1370; x_wconf 72' lang='grc' dir='ltr'>ἐνὶ</span> <span class='ocrx_word' id='word_1_127' title='bbox 1469 1315 1697 1387; x_wconf 78' lang='grc' dir='ltr'>χθονίοις</span> <span class='ocrx_word' id='word_1_128' title='bbox 1728 1317 1888 1385; x_wconf 79' lang='grc' dir='ltr'>γέντο</span> <span class='ocrx_word' id='word_1_129' title='bbox 1926 1317 2338 1385; x_wconf 88' lang='grc' dir='ltr'>θεμιστοπόλος.</span> 
     </span>
    </p>
   </div>
   <div class='ocr_carea' id='block_1_19' title="bbox 442 1407 2162 1482">
    <p class='ocr_par' dir='ltr' id='par_1_19' title="bbox 442 1407 2162 1482">
     <span class='ocr_line' id='line_1_19' title="bbox 442 1407 2162 1482; baseline -0.005 -15"><span class='ocrx_word' id='word_1_130' title='bbox 442 1411 897 1482; x_wconf 82' lang='grc' dir='ltr'>’Δνακρεόντειοι.</span> <span class='ocrx_word' id='word_1_131' title='bbox 923 1411 1309 1466; x_wconf 79' lang='lat' dir='ltr'><strong><em>Anacreontici.</em></strong></span> <span class='ocrx_word' id='word_1_132' title='bbox 1353 1408 1409 1462; x_wconf 70' lang='grc' dir='ltr'>Ι).</span> <span class='ocrx_word' id='word_1_133' title='bbox 1458 1410 1590 1477; x_wconf 80' lang='grc' dir='ltr'>Ἀγε</span> <span class='ocrx_word' id='word_1_134' title='bbox 1627 1426 1720 1478; x_wconf 87' lang='grc' dir='ltr'>μοι</span> <span class='ocrx_word' id='word_1_135' title='bbox 1750 1407 1869 1470; x_wconf 74' lang='grc' dir='ltr'>νοὸς</span> <span class='ocrx_word' id='word_1_136' title='bbox 1895 1407 2162 1476; x_wconf 81' lang='grc' dir='ltr'>γενάρχα.</span> 
     </span>
    </p>
   </div>
   <div class='ocr_carea' id='block_1_20' title="bbox 442 1494 3647 1576">
    <p class='ocr_par' dir='ltr' id='par_1_20' title="bbox 442 1494 3647 1576">
     <span class='ocr_line' id='line_1_20' title="bbox 442 1494 3647 1576; baseline -0.002 -16"><span class='ocrx_word' id='word_1_137' title='bbox 442 1507 569 1560; x_wconf 81' lang='grc' dir='ltr'>Ἐπὶ</span> <span class='ocrx_word' id='word_1_138' title='bbox 599 1505 676 1576; x_wconf 84' lang='grc' dir='ltr'>τῷ</span> <span class='ocrx_word' id='word_1_139' title='bbox 699 1503 800 1570; x_wconf 84' lang='grc' dir='ltr'>υίῷ</span> <span class='ocrx_word' id='word_1_140' title='bbox 828 1501 920 1557; x_wconf 83' lang='grc' dir='ltr'>τοῦ</span> <span class='ocrx_word' id='word_1_141' title='bbox 954 1501 1482 1570; x_wconf 76' lang='grc' dir='ltr'>πανυπερσεόάστου</span> <span class='ocrx_word' id='word_1_142' title='bbox 1531 1499 1699 1570; x_wconf 89' lang='grc' dir='ltr'>κυροῦ</span> <span class='ocrx_word' id='word_1_143' title='bbox 1734 1494 2059 1565; x_wconf 76' lang='grc' dir='ltr'>Νικηφόρον</span> <span class='ocrx_word' id='word_1_144' title='bbox 2107 1496 2201 1549; x_wconf 86' lang='grc' dir='ltr'>τοῦ</span> <span class='ocrx_word' id='word_1_145' title='bbox 2232 1495 2534 1568; x_wconf 79' lang='grc' dir='ltr'>Φορῦηνοῦ,</span> <span class='ocrx_word' id='word_1_146' title='bbox 2570 1495 2723 1569; x_wconf 85' lang='grc' dir='ltr'>κυρῷ</span> <span class='ocrx_word' id='word_1_147' title='bbox 2757 1495 3005 1569; x_wconf 62' lang='grc' dir='ltr'>’Δλεξίηλ</span> <span class='ocrx_word' id='word_1_148' title='bbox 3048 1496 3272 1569; x_wconf 76' lang='lat' dir='ltr'><strong><em>Deﬁlio</em></strong></span> <span class='ocrx_word' id='word_1_149' title='bbox 3324 1512 3647 1570; x_wconf 66' lang='lat' dir='ltr'><strong><em>pungpersco</em></strong></span> 
     </span>
    </p>
   </div>
   <div class='ocr_carea' id='block_1_21' title="bbox 362 1586 1958 1665">
    <p class='ocr_par' dir='ltr' id='par_1_21' title="bbox 362 1590 1958 1665">
     <span class='ocr_line' id='line_1_21' title="bbox 362 1590 1958 1665; baseline -0.008 -11"><span class='ocrx_word' id='word_1_150' title='bbox 362 1600 496 1656; x_wconf 65' lang='lat' dir='ltr'><strong><em>busti</em></strong></span> <span class='ocrx_word' id='word_1_151' title='bbox 520 1599 700 1651; x_wconf 83' lang='lat' dir='ltr'><strong><em>damni</em></strong></span> <span class='ocrx_word' id='word_1_152' title='bbox 729 1595 1017 1665; x_wconf 81' lang='lat' dir='ltr'><strong><em>Nicephori</em></strong></span> <span class='ocrx_word' id='word_1_153' title='bbox 1046 1592 1333 1660; x_wconf 81' lang='lat' dir='ltr'><strong><em>Phorbeni,</em></strong></span> <span class='ocrx_word' id='word_1_154' title='bbox 1369 1594 1563 1647; x_wconf 89' lang='lat' dir='ltr'><strong><em>domno</em></strong></span> <span class='ocrx_word' id='word_1_155' title='bbox 1598 1591 1808 1645; x_wconf 76' lang='lat' dir='ltr'><strong><em>Alexio.</em></strong></span> <span class='ocrx_word' id='word_1_156' title='bbox 1834 1590 1895 1645; x_wconf 90' lang='grc' dir='ltr'>Ρ.</span> <span class='ocrx_word' id='word_1_157' title='bbox 1933 1590 1958 1641; x_wconf 94' lang='grc' dir='ltr'>Ί</span> 
     </span>
    </p>
   </div>
   <div class='ocr_carea' id='block_1_22' title="bbox 1684 1586 3280 1665">
    <p class='ocr_par' dir='ltr' id='par_1_22' title="bbox 1684 1586 3280 1661">
     <span class='ocr_line' id='line_1_22' title="bbox 1684 1586 3280 1661; baseline 0.003 -18"><span class='ocrx_word' id='word_1_158' title='bbox 1684 1592 1808 1645; x_wconf 64' lang='lat' dir='ltr'><strong><em>ixio.</em></strong></span> <span class='ocrx_word' id='word_1_159' title='bbox 1834 1590 1895 1645; x_wconf 90' lang='grc' dir='ltr'>Ρ.</span> <span class='ocrx_word' id='word_1_160' title='bbox 1933 1589 2030 1652; x_wconf 78' lang='grc' dir='ltr'>Τίς</span> <span class='ocrx_word' id='word_1_161' title='bbox 2070 1586 2177 1643; x_wconf 78' lang='grc' dir='ltr'>οἶδε</span> <span class='ocrx_word' id='word_1_162' title='bbox 2207 1593 2386 1661; x_wconf 83' lang='grc' dir='ltr'>κῆπον</span> <span class='ocrx_word' id='word_1_163' title='bbox 2420 1589 2673 1660; x_wconf 84' lang='grc' dir='ltr'>ἀρετῶν;</span> <span class='ocrx_word' id='word_1_164' title='bbox 2702 1590 2926 1660; x_wconf 75' lang='grc' dir='ltr'>ἐλθέτω,</span> <span class='ocrx_word' id='word_1_165' title='bbox 2966 1590 3064 1647; x_wconf 87' lang='grc' dir='ltr'>νῦν</span> <span class='ocrx_word' id='word_1_166' title='bbox 3103 1591 3280 1648; x_wconf 83' lang='grc' dir='ltr'>ίδέτω.</span> 
     </span>
    </p>
   </div>
   <div class='ocr_carea' id='block_1_23' title="bbox 434 1687 3647 1762">
    <p class='ocr_par' dir='ltr' id='par_1_23' title="bbox 434 1687 3647 1762">
     <span class='ocr_line' id='line_1_23' title="bbox 434 1687 3647 1762; baseline -0.002 -13"><span class='ocrx_word' id='word_1_167' title='bbox 434 1695 528 1759; x_wconf 72' lang='lat' dir='ltr'><strong><em>Ei;</em></strong></span> <span class='ocrx_word' id='word_1_168' title='bbox 558 1695 688 1755; x_wconf 75' lang='grc' dir='ltr'>τοὺς</span> <span class='ocrx_word' id='word_1_169' title='bbox 743 1695 937 1757; x_wconf 79' lang='grc' dir='ltr'>παῖδας</span> <span class='ocrx_word' id='word_1_170' title='bbox 999 1690 1094 1745; x_wconf 87' lang='grc' dir='ltr'>τοῦ</span> <span class='ocrx_word' id='word_1_171' title='bbox 1169 1689 1691 1762; x_wconf 79' lang='grc' dir='ltr'>Πορφυρογεννήτου</span> <span class='ocrx_word' id='word_1_172' title='bbox 1752 1688 1845 1739; x_wconf 79' lang='grc' dir='ltr'>καὶ</span> <span class='ocrx_word' id='word_1_173' title='bbox 1887 1687 2392 1759; x_wconf 79' lang='grc' dir='ltr'>σεδαστοκράτορος</span> <span class='ocrx_word' id='word_1_174' title='bbox 2423 1687 2724 1753; x_wconf 88' lang='grc' dir='ltr'>Ἰσαακίου,</span> <span class='ocrx_word' id='word_1_175' title='bbox 2786 1689 2863 1751; x_wconf 85' lang='grc' dir='ltr'>ὡς</span> <span class='ocrx_word' id='word_1_176' title='bbox 2919 1688 3157 1752; x_wconf 73' lang='grc' dir='ltr'>ἀπόντος</span> <span class='ocrx_word' id='word_1_177' title='bbox 3192 1688 3290 1744; x_wconf 89' lang='grc' dir='ltr'>τοῦ</span> <span class='ocrx_word' id='word_1_178' title='bbox 3355 1689 3647 1761; x_wconf 80' lang='grc' dir='ltr'>βασιλέως,</span> 
     </span>
    </p>
   </div>
   <div class='ocr_carea' id='block_1_24' title="bbox 362 1778 3651 1856">
    <p class='ocr_par' dir='ltr' id='par_1_24' title="bbox 362 1778 3651 1856">
     <span class='ocr_line' id='line_1_24' title="bbox 362 1778 3651 1856; baseline -0.002 -14"><span class='ocrx_word' id='word_1_179' title='bbox 362 1786 431 1842; x_wconf 82' lang='grc' dir='ltr'><em>1η</em></span> <span class='ocrx_word' id='word_1_180' title='bbox 465 1787 608 1855; x_wconf 83' lang='lat' dir='ltr'><strong><em>ﬁlios</em></strong></span> <span class='ocrx_word' id='word_1_181' title='bbox 635 1783 1148 1856; x_wconf 79' lang='lat' dir='ltr'><strong><em>Porphyrogenneta:</em></strong></span> <span class='ocrx_word' id='word_1_182' title='bbox 1178 1793 1225 1836; x_wconf 88' lang='lat' dir='ltr'>et</span> <span class='ocrx_word' id='word_1_183' title='bbox 1256 1780 1692 1836; x_wconf 80' lang='lat' dir='ltr'><strong><em>sebustocratoris</em></strong></span> <span class='ocrx_word' id='word_1_184' title='bbox 1721 1779 1944 1845; x_wconf 84' lang='lat' dir='ltr'><strong><em>Isaacii,</em></strong></span> <span class='ocrx_word' id='word_1_185' title='bbox 1984 1791 2234 1852; x_wconf 89' lang='lat' dir='ltr'><strong><em>tanquam</em></strong></span> <span class='ocrx_word' id='word_1_186' title='bbox 2269 1783 2315 1837; x_wconf 89' lang='lat' dir='ltr'>si</span> <span class='ocrx_word' id='word_1_187' title='bbox 2353 1782 2554 1836; x_wconf 88' lang='lat' dir='ltr'><strong><em>abesset</em></strong></span> <span class='ocrx_word' id='word_1_188' title='bbox 2588 1783 2891 1852; x_wconf 75' lang='lat' dir='ltr'><strong><em>imperator.</em></strong></span> <span class='ocrx_word' id='word_1_189' title='bbox 2926 1778 2988 1835; x_wconf 86' lang='lat' dir='ltr'><strong><em>P.</em></strong></span> <span class='ocrx_word' id='word_1_190' title='bbox 3018 1782 3084 1834; x_wconf 82' lang='grc' dir='ltr'><strong>Ὢ</strong></span> <span class='ocrx_word' id='word_1_191' title='bbox 3130 1780 3327 1850; x_wconf 77' lang='grc' dir='ltr'>ζεῦγος</span> <span class='ocrx_word' id='word_1_192' title='bbox 3357 1785 3490 1838; x_wconf 82' lang='grc' dir='ltr'>υίῶν</span> <span class='ocrx_word' id='word_1_193' title='bbox 3521 1786 3651 1854; x_wconf 71' lang='grc' dir='ltr'>φιλ-ρ</span> 
     </span>
    </p>
   </div>
   <div class='ocr_carea' id='block_1_25' title="bbox 359 1877 565 1935">
    <p class='ocr_par' dir='ltr' id='par_1_25' title="bbox 359 1877 565 1935">
     <span class='ocr_line' id='line_1_25' title="bbox 359 1877 565 1935; baseline -0.019 0"><span class='ocrx_word' id='word_1_194' title='bbox 359 1877 565 1935; x_wconf 83' lang='grc' dir='ltr'>τάτιον.</span> 
     </span>
    </p>
   </div>
   <div class='ocr_carea' id='block_1_26' title="bbox 435 1962 2031 2044">
    <p class='ocr_par' dir='ltr' id='par_1_26' title="bbox 435 1962 2031 2044">
     <span class='ocr_line' id='line_1_26' title="bbox 435 1962 2031 2044; baseline -0.008 -15"><span class='ocrx_word' id='word_1_195' title='bbox 435 1971 791 2044; x_wconf 84' lang='grc' dir='ltr'>Πρόγραμμα</span> <span class='ocrx_word' id='word_1_196' title='bbox 833 1970 914 2032; x_wconf 86' lang='grc' dir='ltr'>είς</span> <span class='ocrx_word' id='word_1_197' title='bbox 943 1966 1232 2022; x_wconf 87' lang='grc' dir='ltr'>κοντάκιον</span> <span class='ocrx_word' id='word_1_198' title='bbox 1259 1964 1384 2036; x_wconf 76' lang='grc' dir='ltr'>ἔχον</span> <span class='ocrx_word' id='word_1_199' title='bbox 1431 1964 1594 2036; x_wconf 81' lang='grc' dir='ltr'>σχέδη</span> <span class='ocrx_word' id='word_1_200' title='bbox 1620 1965 1717 2020; x_wconf 88' lang='grc' dir='ltr'>τοῦ</span> <span class='ocrx_word' id='word_1_201' title='bbox 1754 1963 1924 2035; x_wconf 83' lang='grc' dir='ltr'>κυροῦ</span> <span class='ocrx_word' id='word_1_202' title='bbox 1964 1962 2031 2017; x_wconf 82' lang='lat' dir='ltr'>’la</span> 
     </span>
    </p>
   </div>
   <div class='ocr_carea' id='block_1_27' title="bbox 2050 1962 3646 2044">
    <p class='ocr_par' dir='ltr' id='par_1_27' title="bbox 2054 1963 3646 2034">
     <span class='ocr_line' id='line_1_27' title="bbox 2054 1963 3646 2034; baseline 0.003 -17"><span class='ocrx_word' id='word_1_203' title='bbox 2054 1965 2324 2019; x_wconf 74' lang='grc' dir='ltr'>αννικίου.</span> <span class='ocrx_word' id='word_1_204' title='bbox 2366 1963 2722 2034; x_wconf 84' lang='lat' dir='ltr'><strong><em>Progrumma</em></strong></span> <span class='ocrx_word' id='word_1_205' title='bbox 2764 1966 2823 2021; x_wconf 84' lang='lat' dir='ltr'>in</span> <span class='ocrx_word' id='word_1_206' title='bbox 2852 1967 3155 2022; x_wconf 90' lang='lat' dir='ltr'><strong><em>contacium</em></strong></span> <span class='ocrx_word' id='word_1_207' title='bbox 3189 1966 3387 2022; x_wconf 79' lang='lat' dir='ltr'>habens</span> <span class='ocrx_word' id='word_1_208' title='bbox 3423 1966 3646 2023; x_wconf 80' lang='lat' dir='ltr'><strong><em>schedus</em></strong></span> 
     </span>
    </p>
   </div>
   <div class='ocr_carea' id='block_1_28' title="bbox 362 2055 2091 2131">
    <p class='ocr_par' dir='ltr' id='par_1_28' title="bbox 362 2055 2091 2131">
     <span class='ocr_line' id='line_1_28' title="bbox 362 2055 2091 2131; baseline -0.005 -11"><span class='ocrx_word' id='word_1_209' title='bbox 362 2066 544 2122; x_wconf 87' lang='lat' dir='ltr'><strong><em>damni</em></strong></span> <span class='ocrx_word' id='word_1_210' title='bbox 575 2063 868 2120; x_wconf 82' lang='lat' dir='ltr'><strong><em>Joannicii.</em></strong></span> <span class='ocrx_word' id='word_1_211' title='bbox 897 2061 959 2117; x_wconf 93' lang='lat' dir='ltr'><strong><em>P.</em></strong></span> <span class='ocrx_word' id='word_1_212' title='bbox 991 2061 1183 2131; x_wconf 81' lang='grc' dir='ltr'>⁶¹Ηρως</span> <span class='ocrx_word' id='word_1_213' title='bbox 1210 2058 1535 2125; x_wconf 87' lang='grc' dir='ltr'>Ἰωαννίκιε,</span> <span class='ocrx_word' id='word_1_214' title='bbox 1581 2055 1885 2114; x_wconf 87' lang='grc' dir='ltr'>Ἰωαννίκιε</span> <span class='ocrx_word' id='word_1_215' title='bbox 1915 2058 2091 2128; x_wconf 75' lang='grc' dir='ltr'>ἣρως.</span> 
     </span>
    </p>
   </div>
   <div class='ocr_carea' id='block_1_29' title="bbox 435 2155 3652 2233">
    <p class='ocr_par' dir='ltr' id='par_1_29' title="bbox 435 2155 3652 2233">
     <span class='ocr_line' id='line_1_29' title="bbox 435 2155 3652 2233; baseline 0 -17"><span class='ocrx_word' id='word_1_216' title='bbox 435 2161 529 2233; x_wconf 81' lang='grc' dir='ltr'>Τῷ</span> <span class='ocrx_word' id='word_1_217' title='bbox 558 2158 817 2230; x_wconf 82' lang='grc' dir='ltr'>λογοθέτῃ</span> <span class='ocrx_word' id='word_1_218' title='bbox 851 2156 1004 2228; x_wconf 84' lang='grc' dir='ltr'>κυρῷ</span> <span class='ocrx_word' id='word_1_219' title='bbox 1040 2156 1295 2227; x_wconf 71' lang='grc' dir='ltr'>Στεφάνῳ</span> <span class='ocrx_word' id='word_1_220' title='bbox 1323 2156 1404 2228; x_wconf 80' lang='grc' dir='ltr'>τῷ</span> <span class='ocrx_word' id='word_1_221' title='bbox 1437 2156 1643 2228; x_wconf 71' lang='grc' dir='ltr'>Μέλδῃ,</span> <span class='ocrx_word' id='word_1_222' title='bbox 1677 2156 2074 2226; x_wconf 76' lang='grc' dir='ltr'>άπολογητικοὶ</span> <span class='ocrx_word' id='word_1_223' title='bbox 2110 2155 2203 2210; x_wconf 75' lang='grc' dir='ltr'>ἐπὶ</span> <span class='ocrx_word' id='word_1_224' title='bbox 2242 2158 2308 2224; x_wconf 84' lang='grc' dir='ltr'>τῇ</span> <span class='ocrx_word' id='word_1_225' title='bbox 2366 2155 2726 2228; x_wconf 80' lang='grc' dir='ltr'>ὑπερημερίᾳ</span> <span class='ocrx_word' id='word_1_226' title='bbox 2764 2157 2865 2225; x_wconf 83' lang='grc' dir='ltr'>τῆς</span> <span class='ocrx_word' id='word_1_227' title='bbox 2910 2160 2994 2223; x_wconf 89' lang='grc' dir='ltr'>είς</span> <span class='ocrx_word' id='word_1_228' title='bbox 3033 2159 3201 2214; x_wconf 80' lang='grc' dir='ltr'>αὐτὸν</span> <span class='ocrx_word' id='word_1_229' title='bbox 3236 2159 3528 2224; x_wconf 70' lang='grc' dir='ltr'>ἐλεύσεως.</span> <span class='ocrx_word' id='word_1_230' title='bbox 3567 2161 3652 2217; x_wconf 81' lang='lat' dir='ltr'>Ad</span> 
     </span>
    </p>
   </div>
   <div class='ocr_carea' id='block_1_30' title="bbox 363 2242 3656 2328">
    <p class='ocr_par' dir='ltr' id='par_1_30' title="bbox 363 2242 3656 2328">
     <span class='ocr_line' id='line_1_30' title="bbox 363 2242 3656 2328; baseline -0.001 -16"><span class='ocrx_word' id='word_1_231' title='bbox 363 2256 686 2328; x_wconf 85' lang='lat' dir='ltr'><strong><em>logothetum</em></strong></span> <span class='ocrx_word' id='word_1_232' title='bbox 719 2253 970 2306; x_wconf 84' lang='lat' dir='ltr'><strong><em>damnum</em></strong></span> <span class='ocrx_word' id='word_1_233' title='bbox 1009 2249 1335 2318; x_wconf 80' lang='lat' dir='ltr'><strong><em>Stephanum</em></strong></span> <span class='ocrx_word' id='word_1_234' title='bbox 1366 2242 1612 2317; x_wconf 81' lang='lat' dir='ltr'><strong><em>Meldem,</em></strong></span> <span class='ocrx_word' id='word_1_235' title='bbox 1639 2251 1962 2321; x_wconf 87' lang='lat' dir='ltr'><strong><em>responsorii</em></strong></span> <span class='ocrx_word' id='word_1_236' title='bbox 1987 2251 2050 2306; x_wconf 91' lang='lat' dir='ltr'>ob</span> <span class='ocrx_word' id='word_1_237' title='bbox 2096 2250 2405 2304; x_wconf 83' lang='lat' dir='ltr'><strong><em>dilationem</em></strong></span> <span class='ocrx_word' id='word_1_238' title='bbox 2437 2252 2577 2305; x_wconf 88' lang='lat' dir='ltr'><strong><em>ultra</em></strong></span> <span class='ocrx_word' id='word_1_239' title='bbox 2594 2251 2957 2320; x_wconf 73' lang='lat' dir='ltr'><strong><em>prwstitutum</em></strong></span> <span class='ocrx_word' id='word_1_240' title='bbox 2989 2252 3124 2308; x_wconf 78' lang='lat' dir='ltr'><strong><em>diem</em></strong></span> <span class='ocrx_word' id='word_1_241' title='bbox 3159 2255 3229 2308; x_wconf 87' lang='lat' dir='ltr'>ad</span> <span class='ocrx_word' id='word_1_242' title='bbox 3265 2254 3439 2323; x_wconf 88' lang='lat' dir='ltr'><strong><em>ipsum</em></strong></span> <span class='ocrx_word' id='word_1_243' title='bbox 3458 2256 3656 2309; x_wconf 53' lang='lat' dir='ltr'><strong><em>adven-</em></strong></span> 
     </span>
    </p>
   </div>
   <div class='ocr_carea' id='block_1_31' title="bbox 363 2343 1323 2415">
    <p class='ocr_par' dir='ltr' id='par_1_31' title="bbox 363 2343 1323 2415">
     <span class='ocr_line' id='line_1_31' title="bbox 363 2343 1323 2415; baseline -0.005 -14"><span class='ocrx_word' id='word_1_244' title='bbox 363 2358 469 2405; x_wconf 83' lang='lat' dir='ltr'><strong><em>tus.</em></strong></span> <span class='ocrx_word' id='word_1_245' title='bbox 509 2347 572 2405; x_wconf 87' lang='lat' dir='ltr'><strong><em>P.</em></strong></span> <span class='ocrx_word' id='word_1_246' title='bbox 606 2346 792 2415; x_wconf 86' lang='grc' dir='ltr'>Σῶτερ</span> <span class='ocrx_word' id='word_1_247' title='bbox 828 2343 930 2413; x_wconf 77' lang='grc' dir='ltr'>ἐμὲ</span> <span class='ocrx_word' id='word_1_248' title='bbox 970 2344 1323 2413; x_wconf 82' lang='grc' dir='ltr'>στεφάνωμα.</span> 
     </span>
    </p>
   </div>
   <div class='ocr_carea' id='block_1_32' title="bbox 434 2428 3729 2513">
    <p class='ocr_par' dir='ltr' id='par_1_32' title="bbox 434 2428 3729 2513">
     <span class='ocr_line' id='line_1_32' title="bbox 434 2428 3729 2513; baseline -0.001 -17"><span class='ocrx_word' id='word_1_249' title='bbox 434 2443 529 2505; x_wconf 78' lang='grc' dir='ltr'>Εἰς</span> <span class='ocrx_word' id='word_1_250' title='bbox 558 2442 657 2513; x_wconf 81' lang='grc' dir='ltr'>τὴν</span> <span class='ocrx_word' id='word_1_251' title='bbox 684 2436 994 2508; x_wconf 86' lang='grc' dir='ltr'>σοφοτάτην</span> <span class='ocrx_word' id='word_1_252' title='bbox 1025 2436 1546 2507; x_wconf 75' lang='grc' dir='ltr'>Πορφυρογὲννητον</span> <span class='ocrx_word' id='word_1_253' title='bbox 1608 2437 1980 2506; x_wconf 82' lang='grc' dir='ltr'>καισάρισσαν</span> <span class='ocrx_word' id='word_1_254' title='bbox 2038 2436 2216 2506; x_wconf 79' lang='grc' dir='ltr'>κυρὰν</span> <span class='ocrx_word' id='word_1_255' title='bbox 2248 2437 2452 2491; x_wconf 77' lang='grc' dir='ltr'>’Ἅνναν</span> <span class='ocrx_word' id='word_1_256' title='bbox 2503 2437 2606 2505; x_wconf 83' lang='grc' dir='ltr'>τὴν</span> <span class='ocrx_word' id='word_1_257' title='bbox 2647 2436 2952 2491; x_wconf 85' lang='grc' dir='ltr'>Δούκαιναν</span> <span class='ocrx_word' id='word_1_258' title='bbox 2978 2437 3112 2510; x_wconf 77' lang='grc' dir='ltr'>περὶ</span> <span class='ocrx_word' id='word_1_259' title='bbox 3159 2436 3270 2490; x_wconf 82' lang='grc' dir='ltr'>τῶν</span> <span class='ocrx_word' id='word_1_260' title='bbox 3318 2437 3547 2508; x_wconf 81' lang='grc' dir='ltr'>ἑαυτῆς.</span> <span class='ocrx_word' id='word_1_261' title='bbox 3584 2435 3652 2495; x_wconf 76' lang='lat' dir='ltr'><strong><em>In</em></strong></span> <span class='ocrx_word' id='word_1_262' title='bbox 3726 2428 3729 2429; x_wconf 14' lang='grc' dir='ltr'><em>ν</em></span> 
     </span>
    </p>
   </div>
   <div class='ocr_carea' id='block_1_33' title="bbox 363 2528 3655 2604">
    <p class='ocr_par' dir='ltr' id='par_1_33' title="bbox 363 2528 3655 2604">
     <span class='ocr_line' id='line_1_33' title="bbox 363 2528 3655 2604; baseline -0.001 -15"><span class='ocrx_word' id='word_1_263' title='bbox 363 2534 813 2604; x_wconf 87' lang='lat' dir='ltr'><strong><em>sapientissimum</em></strong></span> <span class='ocrx_word' id='word_1_264' title='bbox 847 2530 1387 2601; x_wconf 79' lang='lat' dir='ltr'><strong><em>porphyrogennetam</em></strong></span> <span class='ocrx_word' id='word_1_265' title='bbox 1438 2528 1788 2584; x_wconf 73' lang='lat' dir='ltr'><strong><em>Cazsarissam</em></strong></span> <span class='ocrx_word' id='word_1_266' title='bbox 1815 2529 2063 2586; x_wconf 77' lang='lat' dir='ltr'><strong><em>damnant</em></strong></span> <span class='ocrx_word' id='word_1_267' title='bbox 2110 2529 2320 2585; x_wconf 81' lang='lat' dir='ltr'><strong><em>Annam</em></strong></span> <span class='ocrx_word' id='word_1_268' title='bbox 2367 2529 2661 2585; x_wconf 74' lang='lat' dir='ltr'><strong><em>Dneaenam</em></strong></span> <span class='ocrx_word' id='word_1_269' title='bbox 2688 2535 2755 2584; x_wconf 87' lang='lat' dir='ltr'>de</span> <span class='ocrx_word' id='word_1_270' title='bbox 2794 2530 2948 2585; x_wconf 91' lang='lat' dir='ltr'><strong><em>rebus</em></strong></span> <span class='ocrx_word' id='word_1_271' title='bbox 2975 2533 3114 2586; x_wconf 90' lang='lat' dir='ltr'><strong><em>suis.</em></strong></span> <span class='ocrx_word' id='word_1_272' title='bbox 3160 2528 3225 2585; x_wconf 73' lang='lat' dir='ltr'>P;</span> <span class='ocrx_word' id='word_1_273' title='bbox 3256 2530 3453 2597; x_wconf 82' lang='grc' dir='ltr'>Κλῦθι,</span> <span class='ocrx_word' id='word_1_274' title='bbox 3481 2530 3655 2603; x_wconf 63' lang='lat' dir='ltr'><strong><em>Tm;</em></strong></span> 
     </span>
    </p>
   </div>
   <div class='ocr_carea' id='block_1_34' title="bbox 368 2624 760 2698">
    <p class='ocr_par' dir='ltr' id='par_1_34' title="bbox 368 2624 760 2698">
     <span class='ocr_line' id='line_1_34' title="bbox 368 2624 760 2698; baseline -0.013 -16"><span class='ocrx_word' id='word_1_275' title='bbox 368 2624 494 2698; x_wconf 78' lang='grc' dir='ltr'>μέγ’</span> <span class='ocrx_word' id='word_1_276' title='bbox 524 2625 760 2680; x_wconf 78' lang='grc' dir='ltr'>ἄνασσα.</span> 
     </span>
    </p>
   </div>
   <div class='ocr_carea' id='block_1_35' title="bbox 436 2713 3647 2789">
    <p class='ocr_par' dir='ltr' id='par_1_35' title="bbox 436 2713 3647 2789">
     <span class='ocr_line' id='line_1_35' title="bbox 436 2713 3647 2789; baseline -0.002 -16"><span class='ocrx_word' id='word_1_277' title='bbox 436 2721 534 2782; x_wconf 89' lang='grc' dir='ltr'>Είς</span> <span class='ocrx_word' id='word_1_278' title='bbox 554 2719 654 2789; x_wconf 75' lang='grc' dir='ltr'>τὴν</span> <span class='ocrx_word' id='word_1_279' title='bbox 685 2715 1009 2788; x_wconf 77' lang='grc' dir='ltr'>βασίλισσαν</span> <span class='ocrx_word' id='word_1_280' title='bbox 1040 2715 1213 2788; x_wconf 74' lang='grc' dir='ltr'>κυράν</span> <span class='ocrx_word' id='word_1_281' title='bbox 1265 2714 1508 2786; x_wconf 78' lang='grc' dir='ltr'>Εἰρήνην</span> <span class='ocrx_word' id='word_1_282' title='bbox 1550 2714 1648 2786; x_wconf 82' lang='grc' dir='ltr'>τὴν</span> <span class='ocrx_word' id='word_1_283' title='bbox 1677 2713 1979 2768; x_wconf 80' lang='grc' dir='ltr'>Δούκαιναν</span> <span class='ocrx_word' id='word_1_284' title='bbox 2019 2714 2114 2767; x_wconf 77' lang='grc' dir='ltr'>ἐπὶ</span> <span class='ocrx_word' id='word_1_285' title='bbox 2144 2714 2223 2787; x_wconf 87' lang='grc' dir='ltr'>τῷ</span> <span class='ocrx_word' id='word_1_286' title='bbox 2270 2715 2492 2785; x_wconf 83' lang='grc' dir='ltr'>θανάτῳ</span> <span class='ocrx_word' id='word_1_287' title='bbox 2549 2716 2644 2771; x_wconf 88' lang='grc' dir='ltr'>τοῦ</span> <span class='ocrx_word' id='word_1_288' title='bbox 2706 2715 3216 2787; x_wconf 76' lang='grc' dir='ltr'>σεϐαστοκράτορος</span> <span class='ocrx_word' id='word_1_289' title='bbox 3277 2714 3397 2773; x_wconf 82' lang='grc' dir='ltr'>υιοῦ</span> <span class='ocrx_word' id='word_1_290' title='bbox 3453 2714 3647 2787; x_wconf 77' lang='grc' dir='ltr'>αὐτῆς.</span> 
     </span>
    </p>
   </div>
   <div class='ocr_carea' id='block_1_36' title="bbox 382 2808 3656 2885">
    <p class='ocr_par' dir='ltr' id='par_1_36' title="bbox 382 2808 3656 2885">
     <span class='ocr_line' id='line_1_36' title="bbox 382 2808 3656 2885; baseline -0.001 -17"><span class='ocrx_word' id='word_1_291' title='bbox 382 2811 612 2885; x_wconf 79' lang='grc' dir='ltr'>Ἦρῷοι.</span> <span class='ocrx_word' id='word_1_292' title='bbox 649 2811 713 2868; x_wconf 84' lang='lat' dir='ltr'><strong><em>In</em></strong></span> <span class='ocrx_word' id='word_1_293' title='bbox 743 2813 1130 2880; x_wconf 77' lang='lat' dir='ltr'><strong><em>imperatricem</em></strong></span> <span class='ocrx_word' id='word_1_294' title='bbox 1186 2812 1436 2864; x_wconf 88' lang='lat' dir='ltr'><strong><em>damnum</em></strong></span> <span class='ocrx_word' id='word_1_295' title='bbox 1472 2808 1678 2864; x_wconf 88' lang='lat' dir='ltr'><strong><em>lrenem</em></strong></span> <span class='ocrx_word' id='word_1_296' title='bbox 1713 2808 2007 2865; x_wconf 77' lang='lat' dir='ltr'><strong><em>Ducwnam</em></strong></span> <span class='ocrx_word' id='word_1_297' title='bbox 2037 2810 2093 2864; x_wconf 90' lang='lat' dir='ltr'><strong><em>in</em></strong></span> <span class='ocrx_word' id='word_1_298' title='bbox 2123 2821 2290 2867; x_wconf 89' lang='lat' dir='ltr'><strong><em>morte</em></strong></span> <span class='ocrx_word' id='word_1_299' title='bbox 2339 2813 2772 2867; x_wconf 81' lang='lat' dir='ltr'><strong><em>sebastocratoris</em></strong></span> <span class='ocrx_word' id='word_1_300' title='bbox 2800 2812 3196 2881; x_wconf 53' lang='lat' dir='ltr'><strong><em>ﬁliiuﬂeroici.</em></strong></span> <span class='ocrx_word' id='word_1_301' title='bbox 3226 2811 3291 2868; x_wconf 88' lang='lat' dir='ltr'><strong><em>P.</em></strong></span> <span class='ocrx_word' id='word_1_302' title='bbox 3345 2810 3435 2877; x_wconf 82' lang='grc' dir='ltr'>Ὦς</span> <span class='ocrx_word' id='word_1_303' title='bbox 3463 2810 3656 2881; x_wconf 78' lang='grc' dir='ltr'>δφελον</span> 
     </span>
    </p>
   </div>
   <div class='ocr_carea' id='block_1_37' title="bbox 367 2905 646 2978">
    <p class='ocr_par' dir='ltr' id='par_1_37' title="bbox 367 2905 646 2978">
     <span class='ocr_line' id='line_1_37' title="bbox 367 2905 646 2978; baseline 0 -19"><span class='ocrx_word' id='word_1_304' title='bbox 367 2905 646 2978; x_wconf 70' lang='grc' dir='ltr'>βασίλεια.</span> 
     </span>
    </p>
   </div>
   <div class='ocr_carea' id='block_1_38' title="bbox 449 2994 2045 3070">
    <p class='ocr_par' dir='ltr' id='par_1_38' title="bbox 449 2994 2045 3070">
     <span class='ocr_line' id='line_1_38' title="bbox 449 2994 2045 3070; baseline -0.003 -18"><span class='ocrx_word' id='word_1_305' title='bbox 449 2996 764 3068; x_wconf 80' lang='grc' dir='ltr'>Ἐπιτάφιοι</span> <span class='ocrx_word' id='word_1_306' title='bbox 794 2998 858 3067; x_wconf 77' lang='grc' dir='ltr'>τῇ</span> <span class='ocrx_word' id='word_1_307' title='bbox 904 2996 1227 3070; x_wconf 85' lang='grc' dir='ltr'>μακαρίτιδι</span> <span class='ocrx_word' id='word_1_308' title='bbox 1271 2994 1562 3069; x_wconf 82' lang='grc' dir='ltr'>βασιλίσσῃ</span> <span class='ocrx_word' id='word_1_309' title='bbox 1607 2995 1899 3066; x_wconf 86' lang='grc' dir='ltr'>Ῥωμαίων</span> <span class='ocrx_word' id='word_1_310' title='bbox 1951 2994 2045 3068; x_wconf 83' lang='grc' dir='ltr'>Είρ</span> 
     </span>
    </p>
   </div>
   <div class='ocr_carea' id='block_1_39' title="bbox 2057 2994 3653 3070">
    <p class='ocr_par' dir='ltr' id='par_1_39' title="bbox 2057 2995 3653 3069">
     <span class='ocr_line' id='line_1_39' title="bbox 2057 2995 3653 3069; baseline 0.004 -22"><span class='ocrx_word' id='word_1_311' title='bbox 2057 2995 2181 3068; x_wconf 80' lang='grc' dir='ltr'>ήνῃ,</span> <span class='ocrx_word' id='word_1_312' title='bbox 2213 2996 2291 3061; x_wconf 86' lang='grc' dir='ltr'>ὠς</span> <span class='ocrx_word' id='word_1_313' title='bbox 2319 2998 2719 3069; x_wconf 81' lang='grc' dir='ltr'>ἀποκειμένης.</span> <span class='ocrx_word' id='word_1_314' title='bbox 2750 2996 3085 3067; x_wconf 87' lang='lat' dir='ltr'><strong><em>Sepulcrales</em></strong></span> <span class='ocrx_word' id='word_1_315' title='bbox 3108 2998 3163 3052; x_wconf 89' lang='lat' dir='ltr'>in</span> <span class='ocrx_word' id='word_1_316' title='bbox 3193 2997 3343 3053; x_wconf 70' lang='lat' dir='ltr'><strong><em>bona</em></strong></span> <span class='ocrx_word' id='word_1_317' title='bbox 3384 2995 3653 3053; x_wconf 75' lang='lat' dir='ltr'>memoria</span> 
     </span>
    </p>
   </div>
   <div class='ocr_carea' id='block_1_40' title="bbox 367 3081 1963 3161">
    <p class='ocr_par' dir='ltr' id='par_1_40' title="bbox 367 3081 1958 3157">
     <span class='ocr_line' id='line_1_40' title="bbox 367 3081 1958 3157; baseline 0.001 -18"><span class='ocrx_word' id='word_1_318' title='bbox 367 3081 756 3155; x_wconf 79' lang='lat' dir='ltr'><strong><em>imperatricem</em></strong></span> <span class='ocrx_word' id='word_1_319' title='bbox 782 3087 1139 3148; x_wconf 84' lang='lat' dir='ltr'><strong><em>Romanorum</em></strong></span> <span class='ocrx_word' id='word_1_320' title='bbox 1169 3086 1397 3141; x_wconf 84' lang='lat' dir='ltr'><strong><em>Irenem.</em></strong></span> <span class='ocrx_word' id='word_1_321' title='bbox 1431 3086 1693 3157; x_wconf 79' lang='lat' dir='ltr'><strong><em>Defunctu</em></strong></span> <span class='ocrx_word' id='word_1_322' title='bbox 1720 3087 1958 3156; x_wconf 85' lang='lat' dir='ltr'><strong><em>loquitur</em></strong></span> 
     </span>
    </p>
   </div>
   <div class='ocr_carea' id='block_1_41' title="bbox 1668 3081 3264 3161">
    <p class='ocr_par' dir='ltr' id='par_1_41' title="bbox 1668 3086 3264 3161">
     <span class='ocr_line' id='line_1_41' title="bbox 1668 3086 3264 3161; baseline 0.001 -21"><span class='ocrx_word' id='word_1_323' title='bbox 1668 3106 1693 3140; x_wconf 90' lang='lat' dir='ltr'>u</span> <span class='ocrx_word' id='word_1_324' title='bbox 1720 3087 1978 3156; x_wconf 84' lang='lat' dir='ltr'><strong><em>loquitur.</em></strong></span> <span class='ocrx_word' id='word_1_325' title='bbox 2010 3086 2071 3141; x_wconf 89' lang='lat' dir='ltr'><strong><em>P.</em></strong></span> <span class='ocrx_word' id='word_1_326' title='bbox 2100 3088 2169 3140; x_wconf 81' lang='grc' dir='ltr'>Εἴ</span> <span class='ocrx_word' id='word_1_327' title='bbox 2189 3106 2276 3152; x_wconf 88' lang='grc' dir='ltr'>τις</span> <span class='ocrx_word' id='word_1_328' title='bbox 2302 3089 2465 3159; x_wconf 88' lang='grc' dir='ltr'>νόμος</span> <span class='ocrx_word' id='word_1_329' title='bbox 2485 3090 2670 3143; x_wconf 85' lang='grc' dir='ltr'>δίδωσι</span> <span class='ocrx_word' id='word_1_330' title='bbox 2707 3091 2801 3144; x_wconf 78' lang='grc' dir='ltr'>καὶ</span> <span class='ocrx_word' id='word_1_331' title='bbox 2821 3091 3038 3161; x_wconf 79' lang='grc' dir='ltr'>νεκροῖς</span> <span class='ocrx_word' id='word_1_332' title='bbox 3064 3088 3264 3160; x_wconf 84' lang='grc' dir='ltr'>λέγειν.</span> 
     </span>
    </p>
   </div>
   <div class='ocr_carea' id='block_1_42' title="bbox 443 3179 2039 3255">
    <p class='ocr_par' dir='ltr' id='par_1_42' title="bbox 443 3179 2036 3255">
     <span class='ocr_line' id='line_1_42' title="bbox 443 3179 2036 3255; baseline -0.002 -18"><span class='ocrx_word' id='word_1_333' title='bbox 443 3182 539 3247; x_wconf 83' lang='grc' dir='ltr'>Εἰς</span> <span class='ocrx_word' id='word_1_334' title='bbox 567 3181 666 3255; x_wconf 75' lang='grc' dir='ltr'>τὴν</span> <span class='ocrx_word' id='word_1_335' title='bbox 703 3180 1081 3252; x_wconf 80' lang='grc' dir='ltr'>στεφηφορίαν</span> <span class='ocrx_word' id='word_1_336' title='bbox 1109 3179 1352 3247; x_wconf 78' lang='grc' dir='ltr'>’Δλεξίου</span> <span class='ocrx_word' id='word_1_337' title='bbox 1382 3181 1476 3241; x_wconf 80' lang='grc' dir='ltr'>τοῦ</span> <span class='ocrx_word' id='word_1_338' title='bbox 1512 3180 1802 3251; x_wconf 82' lang='grc' dir='ltr'>Κομνηνοῦ</span> <span class='ocrx_word' id='word_1_339' title='bbox 1834 3182 1934 3251; x_wconf 84' lang='grc'>(6).</span> <span class='ocrx_word' id='word_1_340' title='bbox 1966 3179 2036 3234; x_wconf 83' lang='lat' dir='ltr'><strong><em>In</em></strong></span> 
     </span>
    </p>
   </div>
   <div class='ocr_carea' id='block_1_43' title="bbox 1946 3179 3542 3255">
    <p class='ocr_par' dir='ltr' id='par_1_43' title="bbox 1966 3179 3542 3254">
     <span class='ocr_line' id='line_1_43' title="bbox 1966 3179 3542 3254; baseline 0.004 -21"><span class='ocrx_word' id='word_1_341' title='bbox 1966 3179 2036 3234; x_wconf 83' lang='lat' dir='ltr'><strong><em>In</em></strong></span> <span class='ocrx_word' id='word_1_342' title='bbox 2066 3185 2465 3237; x_wconf 87' lang='lat' dir='ltr'><strong><em>coronationem</em></strong></span> <span class='ocrx_word' id='word_1_343' title='bbox 2491 3184 2663 3239; x_wconf 77' lang='lat' dir='ltr'><strong><em>Alexii</em></strong></span> <span class='ocrx_word' id='word_1_344' title='bbox 2698 3182 2972 3239; x_wconf 89' lang='lat' dir='ltr'><strong><em>Comneni.</em></strong></span> <span class='ocrx_word' id='word_1_345' title='bbox 2998 3183 3061 3239; x_wconf 86' lang='lat' dir='ltr'><strong><em>P.</em></strong></span> <span class='ocrx_word' id='word_1_346' title='bbox 3091 3183 3251 3238; x_wconf 84' lang='grc' dir='ltr'>Ἥλιε</span> <span class='ocrx_word' id='word_1_347' title='bbox 3296 3180 3542 3254; x_wconf 84' lang='grc' dir='ltr'>Ῥώμης.</span> 
     </span>
    </p>
   </div>
   <div class='ocr_carea' id='block_1_44' title="bbox 446 3272 2042 3349">
    <p class='ocr_par' dir='ltr' id='par_1_44' title="bbox 446 3272 2042 3348">
     <span class='ocr_line' id='line_1_44' title="bbox 446 3272 2042 3348; baseline -0.001 -19"><span class='ocrx_word' id='word_1_348' title='bbox 446 3274 657 3348; x_wconf 77' lang='grc' dir='ltr'>’Υμνος</span> <span class='ocrx_word' id='word_1_349' title='bbox 685 3275 764 3348; x_wconf 80' lang='grc' dir='ltr'>τῷ</span> <span class='ocrx_word' id='word_1_350' title='bbox 792 3275 1011 3346; x_wconf 79' lang='grc' dir='ltr'>βασιλεῖ</span> <span class='ocrx_word' id='word_1_351' title='bbox 1037 3272 1193 3345; x_wconf 88' lang='grc' dir='ltr'>κυρῷ</span> <span class='ocrx_word' id='word_1_352' title='bbox 1222 3274 1451 3347; x_wconf 78' lang='grc' dir='ltr'>Ἰωάννῃ</span> <span class='ocrx_word' id='word_1_353' title='bbox 1482 3274 1575 3329; x_wconf 74' lang='grc' dir='ltr'>ἐπὶ</span> <span class='ocrx_word' id='word_1_354' title='bbox 1600 3277 1664 3345; x_wconf 82' lang='grc' dir='ltr'>τῇ</span> <span class='ocrx_word' id='word_1_355' title='bbox 1689 3273 1932 3345; x_wconf 81' lang='grc' dir='ltr'>Χριστοῦ</span> <span class='ocrx_word' id='word_1_356' title='bbox 1967 3291 2042 3344; x_wconf 73' lang='grc' dir='ltr'>γε⁴</span> 
     </span>
    </p>
   </div>
   <div class='ocr_carea' id='block_1_45' title="bbox 2064 3272 3660 3349">
    <p class='ocr_par' dir='ltr' id='par_1_45' title="bbox 2069 3275 3660 3349">
     <span class='ocr_line' id='line_1_45' title="bbox 2069 3275 3660 3349; baseline 0.002 -20"><span class='ocrx_word' id='word_1_357' title='bbox 2069 3275 2248 3344; x_wconf 86' lang='grc' dir='ltr'>νήσει.</span> <span class='ocrx_word' id='word_1_358' title='bbox 2286 3276 2529 3346; x_wconf 85' lang='lat' dir='ltr'><strong><em>Hymnus</em></strong></span> <span class='ocrx_word' id='word_1_359' title='bbox 2576 3278 2885 3349; x_wconf 87' lang='lat' dir='ltr'><strong><em>imperatori</em></strong></span> <span class='ocrx_word' id='word_1_360' title='bbox 2909 3281 3105 3334; x_wconf 86' lang='lat' dir='ltr'><strong><em>domno</em></strong></span> <span class='ocrx_word' id='word_1_361' title='bbox 3141 3276 3343 3334; x_wconf 78' lang='lat' dir='ltr'><strong><em>loanni</em></strong></span> <span class='ocrx_word' id='word_1_362' title='bbox 3389 3276 3660 3333; x_wconf 83' lang='lat' dir='ltr'><strong><em>Comneno</em></strong></span> 
     </span>
    </p>
   </div>
   <div class='ocr_carea' id='block_1_46' title="bbox 368 3369 1964 3441">
    <p class='ocr_par' dir='ltr' id='par_1_46' title="bbox 368 3369 1964 3441">
     <span class='ocr_line' id='line_1_46' title="bbox 368 3369 1964 3441; baseline -0.002 -14"><span class='ocrx_word' id='word_1_363' title='bbox 368 3372 425 3427; x_wconf 89' lang='lat' dir='ltr'>in</span> <span class='ocrx_word' id='word_1_364' title='bbox 461 3373 548 3427; x_wconf 87' lang='lat' dir='ltr'>die</span> <span class='ocrx_word' id='word_1_365' title='bbox 581 3374 754 3427; x_wconf 86' lang='lat' dir='ltr'><strong><em>natali</em></strong></span> <span class='ocrx_word' id='word_1_366' title='bbox 786 3371 1008 3427; x_wconf 77' lang='lat' dir='ltr'>Christi.</span> <span class='ocrx_word' id='word_1_367' title='bbox 1040 3371 1101 3426; x_wconf 85' lang='grc' dir='ltr'>Ρ.</span> <span class='ocrx_word' id='word_1_368' title='bbox 1132 3370 1302 3424; x_wconf 85' lang='grc' dir='ltr'>Πάλιν</span> <span class='ocrx_word' id='word_1_369' title='bbox 1326 3370 1607 3439; x_wconf 79' lang='grc' dir='ltr'>γενέθλιον</span> <span class='ocrx_word' id='word_1_370' title='bbox 1646 3369 1910 3441; x_wconf 79' lang='grc' dir='ltr'>Χριστοῦ,</span> <span class='ocrx_word' id='word_1_371' title='bbox 1945 3387 1964 3424; x_wconf 64' lang='grc' dir='ltr'>ι</span> 
     </span>
    </p>
   </div>
   <div class='ocr_carea' id='block_1_47' title="bbox 924 3369 2520 3441">
    <p class='ocr_par' dir='ltr' id='par_1_47' title="bbox 924 3369 2520 3441">
     <span class='ocr_line' id='line_1_47' title="bbox 924 3369 2520 3441; baseline 0.002 -15"><span class='ocrx_word' id='word_1_372' title='bbox 924 3373 1008 3426; x_wconf 81' lang='lat' dir='ltr'><strong><em>sli.</em></strong></span> <span class='ocrx_word' id='word_1_373' title='bbox 1040 3371 1101 3426; x_wconf 85' lang='grc' dir='ltr'>Ρ.</span> <span class='ocrx_word' id='word_1_374' title='bbox 1132 3370 1302 3424; x_wconf 85' lang='grc' dir='ltr'>Πάλιν</span> <span class='ocrx_word' id='word_1_375' title='bbox 1326 3370 1607 3439; x_wconf 79' lang='grc' dir='ltr'>γενέθλιον</span> <span class='ocrx_word' id='word_1_376' title='bbox 1646 3369 1910 3441; x_wconf 79' lang='grc' dir='ltr'>Χριστοῦ,</span> <span class='ocrx_word' id='word_1_377' title='bbox 1945 3371 2041 3424; x_wconf 87' lang='grc' dir='ltr'>καί</span> <span class='ocrx_word' id='word_1_378' title='bbox 2064 3369 2194 3441; x_wconf 85' lang='grc' dir='ltr'>νίκη</span> <span class='ocrx_word' id='word_1_379' title='bbox 2225 3369 2520 3441; x_wconf 76' lang='grc' dir='ltr'>βασιλέως.</span> 
     </span>
    </p>
   </div>
   <div class='ocr_carea' id='block_1_48' title="bbox 436 3462 1478 3535">
    <p class='ocr_par' dir='ltr' id='par_1_48' title="bbox 436 3462 1478 3535">
     <span class='ocr_line' id='line_1_48' title="bbox 436 3462 1478 3535; baseline -0.005 -14"><span class='ocrx_word' id='word_1_380' title='bbox 436 3465 619 3521; x_wconf 81' lang='lat' dir='ltr'><strong><em>Aliud.</em></strong></span> <span class='ocrx_word' id='word_1_381' title='bbox 647 3464 709 3519; x_wconf 88' lang='lat' dir='ltr'><strong><em>P.</em></strong></span> <span class='ocrx_word' id='word_1_382' title='bbox 746 3463 1074 3535; x_wconf 80' lang='grc' dir='ltr'>Εὐχαριστῶ</span> <span class='ocrx_word' id='word_1_383' title='bbox 1104 3478 1205 3531; x_wconf 91' lang='grc' dir='ltr'>μου</span> <span class='ocrx_word' id='word_1_384' title='bbox 1229 3462 1307 3531; x_wconf 84' lang='grc' dir='ltr'>τῷ</span> <span class='ocrx_word' id='word_1_385' title='bbox 1337 3463 1478 3533; x_wconf 80' lang='grc' dir='ltr'>Θεῷ.</span> 
     </span>
    </p>
   </div>
   <div class='ocr_carea' id='block_1_49' title="bbox 443 3551 1542 3629">
    <p class='ocr_par' dir='ltr' id='par_1_49' title="bbox 443 3551 1542 3629">
     <span class='ocr_line' id='line_1_49' title="bbox 443 3551 1542 3629; baseline -0.003 -16"><span class='ocrx_word' id='word_1_386' title='bbox 443 3560 624 3613; x_wconf 79' lang='lat' dir='ltr'><strong><em>Aliud.</em></strong></span> <span class='ocrx_word' id='word_1_387' title='bbox 656 3557 716 3612; x_wconf 88' lang='lat' dir='ltr'><strong><em>P.</em></strong></span> <span class='ocrx_word' id='word_1_388' title='bbox 762 3557 882 3629; x_wconf 81' lang='grc' dir='ltr'>Ἀφ’</span> <span class='ocrx_word' id='word_1_389' title='bbox 908 3551 971 3612; x_wconf 65' lang='grc' dir='ltr'>οὗ</span> <span class='ocrx_word' id='word_1_390' title='bbox 1000 3553 1135 3617; x_wconf 84' lang='grc' dir='ltr'>Θεός</span> <span class='ocrx_word' id='word_1_391' title='bbox 1166 3569 1270 3617; x_wconf 86' lang='grc' dir='ltr'>σοι,</span> <span class='ocrx_word' id='word_1_392' title='bbox 1296 3553 1542 3624; x_wconf 75' lang='grc' dir='ltr'>βασιλεῦ.</span> 
     </span>
    </p>
   </div>
   <div class='ocr_carea' id='block_1_50' title="bbox 445 3649 2041 3726">
    <p class='ocr_par' dir='ltr' id='par_1_50' title="bbox 445 3649 2041 3724">
     <span class='ocr_line' id='line_1_50' title="bbox 445 3649 2041 3724; baseline -0.001 -18"><span class='ocrx_word' id='word_1_393' title='bbox 445 3653 659 3723; x_wconf 82' lang='grc' dir='ltr'>’Υμνος</span> <span class='ocrx_word' id='word_1_394' title='bbox 693 3651 772 3722; x_wconf 80' lang='grc' dir='ltr'>τῷ</span> <span class='ocrx_word' id='word_1_395' title='bbox 825 3651 1040 3721; x_wconf 86' lang='grc' dir='ltr'>βασιλεί</span> <span class='ocrx_word' id='word_1_396' title='bbox 1080 3653 1233 3724; x_wconf 91' lang='grc' dir='ltr'>κυρῷ</span> <span class='ocrx_word' id='word_1_397' title='bbox 1264 3653 1488 3723; x_wconf 71' lang='grc' dir='ltr'>Ἰωάννῃ</span> <span class='ocrx_word' id='word_1_398' title='bbox 1552 3650 1627 3720; x_wconf 80' lang='grc' dir='ltr'>τῷ</span> <span class='ocrx_word' id='word_1_399' title='bbox 1662 3649 1937 3723; x_wconf 84' lang='grc' dir='ltr'>Κομνηνῷ</span> <span class='ocrx_word' id='word_1_400' title='bbox 1989 3653 2041 3706; x_wconf 72' lang='grc' dir='ltr'>ἐπ</span> 
     </span>
    </p>
   </div>
   <div class='ocr_carea' id='block_1_51' title="bbox 2058 3649 3654 3726">
    <p class='ocr_par' dir='ltr' id='par_1_51' title="bbox 2058 3652 3654 3726">
     <span class='ocr_line' id='line_1_51' title="bbox 2058 3652 3654 3726; baseline 0.001 -21"><span class='ocrx_word' id='word_1_401' title='bbox 2058 3652 2083 3705; x_wconf 72' lang='grc' dir='ltr'>εὶ</span> <span class='ocrx_word' id='word_1_402' title='bbox 2121 3655 2188 3725; x_wconf 81' lang='grc' dir='ltr'>τῇ</span> <span class='ocrx_word' id='word_1_403' title='bbox 2223 3652 2481 3723; x_wconf 80' lang='grc' dir='ltr'>βαπτίσει</span> <span class='ocrx_word' id='word_1_404' title='bbox 2527 3652 2794 3725; x_wconf 85' lang='grc' dir='ltr'>Χριστοῦ.</span> <span class='ocrx_word' id='word_1_405' title='bbox 2828 3654 3068 3726; x_wconf 81' lang='lat' dir='ltr'><strong><em>Hymnus</em></strong></span> <span class='ocrx_word' id='word_1_406' title='bbox 3116 3655 3430 3726; x_wconf 84' lang='lat' dir='ltr'><strong><em>imperatori</em></strong></span> <span class='ocrx_word' id='word_1_407' title='bbox 3460 3654 3654 3708; x_wconf 79' lang='lat' dir='ltr'><strong><em>domno</em></strong></span> 
     </span>
    </p>
   </div>
   <div class='ocr_carea' id='block_1_52' title="bbox 373 3746 1969 3820">
    <p class='ocr_par' dir='ltr' id='par_1_52' title="bbox 373 3746 1969 3817">
     <span class='ocr_line' id='line_1_52' title="bbox 373 3746 1969 3817; baseline -0.004 -13"><span class='ocrx_word' id='word_1_408' title='bbox 373 3746 575 3804; x_wconf 83' lang='lat' dir='ltr'><strong><em>Joanni</em></strong></span> <span class='ocrx_word' id='word_1_409' title='bbox 600 3748 865 3805; x_wconf 81' lang='lat' dir='ltr'><strong><em>Comneno</em></strong></span> <span class='ocrx_word' id='word_1_410' title='bbox 894 3748 949 3804; x_wconf 87' lang='lat' dir='ltr'>in</span> <span class='ocrx_word' id='word_1_411' title='bbox 975 3748 1061 3804; x_wconf 89' lang='lat' dir='ltr'>die</span> <span class='ocrx_word' id='word_1_412' title='bbox 1090 3749 1335 3817; x_wconf 85' lang='lat' dir='ltr'><strong><em>baptismi</em></strong></span> <span class='ocrx_word' id='word_1_413' title='bbox 1356 3749 1574 3804; x_wconf 82' lang='lat' dir='ltr'><strong><em>Clu-isti.</em></strong></span> <span class='ocrx_word' id='word_1_414' title='bbox 1606 3747 1664 3803; x_wconf 88' lang='lat' dir='ltr'><strong><em>P.</em></strong></span> <span class='ocrx_word' id='word_1_415' title='bbox 1703 3747 1834 3801; x_wconf 75' lang='grc' dir='ltr'>Ἰδοὺ</span> <span class='ocrx_word' id='word_1_416' title='bbox 1865 3747 1969 3801; x_wconf 80' lang='grc' dir='ltr'>διπῖ</span> 
     </span>
    </p>
   </div>
   <div class='ocr_carea' id='block_1_53' title="bbox 808 3746 2404 3820">
    <p class='ocr_par' dir='ltr' id='par_1_53' title="bbox 808 3746 2404 3820">
     <span class='ocr_line' id='line_1_53' title="bbox 808 3746 2404 3820; baseline -0.003 -16"><span class='ocrx_word' id='word_1_417' title='bbox 808 3765 865 3804; x_wconf 76' lang='lat' dir='ltr'>no</span> <span class='ocrx_word' id='word_1_418' title='bbox 894 3748 949 3804; x_wconf 81' lang='lat' dir='ltr'>in</span> <span class='ocrx_word' id='word_1_419' title='bbox 975 3748 1061 3804; x_wconf 86' lang='lat' dir='ltr'>die</span> <span class='ocrx_word' id='word_1_420' title='bbox 1090 3749 1335 3817; x_wconf 85' lang='lat' dir='ltr'><strong><em>baptismi</em></strong></span> <span class='ocrx_word' id='word_1_421' title='bbox 1356 3749 1574 3804; x_wconf 85' lang='lat' dir='ltr'><strong><em>Christi.</em></strong></span> <span class='ocrx_word' id='word_1_422' title='bbox 1606 3747 1664 3803; x_wconf 85' lang='lat' dir='ltr'><strong><em>P.</em></strong></span> <span class='ocrx_word' id='word_1_423' title='bbox 1703 3747 1834 3801; x_wconf 74' lang='grc' dir='ltr'>Ἰδοὺ</span> <span class='ocrx_word' id='word_1_424' title='bbox 1865 3746 2030 3819; x_wconf 85' lang='grc' dir='ltr'>διπλὴ</span> <span class='ocrx_word' id='word_1_425' title='bbox 2071 3750 2404 3820; x_wconf 86' lang='grc' dir='ltr'>πανήγυρις.</span> 
     </span>
    </p>
   </div>
   <div class='ocr_carea' id='block_1_54' title="bbox 446 3840 2295 3915">
    <p class='ocr_par' dir='ltr' id='par_1_54' title="bbox 446 3840 2295 3915">
     <span class='ocr_line' id='line_1_54' title="bbox 446 3840 2295 3915; baseline -0.001 -17"><span class='ocrx_word' id='word_1_426' title='bbox 446 3845 631 3898; x_wconf 82' lang='lat' dir='ltr'><strong><em>Aliud.</em></strong></span> <span class='ocrx_word' id='word_1_427' title='bbox 670 3843 729 3897; x_wconf 88' lang='lat' dir='ltr'><strong><em>P.</em></strong></span> <span class='ocrx_word' id='word_1_428' title='bbox 771 3843 1108 3909; x_wconf 79' lang='grc' dir='ltr'>Ἐδάπτισάς</span> <span class='ocrx_word' id='word_1_429' title='bbox 1135 3861 1225 3915; x_wconf 81' lang='grc' dir='ltr'>με,</span> <span class='ocrx_word' id='word_1_430' title='bbox 1261 3841 1506 3914; x_wconf 87' lang='grc' dir='ltr'>βασιλεῦ,</span> <span class='ocrx_word' id='word_1_431' title='bbox 1534 3843 1632 3912; x_wconf 78' lang='grc' dir='ltr'>τὴν</span> <span class='ocrx_word' id='word_1_432' title='bbox 1660 3841 1788 3896; x_wconf 83' lang='grc' dir='ltr'>νέαν</span> <span class='ocrx_word' id='word_1_433' title='bbox 1811 3840 2009 3913; x_wconf 86' lang='grc' dir='ltr'>δούλην</span> <span class='ocrx_word' id='word_1_434' title='bbox 2050 3842 2295 3914; x_wconf 85' lang='grc' dir='ltr'>Ῥώμην.</span> 
     </span>
    </p>
   </div>
   <div class='ocr_carea' id='block_1_55' title="bbox 448 3936 1509 4009">
    <p class='ocr_par' dir='ltr' id='par_1_55' title="bbox 448 3936 1509 4009">
     <span class='ocr_line' id='line_1_55' title="bbox 448 3936 1509 4009; baseline 0.004 -16"><span class='ocrx_word' id='word_1_435' title='bbox 448 3939 627 3995; x_wconf 75' lang='lat' dir='ltr'><strong><em>Aliud.</em></strong></span> <span class='ocrx_word' id='word_1_436' title='bbox 659 3936 720 3995; x_wconf 87' lang='lat' dir='ltr'><strong><em>P.</em></strong></span> <span class='ocrx_word' id='word_1_437' title='bbox 753 3938 1020 4005; x_wconf 76' lang='grc' dir='ltr'>Φωτίζου,</span> <span class='ocrx_word' id='word_1_438' title='bbox 1049 3939 1207 4003; x_wconf 79' lang='grc' dir='ltr'>πόλις</span> <span class='ocrx_word' id='word_1_439' title='bbox 1248 3938 1509 4009; x_wconf 72' lang='grc' dir='ltr'>Ῥωμαῖςο</span> 
     </span>
    </p>
   </div>
   <div class='ocr_carea' id='block_1_56' title="bbox 449 4027 3661 4105">
    <p class='ocr_par' dir='ltr' id='par_1_56' title="bbox 449 4027 3661 4105">
     <span class='ocr_line' id='line_1_56' title="bbox 449 4027 3661 4105; baseline -0.001 -20"><span class='ocrx_word' id='word_1_440' title='bbox 449 4032 544 4098; x_wconf 70' lang='lat' dir='ltr'>Ei;</span> <span class='ocrx_word' id='word_1_441' title='bbox 562 4033 655 4088; x_wconf 83' lang='grc' dir='ltr'>τὸν</span> <span class='ocrx_word' id='word_1_442' title='bbox 682 4032 1064 4105; x_wconf 82' lang='grc' dir='ltr'>αὐτοκράτορα</span> <span class='ocrx_word' id='word_1_443' title='bbox 1095 4031 1265 4104; x_wconf 83' lang='grc' dir='ltr'>κυρὺν</span> <span class='ocrx_word' id='word_1_444' title='bbox 1295 4032 1553 4105; x_wconf 74' lang='grc' dir='ltr'>Ἰωάννην</span> <span class='ocrx_word' id='word_1_445' title='bbox 1615 4033 1988 4105; x_wconf 84' lang='grc' dir='ltr'>στρατεύοντα</span> <span class='ocrx_word' id='word_1_446' title='bbox 2044 4035 2141 4089; x_wconf 77' lang='grc' dir='ltr'>καὶ</span> <span class='ocrx_word' id='word_1_447' title='bbox 2178 4033 2341 4088; x_wconf 83' lang='grc' dir='ltr'>πάλιν</span> <span class='ocrx_word' id='word_1_448' title='bbox 2371 4034 2516 4088; x_wconf 69' lang='grc' dir='ltr'>κατὰ</span> <span class='ocrx_word' id='word_1_449' title='bbox 2550 4034 2778 4104; x_wconf 86' lang='grc' dir='ltr'>Περσῶν</span> <span class='ocrx_word' id='word_1_450' title='bbox 2805 4034 2883 4105; x_wconf 84' lang='grc'>(7)</span> <span class='ocrx_word' id='word_1_451' title='bbox 2913 4033 3187 4098; x_wconf 81' lang='grc' dir='ltr'>εὐκταίως</span> <span class='ocrx_word' id='word_1_452' title='bbox 3215 4031 3517 4105; x_wconf 79' lang='grc' dir='ltr'>ληφθέντες</span> <span class='ocrx_word' id='word_1_453' title='bbox 3550 4027 3661 4085; x_wconf 74' lang='grc' dir='ltr'>ἀπὸ</span> 
     </span>
    </p>
   </div>
   <div class='ocr_carea' id='block_1_57' title="bbox 373 4126 1969 4199">
    <p class='ocr_par' dir='ltr' id='par_1_57' title="bbox 373 4126 1947 4199">
     <span class='ocr_line' id='line_1_57' title="bbox 373 4126 1947 4199; baseline -0.001 -16"><span class='ocrx_word' id='word_1_454' title='bbox 373 4126 486 4183; x_wconf 79' lang='grc' dir='ltr'>τῶν</span> <span class='ocrx_word' id='word_1_455' title='bbox 512 4126 813 4198; x_wconf 83' lang='grc' dir='ltr'>προφητῶν</span> <span class='ocrx_word' id='word_1_456' title='bbox 841 4126 1177 4199; x_wconf 87' lang='grc' dir='ltr'>δεκάστιχοι.</span> <span class='ocrx_word' id='word_1_457' title='bbox 1208 4127 1273 4184; x_wconf 88' lang='lat' dir='ltr'><strong><em>In</em></strong></span> <span class='ocrx_word' id='word_1_458' title='bbox 1302 4128 1670 4198; x_wconf 82' lang='lat' dir='ltr'><strong><em>imperatorem</em></strong></span> <span class='ocrx_word' id='word_1_459' title='bbox 1695 4130 1947 4182; x_wconf 85' lang='lat' dir='ltr'><strong><em>damnum</em></strong></span> 
     </span>
    </p>
   </div>
   <div class='ocr_carea' id='block_1_58' title="bbox 2064 4126 3660 4199">
    <p class='ocr_par' dir='ltr' id='par_1_58' title="bbox 2064 4127 3660 4196">
     <span class='ocr_line' id='line_1_58' title="bbox 2064 4127 3660 4196; baseline -0.006 -13"><span class='ocrx_word' id='word_1_460' title='bbox 2064 4145 2241 4183; x_wconf 76' lang='lat' dir='ltr'><strong><em>Innem</em></strong></span> <span class='ocrx_word' id='word_1_461' title='bbox 2273 4145 2460 4183; x_wconf 86' lang='lat' dir='ltr'><strong><em>rursus</em></strong></span> <span class='ocrx_word' id='word_1_462' title='bbox 2492 4129 2546 4183; x_wconf 88' lang='lat' dir='ltr'><strong><em>in</em></strong></span> <span class='ocrx_word' id='word_1_463' title='bbox 2582 4128 2779 4183; x_wconf 78' lang='lat' dir='ltr'><strong><em>Persas</em></strong></span> <span class='ocrx_word' id='word_1_464' title='bbox 2828 4127 3211 4196; x_wconf 71' lang='lat' dir='ltr'><strong><em>expeditionem</em></strong></span> <span class='ocrx_word' id='word_1_465' title='bbox 3262 4136 3561 4193; x_wconf 82' lang='lat' dir='ltr'><strong><em>parantem,</em></strong></span> <span class='ocrx_word' id='word_1_466' title='bbox 3595 4136 3660 4174; x_wconf 68' lang='lat' dir='ltr'>ex</span> 
     </span>
    </p>
   </div>
   <div class='ocr_carea' id='block_1_59' title="bbox 375 4215 1971 4294">
    <p class='ocr_par' dir='ltr' id='par_1_59' title="bbox 375 4222 1971 4293">
     <span class='ocr_line' id='line_1_59' title="bbox 375 4222 1971 4293; baseline 0.001 -18"><span class='ocrx_word' id='word_1_467' title='bbox 375 4222 640 4293; x_wconf 86' lang='lat' dir='ltr'><strong><em>prophetis</em></strong></span> <span class='ocrx_word' id='word_1_468' title='bbox 675 4233 885 4291; x_wconf 89' lang='lat' dir='ltr'><strong><em>sumpta</em></strong></span> <span class='ocrx_word' id='word_1_469' title='bbox 905 4222 1234 4289; x_wconf 83' lang='lat' dir='ltr'><strong><em>decasticha,</em></strong></span> <span class='ocrx_word' id='word_1_470' title='bbox 1267 4222 1455 4292; x_wconf 86' lang='lat' dir='ltr'><strong><em>quibus</em></strong></span> <span class='ocrx_word' id='word_1_471' title='bbox 1489 4226 1624 4275; x_wconf 89' lang='lat' dir='ltr'><strong><em>bona</em></strong></span> <span class='ocrx_word' id='word_1_472' title='bbox 1650 4232 1919 4291; x_wconf 87' lang='lat' dir='ltr'><strong><em>precatur.</em></strong></span> <span class='ocrx_word' id='word_1_473' title='bbox 1956 4222 1971 4276; x_wconf 91' lang='grc'><strong>1</strong></span> 
     </span>
    </p>
   </div>
   <div class='ocr_carea' id='block_1_60' title="bbox 1957 4215 3553 4294">
    <p class='ocr_par' dir='ltr' id='par_1_60' title="bbox 1957 4215 3553 4294">
     <span class='ocr_line' id='line_1_60' title="bbox 1957 4215 3553 4294; baseline -0.006 -18"><span class='ocrx_word' id='word_1_474' title='bbox 1957 4222 2018 4278; x_wconf 91' lang='grc' dir='ltr'>Ρ.</span> <span class='ocrx_word' id='word_1_475' title='bbox 2069 4221 2245 4293; x_wconf 85' lang='grc' dir='ltr'>Ὁρῶν</span> <span class='ocrx_word' id='word_1_476' title='bbox 2272 4222 2757 4294; x_wconf 85' lang='grc' dir='ltr'>παραταττόμενον</span> <span class='ocrx_word' id='word_1_477' title='bbox 2782 4219 2928 4275; x_wconf 80' lang='grc' dir='ltr'>κατὰ</span> <span class='ocrx_word' id='word_1_478' title='bbox 2970 4218 3200 4290; x_wconf 84' lang='grc' dir='ltr'>Περσῶν</span> <span class='ocrx_word' id='word_1_479' title='bbox 3231 4216 3327 4271; x_wconf 77' lang='grc' dir='ltr'>καὶ</span> <span class='ocrx_word' id='word_1_480' title='bbox 3366 4215 3553 4269; x_wconf 77' lang='grc' dir='ltr'>πάλιν.</span> 
     </span>
    </p>
   </div>
   <div class='ocr_carea' id='block_1_61' title="bbox 442 4306 3656 4387">
    <p class='ocr_par' dir='ltr' id='par_1_61' title="bbox 442 4306 3656 4387">
     <span class='ocr_line' id='line_1_61' title="bbox 442 4306 3656 4387; baseline -0.003 -18"><span class='ocrx_word' id='word_1_481' title='bbox 442 4313 834 4385; x_wconf 76' lang='grc' dir='ltr'>Δωδεκάστιχα</span> <span class='ocrx_word' id='word_1_482' title='bbox 885 4314 1146 4371; x_wconf 82' lang='grc' dir='ltr'>πολιτικά</span> <span class='ocrx_word' id='word_1_483' title='bbox 1179 4316 1260 4378; x_wconf 86' lang='grc' dir='ltr'>είς</span> <span class='ocrx_word' id='word_1_484' title='bbox 1306 4315 1399 4368; x_wconf 85' lang='grc' dir='ltr'>τὸν</span> <span class='ocrx_word' id='word_1_485' title='bbox 1433 4314 1818 4387; x_wconf 77' lang='grc' dir='ltr'>αὐτοκράτορα</span> <span class='ocrx_word' id='word_1_486' title='bbox 1850 4314 2019 4387; x_wconf 73' lang='grc' dir='ltr'>κυρὸν</span> <span class='ocrx_word' id='word_1_487' title='bbox 2065 4315 2325 4385; x_wconf 77' lang='grc' dir='ltr'>Ἰωάννην</span> <span class='ocrx_word' id='word_1_488' title='bbox 2359 4314 2454 4368; x_wconf 86' lang='grc' dir='ltr'>τὸν</span> <span class='ocrx_word' id='word_1_489' title='bbox 2482 4312 2792 4385; x_wconf 78' lang='grc' dir='ltr'>Κομνηνὸν,</span> <span class='ocrx_word' id='word_1_490' title='bbox 2827 4312 2909 4367; x_wconf 79' lang='grc' dir='ltr'>ἔτι</span> <span class='ocrx_word' id='word_1_491' title='bbox 2958 4311 3088 4367; x_wconf 76' lang='grc' dir='ltr'>ὄντα</span> <span class='ocrx_word' id='word_1_492' title='bbox 3128 4313 3187 4365; x_wconf 80' lang='grc' dir='ltr'>ὲν</span> <span class='ocrx_word' id='word_1_493' title='bbox 3212 4313 3278 4381; x_wconf 81' lang='grc' dir='ltr'>τῇ</span> <span class='ocrx_word' id='word_1_494' title='bbox 3318 4306 3656 4378; x_wconf 83' lang='grc' dir='ltr'>Κασταμόνι.</span> 
     </span>
    </p>
   </div>
   <div class='ocr_carea' id='block_1_62' title="bbox 376 4400 3664 4479">
    <p class='ocr_par' dir='ltr' id='par_1_62' title="bbox 376 4400 3664 4479">
     <span class='ocr_line' id='line_1_62' title="bbox 376 4400 3664 4479; baseline -0.004 -12"><span class='ocrx_word' id='word_1_495' title='bbox 376 4407 761 4467; x_wconf 84' lang='lat' dir='ltr'><strong><em>Dodecasticha</em></strong></span> <span class='ocrx_word' id='word_1_496' title='bbox 787 4407 1005 4478; x_wconf 88' lang='lat' dir='ltr'><strong><em>politicu</em></strong></span> <span class='ocrx_word' id='word_1_497' title='bbox 1028 4410 1083 4463; x_wconf 91' lang='lat' dir='ltr'><strong><em>in</em></strong></span> <span class='ocrx_word' id='word_1_498' title='bbox 1111 4409 1478 4479; x_wconf 84' lang='lat' dir='ltr'><strong><em>imperatorem</em></strong></span> <span class='ocrx_word' id='word_1_499' title='bbox 1510 4411 1758 4464; x_wconf 88' lang='lat' dir='ltr'><strong><em>damnum</em></strong></span> <span class='ocrx_word' id='word_1_500' title='bbox 1780 4409 2044 4466; x_wconf 82' lang='lat' dir='ltr'><strong><em>Joannem</em></strong></span> <span class='ocrx_word' id='word_1_501' title='bbox 2067 4409 2390 4465; x_wconf 85' lang='lat' dir='ltr'><strong><em>Comnenum</em></strong></span> <span class='ocrx_word' id='word_1_502' title='bbox 2413 4408 2586 4463; x_wconf 85' lang='lat' dir='ltr'><strong><em>adhuc</em></strong></span> <span class='ocrx_word' id='word_1_503' title='bbox 2602 4408 2916 4465; x_wconf 86' lang='lat' dir='ltr'><strong><em>Castumone</em></strong></span> <span class='ocrx_word' id='word_1_504' title='bbox 2945 4415 3381 4461; x_wconf 86' lang='lat' dir='ltr'><strong><em>commorantem.</em></strong></span> <span class='ocrx_word' id='word_1_505' title='bbox 3409 4402 3470 4459; x_wconf 80' lang='grc' dir='ltr'>Ρ.</span> <span class='ocrx_word' id='word_1_506' title='bbox 3506 4400 3664 4457; x_wconf 78' lang='grc' dir='ltr'>Καλά</span> 
     </span>
    </p>
   </div>
   <div class='ocr_carea' id='block_1_63' title="bbox 381 4494 3028 4574">
    <p class='ocr_par' dir='ltr' id='par_1_63' title="bbox 381 4494 3028 4574">
     <span class='ocr_line' id='line_1_63' title="bbox 381 4494 3028 4574; baseline -0.003 -20"><span class='ocrx_word' id='word_1_507' title='bbox 381 4517 479 4556; x_wconf 86' lang='grc' dir='ltr'>σου</span> <span class='ocrx_word' id='word_1_508' title='bbox 512 4501 584 4556; x_wconf 79' lang='grc' dir='ltr'>τά</span> <span class='ocrx_word' id='word_1_509' title='bbox 611 4501 877 4573; x_wconf 86' lang='grc' dir='ltr'>προοίμια</span> <span class='ocrx_word' id='word_1_510' title='bbox 916 4499 1010 4555; x_wconf 90' lang='grc' dir='ltr'>τοῦ</span> <span class='ocrx_word' id='word_1_511' title='bbox 1048 4502 1287 4572; x_wconf 78' lang='grc' dir='ltr'>κράτους</span> <span class='ocrx_word' id='word_1_512' title='bbox 1317 4503 1703 4574; x_wconf 86' lang='grc' dir='ltr'>μονοκράτωρ.</span> <span class='ocrx_word' id='word_1_513' title='bbox 2494 4524 2497 4527; x_wconf 55' lang='grc' dir='ltr'>π</span> <span class='ocrx_word' id='word_1_514' title='bbox 2901 4530 2910 4540; x_wconf 79' lang='grc'>.</span> <span class='ocrx_word' id='word_1_515' title='bbox 3025 4494 3028 4498; x_wconf 36' lang='grc' dir='ltr'>ί</span> 
     </span>
    </p>
   </div>
   <div class='ocr_carea' id='block_1_64' title="bbox 455 4589 3662 4668">
    <p class='ocr_par' dir='ltr' id='par_1_64' title="bbox 455 4589 3662 4668">
     <span class='ocr_line' id='line_1_64' title="bbox 455 4589 3662 4668; baseline -0 -20"><span class='ocrx_word' id='word_1_516' title='bbox 455 4595 767 4666; x_wconf 83' lang='grc' dir='ltr'>Ἐκφρασις</span> <span class='ocrx_word' id='word_1_517' title='bbox 799 4594 890 4649; x_wconf 87' lang='grc' dir='ltr'>διὰ</span> <span class='ocrx_word' id='word_1_518' title='bbox 946 4595 1145 4665; x_wconf 77' lang='grc' dir='ltr'>στίχων</span> <span class='ocrx_word' id='word_1_519' title='bbox 1178 4595 1437 4666; x_wconf 78' lang='grc' dir='ltr'>ἡρωϊκῶν</span> <span class='ocrx_word' id='word_1_520' title='bbox 1466 4596 1564 4665; x_wconf 76' lang='grc' dir='ltr'>τῆς</span> <span class='ocrx_word' id='word_1_521' title='bbox 1601 4597 1698 4649; x_wconf 75' lang='grc' dir='ltr'>ἐπὶ</span> <span class='ocrx_word' id='word_1_522' title='bbox 1742 4598 1810 4668; x_wconf 75' lang='grc' dir='ltr'>τῇ</span> <span class='ocrx_word' id='word_1_523' title='bbox 1845 4594 2047 4650; x_wconf 82' lang='grc' dir='ltr'>ἁλώσει</span> <span class='ocrx_word' id='word_1_524' title='bbox 2080 4595 2182 4665; x_wconf 82' lang='grc' dir='ltr'>τῆς</span> <span class='ocrx_word' id='word_1_525' title='bbox 2220 4595 2588 4665; x_wconf 83' lang='grc' dir='ltr'>Κασταμόνος</span> <span class='ocrx_word' id='word_1_526' title='bbox 2617 4593 2999 4665; x_wconf 82' lang='grc' dir='ltr'>προελεύσεως</span> <span class='ocrx_word' id='word_1_527' title='bbox 3054 4591 3152 4649; x_wconf 86' lang='grc' dir='ltr'>τοῦ</span> <span class='ocrx_word' id='word_1_528' title='bbox 3199 4589 3372 4662; x_wconf 84' lang='grc' dir='ltr'>κυροῦ</span> <span class='ocrx_word' id='word_1_529' title='bbox 3404 4589 3662 4647; x_wconf 78' lang='grc' dir='ltr'>Ἰωάννου</span> 
     </span>
    </p>
   </div>
   <div class='ocr_carea' id='block_1_65' title="bbox 324 4688 3664 4762">
    <p class='ocr_par' dir='ltr' id='par_1_65' title="bbox 324 4688 3664 4762">
     <span class='ocr_line' id='line_1_65' title="bbox 324 4688 3664 4762; baseline -0.002 -14"><span class='ocrx_word' id='word_1_530' title='bbox 324 4712 328 4717; x_wconf 73' lang='grc'><em>’</em></span> <span class='ocrx_word' id='word_1_531' title='bbox 378 4691 474 4748; x_wconf 84' lang='grc' dir='ltr'>τοῦ</span> <span class='ocrx_word' id='word_1_532' title='bbox 500 4690 808 4762; x_wconf 82' lang='grc' dir='ltr'>Κομνηνοῦ.</span> <span class='ocrx_word' id='word_1_533' title='bbox 846 4689 1132 4758; x_wconf 86' lang='lat' dir='ltr'><strong><em>Ecphrasis</em></strong></span> <span class='ocrx_word' id='word_1_534' title='bbox 1165 4691 1489 4745; x_wconf 83' lang='lat' dir='ltr'><strong><em>carminibus</em></strong></span> <span class='ocrx_word' id='word_1_535' title='bbox 1518 4691 1743 4745; x_wconf 80' lang='lat' dir='ltr'><strong><em>heroicis</em></strong></span> <span class='ocrx_word' id='word_1_536' title='bbox 1778 4690 1843 4744; x_wconf 89' lang='lat' dir='ltr'>de</span> <span class='ocrx_word' id='word_1_537' title='bbox 1881 4707 2127 4759; x_wconf 81' lang='lat' dir='ltr'><strong><em>processu</em></strong></span> <span class='ocrx_word' id='word_1_538' title='bbox 2184 4692 2365 4746; x_wconf 86' lang='lat' dir='ltr'><strong><em>domni</em></strong></span> <span class='ocrx_word' id='word_1_539' title='bbox 2406 4691 2637 4746; x_wconf 84' lang='lat' dir='ltr'><strong><em>Joannis</em></strong></span> <span class='ocrx_word' id='word_1_540' title='bbox 2664 4689 2918 4746; x_wconf 81' lang='lat' dir='ltr'><strong><em>Comneni</em></strong></span> <span class='ocrx_word' id='word_1_541' title='bbox 2946 4701 3061 4760; x_wconf 91' lang='lat' dir='ltr'><strong><em>post</em></strong></span> <span class='ocrx_word' id='word_1_542' title='bbox 3113 4688 3433 4745; x_wconf 89' lang='lat' dir='ltr'><strong><em>debellatum</em></strong></span> <span class='ocrx_word' id='word_1_543' title='bbox 3465 4688 3664 4743; x_wconf 86' lang='lat' dir='ltr'><strong><em>Casta-</em></strong></span> 
     </span>
    </p>
   </div>
   <div class='ocr_carea' id='block_1_66' title="bbox 381 4778 1977 4858">
    <p class='ocr_par' dir='ltr' id='par_1_66' title="bbox 381 4778 1490 4858">
     <span class='ocr_line' id='line_1_66' title="bbox 381 4778 1490 4858; baseline -0.005 -12"><span class='ocrx_word' id='word_1_544' title='bbox 381 4804 610 4846; x_wconf 86' lang='lat' dir='ltr'><strong><em>manem.</em></strong></span> <span class='ocrx_word' id='word_1_545' title='bbox 643 4788 705 4843; x_wconf 89' lang='lat' dir='ltr'><strong><em>P.</em></strong></span> <span class='ocrx_word' id='word_1_546' title='bbox 736 4786 910 4858; x_wconf 76' lang='grc' dir='ltr'>Θυμὲ,</span> <span class='ocrx_word' id='word_1_547' title='bbox 934 4786 1112 4858; x_wconf 87' lang='grc' dir='ltr'>μάχας</span> <span class='ocrx_word' id='word_1_548' title='bbox 1139 4785 1237 4858; x_wconf 79' lang='grc' dir='ltr'>μὲν</span> <span class='ocrx_word' id='word_1_549' title='bbox 1259 4789 1341 4841; x_wconf 79' lang='grc' dir='ltr'>ἔα.</span> <span class='ocrx_word' id='word_1_550' title='bbox 1485 4778 1490 4782; x_wconf 52' lang='grc'><em>’</em></span> 
     </span>
    </p>
   </div>
   <div class='ocr_carea' id='block_1_67' title="bbox 1082 4778 2678 4858">
    <p class='ocr_par' dir='ltr' id='par_1_67' title="bbox 1086 4778 1490 4858">
     <span class='ocr_line' id='line_1_67' title="bbox 1086 4778 1490 4858; baseline 0.005 -19"><span class='ocrx_word' id='word_1_551' title='bbox 1086 4805 1112 4851; x_wconf 88' lang='grc' dir='ltr'>ς</span> <span class='ocrx_word' id='word_1_552' title='bbox 1139 4785 1237 4858; x_wconf 79' lang='grc' dir='ltr'>μὲν</span> <span class='ocrx_word' id='word_1_553' title='bbox 1259 4789 1341 4841; x_wconf 79' lang='grc' dir='ltr'>ἔα.</span> <span class='ocrx_word' id='word_1_554' title='bbox 1485 4778 1490 4782; x_wconf 52' lang='grc'><em>’</em></span> 
     </span>
    </p>
   </div>
   <div class='ocr_carea' id='block_1_68' title="bbox 453 4879 3660 4959">
    <p class='ocr_par' dir='ltr' id='par_1_68' title="bbox 453 4879 3660 4959">
     <span class='ocr_line' id='line_1_68' title="bbox 453 4879 3660 4959; baseline -0.003 -17"><span class='ocrx_word' id='word_1_555' title='bbox 453 4888 550 4951; x_wconf 69' lang='lat' dir='ltr'>Et;</span> <span class='ocrx_word' id='word_1_556' title='bbox 579 4888 681 4959; x_wconf 82' lang='grc' dir='ltr'>τὴν</span> <span class='ocrx_word' id='word_1_557' title='bbox 717 4887 809 4942; x_wconf 68' lang='grc' dir='ltr'>ἐπὶ</span> <span class='ocrx_word' id='word_1_558' title='bbox 838 4889 907 4958; x_wconf 80' lang='grc' dir='ltr'>τῇ</span> <span class='ocrx_word' id='word_1_559' title='bbox 932 4884 1136 4941; x_wconf 79' lang='grc' dir='ltr'>ἁλώσει</span> <span class='ocrx_word' id='word_1_560' title='bbox 1174 4888 1274 4957; x_wconf 82' lang='grc' dir='ltr'>τῆς</span> <span class='ocrx_word' id='word_1_561' title='bbox 1304 4886 1661 4956; x_wconf 81' lang='grc' dir='ltr'>Κασταμόνος</span> <span class='ocrx_word' id='word_1_562' title='bbox 1695 4887 1967 4940; x_wconf 77' lang='grc' dir='ltr'>ἐπινίκιον</span> <span class='ocrx_word' id='word_1_563' title='bbox 2004 4887 2230 4959; x_wconf 84' lang='grc' dir='ltr'>πρόοδον</span> <span class='ocrx_word' id='word_1_564' title='bbox 2259 4884 2358 4939; x_wconf 88' lang='grc' dir='ltr'>τοῦ</span> <span class='ocrx_word' id='word_1_565' title='bbox 2384 4884 2556 4958; x_wconf 87' lang='grc' dir='ltr'>κυροῦ</span> <span class='ocrx_word' id='word_1_566' title='bbox 2594 4885 2851 4939; x_wconf 83' lang='grc' dir='ltr'>Ἰωάννου</span> <span class='ocrx_word' id='word_1_567' title='bbox 2881 4880 2979 4940; x_wconf 88' lang='grc' dir='ltr'>τοῦ</span> <span class='ocrx_word' id='word_1_568' title='bbox 3017 4882 3313 4954; x_wconf 79' lang='grc' dir='ltr'>Κομνηνοῦ</span> <span class='ocrx_word' id='word_1_569' title='bbox 3356 4879 3660 4950; x_wconf 81' lang='grc' dir='ltr'>δεκάστιχα</span> 
     </span>
    </p>
   </div>
   <div class='ocr_carea' id='block_1_69' title="bbox 382 4980 1978 5054">
    <p class='ocr_par' dir='ltr' id='par_1_69' title="bbox 382 4982 1978 5054">
     <span class='ocr_line' id='line_1_69' title="bbox 382 4982 1978 5054; baseline -0.001 -14"><span class='ocrx_word' id='word_1_570' title='bbox 382 4984 645 5040; x_wconf 81' lang='grc' dir='ltr'>πολιτικά</span> <span class='ocrx_word' id='word_1_571' title='bbox 671 4985 784 5048; x_wconf 86' lang='grc' dir='ltr'>τοῖς</span> <span class='ocrx_word' id='word_1_572' title='bbox 818 4982 1034 5054; x_wconf 84' lang='grc' dir='ltr'>δήμοις.</span> <span class='ocrx_word' id='word_1_573' title='bbox 1074 4986 1137 5039; x_wconf 81' lang='grc' dir='ltr'>ιη</span> <span class='ocrx_word' id='word_1_574' title='bbox 1170 4996 1452 5052; x_wconf 89' lang='lat' dir='ltr'><strong><em>progressu</em></strong></span> <span class='ocrx_word' id='word_1_575' title='bbox 1483 4982 1909 5037; x_wconf 79' lang='lat' dir='ltr'><strong><em>domniloannis</em></strong></span> <span class='ocrx_word' id='word_1_576' title='bbox 1939 4982 1978 5038; x_wconf 87' lang='lat' dir='ltr'><em>C</em></span> 
     </span>
    </p>
   </div>
   <div class='ocr_carea' id='block_1_70' title="bbox 2067 4980 3663 5054">
    <p class='ocr_par' dir='ltr' id='par_1_70' title="bbox 2070 4980 3663 5053">
     <span class='ocr_line' id='line_1_70' title="bbox 2070 4980 3663 5053; baseline -0.002 -17"><span class='ocrx_word' id='word_1_577' title='bbox 2070 4986 2195 5038; x_wconf 89' lang='lat' dir='ltr'><strong><em>neni</em></strong></span> <span class='ocrx_word' id='word_1_578' title='bbox 2244 4999 2362 5053; x_wconf 72' lang='lat' dir='ltr'><strong><em>post</em></strong></span> <span class='ocrx_word' id='word_1_579' title='bbox 2407 4980 2727 5036; x_wconf 88' lang='lat' dir='ltr'><strong><em>debellatum</em></strong></span> <span class='ocrx_word' id='word_1_580' title='bbox 2772 4980 3146 5036; x_wconf 87' lang='lat' dir='ltr'><strong><em>Castamonem</em></strong></span> <span class='ocrx_word' id='word_1_581' title='bbox 3193 4980 3499 5035; x_wconf 81' lang='lat' dir='ltr'><strong><em>decusticha</em></strong></span> <span class='ocrx_word' id='word_1_582' title='bbox 3526 4981 3663 5050; x_wconf 85' lang='lat' dir='ltr'><strong><em>poli-</em></strong></span> 
     </span>
    </p>
   </div>
   <div class='ocr_carea' id='block_1_71' title="bbox 386 5071 2386 5145">
    <p class='ocr_par' dir='ltr' id='par_1_71' title="bbox 386 5071 2386 5145">
     <span class='ocr_line' id='line_1_71' title="bbox 386 5071 2386 5145; baseline -0.003 -11"><span class='ocrx_word' id='word_1_583' title='bbox 386 5077 495 5134; x_wconf 79' lang='lat' dir='ltr'><strong><em>lica</em></strong></span> <span class='ocrx_word' id='word_1_584' title='bbox 525 5074 750 5145; x_wconf 79' lang='lat' dir='ltr'><strong><em>populis.</em></strong></span> <span class='ocrx_word' id='word_1_585' title='bbox 789 5071 851 5128; x_wconf 82' lang='lat' dir='ltr'><strong><em>P.</em></strong></span> <span class='ocrx_word' id='word_1_586' title='bbox 883 5072 1017 5126; x_wconf 61' lang='lat' dir='ltr'><strong><em>‘A&#39;tt‘.</em></strong></span> <span class='ocrx_word' id='word_1_587' title='bbox 1049 5072 1364 5143; x_wconf 85' lang='grc' dir='ltr'>προδρόμου</span> <span class='ocrx_word' id='word_1_588' title='bbox 1395 5072 1728 5143; x_wconf 86' lang='grc' dir='ltr'>πρόδρομος,</span> <span class='ocrx_word' id='word_1_589' title='bbox 1772 5072 1991 5143; x_wconf 75' lang='grc' dir='ltr'>οἰκέτης</span> <span class='ocrx_word' id='word_1_590' title='bbox 2024 5074 2119 5128; x_wconf 84' lang='grc' dir='ltr'>ἀπ’</span> <span class='ocrx_word' id='word_1_591' title='bbox 2150 5073 2386 5128; x_wconf 76' lang='grc' dir='ltr'>οἰκέτου.</span> 
     </span>
    </p>
   </div>
   <div class='ocr_carea' id='block_1_72' title="bbox 467 5161 3659 5238">
    <p class='ocr_par' dir='ltr' id='par_1_72' title="bbox 467 5161 3659 5238">
     <span class='ocr_line' id='line_1_72' title="bbox 467 5161 3659 5238; baseline 0 -20"><span class='ocrx_word' id='word_1_592' title='bbox 467 5167 558 5231; x_wconf 79' lang='grc' dir='ltr'>Ὠς</span> <span class='ocrx_word' id='word_1_593' title='bbox 584 5164 694 5221; x_wconf 81' lang='grc' dir='ltr'>ἀπὸ</span> <span class='ocrx_word' id='word_1_594' title='bbox 717 5161 927 5227; x_wconf 86' lang='grc' dir='ltr'>πόλεως</span> <span class='ocrx_word' id='word_1_595' title='bbox 955 5161 1253 5233; x_wconf 87' lang='grc' dir='ltr'>δεκάστιχα</span> <span class='ocrx_word' id='word_1_596' title='bbox 1310 5161 1707 5235; x_wconf 76' lang='grc' dir='ltr'>παρακλητικὰ</span> <span class='ocrx_word' id='word_1_597' title='bbox 1762 5162 1844 5233; x_wconf 82' lang='grc' dir='ltr'>τῷ</span> <span class='ocrx_word' id='word_1_598' title='bbox 1874 5164 2241 5237; x_wconf 80' lang='grc' dir='ltr'>αὐτοκράτορι</span> <span class='ocrx_word' id='word_1_599' title='bbox 2268 5165 2363 5218; x_wconf 65' lang='grc' dir='ltr'>ἐπὶ</span> <span class='ocrx_word' id='word_1_600' title='bbox 2395 5165 2476 5237; x_wconf 83' lang='grc' dir='ltr'>τῷ</span> <span class='ocrx_word' id='word_1_601' title='bbox 2527 5165 2753 5220; x_wconf 78' lang='grc' dir='ltr'>καθίσαι</span> <span class='ocrx_word' id='word_1_602' title='bbox 2780 5165 2867 5237; x_wconf 73' lang='grc' dir='ltr'>ἐφ’</span> <span class='ocrx_word' id='word_1_603' title='bbox 2902 5166 3175 5238; x_wconf 76' lang='grc' dir='ltr'>ἅρματος.</span> <span class='ocrx_word' id='word_1_604' title='bbox 3217 5166 3398 5223; x_wconf 85' lang='lat' dir='ltr'><strong><em>Veluti</em></strong></span> <span class='ocrx_word' id='word_1_605' title='bbox 3430 5164 3496 5220; x_wconf 92' lang='lat' dir='ltr'>ab</span> <span class='ocrx_word' id='word_1_606' title='bbox 3532 5161 3659 5219; x_wconf 79' lang='lat' dir='ltr'><strong><em>urbe</em></strong></span> 
     </span>
    </p>
   </div>
   <div class='ocr_carea' id='block_1_73' title="bbox 387 5256 1983 5330">
    <p class='ocr_par' dir='ltr' id='par_1_73' title="bbox 387 5257 1983 5327">
     <span class='ocr_line' id='line_1_73' title="bbox 387 5257 1983 5327; baseline -0.004 -8"><span class='ocrx_word' id='word_1_607' title='bbox 387 5259 690 5319; x_wconf 81' lang='lat' dir='ltr'><strong><em>decasticha</em></strong></span> <span class='ocrx_word' id='word_1_608' title='bbox 719 5258 1085 5313; x_wconf 71' lang='lat' dir='ltr'><strong><em>exhortatoria</em></strong></span> <span class='ocrx_word' id='word_1_609' title='bbox 1125 5257 1195 5311; x_wconf 90' lang='lat' dir='ltr'>ad</span> <span class='ocrx_word' id='word_1_610' title='bbox 1235 5258 1626 5327; x_wconf 89' lang='lat' dir='ltr'><strong><em>imperatorem,</em></strong></span> <span class='ocrx_word' id='word_1_611' title='bbox 1660 5270 1715 5314; x_wconf 88' lang='lat' dir='ltr'>ut</span> <span class='ocrx_word' id='word_1_612' title='bbox 1745 5259 1983 5313; x_wconf 79' lang='lat' dir='ltr'><strong><em>ascendet</em></strong></span> 
     </span>
    </p>
   </div>
   <div class='ocr_carea' id='block_1_74' title="bbox 1594 5256 3190 5330">
    <p class='ocr_par' dir='ltr' id='par_1_74' title="bbox 1594 5256 3190 5330">
     <span class='ocr_line' id='line_1_74' title="bbox 1594 5256 3190 5330; baseline 0.001 -19"><span class='ocrx_word' id='word_1_613' title='bbox 1594 5276 1626 5323; x_wconf 86' lang='grc' dir='ltr'>ι,</span> <span class='ocrx_word' id='word_1_614' title='bbox 1660 5270 1715 5314; x_wconf 88' lang='lat' dir='ltr'>ut</span> <span class='ocrx_word' id='word_1_615' title='bbox 1745 5259 2047 5314; x_wconf 84' lang='lat' dir='ltr'><strong><em>ascenderet</em></strong></span> <span class='ocrx_word' id='word_1_616' title='bbox 2089 5273 2326 5314; x_wconf 85' lang='lat' dir='ltr'><strong><em>currum.</em></strong></span> <span class='ocrx_word' id='word_1_617' title='bbox 2360 5256 2424 5315; x_wconf 90' lang='lat' dir='ltr'><strong><em>P.</em></strong></span> <span class='ocrx_word' id='word_1_618' title='bbox 2462 5259 2732 5314; x_wconf 86' lang='grc' dir='ltr'>Ἕκαστον</span> <span class='ocrx_word' id='word_1_619' title='bbox 2764 5258 2906 5327; x_wconf 69' lang='grc' dir='ltr'>ἔτος,</span> <span class='ocrx_word' id='word_1_620' title='bbox 2945 5256 3190 5330; x_wconf 87' lang='grc' dir='ltr'>βασιλεῦ.</span> 
     </span>
    </p>
   </div>
   <div class='ocr_carea' id='block_1_75' title="bbox 459 5347 1985 5423">
    <p class='ocr_par' dir='ltr' id='par_1_75' title="bbox 459 5347 1985 5423">
     <span class='ocr_line' id='line_1_75' title="bbox 459 5347 1985 5423; baseline -0.001 -15"><span class='ocrx_word' id='word_1_621' title='bbox 459 5351 642 5408; x_wconf 80' lang='lat' dir='ltr'><strong><em>Aliud.</em></strong></span> <span class='ocrx_word' id='word_1_622' title='bbox 671 5350 731 5404; x_wconf 87' lang='grc' dir='ltr'>Ρ.</span> <span class='ocrx_word' id='word_1_623' title='bbox 760 5349 824 5405; x_wconf 79' lang='lat' dir='ltr'><strong><em>El</em></strong></span> <span class='ocrx_word' id='word_1_624' title='bbox 858 5349 986 5403; x_wconf 80' lang='grc' dir='ltr'>κατ’</span> <span class='ocrx_word' id='word_1_625' title='bbox 1012 5349 1154 5414; x_wconf 82' lang='grc' dir='ltr'>ἔτος,</span> <span class='ocrx_word' id='word_1_626' title='bbox 1193 5347 1441 5418; x_wconf 85' lang='grc' dir='ltr'>βασιλεῦ,</span> <span class='ocrx_word' id='word_1_627' title='bbox 1475 5349 1570 5404; x_wconf 88' lang='grc' dir='ltr'>τοῦ</span> <span class='ocrx_word' id='word_1_628' title='bbox 1603 5353 1845 5423; x_wconf 88' lang='grc' dir='ltr'>κράτους</span> <span class='ocrx_word' id='word_1_629' title='bbox 1865 5370 1985 5412; x_wconf 89' lang='grc' dir='ltr'>σου.</span> 
     </span>
    </p>
   </div>
   <div class='ocr_carea' id='block_1_76' title="bbox 458 5437 2054 5519">
    <p class='ocr_par' dir='ltr' id='par_1_76' title="bbox 458 5441 2054 5519">
     <span class='ocr_line' id='line_1_76' title="bbox 458 5441 2054 5519; baseline -0.001 -21"><span class='ocrx_word' id='word_1_630' title='bbox 458 5441 553 5514; x_wconf 82' lang='grc' dir='ltr'>Τῷ</span> <span class='ocrx_word' id='word_1_631' title='bbox 592 5442 802 5514; x_wconf 85' lang='grc' dir='ltr'>βασιλεῖ</span> <span class='ocrx_word' id='word_1_632' title='bbox 832 5443 987 5514; x_wconf 80' lang='grc' dir='ltr'>κυρῶ</span> <span class='ocrx_word' id='word_1_633' title='bbox 1017 5441 1243 5517; x_wconf 83' lang='grc' dir='ltr'>Ἰωάννῃ</span> <span class='ocrx_word' id='word_1_634' title='bbox 1261 5443 1339 5512; x_wconf 83' lang='grc' dir='ltr'>τῷ</span> <span class='ocrx_word' id='word_1_635' title='bbox 1366 5445 1642 5517; x_wconf 79' lang='grc' dir='ltr'>Κομνηνῷ</span> <span class='ocrx_word' id='word_1_636' title='bbox 1674 5446 1769 5499; x_wconf 77' lang='grc' dir='ltr'>ἐπὶ</span> <span class='ocrx_word' id='word_1_637' title='bbox 1798 5450 1862 5519; x_wconf 80' lang='grc' dir='ltr'>τῇ</span> <span class='ocrx_word' id='word_1_638' title='bbox 1897 5446 2054 5501; x_wconf 74' lang='grc' dir='ltr'>ἁλώσι</span> 
     </span>
    </p>
   </div>
   <div class='ocr_carea' id='block_1_77' title="bbox 2064 5437 3660 5519">
    <p class='ocr_par' dir='ltr' id='par_1_77' title="bbox 2064 5437 3660 5519">
     <span class='ocr_line' id='line_1_77' title="bbox 2064 5437 3660 5519; baseline -0.004 -19"><span class='ocrx_word' id='word_1_639' title='bbox 2064 5463 2099 5501; x_wconf 71' lang='grc' dir='ltr'>ει</span> <span class='ocrx_word' id='word_1_640' title='bbox 2128 5447 2230 5519; x_wconf 75' lang='grc' dir='ltr'>τῆς</span> <span class='ocrx_word' id='word_1_641' title='bbox 2258 5445 2642 5518; x_wconf 85' lang='grc' dir='ltr'>Κασταμόνος.</span> <span class='ocrx_word' id='word_1_642' title='bbox 2673 5443 2998 5515; x_wconf 84' lang='lat' dir='ltr'><strong><em>Imperatori</em></strong></span> <span class='ocrx_word' id='word_1_643' title='bbox 3049 5442 3242 5499; x_wconf 86' lang='lat' dir='ltr'><strong><em>domno</em></strong></span> <span class='ocrx_word' id='word_1_644' title='bbox 3264 5439 3467 5496; x_wconf 83' lang='lat' dir='ltr'><strong><em>Joanni</em></strong></span> <span class='ocrx_word' id='word_1_645' title='bbox 3500 5437 3660 5496; x_wconf 77' lang='lat' dir='ltr'><strong><em>Com-</em></strong></span> 
     </span>
    </p>
   </div>
   <div class='ocr_carea' id='block_1_78' title="bbox 389 5538 1985 5615">
    <p class='ocr_par' dir='ltr' id='par_1_78' title="bbox 389 5538 1985 5615">
     <span class='ocr_line' id='line_1_78' title="bbox 389 5538 1985 5615; baseline -0.003 -15"><span class='ocrx_word' id='word_1_646' title='bbox 389 5559 522 5600; x_wconf 81' lang='lat' dir='ltr'><strong><em>neno</em></strong></span> <span class='ocrx_word' id='word_1_647' title='bbox 550 5541 614 5598; x_wconf 91' lang='lat' dir='ltr'>ob</span> <span class='ocrx_word' id='word_1_648' title='bbox 640 5538 959 5596; x_wconf 88' lang='lat' dir='ltr'><strong><em>debellatum</em></strong></span> <span class='ocrx_word' id='word_1_649' title='bbox 982 5540 1375 5596; x_wconf 87' lang='lat' dir='ltr'><strong><em>Castamonem.</em></strong></span> <span class='ocrx_word' id='word_1_650' title='bbox 1416 5539 1477 5597; x_wconf 90' lang='lat' dir='ltr'><strong><em>P.</em></strong></span> <span class='ocrx_word' id='word_1_651' title='bbox 1513 5538 1621 5596; x_wconf 85' lang='grc' dir='ltr'>Ἦν</span> <span class='ocrx_word' id='word_1_652' title='bbox 1653 5543 1730 5597; x_wconf 81' lang='grc' dir='ltr'>ὅτ’</span> <span class='ocrx_word' id='word_1_653' title='bbox 1769 5542 1907 5607; x_wconf 77' lang='grc' dir='ltr'>ἄναξ</span> <span class='ocrx_word' id='word_1_654' title='bbox 1934 5560 1985 5615; x_wconf 75' lang='grc' dir='ltr'>με</span> 
     </span>
    </p>
   </div>
   <div class='ocr_carea' id='block_1_79' title="bbox 644 5538 2240 5615">
    <p class='ocr_par' dir='ltr' id='par_1_79' title="bbox 644 5538 2240 5615">
     <span class='ocr_line' id='line_1_79' title="bbox 644 5538 2240 5615; baseline 0.001 -21"><span class='ocrx_word' id='word_1_655' title='bbox 644 5538 959 5596; x_wconf 88' lang='lat' dir='ltr'><strong><em>debellatum</em></strong></span> <span class='ocrx_word' id='word_1_656' title='bbox 982 5540 1375 5596; x_wconf 87' lang='lat' dir='ltr'><strong><em>Castamonem.</em></strong></span> <span class='ocrx_word' id='word_1_657' title='bbox 1416 5539 1477 5597; x_wconf 90' lang='lat' dir='ltr'><strong><em>P.</em></strong></span> <span class='ocrx_word' id='word_1_658' title='bbox 1513 5538 1621 5596; x_wconf 85' lang='grc' dir='ltr'>Ἦν</span> <span class='ocrx_word' id='word_1_659' title='bbox 1653 5543 1730 5597; x_wconf 81' lang='grc' dir='ltr'>ὅτ’</span> <span class='ocrx_word' id='word_1_660' title='bbox 1769 5542 1907 5607; x_wconf 77' lang='grc' dir='ltr'>ἄναξ</span> <span class='ocrx_word' id='word_1_661' title='bbox 1934 5541 2240 5615; x_wconf 80' lang='grc' dir='ltr'>μεγάθυμε.</span> 
     </span>
    </p>
   </div>
   <div class='ocr_carea' id='block_1_80' title="bbox 460 5670 2056 5753">
    <p class='ocr_par' dir='ltr' id='par_1_80' title="bbox 460 5681 1961 5753">
     <span class='ocr_line' id='line_1_80' title="bbox 460 5681 1961 5753; baseline -0.002 -14"><span class='ocrx_word' id='word_1_662' title='bbox 460 5682 540 5753; x_wconf 82' lang='grc'>(6)</span> <span class='ocrx_word' id='word_1_663' title='bbox 565 5681 905 5753; x_wconf 66' lang='lat' dir='ltr'><strong><em>Ephrmmius</em></strong></span> <span class='ocrx_word' id='word_1_664' title='bbox 926 5681 1372 5753; x_wconf 71' lang='lat' dir='ltr'><strong><em>chronographus</em></strong></span> <span class='ocrx_word' id='word_1_665' title='bbox 1435 5699 1463 5736; x_wconf 80' lang='lat' dir='ltr'>a</span> <span class='ocrx_word' id='word_1_666' title='bbox 1500 5682 1656 5738; x_wconf 84' lang='lat' dir='ltr'><strong><em>nobis</em></strong></span> <span class='ocrx_word' id='word_1_667' title='bbox 1694 5682 1875 5737; x_wconf 87' lang='lat' dir='ltr'><strong><em>editus</em></strong></span> <span class='ocrx_word' id='word_1_668' title='bbox 1907 5700 1961 5736; x_wconf 87' lang='grc' dir='ltr'>ν.</span> 
     </span>
    </p>
   </div>
   <div class='ocr_carea' id='block_1_81' title="bbox 2062 5670 3658 5753">
    <p class='ocr_par' dir='ltr' id='par_1_81' title="bbox 2147 5670 3658 5753">
     <span class='ocr_line' id='line_1_81' title="bbox 2147 5670 3658 5753; baseline -0.005 -19"><span class='ocrx_word' id='word_1_669' title='bbox 2147 5681 2223 5753; x_wconf 90' lang='grc'>(7)</span> <span class='ocrx_word' id='word_1_670' title='bbox 2255 5680 2427 5750; x_wconf 82' lang='lat' dir='ltr'><strong><em>Hujus</em></strong></span> <span class='ocrx_word' id='word_1_671' title='bbox 2454 5678 2801 5749; x_wconf 81' lang='lat' dir='ltr'><strong><em>imperatoris</em></strong></span> <span class='ocrx_word' id='word_1_672' title='bbox 2837 5674 3337 5753; x_wconf 45' lang='grc' dir='ltr'>⁸εει(θείεε-ίιιιιὶηοιτι</span> <span class='ocrx_word' id='word_1_673' title='bbox 3389 5688 3469 5753; x_wconf 82' lang='lat' dir='ltr'>ac_</span> <span class='ocrx_word' id='word_1_674' title='bbox 3516 5670 3658 5728; x_wconf 85' lang='lat' dir='ltr'><strong><em>bella</em></strong></span> 
     </span>
    </p>
   </div>
   <div class='ocr_carea' id='block_1_82' title="bbox 392 5744 1988 5892">
    <p class='ocr_par' dir='ltr' id='par_1_82' title="bbox 392 5744 1964 5884">
     <span class='ocr_line' id='line_1_82' title="bbox 392 5744 1964 5883; baseline 0 -76"><span class='ocrx_word' id='word_1_675' title='bbox 392 5744 888 5883; x_wconf 57' lang='lat' dir='ltr'>3491&#39;.Ado-MA|t-xio</span> <span class='ocrx_word' id='word_1_676' title='bbox 920 5767 933 5803; x_wconf 91' lang='lat'><strong>:</strong></span> <span class='ocrx_word' id='word_1_677' title='bbox 990 5751 1047 5815; x_wconf 77' lang='grc' dir='ltr'>ὃς</span> <span class='ocrx_word' id='word_1_678' title='bbox 1102 5744 1197 5807; x_wconf 71' lang='grc' dir='ltr'>καὶ</span> <span class='ocrx_word' id='word_1_679' title='bbox 1235 5744 1543 5809; x_wconf 76' lang='grc' dir='ltr'>’τετανίωτο</span> <span class='ocrx_word' id='word_1_680' title='bbox 1568 5753 1698 5825; x_wconf 87' lang='grc' dir='ltr'>παρ’</span> <span class='ocrx_word' id='word_1_681' title='bbox 1737 5753 1964 5825; x_wconf 82' lang='grc' dir='ltr'>ἀρχιθῦ-</span> 
     </span>
     <span class='ocr_line' id='line_1_83' title="bbox 395 5840 718 5884; baseline 0.006 -3"><span class='ocrx_word' id='word_1_682' title='bbox 395 5840 511 5881; x_wconf 79' lang='grc' dir='ltr'>τον.</span> <span class='ocrx_word' id='word_1_683' title='bbox 606 5862 616 5875; x_wconf 72' lang='grc' dir='ltr'>ι</span> <span class='ocrx_word' id='word_1_684' title='bbox 658 5878 661 5881; x_wconf 92' lang='grc'>.</span> <span class='ocrx_word' id='word_1_685' title='bbox 704 5860 718 5884; x_wconf 72' lang='grc' dir='ltr'>ν</span> 
     </span>
    </p>
   </div>
   <div class='ocr_carea' id='block_1_83' title="bbox 2065 5744 3661 5892">
    <p class='ocr_par' dir='ltr' id='par_1_83' title="bbox 2073 5744 3661 5892">
     <span class='ocr_line' id='line_1_84' title="bbox 2073 5744 3661 5881; baseline -0.004 -74"><span class='ocrx_word' id='word_1_686' title='bbox 2073 5744 2290 5877; x_wconf 68' lang='lat' dir='ltr'><strong><em>copiqse</em></strong></span> <span class='ocrx_word' id='word_1_687' title='bbox 2314 5744 2599 5881; x_wconf 42' lang='lat' dir='ltr'><strong><em>énkutn‘qrat</em></strong></span> <span class='ocrx_word' id='word_1_688' title='bbox 2654 5744 3002 5820; x_wconf 65' lang='lat' dir='ltr'><strong><em>supradiétué</em></strong></span> <span class='ocrx_word' id='word_1_689' title='bbox 3048 5745 3388 5820; x_wconf 72' lang='lat' dir='ltr'><strong><em>Eptnraemius</em></strong></span> <span class='ocrx_word' id='word_1_690' title='bbox 3421 5744 3661 5805; x_wconf 68' lang='lat' dir='ltr'><strong><em>chronoo</em></strong></span> 
     </span>
     <span class='ocr_line' id='line_1_85' title="bbox 2075 5838 2536 5892; baseline -0.011 -13"><span class='ocrx_word' id='word_1_691' title='bbox 2075 5838 2333 5892; x_wconf 73' lang='lat' dir='ltr'><strong><em>grapms.</em></strong></span> <span class='ocrx_word' id='word_1_692' title='bbox 2414 5863 2475 5876; x_wconf 92' lang='lat'>..</span> <span class='ocrx_word' id='word_1_693' title='bbox 2523 5860 2536 5875; x_wconf 92' lang='lat'>.</span> 
     </span>
    </p>
   </div>
   <div class='ocr_carea' id='block_1_84' title="bbox 3474 5930 3554 5944">
    <p class='ocr_par' dir='ltr' id='par_1_84' title="bbox 3474 5930 3554 5944">
     <span class='ocr_line' id='line_1_86' title="bbox 3474 5930 3554 5944; baseline 0 0"><span class='ocrx_word' id='word_1_694' title='bbox 3474 5941 3478 5944; x_wconf 46' lang='grc' dir='ltr'>ι</span> <span class='ocrx_word' id='word_1_695' title='bbox 3508 5930 3554 5941; x_wconf 39' lang='lat' dir='ltr'>ev&quot;</span> 
     </span>
    </p>
   </div>
  </div>
