4042 6392
422 350 559 415 1;)13
1679 352 1993 414 OPERUM

2074 353 2432 414 LECENSIO.
3537 354 3670 420 10H

491 460 662 531 Κυρῷ
691 461 914 532 Ἰωάννη
947 462 1023 533 τῷ
1067 463 1338 532 Κομνηαιῷ
1369 461 1461 514 ἐπὶ
1495 465 1560 532 τῇ
1596 463 1824 536 δευτέρᾳ
1851 464 2213 530 Κασταμόνος
2251 463 2453 518 ἁλώσει
2477 461 2577 533 (8),
2603 463 2697 516 καὶ
2727 463 2998 532 Γάγγροις.
3035 462 3234 518 Dontno
3277 463 3477 519 Joanui
3504 462 3629 517 Com
3649 494 3670 504 -

419 571 552 608 neno
577 563 692 623 post
715 556 996 609 secundum
1015 556 1444 623 expugnationem
1469 555 1799 608 Castamonis
1852 568 1897 610 et
1933 555 2010 609 Ca

1485 555 1799 608 Sastamonis
1852 568 1897 610 et
1933 555 2179 625 Cangraz.
2214 555 2253 608 P
2319 554 2430 609 Καὶ
2455 556 2580 610 τάδε
2610 573 2725 621 σου,
2757 557 3081 626 μεγάλαθλε.

488 651 578 720 Τῷ
600 650 964 720 αὐτοκράτορι
990 651 1067 720 τῷ
1103 653 1167 704 ὲκ
1202 652 1426 721 Περσῶν
1457 651 1749 722 νικητικῶς
1804 653 2078 721 ἐπανῆκον

2075 671 2154 706 ιτι.
2199 652 2511 718 Imperatori
2560 669 2678 706 cum
2710 669 2772 708 ex
2823 652 3000 708 Persis
3037 654 3202 708 victor
3231 653 3440 708 rediret.
3471 651 3530 704 P.
3561 651 3671 705 Πά-

413 743 496 796 λιν
528 743 676 812 ἀγὼν
714 745 830 805 τοῖς
862 744 1139 814 ῥήτορσιν.

505 835 597 898 Είς
625 836 803 906 γάμον
840 833 1124 904 βασιλικὸν
1181 838 1409 900 παιᾶνες
1447 836 1539 890 τοῦ
1570 837 1765 905 δήμου.
1805 833 1869 887 In
1931 838 2101 902 nuptia

2072 838 2139 888 ias
2192 836 2520 904 imperatoris
2553 851 2764 906 pteanes
2799 837 2996 904 pepuli.
3021 836 3083 890 P.
3121 835 3329 909 Σκίρτα
3357 836 3453 889 καὶ
3483 835 3668 898 πάλιν,

415 927 457 978 Β
474 925 701 990 λζαντίς.

485 1019 578 1080 Εἰς
595 1018 786 1088 ἕτερον
825 1017 1001 1088 γάμον
1027 1017 1308 1090 βασιλικὸν
1338 1021 1568 1081 παιᾶνες
1601 1021 1714 1082 τοῖς
1761 1019 1971 1088 δήμοις.
2033 1019 2081 1074 It

2074 1038 2097 1074 η
2127 1020 2264 1074 alias
2306 1020 2519 1088 nuptias
2577 1020 2910 1089 imperatoris
2963 1037 3170 1089 preanes
3221 1019 3422 1088 populi.
3469 1018 3529 1074 P.
3561 1019 3670 1074 Καὶ

412 1111 577 1164 πάλιν
602 1112 702 1180 μὲν
726 1111 1009 1182 ἐπιδημῶν
1035 1113 1167 1181 ἡμῖν
1194 1113 1300 1165 ἀπὸ
1321 1114 1419 1182 τῆς
1444 1113 1643 1184 μάχης.
3659 1125 3662 1128 ’

483 1208 575 1276 Τῷ
610 1207 978 1278 αὐτοκράτορι
1008 1207 1335 1279 Ἰωάννῃτῷ
1376 1208 1670 1279 Κομνηνῷ.
1709 1209 2022 1276 Imperatori
2054 1209 2079 1263 J

1860 1210 2022 1262 ratori
2054 1209 2252 1263 Joanni
2295 1209 2578 1265 Comneno.
2616 1212 2680 1266 P.
2709 1212 2902 1265 Πολλοὶ
2928 1212 3036 1266 τῶν
3061 1211 3456 1282 λατρευόντων.

481 1302 572 1372 Τῷ
602 1303 969 1374 αὐτοκράτορι
998 1305 1344 1374 ἐξερχομένῳ
1375 1304 1517 1357 κατὰ
1541 1304 1768 1372 Περσῶν
1799 1303 1859 1356 τὸ
1883 1294 2076 1356 δέκατο

2075 1322 2130 1358 ιν.
2164 1304 2483 1371 Imperatori
2506 1307 2706 1360 decima
2735 1307 2843 1361 vice
2879 1307 3069 1361 bellum
3097 1305 3274 1362 Persis
3312 1307 3577 1376 inferenti.
3613 1305 3671 1360 P.

411 1397 709 1468 BipGapOt,
743 1399 1206 1468 σκυθρωπήσατε.

485 1490 608 1543 Alii.
641 1488 703 1544 P.
737 1485 807 1542 Ὦ
843 1491 1064 1561 βασιλεῦ
1092 1493 1351 1562 ἀήττητε.

483 1580 787 1652 Εξσιτήριοι
843 1583 935 1634 ἐπὶ
965 1585 1030 1648 τῇ
1089 1581 1464 1652 νυμφευοείσῃ
1499 1580 1902 1650 ὲξἈλαμανῶν
1963 1581 2040 1650 τῷ
2106 1583 2611 1654 Πορφυρογεννήτῳ
2645 1583 2799 1654 κυρῷ
2849 1581 3106 1653 Μανουὴλ
3146 1583 3242 1635 καὶ
3295 1581 3674 1651 σεῦαστοκρά-

411 1689 532 1741 τορι
567 1673 664 1741 (9).
696 1672 763 1728 In
799 1676 1037 1743 ingressu
1064 1690 1267 1741 sponste
1291 1689 1354 1726 ea:
1385 1673 1804 1727 Alamannorum
1842 1685 1989 1742 gente
2023 1674 2090 1726 ad
2140 1673 2688 1743 Porphyrogennetam
2718 1673 2966 1728 damnum
3020 1672 3315 1728 Manuelem
3341 1683 3390 1727 et
3443 1677 3677 1728 sebasto-

412 1774 697 1819 oratorem.
732 1764 794 1819 P.
830 1767 944 1818 Οὐκ
970 1766 1141 1830 ἔστιν,
1163 1767 1286 1818 οὐδὲ
1311 1766 1536 1832 γέγονεν
1566 1765 1725 1828 ἄλλος
1749 1767 2196 1835 αὐτοκρατόρων.

493 1853 821 1925 Ἱλαστήριοι
849 1857 927 1918 είς
957 1855 1047 1908 τὸν
1079 1858 1317 1924 Χριστὸν
1343 1857 1417 1918 ὡς
1448 1857 1555 1909 ἀπὸ
1581 1855 1867 1926 βασιλέως.
1900 1855 2084 1924 Propit

2076 1857 2270 1910 tiatorii
2305 1857 2374 1909 ad
2405 1856 2696 1913 Christum.
2729 1857 3026 1928 Imperator
3054 1858 3310 1926 loquitur.
3340 1856 3400 1912 P.
3437 1855 3672 1928 Κοίρανε

412 1951 765 2020 παμμεδέων.

487 2046 663 2100 Aliud.
691 2046 752 2100 P.
797 2045 884 2111 Ὠς
911 2043 1036 2114 εὖγε
1068 2046 1174 2100 τῶν
1197 2051 1305 2100 σῶν
1333 2047 1555 2118 δωρεῶν
1589 2047 1992 2118 παντοκράτορ.

498 2142 808 2210 Ἐπιτάφιοι
833 2141 907 2210 τῷ
941 2143 1448 2212 Πορφυρογεννήτῳ
1485 2142 1578 2193 καὶ
1607 2141 1818 2209 βασιλεί
1853 2140 2006 2210 κυρῷ
2037 2140 2266 2209 Ἰωάννῃ
2296 2142 2374 2210 τῷ
2428 2142 2729 2212 Κομνηκῷ,
2761 2142 2835 2205 ὡς
2878 2142 2986 2194 ἀπὸ
3015 2140 3108 2194 τοῦ
3139 2142 3421 2210 κειμένου.
3476 2137 3670 2205 Sepul-

413 2235 582 2290 crales
613 2235 670 2288 in
697 2231 1247 2304 Porphyrogennetam
1278 2245 1325 2288 et
1357 2235 1722 2303 imperatorem
1771 2234 2024 2288 domuum
2071 2233 2332 2289 Joannem
2367 2233 2708 2288 Comnenunt.
2745 2235 3031 2304 Defunctus
3072 2233 3328 2302 loquitur.
3379 2229 3440 2285 P.
3465 2230 3670 2300 Ὀφρύς

417 2330 646 2402 βροτῶν,
687 2331 781 2384 καὶ
809 2331 978 2398 τύφος
999 2329 1229 2397 ἀρχικοῦ
1262 2330 1522 2400 κράτους.

486 2419 837 2490 Πρόγραμμα
884 2421 963 2482 είς
1003 2420 1092 2473 τὸν
1128 2420 1291 2475 αὐτὸν
1342 2421 1534 2488 τάφον,
1589 2421 1850 2493 ἡρωϊκόν.
1899 2420 2082 2491 Progn

2073 2437 2248 2476 amma
2295 2422 2350 2474 in
2405 2423 2538 2476 idem
2595 2421 2912 2490 sepulcrum,
2967 2419 3252 2474 heroicum.
3289 2415 3349 2470 P.
3402 2415 3572 2471 Τίπτε
3601 2430 3668 2486 με

411 2513 739 2583 ἀμφάφαας.

489 2605 806 2660 lambicum.
837 2606 894 2661 P.
928 2609 1124 2674 Ζητεῖς
1152 2626 1216 2678 με
1245 2611 1336 2660 τὸν
1376 2611 1651 2681 κριδόέντα
1685 2612 1814 2682 χοῦν
1846 2607 1947 2666 ὧδε
1989 2609 2134 2677 ξένε.

492 2698 584 2761 Είς
609 2698 701 2752 τὸν
721 2699 894 2767 τάφον
927 2698 1019 2753 τοῦ
1056 2701 1459 2773 αὐτοκράτορος
1481 2704 1733 2758 Ἰωάννου
1759 2705 1853 2758 τοῦ
1890 2707 2083 2775 Κομνη

2071 2703 2200 2775 ινοῦ.
2231 2705 2299 2760 In
2328 2705 2626 2771 sepulcrum
2655 2705 2987 2774 imperatoris
3040 2702 3269 2760 Joannis
3299 2701 3573 2757 Comneni.
3605 2697 3667 2753 Ρ.

427 2788 613 2860 Ὁρᾷς,
643 2789 834 2858 Θεατὰ,
864 2792 965 2863 τὴν
986 2793 1363 2864 προκειμένην
1403 2796 1606 2853 πλάκα.

484 2879 830 2935 Νουθετικοί.
867 2883 1243 2940 Admonitorii.
1279 2885 1338 2939 P.
1381 2886 1510 2958 Ἔχε
1539 2887 1645 2959 πρὸ
1663 2889 1884 2942 πάντων
1912 2890 2006 2942 τοῦ
2034 2889 2077 2942 Θ

945 2885 1243 2940 ’monitorii.
1279 2885 1338 2939 P.
1381 2886 1510 2958 Ἔχε
1539 2887 1645 2959 πρὸ
1663 2889 1884 2942 πάντων
1912 2890 2006 2942 τοῦ
2034 2889 2170 2942 Θεοῦ
2204 2889 2371 2958 φόϐον
2405 2890 2541 2954 ξένε.

487 2971 976 3044 Προσφωνητήριοι
1006 2978 1088 3039 είς
1109 2977 1202 3031 τὸν
1240 2980 1414 3048 μέγαν
1447 2979 1748 3033 ἀπόστολον
1779 2982 2010 3036 Παῦλον.
2054 2983 2083 3034 Α

2073 2981 2370 3036 Ulocutorii
2412 2983 2468 3035 in
2501 2997 2750 3052 magnum
2803 2979 3094 3050 apostolum
3140 2978 3388 3034 Paulum.
3431 2975 3492 3030 Ρ.
3521 2977 3669 3030 [lau-

410 3065 503 3121 λον
529 3069 871 3138 άειδώμεσθα
905 3071 1043 3124 Θεοῦ
1066 3075 1263 3143 στόμα.

487 3159 652 3215 Pares
681 3162 733 3214 in
770 3161 1082 3233 Gregorium
1115 3163 1452 3238 Theoiognm.
1488 3169 1548 3222 P.
1588 3169 1878 3239 Θεολογίης
1910 3169 2053 3238 μέγα

997 3181 1082 3217 um
1115 3163 1452 3238 Theoiogum.
1488 3169 1548 3222 P.
1588 3169 1878 3239 Θεολογίης
1910 3169 2053 3238 μέγα
2086 3167 2288 3239 κράτος
2309 3167 2591 3236 ἀείσομαι.

489 3254 650 3309 Pares
680 3257 735 3310 in
764 3268 1004 3312 sanctum
1040 3258 1321 3315 Basiliam.
1355 3263 1412 3317 P.
1441 3265 1834 3319 Καππαδοκῶν
1871 3265 2085 3317 Βασίλει

865 3268 1004 3312 ctum
1040 3258 1321 3315 Basiliam.
1355 3263 1412 3317 Ρ.
1441 3265 1834 3319 Καππαδοκῶν
1871 3265 2149 3317 Βασίλειον
2182 3265 2458 3332 ἀείσομαι.

487 3346 652 3405 Pares
677 3351 732 3404 in
764 3362 1003 3406 sanctum
1026 3353 1286 3410 Joannem
1317 3356 1770 3429 Chrysostomum.
1807 3361 1865 3415 Ρ.
1898 3362 2083 3430 Χρυσο

1341 3356 1770 3429 Ihrysostomum.
1807 3361 1865 3415 Ρ.
1898 3359 2242 3430 Χρυσολόγον
2272 3359 2412 3428 μετὰ
2434 3358 2574 3410 τοῖσι
2603 3355 2937 3426 λιγαίνομαι.

487 3444 653 3503 Pares
689 3449 742 3502 in
769 3447 1080 3519 Gregorium
1115 3451 1438 3522 Nyssenum.
1469 3455 1529 3511 P.
1558 3459 1856 3528 Γρηγόριον
1883 3457 2083 3527 μετέπε

967 3452 1080 3505 ium
1115 3451 1438 3522 Nyssenum.
1469 3455 1529 3511 P.
1558 3459 1856 3528 Γρηγόριον
1883 3457 2181 3527 μετέπειτα
2207 3455 2563 3526 κασίγνητον.

487 3539 654 3596 Pares
688 3543 743 3597 in
771 3558 1009 3599 sanctum
1049 3546 1352 3600 Nicolaum.
1389 3549 1447 3602 P.
1480 3544 1678 3602 Οἷκτον
1706 3549 1847 3619 ἀτὰρ
1881 3547 2083 3616 μετέπε

949 3563 1009 3598 tm
1049 3546 1352 3600 Nicolaum.
1389 3549 1447 3602 P.
1480 3544 1678 3602 Οἷκτον
1706 3549 1847 3619 ἀτὰρ
1881 3547 2180 3616 μετέπειτα
2203 3547 2545 3616 λιγαίνομαι.

487 3638 579 3700 El;
602 3637 694 3693 τὸν
755 3640 910 3708 ἆγιον
959 3641 1166 3709 Πέτρον
1220 3645 1644 3713 σταυροὺμενον.
1707 3644 1780 3697 De
1829 3655 2013 3698 sancio
2074 3645 2083 3695 λ

2074 3644 2228 3696 Petro
2280 3644 2424 3696 cruci
2450 3645 2624 3714 aﬂixo.
2669 3642 2727 3696 P.
2767 3641 2857 3713 Τῷ
2910 3641 3156 3715 Δεσπότῃ
3190 3643 3288 3713 μὲν
3315 3637 3458 3713 ἦσαν
3491 3645 3540 3699 οι
3573 3645 3670 3698 πόα

413 3730 502 3794 δες
526 3733 699 3786 κάτω.

487 3827 578 3890 Είς
603 3825 702 3898 τὴν
729 3827 1038 3884 κοινωνίαν.
1076 3829 1140 3883 1η
1171 3830 1604 3887 communionem.
1643 3829 1705 3884 P.
1735 3829 1807 3881 Σὺ
1841 3829 1909 3896 τῇ
1940 3827 2190 3898 τραπέζῃ
2217 3826 2326 3881 τῶν
2361 3825 2497 3880 Θεοῦ
2529 3825 2864 3896 μυστηρίων.

487 3920 582 3984 El;
600 3923 700 3991 τὴν
732 3923 1058 3994 σταύρωσιν,
1091 3924 1281 3995 ήρῷοι.
1310 3924 1374 3978 1η
1407 3925 1807 3993 cruciﬁxionem
1833 3923 2046 3975 heroici.
2079 3922 2083 3974 J

1226 3943 1281 3978 κ.
1310 3924 1374 3978 1η
1407 3925 1807 3993 cruciﬁxionem
1833 3923 2046 3975 heroici.
2079 3921 2138 3975 P.
2163 3922 2254 3991 Μὴ
2281 3921 2344 3973 σύ
2373 3938 2465 3990 γε,
2496 3920 2822 3990 ἀγριόθυμε.

488 4012 800 4084 Μονόστιχα
831 4018 911 4080 είς
933 4017 999 4070 τὰ
1037 4018 1164 4089 τέλη
1202 4018 1312 4071 τῶν
1339 4019 1579 4089 ἑκάστης
1621 4017 1839 4088 ἡμέρας
1873 4017 2371 4086 μνημονευομένων
2399 4017 2456 4068 ὲν
2485 4015 2592 4085 ὅλῳ
2627 4015 2706 4084 τῷ
2740 4015 2852 4067 ἔτει
2916 4014 3088 4081 ἁγίων
3145 4011 3664 4080 συνεκφωνουμένου

418 4104 634 4158 καὶτοῦ
667 4107 958 4177 ἐπωνύμου
1003 4111 1098 4163 τοῦ
1134 4111 1364 4181 ποιητοῦ
1393 4115 1504 4175 τοῖς
1532 4112 1590 4164 ὲν
1622 4111 1840 4179 ἑκάστῳ
1876 4112 2008 4181 μηνὶ
2057 4110 2343 4180 ἀρκτικοῖς
2386 4108 2494 4160 τῶν
2546 4107 2781 4179 πρώτων
2819 4105 3016 4176 στίχων
3056 4103 3365 4174 στοιχείοις.
3403 4103 3666 4157 Monasti-

416 4197 512 4247 cha
543 4198 597 4250 in
627 4214 855 4266 sanctos,
890 4201 981 4270 qui
1004 4201 1222 4269 singulis
1249 4202 1429 4255 diebus
1455 4219 1547 4271 per
1572 4212 1742 4256 totum
1787 4203 1984 4256 annum
2019 4207 2514 4263 commemorantur,
2545 4213 2787 4264 expresso
2819 4198 3024 4251 nomine
3053 4205 3102 4250 et
3142 4195 3447 4267 cognomine
3487 4204 3670 4248 aucto-

418 4296 494 4347 ris
567 4295 623 4348 in
676 4295 954 4364 cujuslibet
1008 4298 1199 4352 mensis
1262 4299 1555 4366 primorum
1616 4314 1861 4351 versuum
1917 4299 2014 4350 init

2071 4297 2218 4351 rlibus
2281 4296 2498 4349 litteris.
2550 4293 2610 4348 P.
2649 4293 2752 4344 Τὸν
2803 4289 3102 4362 Συμεὼνην
3175 4291 3239 4341 ὲκ
3275 4288 3470 4343 στύλου
3505 4289 3667 4352 πόλος

417 4391 596 4461 φέρει.
622 4391 898 4464 Leguntur
931 4394 1147 4448 tandem
1174 4393 1442 4449 Theodori
1479 4391 1962 4462 Ptochoprodromi
1988 4392 2232 4446 carmina
2268 4390 2482 4459 politica
2516 4391 2582 4442 ad
2617 4387 3018 4441 Emmanuelem
3045 4383 3382 4439 Comnenum
3420 4386 3668 4458 Porphy-

417 4495 768 4558 rngennetam
798 4487 851 4541 in
881 4501 1061 4540 mores
1095 4487 1483 4540 monachorum
1509 4485 1593 4539 sui
1623 4483 1882 4553 temporis
1915 4497 2013 4535 non

2072 4481 2170 4536 sine
2220 4481 2334 4535 sale
2381 4489 2432 4534 et
2463 4480 2732 4533 acumine.
2768 4478 2826 4532 P.
2878 4477 3172 4550 Τολμήτας
3200 4475 3462 4547 ἀναφέρω
3495 4496 3578 4532 σοι
3608 4479 3668 4530 τὸ

416 4581 619 4650 κράτος
654 4579 890 4635 δέσποτα
921 4597 1046 4647 μου,
1085 4578 1138 4633 in
1175 4579 1371 4647 quibus
1408 4593 1468 4634 se
1499 4575 1836 4648 professione
1871 4589 2012 4628 mone

1085 4578 1138 4633 in
1175 4579 1371 4647 quibus
1408 4593 1468 4634 se
1499 4575 1836 4648 professione
1871 4574 2194 4628 monachum
2228 4573 2399 4628 fuisse
2432 4571 2649 4627 fatetur.

981 4695 1172 4764 Ὅμως
1201 4695 1396 4747 ἐκεῖνοι
1429 4693 1702 4763 γράφουσι
1739 4689 1927 4764 σοφῶς.
1954 4691 2049 4764 καὶ
2081 4690 2241 4764 κατὲι-
2254 4689 2430 4755 λόγον,

987 4757 1198 4833 Ὥσπερ
1233 4764 1386 4832 σοφοὶ
1411 4757 1504 4815 καὶ
1536 4757 1764 4831 ῥήτορες
1787 4757 2022 4833 ’ἐγὼ-δ’
2061 4760 2158 4833 οὐχ
2189 4757 2360 4833 οὕτως
2389 4757 2604 4828 γράφω.

986 4835 1090 4886 Καὶ
1119 4828 1227 4904 γάρ
1254 4828 1620 4904 ἀγράμματός
1649 4828 1765 4904 ε’ίμι
1795 4831 1891 4904 καὶ
1917 4828 2430 4904 νέοςᾎρακενδύτης,

983 4905 1092 4957 Καὶ
1129 4899 1365 4974 μοναχὸς
1391 4899 1499 4955 τῶν
1529 4899 1766 4954 εὐτελῶν
1795 4902 1904 4952 τῶν
1940 4899 2107 4969 μηδὲν
2138 4899 2512 4967 κεκτημένων.

489 5018 549 5075 Ni
576 5023 696 5090 quis
734 5022 875 5075 hunc
904 5021 1176 5075 diversum
1209 5035 1332 5075 esse
1364 5035 1394 5074 a
1423 5017 1702 5086 superiore
1747 5015 2133 5070 autumaverit.
2193 5015 2250 5067 Et
2284 5013 2398 5066 lucc
2431 5014 2648 5083 quidem
2703 5029 2824 5068 cum
2864 5015 3140 5070 nonnullis
3167 5015 3289 5070 aliis
3321 5015 3665 5084 poematibus

417 5115 640 5168 minoris
670 5113 923 5168 momenti
958 5112 1142 5165 videre
1173 5114 1416 5181 contigit.
1447 5112 1673 5166 Exstant
1700 5110 1860 5164 etiam
1893 5107 1944 5160 in
1977 5106 2232 5160 Bavaricn
2279 5105 2545 5159 Monacliii
2582 5105 2702 5162 cod.
2738 5105 2828 5169 66,
2865 5106 3122 5161 Theodori
3156 5105 3436 5160 Prodromi
3487 5123 3663 5162 versus

417 5205 640 5272 aliquot.
675 5204 738 5258 Et
773 5205 824 5257 in
876 5203 1018 5273 regia
1050 5203 1221 5256 sancti
1257 5201 1556 5267 Laurentii,
1596 5199 1857 5254 Theodori
1891 5197 2174 5251 Prodromi
2203 5196 2508 5258 explanatio
2541 5196 2909 5265 grammatices
2963 5195 3304 5264 Moschopuli,
3332 5195 3400 5251 de
3429 5211 3530 5264 qua
3564 5213 3665 5253 nos

417 5310 601 5365 supra.
648 5297 711 5352 In
735 5311 960 5350 canones
990 5295 1193 5350 Cosmte
1219 5307 1266 5348 et
1293 5293 1537 5346 Joannis.
1568 5291 1635 5345 In
1667 5292 1828 5346 libros
1877 5291 2230 5358 posteriorum
2260 5287 2583 5341 Aristotelis.
2618 5286 2684 5340 In
2726 5286 2988 5342 Psalmos.
3040 5287 3226 5341 Versus
3259 5287 3426 5356 aliqui
3465 5288 3577 5358 (10)
3608 5290 3665 5344 in

485 5447 561 5524 (8)
600 5448 938 5518 Epltrtemius
970 5463 1022 5502 ν.
1052 5446 1191 5503 5887
1221 5457 1274 5501 et
1307 5446 1469 5502 3912.
1515 5446 1581 5500 A.
1604 5446 1671 5500 Μ.

1639 5447 1671 5500 l.
2097 5441 2228 5532 Istic
2248 5441 2483 5532 9115761;
2501 5442 2746 5527 χάρισιν
2767 5440 3104 5532 ὡραϊσμένξτ
3177 5513 3196 5532 ⁸
3225 5511 3235 5526 ι

597 5511 934 5624 Ephraamius
967 5557 1020 5610 in
1049 5553 1292 5609 Manuele
1314 5555 1592 5609 Comneno
1617 5569 1667 5610 γ.
1696 5555 1827 5608 4121
1860 5571 1874 5608 :

2095 5516 2217 5580 Οὐχ
2241 5511 2424 5581 ἧττον
2454 5512 2490 5578 ἣ
2537 5512 2814 5580 σώματος
2841 5511 2960 5578 ὥρᾳ
2991 5511 3090 5564 καὶ
3111 5511 3359 5566 πλάσει.
3390 5512 3529 5566 A.M.

2165 5624 2277 5692 (10)
2315 5625 2370 5678 1η
2431 5625 2694 5678 Vaticana
2727 5624 2948 5691 quidem
2987 5623 3310 5678 bibliotheca
3340 5640 3444 5678 non
3496 5624 3657 5690 aliqui

420 5695 523 5758 Ὃς
551 5696 647 5748 καί
677 5694 964 5762 συνήφθη
991 5694 1141 5762 πρὸς
1176 5693 1368 5764 γάμου
1392 5695 1731 5749 κοινωνίαν.

2092 5696 2184 5750 sed
2235 5697 2458 5764 plurimi
2510 5695 2640 5746 mihi
2672 5693 3029 5747 occurri-bant
3067 5694 3345 5764 Prodromi
3381 5709 3570 5751 versus
3595 5696 3659 5750 de

427 5763 528 5828 Ἐξ
560 5765 906 5833 Ἀλαμιινῶν
934 5763 1338 5834 εὐγενεστάτη
1369 5765 1516 5832 κόρη

2090 5763 2245 5821 Novo
2270 5782 2330 5819 ac
2367 5763 2559 5820 Vetere
2587 5764 2955 5819 Testamento.
2990 5764 3054 5823 A.
3087 5763 3159 5819 Μ.
