4042 6398
396 354 534 425 101⁸1

1654 322 1973 392 OPEBUM
2008 317 2410 386 RECENSIO.

3520 294 3652 363 1018

458 475 569 526 κα’.
608 460 716 519 Τοῦ
754 459 939 517 αὐτοῦ.
970 456 1331 526 Ἀμάραντος,
1377 450 1412 521 ἢ
1444 447 1698 517 γέροντος
1744 443 1967 510 ἔρωτες.
1999 435 2049 495 Α
2076 434 2173 487 τοῦ
2201 428 2605 501 αὐτοκράτορος
2637 419 2827 492 κυρίου
2859 413 3111 471 Ἰωάννου
3175 409 3269 467 τοῦ
3330 407 3648 480 Κομνηνοῦ.

2185 523 2218 526 ⁷-
2353 522 2377 526 -
2457 520 2470 526 -
2550 515 2577 526 ··
2650 515 2688 526 ·-
2731 513 2743 526 ο
2870 512 2881 526 ι
2972 509 2997 526 Α
3040 504 3173 526 θυαε
3228 499 3648 526 -1-η....-....ι-,.

455 560 564 635 κβ’.
594 558 701 615 Τοῦ
732 554 921 610 αὐτοῦ.
946 552 1089 605 Βίων
1118 546 1319 618 πρᾶσις
1348 541 1646 611 ποιητικῶν
1686 536 1781 589 καὶ
1816 532 1966 586 πολιαι

385 655 577 713 τικῶν.

461 754 568 817 κγ’.
597 743 705 800 Τοῦ
756 742 948 797 αὐτοῦ.
1000 738 1174 807 Λόγος
1205 738 1285 799 είς
1314 733 1403 788 τὸν
1433 724 1783 797 πατριάρχην
1815 718 1971 770 Κων-

388 837 884 897 σταντινουπόλεως
910 833 1097 902 κύριον
1137 828 1416 897 Ἰωάννην.

462 930 561 987 κδ’.
594 929 698 983 Τοῦ
730 925 919 981 αὐτοῦ.
944 922 1196 994 Μονῳδία
1226 922 1306 982 εἰς
1335 917 1425 969 τὸν
1453 905 1972 982 Πορφυρογέννητον

389 1025 489 1083 καὶ
524 1019 1033 1090 σεϐαστοκράτορα,
1073 1016 1265 1085 κύριον
1295 1006 1638 1079 ’Δνδρόνικον
1684 1000 1775 1053 τὸν
1823 999 1972 1064 Κομ-

395 1119 580 1189 νήνον.

466 1215 563 1263 κε’.
596 1205 705 1261 Τοῦ
763 1203 952 1258 αὐτοῦ.
1010 1196 1261 1269 Μονῳδία
1316 1196 1396 1257 είς
1424 1192 1518 1246 τὸν
1551 1185 1815 1242 σεϐαστὸν
1870 1181 1969 1237 καὶ

389 1301 704 1371 λογοθέτην,
735 1299 928 1368 κύριον
957 1292 1257 1363 Γρηγόριον
1282 1288 1374 1340 τὸν
1401 1280 1766 1354 Καματηρόν.

462 1365 579 1459 κζ’.
609 1365 718 1444 Τοῦ
771 1365 961 1447 αὐτοῦ.
1015 1382 1268 1455 Μονῳδία
1315 1379 1397 1442 είς
1444 1376 1534 1429 τὸν
1570 1365 1979 1441 Ἀγιοθεοδωρί-

390 1500 494 1555 την
538 1482 728 1550 κύριον
756 1477 1133 1533 Κωσταντῖνον
1145 1510 1159 1526 .

471 1570 580 1633 κζ’.
614 1549 724 1622 Τοῦ
765 1564 951 1625 αὐτοῦ.
995 1559 1391 1629 Ἐπιθαλάμιος
1449 1556 1562 1618 τοῖς
1604 1549 1700 1607 τοῦ
1756 1550 1980 1617 εὐτυχε-

394 1661 594 1723 ςτάτου
623 1657 905 1727 Καίσαρος
936 1654 1094 1715 υίοτς.

467 1749 576 1823 κη’.
605 1748 712 1802 Τοῦ
749 1744 939 1801 αὐτοῦ.
987 1740 1278 1811 Ἐπιστολὴ
1308 1735 1597 1806 Θεοδώρῳ.

472 1842 578 1899 κθ’.
612 1840 720 1895 Τοῦ
756 1836 947 1891 αὐτοῦ.
976 1834 1070 1906 Τῷ
1097 1832 1267 1903 αὐτῷ.

468 1933 534 1997 λ’.
562 1933 653 2002 Τῷ
677 1930 883 1994 Λίξικι.

469 2023 575 2079 λα’.
606 2021 699 2091 Τῷ
725 2019 894 2090 αὐτῷ.

474 2116 577 2187 λβ’.
605 2114 718 2168 Τοῦ
747 2110 939 2170 αὐτοῦ.
964 2110 1055 2181 Τῷ
1076 2106 1258 2178 Μυτᾷ.

476 2208 582 2278 λγ¹.
611 2207 701 2278 Τῷ
726 2204 901 2275 αὐτῷ.

467 2298 563 2353 λδ’.
592 2297 684 2368 Τῷ
711 2294 886 2366 αὐτῷ.

470 2389 563 2447 λε’.
602 2388 787 2458 Στίχοι
821 2383 1099 2451 ἐπιτάφιοι
1157 2378 1235 2450 τῷ
1292 2370 1638 2447 μεγαλονίκῳ
1694 2369 1983 2440 Πορφυρο-

399 2481 651 2552 γεννήτῳ
681 2456 778 2532 καὶ
805 2475 1054 2547 βασιλεῖ,
1084 2467 1261 2540 κυρίῳ
1290 2466 1514 2534 Ἰωάννῃ
1546 2461 1624 2533 τῷ
1680 2456 1983 2531 Κομνηνῷ,

399 2572 480 2633 ὡς
498 2571 608 2625 ἀπὸ
632 2568 728 2624 τοῦ
761 2567 1038 2639 κειμένου.

475 2662 588 2729 λς’.
613 2664 966 2733 Πρόγραμμα
994 2658 1076 2720 είς
1103 2654 1196 2709 τὸν
1224 2650 1391 2711 αὐτοῦ
1419 2649 1589 2718 τάφον
1617 2643 1878 2717 ήρωϊκόν.

478 2753 579 2819 λζ’.
632 2755 858 2825 Ἕτερον
906 2749 1250 2821 πρόγραμμα
1313 2744 1393 2805 είς
1454 2741 1545 2793 τὸν
1598 2736 1759 2799 αὐτὸν
1816 2733 1988 2802 τάφον

479 2847 583 2922 λη’.
625 2846 958 2918 Ἰλαστήριοι
989 2844 1069 2907 είς
1106 2839 1199 2894 τδν
1226 2834 1486 2907 Χριστὸν,
1518 2833 1595 2894 ώς
1629 2830 1740 2884 ἀπὸ
1764 2825 1859 2881 τοῦ
1893 2825 1989 2895 βα-

410 2940 605 3004 σιλέως
624 2954 640 2972 ο
672 2938 864 3010 ήρῷοι.

478 3032 584 3088 λθ’.
617 3031 712 3094 Εἰς
746 3029 805 3083 τὸ
837 3026 991 3085 αὐτό.
1024 3024 1311 3096 Ἰάμόειοι.

486 3132 561 3197 μ’.
589 3081 909 3192 Ἐπίτάφίοι
938 3081 1005 3193 τή
1038 3081 1358 3188 μαικαρίτιδι
1393 3102 1988 3182 βασιλίσσηῬωμαίων
2015 3121 2059 3179 c
2168 3111 2275 3174 ξςι,
2312 3101 2422 3159 Τοῦ
2457 3097 2649 3153 αὐτοῦ,
2705 3091 2799 3153 Et;
2830 3084 2923 3140 τὸν
2953 3081 3210 3152 Ἀϐραὰμ

410 3218 643 3289 Εἰρήνῃ,
677 3215 753 3277 ώς
787 3211 895 3266 ἀπὸ
922 3211 1021 3279 τῆς
1050 3205 1340 3278 κειμένης.

490 3286 615 3380 μα’.
645 3306 739 3367 Εἰς
767 3302 896 3365 τούς
945 3302 1141 3362 παῖδας
1190 3298 1284 3351 τοῦ
1342 3290 1864 3365 Πορφυρογεννήτου
1899 3286 1993 3349 καὶ

418 3379 923 3469 σεϐαστόκρατορος
958 3391 1151 3465 κυρίου
1185 3388 1483 3453 Ἰσαακίου,
1514 3385 1590 3449 ώς
1624 3384 1731 3438 άπὸ
1765 3379 1858 3435 τοῦ
1898 3379 1996 3451 βα-

418 3497 631 3559 σιλέως.

493 3586 602 3660 μβ’.
642 3585 734 3657 Τῷ
782 3583 1045 3654 λογοθέτῃ
1119 3578 1297 3648 κυρίῳ
1345 3575 1604 3644 Στεφάνῳ
1650 3572 1728 3642 τῷ
1781 3570 1994 3640 Μέλητι

418 3676 810 3748 ἀπολογητικοὶ
867 3674 963 3728 ἐπὶ
1000 3675 1068 3744 τῇ
1125 3667 1481 3742 ὑπερημερίᾳ
1533 3666 1632 3735 τῆς
1686 3667 1768 3728 είς
1830 3663 1996 3716 αὐτὸν

418 3772 711 3837 ἐλεύσεως.

496 3862 607 3936 μγ’.
642 3864 738 3927 Εἰς
767 3861 938 3930 τάφον
962 3857 1056 3913 τοῦ
1087 3855 1490 3927 αὐτοκράτορος
1520 3850 1714 3921 κυρίου
1742 3846 1994 3902 Ἰωάννου

418 3956 513 4017 τοῦ
543 3952 852 4026 Κομνηνοῦ.

498 4049 602 4119 μδ’.
634 4047 741 4099 Τοῦ
770 4042 959 4098 αὐτοῦ.
985 4041 1165 4110 Στίχοι
1204 4038 1398 4115 ήρῷοι,
1433 4036 1513 4098 είς
1541 4034 1642 4105 τήν
1676 4031 1999 4103 βασίλισσαν

422 4144 622 4214 κυρίαν
660 4140 919 4211 Εἰρήνην,
952 4136 1049 4206 τὴν
1076 4132 1401 4194 Δούκαιναν,
1432 4127 1528 4180 ἐπὶ
1552 4125 1628 4196 τῷ
1658 4123 1877 4192 θανάτῳ
1901 4120 1997 4175 τοῦ

423 4233 928 4302 σεδαστοκράτορος
958 4223 1075 4279 υίοῦ
1106 4222 1297 4291 αὐτῆς.

498 4322 599 4397 με’.
638 4323 746 4376 Τοῦ
782 4319 969 4374 αὐτοῦ.
1007 4318 1099 4388 Τῷ
1130 4309 1635 4385 Πορφυρογεννήτῳ
1664 4305 1759 4360 καὶ
1789 4303 2001 4375 βασιλεῖ

424 4393 601 4486 κυρίῳ
640 4411 864 4483 Ἰωάννῃ
880 4410 958 4481 τῷ
989 4403 1286 4483 Κομνηνῷ,
1321 4402 1415 4453 ἐπὶ
1435 4400 1501 4469 τῇ
1535 4397 1738 4451 ἁλώσει
1758 4393 1857 4462 τῆς
1889 4393 2003 4445 Κα-

428 4507 717 4577 σταμόνος.

501 4598 622 4667 μς’.
658 4596 768 4651 Τοῦ
810 4593 1001 4649 αὐτοῦ.
1033 4591 1127 4651 Εἰς
1179 4587 1278 4660 τὴν
1339 4581 1661 4653 σοφωτάτην
1716 4578 2002 4647 Πορφυρο-

425 4694 689 4762 γέννητον
740 4687 834 4743 καὶ
896 4684 1318 4751 Καισσάρισσαν
1381 4680 1580 4745 κύριαν
1631 4671 1834 4724 Ἀνναν
1901 4666 2001 4735 τήν

425 4784 751 4849 Δούκαιναν,
788 4779 919 4850 περὶ⁵
950 4776 1058 4829 τῶν
1091 4770 1308 4827 ἑαυτοῦ.

503 4875 612 4949 μζ’.
645 4874 755 4930 Τοῦ
816 4848 1009 4929 αὐτοῦ.
1043 4868 1399 4939 Πρόγραμμα
1433 4862 1517 4923 είς
1568 4853 1856 4911 κοντάκιον
1879 4848 2002 4919 ἔχον

428 4969 593 5041 σχέδη
614 4967 711 5021 τοῦ
745 4964 938 5035 κυρίου
981 4956 1341 5031 Ἰωαννικίου.

503 5036 617 5131 μη’.
653 5057 763 5112 Τοῦ
820 5054 1010 5111 αὐτοῦ.
1064 5051 1159 5114 Εἰς
1219 5048 1393 5116 τάφον
1429 5037 1754 5097 Ἀθανασίου
1798 5036 2005 5105 ἡσυχα-

430 5152 582 5217 ᾳτοῦ,
616 5151 793 5221 στίχοι
826 5143 1210 5214 ἐπιτιμητικοὶ
1243 5132 1652 5207 τυμϐωρύχοις.

507 5240 618 5311 μθ’.
661 5217 769 5292 T06
799 5233 991 5290 αὐτοῦ.
1039 5230 1166 5285 Ἐπὶ
1204 5226 1468 5295 ἀποδήμῳ
1492 5223 1562 5291 τῇ
1589 5217 1764 5288 Φιλίᾳ.

504 5306 570 5385 ν’.
604 5328 714 5382 Τοῦ
746 5325 937 5380 αὐτοῦ.
984 5314 1399 5393 Σχετλιαστικοὶ
1447 5315 1527 5376 είς
1578 5309 1676 5379 τὴν
1715 5306 2003 5377 Πρόνοιαν.

500 5426 604 5477 να’.
635 5421 743 5473 Τοῦ
775 5418 962 5471 αὐτοῦ.
993 5413 1150 5467 Κατὰ
1181 5408 1506 5480 φιλοπόρνου
1531 5403 1721 5475 γραός.

503 5512 604 5583 νβ’.
637 5509 745 5563 Τοῦ
790 5506 984 5563 αὐτοῦ.
1041 5503 1200 5558 Κατὰ
1259 5495 1675 5570 μακρογενείου,
1720 5493 2009 5555 δοκοῦντος

430 5599 574 5667 εἶναι
598 5601 686 5655 διὰ
713 5599 872 5653 τοῦτο
896 5596 1084 5666 σοφοῦ.

505 5693 607 5765 νγ’.
636 5692 743 5746 Τοῦ
800 5689 989 5749 αὐτοῦ.
1036 5689 1345 5759 Ἕκφρασις
1377 5685 1467 5739 διὰ
1502 5680 1702 5752 στίχων
1752 5675 2008 5749 ἡρωϊκῶν

433 5792 535 5875 τῆς
563 5789 658 5851 ἐπὶ
704 5790 773 5866 τῇ
808 5784 1011 5841 ἁλώσει
1069 5784 1170 5856 τῆς
1220 5779 1585 5851 Κασταμόνος
1633 5771 2009 5855 προελεύσεως

2147 523 2240 578 νδ’.
2274 499 2385 575 Τοῦ
2411 515 2602 573 αὐτοῦ.
2650 513 2831 583 Στίχοι
2863 504 3180 563 ὑποθετικοὶ
3225 504 3306 566 είς
3339 499 3654 555 Παυσανίαν

2074 611 2483 672 ὰπολιθωθέντα
2528 607 2617 661 διὰ
2664 604 2757 658 τὸν
2792 602 3021 657 θάνατον
3048 594 3141 649 τοῦ
3189 591 3308 646 υἱοῦ
3348 591 3513 646 αὐτοῦ
3544 590 3653 643 Πέ-

2071 724 2225 779 τρου.

2150 802 2249 850 νε’.
2280 794 2386 847 Τοῦ
2418 788 2606 846 αὐτοῦ.
2637 788 2733 851 Είς
2765 784 2827 840 τὸ
2847 782 3000 838 αὐτό.

2147 886 2261 953 νς’.
2295 888 2389 949 Εἰς
2417 887 2477 938 τὺ
2504 884 2654 937 αὐτό.

2145 979 2245 1047 νζ¹.
2280 979 2386 1033 Τοῦ
2418 977 2607 1032 αὐτοῦ.
2646 969 2994 1026 ’Υποθετικοὶ
3024 967 3115 1020 ἐπί
3146 983 3251 1019 τινι
3296 960 3655 1034 ἐκϐρασθέντι

2076 1075 2175 1146 τῆς
2207 1072 2488 1139 θαλάσσης
2526 1067 2707 1138 ἄχειρι
2743 1062 2945 1132 νεκρῷ.

2147 1163 2363 1235 νη’.Τοῦ
2387 1161 2577 1215 αὐτοῦ.
2605 1160 2698 1222 Εἰς
2719 1159 2809 1211 τὸν
2837 1154 3067 1227 μοναχὴν
3095 1150 3282 1222 κύριον
3301 1144 3655 1200 Ἰωαννίκιον.

2146 1259 2247 1313 νθ’.
2280 1255 2389 1309 Τοῦ
2419 1252 2612 1307 αὐτοῦ.
2642 1252 2888 1320 Αίνιγμα
2915 1249 2995 1309 είς
3024 1245 3122 1315 τὴν
3151 1240 3409 1309 νεφέλην.

2152 1352 2216 1417 ξ’.
2244 1348 2352 1402 Τοῦ
2381 1345 2575 1400 αὑτοῦ.
2623 1342 2749 1396 Ἐπὶ
2776 1340 2856 1410 τῷ
2889 1339 3053 1407 γάμῳ
3087 1334 3183 1387 τοῦ
3240 1328 3359 1384 υἱοῦ
3388 1327 3482 1382 τοῦ
3527 1341 3662 1379 παν·

2081 1440 2496 1515 υπερσεὸάστου
2532 1435 2723 1508 κυρίου
2755 1431 3077 1499 Νικηφόρου
3107 1426 3203 1480 τοῦ
3247 1418 3527 1493 Φορδηνοῦ
3561 1434 3661 1471 κυ-

2082 1542 2201 1615 ρίου
2224 1536 2469 1604 Ἀλεξίου
2494 1549 2507 1564 ·
2542 1536 2600 1587 ἐν
2619 1531 2878 1600 τμήμασι
2901 1526 3068 1578 πέντε

2155 1634 2258 1701 ξα’.
2289 1630 2399 1684 Τοῦ
2435 1625 2630 1688 αὐτοῦ,
2685 1626 2780 1687 Εἰς
2816 1621 2914 1691 τὴν
2948 1618 3042 1671 ἐπὶ
3080 1617 3146 1685 τῇ
3184 1610 3389 1667 ἁλώσει
3429 1609 3524 1679 τῆς
3547 1607 3666 1660 Κα-

2084 1699 2351 1796 σταμόνος
2373 1721 2644 1776 ἐπινίκιον
2669 1716 2898 1787 πρόοδον
2921 1711 3014 1764 τοῦ
3040 1706 3444 1776 αὐτοκράτορος
3470 1699 3666 1770 κυρίου

2119 1789 2352 1873 ῐωάννου
2405 1809 2719 1882 Κομνηνοῦ,
2756 1804 3056 1871 δεκάστιχα
3104 1794 3387 1858 πολιτικὰ,
3435 1793 3549 1852 τοῖς
3577 1789 3664 1859 δή·

2096 1926 2241 1983 μοις,
2275 1908 2335 1961 ἐν
2363 1904 2626 1974 τμήμασι
2662 1898 2986 1969 τριάκοντα.

2160 2000 2263 2074 ξβ’.
2297 1973 2413 2053 Τοῦ
2462 1973 2654 2050 αὐτοῦ.
2701 1991 2789 2051 Ὠς
2835 1988 2944 2041 ἀπὸ
2981 1986 3082 2054 τῆς
3117 1980 3328 2042 πόλεως
3370 1973 3669 2042 δεκάστιχσ

2093 2062 2488 2166 παρακλητικὰ
2519 2085 2597 2155 τῷ
2626 2080 2996 2150 αὐτοκράτορι
3043 2075 3178 2143 περὶ
3223 2070 3285 2123 τὸ
3316 2066 3545 2121 καθίσαι
3584 2062 3672 2131 ἐφ’

2094 2164 2343 2260 ἅρματος
2373 2185 2487 2245 τοῖς
2516 2180 2736 2249 δήμοις,
2763 2175 2821 2227 ἐν
2852 2171 3107 2239 τμήμασι
3138 2164 3294 2216 δέκα.

2162 2253 2264 2347 ἐγν.
2300 2274 2407 2331 Τοῦ
2442 2270 2639 2326 αὐτοῦ.
2664 2269 2758 2331 EE;
2798 2259 3173 2329 είκονισμένον
3211 2257 3303 2307 τὸν
3332 2253 3464 2323 βίον.

2282 2366 2393 2421 Τοῦ
2446 2362 2642 2419 αὐτοῦ.
2694 2358 3007 2424 Μονόστιχα
3035 2350 3286 2419 Ἰαμίῐεῖα
3316 2346 3395 2407 είς
3426 2341 3498 2395 τὰ
3542 2338 3674 2407 τέλη

2092 2430 2203 2519 τῶῦ
2234 2461 2477 2529 ἑκάστης
2526 2454 2745 2525 ἡμέρας
2804 2440 3303 2518 μνημονευομένων
3346 2437 3403 2487 ἐν
3451 2432 3560 2502 ὅλῳ
3594 2430 3675 2499 τῷ

2095 2558 2207 2613 ἔτει
2241 2520 2444 2623 ἁγίων,
2464 2520 2977 2613 συνεμφαινομένου
3010 2532 3104 2585 καὶ
3131 2528 3225 2583 τοῦ
3250 2524 3546 2592 ἐπωνύμου
3576 2520 3675 2573 τοῦ

2096 2611 2325 2719 ποιητοῦ
2357 2611 2470 2704 τοίς
2495 2640 2553 2692 ἐν
2592 2611 2807 2700 ἑκάστῳ
2833 2627 2962 2699 μηνὶ
2986 2621 3271 2694 ἀρκτικοῖς
3296 2616 3409 2669 τῶν
3441 2611 3678 2683 πρώτων

2096 2706 2327 2809 στοίχων
2385 2728 2699 2800 στοιχείοις.
2751 2721 2877 2791 Μὴν
2934 2713 3318 2783 Σεπτὲμόριος
3376 2708 3490 2779 ἔχει
3541 2706 3672 2778 ἡμέ-

2134 2849 2198 2894 ας
2219 2808 2296 2881 λ’.
3683 2808 3690 2817 ‘

2100 2850 2261 2989 page":
2282 2867 2401 2972 ⁸Τοῦ
2431 2911 2617 2969 αὐτοῦ.
2650 2907 2834 2975 Στίχοι
2873 2898 3142 2970 Ἰαμϐεῖοι
3201 2895 3282 2959 είς
3326 2894 3423 2956 τὰς
3458 2891 3528 2962 ιβ’
3558 2889 3678 2958 ἐορ-

2096 2988 2195 3080 τάξ
2223 3012 2317 3068 τοῦ
2348 3007 2538 3080 κυρίου
2570 3001 2729 3073 ἡμῶν
2754 2992 2930 3067 Ἰησοῦ
2967 2988 3231 3061 Χριστοῦ.
3422 3044 3429 3053 ο

3259 3077 3545 3146 ξενίζοντα
3576 3075 3679 3147 τὴν

2095 3202 2258 3270 ἁγίαν
2287 3193 2519 3265 Τριάδα.

2160 3294 2259 3361 ξζ’.
2293 3288 2402 3344 Τοῦ
2438 3283 2626 3340 αὐτοῦ.
2668 3281 2763 3344 El;
2793 3276 2886 3331 τὸν
2924 3268 3216 3327 δακτύλιον
3254 3264 3453 3334 ἔχοντα
3483 3276 3674 3331 σφραο

2093 3351 2243 3462 γῖδα,
2285 3381 2529 3455 ἐρῶντας
2560 3375 2628 3445 β’,
2659 3371 2756 3426 καὶ
2788 3368 2899 3424 ἀπὸ
2925 3364 3035 3419 τῶν
3070 3358 3311 3429 στέρνων
3370 3353 3553 3409 αὐτῶν
3582 3351 3679 3405 δύο

2095 3445 2292 3548 δένδρα
2318 3445 2710 3539 ἐκπεφυκότα,
2743 3462 2843 3516 καὶ⁸
2903 3458 2986 3518 είς
3041 3455 3139 3507 ἓνα
3166 3445 3679 3518 ’συγκορυφούμενα

2097 3565 2403 3638 κόρυμϐον.

2169 3625 2270 3729 '53".
2306 3655 2414 3707 Τοῦ
2448 3647 2635 3705 αὐτοῦ.
2667 3636 3079 3715 Σχετλιαστικοὶ
3131 3634 3226 3686 ἐπὶ
3266 3633 3334 3703 τῇ
3364 3628 3559 3700 ἀτιμία
3583 3625 3679 3681 τοῦ

2097 3748 2280 3801 λόγου.

2198 3764 2280 3800 ου.

2162 3764 2271 3903 ἔθ’.
2307 3837 2401 3898 Είς
2430 3835 2524 3887 τὸν
2572 3830 2756 3900 Βαρέα
2783 3827 2878 3881 τὸν
2932 3817 3474 3889 καταφλυαρήσαντα
3507 3809 3678 3865 αὐτοῦ

2100 3933 2162 3985 τὸ
2194 3929 2287 3982 τοῦ
2316 3923 2601 3998 αἱρετικοῦ
2627 3922 2821 3989 ὖνομα.

2172 4022 2238 4077 0'.
2271 4020 2430 4076 Κατὰ
2459 4014 2820 4087 φθονούντων.

2171 4122 2274 4172 οα’.
2305 4109 2653 4168 Νουθετικοί.

2172 4206 2272 4277 οβ’.
2308 4204 2436 4258 Ἐπὶ
2474 4201 2654 4269 κήπῳ.

2176 4271 2277 4370 ογη
2312 4300 2525 4368 ’Υμνος
2555 4292 2634 4360 τῷ
2685 4285 2901 4360 βασιλεῖ
2939 4281 3116 4354 κυρίῳ
3151 4277 3380 4347 Ἰωάννῃ
3410 4271 3490 4344 τῷ
3526 4272 3679 4341 Κομ-

2108 4368 2255 4461 νηνῷ
2283 4390 2375 4442 ἐπὶ
2404 4389 2472 4457 τῇ
2505 4379 2745 4454 Χριστοῦ
2780 4377 3035 4447 γεννήσει
3075 4372 3184 4432 τοῖς
3217 4368 3431 4438 δήμοις.

2034 4453 2079 4508 D
2306 4453 2516 4549 ’Ὑμνος
2672 4472 2886 4544 βασιλεῖ
2934 4467 3110 4535 κυρίῳ
3144 4460 3373 4531 Ἰωάννῃ
3400 4457 3479 4527 τῷ
3528 4456 3682 4524 Κομ-

2102 4573 2251 4645 νηνῷ
2283 4572 2376 4625 ἐπὶ
2396 4571 2464 4640 τῇ
2494 4565 2749 4638 βαπτίσει
2777 4557 3017 4632 Χριστοῦ
3047 4557 3160 4617 τοῖς
3188 4553 3406 4622 δήμοις.

2177 4672 2271 4721 σε’.
2302 4662 2464 4717 Κατὰ
2492 4661 2592 4728 τῆς
2619 4657 2775 4711 νόσου
2801 4651 2993 4725 ήρῴοι.

2180 4755 2284 4822 υς’.
2320 4753 2428 4809 Τοῦ
2463 4725 2651 4806 αὐτοῦ.
2706 4745 2797 4817 Τῷ
2854 4739 3203 4815 μεγαλονίκῳ
3238 4732 3450 4805 βασιλεῖ
3504 4725 3682 4797 κυρίῳ

2118 4850 2349 4918 Ἰωάννῃ
2379 4843 2457 4914 τῷ
2485 4838 2785 4913 Κομνηνῷ,
2830 4834 2925 4889 ἐπὶ
2954 4833 3020 4902 τῇ
3058 4828 3293 4897 δευτέρᾳ
3318 4821 3680 4888 Καστάμονος

2104 4942 2331 5004 ἁλώσει,
2366 4937 2461 4991 καὶ
2484 4935 2634 5003 Γάγγ
2644 4951 2764 5003 ρας.

2173 5029 2271 5096 0C.
2304 4999 2790 5099 Προσφωνητήριοι
2848 5020 2929 5083 είς
2979 5016 3153 5088 μέγαν
3192 5005 3490 5065 ἀπόστολον
3531 4999 3681 5054 Παῦ-

2104 5125 2220 5178 λον.

2176 5222 2277 5287 οη’.
2318 5214 2539 5284 Ὅμοιοι
2570 5210 2653 5273 είς
2683 5209 2775 5262 τὸν
2815 5203 3080 5270 Θεολόγον
3119 5195 3446 5267 Γρηγόριον.

2178 5306 2273 5363 οθ’.
2309 5308 2529 5375 Ὅμοια.
2563 5305 2643 5364 εἰς
2667 5301 2842 5371 μέγαν
2872 5294 3163 5367 βασίλειον.

2176 5398 2253 5451 π’.
2294 5363 2512 5465 Ὅμοιοι
2570 5363 2680 5454 εἰς’
2718 5363 2808 5442 τδν
2853 5363 3009 5454 ἄλγιον
3038 5378 3296 5446 Ἰωάννην
3328 5373 3421 5426 τδν
3459 5363 3675 5439 Χρυσό-

2108 5506 2332 5559 στομον.

2180 5558 2296 5635 110'.
2329 5580 2545 5649 ’Όμοιοι
2580 5575 2659 5636 εἰς
2690 5569 2783 5623 τὸν
2811 5564 3077 5621 Νυσσαέα
3098 5558 3422 5632 Γρηγόριον.

2184 5671 2296 5746 πβ’.
2333 5673 2551 5742 Ὅμοιοι
2576 5669 2656 5730 εἰς
2675 5664 2767 5718 τὸν
2789 5660 2945 5729 ἅγιον
2980 5654 3271 5710 Νικόλαον.

2184 5743 2296 5836 πῖ.
2330 5763 2438 5819 Τοῦ
2468 5757 2659 5817 αὐτοῦ.
2696 5751 3091 5831 Συντακτήριοι
3126 5743 3465 5814 Βυζαντίοις.
